3838 6222
372 352 508 407 1207

1632 347 1693 401 Ρ.
1737 346 2053 402 DAMELIS
2088 347 2319 404 HUETII

3479 349 3615 403 1288

372 468 732 541 prudentique
784 481 1037 523 sermone
1094 465 1371 532 disseruit,
1427 467 1544 522 haec
1590 467 1776 521 intulit
1820 486 1834 521 :
1876 469 1943 523 de
1969 472 2014 529 Α
2114 470 2422 541 ticum)”.
2447 480 2495 523 et
2527 468 2825 541 Numeros;
2857 469 2919 527 V.
2944 470 3001 524 in
3024 470 3479 541 JosueJudices,
3517 470 3617 523 Ite-

368 560 568 627 quibus
599 558 726 612 nulli
758 558 977 612 dubium
1006 557 1372 612 estAcacium
1398 557 1658 627 pleraque
1688 558 1935 613 libasse.»

367 652 542 719 Atque
573 650 689 704 hac
718 648 1021 719 ὲξηγητικὰ
1050 648 1170 703 libr.
1198 664 1235 703 ll
1269 660 1455 702 contra
1479 647 1619 703 Cels.
1650 650 1944 704 laudantur

370 756 521 795 num.
551 740 639 803 65,
682 756 735 810 p.
765 740 888 793 457.
912 740 1189 807 Decerptis
1216 753 1247 793 e
1273 738 1410 793 libro
1437 737 1689 809 Origenis
1720 739 1774 792 in
1813 738 1943 807 Epi-

369 834 557 888 stolam
605 831 674 885 ad
737 831 908 886 Titum
966 831 1179 887 laciniis
1236 831 1583 911 locupletavit
1635 832 1942 901 Apologiam

367 943 523 981 suam
560 926 896 995 Pamphilus,
929 941 1132 997 easque
1172 926 1246 980 ita
1282 925 1723 981 commendavit:
1763 943 1783 976 ‹
1812 925 1943 991 Qum

367 1016 589 1085 quidam
622 1031 733 1069 non
769 1018 820 1069 in
851 1016 1068 1085 publico
1095 1015 1239 1070 dicta
1282 1025 1407 1070 sunt
1462 1016 1531 1070 ab
1557 1030 1644 1078 eo,
1685 1016 1736 1067 id
1764 1026 1847 1069 est
1888 1016 1939 1069 in

367 1104 644 1157 communi
673 1103 928 1159 Ecclesia:
949 1105 1245 1171 auditorio,
1280 1120 1347 1158 ne
1383 1104 1524 1159 forte
1565 1114 1781 1170 putetur
1819 1122 1942 1175 pro-

367 1202 489 1262 pter
516 1192 800 1249 audientes
832 1192 1183 1250 favorabilem
1219 1203 1435 1267 aptasse
1467 1210 1773 1251 sermonem
1801 1216 1815 1250 :
1845 1198 1939 1249 sed

369 1298 435 1338 ex
468 1283 571 1338 illis
605 1284 721 1339 haec
752 1283 902 1338 libris
932 1285 1286 1353 protulimus,
1317 1300 1454 1354 quos
1482 1287 1535 1339 in
1566 1298 1779 1341 secreto
1800 1286 1940 1355 apud

368 1372 719 1442 semetipsum
752 1373 901 1427 nullo
935 1373 1162 1429 arbitrio
1214 1374 1588 1430 intercedente
1626 1374 1881 1429 dictabat.
1915 1394 1935 1425 ›

369 1463 487 1535 (70)
522 1466 762 1534 Denique
786 1465 838 1518 in
863 1464 1158 1536 Epistolam
1181 1467 1244 1518 ad
1272 1465 1529 1521 Hebrmos
1554 1465 1940 1521 commentaria

366 1566 421 1607 et
458 1555 706 1608 homilias
734 1554 932 1610 emisit.
971 1554 1497 1609 Commentariorum
1538 1553 1852 1623 fragmentis
1886 1554 1939 1608 in

366 1645 624 1714 Apologia
662 1660 788 1699 usus
813 1654 896 1699 est
922 1644 1256 1715 Pamphilus.
1294 1644 1423 1713 Quae
1448 1645 1493 1700 si
1528 1646 1649 1715 quis
1674 1661 1737 1699 ex
1767 1644 1940 1699 homi-

368 1736 457 1791 liis
487 1736 725 1807 profecta
757 1753 878 1792 esse
904 1738 1065 1797 velit;
1100 1739 1236 1793 sciat
1264 1738 1375 1805 ille,
1414 1738 1556 1792 nulla
1600 1752 1666 1791 ex
1706 1737 1940 1791 homiliis

369 1826 673 1881 testimonia
732 1825 929 1895 Pamph

368 1917 485 1987 ipse
512 1924 789 1971 asseverat
824 1934 837 1969 :
874 1936 891 1966 ι
918 1914 1245 1985 Incipientes
1268 1915 1432 1985 igitur
1463 1916 1677 1970 indiciis
1710 1916 1939 1984 scripto-

368 2024 489 2063 rum
521 2023 740 2063 suorum
765 2009 1054 2062 ostendere
1080 2009 1207 2077 quid
1246 2008 1312 2062 de
1338 2007 1565 2077 singulis
1595 2007 1846 2068 senserit,
1871 2020 1938 2061 ex

371 2098 456 2153 his
476 2098 749 2169 praecipue
775 2096 926 2152 libris
953 2097 1261 2151 testimonia
1295 2098 1771 2167 congregablmus,
1804 2110 1941 2165 quos

370 2199 711 2246 accusatores
740 2188 856 2257 ejus
889 2204 1052 2258 quam
1088 2190 1321 2244 maxime
1360 2189 1744 2253 criminantur,
1775 2188 1826 2242 id
1859 2199 1941 2243 est

370 2297 504 2348 quos
527 2296 625 2352 per
652 2281 884 2349 spatium
908 2293 961 2334 et
988 2282 1225 2351 quietem
1261 2280 1313 2334 in
1338 2290 1548 2334 secreto
1578 2279 1936 2348 conscripsit;

371 2373 471 2425 hos
504 2372 645 2425 enim
686 2382 943 2425 asserunt
976 2372 1209 2424 maxime
1258 2386 1290 2424 a
1338 2369 1721 2439 praedicatione
1772 2370 1942 2424 eccle—

371 2462 588 2517 siastica
620 2463 944 2531 discrepare.
972 2481 991 2514 s
1042 2461 1298 2529 Quamvis
1343 2472 1523 2516 autem
1570 2462 1823 2517 homilias
1848 2463 1941 2515 ali-

372 2563 503 2623 quot
533 2567 629 2623 per
653 2554 844 2617 otium,
875 2562 931 2607 ut
958 2553 1089 2619 dixi,
1115 2552 1498 2619 lucubraverit,
1523 2554 1577 2607 in
1605 2564 1817 2608 secreto
1862 2553 1943 2607 lu-

370 2656 493 2697 men
531 2644 848 2712 conscriptte
892 2643 995 2697 dici
1038 2658 1143 2697 non
1178 2652 1419 2712 possunt,
1460 2659 1581 2711 quae
1627 2644 1694 2698 ad
1727 2644 1777 2698 id
1816 2660 1945 2699 con-

370 2731 771 2798 scribebantur,
792 2742 851 2787 ut
874 2733 1070 2803 populo
1105 2732 1356 2787 universo
1384 2734 1632 2788 audiente
1652 2734 1945 2788 recitaren-

372 2834 480 2880 tur.
534 2823 794 2880 iIomilias
842 2835 1020 2879 autem
1056 2826 1304 2895 Origeuis
1332 2825 1385 2879 in
1416 2826 1562 2879 illam
1598 2827 1663 2881 ad
1694 2825 1945 2881 Hebraeos

374 2913 669 2985 Epistulam
701 2915 899 2985 allegat
932 2916 1193 2971 Eusebius
1224 2916 1347 2973 libr.
1377 2932 1426 2970 vt
1466 2916 1607 2970 Hist.
1630 2958 1645 2981 ,
1698 2932 1816 2986 cap.
1848 2917 1939 2972 9.5.

449 3006 639 3062 Utrum
675 3007 1076 3077 Apoealypseos
1126 3009 1381 3076 mysteria
1420 3010 1715 3079 scriptione
1761 3010 1938 3078 aliqua

371 3097 729 3153 Adamantius
760 3100 1056 3169 aperuerit,
1096 3100 1365 3156 incertum
1416 3112 1533 3167 est;
1572 3111 1785 3156 constat
1812 3101 1939 3155 illud

374 3191 556 3256 modo,
584 3200 765 3246 mente
809 3192 861 3245 id
904 3192 1207 3247 destinasse
1248 3194 1450 3262 ipsum,
1478 3209 1598 3247 cum
1630 3192 1938 3248 Matthteum

374 3282 848 3349 interpretaretur,
894 3284 946 3336 in
992 3294 1211 3339 senecta
1251 3298 1443 3354 nempe
1472 3293 1666 3350 aetate;
1710 3294 1940 3340 tractatu

374 3374 592 3443 quippe.
616 3373 686 3429 30
709 3375 764 3426 in
786 3372 1015 3442 Matth,
1050 3391 1202 3428 num.
1233 3376 1301 3431 49
1334 3414 1348 3439 ,
1394 3389 1518 3444 pag.
1550 3373 1676 3439 867,
1704 3374 1940 3430 futurum

374 3466 677 3535 pollicetur,
726 3474 787 3520 ut
832 3467 898 3520 ad
931 3466 1054 3520 libri
1102 3464 1261 3533 hujus
1291 3466 1669 3521 enodationem
1700 3467 1943 3521 animum

376 3556 663 3625 aliquando
698 3557 949 3627 appellat.
991 3557 1143 3623 Quod
1191 3558 1235 3610 si
1274 3571 1423 3624 spem
1470 3556 1659 3611 fefellit
1699 3568 1943 3621 eventus,

376 3649 660 3703 consilium
724 3658 895 3704 morte
962 3658 1295 3718 peremptum
1355 3648 1698 3703 crediderim.
1762 3648 1951 3703 Tradit

376 3750 524 3795 certe
541 3741 871 3810 Epiphanius
898 3742 1032 3796 hair.
1055 3756 1206 3803 utv,
1238 3756 1357 3809 cap.
1378 3741 1433 3805 5,
1467 3749 1525 3795 ut
1553 3757 1712 3812 supra
1744 3743 1945 3797 dictum

377 3837 485 3893 est,
514 3830 844 3900 propositum
890 3830 1059 3886 fuisse
1086 3831 1303 3899 Origeni
1350 3831 1685 3902 Scripturam
1728 3833 1948 3887 univer-

375 3935 492 3975 sam
521 3936 802 3978 enarrare.

972 4011 1216 4068 SECTIO
1266 4012 1351 4069 Ill.

420 4118 489 4157 DE
539 4117 788 4158 ORIGENIS
838 4119 1154 4159 EXEGETICIS
1203 4121 1320 4169 QUAS
1370 4122 1695 4169 SUPERSUNT,
1747 4122 1918 4172 παῦε

582 4190 840 4228 ῪΕΤυδἸἹδ
872 4190 1095 4229 IPSUBUI
1128 4192 1737 4233 INTERPRETATIONIBUS.

378 4261 422 4316 l.
457 4263 532 4318 De
572 4266 845 4335 exegeticis
875 4267 929 4319 in
957 4265 1219 4334 Genesim,
1266 4268 1329 4321 ll.
1372 4266 1646 4334 Exodum,
1673 4268 1759 4323 Ill.
1799 4269 1949 4323 Levi-

2110 557 2218 609 ges,
2275 540 2358 596 Vl.
2392 540 2657 605 Psalmos,
2697 552 2747 595 et
2791 540 3116 605 Proverbia;
3170 540 3276 596 VII.
3324 540 3615 609 Canticum

2109 607 2457 672 canticorum,
2498 609 2609 664 VIII
2651 609 2869 667 Isaiam.
2906 610 2995 664 IX.
3038 609 3345 673 Jeremiam,
3371 607 3445 662 Χ.
3479 609 3619 661 Eze-

2112 680 2344 746 chielem,
2386 679 2475 733 XI.
2515 690 2565 734 et
2594 679 2817 743 Oscam;
2844 679 2960 735 XII.
3004 682 3056 734 in
3096 679 3430 740 Matt/tarum,
3476 678 3614 732 Xlll.

2114 750 2327 811 Lucam,
2371 749 2507 803 XIV.
2534 749 2792 804 Joannem
2834 760 2881 803 et
2910 751 3038 803 Acta
3064 750 3419 815 apostolorum
3446 766 3465 811 ;
3492 749 3535 801 Χ
3552 748 3615 801 ν.

2111 832 2158 873 et
2202 821 2255 872 in
2295 820 2558 888 Epistolas
2597 822 2665 875 ad
2706 821 2990 886 Romanos,
3026 820 3377 883 Calossenses,
3435 817 3619 872 Titum

2111 901 2158 941 et
2188 888 2457 941 Hebrtzos.

2110 901 2158 944 et
2188 893 2457 943 Hebrwos.

2110 979 2149 1034 Ι.
2166 981 2240 1035 Ex
2263 982 2524 1034 immenso
2541 978 2984 1049 Origenianorum
2998 980 3337 1053 ὲξηγητικῶν
3358 994 3618 1043 numero,

2040 1089 2109 1129 ne
2152 1073 2334 1127 brevis
2376 1072 2493 1126 haec
2535 1071 2777 1140 quidem,
2818 1087 2977 1140 quam
3009 1074 3402 1139 recensuimus,
3441 1073 3620 1126 series

2040 1164 2108 1217 ab
2134 1163 2329 1234 injuria
2366 1171 2666 1229 temporum
2710 1159 2809 1215 fuit
2842 1161 3135 1226 immunis;
3166 1163 3399 1217 maxima
3438 1162 3619 1231 siqui-

2039 1256 2157 1309 dem
2186 1253 2542 1324 scriptionum
2590 1251 2803 1305 illarum
2852 1267 2978 1321 pars
3024 1254 3319 1318 intercidit,
3368 1254 3511 1308 adeo
3563 1264 3622 1307 ut

2038 1359 2323 1416 perpaucae
2364 1343 2655 1398 admodum
2702 1345 2985 1399 vetustatis
3014 1343 3435 1413 subterfugerint
3474 1344 3621 1397 invi-

2040 1436 2206 1501 diam,
2245 1444 2300 1489 et
2343 1434 2491 1489 velut
2536 1434 2730 1489 lacera:
2781 1449 2812 1490 e
2854 1434 3136 1505 naufragio
3180 1434 3372 1490 tabulae
3401 1435 3479 1489 ad
3519 1450 3625 1489 nos

2039 1528 2370 1583 transmissa:
2393 1525 2518 1581 sint.
2568 1524 2800 1581 Laceras
2827 1526 2961 1591 dixi,
2991 1542 3111 1580 nam
3140 1526 3223 1580 vel
3246 1535 3537 1591 truncata,
3565 1535 3625 1580 et

2040 1632 2233 1689 magna
2266 1620 2349 1671 sui
2386 1626 2540 1685 parte
2583 1614 2846 1669 mutilatae
2874 1653 2889 1680 ,
2922 1604 3153 1669 etmale
3185 1613 3429 1668 multata:
3461 1623 3622 1673 sunt,

2039 1707 2123 1761 vel
2166 1707 2434 1777 perversis
2480 1705 3015 1774 interpretationibus
3067 1703 3401 1757 deformatze.
3460 1704 3625 1755 Atta-

938 1795 1064 1879 "um'
1135 1828 1237 1881 hoc
1292 1795 1456 1894 op'ere
1500 1826 1790 1895 protulisse
1836 1826 1936 1879 ιω
1970 1812 2013 1867 Β
2043 1812 2161 1852 men
2208 1806 2269 1853 ut
2320 1797 2371 1851 in
2421 1795 2701 1851 auriﬁcum
2738 1795 2967 1849 ofﬁcinis
3009 1796 3242 1864 pretiosa
3290 1795 3404 1865 ipsa
3453 1796 3624 1848 scobs

2040 1900 2142 1956 est,
2175 1900 2229 1945 et
2253 1890 2491 1944 studiose
2515 1888 2840 1957 colliguntur
2870 1898 3153 1955 ramenta;
3186 1888 3259 1941 ita
3290 1902 3391 1941 nos
3417 1903 3624 1941 aureas

2042 1982 2219 2051 magni
2245 1980 2493 2050 Origenis
2525 1980 2804 2050 reliquias,
2839 1980 3016 2048 quoad
3050 1979 3168 2047 ejus
3200 1979 3312 2033 fieri
3334 1979 3559 2048 poterit,
3593 1994 3627 2033 e

2044 2074 2279 2130 tenebris
2309 2088 2372 2128 ac
2413 2072 2638 2141 pulvere
2665 2073 3017 2127 vindicemus.
3056 2072 3270 2125 Initium
3314 2071 3422 2126 erit
3452 2086 3485 2125 a
3516 2072 3625 2127 Go-

2042 2168 2181 2223 nesi.
2229 2167 2380 2223 Hanc
2439 2165 2676 2220 diximus
2728 2164 3008 2234 superiore
3062 2165 3300 2219 sectione
3356 2164 3623 2221 tredecim

2041 2259 2566 2316 Commentariorum
2622 2257 2775 2311 libris
2833 2256 3001 2312 fuisse
3043 2256 3111 2311 ab
3141 2255 3371 2326 Origene
3403 2257 3628 2325 exposi-

2043 2359 2174 2404 tam.
2204 2348 2314 2421 (7I)
2346 2348 2420 2403 Ex
2446 2348 2530 2403 his
2564 2346 2861 2416 fragmenta
2891 2349 2997 2404 duo
3030 2348 3185 2403 libris
3215 2348 3325 2403 suis
3354 2347 3427 2402 De
3485 2364 3627 2415 prte-

2042 2442 2319 2512 paratione
2366 2440 2663 2510 evangelica
2699 2439 2966 2495 Eusebius
3013 2440 3280 2496 inseruit:
3325 2440 3483 2509 prius
3524 2455 3625 2494 ex-

2044 2542 2151 2589 stat
2198 2534 2321 2589 libr.
2356 2547 2452 2597 vn,
2483 2548 2602 2602 cap.
2630 2532 2723 2597 20,
2773 2542 2827 2587 et
2880 2532 3072 2601 capitis
3118 2533 3313 2601 prioris
3340 2532 3626 2588 Geneseos

2043 2640 2259 2681 versum
2328 2624 2701 2680 duodecimum
2752 2623 3019 2693 explicat;
3089 2624 3627 2680 Commentariorum

2043 2725 2220 2769 autem
2256 2724 2463 2784 partem
2509 2730 2633 2771 esse
2692 2729 2758 2770 ex
2803 2714 2942 2785 stylo
2980 2715 3226 2786 arguitur
3270 2730 3286 2769 :
3339 2717 3628 2786 posterius

2045 2806 2280 2860 illustrat
2304 2804 2500 2874 capitis
2526 2803 2769 2873 ejusdem
2804 2820 3017 2859 versum
3045 2807 3313 2859 decimum
3334 2815 3631 2875 quartum,

2038 2897 2186 2965 jacet
2211 2907 2389 2951 autem
2418 2898 2471 2951 in
2496 2897 2636 2951 libro
2666 2909 2818 2953 sexto
2849 2899 3061 2953 Eusebii
3097 2913 3214 2966 cap.
3246 2900 3333 2953 Η.
3370 2898 3486 2966 (72)
3519 2898 3628 2951 Ha-

2044 2989 2202 3043 betur
2237 2988 2404 3042 etiam
2441 2989 2493 3043 in
2525 2987 2836 3044 Philocaliaz
2872 2992 3048 3060 capite
3070 2990 3143 3044 9.2
3180 2989 3468 3060 fragmenti
3522 2992 3629 3044 hu-

2042 3081 2131 3148 jus
2157 3096 2283 3151 pars
2313 3080 2491 3151 aliqua
2517 3122 2532 3144 ,
2562 3081 2703 3136 unde
2749 3083 3007 3138 discimus
3031 3098 3060 3137 e
3086 3084 3244 3138 tertio
3282 3093 3423 3136 tomo
3453 3081 3627 3136 Com—

2044 3174 2422 3228 mentariorum
2487 3172 2739 3244 Origenis
2820 3174 3195 3245 depromptum
3271 3174 3402 3228 illud
3471 3190 3625 3231 esse.

2042 3262 2201 3317 Aliud
2249 3274 2512 3334 praeterea
2555 3265 2824 3335 reperitur
2856 3261 3169 3320 Philocalia:
3227 3280 3347 3334 cap.
3380 3264 3471 3329 14,
3529 3267 3625 3320 ubi

2044 3371 2112 3411 ex
2146 3359 2333 3412 eodem
2388 3368 2533 3411 tomo
2588 3356 2813 3426 petitum
2855 3356 2907 3409 id
2959 3371 3079 3412 esse
3125 3356 3483 3426 significatur.
3530 3356 3625 3409 'Ex

2045 3446 2308 3503 horumce
2338 3446 2597 3501 librorum
2619 3446 2933 3517 praefatione
2966 3446 3213 3517 exiguum
3234 3446 3621 3516 fragmentum,

2048 3549 2103 3594 et
2127 3540 2270 3593 aliud
2298 3554 2513 3609 quoque
2556 3554 2588 3592 e
2625 3540 2761 3594 libro
2789 3539 2962 3609 primo
2993 3539 3186 3593 recitat
3214 3536 3529 3606 Pamphilus
3568 3542 3622 3592 in

2050 3629 2411 3699 Apologetico.
2466 3628 3061 3698 ScripseratOrigenes
3104 3626 3445 3681 homiliarum
3500 3644 3625 3698 my-

2050 3723 2310 3778 sticarum
2353 3721 2407 3773 in
2433 3717 2676 3774 Genesim
2708 3720 2879 3774 libros
2920 3717 3100 3773 duos:
3140 3718 3350 3772 illarum
3404 3730 3621 3787 partem

2049 3825 2173 3866 esse
2210 3812 2597 3881 septemdecim
2626 3825 2718 3865 eas
2746 3826 2867 3880 qua:
2900 3818 3189 3879 supersunt
3219 3808 3517 3862 arbitratus
3535 3819 3627 3863 est

2051 3900 2238 3958 Sixtus
2270 3901 2546 3957 Senensis.
2587 3901 2699 3974 (73)
2730 3901 2865 3956 Huic
2888 3916 2988 3971 ego
3012 3900 3321 3969 neutiquam
3363 3900 3623 3953 assentiri

2050 4010 2269 4066 possunt
2307 4016 2323 4052 :
2356 3995 2589 4050 humilia:
2616 3996 2757 4050 enim
2789 4009 2921 4065 quas
2950 3994 3229 4056 habemus,
3274 4008 3341 4048 ex
3374 4003 3629 4063 tempore

2053 4087 2304 4141 videntur
2348 4086 2515 4142 fuisse
2552 4086 2937 4155 pronuntiatis,
2975 4095 3028 4139 et
3065 4084 3132 4138 ab
3161 4083 3413 4138 actuariis
3448 4084 3498 4136 in
3533 4083 3626 4136 lit-

2052 4188 2195 4233 teras
2246 4179 2463 4243 relatae;
2519 4179 2762 4248 mystica:
2814 4192 2942 4232 vero
2994 4176 3249 4231 meditate
3298 4189 3395 4243 per
3446 4175 3624 4227 otium

2051 4269 2364 4335 elaborata},
2415 4278 2470 4324 et
2513 4269 2580 4323 ab
2603 4267 2838 4338 Origene
2889 4267 3003 4338 ipso
3046 4267 3201 4323 editae
3248 4274 3391 4321 sunt.
3438 4262 3631 4319 Editio

452 4443 566 4513 (70)
594 4443 826 4518 Denique
870 4444 1244 4518 in‘Egistolam
1270 4449 1338 4501 ad
1362 4447 1631 4518 Hebra'os,
1679 4458 1784 4503 etc.
1816 4446 1951 4502 Fra-
1982 4456 2030 4515 1)
2056 4448 2329 4504 duximus.
2371 4448 2475 4505 Sed
2504 4457 2863 4518 praeterquam
2904 4448 3046 4517 quod
3097 4446 3232 4501 levis
3259 4454 3341 4500 est
3369 4458 3629 4518 nonnun-

381 4524 654 4587 gmentum
670 4514 914 4587 Origenis
930 4516 981 4568 in
999 4515 1290 4581 Epistolam
1321 4520 1387 4570 ad
1406 4517 1781 4582 Philemonem,
1808 4522 1945 4587 quod

381 4586 655 4652 hucusque
696 4600 763 4639 ex
813 4584 951 4658 libro
996 4597 1191 4654 quarto
1221 4587 1360 4655 Περὶ
1389 4587 1591 4658 ἀρχῶν
1633 4584 1947 4656 decerptum

381 4667 665 4777 perperam
719 4656 983 4708 creditum
1040 4666 1153 4722 est,
1210 4660 1429 4711 exhibet
1466 4656 1640 4711 etiam
1686 4659 1947 4727 Apologia

425 4723 651 4777 atuohili
697 4738 766 4777 ex
800 4726 1291 4777 manuscriolorum
1341 4727 1591 4777 codicum
1625 4729 1947 4777 auctoritate

425 4723 651 4803 amphili
697 4738 766 4778 ex
800 4726 1291 4795 manuscriptorum
1341 4727 1591 4782 codicum
1625 4723 1948 4782 auctoritate

381 4803 651 4848 restituta.

454 4862 564 4937 (7|)
607 4860 692 4915 Ea:
729 4866 811 4916 his
832 4864 1147 4937 fragmenta
1176 4866 1279 4919 duo
1309 4867 1457 4921 libris
1486 4868 1596 4921 suis
1625 4868 1700 4921 De
1741 4882 1949 4937 pracpa-

383 4934 1221 5003 rationeevangelica’Eusebius
1245 4938 1483 4989 inseruit.
1509 4934 1772 4991 Eusebius
1800 4934 1944 4990 Hist.

380 5001 688 5074 cccle_s._|ib.
736 5001 818 5068 ni,
859 5019 978 5074 cap.
1009 5007 1060 5069 1,
1109 5005 1253 5059 aliud
1304 5006 1661 5073 fragmentum
1730 5008 1948 5061 exhibet

381 5071 525 5141 quod
555 5070 829 5141 innostra
880 5070 1117 5128 editione
1150 5070 1509 5129 omittendum
1547 5091 1669 5130 esse
1715 5093 1819 5130 non
1856 5078 1948 5131 du-

381 5140 582 5216 ‘ximAus.
614 5140 876 5196 Przeterea
900 5145 1271 5216 Theodoretus
1305 5146 1359 5198 in
1399 5144 1639 5199 Genesim
1667 5158 1855 5216 qumst.
1876 5146 1948 5200 ‘20

381 5226 447 5265 ex
473 5208 861 5283 Origene_citat
888 5215 1276 5283 expositionem
1302 5230 1491 5269 versus
1510 5216 1601 5276 26,
1629 5208 1748 5283 ca'p.
1791 5231 1808 5268 ι
1844 5216 1948 5271 Ge-

385 5295 633 5355 neseos;
679 5280 973 5339 Faciamus
1028 5285 1287 5355 hominem
1330 5286 1397 5337 ad
1431 5280 1713 5355 imaginem
1759 5295 1807 5337 et
1864 5287 1945 5338 si-

384 5350 733 5404 militudinem
770 5366 1031 5420 nostram;
1093 5363 1148 5407 et
1208 5350 1630 5410 Eustathius'iu
1691 5356 1946 5409 disserta-

390 5420 637 5493 tioneiDe
682 5425 1093 5493 engastrimytho
1144 5424 1404 5478 adversus
1432 5424 1721 5493 Origenem
1772 5426 1945 5478 locum

390 5489 509 5556 ejus
533 5492 599 5545 de
632 5489 884 5561 paradiso
910 5489 1124 5547 exhibet
1164 5508 1322 5563 quem
1346 5494 1497 5547 valde
1522 5489 1811 5562 vituperat.
1846 5494 1946 5547 Ve-

384 5573 504 5613 rum
554 5577 621 5615 an
646 5564 759 5633 _duo
792 5565 905 5618 haec
952 5566 1249 5631 fragmenta
1280 5571 1544 5616 tomorum
1578 5579 1701 5633 pars
1724 5564 1942 5628 fuerint,

386 5638 578 5701 neuter
614 5631 956 5701 signiﬁcavit.
992 5635 1109 5687 Alia
1149 5635 1365 5699 insuper
1394 5634 1446 5685 in
1476 5631 1606 5687 mss.
1634 5634 1942 5688 Graecorum

385 5698 601 5771 Patrum
639 5698 692 5753 in
738 5701 978 5757 Genesim
1028 5703 1245 5757 Catenis
1273 5698 1531 5771 ’Origeuis
1588 5706 1802 5758 nomine
1835 5706 1943 5758 cir-

386 5768 775 5841 cumferuntur,
815 5788 934 5843 qua:
978 5774 1197 5830 editioni
1247 5768 1458 5843 quoque
1494 5773 1779 5832 inserenda
1824 5788 1945 5831 esse

2095 4536 2214 4572 nam
2246 4516 2575 4575 Catenarum
2606 4516 2761 4582 fides,
2794 4516 3061 4572 incertum
3089 4526 3344 4584 praeterea
3374 4524 3458 4568 est
3478 4516 3629 4569 unde

2095 4536 2214 4572 nam
2246 4533 2575 4575 Catenarttm
2606 4533 2761 4582 nues,
2794 4533 3061 4572 incertum
3089 4533 3344 4584 praeterea
3374 4533 3458 4568 εει
3478 4533 3629 4569 imae

2051 4533 2391 4658 grigeniauae
2441 4589 2707 4655 ejusmodi
2760 4588 3017 4659 symbolae
3057 4589 3108 4639 iu
3142 4585 3631 4659 Genesint___petit:n

2048 4654 2176 4718 sint:
2219 4676 2284 4711 an
2328 4678 2357 4715 e
2390 4654 2570 4723 tomis,
2603 4673 2668 4709 an
2715 4673 2745 4712 e
2778 4654 3020 4721 scholiis,
3056 4672 3122 4710 an
3151 4671 3217 4709 ex
3258 4654 3516 4718 homiliis,
3549 4672 3623 4706 an

2049 4729 2279 4798 denique
2304 4747 2369 4784 ex
2416 4729 2537 4783 aliis
2577 4730 2693 4794 ejus
2745 4730 2796 4780 in
2845 4729 3087 4782 diversos
3128 4726 3626 4798 Sgcripturassacrze

2050 4794 2217 4852 libros
2247 4799 2683 4854 Commentariis.
2724 4798 2885 4853 Certe
2916 4813 2983 4852 ex
3030 4806 3106 4851 tot
3153 4794 3466 4864 fragmentis
3498 4809 3627 4859 qua:

2049 4868 2264 4922 Catenae
2314 4870 2588 4930 exhibent,
2648 4869 2735 4920 vix
2791 4869 2896 4921 duo
2943 4878 3038 4921 aut
3096 4868 3196 4921 tria
3252 4865 3627 4932 comperimus

2048 4938 2113 4990 ad
2151 4940 2397 4993 homilias
2433 4940 2487 4991 in
2518 4936 2757 4992 Genesim
2795 4939 3085 4999 pertinere.

2121 5009 2230 5077 (72)
2258 5008 2493 5063 [labetur
2512 5013 2667 5061 etiam
2686 5008 2740 5059 in
2773 5007 3077 5077 Philocalia:
3094 5020 3213 5073 cap.
3234 5003 3306 5057 ἥ
3338 5001 3626 5077 fragmenti

2049 5071 2222 5149 hujus
2251 5095 2374 5149 pars
2409 5080 2612 5147 aliqua.
2656 5077 2885 5131 Fallitur
2926 5071 3311 5149 Boetius—cum
3339 5073 3414 5149 ait
3442 5071 3627 5149 huius

2048 5139 2328 5216 fragmeiiti
2370 5139 2575 5218 partem
2612 5156 2817 5200 tantum
2856 5149 3087 5218 aliquam
3128 5144 3311 5218 haberi
3351 5139 3623 5218 infinito-

2046 5210 2200 5271 salire
2246 5210 2636 5290 cap.'22_,gc_um
2666 5218 2837 5290 longe
2882 5210 3143 5290 prolixius
3186 5215 3255 5290 sit
3296 5210 3436 5290 is_t_ud
3509 5210 3623 5290 ira?

2047 5280 2329 5355 gmeutum'
2357 5289 2407 5342 in
2435 5286 2733 5340 Philocalia
2753 5280 2959 5354 {quam
3003 5286 3141 5353 apud
3189 5281 3484 5355 Eusebium
3498 5280 3621 5355 _nbi

2047 5350 2420 5412 desiderantur
2449 5372 2568 5425 quae
2600 5359 2653 5412 in
2682 5350 2866 5411 nostra
2901 5350 3139 5411 editione
3171 5350 3429 5415 num.12,
3465 5350 3531 5404 15
3562 5361 3625 5403 et

2048 5426 2114 5480 14
2145 5429 2509 5495 reperiuntur.

2116 5489 2226 5617 $73)
2264 5497 2406 5551 Huic
2448 5513 2539 5565 ego
2586 5496 2887 5561 neutiquam
2935 5493 3177 5547 assentiri
3210 5508 3421 5558 possum
3453 5507 3474 5545 :
3507 5489 3624 5544 Ho-

2141 5570 2205 5617 iae
2231 5570 2365 5617 enim
2389 5584 2520 5617 auas
2548 5568 2819 5617 habemus.
2846 5575 2952 5617 etc.
2986 5564 3098 5617 Non
3128 5564 3375 5617 eauidem
3403 5562 3622 5614 inﬁcias

2046 5562 2365 5621 miliw'enim
2389 5562 2520 5636 quas
2548 5568 2819 5626 habemus,
2846 5575 2952 5619 etc.
2986 5564 3098 5617 Non
3120 5564 3375 5636 equidem
3403 5562 3622 5636 inﬁcias

2044 5638 2200 5691 ierim
2252 5629 2523 5705 alias'per
2566 5638 2734 5689 otiqu
2784 5636 3040 5687 meditate
3068 5629 3393 5705 _elaborasse
3427 5629 3626 5705 Orige-

2045 5722 2192 5770 nem,
2229 5709 2363 5761 alias
2390 5700 2454 5760 ei
2483 5716 2721 5772 tempore
2753 5706 3031 5758 recitasse.
3062 5703 3164 5757 Sed
3190 5705 3329 5756 unde
3362 5700 3622 5772 habuerit

2045 5774 2273 5834 lluetius
2305 5777 2561 5847 mysticas
2586 5771 2751 5831 fuisse
2788 5775 3043 5830 meditate
3087 5788 3184 5843 per
3217 5774 3385 5829 otium
3432 5771 3623 5825 elabo-
