3838 6222
120 364 145 417 1
161 362 270 417 209

936 357 1507 415 ORIGENIANORUM
1545 356 1675 413 LIB.
1717 353 1808 421 lll,
1845 355 1997 413 CAP.
2036 356 2102 425 ll,
2139 356 2332 413 SECT.
2373 356 2456 413 ΙΙΙ.

3232 359 3363 416 1910

118 479 333 535 Merlini
366 478 697 549 Hieronymo
736 479 1007 535 tribuebat
1060 496 1245 536 earum
1295 481 1690 551 interpretatio-
1716 479 2044 549 Asupplere
2094 480 2339 550 cupimus
2367 494 2429 534 ea
2467 492 2588 549 quae
2642 477 2710 534 ab
2754 477 2989 549 Origene
3048 480 3099 535 in
3145 483 3359 535 audito-

118 588 247 626 nem
281 586 403 642 quae
455 581 779 640 supersunt;
823 574 963 628 hanc
1006 574 1197 629 Rutlno
1245 575 1427 631 deberi
1459 587 1695 645 agnove-

120 671 253 715 runt
286 662 545 717 Erasmus
580 672 636 716 et
661 661 1066 720 Genebrardus.
1117 663 1176 720 ld
1225 667 1485 736 probatur
1517 681 1583 721 ex
1617 666 1697 734 ip-

123 756 240 809 sius
270 752 496 823 Prologo
522 754 589 807 ad
621 751 908 809 Ursacium
938 773 952 808 :
986 774 1005 807 ‹
1028 755 1161 809 Nam
1193 764 1247 811 et
1267 757 1581 827 promisisse
1607 774 1694 812 me

125 846 373 911 memini,
402 855 462 899 ut
505 847 550 901 si
586 861 706 914 qua:
737 846 847 900 sint
890 848 1195 901 Adamantii
1243 849 1386 902 senis
1426 848 1477 903 in
1522 849 1692 919 legem

127 936 297 1008 Moysi
329 937 473 991 dicta
500 937 833 1008 colligerem,
879 947 1042 1008 atque
1092 954 1156 994 ea
1205 937 1399 994 Latino
1446 956 1695 997 sermone

127 1027 331 1082 nostris
352 1027 571 1097 legenda
597 1026 979 1094 transferrem;
1012 1049 1031 1081 ι
1069 1038 1124 1084 et
1148 1028 1372 1085 deinde:
1399 1048 1418 1081 ι
1445 1031 1611 1102 Igitur
1638 1041 1695 1086 ut

127 1133 347 1189 possum
400 1133 519 1187 qua:
572 1119 847 1187 iniunxisti
902 1119 1178 1190 explicare
1238 1123 1524 1177 contendo.
1574 1122 1692 1177 Jatn

125 1210 275 1265 enim
305 1224 369 1264 ex
399 1209 647 1264 omnibus
671 1225 793 1280 quae
834 1210 886 1265 in
934 1210 1054 1281 lege
1079 1212 1281 1281 scripta
1311 1213 1506 1282 reperi,
1544 1214 1693 1281 solae,

128 1308 190 1353 ut
215 1308 364 1369 puto,
394 1301 449 1354 in
478 1300 887 1355 Deuteronomio
909 1300 1105 1356 desunt
1127 1303 1500 1357 oratiunculae.
1535 1322 1554 1356 ι
1601 1305 1689 1356 At-

126 1393 222 1462 qui
257 1392 449 1447 Latine
494 1393 735 1448 redditas
770 1393 1034 1449 habemus
1084 1393 1331 1448 homilias
1371 1395 1425 1448 in
1465 1406 1697 1464 quatuor

126 1486 341 1554 priores
367 1484 536 1540 libros
566 1484 952 1550 Pentateuchi;
1003 1487 1124 1555 quis
1158 1501 1290 1557 ergo
1334 1486 1585 1541 Ruﬁnum
1619 1490 1695 1542 in-

130 1587 424 1646 terpretem
470 1579 613 1633 ausit
677 1577 941 1632 inﬁciari?
981 1579 1177 1634 Probat
1220 1581 1391 1650 ipsum
1438 1581 1540 1635 hoc
1576 1596 1695 1650 per-

125 1667 307 1721 oratio
324 1667 563 1737 subjecta
582 1668 1005 1738 interpretationi
1031 1670 1550 1726 Commentariorum
1579 1672 1700 1727 Ori-

128 1758 284 1827 genis
343 1760 400 1813 in
446 1758 739 1828 Epistulam
803 1759 872 1811 ad
916 1758 1221 1825 Romanos,
1290 1777 1451 1831 quam
1501 1761 1697 1819 Ruﬁno

1794 571 1878 626 rio
1926 572 2184 628 Ecclesia:
2243 587 2309 627 ex
2370 580 2631 642 tempore,
2686 588 2793 628 non
2861 582 2969 628 tam
3025 575 3360 645 explanatio—

1794 663 1899 727 nis.
1932 678 2094 733 quam
2121 663 2491 720 :ediﬁcationis
2547 665 2846 721 intentione
2895 677 3143 735 perorata
3188 678 3361 723 sunt:

1794 756 1933 809 sicut
1966 755 2017 808 in
2043 755 2301 819 homiliis,
2339 756 2452 811 sive
2479 756 2532 810 in
2575 754 2939 810 Oratiunculis
2965 758 3019 810 in
3050 752 3286 813 Genesim
3309 768 3365 814 et

1792 845 1849 899 in
1883 845 2129 900 Exedunt
2162 846 2406 912 fecimus,
2434 857 2486 902 et
2512 849 2783 918 przecipue
2830 848 2882 903 in
2923 849 3009 903 his
3050 864 3169 918 qua!
3199 851 3252 905 in
3295 851 3360 905 li—

1796 938 1952 993 brum
1969 938 2194 994 Levitici
2224 939 2292 995 ab
2318 940 2407 995 illo
2425 940 2640 1010 quidem
2666 940 2945 1010 perorandi
2973 941 3112 1011 stylo
3130 942 3356 1009 dictata,

1796 1045 1826 1083 a
1888 1031 2046 1086 nobis
2100 1047 2231 1086 vero
2282 1033 2608 1101 explanandi
2657 1033 2836 1101 specie
2895 1035 3152 1089 translata
3212 1044 3360 1091 sunt.

1796 1122 1966 1190 Quem
2025 1123 2266 1179 laborem
2330 1125 2658 1196 adimplendi
2710 1141 2830 1195 qum
2886 1126 3108 1181 deerant
3162 1127 3365 1182 idcirco

1796 1213 2154 1282 suscepimus,
2187 1228 2255 1269 ne
2289 1214 2515 1284 pulsata:
2546 1216 2870 1285 quaestiones
2892 1224 2946 1269 et
2978 1217 3199 1284 relictae,
3222 1217 3362 1287 quod

1801 1304 1855 1358 in
1899 1302 2229 1359 homiliatico
2259 1303 2468 1359 dicendi
2506 1319 2704 1375 genere
2732 1304 2920 1358 abillo
2949 1320 3090 1373 saepe
3123 1306 3237 1359 ﬁeri
3277 1321 3365 1360 so-

1798 1394 1892 1460 let,
1925 1393 2117 1450 Latino
2145 1395 2332 1450 lectori
2362 1394 2637 1451 fastidium
2666 1405 3006 1466 generarent.
3037 1417 3054 1449 ι
3081 1396 3363 1466 Egregium

1796 1486 2005 1541 scilicet
2035 1488 2405 1556 interpretem,
2446 1488 2512 1541 de
2558 1500 2656 1541 suo
2702 1488 2960 1558 quidquid
3012 1488 3220 1543 libitum
3272 1499 3365 1542 est

1798 1579 2132 1648 largientem.
2181 1577 2294 1649 (74)
2344 1577 2455 1634 Hoc
2515 1578 2589 1632 illi
2639 1579 2895 1635 debemus
2946 1589 3166 1642 tamen,
3224 1579 3365 1648 quod

1800 1669 2041 1740 legitimo
2077 1684 2179 1724 suo
2213 1669 2423 1724 auctori
2464 1672 2723 1726 restitutae
2752 1682 2909 1736 sunt;
2947 1687 3066 1741 quae
3094 1672 3237 1725 inter
3262 1671 3370 1742 Cyo

1806 1762 1911 1817 rilli
1937 1760 2111 1831 Opera
2140 1761 2276 1816 falso
2304 1761 2744 1816 venditabantur.
2774 1761 2962 1833 Itaque
2985 1763 3366 1829 Bellarminus,

129 1851 507 1906 ascribendam
535 1867 654 1909 esse
683 1868 783 1909 suo
817 1854 934 1908 loco
963 1854 1277 1909 docebimus
1308 1871 1322 1907 :
1359 1856 1403 1909 is
1444 1855 1495 1909 in
1538 1871 1601 1910 ea
1640 1872 1700 1912 se
1732 1844 1775 1898 Β
1803 1853 1890 1920 qui
1920 1851 2013 1906 lib.
2046 1868 2100 1905 IV
2135 1852 2209 1905 De
2238 1849 2400 1905 Verbo
2426 1851 2541 1915 Dei.
2576 1866 2690 1921 cap.
2718 1853 2805 1917 Η,
2834 1862 3087 1908 essentne
3115 1852 3367 1922 Origenis

128 1938 380 2011 Origenis
433 1944 682 2000 homilias
731 1948 786 1999 in
821 1943 1096 2010 Genesim,
1134 1946 1378 2001 Exedunt
1414 1957 1470 2002 et
1502 1946 1699 2002 Leviti-

130 2048 249 2087 cum
282 2033 470 2091 Latine
496 2038 832 2093 convertisse
862 2039 1075 2093 scribit.
1136 2038 1289 2093 Nulla
1328 2041 1509 2109 itaque
1541 2042 1700 2096 adhi-

129 2124 309 2181 benda
342 2136 425 2181 est
467 2128 600 2183 ﬁdes
652 2130 874 2197 antiquo
912 2131 1086 2185 codici
1123 2129 1462 2185 bibliotheca:
1495 2130 1698 2202 Regina,

133 2220 189 2273 in
221 2234 328 2287 quo
366 2218 450 2273 illa
488 2220 598 2288 ipsa
639 2221 706 2275 de
736 2235 842 2289 qua
876 2222 1087 2291 agimus
1129 2222 1477 2277 homiliarum
1509 2224 1702 2292 Orige-

132 2309 221 2364 nis
252 2310 308 2363 in
334 2307 575 2365 Genesim
621 2311 996 2380 interpretatio
1026 2311 1350 2383 Hieronymo
1391 2315 1699 2370 ascribitur.

132 2402 405 2459 Observet
431 2405 645 2459 interim
675 2405 865 2469 lector,
894 2414 1223 2475 postremam
1254 2408 1526 2463 homiliam
1561 2412 1702 2466 bona

133 2496 217 2550 sui
264 2506 419 2566 parte
450 2511 570 2552 esse
608 2498 942 2564 mutilatam;
978 2514 1101 2552 nam
1142 2515 1331 2557 omnes
1370 2504 1706 2571 patriarcha-

134 2604 257 2651 rum
296 2589 701 2645 benedictiones
742 2606 843 2658 pro
894 2593 1146 2648 instituto
1183 2610 1287 2649 non
1339 2598 1702 2666 persequitur,

133 2691 193 2734 et
213 2680 442 2735 solemni
470 2691 620 2736 caret
647 2684 911 2751 clausula,
944 2699 1104 2754 quam
1136 2685 1371 2741 homiliis
1389 2690 1503 2743 suis
1524 2690 1704 2744 omni-

134 2773 239 2828 bus
277 2773 541 2845 Origenes
570 2774 849 2845 imponere
882 2777 1185 2832 consuevit.

204 2866 269 2922 ιι.
302 2867 826 2922 Commentariorum
866 2870 922 2922 in
945 2867 1191 2925 Exodum
1224 2872 1449 2929 lacinias
1498 2875 1708 2944 aliquot

133 2958 398 3013 vicesimo
439 2971 594 3015 sexto
624 2958 934 3017 Philocaliw
971 2964 1131 3034 capiti
1164 2963 1392 3021 Basilius
1424 2976 1477 3022 et
1505 2966 1706 3039 Grego-

136 3052 255 3106 rius
294 3052 657 3107 itttexuerunt.
707 3053 952 3109 Ilontilim
979 3070 1107 3111 vero
1143 3059 1400 3114 tredecim
1431 3060 1484 3115 in
1516 3061 1705 3117 Latina

135 3146 378 3200 editione
414 3148 777 3202 continentur.
815 3148 1018 3204 Nomen
1061 3149 1374 3219 interpretis
1413 3153 1704 3223 ascriptum

138 3252 247 3289 non
302 3246 405 3303 est,
460 3230 554 3291 sed
603 3253 668 3293 ex
718 3238 944 3307 Prologo
990 3237 1168 3292 Rullni
1220 3240 1286 3293 ad
1320 3239 1625 3306 Ursacium,
1655 3253 1710 3298 et

135 3327 377 3399 ejusdem
406 3329 751 3399 peroratione
791 3330 857 3385 ad
886 3332 1385 3399 interpretationem
1415 3332 1709 3389 Commen-

137 3419 406 3474 tariorum
442 3417 690 3488 Origenis
724 3421 779 3474 in
812 3418 1105 3490 Epistolam
1147 3422 1216 3474 ad
1254 3421 1537 3489 Romanos,
1590 3441 1711 3496 quae

137 3524 267 3565 mox
301 3509 637 3563 laudavimus
664 3549 679 3572 ,
710 3508 1052 3563 manifestum
1084 3518 1165 3563 est
1205 3524 1309 3563 non
1342 3509 1503 3563 alium
1540 3511 1711 3566 inter-

136 3612 346 3672 pretem
373 3617 533 3671 quam
568 3601 817 3654 Ruﬁnum
860 3601 1029 3670 quaeri
1064 3602 1261 3656 debere
1302 3620 1315 3655 :
1367 3602 1416 3655 id
1460 3603 1600 3671 quod
1631 3602 1712 3658 vel

139 3711 208 3749 ex
234 3695 348 3765 ipsa
382 3695 507 3766 styli
542 3695 897 3750 similitudine
927 3694 1112 3748 statim
1155 3694 1551 3764 deprehendas.
1591 3695 1713 3750 Fal-

138 3788 273 3842 litur
314 3803 445 3857 ergo
474 3786 661 3842 Sixtus
704 3785 966 3843 Senensis
1008 3786 1337 3858 Hieronymo
1388 3789 1714 3859 interpreta-

140 3881 347 3936 tionem
382 3880 522 3934 hanc
551 3879 815 3936 tribuens.

213 3969 301 4025 Ill.
328 3972 406 4024 Ad
432 3969 927 4039 interpretationem
955 3968 1295 4023 homiliarum
1319 3968 1568 4038 Origenis
1590 3982 1713 4022 sexo

140 4063 318 4119 decim
348 4064 404 4116 in
432 4060 722 4116 Leviticum
753 4060 949 4115 Ruﬁno
980 4060 1166 4114 itidem
1194 4059 1628 4128 adjudicandam,
1662 4070 1714 4115 et

142 4153 480 4219 arguentium
532 4150 743 4207 Sixtum
798 4150 888 4222 qui
938 4164 1058 4205 eam
1096 4148 1425 4221 Hieronymo
1472 4153 1712 4216 ascribit,

142 4246 331 4301 valere
361 4246 559 4300 debent
590 4245 775 4299 eadem
800 4253 1141 4314 argumenta.
1179 4241 1426 4309 Qualiter
1445 4253 1627 4299 autem
1659 4245 1712 4299 in

143 4338 568 4410 interpretandis
602 4336 838 4391 homiliis
872 4335 1000 4401 illis,
1043 4343 1097 4389 et
1132 4349 1250 4404 quae
1279 4334 1336 4387 in
1360 4326 1623 4399 Ge’nesim,
1661 4346 1717 4389 et

144 4446 270 4502 quae
322 4428 645 4484 inExodum
689 4425 885 4483 habita
918 4433 1043 4480 sunt
1088 4439 1148 4481 se
1193 4425 1416 4495 gesserit
1467 4423 1712 4491 Ruﬁnus,

1804 1944 2029 2000 deﬁnire
2050 1957 2156 1998 non
2178 1959 2343 1998 ausus
2367 1943 2562 2008 fuerat,
2590 1945 2805 1999 easdem
2832 1945 2884 1999 in
2912 1945 3045 1999 libro
3078 1945 3153 1999 De
3188 1947 3364 2014 script.

1803 2028 1986 2092 eccles.
2022 2039 2227 2106 absque
2257 2036 2598 2091 haesitatione
2640 2037 2767 2092 huic
2789 2038 3055 2094 attribuit.
3091 2039 3239 2093 Unde
3270 2056 3368 2094 ex-

1804 2127 2108 2196 plodendus
2129 2127 2493 2182 beterodoxus
2523 2128 2765 2197 quidam,
2796 2129 2885 2197 qui
2915 2144 3008 2183 eas
3053 2130 3231 2199 posuit
3269 2146 3369 2183 nu-

1804 2234 1899 2289 per
1942 2218 2084 2272 inter
2108 2233 2271 2287 opera
2299 2217 2549 2287 Origenis
2572 2220 2930 2288 supposititia.
2964 2222 3226 2274 Caeterum
3256 2222 3369 2289 pri-

1805 2324 1949 2363 mum
1978 2306 2287 2364 Philocalt'a:
2324 2321 2483 2378 caput
2528 2312 2884 2381 fragmentum
2915 2310 3135 2367 exhibet
3162 2328 3227 2367 ex
3262 2312 3368 2367 Ho-

1804 2400 1951 2456 milia
1981 2403 2214 2457 secunda
2238 2404 2294 2456 in
2320 2401 2628 2467 Leviticum,
2664 2419 2783 2473 quae
2808 2405 3025 2474 quidem
3051 2404 3118 2459 ab
3141 2403 3370 2458 Homilia

1804 2496 2038 2551 secunda
2088 2495 2392 2551 Ruﬁnianae
2439 2497 2776 2553 collectionis
2828 2498 2986 2566 plane
3014 2498 3226 2553 diversa
3266 2507 3368 2553 est.

1806 2587 2152 2643 Decurtatam
2184 2601 2246 2643 ea
2276 2588 2542 2657 particula
2580 2600 2636 2643 et
2667 2587 2964 2644 mutilatam
2991 2604 3020 2643 a
3049 2588 3247 2644 Ruﬁno
3273 2591 3374 2644 ho-

1806 2680 2012 2736 miliam
2044 2682 2182 2735 hanc
2217 2680 2422 2750 opinati
2459 2689 2587 2735 sunt
2612 2680 2866 2748 quidam;
2901 2682 2996 2737 sed
3029 2682 3197 2736 multo
3227 2684 3372 2737 veri-

1806 2773 2034 2828 similius
2070 2782 2154 2828 est
2178 2772 2360 2841 plures
2388 2771 2555 2828 fuisse
2606 2772 2945 2827 homiliarum
2993 2774 3214 2828 istarum
3268 2772 3377 2827 eol-

1806 2856 2085 2929 lectiones,
2114 2874 2169 2919 et
2218 2864 2271 2918 in
2300 2880 2406 2917 una
2439 2865 2655 2933 quidem
2697 2865 2993 2919 secundum
3025 2865 3259 2920 tenuisse
3290 2864 3372 2919 Iou-

1808 2970 1929 3010 cum
1975 2954 2247 3009 homiliam
2281 2955 2446 3019 illam,
2496 2954 2636 3008 unde
2674 2954 2874 3024 prodiit
2901 2953 3208 3008 Pliilocaliae
3263 2952 3376 3007 fra-

1808 3054 2107 3118 gmentum,
2124 3062 2243 3117 qua:
2268 3063 2296 3101 a
2321 3046 2610 3101 Ruﬁniana
2642 3047 2956 3101 collectione
2980 3046 3236 3101 abfuerit.
3265 3045 3375 3100 Ho-

1813 3137 1988 3195 milias
2025 3138 2238 3208 quidem
2281 3140 2337 3192 in
2375 3137 2660 3202 Numeros,
2710 3153 2829 3208 quae
2885 3146 3205 3205 supersunt,
3252 3152 3283 3190 a
3318 3150 3377 3193 se

1812 3230 2064 3285 collectas
2101 3239 2155 3283 et
2181 3230 2422 3297 digestas
2446 3229 2673 3283 Ruﬁnus
2705 3231 2818 3298 ipse
2854 3230 3132 3299 praedicat,
3161 3240 3219 3283 ut
3252 3244 3378 3284 mox

1813 3323 2072 3377 dicemus.
2117 3321 2360 3377 Homiliae
2403 3323 2455 3375 in
2494 3321 2781 3376 Jeremiam
2827 3322 2895 3376 ab
2924 3320 3251 3391 Hieronymo
3278 3319 3377 3375 La-

1814 3416 1922 3470 tine
1953 3416 2194 3483 redditae,
2219 3415 2325 3470 alio
2363 3414 2554 3468 ordine
2606 3413 2661 3467 in
2696 3414 2933 3468 editione
2966 3413 3183 3477 Latina,
3212 3426 3377 3481 quam

1813 3508 1865 3561 iu
1894 3507 2168 3561 codicibus
2206 3506 2413 3563 Graacis
2451 3505 2728 3561 collocata:
2762 3514 2889 3559 sunt
2920 3524 2933 3561 :
2969 3505 3110 3575 quod
3161 3514 3214 3559 et
3250 3507 3379 3562 alibi

1815 3598 2015 3653 factum
2038 3598 2470 3653 observabimus.
2504 3600 2646 3654 Idem
2679 3599 2859 3667 itaque
2890 3597 3127 3652 homiliis
3155 3599 3212 3652 in
3240 3597 3383 3653 Levi-

1813 3691 1970 3743 ticum
1995 3691 2300 3760 contigisse,
2330 3699 2387 3745 et
2431 3705 2528 3761 pro
2556 3692 2909 3759 interpretum
2950 3690 3383 3746 studiosorumve

1813 3781 1966 3838 libitu
1995 3783 2162 3837 variis
2197 3783 2367 3837 modis
2396 3782 2563 3838 fuisse
2594 3782 2821 3838 selectas
2858 3788 2912 3835 et
2958 3780 3231 3836 ordinatas
3268 3782 3383 3836 exi-

1813 3874 2034 3928 stimare
2062 3872 2299 3942 proclive
2328 3881 2432 3926 est.

1885 3964 1972 4021 IV.
2002 3964 2081 4019 Ex
2129 3964 2355 4033 Prologu
2386 3977 2547 4032 quem
2584 3960 2814 4031 praeﬁxit
2842 3960 3071 4017 Ruﬁnus
3118 3964 3383 4030 interpre-

1819 4057 2006 4111 tationi
2046 4070 2177 4122 suae,
2209 4063 2329 4110 octo
2350 4062 2405 4107 et
2436 4054 2625 4125 viginti
2671 4052 3016 4108 homiliarum
3050 4050 3296 4123 Origenis
3328 4054 3390 4106 in

1820 4147 2108 4214 Numeros,
2143 4163 2263 4215 qua:
2301 4146 2366 4200 ad
2397 4145 2535 4200 hanc
2580 4144 2720 4200 diem
2769 4155 3074 4213 supersunt,
3099 4154 3153 4199 et
3177 4159 3240 4199 ex
3270 4146 3388 4214 ipso

1814 4242 1979 4296 etiam
2010 4240 2150 4310 ston
2204 4238 2517 4309 intelligitur
2566 4239 2913 4294 vehementer
2970 4252 3062 4293 eos
3109 4237 3242 4304 falli,
3268 4237 3395 4307 qui-

1817 4350 2030 4405 cunque
2057 4333 2217 4387 alium
2247 4333 2598 4402 interpretem
2614 4332 2894 4401 assignant
2925 4346 3085 4401 quam
3112 4329 3386 4384 Ruﬁnum.

1823 4447 1841 4480 ι
1883 4428 2245 4496 Quaecunque,
2295 4424 2489 4494 inquit,
2549 4424 2603 4479 in
2654 4422 3013 4481 Numerorum
3062 4422 3221 4490 libro,
3276 4423 3399 4476 sive

144 4524 265 4593 ipse
309 4520 547 4576 declarat
598 4519 648 4573 in
678 4517 1015 4588 peroratione
1043 4531 1166 4570 mox
1194 4514 1357 4568 citata
1389 4533 1403 4568 :
1468 4533 1488 4567 ι
1520 4513 1718 4571 Fateor
1750 4543 1794 4599 ί)
1821 4517 2154 4573 homiliatico
2205 4514 2367 4586 stylo,
2406 4514 2520 4570 sive
2551 4514 2713 4568 etiam
2749 4528 2813 4568 ex
2854 4514 2938 4570 his
2968 4528 3088 4583 quae
3124 4513 3387 4581 Excerpta

145 4626 403 4681 namque,
433 4610 647 4664 Heracli
677 4609 846 4663 frater
869 4606 1266 4673 amantissime,
1291 4606 1434 4676 quod
1457 4606 1581 4661 dum
1612 4608 1716 4662 tuis

150 4702 440 4761 desideriis
464 4700 780 4757 satisfacere
803 4701 983 4770 cupio,
1012 4698 1213 4754 oblitus
1240 4714 1358 4754 sum
1391 4714 1527 4767 pene
1558 4714 1714 4753 man-

146 4796 263 4852 dati
298 4811 405 4865 quo
446 4794 785 4864 praecipitur:
807 4791 954 4846 Onus
979 4808 1144 4860 supra
1174 4792 1308 4844 vires
1337 4801 1454 4844 tuas
1484 4807 1548 4844 ne
1575 4791 1715 4845 leva-

147 4888 291 4945 υενίε
316 4888 403 4941 ⁵ος
448 4886 693 4953 quamvis
736 4883 889 4938 nobis
928 4898 1026 4937 nec
1072 4883 1124 4936 in
1166 4882 1376 4937 caeteris
1405 4898 1524 4951 quae
1553 4894 1601 4938 te
1634 4886 1713 4937 in-

151 4982 400 5047 sistente,
436 4981 543 5034 imo
573 4976 751 5048 potius
781 4991 1005 5046 pensum
1031 4975 1209 5029 diurni
1242 4975 1419 5043 operis
1447 4976 1718 5046 exigente,

152 5074 213 5130 in
232 5072 481 5129 Latinum
505 5071 788 5137 vertimus,
828 5067 1061 5124 defuerit
1088 5065 1348 5136 plurimus
1390 5065 1559 5133 labor,
1593 5068 1720 5123 dum

226 5216 274 5249 '°
303 5215 468 5270 Eccli.
508 5230 625 5280 xm,
655 5212 710 5268 2.

157 5364 329 5416 ratas,
356 5361 412 5406 et
438 5351 503 5404 ah
538 5350 772 5419 Origene
816 5347 955 5419 ipso,
1003 5359 1109 5398 non
1142 5346 1209 5399 ab
1256 5342 1514 5419 actuariis
1541 5341 1733 5419 editas,

158 5426 214 5479 id
276 5414 406 5477 sane
463 5414 663 5474 duhito'
703 5436 770 5473 an
840 5414 1158 5486 cujusquam
1199 5414 1406 5486 veteris
1456 5414 1736 5486 scriptoris

160 5495 487 5549 auctoritate
544 5491 775 5559 probare
837 5482 1125 5559 potuisset.
1186 5484 1344 5559 certe
1397 5482 1567 5559 major
1611 5497 1735 5551 pars

161 5554 560 5631 septetndecim'
593 5554 942 5631 homiliarum
975 5557 1027 5609 in
1055 5554 1307 5631 Genesim
1339 5554 1582 5623 mysticis
1610 5567 1735 5604 sen-

163 5625 314 5689 sibus
344 5631 668 5686 enarrandis
711 5627 1063 5698 impenditur.
1108 5625 1245 5698 Quid
1286 5639 1415 5698 ergo
1464 5637 1557 5698 eas
1588 5631 1736 5676 vetat

164 5705 419 5774 mysticas
437 5702 553 5774 dici
604 5710 659 5756 et
706 5694 911 5774 partem
962 5696 1311 5767 mysticarum
1364 5694 1724 5774 homiliarum,

164 5762 802 5845 quiarum__Hieronymus
832 5769 963 5823 duos
997 5762 1577 5845 commemoratlibros
1597 5762 1639 5845 ?-
1712 5832 1724 5843 .

241 5843 353 5914 (74)
386 5842 497 5899 Hoc
518 5842 596 5897 illi
621 5833 863 5897 debemus
887 5847 1080 5905 tamen,
1108 5836 1241 5906 quod
1262 5833 1494 5906 legitimo
1518 5833 1724 5889 auctori

1826 4605 2187 4675 appellantur,
2223 4605 2424 4671 scripta
2466 4602 2787 4670 reperimus,
2833 4600 2948 4655 haec
2993 4606 3310 4668 perurgente
3339 4607 3402 4650 te

1825 4698 2130 4771 (Ursacium
2170 4691 2482 4764 alloquitur)
2518 4693 2759 4747 Retttana
2784 4701 2841 4746 ut
2874 4691 3146 4761 potuimus
3176 4703 3307 4742 voce
3324 4702 3397 4742 ex

1823 4789 2055 4845 diversis
2106 4789 2159 4842 in
2210 4803 2375 4841 unum
2424 4785 2668 4840 ordinem
2722 4786 2947 4841 collecta
2989 4781 3327 4852 digessimus.
3369 4797 3394 4830 ι

1824 4881 1936 4937 Has
1971 4894 2162 4949 nempe
2185 4894 2318 4949 quas
2349 4878 2612 4933 habemus
2646 4876 2894 4931 homilias
2910 4876 3263 4942 undecunque
3286 4869 3403 4924 col—

1825 4973 1996 5028 lectas
2022 4986 2120 5042 pro
2147 4970 2371 5026 arbitrio
2405 4986 2504 5027 suo
2539 4971 2591 5024 in
2619 4969 2861 5023 ordinem
2887 4964 3170 5035 disposuit,
3194 4961 3306 5033 (75)
3325 4962 3400 5017 si-

1838 5065 2057 5134 mulque
2085 5063 2250 5119 etiam
2277 5063 2484 5119 scholia
2514 5062 2627 5133 ipsa
2657 5058 3000 5131 permiscuit;
3028 5057 3173 5127 quod
3205 5053 3408 5110 Ruﬁno

1834 5343 2093 5397 restilutw
2112 5349 2257 5402 sunt,
2286 5352 2403 5407 quae
2433 5329 2798 5407 inleArZCyrilli‘,
2836 5337 2945 5407 etc.
2974 5322 3407 5407 _Vid_e_AdmonliT

1831 5394 2318 5467 tionemﬁnustran't
2373 5407 2438 5479 ad
2492 5394 2794 5475 ὲξήγῆτικά
2849 5402 2907 5479 ἔῃ
2962 5396 3266 5479 Leuiti_c_um,
3303 5394 3405 5479 ιυΙιὶ

1835 5462 2111 5550 iniibus"
2127 5462 2264 5533 aliis
2312 5462 2584 5550 rationum
2601 5462 2613 5471 ’
2630 5462 2916 5550 ingruentis
2942 5466 3278 5550 ostendimus
3300 5462 3402 5550 lto-

1833 5535 2012 5606 fnilias
2047 5551 2165 5604 illas
2190 5563 2309 5605 esse
2341 5545 2632 5619 genuinum
2678 5539 2955 5610 Origenis,
3001 5552 3104 5590 non
3142 5548 3271 5587 vero
3298 5535 3404 5602 (2y—

1831 5622 2314 5759 rl"(175.3;‘ginritutque
2345 5687 2505 5741 etiam
2543 5680 2744 5739 scholia
2776 5680 2889 5747 ipsa
2910 5673 3239 5801 ﬁet-miscuit.
3266 5669 3403 5724 lllml

1834 5761 1975 5801 fni-In
2007 5762 2056 5801 in
2088 5774 2250 5801 parum
2280 5766 2364 5801 est
2396 5770 2493 5801 cur
2521 5755 2574 5801 in
2603 5749 2865 5801 eiusmodi
2949 5744 3129 5801 omtlts
3154 5742 3403 5801 quaedam

1833 5742 2250 5818 fort'e'ittcausa
2280 5766 2364 5811 est
2396 5770 2493 5811 cur
2521 5755 2574 5808 in
2603 5742 3129 5821 ejustnodi__homilis
3154 5742 3403 5821 quaedam

1832 5813 2210 5901 caule—mpure
2240 5813 2646 5899 pronuntiataf
2689 5817 2949 5877 nonnulla
2989 5829 3115 5873 vero
3162 5829 3230 5872 ex
3287 5813 3406 5869 otio
