1919 3111
218 226 366 261 interprete
381 226 493 262 dlgnuut
506 232 577 258 erat.
594 227 687 258 Inanis
704 229 797 265 itaque
821 235 865 259 est
889 232 1006 261 Andreae
1019 236 1044 265 Α

218 271 308 300 Riveti
332 273 505 307 observatio,
530 278 668 303 auctorem
694 276 866 305 bomiliarum
892 278 1005 307 istarum

217 317 344 346 Latinum
360 326 422 346 esse
448 327 483 348 ex
506 327 540 348 eo
567 322 715 357 arguentis,
741 323 813 357 quod
841 323 933 351 homil.
959 325 1004 359 l2,

217 371 293 391 num.
310 364 338 397 2,
356 363 508 392 difi'erentia
523 370 631 393 notetur
649 366 719 394 inter
733 368 862 395 excudere
885 374 913 396 et
935 371 1005 397 eui-

216 410 278 438 dere
293 417 304 437 :
316 419 376 446 quae
392 411 481 439 Rufini
506 412 664 447 interpretis
685 414 878 442 munificentia:
893 421 1005 452 accepta

217 456 356 484 referenda
388 463 462 485 sunt.
484 457 676 488 Oratiunculas
693 467 758 488 vero
782 461 810 488 in
839 461 1005 491 Denterono-

215 503 296 530 mium
314 505 460 538 quominus
482 504 579 532 Latine
594 507 761 541 exposuerit,
776 509 1003 542 quemadmodum

215 549 308 577 animo
323 551 516 583 destinaverat,
530 559 604 579 mors
617 552 811 587 impedimento
823 554 882 582 fuit.

250 595 285 623 ν.
301 596 431 625 Homilias
446 597 572 632 Origenis
583 599 610 625 in
631 597 715 626 Iosue
728 606 777 627 sex
801 604 829 628 et
846 600 940 634 viginti
956 600 1005 628 La-

215 641 271 669 tina
285 641 364 670 nobis
377 643 488 670 exhibet
509 643 605 671 editio.
619 642 784 680 Hieronymo
802 644 1004 680 interpretatio-

215 695 278 716 nem
294 688 389 716 tribuit
404 689 498 717 titulus
520 688 628 725 Prologi
644 698 651 716 :
670 690 717 718 sed
733 695 787 718 tam
804 691 1003 727 interpretatio,

214 742 297 770 quam
323 735 540 770 interpretationi
575 736 702 771 praeflxus
727 736 861 773 Prologus
891 746 1004 773 prorsus

214 780 342 808 Ruﬁnum
359 786 500 809 auctorem
516 781 627 810 habent.
650 782 690 811 Ac
704 783 790 819 stylus
805 784 913 819 quidem
933 785 1003 819 stylo

212 827 384 863 superiorum
413 827 585 855 homiliarum
615 836 677 857 cum
702 830 837 857 orationis
863 836 1002 864 contextu,

215 879 272 902 tum
299 875 448 902 dictionum
467 874 573 902 delectu
593 882 723 911 perquam
751 876 850 904 similis
870 882 921 905 est.
947 876 1002 905 Nec

214 920 392 956 interpretem
415 928 444 949 se
465 922 619 949 dissimulat
638 922 695 957 ipse
718 922 832 950 Rufinus
844 923 871 951 in
884 923 1002 951 Perora-

212 966 286 994 tione
304 973 360 994 suae
379 966 614 1001 interpretationis
626 967 891 996 Commentariorum
905 969 1002 1004 Orige-

212 1012 291 1040 nisin
301 1011 448 1047 Epistulam
463 1012 497 1039 ad
507 1012 651 1041 Romanos.
664 1013 795 1050 Prologus
807 1023 915 1051 quoque
924 1016 1001 1044 Rull—

212 1058 310 1087 nianas
335 1067 440 1088 merces
454 1060 519 1089 olet.
544 1060 600 1088 Cur
626 1060 792 1097 Hieronymo
815 1061 933 1089 tributus
955 1063 1000 1095 sit,

211 1112 302 1132 causae
318 1105 343 1133 id
361 1105 444 1133 fuisse
458 1112 532 1141 puto.
547 1106 701 1142 Scripserat
720 1107 745 1134 in
761 1106 877 1142 Prologo
889 1108 1001 1136 Galeato

211 1149 396 1185 Hieronymus
420 1159 427 1177 :
449 1160 459 1177 ι
478 1151 506 1178 In
522 1151 622 1187 templo
648 1151 695 1179 Dei
710 1151 790 1180 otl‘ert
814 1154 1001 1189 unusquisque

211 1195 283 1229 quod
301 1201 404 1230 potest;
425 1196 469 1224 alii
483 1204 591 1229 aurum,
607 1202 748 1231 argentum
766 1201 795 1225 et
820 1197 923 1233 lapides
938 1206 999 1234 pre-

211 1241 296 1268 tiosos
311 1249 318 1267 :
336 1241 383 1269 alii
407 1242 518 1277 byssum
542 1246 570 1269 et
585 1249 746 1278 purpuram,
760 1248 788 1270 et
806 1249 918 1270 coccttm
934 1242 999 1271 ofl'e-

210 1291 285 1320 runt,
300 1294 328 1315 et
356 1288 561 1323 hyacintltum:
587 1288 728 1316 nobiscum
752 1289 821 1317 bene
849 1290 951 1325 agitur,
976 1292 998 1318 si

209 1334 388 1362 obtuleritnus
414 1333 498 1369 pelles
524 1339 552 1362 et
579 1341 724 1369 caprarum
741 1335 821 1371 pilos.
846 1345 856 1362 ι
883 1335 945 1364 Haec
971 1336 998 1363 in

210 1379 327 1415 Prologo
339 1388 388 1408 suo
406 1380 542 1416 expressit
566 1380 692 1413 Rufinus,
718 1385 746 1408 et
773 1380 907 1409 dilatavit.
927 1381 998 1409 Idem

208 1425 399 1455 Chromatium
416 1426 572 1461 alloquitur,
582 1434 662 1462 quem
675 1426 882 1456 Praefationibus
897 1428 955 1456 suis
971 1429 999 1455 in

210 1472 418 1507 Paralipomena
433 1477 461 1501 et
474 1473 501 1499 in
517 1472 626 1500 Tobiam
644 1472 823 1509 Hieronymus
843 1474 996 1510 compellat.

209 1518 266 1546 llos
286 1519 325 1546 illi
347 1519 440 1547 titulos
460 1519 574 1554 largitur
602 1519 737 1548 Rufinus:
756 1529 766 1546 ι
785 1520 808 1548 0
831 1520 868 1548 mi
891 1528 998 1556 semper

209 1566 376 1594 venerabilis
391 1571 470 1601 pater
484 1566 640 1600 Chromati;
657 1576 667 1593 ι
683 1567 751 1594 istos
774 1566 955 1603 Hieronymus
971 1568 995 1595 in
1011 1584 1031 1613 ο

208 1611 324 1647 Prologo
334 1611 394 1639 libri
412 1620 432 1639 ιι
446 1612 602 1640 Comment.
622 1612 649 1640 in
667 1611 793 1640 Habacuc
806 1621 816 1641 :
830 1622 840 1639 ι
856 1613 890 1641 Mi
910 1613 997 1641 Chro-

208 1659 360 1693 Inati,papa
375 1658 563 1686 venerabilis.»
573 1658 629 1695 (76)
642 1659 681 1686 Ex
699 1659 741 1686 his
755 1663 835 1686 natus
844 1667 933 1687 error.
943 1659 997 1688 Nec

209 1703 236 1731 id
253 1711 318 1733 casu
334 1709 435 1738 tamen,
454 1705 501 1733 sed
526 1705 630 1733 dolosis
650 1704 740 1732 Rufini
764 1705 870 1733 artibus
894 1704 995 1733 factum

208 1750 337 1785 conjicio,
355 1750 401 1785 qui
426 1758 488 1778 cuin
506 1757 535 1778 se
557 1749 722 1786 Origenistni
745 1750 826 1786 vulgo
841 1757 995 1787 suspectum

206 1804 279 1828 esse,
293 1801 493 1831 proptereaque
522 1797 612 1824 minus
626 1795 776 1824 vendibiles
798 1805 903 1826 merces
928 1807 995 1828 suas

207 1841 381 1876 intelligeret,
408 1841 499 1869 fucum
528 1841 647 1869 incautis
671 1840 819 1870 lectoribus
842 1842 933 1871 facere
947 1852 994 1872 vo-

205 1888 290 1916 luisse
309 1888 456 1916 verisimile
476 1892 535 1921 est;
562 1887 718 1924 Hieronymi
739 1893 828 1916 autem
844 1890 993 1918 adversarii

206 1934 248 1961 sui
265 1941 364 1962 nomen
382 1934 560 1969 praescripsit,
573 1941 627 1968 quo
642 1941 705 1961 eum
720 1940 829 1969 quoque
850 1935 878 1962 in
901 1935 994 1971 Orige-

205 1981 285 2008 nisnti
302 1980 484 2016 suspicionem
501 1985 622 2014 vocaret,
640 1988 655 2007 a
669 1988 723 2014 qtto
738 1986 790 2007 tam
807 1989 880 2017 saepe
890 1982 993 2010 doctri-

205 2034 248 2054 na:
273 2027 354 2061 hujus
380 2026 468 2053 fuerat
490 2026 661 2054 criminatus.
691 2027 747 2062 (77)
772 2026 859 2055 Simili
884 2028 993 2056 vafritie

205 2073 335 2100 adversus
348 2080 409 2100 eum
426 2080 490 2100 usus
503 2077 544 2100 est
559 2074 586 2100 in
601 2074 775 2108 peroratione
790 2074 993 2109 interpretatio-

204 2119 248 2146 nis
260 2118 523 2146 Commentariorum
538 2118 661 2155 Origenis
677 2119 705 2146 in
716 2119 867 2154 Epistulam
883 2120 917 2147 ad
938 2121 991 2148 Ro-

203 2170 348 2197 manoa.ut
363 2172 412 2192 suo
426 2164 487 2192 loco
510 2171 526 2191 a
555 2164 634 2192 nobis
656 2165 773 2192 dicetur.
791 2164 882 2192 Ruﬁni
901 2170 991 2193 autetn

203 2219 258 2239 non
279 2211 368 2238 minus
393 2211 537 2239 familiaris
561 2210 646 2239 fuisse
676 2211 783 2239 videtur
807 2210 991 2243 Chromatius.

203 2264 285 2292 quam
314 2256 483 2293 Hieronymi,
501 2262 595 2293 utpote
609 2258 753 2293 episcopus
774 2256 915 2292 Aquileiaz,
932 2264 992 2291 quae
1009 2270 1031 2297 ο

202 2303 293 2331 Rufini
309 2304 396 2339 patria
410 2303 469 2332 fuit.
484 2303 629 2332 Gratianus
641 2311 721 2331 causa
734 2303 780 2337 25,
795 2308 891 2338 quzest.
906 2303 933 2335 l,
956 2311 989 2330 ex

202 2348 311 2376 humilia
334 2348 368 2376 15
389 2348 513 2383 Origenis
538 2349 566 2375 in
582 2348 664 2375 Joaue
688 2349 777 2376 locum
802 2348 891 2382 affert,
907 2355 988 2383 quem

201 2393 333 2430 Gregorio
354 2395 477 2422 ascribit.
505 2394 607 2430 Nempe
633 2395 723 2422 locum
743 2396 815 2423 hunc
835 2395 888 2423 sibi
908 2403 990 2423 usur-

201 2446 315 2476 paverat
339 2440 498 2476 Gregorius,
526 2448 607 2477 quem
633 2441 743 2469 aliunde
767 2445 908 2477 arreptum
930 2447 991 2469 esse

1018 911 1038 938 Β

202 2530 306 2571 scripta
326 2535 353 2558 et
367 2530 635 2571 fusinspertractata
647 2531 803 2559 videantur.
822 2530 892 2571 Hinc
903 2531 986 2571 etiam

203 2567 313 2597 accidit,
328 2570 357 2593 ut
381 2566 504 2593 neutrius
521 2567 612 2602 operis
627 2571 733 2602 tempus
758 2571 833 2594 certo
850 2566 906 2601 jam
921 2566 988 2594 assi-

220 2602 276 2629 nari
293 2606 383 2629 queat.

201 2608 276 2636 gnari
293 2608 383 2636 queat.

237 2636 293 2671 (76)
310 2635 352 2663 Ea:
375 2636 415 2663 hia
442 2642 520 2663 uolua
538 2644 624 2663 error.
641 2635 697 2664 Nec
712 2637 740 2664 id
751 2645 815 2664 casu
827 2642 926 2669 tamen,
942 2635 989 2663 sed

200 2671 301 2699 doloris
329 2671 415 2706 Ruﬁni
440 2673 551 2703 artibus,
563 2677 616 2698 etc.
638 2671 703 2699 Levi
721 2672 865 2699 admodum
893 2672 989 2698 funda-

201 2712 293 2735 mento
305 2706 399 2734 nititur
414 2707 501 2735 Huetii
513 2708 681 2741 conjectura.
695 2707 766 2740 Quid
783 2707 875 2735 enim?
894 2706 932 2734 Ex
954 2714 988 2734 eo

221 2743 272 2779 uod
299 2741 480 2779 Hieronymus
498 2741 606 2779 Prolog.
632 2742 684 2779 lib.
708 2750 727 2770 ιι
754 2742 941 2779 Commentar.
958 2743 987 2769 in

221 2750 272 2770 nou
300 2750 480 2779 merouymus
498 2750 606 2777 rromg.
632 2750 680 2771 nn.
708 2750 727 2770 ιι
758 2750 941 2770 uommentar.
958 2750 987 2769 ιη

200 2750 340 2817 glabrum,
364 2780 397 2806 ad
414 2778 607 2817 Chromatiqu
632 2778 774 2817 scripserit
790 2784 798 2804 :
817 2777 880 2817 LMi
903 2778 987 2817 Chro-

201 2813 280 2844 mati.
296 2811 362 2848 papa
378 2812 550 2846 venerabilis,
564 2822 573 2838 ι
588 2813 702 2848 Rufinus
716 2813 803 2840 eidem
817 2811 984 2848 Chromatiu,

201 2848 278 2883 cujus
296 2847 350 2876 non
367 2849 457 2876 minus
474 2848 616 2883 {alitiliaris
627 2847 712 2876 fuisse
723 2849 832 2876 videtur
843 2856 867 2883 ;V
883 2847 984 2883 Huetio

201 2882 260 2918 ipso
269 2883 369 2916 judice,
383 2891 464 2920 quam
488 2882 679 2920 Hieronymus,
706 2884 809 2918 absque
822 2882 930 2920 vafritie
942 2882 985 2909 di-

201 2926 263 2946 cere
278 2926 330 2947 non
348 2919 434 2955 potuit
451 2926 458 2945 ί
479 2928 488 2945 ι
507 2918 529 2947 0
557 2918 598 2947 ιιιι⁷
612 2925 717 2955 semper
733 2918 893 2947 venerabilia
906 2921 984 2955 pater

838 171 869 201 P.
888 173 1048 203 DANIELIS
1062 175 1178 204 HUE‘I‘II

1781 182 1850 210 illi

1056 234 1206 263 Gratianus
1216 234 1360 264 advertere
1370 234 1475 266 debuit.
1490 235 1613 265 Humili:
1627 238 1769 268 vicesimz
1782 241 1850 269 insi-

1057 281 1102 316 gni
1117 285 1196 316 parte
1209 285 1318 309 constat
1328 281 1468 310 duodecim
1482 282 1639 311 Philacalic
1652 290 1744 320 caput.
1771 286 1849 315 Hanc

1056 326 1079 354 si
1094 333 1155 354 eum
1170 326 1259 354 Rufini
1272 327 1495 363 interpretatione
1507 329 1780 362 contuleris.verene
1792 333 1849 360 hac

1056 371 1083 399 in
1097 371 1204 399 laudata
1222 372 1303 400 toties
1327 374 1499 408 peroratione
1511 373 1698 404 Commentar.
1717 376 1849 412 Origenia

1055 418 1083 444 iu
1091 416 1237 453 Epistulam
1246 419 1281 446 ad
1288 418 1430 452 Romanos,
1439 420 1472 448 de
1478 428 1508 448 se
1520 422 1706 456 praetlicaverit
1717 423 1847 457 Ruﬁnus,

1057 463 1243 497 deprehendes
1263 473 1270 492 :
1286 473 1296 490 ι
1313 463 1380 492 Nam
1395 465 1440 492 illa
1453 473 1513 501 quae
1528 467 1555 494 in
1579 467 1643 496 Jesu
1660 467 1746 502 Nave,
1771 474 1802 497 et
1821 471 1850 497 in

1055 508 1181 538 Judicum
1209 510 1317 542 librum,
1334 516 1361 538 et
1389 511 1415 539 in
1440 512 1610 543 tricesimum
1633 519 1759 548 sextum,
1775 516 1850 544 etin

1057 556 1222 583 tricesimum
1236 557 1391 591 septitnum,
1403 562 1430 584 et
1446 558 1610 586 tricesimum
1625 565 1755 588 octavum
1772 562 1850 596 psal-

1056 608 1129 627 mum
1147 601 1317 636 scripsimus,
1337 602 1501 636 simpliciter
1513 604 1699 638 expressimus
1712 610 1743 632 ut
1771 606 1851 635 iuve-

1056 646 1157 679 nimus,
1171 652 1199 674 et
1222 655 1275 674 non
1304 649 1389 675 multo
1411 656 1472 675 cum
1495 648 1588 677 labore
1618 652 1823 681 transtulimus.
1838 662 1849 679 ι

1055 690 1183 718 Rufinum
1200 692 1310 726 quidem
1342 694 1575 729 interpretationis
1598 696 1678 730 hujus
1702 702 1851 726 auctorem

1056 739 1179 773 agnoscit
1196 739 1325 767 Erasmus
1345 740 1371 767 in
1392 741 1503 768 Censur.
1520 742 1564 768 lib.
1585 742 1708 778 0rigen.,
1725 748 1756 770 at
1775 743 1852 772 Prae-

1055 784 1183 812 fationem
1198 786 1341 813 confictam
1358 794 1373 813 a
1392 786 1549 821 bibliopolis
1562 793 1588 815 et
1604 790 1775 823 suppositam
1789 791 1853 818 exi-

1055 830 1157 863 stimat,
1174 830 1276 858 idcirco
1288 831 1359 865 quod
1377 832 1538 860 solcecismis
1546 838 1574 860 et
1587 835 1723 862 sermonis
1734 835 1853 871 ineptiis

1056 881 1170 909 scateat,
1183 881 1210 904 et
1227 877 1298 911 quod
1312 877 1438 905 homilias
1455 879 1521 906 istas
1534 879 1560 906 in
1573 878 1657 906 Joaue
1667 885 1852 916 extempora-

1054 924 1092 949 les
1120 929 1180 950 esse
1208 923 1351 958 significet,
1366 932 1428 951 cum
1452 925 1554 951 scribat
1571 930 1659 952 tamett
1679 927 1851 955 Athanasius

1053 967 1288 1003 diligentissimum
1307 969 1451 1004 Origenem
1466 970 1559 998 fuisse.
1570 970 1666 998 Futilia
1681 979 1750 999 sane
1767 980 1852 1008 argu-

1052 1019 1153 1040 menta.
1181 1014 1264 1047 Quasi
1292 1023 1344 1042 non
1367 1017 1519 1043 orationem
1540 1024 1617 1043 suam
1644 1017 1850 1052 stribliginibus

1052 1067 1158 1094 quoque
1184 1060 1369 1095 inquinaverit
1389 1061 1517 1094 Rufinus;
1543 1063 1619 1097 quasi
1645 1072 1697 1091 non
1716 1064 1849 1092 homilias

1051 1110 1078 1132 ct
1094 1114 1126 1132 ex
1139 1110 1257 1141 tempore
1270 1108 1483 1141 pronuntiaverit
1494 1108 1634 1143 Origenes,
1648 1115 1675 1137 et
1692 1117 1740 1144 per
1752 1111 1843 1137 otium

1052 1151 1246 1186 lucubraverit,
1264 1158 1294 1179 ut
1311 1153 1382 1180 infra
1403 1154 1662 1183 demonstrabimus.
1692 1156 1756 1183 Haec
1775 1156 1847 1183 Era-

1052 1198 1103 1225 smi
1122 1206 1236 1226 censura
1254 1201 1429 1234 quantumvis
1453 1201 1553 1236 inepta,
1577 1201 1737 1236 ineptiorem
1759 1203 1846 1230 etiam

1052 1246 1130 1272 istam
1146 1253 1160 1272 a
1181 1245 1456 1280 Magdebnrgcnsibus
1475 1247 1608 1282 expressit
1624 1247 1702 1276 Cent.
1728 1249 1757 1280 3,
1778 1255 1843 1282 cap.

1051 1291 1094 1323 10,
1116 1301 1124 1317 ι
1147 1291 1174 1318 in
1193 1292 1290 1318 librutn
1306 1291 1369 1319 Jesu
1393 1292 1465 1320 Nave
1489 1294 1606 1321 bomilire
1617 1294 1653 1321 26
1674 1300 1839 1330 supersunt,

1051 1345 1111 1371 quae
1123 1345 1174 1364 non
1191 1345 1250 1365 esse
1261 1338 1386 1373 Origcnis
1404 1339 1532 1368 Erasmus
1544 1341 1659 1376 judicat,
1672 1349 1705 1368 ea
1729 1341 1846 1369 soloeci-

1051 1384 1116 1411 stnis
1141 1385 1302 1417 dictionum,
1329 1391 1355 1412 et
1378 1386 1543 1414 locutionum
1572 1388 1790 1423 itnproprietate,
1818 1393 1847 1416 et

1051 1431 1186 1457 sermonis
1204 1430 1329 1465 ineptiis;
1346 1431 1409 1458 item
1427 1439 1459 1459 ex
1477 1432 1589 1467 singulis
1609 1433 1762 1469 allegoriis;
1785 1440 1845 1461 tum

1049 1477 1121 1510 quod
1144 1476 1326 1511 Hieronymus
1354 1477 1380 1504 in
1407 1477 1532 1513 Catalogo
1552 1480 1708 1513 scriptorum
1734 1480 1842 1507 nullam

1050 1521 1130 1556 hujus
1148 1522 1239 1556 operis
1265 1523 1432 1550 mentionem
1459 1523 1551 1552 faciat.
1566 1534 1575 1550 ι
1593 1524 1668 1557 Quod
1684 1525 1718 1552 de
1734 1525 1844 1553 Prefa-

1051 1567 1123 1594 tione
1151 1568 1220 1594 dixit
1245 1568 1382 1598 Erasmus.
1401 1569 1434 1596 de
1459 1569 1578 1597 bomiliis
1595 1570 1696 1598 dictum
1710 1571 1843 1598 arbitrati

1052 1617 1115 1639 sunt
1141 1612 1396 1649 Magdeburgenses.
1416 1614 1444 1641 ld
1463 1615 1541 1650 longe
1568 1616 1645 1644 abest
1668 1617 1702 1643 ab
1730 1616 1843 1644 Erasmi

1051 1660 1182 1686 sententia
1200 1670 1207 1687 :
1229 1668 1291 1687 nam
1310 1661 1360 1688 hoc
1389 1667 1549 1696 argumento
1569 1662 1770 1697 supposititiam
1789 1671 1843 1698 pu-

1052 1709 1090 1731 tat
1107 1705 1306 1737 Prmfationem,
1327 1714 1379 1733 non
1400 1706 1471 1740 quod
1493 1707 1620 1735 homilias
1639 1708 1706 1735 istas
1722 1707 1841 1744 Origeni

1051 1750 1118 1777 falso
1133 1750 1189 1784 ipsa
1215 1750 1343 1782 ascribat,
1359 1751 1406 1777 sed
1428 1751 1498 1785 quod
1517 1759 1548 1780 ex
1572 1757 1693 1787 tempore
1719 1752 1755 1779 ab
1780 1754 1842 1788 ipso

1052 1797 1178 1823 recitatus
1194 1796 1276 1824 fuisse
1296 1797 1399 1824 doceat.
1421 1797 1488 1824 Tum
1503 1798 1577 1825 addit
1595 1807 1601 1824 :
1616 1808 1625 1824 ι
1648 1798 1695 1826 His
1708 1799 1841 1834 adjiciam

1049 1843 1120 1877 quod
1132 1848 1160 1869 ut
1176 1843 1357 1878 Hieronymus
1370 1844 1396 1870 in
1413 1843 1538 1879 Catalogo
1556 1846 1712 1878 scriptorum
1732 1846 1841 1874 nullam

1049 1889 1128 1922 hujus
1144 1889 1235 1923 operis
1251 1889 1315 1916 facit
1340 1890 1515 1922 mentionem,
1533 1891 1569 1917 ita
1587 1890 1702 1919 Ruﬁnus
1717 1892 1745 1920 iu
1772 1901 1840 1929 per-

1049 1935 1173 1962 oratione
1185 1943 1265 1970 quain
1293 1936 1373 1970 paulo
1385 1941 1448 1963 ante
1464 1936 1619 1970 citavimus,
1641 1938 1787 1973 profitetur
1808 1948 1842 1968 se

1049 1981 1127 2015 hujus
1141 1982 1212 2014 libri,
1227 1987 1254 2009 et
1269 1983 1407 2016 sequentis
1418 1982 1543 2010 Iudicum
1558 1984 1745 2019 interpretem.
1763 1995 1774 2012 ι
1789 1987 1838 2014 Ait

1049 2027 1179 2054 Erasmus
1196 2035 1276 2062 opera
1305 2035 1353 2054 sua
1384 2034 1571 2057 recensentem
1595 2029 1789 2066 Hieronymum
1810 2032 1840 2059 in

1048 2073 1175 2108 Catalogo
1203 2074 1360 2107 scriptorum
1381 2074 1481 2101 nullam
1505 2075 1735 2110 interpretationis
1754 2076 1841 2112 hujus

1048 2120 1143 2146 fecisse
1169 2119 1350 2151 mentionem;
1379 2119 1506 2146 Ruﬁnum
1522 2127 1587 2147 vero
1605 2120 1631 2147 in
1658 2123 1839 2155 peroratione

1046 2165 1166 2200 subjecta
1181 2163 1390 2192 Commentariis
1407 2164 1532 2200 Origenis
1559 2167 1588 2193 in
1620 2166 1771 2201 Epistulam
1802 2170 1839 2195 ad

1048 2211 1181 2238 Romanos
1198 2219 1226 2238 se
1250 2211 1310 2246 ejus
1326 2216 1464 2239 auctorem
1485 2220 1545 2240 esse
1569 2213 1840 2250 professum.Atque

1046 2258 1083 2284 ait
1099 2258 1123 2284 id
1142 2258 1261 2291 quidem,
1284 2262 1312 2284 ut
1330 2257 1470 2291 Rufinum,
1486 2266 1540 2285 non
1563 2258 1774 2294 Hieronymum,
1796 2262 1840 2288 in«

1047 2303 1250 2338 terprelationis
1265 2303 1346 2338 hujus
1371 2309 1511 2332 auctorem
1527 2311 1588 2332 esse
1603 2306 1716 2339 probet;
1734 2313 1792 2333 non
1808 2312 1842 2334 ut

1045 2348 1112 2375 falso
1126 2348 1252 2375 homilias
1266 2348 1338 2382 ipsas
1362 2348 1527 2375 Adamantio
1540 2348 1639 2376 ascribi
1653 2348 1838 2381 demonstret,

1044 2395 1115 2429 qttod
1129 2400 1293 2428 putaverunt
1309 2394 1563 2428 Magdeburgenses.
1587 2394 1632 2422 Sic
1647 2394 1757 2422 demum
1770 2403 1840 2423 con-

1046 2440 1130 2468 cludit
1149 2449 1155 2467 :
1173 2450 1181 2466 ι
1201 2440 1261 2468 Haec
1276 2440 1398 2475 pluribus
1414 2440 1550 2468 inculcare
1561 2441 1647 2468 visum
1657 2445 1710 2472 est,
1724 2441 1762 2468 ob
1777 2449 1839 2469 tuo-

1039 2529 1200 2558 Chromati?
1218 2539 1228 2556 ι
1245 2529 1284 2557 Ex
1307 2537 1340 2557 eo
1362 2529 1434 2564 quod
1456 2529 1639 2565 Hieronymus
1668 2529 1695 2556 in
1716 2529 1838 2563 Prologo

1039 2565 1152 2593 Galeato
1167 2565 1267 2593 dixerit
1281 2573 1287 2591 :
1308 2574 1317 2591 ι
1334 2565 1363 2600 In
1381 2565 1481 2598 templo
1499 2564 1634 2600 Deioﬂ'ert
1642 2566 1836 2600 unusquisque

1040 2601 1111 2635 quod
1129 2605 1226 2633 potest.
1240 2610 1249 2627 ι
1268 2606 1335 2634 etc.,
1352 2599 1466 2628 Rufinus
1483 2601 1509 2627 in
1524 2599 1640 2635 Prologo
1652 2607 1703 2627 suo
1725 2599 1835 2635 absque

1041 2636 1144 2664 dolosis
1160 2636 1263 2663 artibus
1276 2636 1401 2663 eumdem
1416 2635 1566 2670 Scriptura:
1579 2639 1736 2662 contextum
1746 2637 1835 2663 diver-

1041 2671 1080 2698 sis
1096 2671 1187 2712 verbis
1207 2671 1255 2712 ad“
1271 2678 1335 2712 usus
1360 2678 1424 2712 suos
1438 2670 1695 2712 accommodaret
1714 2670 1834 2712 dilatare

1042 2713 1096 2733 non
1113 2706 1219 2741 potuit?
1235 2705 1334 2734 Credat
1356 2705 1466 2734 Judaeus
1487 2705 1592 2740 Apella.
1611 2705 1723 2737 Deinde,
1746 2706 1773 2733 si
1798 2714 1833 2734 ex

1041 2741 1085 2783 his
1101 2748 1180 2783 natus
1196 2749 1285 2783 error,
1303 2742 1375 2768 unde
1391 2741 1541 2783 factitmest
1555 2746 1585 2783 ut
1594 2742 1688 2783 plures
1701 2740 1764 2783 aliae
1776 2741 1833 2768 Ru-

1040 2776 1086 2803 fini
1108 2777 1361 2811 interpretationes,
1382 2777 1427 2804 ubi
1439 2780 1528 2803 tanten
1544 2776 1611 2803 nihil
1628 2776 1764 2811 ejusmodi
1784 2784 1832 2804 re-

1059 2812 1156 2844 eritur,
1170 2810 1334 2847 Hieronymo
1347 2811 1440 2839 itidem
1462 2812 1489 2839 in
1504 2810 1668 2846 quibusdam
1682 2810 1830 2840 codicibus

1050 2848 1139 2874 ‘uerint
1155 2847 1310 2874 attributae?

1086 2882 1131 2918 'l'l)
1150 2882 1239 2918 Simili
1265 2882 1370 2916 mfritie
1383 2882 1507 2910 adversus
1530 2890 1673 2918 cantuum:
1701 2886 1750 2916 ut,
1773 2887 1829 2911 etc.

1037 2916 1105 2947 Vide
1122 2916 1183 2954 qua
1194 2916 1262 2947 infra
1274 2918 1476 2947 observavimus
1489 2925 1564 2946 num.
1580 2916 1622 2946 l5.

1910 1028 1913 1055 l
