3838 6222
145 357 295 414 lii?)

954 351 1523 410 ORIGENIANORUM
1561 355 1690 412 LIB.
1731 355 1820 422 lli,
1857 355 2008 413 CAP.
2050 353 2116 422 ll,
2159 351 2353 412 SECT.
2393 354 2482 412 Ill.

3247 353 3383 410 19M

143 489 276 529 rosa
317 471 671 540 quorumdam
721 486 1018 542 crassaque
1069 474 1294 544 judicia,
1341 476 1432 545 qui
1492 475 1714 530 nimium
1746 480 1792 537 Α
1822 492 1967 530 mum
1996 476 2328 546 scripsimus,
2355 473 2671 544 simpliciter
2700 471 3064 543 expressimus
3094 481 3152 525 ut
3175 471 3385 527 inveni-

149 565 398 619 tribuunt
415 562 740 631 quibuslibet
767 564 938 619 titulis
960 577 1025 619 ac
1048 565 1496 634 prtefatiunculis.
1531 585 1552 618 ι
1586 566 1716 632 Qui-

148 658 254 710 bus
289 655 470 710 verbis
492 655 625 710 satis
657 656 891 710 ostendit
936 671 995 711 se
1025 657 1094 711 de
1129 655 1477 727 praefationis,
1515 675 1619 714 non
1654 659 1720 714 de

148 747 497 802 homiliarum
533 755 760 800 auctore
814 746 1138 817 disputasse.
1184 747 1252 802 Et
1287 757 1465 803 tamen
1503 748 1716 818 Magde-

148 838 506 908 burgensium
545 838 868 892 sententiam
901 837 1202 908 amplexum
1257 854 1378 894 esse
1426 840 1585 894 video
1612 840 1724 896 Gu-

149 932 394 987 lielmum
461 930 810 986 Perkensium
861 930 934 996 ",
1002 931 1278 1000 aliumque
1339 933 1512 988 aetatis
1561 932 1722 1003 hujus

151 1024 564 1086 heterodoxum,
613 1023 791 1077 virum
836 1022 974 1078 bene
1029 1022 1272 1089 doctum,
1307 1021 1464 1093 cujus
1515 1025 1720 1080 nomini

148 1129 340 1185 parco.

222 1204 302 1258 Ex
336 1208 528 1260 eadem
578 1202 757 1259 Ruﬁni
809 1205 1156 1274 peroratione
1206 1207 1454 1274 proxime
1485 1220 1724 1262 comme-

151 1306 368 1351 snorata
407 1296 753 1351 homiliarum
796 1310 987 1351 novem
1035 1297 1093 1350 in
1129 1296 1347 1351 Iudices
1380 1305 1574 1353 auctor
1603 1314 1724 1354 esse

150 1389 442 1460 Origenes,
492 1388 717 1444 Ruﬁnus
771 1387 1062 1457 interpres,
1117 1397 1173 1444 et
1221 1389 1459 1458 quidem,
1509 1390 1556 1445 si
1594 1390 1724 1459 quid

159 1481 267 1552 ipsi
291 1481 640 1545 credendum,
666 1480 801 1537 satis
827 1491 1114 1538 accuratus
1148 1483 1592 1553 deprehenditur.
1611 1484 1723 1541 Nec

157 1574 385 1629 aliunde
419 1569 718 1642 profectam
742 1575 891 1629 dicas
919 1574 1196 1629 homiliam
1225 1575 1444 1631 unicam
1483 1576 1537 1630 in
1562 1575 1723 1646 Reges

156 1662 354 1719 Latine
376 1663 598 1728 editam,
632 1664 744 1718 sive
770 1678 904 1734 opus
930 1665 1126 1734 ipsum,
1157 1666 1270 1722 sive
1315 1666 1722 1736 interpretatio-

153 1769 280 1809 nem
307 1764 538 1822 spectes.
570 1753 704 1808 illud
739 1753 791 1808 in
818 1769 878 1809 ea
897 1755 1134 1810 maxime
1159 1756 1515 1810 animadverti
1540 1756 1718 1820 velim,

150 1845 297 1913 quod
326 1845 556 1900 habetur
579 1861 728 1900 num.
765 1845 818 1910 i,
865 1845 1008 1901 circa
1037 1846 1252 1901 initium
1285 1864 1299 1900 :
1331 1864 1350 1898 ι
1389 1846 1566 1902 Nolite
1593 1862 1720 1915 ergo

151 1937 208 1992 in
260 1939 416 1993 nobis
469 1938 598 1994 illud
629 1939 906 2009 requirere
954 1941 1096 2008 quod
1129 1940 1183 1994 in
1219 1955 1354 2010 papa
1413 1940 1722 1995 Alexandro

151 2028 388 2084 habetis.
421 2028 678 2084 Fatemur
704 2030 848 2084 enim
887 2031 1026 2100 quod
1061 2046 1250 2087 omnes
1287 2046 1386 2086 nos
1419 2043 1638 2102 superat
1666 2033 1720 2086 in

147 2120 332 2190 gratia
383 2119 642 2178 lenitatis.
698 2139 719 2174 ι
777 2122 1142 2178 Alexandrum
1215 2121 1721 2194 Jerosolymitanum

149 2210 438 2282 praesulem
473 2213 762 2282 signiﬁcat,
795 2229 825 2268 a
853 2229 961 2284 quo
990 2215 1058 2268 ad
1097 2215 1419 2285 presbyterii
1476 2217 1720 2271 ordinem

151 2303 334 2358 fuerat
364 2314 664 2372 promotus.
699 2304 852 2372 Quod
877 2320 998 2360 cum
1052 2305 1330 2376 ignoraret
1352 2307 1601 2362 Andreas
1630 2307 1724 2361 Ri-

151 2403 336 2460 vetus,
367 2394 570 2449 frustra
614 2410 681 2450 ex
729 2396 796 2452 iis
832 2397 1174 2453 occasionem
1217 2399 1446 2468 sumpsit
1490 2399 1724 2454 homiiite

151 2483 320 2555 hujus
349 2485 567 2556 Origeni
615 2486 1004 2555 abjudicandaa,
1037 2507 1055 2540 t
1106 2489 1176 2543 At
1214 2490 1336 2560 quis
1385 2489 1494 2556 ille,
1530 2490 1721 2560 inquit,

156 2575 470 2631 Alexander
526 2579 705 2649 papa?
750 2578 806 2634 Si
853 2581 1058 2648 primus
1111 2583 1396 2650 episcopus
1454 2581 1724 2637 Romanus

152 2666 276 2734 ejus
302 2669 553 2734 nominis,
589 2671 757 2726 multo
790 2672 1065 2740 antiquior
1099 2682 1182 2726 est
1219 2674 1338 2727 :sin
1362 2689 1492 2728 vero
1512 2674 1723 2743 episco-

154 2773 261 2827 pus
289 2759 709 2830 Alexandrinus,
735 2763 902 2817 multo
946 2765 1258 2829 recentior;
1297 2765 1556 2820 successit
1580 2765 1722 2819 enim

153 2849 381 2905 Achillae
408 2867 548 2906 anno
583 2852 780 2908 Christi
809 2853 946 2922 311;
981 2871 1099 2908 cum
1134 2853 1395 2925 Origenes
1417 2866 1722 2910 extremum

157 2940 304 2995 diem
329 2943 556 2999 obiisset
576 2946 718 2999 circa
748 2961 945 3000 annum
978 2946 1103 3000 256.
1137 2966 1154 2996 ι
1175 2948 1410 3001 Alteram
1452 2947 1722 3001 homiliam

156 3028 241 3084 De
284 3034 727 3104 engastrimytho,
777 3050 938 3104 quam
993 3051 1024 3090 e
1090 3035 1345 3091 Vaticana
1401 3036 1722 3092 bibliotheca

163 3131 382 3177 erutam
422 3125 714 3194 publicavit
759 3127 1008 3192 Allatius,
1038 3137 1091 3182 et
1116 3128 1317 3184 codicis
1349 3128 1502 3194 ﬁdes,
1533 3138 1589 3183 et
1613 3139 1726 3199 sty-

157 3212 249 3270 lss
290 3214 428 3285 ipse,
470 3225 525 3271 et
575 3216 844 3272 Eustathii
895 3219 1260 3290 diagnosticus
1313 3219 1563 3290 Origenis
1608 3235 1728 3277 esse

160 3307 561 3363 demonstrant.

235 3395 322 3452 Vl.
365 3399 718 3468 Agnoseimus
750 3401 911 3455 etiam
945 3416 1012 3457 ex
1069 3403 1316 3472 proximo
1357 3402 1521 3458 allato
1576 3402 1729 3459 Ruﬁ-

159 3489 340 3543 nianae
396 3493 759 3558 perorationis
818 3495 1126 3550 testimonio
1167 3495 1417 3550 homilias
1456 3511 1646 3551 novem
1675 3497 1730 3550 in

157 3580 394 3647 psalmos
434 3595 622 3643 xxxvi,
662 3597 846 3636 xxxvu
879 3593 932 3637 et
977 3598 1206 3648 xxxvnt,
1261 3584 1480 3656 Origeni
1539 3585 1732 3642 merito

159 3671 384 3735 ascribi,
407 3671 600 3727 Ruﬁno
623 3688 750 3728 vero
780 3675 1278 3744 interpretationem
1303 3693 1321 3743 ;
1345 3691 1569 3747 eamque
1597 3678 1730 3732 sim-

161 3763 380 3834 pliciter
411 3766 576 3821 fuisse
602 3783 939 3838 expressam.
958 3769 1012 3822 ln
1038 3771 1269 3839 gratiam
1298 3770 1593 3840 Aproniani
1625 3770 1730 3826 viri

159 3855 381 3922 nobilis,
404 3868 459 3912 et
490 3874 670 3914 causa:
703 3877 814 3915 suae
850 3861 1080 3917 faventis
1104 3862 1342 3917 laborem
1377 3864 1518 3917 hunc
1549 3878 1732 3917 susce-

158 3956 313 4016 ptum
345 3963 375 4001 a
407 3963 467 4003 se
502 3949 742 4004 declarat
765 3951 817 4005 in
846 3951 1070 4022 Prologo
1096 3953 1180 4008 bis
1213 3953 1451 4007 homiliis
1485 3953 1728 4023 praeﬁxo.

161 4035 491 4107 Tangendus
523 4041 608 4095 hic
647 4043 825 4098 obiter
854 4044 1133 4109 Erasmus,
1156 4045 1249 4114 qui
1276 4045 1330 4099 in
1356 4045 1600 4100 Censura
1637 4062 1732 4101 su-

161 4144 263 4200 per
310 4130 396 4186 his
446 4133 704 4198 homiliis,
754 4135 958 4190 critica:
1013 4151 1124 4191 sua:
1180 4135 1405 4190 nimium
1449 4137 1731 4205 permittit,

161 4236 464 4292 earumque
493 4234 789 4289 auctorem,
829 4235 884 4280 et
916 4227 1290 4296 interpretem,
1324 4228 1517 4283 dubios
1548 4229 1677 4283 facit
1716 4242 1729 4278 :

167 4329 191 4364 ς
226 4311 335 4368 Nec
370 4315 504 4384 ipse,
551 4316 749 4385 inquit,
789 4318 878 4386 qui
932 4317 1212 4387 praefatur,
1241 4319 1522 4390 proﬁtetur
1548 4336 1606 4375 se
1638 4321 1734 4375 has

161 4405 417 4461 homilias
451 4407 771 4476 simpliciter
804 4411 1053 4478 vertisse,
1092 4422 1152 4465 ut
1206 4411 1549 4466 habebantur
1592 4413 1732 4482 apud

1821 583 1961 624 mus.
1993 586 2014 620 ι
2062 565 2243 622 Facile
2283 581 2414 621 sane
2456 564 2777 634 intelligitur
2811 565 2929 618 haec
2955 577 3173 632 quoque
3198 578 3385 630 opera.

1821 659 2008 713 itidem
2053 668 2113 713 ut
2160 657 2409 728 proxime
2461 664 2908 720 commemorata,
2941 652 3190 724 Origenis
3244 669 3385 720 esse,

1821 749 1974 817 cujus
2000 763 2197 803 nomen
2238 748 2306 802 ad
2331 745 2542 816 singula
2577 759 2849 815 apponere
2888 743 3216 813 supcrﬁuum
3247 743 3382 798 fuis-

1821 851 1906 896 set
1926 849 1980 895 et
2005 840 2316 895 molestum.
2365 837 2519 904 Quod
2566 837 2611 891 si
2643 837 2759 890 haec
2808 834 3124 906 Origeuiani
3157 834 3390 888 nominis

1821 930 2209 1002 praetermissio
2233 930 2451 986 dubium
2476 939 2752 982 auctorem
2783 926 2932 990 facit,
2951 941 3046 981 cur
3073 926 3140 980 de
3171 937 3391 979 auctore

1823 1023 2165 1078 homiliarum
2188 1023 2240 1075 in
2268 1020 2512 1076 Psalmos
2536 1019 2805 1074 dubitavit
2828 1018 3105 1082 Erasmus,
3121 1017 3186 1072 de
3211 1025 3394 1070 aucto.

1822 1129 1882 1169 re
1911 1113 2254 1169 homiliarum
2285 1113 2338 1167 in
2366 1111 2561 1167 librum
2587 1109 2839 1165 Iudicum
2881 1110 3197 1179 neutiquam
3227 1109 3386 1163 dubi-

1825 1205 2000 1261 tavit?
2042 1220 2140 1275 par
2161 1205 2304 1260 enim
2327 1211 2447 1259 erat
2484 1203 2772 1272 utrobique
2804 1201 2967 1256 ratio.
2999 1201 3198 1256 Eodem
3227 1201 3390 1255 modo

1825 1298 1892 1352 de
1911 1293 2616 1364 auctoreinterpretationis
2661 1292 3053 1349 ratiocinamur
3091 1306 3383 1361 :quaauam

1824 1390 1969 1445 enim
1999 1389 2114 1443 haec
2138 1397 2224 1442 est
2245 1386 2648 1460 ἀποκλήρωσις,
2681 1386 3010 1456 reliquarum
3049 1384 3389 1439 homiliarum

1823 1480 1879 1535 in
1906 1478 2260 1535 Pcroratione
2293 1489 2712 1534 memoratarum
2765 1477 3266 1548 interpretationem
3297 1478 3398 1530 tri-

1822 1570 1990 1627 buere
2018 1570 2248 1637 Ruﬁno;
2279 1571 2420 1626 hanc
2445 1585 2574 1626 vero
2600 1571 2698 1638 illi,
2725 1586 2912 1625 earum
2938 1570 3121 1625 itidem
3164 1579 3224 1623 ut
3260 1568 3394 1622 alia-

1824 1679 1943 1719 rum
1990 1665 2338 1735 interpretem
2392 1679 2453 1719 se
2513 1663 2788 1734 proﬁtenti
2833 1661 3182 1731 abjudicare‘.’
3215 1659 3390 1729 Magni

1824 1754 2070 1824 profecto
2091 1766 2147 1810 et
2167 1754 2484 1809 excellentis
2513 1754 2716 1825 ingenii
2743 1753 2826 1807 vir
2861 1752 2960 1806 fuit
2982 1752 3257 1814 Erasmus,
3297 1749 3392 1804 sed

1828 1845 2120 1916 praecipitis
2143 1843 2354 1913 iudicii.
2395 1844 2544 1899 Hanc
2587 1854 2764 1899 tamen
2797 1842 2913 1910 ejus
2965 1856 3249 1898 censuram
3303 1855 3393 1894 se-

1829 1948 2069 2007 quuntur
2088 1936 2600 2007 Magdeburgenses,
2642 1937 2886 2003 sequitur
2909 1945 2959 1990 et
2991 1937 3257 1991 Robertus
3286 1935 3392 1990 Co-

1827 2043 1924 2083 cus
1941 2029 2168 2100 Anglus,
2199 2043 2428 2098 eamque
2464 2031 2564 2084 hoc
2599 2029 2751 2084 fulcit
2801 2039 3149 2101 argumento;
3187 2048 3205 2080 ε
3249 2031 3392 2099 quod

1827 2119 1882 2175 in
1924 2122 2150 2176 diversis
2198 2121 2436 2177 textibus
2467 2121 2818 2192 explicandis,
2861 2123 3131 2191 quomodo
3182 2120 3393 2188 Latine,

1829 2214 2100 2281 quomodo
2130 2211 2319 2268 Graece
2345 2228 2402 2268 se
2431 2213 2633 2269 habent
2657 2227 2892 2269 enarrat.
2926 2214 3165 2283 Exempli
3221 2216 3396 2284 gratia

1830 2303 1883 2357 in
1918 2304 2180 2374 psalmum
2226 2321 2408 2370 xxxvr,
2483 2306 2573 2361 hic
2619 2307 2840 2377 (inquit,
2869 2308 3035 2362 verba
3079 2305 3284 2362 faciens
3329 2308 3397 2362 de

1832 2403 1980 2448 textu
2004 2397 2234 2465 quodam
2264 2396 2316 2450 in
2355 2397 2796 2466 Deuteronomio)
2834 2399 2923 2454 ubi
2950 2397 3140 2453 Latine
3156 2399 3353 2453 dicitur
3377 2418 3395 2454 :

1828 2490 1894 2543 In
1925 2489 2095 2542 zelum
2148 2489 2484 2544 adduxerunt
2536 2508 2636 2553 me,
2674 2501 2721 2546 et
2755 2507 2846 2561 ego
2899 2493 2954 2546 in
3004 2491 3172 2546 zelum
3223 2492 3396 2544 addu-

1829 2597 1943 2634 cam
1978 2582 2048 2646 ",
2101 2581 2153 2636 in
2183 2581 2373 2637 Graeco
2411 2583 2550 2638 idem
2587 2586 2702 2654 ipse
2752 2599 2932 2640 sermo
2984 2593 3086 2649 est,
3117 2585 3206 2653 qui
3256 2597 3309 2639 et
3341 2585 3393 2638 in

1830 2672 2016 2742 psalmi
2045 2674 2198 2728 initio
2235 2683 2319 2729 est
2350 2675 2524 2730 dictus
2560 2693 2573 2730 :
2609 2676 2878 2732 1Emulati
2918 2688 3038 2733 sunt
3079 2695 3182 2746 me,
3213 2688 3260 2734 et
3299 2696 3401 2748 ego

1833 2762 2122 2816 amulabor
2147 2781 2256 2817 eos.
2304 2782 2321 2815 ι
2371 2764 2566 2820 Parum
2625 2768 2902 2823 enimvero
2952 2779 3231 2839 perspecta
3293 2769 3399 2825 fuit

1831 2854 1957 2910 huic
2002 2857 2214 2911 censori
2266 2855 2445 2912 Rulini
2478 2858 2718 2924 licentia,
2750 2861 2835 2916 cui
2873 2861 3114 2918 solemne
3137 2872 3222 2918 est
3248 2863 3398 2931 ejus-

1835 2950 1980 3003 modi
2015 2951 2381 3004 additamenta
2407 2951 2473 3004 ad
2517 2953 2758 3006 auctoris
2785 2963 3098 3010 contextum
3133 2955 3394 3023 adjicere.

1838 3037 1951 3093 Hoc
1979 3040 2231 3110 amplius,
2257 3039 2513 3096 Erasmus
2527 3057 2593 3096 ex
2619 3041 2960 3112 Origenianis
2983 3046 3033 3100 in
3070 3045 3394 3102 Psalterium

1833 3132 2246 3188 Commentariis
2291 3135 2664 3205 depromptqu
2734 3137 2877 3192 hunc
2931 3138 3276 3194 homiliarum
3334 3139 3400 3192 li-

1831 3224 2018 3289 brum,
2052 3225 2275 3281 liberius
2333 3241 2677 3294 conversum,
2732 3240 2788 3284 et
2826 3231 2878 3286 in
2930 3231 3182 3288 homilias
3224 3233 3398 3286 disse-

1830 3327 1999 3384 ctum,
2031 3318 2248 3374 immani
2275 3333 2503 3388 prorsus
2522 3321 2744 3376 audacia
2777 3322 3063 3392 coniectat.
3089 3322 3222 3376 Nam
3247 3324 3393 3392 ejus-

1830 3409 1974 3462 modi
2034 3407 2243 3462 feratur
2269 3411 2638 3479 coniectorum
2681 3411 2921 3476 licentia,
2954 3413 3064 3482 iam
3108 3428 3240 3468 vero
3271 3414 3398 3482 quid

1833 3500 1940 3555 erit
1967 3509 2196 3564 certum,
2211 3501 2338 3571 quid
2369 3512 2624 3557 constans
2640 3503 2692 3556 in
2719 3503 2951 3559 litteris?
2981 3505 3189 3574 antiqui
3216 3519 3397 3560 rerum

1833 3592 2234 3647 confundentur
2262 3593 2420 3660 ﬁnes,
2444 3605 2500 3649 et
2531 3594 2712 3648 omnia
2762 3610 2855 3650 sus
2886 3596 3059 3665 deque
3100 3605 3398 3652 vertentur.

1834 3683 2030 3739 Merito
2062 3684 2246 3754 itaque
2271 3685 2410 3739 hanc
2443 3685 2655 3740 Erasmi
2702 3701 2988 3742 censuram
3023 3688 3266 3742 confutat
3294 3687 3403 3743 Ge-

1831 3774 2130 3830 nebrardus
2166 3775 2217 3828 in
2251 3774 2614 3843 Callectaneis,
2658 3776 2944 3846 multisque
2986 3793 3050 3832 ac
3097 3777 3282 3833 solidis
3314 3795 3402 3832 ra-

1833 3866 2072 3920 tionibus
2101 3866 2200 3920 has
2243 3867 2492 3923 homilias
2523 3869 2730 3924 auctori
2771 3883 2872 3923 suo
2911 3866 3130 3937 Origeni
3180 3871 3398 3925 asserit.

1831 3956 2007 4025 Atque
2047 3971 2111 4011 ex
2155 3971 2220 4010 eo
2249 3971 2463 4026 quoque
2508 3957 2772 4012 refellitur
2825 3955 3126 4012 Gulielmus
3170 3954 3400 4011 Perkiu-

1832 4046 1985 4101 sus“
2009 4046 2335 4116 Anglus,qui
2363 4046 2612 4102 homilias
2631 4047 2764 4101 duas
2791 4045 2844 4100 in
2874 4045 3139 4114 psalmum
3169 4059 3398 4110 xxxvut,

1834 4153 1900 4193 ex
1936 4140 2294 4209 genuinorum
2330 4137 2577 4208 Origenis
2601 4153 2828 4209 Operum
2860 4138 3002 4192 serie
3029 4138 3308 4208 expungit.

1902 4229 2164 4282 Antonius
2192 4226 2482 4283 Verderius
2530 4228 2902 4298 supplemento
2956 4225 3225 4296 Epitomes
3301 4227 3400 4281 Bi-

1835 4319 2104 4374 bliotheca
2131 4317 2509 4384 Gesneriante,
2546 4317 2956 4384 Bibliothecam,
2999 4319 3112 4374 sive
3154 4318 3399 4386 Antiqui-

1837 4419 1977 4462 tates
2011 4406 2642 4477 Constantinopolitanas
2665 4407 2966 4476 subjunxit,
2997 4407 3052 4460 in
3083 4408 3280 4476 quibus
3314 4409 3402 4461 itt-

159 4495 400 4563 Grtecos,
425 4515 523 4554 nec
551 4500 657 4555 illic
679 4502 929 4570 exprimit
956 4517 1150 4556 nomen
1180 4503 1438 4558 auctoris.
1477 4522 1497 4555 ι
1531 4501 1730 4557 Verum
1761 4533 1806 4588 Β
1838 4511 1921 4555 ter
1951 4501 2120 4554 libros
2156 4499 2430 4555 illustriss.
2473 4498 2734 4568 principis
2777 4499 2979 4552 domini
3030 4499 3212 4554 Jacobi
3264 4499 3404 4553 Mar-

155 4589 415 4659 quidem;
443 4600 498 4644 at
524 4592 838 4647 meminisse
873 4593 1132 4647 debuerat
1162 4591 1422 4648 Erasmus
1449 4603 1730 4647 auctorum

162 4680 388 4734 nomina
427 4697 649 4751 operum
681 4683 848 4738 initiis
870 4683 1150 4752 praescribi
1191 4683 1387 4747 solere,
1417 4698 1481 4738 ac
1511 4683 1732 4753 proinde

159 4769 486 4840 prtel'antem
511 4772 758 4827 Rufinum
785 4787 1004 4829 necesse
1045 4789 1149 4828 non
1198 4775 1451 4830 habuisse
1495 4777 1731 4845 proliteri

163 4863 266 4917 has
289 4863 534 4919 homilias
559 4881 616 4920 se
644 4882 709 4921 ex
756 4865 990 4937 Origene
1018 4869 1266 4935 vertisse,
1307 4885 1430 4924 cum
1464 4871 1514 4924 id
1548 4869 1734 4924 titulus

161 4948 686 5009 clamaret.Futilius
715 4957 876 5009 etiam
901 4965 985 5010 est
1007 4969 1382 5025 argumentum
1414 4959 1637 5028 petitum
1666 4973 1730 5013 ex

162 5044 528 5114 peroratione,
567 5048 618 5102 in
648 5063 754 5117 qua
786 5065 983 5106 nomen
1026 5051 1263 5106 auctoris
1298 5067 1407 5105 non
1435 5053 1725 5121 expressit.

161 5132 374 5200 Agebat
399 5135 465 5190 de
489 5138 743 5205 operibus
763 5139 1011 5211 Origenis
1031 5157 1062 5195 a
1090 5158 1148 5197 se
1172 5144 1567 5213 interpretatis;
1606 5144 1728 5201 Ori-

165 5239 358 5290 genem
397 5227 569 5294 ipsum
616 5232 1024 5298 nominaverat;
1083 5233 1422 5289 homiliarum
1473 5237 1638 5305 ipsius
1673 5238 1727 5290 in

165 5312 426 5380 Genesim,
452 5317 694 5373 Ea'adum
735 5331 789 5378 et
817 5322 1106 5377 Leviticum
1134 5325 1461 5380 mentionem
1491 5327 1723 5382 fecerat:

166 5405 316 5460 addit
343 5408 575 5464 deinde:
615 5431 634 5464 ι
672 5412 804 5469 Nam
831 5416 923 5470 illa
955 5432 1076 5486 quae
1106 5418 1158 5472 in
1204 5416 1329 5472 .iesu
1376 5417 1544 5485 Nave,
1573 5428 1628 5472 ct
1673 5423 1725 5474 in

165 5495 415 5555 Judicum
450 5503 672 5572 librum,
722 5519 776 5562 et
824 5511 878 5564 in
925 5511 1255 5566 tricesimum
1290 5522 1525 5577 sextum,
1582 5523 1636 5568 et
1675 5516 1726 5569 in

166 5588 499 5649 tricesimum
526 5599 838 5668 septimum,
869 5611 925 5658 et
957 5604 1287 5662 tricesimum
1315 5614 1561 5661 octavum
1589 5605 1732 5676 psal-

1839 4598 2061 4644 morets:
2124 4590 2267 4643 hunc
2305 4595 2572 4653 recenset,
2603 4588 2688 4642 cui
2720 4587 2906 4642 titulus
2934 4596 3017 4644 est
3048 4602 3062 4639 :
3093 4605 3112 4640 ι
3150 4585 3402 4658 Origenis

1829 4680 2119 4748 explicatio
2163 4681 2217 4734 in
2255 4679 2575 4734 Psalterium
2601 4679 2787 4734 David.
2813 4697 2833 4732 ι
2887 4679 3023 4734 Tum
3068 4680 3397 4748 subjicitur:

1841 4789 1860 4822 ‹
1899 4773 1964 4826 Et
1982 4787 2172 4826 rursus
2195 4772 2245 4825 in
2264 4772 2676 4841 explicationem
2699 4771 2946 4842 Origenis
2976 4773 3138 4829 habet
3176 4774 3400 4829 solutio-

1835 4879 1957 4917 nem
1998 4863 2372 4932 esplicationis
2411 4861 2645 4918 Joannes
2677 4861 2998 4934 Mabropoda
3031 4865 3400 4936 metropolita-

1835 4972 1938 5011 nus
1969 4955 2328 5011 sanctissime
2351 4955 2758 5025 metropolitica:
2806 4956 3058 5012 Ecclesia:
3107 4957 3401 5014 Euchaita-

1836 5063 1956 5101 rum
1991 5063 2005 5100 :
2042 5055 2204 5115 atque
2231 5048 2347 5115 ipse
2371 5046 2650 5114 Origenes,
2682 5047 2758 5100 uti
2782 5046 2946 5102 habet
2971 5063 3126 5103 suam
3163 5048 3400 5118 explica-

1837 5142 2065 5204 tionem,
2103 5140 2244 5195 ﬁlius
2275 5149 2360 5194 est
2387 5139 2448 5194 S.
2498 5138 2769 5210 Hippolyti
2813 5140 3112 5211 philosophi
3163 5153 3216 5198 et
3256 5158 3400 5196 mar-

1829 5234 1984 5304 tyris.
2015 5251 2034 5285 r
2067 5231 2190 5288 Haec
2239 5233 2352 5301 ipsa
2391 5231 2457 5284 ad
2499 5231 2705 5286 calcem
2752 5231 3047 5301 Apparatus
3081 5235 3164 5287 sui
3202 5233 3399 5302 adjecit

1830 5324 2176 5390 Possevinus,
2221 5339 2342 5379 cum
2370 5324 2641 5377 variarum
2697 5323 3146 5380 bibliothecarum
3199 5325 3399 5380 catalo-

1833 5432 1930 5487 gos
1967 5426 2292 5486 pertexeret.
2322 5416 2452 5484 Qua:
2487 5431 2608 5470 cum
2657 5417 2792 5471 satis
2832 5418 3058 5471 obscura
3114 5416 3243 5480 sint,
3294 5432 3396 5485 ego

1832 5511 1912 5562 sic
1945 5508 2206 5577 intelligo,
2239 5507 2526 5578 Origenem
2563 5510 2614 5562 in
2644 5508 2746 5563 hac
2770 5507 3107 5577 expositione
3145 5505 3393 5562 Psalterii

1839 5601 2106 5654 imitatum
2136 5615 2255 5656 esse
2286 5599 2654 5671 Hippolytum,
2678 5616 2839 5671 quem
2871 5599 3304 5656 Commentarios
3339 5601 3398 5657 in

244 5795 292 5830 ’ί
328 5798 570 5859 Perkins.
610 5801 661 5858 in
681 5800 942 5860 Problem.
970 5805 1032 5861 de
1073 5805 1312 5861 ementita
1342 5803 1493 5862 Rom.
1529 5805 1654 5876 ﬁdei
1680 5803 2071 5865 Camolicismo.
2147 5807 2190 5839 "
2233 5807 2387 5864 Deut.
2411 5821 2583 5880 ιιιιε,
2607 5805 2698 5862 2i.
2777 5805 2820 5838 ⁸³
2862 5801 3107 5862 Perkins.
3141 5802 3286 5874 ibidl.
