1919 3111
235 165 305 194 1215

866 167 894 195 Ρ.
915 167 1073 196 DANIELIS
1092 169 1208 198 ΗίὲΕΤΙΙ

1789 181 1859 210 1216

234 220 398 251 Psalterium
411 224 555 259 scripsisse
575 224 658 252 tradit
682 225 860 261 Hieronymus
876 225 914 254 De
929 228 1019 260 script.
1036 229 1059 258 Α
1074 235 1165 256 suum.
1188 239 1198 256 ι
1216 229 1244 257 ln
1258 231 1369 258 homilia
1388 240 1453 260 vero
1470 233 1561 267 priore
1571 235 1605 262 ab
1618 234 1785 273 Hieronymo
1808 239 1860 266 La-

234 269 341 302 ecclu.,
358 278 421 305 cap.
437 270 483 298 36.
496 271 627 299 Eumdem
641 276 730 299 autem
747 271 941 308 Hieronymum
957 273 1020 300 alibi

236 315 411 350 probavimus
428 316 496 345 falso
515 318 615 345 ibidem
628 317 752 346 docuisse
764 318 907 354 Origeuem
919 320 945 346 in
960 319 1022 354 llip-

235 360 319 396 polyti
334 362 536 390 aemulationem
557 363 591 390 ad
619 364 843 398 interpretandas
864 364 1021 399 Scripturas

234 414 295 434 sese
310 408 474 435 accinxisse.
487 408 572 443 Igitur
589 410 629 437 vel
645 409 764 444 Catalagi
775 411 963 444 concinnatur,
978 412 1020 439 vel

233 453 278 486 qui
292 454 412 481 codicem
433 454 519 489 ipsum
534 455 727 489 descripserat,
745 455 891 491 Origenem
915 458 1020 491 putavit

234 497 263 525 in
279 499 439 533 explicando
456 500 589 528 Psalterio
613 501 746 536 Hippolyti
770 502 933 530 imitatorem
946 508 973 530 et
988 504 1020 530 ﬂ-

232 543 298 570 lium
319 544 412 572 fuisse.
430 545 560 573 Scribunt
583 553 711 581 praeterea
731 546 819 575 Josias
839 548 971 577 Simlerus
993 554 1020 577 et

231 589 373 618 Conradus
387 590 491 619 Frisius
508 592 534 619 in
550 591 668 626 Epitome
690 593 858 620 Bibliotheca;
880 593 1020 622 Cameria-

232 644 286 669 πω,
316 637 343 663 in
368 636 496 671 Origene,
526 638 638 672 aliique,
670 637 864 677 Origenianain
892 639 1019 668 Psalterii

231 683 429 717 expositionem
463 684 490 711 in
522 684 645 712 Caesarea
672 684 818 712 Viennensi
856 686 1019 715 bibliotheca

231 735 378 756 asservart.

266 773 352 802 Porro
377 782 394 802 e
419 775 499 802 tomis
534 774 561 801 in
594 774 726 809 psalmum
750 775 866 809 primum
890 777 1020 806 habemus

231 825 326 854 partes
350 819 455 855 aliquas
476 820 546 855 apud
566 820 745 854 Epiphaniam
761 821 827 848 haer.
848 822 892 854 64.
910 830 970 857 cap.
990 824 1017 856 6,

230 870 258 893 et
275 865 430 894 Philocaliw
452 874 513 902 cap.
536 867 554 894 2
564 872 592 894 et
604 867 630 899 5,
644 872 672 894 et
683 867 752 901 apud
765 867 910 896 Eusebium
932 869 978 897 lib.
992 878 1018 897 \‘l

1074 273 1130 301 tine
1158 275 1263 302 reddita
1285 285 1292 303 :
1319 284 1329 302 ‹
1348 276 1394 303 Ha:
1417 277 1516 312 quippe
1537 279 1563 305 lu
1593 279 1644 306 hoc
1663 279 1742 313 libro,
1769 281 1859 316 inquit

1070 327 1146 347 num.
1161 321 1188 353 l,
1203 320 1292 349 fabula
1308 322 1410 357 pariter
1421 328 1448 350 et
1461 324 1645 358 epithalamio,
1660 332 1722 354 sunt
1734 336 1859 362 persona

1070 370 1103 391 ex
1127 372 1181 399 quo
1201 369 1229 392 et
1249 366 1364 399 gentiles
1385 368 1434 394 sibi
1452 368 1652 402 epithalamium
1674 372 1858 406 vindicarunt,

1069 414 1096 436 et
1114 409 1194 437 istius
1207 411 1315 445 generis
1326 419 1436 439 carnem
1451 420 1621 449 assumptum
1642 422 1693 444 est.
1717 417 1858 452 Epithala-

1070 454 1154 482 mium
1180 456 1314 490 siquidem
1338 457 1479 485 Canticum
1500 461 1678 490 canticorum.
1700 472 1710 489 ι
1735 463 1857 492 Primum

1068 500 1173 529 Cantici
1187 509 1292 529 versum
1306 511 1441 537 exponens
1454 504 1480 532 in
1497 506 1665 543 ψευδωνύμῳ
1678 508 1789 536 lion-ilia
1800 519 1858 544 qua:

1068 546 1212 582 Prologum
1226 549 1326 583 excipit
1343 557 1371 583 [ι.
1389 550 1432 581 58,
1454 552 1550 578 scribit
1577 552 1606 578 τὸ
1624 554 1791 588 ἡγεμονικόν
1815 565 1860 583 va-

1070 593 1118 620 riis
1132 594 1286 622 nominibus
1302 596 1326 622 in
1338 596 1477 631 Scriptura
1492 605 1585 625 sancta
1599 600 1713 634 signari,
1725 603 1766 628 vel
1782 611 1859 629 voca-

1069 640 1134 668 bulo
1147 641 1248 674 cordis,
1273 642 1314 668 vel
1340 644 1458 676 pectoris
1472 652 1504 671 ac
1519 645 1606 677 sinus,
1631 647 1652 673 si
1678 648 1711 674 de
1737 649 1860 676 discum-

1069 686 1197 714 bentibus
1213 687 1239 714 in
1255 689 1381 716 convivio
1398 695 1512 724 agatur;
1532 692 1603 718 velut
1626 701 1685 720 cum
1710 702 1794 729 super
1811 704 1859 729 pe-

1068 736 1128 759 ctus
1141 731 1205 760 Jesu
1221 734 1378 762 recubuisse
1402 735 1501 762 dicitur
1524 736 1652 769 Joannes,
1671 739 1776 767 Christi
1794 742 1859 774 ἦγε-

1070 777 1181 812 μονικόν
1197 786 1257 806 esse
1272 779 1473 814 intelligendum
1489 790 1495 807 :
1523 782 1547 808 in
1575 782 1692 811 Levilico
1718 786 1791 812 idem
1809 794 1858 812 es-

1068 823 1150 857 primi
1161 831 1210 858 per
1225 827 1412 859 pectuscnlum
1424 832 1450 854 et
1464 835 1580 861 armum,
1603 830 1647 863 qui
1665 833 1860 860 sacerdotibus

1069 874 1235 904 separatur;
1262 871 1287 898 in
1315 872 1426 900 Cantico
1450 882 1514 901 vero
1535 883 1583 908 per
1606 876 1697 902 ubera.
1725 877 1797 904 Tum
1824 879 1859 905 ita

231 911 349 945 lliuor.,
372 919 433 947 cap.
445 911 490 942 25,
504 916 532 938 et
547 911 642 938 iterum
657 911 725 946 apud
734 911 913 946 Epiphanium
934 913 959 939 in
972 920 1020 940 ea-
1035 909 1057 936 Β
1071 914 1206 942 concludit
1219 925 1226 943 :
1247 926 1257 942 ε
1271 916 1323 944 Cor
1337 924 1421 951 tuum,
1441 927 1456 946 ο
1473 921 1579 954 Spousc
1601 930 1685 951 meus,
1704 923 1729 949 id
1746 929 1790 950 est
1813 925 1860 951 do-

231 954 291 982 dem
318 955 385 983 haer.
405 963 464 989 cap.
488 955 521 983 l0
543 960 571 982 et
592 955 662 990 apud
689 954 858 990 Pamphilum
872 957 898 984 in
916 958 1015 990 Apolo-

229 1001 322 1035 getico,
336 1000 380 1027 ubi
398 1005 504 1027 sextam
520 1000 648 1027 adversus
673 1000 818 1035 Origenem
845 1002 1015 1030 criminatio-

229 1055 292 1075 nem
315 1047 424 1074 refellit.
445 1046 562 1073 Rursum
589 1046 695 1081 insigne
718 1051 887 1081 segmentum
909 1055 924 1075 e
942 1053 1015 1075 tonio

229 1094 259 1121 in
275 1092 410 1120 Psalmum
424 1098 547 1127 quartum
566 1092 676 1120 exhibet
697 1091 843 1120 Pliilacalia
867 1094 955 1128 capite
967 1093 1014 1127 25,

229 1146 258 1167 et
269 1140 340 1167 aliud
355 1147 371 1167 e
384 1139 592 1167 Commentariis
606 1140 632 1166 in
645 1140 782 1167 Psalmum
797 1146 899 1166 sextum
913 1141 1015 1174 Apolo-

227 1187 328 1220 geticus
356 1184 503 1220 Pamphili,
528 1186 673 1220 septimam
713 1186 858 1213 confutatis
884 1187 1015 1214 adversus

227 1233 372 1267 Origencm
400 1232 641 1265 criminationem;
662 1236 691 1260 et
721 1232 794 1259 aliud
823 1233 922 1260 iterum
942 1233 1013 1260 idem

226 1279 423 1314 Apologeticus,
455 1282 558 1306 sextam
587 1279 807 1306 criminationem
836 1283 974 1311 tractans,
999 1286 1015 1307 θ

226 1325 437 1354 Commentariis
454 1326 481 1351 in
502 1323 642 1351 Psalmum
663 1325 794 1352 decimum
820 1326 965 1360 quintum;
988 1330 1016 1353 et

225 1372 298 1399 aliud
310 1372 397 1399 denuo
410 1370 519 1404 ibidem.
534 1378 549 1398 e
561 1370 768 1398 Commentariis
779 1371 807 1398 in
820 1370 955 1398 Psalmum
967 1372 1014 1399 de-

226 1419 325 1446 cimum
342 1414 463 1445 octauum
476 1426 486 1450 ;
497 1423 525 1445 et
541 1424 649 1445 rursum
668 1417 740 1444 aliud
756 1415 906 1444 Philocutia
926 1417 1016 1451 capite

225 1465 326 1500 primo,
350 1471 365 1492 e
391 1463 599 1491 Commentariis
621 1463 650 1490 in
673 1461 809 1489 Psalmum
830 1463 1015 1498 quinquagesi-

225 1519 308 1538 mum.
326 1510 362 1537 At
379 1510 514 1537 Eusebius
529 1509 592 1536 libr.
613 1517 639 1536 Vl
668 1508 787 1541 Ηὶιιον..
800 1516 862 1544 cap.
879 1509 925 1541 58,
949 1517 1014 1544 υτον

225 1558 279 1585 fert
289 1556 446 1592 particulam
465 1564 499 1584 ex
518 1555 632 1583 Humilia
649 1556 683 1582 ad
699 1556 828 1589 psalmum
840 1564 944 1584 Lxxxu.
969 1555 1015 1584 Ha!

1069 965 1158 994 gmata
1171 969 1232 996 quae
1247 962 1316 990 intra
1334 969 1358 990 te
1373 970 1445 997 sunt,
1471 967 1512 993 vel
1533 967 1661 994 doctrinm
1685 969 1792 1002 gratia,
1815 978 1859 995 sn-

1068 1011 1146 1040 perat
1160 1014 1241 1036 omne
1255 1010 1357 1043 vinum,
1375 1012 1445 1045 quod
1463 1020 1510 1039 cor
1527 1014 1642 1040 hominis
1658 1014 1802 1041 lagtilieare
1817 1023 1859 1041 so-

1068 1051 1115 1080 let.
1132 1052 1206 1080 Sicut
1222 1055 1293 1082 enim
1313 1056 1338 1082 in
1361 1058 1402 1084 his
1415 1058 1448 1085 de
1463 1060 1559 1092 quibus
1574 1060 1655 1087 dicit:
1683 1060 1755 1093 Quia
1774 1061 1858 1088 Deum

1068 1099 1237 1133 uidebunt“,
1261 1108 1308 1129 cor
1333 1109 1518 1138 competenter
1539 1106 1638 1133 dictum
1663 1114 1724 1134 esse
1739 1108 1858 1140 videtur,

1068 1148 1095 1170 et
1109 1144 1180 1172 inter
1193 1145 1393 1175 discumbentes
1407 1150 1483 1177 sinus
1502 1159 1533 1178 ac
1557 1156 1650 1186 pectus
1675 1153 1791 1187 ponitur
1811 1161 1859 1186 pro

1069 1189 1163 1218 habitu
1182 1191 1241 1219 sine
1264 1192 1345 1220 dubio
1364 1194 1602 1230 discumbentium,
1626 1198 1771 1234 formaque
1793 1207 1858 1226 con-

1068 1236 1132 1263 vivii
1150 1245 1158 1264 :
1186 1241 1213 1264 et
1233 1245 1328 1266 rursus
1351 1245 1379 1266 nt
1399 1241 1469 1275 apud
1492 1243 1646 1270 sacerdotes
1665 1245 1858 1277 pectusculum

1068 1286 1095 1309 et
1112 1282 1253 1310 brachium
1269 1286 1391 1320 mysticis
1402 1287 1558 1321 designatur
1568 1288 1700 1323 eloquiis;
1716 1289 1754 1316 ita
1772 1290 1857 1316 etiam

1068 1327 1190 1356 arbitror
1204 1329 1230 1356 in
1243 1332 1372 1365 praesenti
1389 1332 1458 1365 loco,
1476 1334 1520 1361 ubi
1535 1335 1682 1362 amantium
1704 1336 1818 1363 habitus
1832 1341 1858 1363 et

1069 1374 1202 1410 colloquia
1217 1376 1419 1409 describuntur.
1436 1380 1589 1414 gratissime
1610 1382 1661 1409 hoc
1676 1382 1768 1416 ipsum
1784 1383 1859 1416 prin-

1069 1420 1157 1455 cipale
1174 1421 1263 1449 cordis
1282 1423 1310 1449 in
1336 1424 1465 1452 uberibus
1483 1426 1654 1461 appellatum.
1681 1437 1690 1453 ›
1724 1428 1797 1455 Ecce
1814 1430 1860 1456 tibi

1069 1473 1114 1494 res
1131 1467 1240 1495 easdem
1255 1468 1281 1495 in
1298 1469 1409 1496 homilia
1430 1471 1520 1504 priore
1548 1472 1581 1499 ab
1605 1473 1777 1508 llieronymo
1792 1482 1860 1502 con-

1069 1518 1148 1539 versa
1175 1520 1253 1540 num.
1278 1514 1304 1546 5,
1336 1522 1417 1549 super
1443 1517 1566 1544 eumdem
1592 1518 1696 1546 Cantici
1726 1527 1858 1547 versum:

1072 1565 1082 1582 ι
1100 1556 1225 1591 Congrue
1240 1565 1330 1586 sermo
1355 1560 1463 1588 divinus
1483 1570 1564 1589 unam
1594 1565 1778 1599 eamdemque
1804 1574 1860 1593 rem

225 1601 338 1629 omnino
354 1601 475 1636 reliquias
499 1608 515 1628 e
534 1605 573 1627 tot
587 1600 707 1628 homiliis
723 1606 751 1627 et
768 1600 847 1628 tomis
863 1605 1013 1634 temporum
1027 1595 1049 1624 (ἶ
1065 1609 1115 1636 pro
1129 1601 1250 1630 locorum
1265 1605 1397 1638 qualitate
1412 1607 1528 1634 diversis
1545 1610 1684 1637 vocabulis
1700 1595 1858 1646 nuncupat.

226 1647 331 1680 injuriae
343 1647 482 1675 subductae
495 1650 568 1674 sunt.
581 1645 845 1674 Commentariorum
856 1646 884 1673 in
898 1645 1015 1674 Prover-

226 1693 270 1720 bia
290 1693 441 1728 fragmenta
453 1692 507 1720 duo
520 1692 547 1719 in
567 1692 735 1727 Apologeiico
748 1700 798 1720 suo
810 1692 967 1727 Pamphilus
980 1693 1015 1720 ab

226 1737 339 1764 interitu
355 1737 514 1764 vindicavit.
529 1736 608 1764 Aliud
619 1744 728 1771 quoque
746 1736 773 1764 in
789 1742 884 1765 catena
901 1736 1017 1764 Malari-

226 1784 309 1810 niana
323 1783 352 1810 in
368 1782 467 1809 Lucam
488 1786 592 1815 exstat,
608 1783 655 1809 sed
677 1787 836 1810 catenarum
862 1782 1015 1817 fragmenta

227 1836 370 1857 recensere
389 1829 466 1857 nobis
478 1829 521 1856 hic
538 1830 703 1863 propositum
719 1836 771 1856 non
788 1833 840 1856 est.

263 1875 319 1903 Vll.
337 1874 358 1902 E
374 1882 459 1909 parvo
483 1879 556 1902 tomo
583 1875 612 1901 in
634 1873 785 1906 Canticum,
811 1882 891 1908 quem
910 1873 1016 1908 juvenis

226 1920 375 1956 scripserat
389 1918 533 1955 Origenes,
549 1919 709 1954 particulam
722 1920 867 1954 quamdam
883 1918 1015 1947 habemus

226 1966 385 1995 Philocalia:
408 1966 499 2001 capite
527 1966 653 2000 septimo.
677 1965 698 1992 E
718 1965 838 1992 secundo
860 1973 926 1993 vero
943 1970 1016 1993 tomo

227 2012 488 2041 Commentariorum
504 2019 573 2046 quos
588 2012 680 2039 decem
693 2011 874 2038 voluminibus
887 2011 1016 2046 grandior

227 2062 293 2085 natu
308 2057 431 2093 digessit,
447 2056 520 2084 aliud
533 2061 703 2091 segmentum
721 2057 871 2091 reperimus
885 2057 1015 2085 vicesimo

227 2108 306 2131 sexto
333 2103 423 2138 capite
448 2101 617 2135 Philocaliw,
640 2109 701 2137 qua:
722 2102 750 2129 in
776 2110 809 2129 eo
833 2101 914 2129 linem
937 2102 1013 2131 facit.

226 2150 391 2178 Eorumdem
410 2157 474 2176 vero
487 2148 653 2176 voluminum
671 2149 764 2176 decem
778 2148 934 2183 Prologum,
953 2156 1014 2176 cum

227 2197 400 2231 sequentium
416 2201 550 2223 tomorum
567 2195 647 2222 initio
664 2194 761 2221 Latina
777 2194 903 2229 Origenis
917 2202 1015 2229 repraz-

228 2247 318 2272 sentat
332 2243 428 2275 editio,
453 2249 468 2269 a
492 2241 591 2268 Rullno
608 2241 829 2276 interpretatum,
855 2241 902 2268 sed
925 2241 1014 2268 defor-

227 2295 341 2322 matum,
355 2295 383 2317 et
399 2296 447 2324 pro
463 2287 581 2315 homiliis
596 2294 738 2322 perperam
756 2286 932 2314 venditatum.
957 2286 1014 2313 Cur

227 2337 264 2364 ita
279 2337 394 2363 sentiam
411 2342 509 2362 causas
521 2333 632 2360 alierum
650 2333 780 2360 adversus
795 2332 950 2364 nonnullos,
965 2332 1012 2366 qui

228 2383 261 2409 de
272 2381 363 2415 operis
376 2380 456 2415 hujus
470 2384 582 2407 auctore
600 2379 667 2406 falsa
692 2383 845 2406 senserunt.
865 2378 930 2413 Ejus
952 2378 1013 2413 qui-

228 2429 288 2456 dem
303 2428 421 2462 scriptor
432 2434 494 2455 esse
508 2426 640 2461 Origenes
655 2432 686 2452 ex
703 2424 773 2461 stylo
787 2425 1013 2459 deprehenditur,

228 2480 257 2503 et
275 2482 310 2502 ex
328 2473 483 2508 allegoricis
498 2477 527 2500 et
544 2471 718 2507 tropologicis
740 2470 967 2505 expositionibus,
986 2471 1014 2497 in

228 2529 297 2557 quas
313 2521 347 2548 ab
368 2519 509 2547 historicis
530 2519 661 2546 excurrit.
684 2517 713 2545 ld
736 2518 854 2552 probant
880 2521 1012 2552 praaterea

228 2566 370 2595 sententia:
394 2574 488 2593 earum
511 2564 666 2592 consimiles
685 2569 713 2591 et
734 2570 881 2599 germanae,
901 2571 963 2599 qua:
985 2563 1012 2589 in

227 2613 333 2641 duabus
352 2612 470 2639 homiliis
499 2611 532 2638 ab
557 2611 722 2647 Hieronymo
752 2610 891 2637 conversis
917 2616 1013 2637 occur-

228 2663 312 2686 runt:
327 2667 337 2684 ί
359 2657 579 2692 Epithalamium,
597 2657 689 2691 inquit.
703 2657 729 2683 in
754 2655 861 2691 Prologi
878 2656 967 2688 initio,
981 2656 1014 2683 li-

227 2704 314 2732 bellus
327 2704 381 2736 hic,
395 2703 421 2730 id
433 2708 475 2730 est
493 2703 613 2738 nuptiale
628 2710 748 2735 carmen,
769 2702 899 2729 dramatis
911 2701 938 2728 in
954 2710 1012 2729 mo-

229 2752 294 2778 dum
313 2750 379 2777 mihi
402 2749 509 2777 videtur
527 2757 542 2776 a
564 2748 708 2776 Salomone
730 2748 909 2782 conscriptus,
932 2756 1013 2783 quem

228 2796 330 2825 cecinit
348 2797 434 2824 instar
456 2796 583 2824 nubentis
611 2802 719 2830 sponsa:
746 2800 774 2822 et
797 2802 861 2830 erga
885 2802 1012 2830 sponsum

263 2886 286 2902 ”
300 2885 394 2914 Matth.
411 2893 438 2920 ν,
453 2886 480 2914 8.
518 2885 541 2902 ⁸⁸
564 2885 709 2922 Cantic._|,
732 2884 758 2912 7.

1066 1647 1180 1681 Quando
1206 1648 1294 1676 hostia
1309 1649 1423 1678 oﬁ‘ertur
1438 1652 1463 1679 in
1479 1653 1548 1687 lege,
1564 1659 1591 1680 et
1606 1654 1662 1681 vult
1685 1656 1858 1684 intellectum

1066 1693 1416 1729 ostendere,pectusculum
1428 1699 1607 1731 separationis
1619 1700 1729 1728 affatur.
1742 1702 1860 1735 Quando

1066 1746 1131 1766 vero
1153 1741 1290 1768 recumbit
1306 1741 1407 1777 aliquis
1428 1751 1489 1771 cum
1505 1743 1581 1776 Jesu,
1605 1751 1632 1772 et
1651 1754 1788 1775 sensuum
1801 1748 1862 1782 eius

1066 1787 1257 1815 communione
1270 1788 1430 1822 perfruitur,
1447 1798 1499 1817 non
1514 1792 1699 1825 pectusculum
1717 1799 1747 1820 ut
1761 1802 1859 1829 supra,

1068 1832 1114 1859 sed
1131 1838 1224 1866 pectus
1239 1833 1398 1868 alloquitur.
1419 1835 1503 1863 Porro
1526 1845 1588 1863 cum
1610 1837 1714 1872 Sponsa
1729 1839 1859 1874 loquitur

1067 1878 1099 1905 ad
1114 1878 1260 1913 Sponsum,
1275 1881 1337 1914 quia
1363 1881 1482 1914 nuptiale
1498 1889 1608 1910 carmen
1630 1884 1783 1917 inducitur,
1804 1895 1858 1913 non

1067 1925 1264 1957 pectusculum,
1289 1931 1317 1951 ut
1338 1926 1363 1952 in
1389 1926 1544 1959 sacriﬁcio;
1570 1936 1622 1955 non
1645 1935 1754 1963 pectus,
1778 1937 1809 1958 ut
1832 1933 1858 1959 iu

1066 1969 1168 1996 Joanne
1184 1971 1327 2005 discipulo,
1342 1972 1389 1998 sed
1406 1971 1488 1999 ubera
1508 1974 1638 2007 nominat,
1655 1974 1749 2003 dicens
1764 1986 1771 2003 :
1786 1978 1857 2009 Quia

1066 2016 1132 2042 bona
1144 2017 1222 2043 ubera
1236 2022 1282 2043 tua
1296 2025 1371 2050 super
1380 2019 1466 2044 vinum
1475 2019 1508 2045 ".
1526 2019 1701 2047 Communica
1711 2026 1741 2048 ut
1748 2021 1857 2057 Sponsa

1066 2070 1128 2089 cum
1141 2063 1266 2090 sensibus
1290 2062 1397 2097 Sponsi,
1414 2069 1440 2091 et
1455 2065 1526 2092 scias
1543 2066 1605 2097 quia
1623 2066 1759 2094 inebriant
1774 2073 1858 2103 atque

1067 2106 1204 2134 lzetilicant
1220 2108 1370 2135 istiusmodi
1390 2109 1557 2142 cogitatus.»
1580 2111 1647 2143 Quis
1670 2119 1722 2138 non
1747 2118 1858 2139 utrum-

1066 2161 1117 2187 que
1137 2153 1225 2180 locutn
1241 2154 1265 2180 id
1279 2154 1375 2181 eadem
1392 2155 1490 2181 incude
1505 2155 1647 2182 formatum
1663 2157 1761 2184 dicat?
1784 2157 1857 2184 lier-

1067 2200 1137 2227 linus
1155 2201 1262 2227 demum
1276 2201 1302 2227 in
1317 2201 1406 2236 aliquo
1422 2202 1531 2236 quidem
1557 2202 1650 2229 codice
1671 2211 1770 2230 nomen
1792 2204 1853 2231 Hie

1029 2264 1051 2292 Β
1069 2247 1175 2281 ronymi
1191 2247 1267 2281 operi
1291 2247 1354 2274 huic
1375 2249 1523 2282 ascriptum
1551 2256 1611 2276 sese
1626 2250 1762 2283 reperisse
1776 2250 1855 2281 dicit,

1067 2293 1113 2321 sed
1134 2292 1159 2318 in
1175 2293 1300 2319 omnibus
1318 2298 1407 2320 tamen
1422 2294 1538 2321 vetustis
1558 2299 1586 2321 et
1605 2295 1725 2328 probatis
1740 2295 1857 2322 volumi-

1068 2336 1147 2364 nibus
1164 2337 1308 2371 Origenem
1323 2343 1462 2365 auctorem
1477 2338 1579 2373 signari
1596 2338 1706 2366 fatetur.
1722 2339 1856 2366 Dubitau~

1068 2383 1130 2409 dum
1151 2383 1240 2416 itaque
1256 2391 1308 2410 non
1326 2390 1378 2415 est,
1392 2384 1455 2417 quin
1479 2384 1623 2419 Origenem
1650 2392 1718 2419 opus
1734 2385 1809 2413 istud
1822 2387 1857 2412 de

1068 2436 1121 2462 quo
1135 2430 1250 2464 agimus,
1263 2435 1400 2457 auctorem
1416 2431 1524 2458 habeat.

1104 2474 1182 2502 Nunc
1199 2483 1264 2502 vero
1280 2476 1446 2510 probandum
1462 2482 1503 2503 est
1522 2484 1663 2511 perperam
1681 2477 1767 2506 fuisse
1788 2479 1855 2507 illud

1069 2520 1095 2547 in
1114 2521 1240 2548 homilias
1265 2521 1450 2553 distributum,
1472 2527 1500 2548 et
1515 2528 1618 2556 partem
1640 2530 1701 2550 esse
1718 2530 1854 2551 tomomm

1068 2568 1158 2593 decem
1175 2574 1242 2600 quos
1255 2571 1282 2594 in
1306 2567 1443 2595 Canticum
1459 2568 1600 2601 scripsisse
1617 2572 1855 2597 memoratur.Ar-

1068 2618 1196 2647 gumento
1220 2614 1334 2648 primum
1362 2615 1447 2649 stylus
1471 2620 1523 2647 est,
1548 2623 1627 2650 quem
1643 2615 1803 2643 aliumtsse
1826 2617 1853 2643 in

1068 2659 1161 2691 tomis,
1180 2659 1262 2685 alitun
1286 2660 1311 2686 in
1331 2660 1450 2687 homiliis
1468 2661 1558 2687 sciunt
1574 2661 1618 2695 qui
1632 2662 1658 2688 in
1673 2661 1801 2696 Origeuis
1816 2663 1856 2689 le-

1069 2706 1157 2732 ctione
1184 2705 1285 2732 versati
1306 2711 1376 2732 sunt.
1403 2706 1495 2741 Stylus
1519 2707 1689 2735 homileticus
1707 2707 1856 2735 familiaris

1067 2757 1119 2782 est,
1143 2751 1269 2785 simplex,
1293 2753 1441 2786 popularis,
1470 2753 1560 2780 brevis
1581 2761 1589 2785 ;
1616 2752 1685 2780 alter
1713 2753 1854 2784 sublimis,

1069 2795 1195 2830 diliusus,
1213 2797 1347 2831 curiosus,
1371 2798 1507 2825 eruditus.
1527 2797 1601 2825 Talis
1625 2803 1713 2825 autem
1739 2798 1857 2835 scriptio
