3838 6222
234 304 366 361 12H

1038 301 1607 361 ORIGENIANORUM
1647 302 1775 359 LIB.
1818 303 1906 370 Ill,
1946 303 2099 359 CAP.
2140 301 2207 372 li,
2247 302 2438 360 SECT.
2480 303 2569 358 lli.

3314 304 3451 360 1218

224 415 280 469 in
305 414 609 479 Canticum,
668 413 733 469 de
784 426 891 483 qua
935 428 1023 469 res
1060 425 1164 470 est.
1214 415 1478 483 Quorsum
1524 426 1782 485 praeterea
1813 419 1859 476 Α
1886 415 2052 470 tinum
2077 430 2195 470 esse
2226 415 2545 482 referenda;
2597 414 2910 485 neutiquam
2944 429 3072 487 ergo
3098 416 3349 473 dubitare
3380 419 3452 473 li-

220 506 486 575 Prologus
512 503 635 559 ille?
654 502 927 572 'Prologos
953 504 1111 559 tomis
1135 520 1523 575 nunquamnon
1557 505 1786 575 praeﬁgit

221 600 521 669 Origenes;
549 612 822 665 nunquam
848 598 1103 652 homiliis.
1128 599 1410 653 Postremo
1437 598 1662 654 solemni
1687 600 1788 655 hac

222 690 466 746 clausula
498 688 744 759 Origenis
783 689 1022 745 homiliae
1052 690 1167 745 fere
1192 690 1475 745 terminari
1502 691 1697 757 solent,
1731 700 1790 747 ιη

221 783 313 836 vix
353 796 514 835 unam
546 780 841 834 alterumve
874 781 944 835 ah
968 783 1069 836 hoc
1100 796 1249 836 more
1278 782 1674 850 discrepantem
1702 798 1789 838 re-

224 870 427 935 perias,
464 869 521 922 ὲν
552 868 775 941 Χριστῷ
823 870 1021 941 Ἰησοῦ,
1073 863 1117 938 ᾧ
1149 872 1296 925 ἐστιν
1346 874 1379 943 ἡ
1422 872 1567 940 δόξα,
1605 873 1699 926 καὶ
1728 871 1789 925 τὸ

224 958 429 1029 κράτος
461 963 540 1025 εἰς
561 961 760 1025 αἰῶνας
789 960 897 1015 τῶν
935 961 1147 1016 αἰώνων
1175 980 1188 993 ·
1220 964 1526 1034 cujusmodi
1574 964 1706 1020 nihil
1735 965 1786 1019 in

221 1049 599 1123 ψευδωνύμως
624 1054 731 1108 illis
760 1054 1009 1125 Origenis
1031 1055 1267 1116 homiliis
1289 1058 1544 1111 occurrit.
1574 1056 1791 1110 Minime

221 1157 357 1211 ergo
401 1144 636 1200 homilize
679 1154 827 1212 sunt,
874 1146 969 1201 sed
1018 1147 1166 1201 tomi.
1221 1147 1432 1217 Optime
1472 1148 1790 1203 Vincentius

226 1231 627 1289 Bellovacensis
657 1233 870 1304 Speculi
898 1237 1204 1291 doctrinalis
1236 1237 1332 1292 lib.
1364 1253 1521 1302 xvut,
1555 1253 1673 1308 cap.
1699 1239 1788 1303 45,

222 1323 671 1395 Origenianarum
722 1328 1080 1398 scriptionum
1142 1345 1422 1385 numerum
1476 1339 1787 1396 contexens,

219 1417 475 1473 emisisse
496 1419 607 1473 Ada
619 1420 876 1473 mantium
896 1420 970 1474 ait
996 1420 1050 1474 in
1081 1418 1353 1475 Canticum
1373 1422 1620 1477 humilius
1637 1423 1788 1483 duas;

223 1507 283 1562 in
309 1510 630 1578 principium
683 1525 810 1565 vero
857 1510 977 1564 libri
1023 1510 1266 1578 ejusdem
1301 1512 1471 1568 libros
1508 1522 1639 1567 tres.
1681 1511 1790 1567 Nec

224 1602 433 1669 patitur
468 1603 647 1672 operis
675 1603 982 1674 granditas,
1012 1613 1069 1657 ut
1102 1614 1308 1674 partem
1338 1621 1456 1660 eam
1487 1619 1605 1661 esse
1633 1616 1789 1675 pute-

224 1709 349 1748 mus
379 1696 529 1763 parvi
559 1697 711 1762 tomi,
761 1712 922 1767 quem
962 1699 1179 1767 juvenis
1206 1698 1259 1752 in
1291 1698 1571 1753 Canticum
1604 1698 1788 1752 elabo-

222 1787 410 1841 ravit:
448 1801 567 1840 cum
608 1788 907 1856 prazsertitn
954 1788 1314 1858 fragmentum
1370 1788 1497 1844 illud
1544 1805 1575 1844 e
1624 1804 1789 1859 parvo
1819 1775 1864 1833 Β

222 1887 393 1945 tomo,
424 1878 566 1947 quod
596 1876 908 1933 ΡΙιὶιυσαιὶίε
934 1882 1115 1950 capite
1139 1881 1371 1950 septimo
1400 1880 1711 1945 adducitur,
1733 1880 1786 1935 in

220 1968 313 2023 his
341 1979 576 2039 quatuor
620 1970 859 2026 homiliis
900 1971 981 2025 vel
1014 1972 1239 2041 Prologo
1272 1987 1534 2040 nusquam
1575 1981 1785 2027 exstet:

218 2070 283 2114 at
304 2061 432 2115 illud
464 2060 693 2115 alterum
735 2063 879 2132 quod
911 2064 1087 2131 capite
1114 2064 1370 2118 vicesimo
1408 2072 1563 2118 sexto
1600 2061 1790 2117 Philo-

217 2153 377 2207 caliaa
403 2170 470 2207 ex
498 2156 736 2209 secundo
774 2171 804 2210 e
845 2155 1032 2210 decem
1081 2156 1240 2210 tomis
1280 2156 1648 2224 depromptum
1685 2164 1789 2221 est,

220 2244 283 2298 in
328 2245 546 2299 homilia
597 2246 833 2301 secunda
879 2260 947 2300 ex
1009 2246 1116 2301 illis
1170 2257 1405 2317 quatuor
1464 2248 1788 2315 reperiatur.

218 2333 564 2404 Quapropter
591 2336 887 2392 verisimile
909 2346 995 2392 est
1026 2347 1134 2393 tres
1166 2338 1414 2393 homilias
1446 2340 1652 2408 priores
1701 2338 1783 2408 ip-

218 2439 318 2479 sos
336 2440 456 2481 esse
478 2427 685 2495 priores
712 2436 885 2482 tomos
914 2437 1028 2484 tres
1052 2446 1066 2495 ;
1088 2437 1415 2499 postremam
1436 2444 1582 2494 vero,
1611 2430 1789 2499 quarti

219 2524 466 2584 partem;
497 2517 640 2586 quod
665 2526 721 2572 et
747 2533 813 2572 ex
840 2534 1028 2575 eorum
1061 2520 1372 2589 prolixitate
1417 2520 1687 2575 aestimare
1728 2519 1793 2573 li-

221 2618 336 2664 cet.
362 2607 602 2678 Denique
641 2609 694 2663 in
732 2623 797 2665 eo
848 2624 1010 2679 opere
1052 2610 1236 2664 laudat
1279 2609 1540 2680 Origenes
1562 2609 1792 2679 Exposi-

221 2700 401 2755 tiones
427 2716 554 2754 suas
594 2700 649 2754 in
680 2699 946 2766 Exortum,
976 2701 1030 2754 in
1064 2701 1374 2765 Leviticum,
1410 2701 1466 2755 in
1508 2699 1791 2764 Numeros,

220 2799 279 2844 et
303 2792 360 2844 in
396 2788 582 2855 Josue,
618 2806 756 2859 quas
782 2790 1061 2859 probabile
1087 2805 1194 2844 non
1226 2800 1313 2845 est
1334 2789 1448 2858 jam
1482 2799 1593 2844 tum
1625 2790 1794 2845 fuisse

222 2882 556 2945 elaboratas,
600 2896 720 2936 cum
746 2896 969 2948 parvum
1000 2892 1199 2935 tomum
1223 2881 1277 2934 in
1305 2879 1584 2935 Canticum
1628 2881 1792 2935 moli-

221 2983 398 3037 retur,
474 2983 656 3041 utpote
703 2988 865 3042 quem
901 2973 1075 3027 adhuc
1114 2971 1329 3040 juvenis
1363 2973 1701 3042 composuit;
1742 2984 1795 3027 at

220 3065 495 3117 maturior
519 3073 679 3118 aetate
704 3065 769 3117 ad
792 3064 976 3118 decem
1029 3072 1202 3119 tomos
1249 3064 1654 3120 concinnandos
1694 3080 1788 3121 ac-

219 3156 410 3211 cessit.
438 3156 610 3226 Ohjici
638 3165 820 3225 potest
848 3156 1110 3227 scriptum
1145 3172 1265 3213 esse
1289 3157 1356 3211 ab
1389 3157 1718 3229 Hieronymo
1739 3160 1791 3212 in

218 3248 454 3314 Prologo
511 3251 969 3319 interpretationis
1029 3250 1370 3304 homiliarum
1447 3251 1675 3305 duarum
1740 3250 1795 3305 in

219 3338 525 3407 Canticum,
574 3340 867 3412 Origenem
921 3341 973 3396 in
1008 3342 1193 3396 decem
1244 3344 1402 3397 tomis
1440 3342 1795 3413 Septuaginta

220 3432 574 3501 lnterpretes,
606 3434 880 3503 Aquilam,
900 3433 1313 3505 Symmachum,
1343 3434 1791 3502 Theodotionem,

219 3532 281 3578 et
325 3524 566 3593 quintam
626 3525 918 3579 editionem
979 3525 1259 3594 magnifice
1310 3536 1603 3594 aperteque
1637 3526 1799 3580 disse-

221 3616 441 3682 ruisse;
472 3620 613 3687 quod
646 3633 768 3672 cum
818 3618 870 3670 in
910 3615 1283 3687 ψευδωνύμως
1328 3631 1462 3685 quas
1499 3626 1793 3671 tractamus

221 3708 465 3762 homiliis
492 3725 597 3761 non
629 3721 905 3777 appareat,
944 3711 1071 3764 hinc
1111 3708 1369 3777 consequi
1420 3724 1555 3777 opus
1597 3723 1717 3763 esse
1760 3724 1789 3763 a

219 3802 412 3857 decem
444 3802 604 3856 tomis
627 3804 923 3859 diversum.
965 3802 1159 3857 Verum
1187 3804 1465 3858 sciendum
1513 3813 1598 3858 est
1643 3803 1796 3858 Ruﬁ-

222 3911 356 3950 num
407 3894 720 3964 scriptionis
772 3892 932 3965 hujus
973 3909 1096 3950 esse
1162 3895 1533 3963 interpretem,
1574 3903 1631 3949 ut
1672 3912 1794 3951 mox

222 3986 530 4050 ostendam,
570 3986 656 4039 cui
685 4001 810 4041 cum
842 3972 1085 4040 Soletnne
1131 3986 1204 4039 sit
1236 3995 1548 4054 pervertere
1593 3989 1793 4053 omnia,

219 4090 281 4132 et
312 4082 377 4132 ad
418 4078 628 4132 libitum
656 4092 975 4146 recoquere,
998 4080 1133 4133 adeo
1165 4086 1225 4131 ut
1266 4086 1440 4132 tomos
1464 4077 1715 4148 Origenis
1739 4081 1791 4134 in

223 4168 520 4239 Epistolam
566 4168 631 4221 ad
669 4166 943 4222 Romanos
1003 4167 1071 4222 ad
1105 4167 1335 4221 mediam
1382 4179 1591 4236 partem
1638 4185 1798 4223 coar-

222 4258 475 4324 ctaverit,
506 4257 628 4328 quis
659 4258 818 4311 ullam
857 4261 924 4313 ab
952 4272 1017 4312 eo
1046 4258 1201 4313 ﬁdem
1227 4258 1548 4327 ex5pectet?

298 4352 557 4421 Superest
587 4351 916 4406 utRuﬁnum
946 4353 1292 4421 interpretem
1319 4367 1440 4407 esse
1460 4353 1796 4409 demonstreo

222 4458 371 4497 mus.
409 4441 770 4513 Hieronymus
819 4442 873 4495 in
924 4441 1159 4513 Prologo
1186 4442 1530 4497 homiliarum
1566 4445 1791 4498 duarum

224 4536 477 4605 Origenis
502 4534 557 4587 in
584 4533 881 4598 Canticum,
915 4534 979 4590 de
1009 4535 1195 4591 decem
1228 4535 1591 4592 voluminibus
1634 4536 1793 4591 Com-

225 4626 615 4682 mentariorum
646 4641 829 4697 agens,
866 4641 1052 4681 eorum
1100 4628 1596 4698 interpretationem
1642 4631 1719 4684 ait
1762 4646 1790 4684 a

224 4734 288 4773 se
330 4718 494 4774 fuisse
536 4721 990 4788 praetermissam,
1044 4720 1188 4789 quod
1244 4736 1330 4776 res
1372 4730 1517 4776 esset
1562 4722 1793 4792 ingentis

225 4811 348 4873 otii,
369 4810 566 4865 laboris
608 4818 663 4865 et
695 4822 1027 4880 sumptuum.
1058 4813 1116 4866 ln
1139 4812 1277 4867 libro
1318 4828 1531 4883 quoque
1557 4813 1635 4869 De
1661 4816 1793 4868 scri-

225 4903 463 4967 ptoribus
489 4901 696 4967 eccles.,
726 4918 849 4971 cap.
880 4903 1007 4969 155,
1040 4905 1179 4958 inter
1204 4906 1377 4962 libros
1407 4905 1653 4978 Origenis
1679 4924 1706 4961 a
1735 4921 1795 4961 se

224 5009 538 5059 conversos,
569 4995 769 5049 nullam
799 4996 958 5064 hujus
986 4999 1319 5054 mentionem
1370 4998 1519 5054 fecit.
1570 4998 1794 5055 Minime

227 5088 391 5155 igitur
428 5088 752 5159 Hieronymo
779 5091 1100 5145 ascribenda
1132 5102 1213 5145 est
1247 5092 1360 5147 haec
1391 5093 1790 5161 interpretatio.

226 5182 538 5237 Gennadius
570 5192 750 5237 autem
805 5182 858 5236 in
904 5181 1163 5253 Catalogo
1205 5186 1435 5239 virorum
1475 5184 1790 5248 illustrium,

225 5290 348 5345 cap.
394 5275 481 5338 l8,
529 5276 839 5345 signiﬁcare
898 5275 1111 5329 videtur
1159 5289 1498 5344 quascunque
1543 5272 1792 5345 Origenis

227 5381 388 5438 Opera
423 5366 804 5437 Hieronymum
833 5368 1183 5437 interpretem
1206 5381 1312 5421 non
1339 5366 1564 5431 habent,
1591 5367 1658 5421 ad
1684 5364 1793 5419 ltu-

1886 515 1971 558 cet
1994 507 2124 575 quin
2156 504 2535 574 interpretatio
2555 520 2617 560 ea
2648 505 2841 559 Ruﬁno
2866 505 3127 560 debeatur
3154 523 3167 558 :
3194 523 3314 565 nam
3346 524 3448 562 an-

1889 597 2092 667 tiquam
2121 613 2265 663 esse,
2307 606 2362 653 et
2400 601 2656 668 aequalem
2695 598 3127 669 Hieronytuianaz
3171 600 3367 663 aetatis,
3400 608 3456 655 et

1886 690 2166 747 Gennadio
2193 691 2556 760 antiquiorem
2590 691 2762 763 stylus
2808 692 2943 746 satis
2988 692 3210 764 arguit;
3243 694 3355 762 qui,
3394 705 3457 750 ut

1888 784 1991 839 alia
2017 784 2197 839 omnia
2223 784 2690 854 prastermittcrem
2733 793 3071 853 argumenta,
3118 784 3266 838 solus
3307 784 3459 840 Ruﬁ-

1889 891 2015 929 num
2048 877 2396 947 interpretem
2424 877 2644 931 indicat.
2674 875 2907 931 Maxime
2945 892 3075 930 vero
3108 876 3348 931 indicant
3372 892 3459 932 se-

1890 968 2042 1024 lectae
2065 968 2332 1037 quaedam,
2373 976 2429 1023 et
2480 982 2685 1037 magna
2716 984 2781 1022 ex
2828 976 2982 1035 parte
3011 968 3255 1022 barbarae
3296 984 3458 1024 voces

1890 1060 2085 1115 Ruﬁno
2122 1060 2517 1124 usitatissimai,
2545 1059 2848 1128 Cujusmodi
2896 1059 2998 1113 illa:
3028 1069 3173 1122 sunt,
3219 1078 3238 1110 ε
3268 1061 3461 1114 attitu-

1890 1150 2026 1215 lare,
2081 1159 2483 1219 competenter,
2542 1152 2826 1221 complecti
2871 1170 2889 1203 ι
2957 1152 3009 1205 in
3052 1152 3450 1222 signiﬁcatione

1890 1245 2124 1314 passiva,
2177 1261 2197 1295 ‹
2226 1259 2464 1310 cassare,
2524 1254 2797 1311 creatura,
2832 1264 2851 1297 ι
2910 1260 3006 1315 pro
3046 1246 3276 1309 creatio,
3312 1263 3333 1295 ι
3369 1246 3452 1300 in—

1891 1336 2187 1405 corruptio,
2219 1337 2601 1402 numerositas,
2649 1336 3029 1399 observantiae,
3078 1338 3457 1403 observanter,

1891 1428 2258 1499 participium,
2311 1447 2330 1480 ι
2394 1444 2493 1497 pro
2542 1444 2607 1483 eo
2642 1429 2784 1499 quod
2840 1438 2943 1496 est,
3002 1429 3174 1499 partis
3218 1431 3458 1498 adeptio,

1896 1538 1917 1573 ι
1957 1521 2305 1591 pretiositas,
2355 1521 2780 1587 rationabiliter,
2836 1522 3097 1585 refutare,
3139 1540 3156 1573 ι
3212 1538 3308 1590 pro
3361 1521 3460 1576 ah-

1892 1630 2080 1682 nuere,
2117 1633 2136 1666 ι
2169 1615 2524 1684 sequestrari,
2558 1614 2956 1685 signiﬁcantire.
3004 1632 3023 1666 ι
3062 1613 3212 1680 Quod
3260 1614 3302 1668 si
3341 1614 3463 1683 quis

1891 1715 2127 1776 opponat
2162 1706 2706 1777 interpretationibus
2753 1707 2867 1761 suis
2909 1706 3171 1775 Prologos
3202 1706 3460 1762 Ruﬁnum

1890 1800 2165 1870 praeﬁgere
2198 1799 2395 1865 solere,
2429 1808 2485 1853 ut
2514 1800 2677 1853 tradit
2720 1798 3033 1854 Gennadius
3083 1797 3337 1867 Catalogo
3386 1799 3462 1851 ui-

1889 1907 2066 1945 rorum
2096 1891 2409 1956 illustrium,
2434 1906 2557 1960 cap.
2590 1890 2677 1951 ‘18,
2708 1889 2834 1944 huic
2876 1900 3055 1943 autem
3099 1889 3238 1943 libro
3268 1888 3458 1943 Prolo-

1888 1998 2015 2053 gum
2047 1983 2116 2037 ab
2143 1983 2435 2053 interprete
2465 1984 2767 2051 appositum
2805 1996 2909 2036 non
2960 1981 3161 2044 fuisse;
3204 1980 3342 2034 sciat
3373 1979 3463 2033 ille

1889 2075 2086 2129 multos
2123 2090 2152 2128 e
2183 2074 2360 2128 Ruﬁni
2393 2074 2629 2144 prologis
2669 2074 3014 2128 intercidisse
3047 2089 3062 2138 ;
3107 2072 3251 2127 velut
3291 2072 3461 2134 illum,

1889 2178 2048 2231 quem
2075 2164 2232 2218 toties
2257 2163 2620 2229 laudavimus,
2658 2162 2910 2217 Nutneris
2941 2162 3244 2229 praeﬁxum,
3282 2171 3336 2214 et
3361 2161 3463 2217 Ur-

1890 2255 2038 2308 sacio
2068 2254 2407 2322 inscriptum,
2445 2268 2602 2324 quem
2635 2253 2821 2308 Latina
2871 2252 2983 2325 (78)
3016 2253 3263 2323 Origenis
3286 2253 3453 2308 editio

1891 2346 2202 2416 neutiquam
2238 2355 2611 2417 repraesentat.

1963 2434 2093 2502 Qua:
2123 2452 2245 2491 cum
2278 2436 2350 2489 ita
2391 2436 2527 2499 sint,
2565 2436 2632 2489 de
2663 2433 2831 2489 nihilo
2859 2448 2978 2490 esse
3019 2441 3186 2504 patet,
3229 2435 3371 2502 quod
3404 2433 3457 2487 in

1892 2526 2124 2581 vetustis
2180 2525 2506 2595 quihusdam
2552 2524 2832 2580 codicibus
2892 2540 3086 2580 nomen
3139 2523 3454 2593 Hieronymi

1891 2615 2258 2672 lucubrationi
2288 2616 2414 2670 huic
2448 2615 2549 2681 fuit
2579 2623 2955 2684 praanotatum,
2984 2624 3042 2669 ut
3066 2613 3318 2669 observat
3341 2612 3462 2667 Six-

1895 2717 2018 2771 tus;
2053 2709 2307 2777 quodque
2338 2723 2401 2761 ex
2450 2707 2551 2761 hoc
2580 2721 2743 2775 Opere
2797 2705 3107 2760 testimonia
3158 2705 3456 2759 attulerunt

1894 2800 2155 2872 Magister
2180 2800 2606 2864 Sententiarum,
2643 2808 2699 2852 et
2728 2797 2787 2854 S.
2813 2797 3070 2863 Thomas,
3101 2800 3203 2854 sub
3236 2802 3458 2856 nomine

1896 2893 2195 2949 Ambrosii.
2228 2891 2585 2962 Castigandus
2636 2904 2851 2960 quoque
2903 2888 3161 2944 Erasmus
3189 2889 3255 2955 “,
3294 2893 3384 2961 qui
3410 2902 3466 2946 et

1898 2985 2012 3055 ipse
2034 2983 2221 3048 sentit,
2265 2990 2319 3035 et
2369 2982 2509 3035 idem
2558 2991 2617 3033 ut
2661 2980 2929 3034 sentirent
2970 2977 3463 3051 Magdeburgenses

1898 3075 2144 3148 perfecit,
2172 3074 2275 3128 hoc
2301 3088 2438 3144 opus
2463 3085 2587 3127 esse
2622 3069 2872 3123 Hominis
2916 3067 3113 3135 Latini,
3137 3071 3352 3139 pulchre
3378 3073 3470 3126 do-

1898 3168 1987 3233 cti,
2030 3182 2093 3220 ac
2144 3166 2267 3219 bene
2298 3164 2531 3217 diserti:
2574 3172 2855 3233 prepterea
2906 3162 3048 3230 quod
3100 3160 3155 3214 in
3208 3160 3462 3233 Prologo,

1899 3274 1955 3328 p.
2006 3255 2100 3319 27,
2153 3254 2370 3309 Graecos
2408 3252 2614 3315 laudat,
2658 3251 2806 3305 velut
2854 3250 3075 3317 alienos,
3118 3250 3202 3305 his
3245 3253 3464 3307 verbis:

1902 3365 1921 3399 ι
1956 3344 2090 3400 Cum
2125 3345 2264 3413 apud
2295 3342 2536 3405 Graecos,
2581 3340 2673 3411 qui
2719 3340 2918 3394 eruditi
2972 3354 3034 3394 ac
3078 3343 3351 3409 sapientes
3380 3343 3463 3396 vi-

1896 3437 2114 3491 dentur.
2162 3453 2181 3487 ι
2228 3434 2284 3489 Id
2326 3436 2499 3503 ipsum
2552 3434 2758 3502 liquere
2786 3433 2864 3486 ait
2900 3448 2967 3487 ex
3010 3434 3463 3503 interpretatione

1901 3546 1921 3580 ι
1955 3529 2203 3593 amoris,
2255 3526 2575 3587 charitatis,
2632 3524 2936 3579 dilectionis
2999 3536 3051 3579 et
3096 3526 3384 3594 cupidinis.
3440 3544 3462 3579 ι

1897 3618 2121 3672 Demum
2178 3616 2488 3684 suspicatur
2538 3616 2655 3684 ejus
2692 3630 2835 3679 esse,
2878 3615 3035 3684 cujus
3079 3626 3301 3670 exstant
3338 3616 3461 3671 littri

1894 3708 1973 3764 De
2024 3709 2293 3763 vocatione
2336 3708 2590 3777 gentium,
2626 3717 2680 3761 et
2726 3707 3116 3761 Commentarii
3168 3709 3220 3761 in
3255 3710 3465 3778 aliquot

1894 3803 2152 3873 psalmos.
2194 3800 2323 3866 Quae
2355 3815 2515 3870 quam
2544 3798 2735 3853 frivola
2768 3799 2899 3863 sint,
2929 3810 3234 3869 promptum
3267 3811 3352 3856 est
3377 3817 3469 3856 os-

1896 3897 2133 3949 tendere.
2194 3892 2454 3946 Ethnicos
2514 3906 2703 3946 onmes
2747 3907 2777 3945 a
2831 3891 2973 3945 Luca
3018 3893 3072 3944 in
3118 3891 3291 3956 Actis,
3333 3902 3390 3946 et
3435 3907 3466 3946 a

1895 3985 2061 4040 Paulo
2104 3983 2370 4055 Ἕλληνας
2426 3983 2687 4051 appellari
2739 3993 2923 4036 notum
2968 3992 3093 4037 est:
3132 3983 3260 4038 hinc
3294 3983 3466 4039 Judaei

1894 4089 2242 4148 opponuntur
2270 4080 2383 4142 τοῖς
2414 4076 2674 4147 Ἕλλησι,
2713 4076 2764 4129 id
2808 4084 2893 4129 est
2922 4075 3155 4130 ethnicis
3198 4090 3294 4130 seu
3333 4091 3468 4145 gen-

1898 4171 2105 4224 tilibus.
2128 4170 2315 4237 Itaque
2343 4184 2371 4223 a
2400 4168 2652 4223 Patrihus
2678 4166 2964 4238 Ἕλληνες,
3002 4176 3255 4236 tanquam
3302 4166 3467 4221 alieni

1896 4263 2211 4329 laudantur,
2265 4271 2320 4316 et
2368 4262 2435 4315 ab
2477 4261 2592 4332 ipso
2634 4261 2799 4314 etiam
2847 4257 3077 4328 Origene
3130 4269 3260 4313 tom.
3303 4275 3371 4313 xv
3412 4259 3469 4311 in

1896 4353 2113 4417 Matth"
2145 4370 2292 4409 num.
2324 4353 2411 4417 15,
2431 4354 2520 4408 ubi
2557 4352 2670 4407 ait:
2709 4351 2835 4404 Ἐὰν
2858 4351 2917 4404 δέ
2940 4369 3025 4414 τις
3051 4353 3118 4421 τῇ
3153 4349 3469 4423 ἀνθρωπίνῃ

1823 4478 1869 4535 D
1896 4446 2097 4518 ὲνορῶν
2135 4444 2387 4516 ἀσθενείᾳ
2416 4447 2726 4516 καταφρονῇ
2756 4445 2851 4515 μὲν
2879 4444 2977 4515 τῆς
3005 4443 3221 4506 λέξεως,
3249 4443 3467 4513 τράπη-

1896 4552 1986 4589 ται
2018 4535 2074 4588 δὲ
2099 4534 2185 4587 ἐπ’
2218 4534 2569 4605 ἀλληγορίας,
2597 4532 3045 4603 Suam-moueatur
3073 4531 3134 4583 ἐκ
3165 4548 3326 4584 τινων
3369 4530 3468 4585 καὶ

1908 4626 2232 4698 Ἑλληνικῶν
2275 4628 2541 4697 ἱστοριῶν,
2583 4627 2640 4677 ἐν
2677 4621 2758 4688 οἷς
2793 4624 2880 4677 διὰ
2916 4624 3015 4695 τὴν
3056 4622 3186 4694 παρ’
3238 4622 3466 4692 Ἕλλησι

1898 4720 2089 4789 σοφίαν
2126 4718 2621 4791 ἱστοροῦνταίτινες
2649 4716 2710 4769 τὸ
2736 4714 2969 4770 ἐνταῦθα
2990 4716 3069 4787 τῷ
3096 4715 3333 4787 πλουσίῳ
3362 4714 3467 4768 ὑπὸ

1895 4814 1989 4869 τοῦ
2024 4814 2275 4885 Σωτῆρος
2308 4813 2594 4885 εἰρημένον
2635 4811 3013 4882 πεποιηκέναι.
3068 4811 3335 4866 Cteterum
3381 4809 3467 4864 vel

1899 4919 1963 4959 ex
2015 4905 2116 4958 hoc
2161 4904 2298 4970 loco,
2338 4906 2477 4958 unde
2519 4902 2927 4972 supposititiutn
2975 4914 3094 4955 esse
3144 4900 3277 4955 illud
3324 4916 3465 4971 opus

1899 4994 2116 5063 conjicit
2144 4993 2425 5058 Erasmus,
2454 4993 2544 5048 uhi
2587 5008 2693 5047 non
2728 4992 2976 5047 obscuris
2998 4992 3179 5048 verbis
3223 4990 3470 5049 Platonis

1900 5087 2155 5141 laudatur
2188 5085 2557 5155 Symposium,
2582 5085 2637 5139 iu
2670 5099 2775 5153 quo
2802 5085 2868 5138 de
2895 5084 3097 5139 amoris
3128 5096 3323 5138 natura
3355 5084 3468 5138 dis-

1898 5178 2124 5241 seritur,
2159 5178 2472 5246 conjectura
2511 5191 2616 5231 non
2646 5175 2778 5231 levis
2802 5176 2919 5245 capi
2951 5184 3150 5245 potest,
3176 5184 3463 5231 auctorem

1896 5270 2080 5339 operis
2112 5268 2276 5339 hujus
2323 5283 2444 5323 esse
2496 5266 2813 5338 Origenem,
2840 5267 2927 5322 cui
2960 5267 3195 5322 Platonis
3227 5267 3469 5336 disputa-

1900 5362 2075 5418 tiones
2107 5375 2236 5417 suos
2262 5359 2320 5414 in
2353 5375 2481 5417 usus
2499 5370 2819 5416 convertere
2830 5357 3073 5415 solemne
3098 5368 3201 5414 est.
3227 5354 3379 5423 Quod
3396 5352 3466 5411 ad

304 5550 350 5582 "
374 5551 580 5606 Erasm.
610 5552 662 5605 in
703 5550 918 5606 Censur.
949 5550 1041 5605 lib.
1074 5548 1220 5620 Orig.
1255 5548 1723 5621 Magdcburgens.,
1757 5560 1969 5606 ceutnr.
1994 5551 2047 5616 3,
2079 5564 2201 5617 cap.
2227 5548 2313 5604 10.

298 5670 831 5745 (78)_Quem__[._atina
877 5672 1121 5743 Origenis
1163 5672 1324 5727 editio
1370 5677 1670 5745 neutiquam
1729 5683 2085 5745 repraesentat.
2140 5672 2293 5730 Hunc
2348 5680 2797 5745 reprasentamus
2848 5670 2899 5726 in
2949 5668 3201 5725 editionis
3260 5675 3467 5725 nostra)

411 5742 470 5809 n,
505 5759 557 5812 p.
588 5740 715 5796 273.
