3794 6222
122 309 265 366 1221

935 283 1507 366 οιιιοιιιιιιιιιοιωιι
1547 303 1677 362 LlB.
1723 305 1810 374 ιιι,
1851 305 2004 364 car.
2040 305 2107 372 ll,
2151 305 2347 364 secs.
2377 305 2466 362 ιιι.

3227 305 3368 360 122:2

125 419 390 477 nifestum
439 427 523 476 est
574 417 762 474 titulos
820 417 906 474 bis
948 419 1184 473 homiliis
1229 414 1482 487 praefixos
1509 414 1848 488 Hiero-Ap.
1887 417 2021 484 l66;
2074 416 2214 472 aliud
2257 433 2322 472 ex
2369 419 2559 472 eodem
2603 416 2670 472 ad
2707 432 2827 488 cap.
2875 417 2970 484 23,
3015 429 3178 488 atque
3224 421 3369 475 aliud

117 529 280 586 nymt
337 528 444 568 non
502 526 640 567 esse.
685 512 764 564 Ad
816 511 932 566 haec
974 510 1333 580 fragmentum
1375 522 1441 562 ex
1477 508 1700 564 homilia

120 605 408 660 tricesima
461 618 626 672 nona,
685 602 864 673 capite
917 601 1128 657 decimo
1177 598 1490 655 Philocalite
1546 599 1702 654 exhi-

117 700 308 754 betur.

195 789 269 844 X.
310 788 462 843 Tomi
505 786 754 858 Origenis
796 787 850 841 in
880 786 1204 841 Ezechielem
1242 784 1484 840 vicesimi
1530 782 1702 854 parti-

119 882 249 935 cuia
288 882 516 950 quadam
544 889 752 936 constat
795 880 1135 934 undecimum
1169 876 1477 931 Philocaliw
1523 883 1700 945 caput.

119 971 491 1042 Hieronymus
533 985 664 1025 vero
709 969 1119 1039 quatuordecim
1167 967 1407 1036 ejusdem
1456 966 1703 1021 homilias

120 1063 177 1118 in
212 1063 356 1116 hunc
384 1061 554 1130 ipsum
584 1061 901 1130 prophetam
932 1058 1188 1113 Romanis
1208 1057 1388 1111 verbis
1414 1056 1700 1126 expressit.

123 1151 315 1208 Testis
344 1151 608 1222 Prologus
654 1152 707 1206 in
737 1166 925 1205 earum
966 1149 1310 1204 homiliarum
1338 1148 1515 1202 fronte
1543 1147 1704 1200 collo-

118 1256 324 1299 catus;
359 1243 514 1299 testis
538 1255 593 1298 et
627 1243 764 1297 liber
794 1242 870 1296 De
915 1244 1158 1309 scriptor.
1182 1242 1390 1305 eccles.,
1431 1255 1549 1308 cap.
1579 1237 1701 1304 146,

122 1339 288 1391 testis
331 1351 543 1407 quoque
571 1334 816 1400 Rufinus,
863 1335 1060 1388 iuvect.
1085 1333 1140 1399 2,
1168 1332 1259 1402 qui
1289 1342 1341 1385 et
1372 1331 1438 1385 ad
1469 1331 1702 1385 Vincen-

121 1429 264 1483 tium
293 1427 578 1498 Prologum
608 1428 866 1496 scriptum
898 1425 1065 1479 fuisse
1094 1426 1270 1478 docet.
1307 1421 1542 1476 Miratur
1574 1422 1703 1476 Era-

119 1534 283 1573 smus
314 1519 365 1572 iu
405 1517 626 1571 Censur.
667 1515 760 1568 lib.
788 1512 1030 1584 0rigen.,
1059 1514 1186 1583 quid
1231 1513 1413 1568 sitcur
1440 1511 1705 1581 Hierony-

121 1624 272 1674 tnus,
299 1608 434 1663 alias
460 1608 651 1662 creber
691 1605 1130 1675 praefationibus,
1175 1603 1308 1657 nihil
1352 1607 1417 1655 ad
1457 1600 1706 1655 homilias

121 1703 180 1754 in
217 1700 420 1754 Isaiam
483 1707 537 1754 et
566 1698 849 1752 Jeremiam
892 1712 921 1750 a
966 1711 1024 1751 se
1067 1695 1259 1750 Latine
1291 1695 1528 1748 redditas
1571 1707 1707 1762 prte-

124 1794 275 1847 fatus
318 1795 421 1857 sit;
470 1790 522 1844 in
559 1789 791 1856 Prologo
829 1797 1012 1842 autem
1053 1787 1119 1839 ad
1159 1784 1414 1839 homilias
1469 1784 1523 1836 in
1568 1780 1707 1834 Eze-
1742 1786 1760 1845 ι

1820 1793 2065 1847 Holmien
2076 1794 2151 1847 sis

121 1884 350 1938 c/zielcm
374 1896 589 1937 erasum
622 1881 869 1951 queritur
909 1876 1224 1947 Hieronymi
1260 1890 1476 1936 nomen,
1511 1884 1563 1928 et
1591 1872 1708 1941 ejus

124 1995 346 2050 quoque
391 1993 552 2048 quem
607 1975 967 2045 Hieronymus
1014 1973 1324 2043 alloquitur.
1391 1970 1709 2041 Suspicatur

122 2086 262 2126 vero
313 2068 570 2139 Prologos
605 2066 773 2121 fuisse
805 2065 1046 2122 sublatos
1088 2066 1155 2119 ab
1185 2065 1266 2118 his
1306 2063 1373 2117 ad
1407 2078 1542 2133 quos
1577 2065 1710 2117 scri-

123 2172 334 2234 pserat,
376 2169 656 2229 postquam
692 2157 942 2226 Origenis
993 2170 1186 2209 nomen
1235 2154 1439 2208 factum
1480 2163 1564 2208 est
1604 2152 1709 2207 Ro-

125 2251 309 2306 manis
335 2251 679 2312 invidiosum,
705 2256 761 2302 et
794 2246 1090 2302 verisimile
1112 2261 1231 2300 esse
1260 2246 1312 2298 in
1350 2245 1433 2298 bis
1463 2243 1710 2312 Prologis

125 2344 517 2414 Hieronymum
570 2342 854 2412 magnifice
899 2340 1223 2409 praadicasse
1256 2337 1504 2407 Origenis
1555 2337 1707 2406 inge-

128 2440 304 2494 nium.
337 2437 448 2507 Ego
480 2451 608 2490 vero
655 2434 884 2504 singulis
915 2433 1068 2487 libris
1101 2431 1351 2502 Origenis
1389 2445 1418 2482 a
1451 2445 1508 2484 se
1537 2444 1707 2499 expo-

129 2532 252 2585 sitis
277 2530 529 2598 prologos
567 2527 917 2597 prmtexuisse
941 2524 1326 2594 Hieronymum
1357 2521 1552 2584 fateor,
1586 2536 1708 2574 nam

130 2624 185 2676 id
211 2623 408 2676 asserit
434 2619 751 2675 Gennadius
775 2619 826 2671 in
849 2615 1102 2685 Catalogo
1129 2617 1358 2669 virorum
1384 2613 1708 2665 illustrium:

130 2725 189 2769 at
230 2730 370 2784 quos
405 2712 712 2784 praetexuit,
759 2727 866 2765 non
906 2709 972 2764 de
1004 2708 1302 2774 industria,
1342 2705 1437 2760 sed
1481 2719 1608 2759 casu
1658 2711 1712 2758 et

132 2806 486 2861 librariorum
519 2802 808 2858 oscitantia
837 2814 1041 2855 censeo
1079 2797 1244 2851 fuisse
1271 2795 1547 2860 sublatos;
1579 2793 1713 2847 alio-

134 2901 271 2969 quin
304 2897 549 2952 sublatus
578 2909 792 2966 quoque
816 2894 1007 2947 fuisset
1043 2889 1304 2960 Prologus
1327 2890 1393 2943 ad
1424 2889 1711 2943 Damasum

135 2991 379 3046 homiliis
407 2989 655 3060 Origenis
678 2991 731 3042 in
755 2988 1025 3042 Canticum
1057 2984 1341 3056 praefixos;
1369 2993 1424 3036 et
1448 2983 1550 3037 iste
1576 2980 1714 3035 alter

135 3084 202 3136 ad
232 3081 486 3137 homilias
513 3081 568 3134 in
598 3078 943 3135 Ezeclu'elem.
978 3077 1034 3131 In
1067 3075 1305 3130 editione
1337 3073 1545 3128 Merlini
1575 3071 1711 3126 Pro-

136 3177 258 3245 logo
298 3173 551 3244 prmﬁxus
578 3181 660 3226 est
701 3171 790 3224 hic
825 3170 1050 3223 titulus:
1083 3166 1344 3237 Prologus
1374 3166 1712 3219 translatoris

135 3267 372 3335 ejusdem
398 3279 415 3317 :
447 3262 562 3331 ejus
590 3275 780 3330 nempe
803 3259 893 3329 qui
929 3258 1310 3313 antecedentes
1340 3253 1591 3325 Origenis
1621 3255 1716 3308 ho-

138 3354 318 3408 milias
363 3355 415 3406 in
461 3350 746 3405 Jeremiam
779 3357 1034 3415 verterat,
1081 3361 1238 3416 quem
1267 3354 1484 3400 constat
1527 3343 1716 3399 Hiero-

138 3460 360 3517 nymum
391 3443 579 3498 fuisse.

207 3536 304 3592 ιιι.
345 3535 696 3592 Ostendimus
726 3531 975 3601 superius
1006 3545 1070 3585 ex
1103 3528 1379 3585 Prommio
1414 3527 1713 3583 Commen-

139 3633 404 3686 tariorum
450 3627 757 3697 Hieronymi
793 3627 847 3678 in
889 3622 1112 3688 Oscam,
1155 3637 1381 3691 parvum
1431 3620 1718 3690 scripsisse

138 3723 380 3779 libellum
418 3718 704 3790 Origenem
751 3716 842 3788 ᾲρὶ
866 3715 1007 3769 Πτοῦ
1049 3713 1164 3777 πῶς
1203 3712 1498 3783 ὠνομάσθη
1545 3714 1601 3764 ὲν
1639 3709 1716 3781 τῷ

153 3816 318 3885 Ὠσηὲ
362 3812 622 3883 Ἐφραϊμ,
652 3819 706 3864 et.
740 3808 885 3862 aliud
923 3816 1181 3876 praeterea
1222 3805 1274 3858 in
1308 3807 1556 3859 eumdem
1593 3819 1717 3873 pro-

141 3909 362 3980 phetam
402 3908 651 3960 volumen
695 3901 965 3970 ἀκέφαλον
1003 3901 1096 3953 καὶ
1143 3897 1447 3952 ἀτέλεστον.
1485 3895 1563 3950 Ex
1595 3906 1716 3950 utro

141 4001 367 4070 petitum
400 3997 468 4051 sit
505 3995 647 4050 istud
680 3993 1076 4062 fragmentum,
1119 4005 1226 4056 quo
1266 3987 1532 4044 conflatur
1569 3999 1718 4041 octa-

140 4105 272 4145 vum
305 4087 614 4141 Philocalia:
647 4094 830 4156 caput,
878 4083 1146 4138 incertum
1191 4090 1308 4142 est;
1351 4095 1416 4136 ex
1454 4078 1717 4134 alterutro

144 4183 370 4253 petitum
415 4195 534 4235 esse
589 4189 797 4232 certum
843 4185 927 4230 est
977 4193 990 4230 :
1051 4191 1174 4228 nam
1226 4172 1473 4244 quamvis
1531 4171 1582 4225 id
1638 4169 1718 4225 eis

145 4273 482 4344 praemissum
530 4271 639 4325 sit:
688 4269 781 4322 Ἐκ
827 4266 936 4321 τῶν
983 4268 1061 4330 εἰς
1112 4266 1200 4319 τὸν
1252 4265 1410 4337 Ὠσηὲ
1458 4261 1716 4334 ἐξηγητι-

146 4366 281 4430 κῶν,
331 4363 689 4432 Hieronymus
739 4369 918 4415 autem
966 4359 1087 4414 loco
1143 4355 1361 4411 laudato
1426 4354 1604 4408 nullos
1650 4352 1717 4406 ab

1809 512 1935 566 item
1988 511 2193 580 ρ.167,
2236 527 2302 566 ex
2351 511 2541 566 iisdem
2590 511 3028 582 Expositionihus
3070 515 3126 567 in
3181 513 3370 568 Matth.

1806 604 1959 672 Cujus
1986 603 2158 657 locum
2193 619 2299 658 non
2339 603 2557 657 indicat.
2584 602 2875 673 lndiligens
2910 604 3151 674 profecto
3183 603 3376 660 Bulen-

1807 711 1987 765 gerus,
2031 696 2119 765 qui
2157 696 2297 750 unde
2339 695 2455 749 h:ec
2505 696 2755 749 habuerit
2800 697 2924 761 sibi,
2963 697 3218 750 lectorem
3267 711 3376 750 non

1809 788 2038 840 monuit.
2084 788 2165 840 An
2214 803 2280 842 ex
2327 787 2514 841 codice
2568 786 2751 856 aliquo
2787 803 2944 840 manu
2989 789 3234 856 scripto?
3278 791 3370 842 vix

1809 880 1971 934 credo
2000 897 2012 932 :
2048 894 2169 932 nam
2199 879 2508 948 quicunque
2551 879 2708 933 hodie
2737 888 3043 946 supersunt,
3072 881 3378 948 quicunque

1811 981 1959 1025 certe
1989 970 2116 1024 mihi
2149 985 2253 1023 non
2296 979 2443 1029 sunt.
2470 969 2553 1022 vel
2589 985 2617 1022 a
2651 970 2862 1023 decimo
2895 971 3053 1023 tertio
3082 972 3261 1038 capite
3290 971 3378 1026 vel

1810 1076 1840 1115 a
1867 1061 2213 1130 sequentibus
2241 1060 2447 1115 ducunt
2470 1061 2678 1114 initium
2706 1077 2719 1113 :
2752 1061 2803 1113 in
2835 1061 3090 1114 vicesimo
3115 1063 3378 1126 secundo,

1810 1154 1892 1208 vel
1926 1154 2061 1208 citra
2102 1153 2374 1206 desinunt.
2403 1151 2654 1204 Fortasse
2690 1150 2851 1219 igitur
2884 1165 2948 1203 ex
2980 1160 3170 1204 catena
3199 1151 3380 1219 aliqua

1811 1247 2127 1316 prodierunt
2177 1245 2382 1300 isthzec.
2431 1244 2748 1312 Quanquam
2796 1245 2926 1298 nihil
2981 1244 3181 1298 habent
3229 1244 3378 1313 ejus-

1811 1340 1978 1405 modi,
2016 1346 2279 1409 quotquot
2317 1337 2655 1392 excussimus
2688 1347 2906 1392 catenas
2936 1352 3037 1407 ego
3065 1346 3118 1390 et
3153 1337 3382 1392 Combe-

1811 1431 1986 1486 llsius.
2033 1430 2090 1484 In
2126 1430 2351 1484 vetustis
2387 1431 2664 1484 codicibus
2703 1444 2865 1483 manu
2909 1433 3149 1483 exaratis
3201 1439 3380 1483 tomus

1812 1523 2126 1577 undecimus
2150 1536 2270 1575 cum
2302 1536 2397 1576 sex
2431 1523 2674 1591 proxime
2704 1523 3054 1591 sequentibus
3087 1521 3378 1590 reperitur.

1810 1612 1990 1667 Codex
2042 1611 2531 1682 Ladenburgensis,
2579 1628 2687 1682 quo
2725 1628 2854 1668 usus
2895 1622 2979 1666 est
3029 1611 3309 1676 Erasmus,
3353 1627 3382 1664 a

1813 1702 2001 1756 Matth.
2041 1718 2173 1766 xttt,
2222 1702 2312 1766 56,
2364 1702 2770 1771 auspicabatur,
2821 1705 3272 1772 quemadmodum
3329 1709 3386 1755 et

2195 1810 2210 1848 :
2258 1795 2454 1863 Regius
2496 1796 2678 1866 priore
2727 1794 2996 1848 undecimi
3043 1796 3170 1847 torni
3231 1803 3387 1863 parte

1810 1886 2066 1940 multatus
2096 1895 2198 1940 est.
2233 1886 2289 1940 lu
2330 1887 2592 1955 Catalogo
2644 1889 2902 1942 librorum
2949 1886 3102 1940 ducis
3141 1883 3385 1938 Bavarize

1808 1988 2023 2032 notatur
2075 1987 2250 2034 tomus
2297 1979 2610 2033 undecimus
2665 1978 2823 2032 initio
2868 1991 3087 2046 quoque
3138 1976 3382 2040 mutilus,

1809 2085 1930 2124 cum
1986 2071 2228 2139 proxime
2285 2069 2650 2139 sequentibus
2706 2071 2961 2138 quinque.
3024 2067 3282 2120 Erasmus
3330 2066 3386 2119 in

1809 2162 2034 2229 epistola
2090 2163 2156 2216 ad
2206 2161 2557 2216 Franciscum
2620 2160 2918 2230 Cigaliuum
2980 2159 3208 2212 allirmat
3252 2157 3387 2212 nihil

1810 2252 2061 2324 Origenis
2090 2253 2276 2308 haberi
2306 2253 2361 2308 in
2396 2253 2667 2307 decimum
2704 2251 2940 2306 Matthtei
2973 2259 3154 2320 caput.
3185 2249 3254 2303 At
3282 2249 3389 2304 Va-

1812 2352 2023 2404 ticanus
2047 2349 2216 2404 codex
2255 2348 2426 2402 fertur
2455 2357 2706 2403 constare
2753 2346 2916 2400 tomis
2955 2346 3183 2407 decimo,
3219 2345 3390 2399 unde-

1810 2447 1952 2501 cimo
1986 2484 2003 2510 ,
2057 2441 2374 2497 duodecimo
2427 2450 2484 2494 et
2528 2438 2741 2492 decimo
2797 2438 2982 2491 tertio.
3033 2435 3388 2503 Scripseruut

1810 2550 2023 2604 quoque
2066 2533 2244 2589 Josias
2297 2532 2584 2598 Simlerus,
2635 2541 2690 2584 et
2733 2529 3015 2584 Conradus
3069 2528 3280 2582 Frisius
3331 2527 3390 2584 in

1810 2626 2053 2697 Epitome
2090 2624 2430 2678 Bibliotheca
2464 2622 2842 2684 Gesnerianw,
2894 2620 3082 2674 haberi
3121 2619 3174 2672 in
3217 2618 3386 2674 Italiae

1811 2720 2136 2776 bibliotheca
2187 2718 2419 2786 quadam
2462 2716 2732 2769 decimum
2783 2722 2987 2766 tomum
3042 2711 3391 2765 Commenta-

1811 2813 2015 2866 riorum
2041 2808 2287 2879 Origenis
2311 2809 2366 2862 in
2394 2806 2738 2876 Evangelium
2769 2803 3007 2857 Mattluei
3021 2819 3040 2866 ;
3073 2803 3198 2856 item
3224 2801 3393 2858 fuisse

1813 2907 1953 2977 apud
1987 2905 2210 2972 Diegum
2258 2901 2561 2956 Hurtadum
2601 2897 2843 2954 Venetiis
2885 2896 3202 2951 eorumdem
3239 2893 3394 2949 Com-

1814 2998 2203 3053 mentariorum
2244 3002 2445 3048 tomum
2502 3007 2518 3045 ι
2576 2990 2727 3059 (lego
2756 2988 2830 3058 x),
2877 3001 2967 3052 χι,
3000 3001 3098 3040 xu.
3149 2986 3299 3052 Quod
3345 2986 3391 3039 si

1818 3105 1914 3161 par
1947 3098 2034 3145 est
2062 3088 2393 3158 reliquorum
2427 3085 2566 3139 inter
2593 3098 2652 3138 se
2684 3095 3004 3143 consensus,
3037 3078 3214 3149 qualis
3248 3077 3385 3148 regii

1815 3179 2140 3251 exemplaris
2193 3193 2315 3232 cum
2356 3177 2674 3240 Holmiensi,
2703 3189 2766 3228 ex
2821 3188 2928 3226 uno
2977 3173 3272 3238 eodemque
3301 3185 3394 3225 co-

1816 3269 1935 3322 dice
1970 3267 2271 3335 descriptos
2299 3279 2488 3320 omnes
2515 3263 2842 3318 censuerim.
2877 3261 3044 3315 Porro
3089 3261 3223 3314 levis
3269 3260 3393 3314 licet

1815 3358 2123 3414 Bellarmini
2174 3356 2508 3425 conjectura,
2554 3370 2656 3425 qua
2691 3353 3121 3408 Commentarios
3167 3351 3285 3406 illos
3326 3353 3396 3407 ab

1815 3448 2047 3518 Origene
2079 3446 2368 3516 abjudicat,
2411 3460 2515 3499 non
2555 3454 2730 3499 tamen
2775 3443 3138 3514 ἀναπόκριτος
3171 3454 3396 3512 praeter—

1817 3539 2075 3594 mittenda
2105 3547 2210 3592 est.
2234 3537 2325 3592 Sic
2353 3537 2427 3590 ait
2456 3535 2544 3590 ille
2577 3536 2630 3589 in
2675 3535 2814 3589 libro
2848 3534 2922 3588 De
2950 3536 3196 3603 scriptor.
3225 3535 3394 3589 eccle-

1815 3632 1990 3694 siast.,
2041 3630 2130 3684 ubi
2196 3629 2264 3682 de
2319 3626 2605 3698 Origene:
2657 3645 2676 3678 ‹
2709 3625 2998 3680 Tractatus
3055 3629 3277 3696 quintus
3337 3627 3392 3681 in

1817 3721 2127 3776 Matthteum
2160 3721 2371 3774 videtur
2407 3733 2530 3773 esse
2569 3716 2750 3771 Latini
2799 3719 3082 3771 auctoris:
3130 3732 3253 3771 nam
3293 3717 3395 3771 ad-

1817 3815 2021 3868 ducens
2063 3819 2252 3866 auctor
2283 3809 2446 3864 verba
2477 3810 2632 3864 Isaia:
2659 3823 2811 3875 Lvm,
2844 3809 2931 3870 l6,
2964 3808 3217 3862 Dominus
3250 3809 3397 3862 misit

1815 3921 1897 3958 me
1931 3914 1977 3958 et
2008 3904 2221 3971 spiritus
2246 3902 2358 3971 ejus
2383 3917 2402 3955 :
2432 3901 2485 3954 in
2527 3900 2735 3964 Graeco,
2767 3900 2958 3969 inquit,
2994 3899 3230 3968 Spiritus
3267 3913 3396 3953 san-

1817 4003 1936 4049 ctus
1975 3993 2148 4048 neutri
2194 3990 2406 4062 generis
2446 3999 2561 4055 est,
2607 4005 2714 4044 non
2776 3988 3092 4052 masculini,
3142 3999 3199 4042 ut
3247 3986 3391 4058 apud

1817 4102 1946 4154 nos;
1985 4087 2074 4140 ubi
2105 4100 2164 4140 se
2205 4085 2346 4139 inter
2380 4081 2605 4137 Latinos
2647 4090 2920 4136 numerat.
2955 4080 3019 4134 Et
3044 4081 3089 4135 si
3127 4089 3392 4136 tractatus

1817 4179 2037 4248 quintus
2062 4174 2240 4229 Latini
2281 4173 2521 4229 auctoris
2556 4181 2662 4239 est,
2694 4187 2800 4226 non
2840 4186 3005 4242 parva
3041 4171 3280 4241 suspicio
3308 4179 3396 4224 est

1817 4270 2054 4338 reliquos
2083 4268 2247 4322 etiam
2290 4275 2550 4320 tractatus
2589 4263 2829 4333 ejusdem
2859 4263 3061 4333 operis,
3091 4261 3268 4316 Latini
3299 4276 3398 4315 au-

1819 4364 1986 4416 ctoris
2042 4375 2183 4415 esse.
2215 4377 2234 4410 ι
2275 4357 2510 4412 Habetur
2550 4357 2640 4411 hic
2669 4355 2920 4424 Origenis
2959 4355 3106 4408 locus
3137 4361 3267 4407 tom.
3297 4367 3396 4407 χιιι

149 4460 381 4530 Origene
409 4459 462 4510 in
491 4455 679 4511 Oscam
712 4456 945 4523 scriptos
981 4453 1145 4506 fuisse
1173 4450 1602 4506 Commentarios
1629 4461 1716 4502 as-
1747 4469 1794 4526 ι)
1822 4456 1875 4509 in
1920 4453 2115 4508 Mauh.
2159 4465 2313 4516 xvm,
2355 4465 2505 4508 num.
2532 4449 2620 4513 18,
2665 4463 2790 4519 pag.
2825 4445 2951 4501 595.
3000 4446 3258 4512 Quamvis
3293 4445 3398 4498 hoc

151 4564 296 4605 serat
344 4550 574 4605 dicens:
613 4564 631 4598 ι
661 4547 864 4617 Rogavi
913 4560 1035 4600 eum
1086 4541 1439 4614 (Didymum)
1480 4550 1536 4595 ut
1576 4541 1717 4609 quod

151 4645 414 4714 Origenes
443 4656 548 4696 non
588 4639 824 4703 fecerat,
860 4640 974 4707 ipse
1003 4636 1320 4706 compleret,
1363 4643 1417 4689 et
1460 4633 1722 4688 scriberet

151 4739 209 4792 in
259 4736 390 4791 Osee
415 4731 867 4797 Commentarios,
896 4747 915 4780 ι
955 4729 1360 4799 intelligettdum
1410 4733 1493 4780 est
1533 4723 1720 4793 plenos

155 4827 209 4881 in
243 4836 411 4880 totum
442 4823 636 4878 Oscam
681 4818 1100 4875 commentarios
1126 4817 1416 4886 Origenem
1447 4829 1554 4868 non
1585 4812 1722 4868 scri-

155 4918 349 4989 psisse,
377 4917 469 4971 sed
498 4914 722 4985 exiguos
752 4909 926 4966 solum
969 4908 1200 4962 libellos.

225 5007 341 5063 Ill.
385 5006 584 5077 Viginti
633 5005 873 5074 quinque
907 5003 964 5054 in
1011 4999 1320 5053 Matthwum
1374 5006 1547 5052 tomos
1595 4995 1724 5052 Ori—

157 5116 322 5173 genes
368 5097 685 5155 elaboravit.
716 5094 885 5149 Breve
932 5100 1267 5162 segmentum
1301 5103 1331 5143 e
1361 5089 1537 5158 primo
1581 5098 1725 5141 tomo

156 5194 374 5247 adducit
421 5190 682 5246 Eusebius
730 5189 824 5243 lib.
870 5201 920 5239 vt
971 5183 1208 5250 Histor.,
1256 5197 1374 5250 cap.
1413 5181 1513 5248 25,
1553 5194 1726 5248 eoque

161 5286 375 5340 brevius
403 5285 545 5338 aliud
581 5281 816 5338 indidem
845 5278 1053 5350 profert
1089 5275 1403 5345 Pamphilus
1434 5275 1488 5328 in
1522 5273 1720 5342 Apolo-

159 5385 346 5454 getico.
385 5381 544 5436 Aliud
602 5394 632 5433 e
667 5378 905 5433 secundo
961 5383 1137 5438 tumo,
1185 5371 1499 5425 Pdilocaliw
1548 5370 1727 5440 capite

161 5484 316 5530 sexto
347 5473 653 5529 exhibetur.
685 5469 842 5525 Aliud
882 5468 1038 5522 affert
1068 5481 1098 5520 e
1136 5464 1366 5535 septimo
1399 5472 1544 5518 torno
1570 5461 1728 5516 Pam-

163 5566 361 5634 philus.
403 5564 576 5620 Julius
605 5563 786 5617 Caesar
817 5559 1144 5630 Bulengerus
1174 5557 1228 5611 in
1271 5555 1728 5622 Disputationibus

165 5668 350 5716 contra
399 5656 762 5712 Casaubonum
812 5663 952 5723 part.
995 5666 1055 5716 tt,
1100 5647 1316 5704 diatrib.
1362 5647 1417 5711 ὅ,
1455 5645 1727 5716 pag.l9l,

167 5747 523 5818 fragmentum
553 5743 707 5801 atl‘ert
737 5759 801 5800 ex
832 5741 1062 5813 Origene
1105 5739 1171 5795 ad
1203 5753 1323 5808 cap.
1368 5752 1430 5793 Vl.
1451 5736 1646 5792 Matth.
1673 5744 1728 5793 et

1826 4544 2136 4600 Bellarmini
2177 4541 2440 4610 judicium
2486 4540 2662 4609 palam
2716 4537 2926 4592 refellat
2973 4535 3178 4590 codicis
3216 4534 3395 4589 Graeci

1824 4641 2006 4701 lectio,
2051 4653 2116 4692 ea
2165 4647 2345 4691 tamen
2385 4635 2430 4688 si
2479 4646 2815 4697 careremus,
2861 4646 2967 4685 non
3023 4629 3140 4700 plus
3192 4629 3400 4683 valeret

1826 4729 1955 4784 illud
2001 4727 2260 4781 adversus
2292 4726 2433 4779 hunc
2462 4722 2768 4777 Adamantii
2808 4720 3040 4784 librum,
3083 4733 3247 4788 quam
3295 4719 3399 4773 ad-

1825 4833 2016 4875 versus
2059 4817 2320 4886 reliquos,
2362 4829 2500 4883 quos
2533 4823 2773 4868 veterum
2820 4810 3175 4880 interpretum
3217 4810 3399 4865 studio

1825 4911 2017 4968 Latine
2053 4909 2290 4963 redditos
2318 4905 2582 4974 legimus:
2610 4905 2665 4957 lu
2698 4904 2765 4958 iis
2792 4901 3057 4972 siquidem
3088 4901 3402 4970 frequenter

1826 5000 2088 5072 ejusmodi
2127 5006 2424 5054 occurrunt
2455 4996 2819 5050 additamenta
2863 4995 3246 5064 interpretum,
3286 5008 3402 5049 suae

1827 5096 2024 5166 linguae
2071 5092 2380 5148 hominibus
2429 5088 2866 5158 grstificautium.
2913 5086 3084 5158 Legat
3122 5088 3217 5158 qui
3255 5086 3400 5142 volet

1831 5184 2066 5256 pagellas
2099 5183 2306 5252 aliquot
2335 5195 2366 5234 a
2407 5179 2601 5234 Rufino
2639 5193 2955 5241 conversas,
2991 5178 3196 5234 videbit
3235 5191 3398 5248 quam

1830 5291 1972 5344 sape
2008 5274 2294 5327 mantissas
2323 5271 2530 5328 similes
2555 5269 2620 5324 de
2650 5283 2748 5324 suo
2778 5270 3026 5322 accudat.

1901 5365 2140 5436 Amplior
2171 5374 2256 5420 est
2285 5375 2435 5418 vetus
2465 5360 2842 5431 interpretatio
2870 5357 3398 5416 Commentariorum

1834 5461 2078 5532 Origenis
2105 5460 2158 5513 in
2193 5457 2526 5523 Matt/usum,
2557 5469 2719 5524 quam
2748 5453 2993 5509 Graecum
3021 5452 3186 5506 ullum
3219 5463 3402 5504 exem-

1835 5556 1954 5624 plar
1987 5551 2415 5617 manuscriptum
2459 5567 2471 5604 :
2523 5545 2836 5602 Holmiense
2879 5544 3078 5613 quippe
3125 5541 3400 5606 omnium,

1831 5659 1952 5713 quae
1995 5643 2212 5712 quidem
2256 5639 2322 5694 ad
2369 5652 2543 5692 meam
2585 5633 2931 5707 pervenerint
2976 5631 3242 5690 natitiam,
3277 5645 3404 5698 pro-

1830 5735 2183 5800 lixissimum,
2227 5746 2256 5788 ι
2309 5729 2542 5786 Matthzei
2609 5727 2786 5798 sapite
2840 5739 2966 5792 xut,
3016 5737 3157 5780 vers.
3197 5721 3289 5789 36,
3336 5721 3402 5777 ad
