3838 6222
448 282 586 338 £9.23

1726 280 1787 337 r.
1827 266 2146 338 ominus
2182 280 2417 338 unum

3581 271 3725 326 4214

445 411 606 471 caput
638 416 771 469 xm,
801 416 944 458 vers.
969 403 1059 467 33,
1095 401 1371 473 pertinet:
1408 400 1593 471 prisca
1629 411 1807 456 autem
1852 401 2022 456 inter-
2048 406 2093 463 Α
2124 401 2505 471 pretationem,
2532 396 2671 453 unde
2712 403 2957 465 sequntur
2979 392 3254 451 Gennadio
3282 405 3510 462 quoque
3550 390 3729 445 fuisse

446 497 678 566 pretatio
712 511 742 549 a
776 495 1009 551 Mattbaai
1049 511 1168 564 cap.
1205 510 1315 557 va,
1342 494 1428 561 15,
1455 494 1664 549 initium
1691 494 1910 559 ducens,
1954 496 2020 549 ad

445 604 615 653 xxvu,
644 589 711 641 66
729 588 1088 656 progreditur.
1110 586 1259 639 Hanc
1276 585 1791 639 Commentariorum
1814 593 2018 653 partem

447 679 501 733 iu
536 678 784 732 homilias
823 679 936 732 sive
979 687 1239 732 tractatus
1274 678 1374 742 35,
1424 676 1632 731 librarii
1668 676 1804 731 male
1845 676 2021 732 feriati

444 771 768 824 diviserunt.
819 768 1111 824 Recentior
1164 769 1377 822 videtur
1424 768 1528 821 ista
1573 768 1767 823 divisio
1815 777 2024 835 tempo-

448 861 601 915 ribus
639 859 912 913 Vincentii
955 859 1388 923 Bellovaceusis;
1437 858 1637 928 quippe
1679 858 1770 928 qui
1810 858 2023 927 Speculi

447 954 758 1009 doctrinalis
791 954 884 1007 lib.
931 969 1087 1015 xvtu,
1131 966 1252 1019 cap.
1283 951 1375 1014 45,
1416 949 1585 1004 libros
1627 949 1878 1017 Origenis
1925 964 2022 1004 sua

445 1051 603 1097 aetate
640 1042 968 1110 superstites
1002 1055 1316 1104 recensens,
1344 1055 1465 1093 cum
1502 1054 1598 1093 eos
1642 1040 1754 1093 fere
1788 1055 2024 1095 comme-

445 1142 658 1198 moret,
705 1134 796 1203 qui
858 1132 1122 1199 hodieque
1156 1131 1211 1185 in
1265 1130 1500 1185 editione
1561 1128 1750 1183 Latina
1809 1144 2024 1201 compa-

447 1233 589 1288 rent,
621 1225 788 1279 libros
820 1224 876 1277 in
915 1222 1224 1276 Matthwum
1261 1222 1450 1291 viginti
1484 1236 1579 1276 sex
1608 1222 1871 1293 assignat,
1900 1238 2023 1277 cor-

445 1327 602 1388 rupta
638 1324 696 1369 ut
724 1316 833 1370 dixi
864 1314 1196 1385 exemplaria
1233 1323 1473 1379 secutus,
1507 1329 1628 1383 quae
1669 1314 1885 1368 totidem
1928 1329 2023 1385 pro

444 1410 631 1479 viginti
659 1408 894 1477 quinque
922 1407 1196 1461 notabant.
1236 1404 1704 1474 Interpretationis
1741 1416 2016 1459 auctorem

446 1503 720 1569 assignare
748 1499 983 1570 proclive
1022 1514 1126 1553 non
1162 1508 1264 1553 est.
1292 1496 1654 1568 Hieronymus
1691 1497 1745 1551 in
1798 1496 2024 1568 Prologo

444 1594 783 1648 bomiliarum
830 1590 1075 1661 Origenis
1114 1592 1167 1645 in
1204 1589 1407 1644 Lucam
1440 1589 1631 1646 scribit
1677 1605 1778 1645 nec
1827 1590 2022 1644 virium

443 1702 683 1750 suarum,
714 1699 811 1740 nec
842 1685 957 1746 otii,
992 1700 1092 1739 nec
1126 1684 1326 1738 laboris
1359 1681 1527 1737 fuisse
1561 1682 1751 1752 viginti
1786 1681 2023 1752 quinque

2127 492 2507 561 posteriorem.
2552 487 2666 560 t80)
2708 490 2840 544 Cum
2885 503 2953 543 ex
2998 489 3102 542 hac
3136 495 3315 539 autem
3366 484 3739 551 interpreta-

2129 584 2278 639 tione
2310 584 2547 639 Thomas
2574 582 2819 652 Aquinas
2862 582 2917 635 in
2948 580 3123 634 Aurea
3149 590 3331 633 catena
3366 578 3492 631 loca
3544 575 3732 630 llllllla

2126 672 2401 739 αὑτολεξεὶ
2447 672 2648 727 referat
2700 671 2751 726 in
2802 686 2991 726 versus
3039 668 3314 733 Mattluei,
3364 666 3733 737 posteriores

2127 781 2285 820 versu
2326 766 2414 828 t5,
2449 765 2640 833 capitis
2683 780 2793 828 xvi,
2845 762 3187 832 perspicuum
3235 770 3322 815 est
3354 760 3581 814 Thema
3634 774 3731 814 re-

2129 858 2408 913 tustiorem
2448 872 2567 912 eam
2619 871 2774 921 esse,
2824 856 3095 923 talemque
3138 855 3257 925 ejus
3296 865 3457 909 aetate
3513 852 3733 916 fuisse,

2130 948 2308 1018 qualis
2344 949 2501 1003 hodie
2536 948 2938 1003 circumfertur.
2968 946 3175 1001 Thema
3206 949 3391 1016 itaque
3426 944 3732 1012 antiquior

2126 1052 2233 1104 εει,
2276 1037 2558 1095 Gennadio
2592 1040 2880 1096 recentior.
2917 1039 3140 1110 Propius
3166 1054 3295 1093 vero
3333 1038 3401 1091 ad
3432 1035 3728 1092 Gennadii

2127 1140 2342 1186 aetatem
2390 1130 2650 1186 accedere
2685 1146 2791 1186 non
2842 1131 3050 1186 levibus
3093 1130 3308 1185 indiciis
3341 1126 3730 1198 deprehendi-

2129 1238 2270 1278 mus.
2312 1224 2482 1279 Tomo
2526 1239 2636 1278 xvu
2692 1227 2749 1277 in
2801 1223 3033 1286 Matth”
3085 1239 3235 1277 num.
3274 1222 3373 1286 14,
3420 1236 3556 1289 pag.
3588 1217 3723 1281 789,

2130 1315 2246 1369 haec
2294 1315 2457 1369 habet
2499 1315 2763 1385 Origenes
2801 1331 2816 1368 :
2851 1315 3054 1368 ὐποῖοξ
3100 1316 3237 1368 εἰσιν
3283 1314 3334 1367 oi
3383 1311 3729 1381 συγχέοντες

2129 1406 2341 1477 Πατρός
2379 1406 2473 1461 καὶ
2506 1407 2635 1461 Υἱοῦ
2678 1405 2906 1471 ἔννοιαν,
2939 1408 3032 1461 καὶ
3065 1409 3129 1477 τῇ
3166 1406 3459 1459 ὑποστάσει
3501 1404 3612 1457 ἕνα
3641 1402 3732 1455 δι-

2128 1498 2311 1561 δόντες
2339 1497 2476 1553 εῖναι
2507 1498 2597 1551 τὸν
2626 1499 2874 1571 Πατέρα,
2911 1498 3004 1553 καὶ
3035 1500 3126 1552 τὸν
3150 1498 3297 1551 Υξόν.
3337 1497 3518 1552 Vertit
3560 1503 3730 1548 vetus

2130 1593 2397 1662 interpres
2429 1609 2441 1646 :
2480 1611 2500 1643 ι
2530 1591 2731 1659 Quales
2775 1601 2904 1646 sunt
2953 1591 3193 1647 haeretici
3230 1591 3321 1661 qui
3370 1588 3730 1644 confundunt

2132 1683 2307 1738 Patris
2345 1695 2400 1739 et
2445 1684 2566 1739 Filii
2635 1685 3027 1747 substantiam,
3074 1699 3239 1738 unum
3293 1682 3540 1737 dicentes
3593 1695 3729 1737 esse

444 1791 619 1834 tomos
649 1779 786 1833 illius
817 1779 873 1832 in
914 1777 1249 1843 Matthwum,
1294 1776 1535 1845 quinque
1578 1775 1632 1828 in
1672 1772 1890 1836 Lucam,
1926 1773 2022 1827 tri-
2056 1794 2097 1849 Β
2127 1776 2342 1832 Patrem
2385 1787 2438 1833 et
2480 1778 2698 1832 Filium.
2729 1796 2747 1829 ι
2789 1777 3123 1830 Ὑπὸστασιν
3168 1776 3344 1831 reddit
3392 1794 3413 1827 ι
3447 1779 3726 1831 substan-

442 1873 595 1943 giuta
626 1886 814 1926 novem
844 1873 895 1923 in
925 1870 1209 1936 Joannem,
1240 1877 1463 1939 rogante
1491 1865 1738 1929 Blaesilla,
1771 1865 2025 1919 Romanae

443 1965 638 2034 lingua!
684 1965 915 2019 tradere.
964 1963 1193 2018 Proinde
1225 1960 1424 2017 veteris
1466 1958 1931 2030 interpretationis
1968 1960 2025 2011 in

444 2057 755 2111 Martiarum
808 2066 995 2110 auctor
1056 2071 1159 2109 non
1224 2064 1312 2110 est
1380 2054 1756 2124 Hieronymus.
1811 2050 2027 2105 Minime

441 2164 573 2204 sane
600 2149 846 2204 audiendi
885 2147 1059 2203 Josias
1091 2147 1354 2203 Simlerus
1391 2156 1445 2201 et
1490 2146 1768 2201 Conradus
1793 2143 2025 2203 Frisius,

442 2244 516 2298 ita
551 2246 850 2299 scribentes
880 2244 932 2297 in
977 2240 1221 2309 Epitome
1258 2240 1604 2295 Bibliotheca:
1646 2236 2024 2293 Gesneriame:

446 2357 467 2390 ι
498 2338 746 2403 Origenis
774 2339 827 2389 in
853 2335 1166 2389 Matthwum
1210 2332 1445 2386 homilia:
1481 2329 1571 2394 56,
1601 2330 1670 2384 ab
1703 2326 2027 2397 Hieronymo

427 2430 736 2497 translatae,
786 2430 926 2483 inter
963 2427 1026 2481 D.
1071 2423 1385 2495 Hieronymi
1442 2437 1607 2492 opera
1661 2420 1927 2474 habentur
1960 2437 1972 2471 :
2002 2436 2022 2469 ι

443 2539 567 2578 nam
620 2534 796 2591 neque
834 2527 1051 2574 exstant
1102 2516 1336 2572 homiliaa
1380 2514 1449 2568 56
1481 2512 1730 2584 Origenis
1775 2512 1832 2564 in
1879 2507 2025 2563 Mat-

442 2615 657 2675 tlueum.
701 2615 793 2668 sed
833 2611 905 2667 55
949 2612 1251 2675 duntaxat;
1297 2622 1474 2678 neque
1522 2619 1707 2661 earum
1758 2604 2026 2672 interpres

441 2708 801 2778 Hieronymus
852 2704 1129 2759 habendus
1160 2712 1273 2768 est;
1327 2702 1434 2756 imo
1471 2699 1799 2768 Hieronymo
1839 2710 2028 2751 recen-

443 2801 549 2853 tior
572 2808 687 2867 est,
731 2814 854 2852 nam
900 2797 945 2851 si
981 2797 1092 2867 jam
1129 2795 1416 2865 prodiisset
1452 2792 1569 2864 ejus
1613 2800 1791 2856 aetate,
1833 2804 2027 2853 novam

442 2891 670 2946 lllzesilla
716 2889 1027 2959 neutiquam
1077 2887 1440 2957 postulasset;
1478 2900 1577 2941 nec
1612 2885 1685 2939 ita
1724 2881 2029 2950 scripsisset

445 2978 804 3051 Hieronymus
838 2978 891 3031 in
932 2978 1089 3046 epist.
1130 2976 1220 3038 65,
1254 2976 1319 3029 ad
1360 2973 1674 3029 Pammacb.
1710 2982 1764 3027 et
1800 2971 2026 3035 Ocean.,

442 3086 566 3139 cap.
593 3069 628 3123 2
653 3089 667 3126 :
706 3088 725 3122 ‹
755 3069 982 3125 Centum
1014 3066 1400 3137 quinquaginta
1434 3067 1560 3120 anni
1592 3079 1757 3135 prope
1785 3072 1930 3133 sunt,
1959 3077 2029 3120 ex

443 3179 550 3234 quo
592 3162 854 3232 Origenes
902 3170 1142 3215 mortuus
1191 3168 1274 3212 est
1318 3159 1447 3230 Tyri
1493 3177 1505 3211 :

444 3270 610 3309 ausus
640 3262 725 3308 est
762 3268 995 3322 unquam
1042 3250 1339 3305 transferre
1374 3250 1540 3305 libros
1583 3249 1701 3320 ejus
1737 3248 1814 3303 De
1853 3265 2029 3303 resur-

444 3345 702 3411 rectione,
741 3344 882 3412 Περὶ
917 3342 1137 3412 ἀρχῶν,
1177 3341 1589 3412 στρωματέας,
1624 3351 1680 3396 et
1708 3342 1974 3411 τόμουςῖ
2001 3360 2021 3395 ι

443 3436 614 3501 Νεωο
643 3437 808 3507 igitur
856 3436 1133 3491 existimet
1181 3436 1344 3488 ullam
1387 3445 1651 3489 tomorum
1700 3435 2029 3503 interpreta-

442 3529 644 3583 tionem
677 3542 798 3581 esse
838 3526 1163 3596 Hieronymo
1198 3526 1584 3595 antiquiorem.
1632 3523 1812 3580 Nihilo
1858 3525 2030 3595 magis

445 3613 641 3668 Rufino
668 3614 879 3668 videtur
907 3614 1249 3678 ascribeuda,
1278 3615 1421 3683 quod
1458 3613 1669 3669 Erasmi
1712 3627 1845 3684 pace
1888 3615 2029 3670 hanc

445 3708 545 3776 ipsi
581 3707 930 3762 attribuentis
979 3707 1183 3761 dictum
1226 3707 1387 3761 velim
1421 3724 1434 3762 :
1468 3708 1558 3762 ille
1605 3708 1749 3762 enim
1791 3709 1844 3763 iu
1884 3709 2028 3776 Apo-

442 3797 583 3867 logia
612 3796 871 3867 Pamphili
906 3797 1023 3852 loca
1047 3798 1293 3868 quaedam
1321 3813 1351 3853 e
1379 3798 1786 3853 Commentariis
1809 3800 1863 3854 in
1896 3800 2031 3854 Mat-

444 3890 639 3944 thwum
673 3888 903 3943 adducta
934 3889 1317 3958 interpretans,
1351 3905 1456 3944 non
1494 3889 1613 3944 aliis
1644 3890 1820 3944 solum
1855 3892 2024 3944 utitur

444 3980 658 4044 verbis,
695 3994 857 4050 quam
902 3993 1022 4048 quae
1066 3980 1334 4048 interpres
1382 3979 1485 4033 iste
1536 3989 1691 4034 vetus
1751 3981 2027 4047 adhibuit,

444 4086 632 4125 verum
660 4073 823 4125 etiam
864 4072 1031 4125 multa
1062 4085 1181 4140 quae
1213 4070 1265 4124 in
1305 4085 1371 4125 eo
1412 4072 1791 4127 desiderantur
1831 4087 2028 4141 reprae-

444 4165 722 4220 sentavit:
755 4180 877 4218 cum
917 4173 1097 4219 tamen
1133 4164 1188 4218 in
1224 4164 1413 4218 eadem
1450 4165 1705 4235 Apologia
1749 4164 1867 4220 loca
1909 4181 2030 4221 ver-

447 4265 568 4309 tens
609 4271 677 4310 ex
705 4256 827 4311 aliis
877 4256 1193 4326 deprompta
1247 4255 1692 4322 Commentariis,
1741 4272 1880 4326 quos
1913 4260 2029 4326 ipse

446 4349 626 4403 fuerat
662 4349 1069 4418 interpretatus.
1112 4364 1217 4404 non
1254 4350 1373 4404 aliis
1422 4358 1607 4403 utatur
1651 4349 1829 4405 verbis
1862 4367 2025 4421 quam

446 4443 581 4509 suis,
611 4457 777 4511 seque
803 4442 886 4496 sui
926 4441 1157 4497 similem
1185 4444 1237 4497 in
1276 4444 1465 4499 eodem
1499 4443 1616 4499 loco
1648 4444 1731 4499 bis
1773 4445 2029 4500 vertendo

2135 1869 2283 1937 tiam,
2309 1888 2330 1922 ι
2366 1872 2508 1940 quod
2538 1884 2785 1938 magnam
2817 1869 3098 1938 scriptoris
3120 1868 3497 1938 antiquitatem
3532 1868 3725 1937 sapit;

2133 1960 2235 2017 hac
2279 1962 2422 2016 enim
2469 1962 2685 2018 notione
2731 1962 3029 2015 ὑπόστασιν
3089 1961 3313 2030 antiqua
3354 1959 3468 2014 fere
3519 1958 3725 2015 Patres

2135 2064 2413 2123 usurpant.
2447 2055 2685 2110 Hilarius
2716 2055 2768 2108 in
2807 2055 2948 2110 libro
2977 2055 3052 2108 De
3090 2055 3307 2125 synodi:
3338 2062 3525 2108 contra
3554 2051 3723 2107 Aria-

2134 2162 2226 2199 nos
2268 2156 2377 2201 tres
2421 2145 2662 2216 agnoscit
2700 2146 3033 2201 substantias
3068 2146 3123 2200 in
3155 2144 3441 2208 Trinitate,
3474 2142 3586 2197 hoc
3630 2154 3725 2196 est

2134 2236 2491 2304 ὑποστάσεις,
2545 2238 2844 2309 ἰδιότητας,
2898 2237 3199 2307 πρόσωπα,
3251 2235 3614 2290 substantiam
3651 2233 3728 2287 ab

2134 2330 2366 2384 essentia
2412 2330 2768 2400 distinguens.
2816 2328 3035 2383 Priscus
3074 2342 3287 2398 quoque
3335 2327 3471 2382 Novi
3513 2326 3725 2381 Testa-

2134 2422 2303 2477 menti
2333 2422 2604 2490 interpres
2636 2422 2812 2478 locum
2840 2424 2982 2477 hunc
3013 2423 3177 2477 Hebr.
3205 2438 3245 2487 ι,
3274 2422 3327 2485 5,
3352 2420 3411 2484 ὃς
3439 2419 3517 2472 ὣν
3540 2416 3728 2472 ams-

2133 2531 2323 2586 γασμα
2371 2514 2471 2584 τῆς
2508 2515 2699 2585 δόξης,
2746 2515 2840 2569 καὶ
2890 2516 3177 2588 χαρακτὴρ
3213 2515 3312 2585 τῆς
3357 2512 3722 2575 ὑποστάσεως

2133 2606 2331 2670 αὑτοῦ,
2377 2609 2550 2662 reddit
2582 2625 2594 2659 :
2633 2625 2651 2658 ‹
2680 2616 2735 2661 et
2784 2609 2955 2679 ﬁgura
3006 2606 3320 2664 substantiae
3355 2606 3515 2676 ejus:
3547 2624 3569 2657 ι
3618 2619 3724 2659 nec

2134 2697 2188 2753 id
2236 2698 2465 2753 mutavit
2527 2698 2919 2769 Hieronymus,
2974 2699 3221 2771 quamvis
3278 2697 3583 2761 ὑπόστασις
3644 2696 3721 2751 ibi

2132 2805 2408 2857 personam
2452 2790 2702 2846 videatur
2747 2793 3074 2861 signiﬁcare.
3120 2790 3262 2846 Nihil
3296 2801 3474 2846 tamen
3511 2790 3607 2845 hic
3637 2788 3723 2843 af-

2134 2877 2325 2946 firmo;
2378 2881 2490 2937 scio
2544 2883 2689 2937 enim
2738 2899 2769 2939 a
2820 2884 3071 2940 Patribus
3118 2883 3302 2939 multis
3354 2883 3720 2939 substantiam

2134 2971 2330 3043 ipsam,
2374 2989 2468 3029 seu
2515 2984 2764 3031 naturam
2795 2986 2849 3032 et
2876 2978 3168 3032 essentiam
3214 2976 3396 3031 Patris
3431 2976 3521 3031 hic
3558 2975 3723 3033 intel-

2135 3065 2247 3137 ligi.
2274 3066 2354 3121 Ad
2387 3068 2500 3123 haec
2543 3077 2698 3123 vetus
2744 3070 3008 3138 interpres
3041 3078 3202 3125 tract.
3231 3069 3286 3132 8,
3325 3069 3599 3139 insignem
3639 3068 3719 3122 lo-

1555 3158 1676 3227 quis
1717 3156 2030 3210 l.atinorum
2059 3164 2105 3225 c
2137 3173 2261 3211 cum
2291 3157 2498 3228 profert
2525 3175 2591 3214 ex
2626 3160 2920 3231 Evangelia
2951 3162 3245 3217 secundum
3278 3160 3547 3216 Hebraeos
3574 3158 3713 3231 (8|).

2130 3253 2290 3323 Atqui
2326 3252 2375 3306 id
2409 3252 2474 3307 de
2517 3268 2618 3308 suo
2654 3254 2896 3320 addidit;
2934 3256 3133 3324 quippe
3177 3254 3318 3323 quod
3353 3254 3405 3307 in
3436 3252 3717 3323 exempla-

2131 3344 2282 3399 ribus
2307 3344 2511 3400 Graecis
2546 3359 2816 3415 nusquam
2869 3354 3147 3415 appareat.
3185 3343 3263 3399 Ac
3303 3345 3532 3414 proinde
3580 3355 3718 3398 tem-

2131 3451 2320 3505 porum
2355 3437 2591 3503 illorum,
2621 3437 2819 3507 quibus
2854 3437 2961 3492 hoc
3000 3444 3291 3507 supererat
3335 3435 3715 3505 Evangeliutn,

2129 3528 2354 3597 aequalis
2390 3526 2510 3583 fuit.

2204 3616 2456 3673 Profecto
2523 3619 2835 3687 interpretis
2882 3619 3042 3688 hujus
3096 3629 3309 3676 aetatem
3361 3618 3714 3689 investiganti

2128 3711 2289 3766 alicui
2326 3710 2619 3767 verisimile
2645 3710 2873 3766 forsitan
2913 3711 3005 3766 fiet
3034 3710 3345 3767 Cassiodori
3379 3712 3716 3779 temporibus

2130 3805 2350 3869 vixisse,
2397 3806 2678 3874 ipsumque
2710 3805 2843 3858 adeo
2872 3818 2993 3859 esse
3025 3804 3381 3874 Epiphaniam
3412 3801 3716 3858 Scholasti-

2129 3913 2250 3952 cum
2282 3896 2595 3953 Cassiodori
2641 3894 2967 3950 familiarem
3002 3907 3058 3950 et
3111 3898 3502 3951 necessarium.
3538 3895 3714 3966 Supra

2131 4000 2443 4045 memoratae
2490 3998 2629 4044 notae
2657 3989 2913 4042 videntur
2954 3990 3248 4043 convenire
3297 3988 3526 4057 aliaeque
3572 4004 3713 4057 prae.

2132 4090 2301 4136 terea.
2341 4080 2545 4137 Graeca
2586 4080 2783 4152 lingua:
2831 4094 3019 4150 parum
3068 4082 3378 4135 consultum
3430 4078 3533 4134 fuit
3588 4079 3715 4149 Epi-

2127 4177 2397 4246 phanius,
2473 4177 2648 4232 oratio
2711 4176 2989 4244 barbara,
3056 4176 3313 4244 dissipata
3371 4182 3431 4228 et
3484 4173 3707 4228 inculta.

2130 4268 2352 4323 Summa
2410 4266 2608 4324 veteris
2685 4268 2830 4323 illius
2882 4268 3200 4337 interpretis
3263 4267 3579 4330 barbaries,
3626 4268 3711 4320 vix

2132 4361 2423 4417 inediocris
2474 4359 2754 4415 idiomatis
2786 4359 2958 4415 Graeci
3005 4360 3226 4429 peritia,
3270 4358 3427 4429 plane
3464 4358 3612 4413 nulla
3658 4359 3707 4412 in

2129 4454 2443 4511 evolvendis
2486 4452 2894 4509 obscurioribus
2948 4452 3234 4507 sententiis
3283 4451 3704 4522 perspicacitas;

443 4536 716 4591 ostendat.
749 4534 902 4589 Adde
953 4534 1151 4603 stylum
1200 4534 1267 4589 ab
1310 4535 1732 4606 Hieronymiano
1780 4545 1837 4589 et
1876 4535 2025 4591 Rufi-
2059 4573 2102 4627 Β
2132 4547 2287 4617 cuius
2317 4545 2418 4600 sibi
2466 4545 2718 4600 conscius
2750 4542 3060 4599 dimciuima
3109 4559 3339 4614 qumque
3387 4545 3547 4614 quasi
3580 4559 3707 4598 con.

445 4628 610 4684 uiano
660 4630 873 4699 penitus
913 4627 1259 4697 discrepare,
1300 4638 1355 4681 et
1401 4628 1684 4682 deterioris
1732 4642 1797 4682 ac
1836 4642 2024 4684 recen:

443 4723 601 4776 tioris
630 4722 807 4777 anatis
848 4720 981 4776 vitio
1031 4730 1085 4776 et
1133 4721 1439 4790 corruptela
1490 4736 1612 4775 esse
1666 4720 2025 4790 inquinatum.

445 4814 725 4868 Gennadio
768 4828 983 4884 quoque
1032 4813 1393 4868 recentiorem
1436 4828 1557 4869 esse
1584 4827 1651 4868 ex
1678 4827 1743 4867 eo
1776 4813 2024 4880 conjicio,

448 4908 589 4975 quod
622 4908 675 4960 in
719 4906 978 4978 Catalogo
1023 4907 1312 4961 illustrium
1364 4905 1595 4960 virorum
1640 4921 1747 4961 non
1801 4906 2028 4962 obscure

447 4997 722 5070 significat
750 5014 1087 5069 quaecunque
1122 4998 1375 5069 Origenis
1415 5013 1579 5068 opera
1611 4998 1678 5052 ab
1707 4998 2032 5070 Hieronymo

447 5106 554 5147 non
582 5106 846 5146 conversa
878 5092 993 5146 suis
1029 5093 1363 5161 temporibus
1406 5092 1714 5157 exstabant,
1756 5105 1820 5146 ea
1853 5107 1881 5145 a
1918 5091 2031 5145 Ru-

445 5182 560 5239 ﬁno
600 5183 796 5238 Latine
842 5184 1050 5239 reddita
1088 5183 1272 5239 fuisse.
1322 5184 1671 5241 Ostendimus
1708 5193 1888 5240 autem
1930 5199 2029 5240 nec

404 5288 405 5291 ‘
447 5276 798 5347 Hieronymo,
838 5290 938 5331 nec
981 5275 1178 5331 [latino
1222 5277 1421 5333 ascribi
1465 5293 1625 5348 posse
1666 5279 1809 5334 hanc
1853 5279 2024 5333 inter-

521 5398 630 5472 (80)
671 5398 804 5455 Cum
844 5401 1263 5472 enhacautem
1309 5400 1767 5472 interpretatione!
1802 5397 2025 5472 Thomas

450 5469 712 5537 Aquinas.
761 5481 868 5527 etc.
920 5470 1241 5526 Paschasius
1304 5469 1626 5535 Radbertus,
1680 5470 1769 5537 qui
1831 5469 2028 5524 saeculo

452 5557 597 5595 nouo
627 5541 875 5605 florebat,
912 5542 1140 5610 plurima
1170 5542 1335 5596 etiam
1365 5541 1483 5596 loca
1513 5541 1681 5595 refert
1705 5556 1776 5594 er
1807 5539 1907 5595 hac
1941 5541 2026 5593 in-

453 5612 919 5679 terpretationem
951 5613 1065 5667 suis
1094 5614 1147 5666 in
1177 5611 1487 5666 Matthwum
1515 5610 1951 5667 Commentariis.
1975 5622 2030 5663 et

446 5683 743 5735 etiamnum
777 5694 957 5737 exstat
1000 5684 1051 5737 in
1105 5684 1270 5753 regali
1312 5681 1527 5737 abbalia
1562 5680 1619 5735 S.
1659 5679 1885 5752 Remigii
1921 5681 2027 5753 Re»-

452 5753 656 5807 mensis
701 5753 917 5824 elegans
959 5756 1123 5811 codex
1159 5750 1303 5808 nouo
1336 5753 1529 5809 saeculo
1570 5750 1837 5821 scriptus;
1858 5758 1915 5806 et
1963 5750 2030 5804 ab

2134 4640 2275 4693 sulto
2313 4637 2677 4706 praetermisit.
2724 4636 2885 4691 Certe
2923 4644 3038 4691 tam
3081 4637 3329 4691 abnormi
3363 4636 3582 4692 licentia
3624 4637 3707 4691 in-

2135 4732 2576 4799 terpretationem
2607 4730 2747 4784 hanc
2776 4728 3201 4795 administravit,
3232 4740 3292 4785 ut
3326 4730 3576 4785 mirabile
3604 4731 3704 4784 sit:

2135 4831 2277 4878 totas
2323 4823 2546 4893 paginas
2571 4823 2829 4888 detraxit,
2875 4832 3018 4878 totas
3068 4823 3311 4887 addidit,
3358 4838 3459 4878 nec
3503 4824 3705 4892 uspiam

2133 4913 2408 4984 exemplar
2446 4923 2751 4968 assectatus
2784 4921 2888 4969 est.
2923 4913 3127 4968 Verum
3159 4911 3458 4967 Historiam
3493 4912 3706 4982 Tripar-

2133 5007 2287 5059 titam
2317 5004 2385 5059 ab
2428 5003 2529 5058 hoc
2561 5004 2866 5074 Epiphanio
2901 5005 3157 5075 scriptam
3209 5006 3254 5059 si
3298 5006 3422 5074 quis
3459 5016 3701 5061 accurate

2132 5112 2254 5150 cum
2291 5102 2500 5151 vetusta
2535 5093 2624 5148 illa
2648 5094 2962 5165 Origeniani
2988 5096 3043 5148 in
3082 5093 3394 5148 Matthwum
3425 5093 3702 5149 Commen-

2132 5188 2251 5242 tarii
2293 5188 2736 5258 interpretatione
2774 5185 3102 5249 conﬂixerit,
3145 5201 3414 5241 summam
3446 5185 3569 5257 styli
3600 5186 3701 5240 dis-

2126 5281 2485 5348 crepantiam,
2539 5289 2701 5351 atque
2737 5279 2879 5336 banc
2921 5280 3091 5335 multo
3135 5279 3223 5335 illa
3267 5277 3698 5349 inquinatiorem,

2134 5402 2425 5457 llincmaro
2451 5400 2709 5457 Remensi
2761 5400 3172 5471 archiepiscopo
3220 5400 3347 5454 huic
3375 5398 3700 5453 monasterio

2131 5475 2272 5527 dono
2314 5473 2494 5537 datus,
2537 5473 2590 5525 in
2626 5487 2731 5541 quo
2776 5482 2931 5527 vetns
2976 5472 3063 5526 illa
3110 5471 3461 5540 intepretatio
3507 5472 3700 5541 integra

2132 5543 2463 5597 continetur.
2507 5540 2661 5610 Quod
2690 5553 3007 5613 argumento
3036 5552 3119 5597 est
3154 5541 3434 5598 Radberto
3464 5550 3521 5595 et
3549 5540 3703 5597 Hinc-

2134 5618 2286 5668 mal'o
2312 5613 2666 5667 vetustiorem
2695 5627 2815 5666 eam
2844 5627 2985 5667 esse.

2143 5713 2146 5719 ι
2201 5683 2316 5755 (81)
2357 5683 2488 5740 Vide
2517 5693 2649 5740 tom.
2678 5699 2747 5740 xv
2775 5685 2829 5739 in
2860 5681 3082 5751 Matth.,
3109 5698 3260 5741 num.
3285 5681 3373 5750 ll,
3404 5696 3458 5754 p.
3484 5679 3558 5739 67
3585 5681 3636 5738 l.
