3838 6222
151 328 300 385 1225

1005 331 1577 389 ORIGENIANORUM
1617 316 1747 389 LIB.
1785 336 1876 403 ill,
1918 332 2081 390 CAP:
2106 333 2180 399 .u,
2224 333 2417 389 sec'r.
2449 333 2571 390 lli.‘

3285 326 3425 385 1226

148 455 213 500 et
254 444 560 502 innumeris
609 448 997 503 vocabulorum
1046 453 1310 520 portentis
1347 454 1729 510 del'ormiorem
1757 463 1807 521 Α
1903 454 2045 510 XIV.
2086 453 2200 526 (82)
2230 455 2271 510 E
2298 454 2509 509 duobus
2535 462 2590 508 et
2633 451 2854 524 triginta
2898 450 3424 508 Commentariorum

149 532 412 590 oll'endet.
463 533 713 605 Aliqualis
753 537 1039 608 Epiphanii
1076 541 1179 595 luit
1225 542 1467 599 Bellator
1515 546 1739 614 quidam
1840 547 1896 600 in
1933 544 2197 600 Joannem
2234 544 2417 608 tomis,
2460 559 2650 598 novem
2687 544 2908 598 omnino
2947 553 3275 613 supersunt;
3323 543 3424 614 pri-

149 626 464 682 Cassiodori
508 628 691 683 itidem
743 630 1051 697 familiaris,
1098 633 1254 703 cujus
1300 646 1490 705 rogatu
1542 637 1742 695 multas

148 714 475 772 Graecorum
528 718 889 787 scriptiones,
941 722 1229 777 nonnullas
1282 724 1446 779 etiam
1491 724 1742 796 Origenis

150 805 359 862 Latino
384 823 634 864 sermone
681 813 945 881 rependit.
977 812 1116 871 Huic
1146 816 1190 870 si
1231 818 1353 886 quis
1392 816 1741 872 Commenta-

164 899 375 955 riorum
406 901 463 953 in
498 899 825 958 :Matthream
872 905 1381 976 interpretationem
1447 911 1741 980 ascriptam

150 988 311 1052 velit,
339 1004 447 1043 non
483 989 638 1044 valde
666 995 998 1063 repugnabo.
1024 994 1134 1051 Nec
1170 998 1397 1053 multum
1424 1000 1742 1057 adversatur

153 1080 488 1149 conjecturae
540 1091 741 1138 nostra:
789 1085 1100 1144 Cassiodori
1147 1091 1212 1146 de
1259 1091 1362 1147 hac
1413 1092 1741 1163 interpreta-

154 1170 309 1225 tione
337 1172 634 1242 silentium,
663 1176 754 1244 qui
798 1176 932 1233 alias
961 1179 1251 1252 plerasque
1298 1183 1589 1254 Epiphanii
1623 1185 1742 1242 Bel-

153 1262 348 1319 latoris
377 1266 431 1319 in
462 1264 599 1321 libro
632 1267 707 1321 De
744 1268 1080 1327 institutione
1111 1272 1406 1330 divinarum
1439 1274 1743 1346 Scriptura-

153 1370 279 1408 rum
313 1357 618 1411 recensuit:
653 1374 778 1413 nam
810 1372 933 1429 post
963 1363 1164 1419 editum
1196 1366 1339 1423 hunc
1365 1382 1396 1422 a
1420 1368 1742 1426 Cassiodoro

168 1444 415 1502 libellum
447 1447 719 1504 lucubrari
748 1466 807 1506 ea
847 1456 1039 1523 potuit,

230 1538 309 1593 De
350 1549 553 1610 septem
587 1541 835 1614 Origenis
878 1545 933 1600 in
962 1547 1274 1605 Matthwum
1327 1551 1568 1610 homiliis
1617 1570 1737 1625 quae

154 1629 432 1687 habentur
478 1631 623 1687 inter
671 1648 787 1700 eas,
819 1651 955 1705 quas
984 1638 1038 1692 in
1074 1641 1318 1697 diversos
1364 1644 1523 1715 vulgo
1553 1648 1743 1716 appel-

158 1722 293 1792 lant,
324 1730 578 1798 quoniam
612 1729 803 1788 incerti
839 1744 967 1790 sunt
1010 1738 1278 1805 auctoris,
1326 1753 1427 1794 suo
1462 1741 1583 1798 loco
1615 1743 1733 1799 dis-

155 1817 493 1884 putabimus.

232 1928 369 1982 Xlll.
411 1928 656 1987 Homiliae
684 1932 932 2003 Origenis
973 1937 1028 1993 in
1060 1939 1411 2011 Evangelium
1454 1944 1612 2002 Lucae
1650 1948 1745 2002 tri-

155 2018 309 2088 ginta
340 2034 527 2075 novem
572 2020 765 2078 Latina
798 2025 1035 2081 editione
1066 2030 1433 2089 continentur.
1464 2035 1730 2106 interpre-

158 2118 271 2164 tem
297 2124 417 2166 sese
449 2112 727 2180 professus
754 2125 838 2169 est
868 2116 1230 2191 Hieronymus
1260 2123 1315 2177 in
1349 2123 1580 2196 Prologo
1609 2128 1742 2197 ipsis

154 2213 440 2269 praetexto,
477 2217 530 2259 et
572 2206 625 2260 in
662 2206 801 2262 libro
830 2207 907 2263 De
936 2213 1181 2281 scriptor.
1210 2216 1423 2279 eccles.,
1461 2233 1585 2290 cap.
1610 2220 1738 2274 M6.

154 2292 416 2350 Erasmus
442 2297 494 2351 in
522 2297 765 2365 Epistola
792 2303 859 2356 ad
888 2301 1239 2360 Franciscum
1271 2306 1576 2376 Cigalinum
1608 2313 1741 2366 scri-

153 2397 344 2457 pserat
377 2390 474 2444 bas
499 2389 721 2447 alterius
750 2392 1030 2461 cujusdam
1060 2411 1182 2452 esse
1208 2400 1401 2468 videri,
1430 2416 1591 2471 quam
1621 2402 1746 2459 Ori-

155 2478 333 2547 genis,
372 2480 466 2534 sed
526 2479 581 2536 in
615 2479 851 2538 Censura
900 2485 970 2538 ad
1027 2485 1190 2542 libros
1228 2488 1469 2561 Origenis
1517 2495 1745 2550 mutavit

166 2574 533 2638 sententiam,
580 2582 635 2627 et
686 2589 875 2628 verum
934 2586 1210 2633 auctorem
1250 2582 1486 2651 agnovit.
1536 2584 1741 2639 Nihilo-

154 2662 341 2717 minus
375 2663 447 2717 ita
502 2665 719 2720 disserit
761 2688 773 2721 :
811 2684 830 2718 ι
860 2666 917 2722 In
957 2668 1215 2741 Catalogo
1260 2682 1441 2730 tamen
1486 2676 1559 2730 ita
1611 2675 1743 2731 facit

156 2750 320 2820 hujus
361 2754 543 2822 operis
596 2757 924 2813 mentionem
954 2758 1405 2834 (Hieronymus),
1453 2775 1514 2821 ut
1565 2769 1734 2839 magis

156 2842 408 2899 videatur
454 2861 520 2900 ex
569 2847 792 2919 Didymo
826 2863 1070 2906 vertisse.
1117 2853 1252 2909 Cum
1293 2858 1438 2912 enim
1492 2856 1746 2929 Origcnis

160 2938 491 2991 mentionem
538 2938 872 3009 reliquisset,
902 2954 1027 3011 post
1058 2943 1200 3001 hunc
1233 2946 1286 3001 in
1322 2951 1538 3005 modum
1572 2950 1747 3020 loqui-

159 3032 285 3078 tur:
323 3042 342 3077 r
368 3024 446 3079 De
479 3024 684 3096 Spiritu
727 3043 916 3086 sancto
948 3031 1179 3105 Didymi,
1210 3052 1370 3107 quem
1411 3041 1464 3094 in
1496 3039 1745 3097 Latinum

162 3115 437 3180 transtuli,
470 3118 663 3175 librum
692 3137 879 3191 unum,
911 3124 964 3179 in
997 3126 1197 3184 Lucam
1232 3131 1484 3188 homilias
1521 3136 1742 3205 triginta

1842 655 1983 705 mus,
2017 638 2286 694 secundus
2307 679 2323 704 ,
2364 646 2584 703 sextus,
2619 636 2896 701 decimus,
2927 636 3169 692 decimus
3211 638 3427 702 tertius.

1847 730 2094 785 decimus
2135 743 2333 793 nonus,
2382 726 2710 789 vicesimus,
2756 726 3048 781 vicesimus
3096 735 3322 780 octavus
3376 735 3429 781 et

1857 820 2164 875 tricesimus
2188 815 2482 874 secundus.
2526 818 2583 871 ln
2631 816 2970 872 bibliothecae
3016 817 3198 887 Regia:
3244 818 3432 874 codice

1841 909 1895 965 hi
1928 909 2058 964 tomi
2110 909 2224 963 suis
2276 907 2446 962 notati
2502 908 2745 961 numeris
2788 906 3152 975 reperiuntur.
3201 905 3430 960 Eosdem

1843 999 2231 1069 complectitur
2268 1008 2441 1055 tomos
2473 1008 2669 1068 praeter
2721 997 2988 1051 decimum
3023 1006 3079 1052 et
3110 997 3431 1053 vicesimum

1842 1102 2097 1147 octavum
2129 1100 2466 1146 memoratus
2506 1090 2641 1145 liber
2668 1088 2720 1143 in
2773 1088 3112 1143 bibliothecae
3155 1087 3435 1143 Bavarica:

1841 1181 2104 1252 catalogo.
2188 1182 2259 1235 At
2319 1180 2489 1235 codex
2559 1180 2899 1235 bibliothecae
2958 1178 3173 1235 Venetae
3243 1178 3435 1234 Sancti

1842 1271 2032 1336 Marci,
2060 1273 2188 1328 licet
2217 1273 2370 1344 Regii
2406 1272 2709 1327 consimilis
2736 1272 2841 1337 sit,
2885 1285 2985 1326 nec
3012 1272 3165 1341 plura
3207 1272 3429 1339 habeat,

1843 1380 1873 1419 a
1905 1364 2105 1420 callido
2146 1374 2324 1419 tamen
2388 1364 2612 1419 librario
2673 1364 2727 1419 in
2778 1375 2956 1420 tomos
3028 1365 3248 1434 triginta
3295 1365 3433 1422 duos

1842 1457 2165 1513 distributus
2193 1455 2312 1522 fuit,
2341 1458 2443 1512 hac
2484 1467 2603 1513 arte
2640 1457 2862 1512 lacunas
2903 1465 2959 1512 et
3004 1455 3184 1511 hiatus
3226 1457 3430 1523 celare,

1842 1557 1900 1603 et
1931 1549 2075 1617 apud
2103 1547 2353 1601 incautos
2393 1546 2751 1608 dissimulare,
2793 1554 2849 1601 et
2901 1560 3001 1615 pro
3053 1545 3262 1615 integro
3302 1561 3433 1601 ven-

1844 1639 2018 1694 ditare
2049 1639 2287 1694 volente.
2317 1639 2394 1693 Eo
2427 1639 2506 1703 lit,
2538 1648 2595 1692 ut
2622 1639 2871 1693 eumdem
2906 1639 3047 1693 hunc
3076 1653 3195 1692 esse
3225 1646 3433 1707 putem,

1846 1731 1939 1800 qui
1976 1729 2079 1785 l'uit
2110 1730 2261 1801 Diegi
2307 1729 2560 1796 Hurtadi,
2604 1731 2804 1800 quique
2833 1731 2993 1786 simili
3022 1730 3144 1786 d'olo
3165 1730 3433 1787 dissectus

1777 1822 2016 1894 Bfuisse
2066 1832 2417 1879 memoratur.
2488 1822 2638 1877 Hanc
2707 1834 2978 1878 tomorum
3061 1823 3432 1892 partitionem,

1847 1929 2009 1985 quam
2046 1925 2266 1971 secutus
2295 1925 2382 1970 est
2424 1912 2733 1981 Ferrarius,
2786 1914 2984 1971 falsam
3032 1930 3151 1972 esse
3201 1924 3433 1987 arguunt

1844 2008 2171 2079 fragmenta,
2203 2022 2323 2077 qua:
2343 2022 2374 2062 e
2400 2015 2596 2076 quarto
2619 2017 2765 2062 tomo
2785 2008 3136 2078 proferuntur
3160 2009 3212 2063 in
3235 2018 3434 2079 quarto

1846 2097 2158 2155 Philocalite
2202 2100 2413 2169 capite,
2445 2108 2500 2154 et
2546 2098 2600 2154 in
2649 2103 2845 2171 quinto
2896 2101 3242 2170 reperiuntur
3286 2109 3434 2154 tomo

1843 2191 2180 2247 Ferrariana:
2206 2193 2693 2262 interpretationis.
2725 2193 2987 2249 Similiter
3017 2208 3047 2249 e
3091 2204 3247 2250 sexto
3273 2202 3426 2251 tomo

1843 2281 2163 2350 particulam
2187 2282 2382 2336 recitat
2414 2282 2646 2340 Basilius
2677 2282 2801 2339 libr.
2834 2283 2913 2339 De
2969 2283 3174 2352 Spiritu
3224 2296 3433 2351 sancto,

1844 2387 1965 2444 cap.
1998 2372 2089 2430 29.
2124 2374 2318 2430 Exstat
2354 2374 2442 2429 illa
2477 2376 2531 2430 in
2556 2386 2715 2433 sexto
2741 2386 2888 2433 tomo
2918 2378 3119 2434 codicis
3165 2377 3351 2447 Regii,
3378 2379 3434 2433 in

1844 2476 2037 2522 octavo
2069 2481 2198 2522 vero
2244 2466 2601 2526 Ferranianae
2641 2470 3127 2541 interpretationis.
3172 2470 3433 2525 Codicum

1843 2572 2006 2627 porro
2030 2560 2272 2613 omnium
2310 2575 2375 2615 ea
2422 2571 2505 2617 est
2558 2561 2859 2617 similitudo
2901 2561 3047 2617 inter
3099 2577 3159 2617 se
3209 2572 3266 2616 et
3298 2577 3435 2617 con-

1843 2651 2135 2719 gruentia,
2192 2661 2249 2707 ut
2305 2667 2374 2708 ex
2430 2668 2537 2708 uno
2587 2653 2885 2721 exemplari
2948 2654 3250 2723 descriptos
3312 2668 3436 2710 esse

1843 2757 2033 2799 omnes
2076 2758 2175 2813 pro
2210 2756 2363 2802 certo
2404 2747 2655 2801 habeam.
2723 2746 2928 2803 Praeter
2984 2747 3263 2817 superiora
3315 2747 3434 2801 exi-

1844 2847 2005 2903 guam
2033 2850 2064 2889 e
2102 2844 2247 2889 tomo
2281 2836 2521 2892 secundo
2567 2838 2622 2891 in
2650 2837 2913 2892 Joannem
2940 2838 3264 2907 particulam
3309 2852 3433 2908 pro-

1843 2929 1945 2985 mit
1968 2928 2281 2999 Pamphilus
2322 2929 2379 2985 in
2426 2930 2803 3001 Apologetico.
2834 2932 3130 2987 secundam
3174 2932 3433 2987 crimina-

1846 3021 2048 3077 tionem
2100 3021 2412 3078 conlutans.
2471 3023 2661 3093 Capite
2711 3035 2908 3095 quarto
2954 3023 3267 3080 Philocalia:
3330 3025 3435 3081 fra-

1854 3122 2069 3183 gmenta
2102 3116 2442 3172 adducuntur
2483 3131 2515 3171 e
2541 3127 2735 3185 quarto
2754 3126 2933 3182 torno;
2963 3117 3088 3173 item
3133 3119 3310 3188 capite
3341 3134 3432 3174 se-

159 3223 377 3275 novem,
422 3212 476 3267 in
523 3213 765 3271 psalmos
804 3233 834 3272 ει
881 3220 1092 3278 decimo
1142 3240 1316 3295 usque
1361 3229 1428 3282 ad
1475 3203 1741 3286 daal—nm“
1770 3203 1813 3262 C
1847 3204 2031 3274 quenti
2069 3204 2175 3259 alia
2222 3205 2527 3275 fragmenta
2562 3220 2594 3261 e
2624 3204 2954 3262 Praal'atione
2992 3207 3165 3277 quinti
3214 3209 3347 3263 tomi
3376 3209 3433 3264 in

155 3311 372 3356 sextum
397 3312 655 3361 tractatus
676 3318 903 3377 septem,
917 3313 1118 3381 captivi
1136 3316 1383 3372 monachi
1397 3318 1581 3385 vitam,
1596 3330 1703 3377 etc.
1718 3342 1736 3375 ι

156 3387 371 3458 Quibus
400 3407 466 3447 ex
500 3395 678 3449 verbis
720 3396 856 3451 nihil
889 3397 1035 3453 aliud
1085 3400 1311 3472 intelligi
1344 3414 1541 3472 potest,
1575 3421 1739 3476 quam

157 3492 256 3535 aut
289 3497 408 3537 esse
449 3483 759 3559 Hieronymi
796 3489 898 3544 hoc
928 3504 1087 3560 opus,
1114 3501 1209 3547 aut
1235 3494 1302 3548 ab
1337 3509 1402 3550 eo
1432 3511 1647 3552 versum
1673 3511 1739 3552 ex

159 3572 411 3643 Didymo.
458 3574 572 3631 Hoc
618 3588 801 3634 utrum
850 3596 978 3636 casu
1020 3598 1088 3637 an
1136 3585 1315 3640 studio
1373 3587 1575 3643 factum
1632 3589 1737 3653 sit,

160 3666 365 3720 nescio.
391 3684 412 3719 ι
457 3668 526 3722 At
567 3670 911 3728 observasset
953 3673 1215 3732 Erasmus
1259 3678 1377 3747 pari
1421 3692 1741 3750 argumento

159 3757 502 3814 homiliarum
533 3760 758 3817 duarum
786 3763 839 3820 in
870 3765 1153 3825 Canticum
1186 3779 1460 3826 auctorem
1494 3772 1739 3828 revocari

158 3862 321 3916 posse
348 3851 399 3905 in
427 3851 667 3919 dubium,
694 3868 816 3911 cum
852 3856 905 3911 in
930 3859 1119 3915 eodem
1145 3860 1387 3931 Catalogi
1420 3864 1595 3932 capite
1625 3865 1742 3919 haec

159 3938 360 3995 habeat
390 3941 751 4015 Hieronymus
776 3964 789 4000 :
828 3964 848 3999 ι
880 3948 955 4003 De
986 3951 1157 4006 tribus
1181 3954 1575 4020 quaestionibus
1604 3956 1737 4024 legis

159 4030 384 4095 veteris,
414 4033 669 4089 homilias
709 4037 765 4090 in
803 4035 1022 4092 Cantica
1070 4043 1398 4096 canticorum
1437 4045 1600 4110 duas,
1636 4048 1736 4101 ad-

160 4136 340 4176 versus
383 4122 708 4181 Helvidium.
735 4145 756 4179 ι
799 4127 1001 4200 Nempe
1046 4134 1282 4188 auctoris
1329 4149 1523 4190 nomen
1563 4138 1738 4193 ascri-

158 4212 293 4267 bere
328 4216 589 4284 neglextt,
620 4232 779 4286 quem
813 4217 1032 4276 aliunde
1058 4223 1193 4277 satis
1218 4233 1402 4279 notum
1436 4240 1559 4281 esse
1599 4229 1736 4283 scie-

156 4304 273 4360 bat.
299 4306 461 4361 Addit
507 4307 801 4365 Erasmus:
838 4328 858 4363 r
890 4312 1022 4367 Dein
1069 4328 1191 4369 cum
1228 4316 1281 4371 in
1336 4319 1548 4374 caateris
1602 4320 1736 4374 nihil

158 4400 422 4458 habeatur
465 4405 693 4472 erroris,
727 4406 817 4462 hic
869 4407 1035 4463 multa
1078 4418 1206 4464 sunt
1238 4411 1319 4465 vel
1359 4421 1608 4482 suspecta
1650 4412 1737 4467 vel

158 4491 432 4549 damnata.
457 4511 477 4544 ι
520 4493 670 4550 itane
713 4496 870 4550 vero?
915 4496 1121 4552 nihilne
1155 4499 1206 4553 in
1253 4498 1405 4556 libris
1436 4500 1578 4571 Περὶ
1623 4502 1730 4570 ἀρ-

1844 3295 1987 3352 idem
2016 3295 2367 3366 Evangelium
2392 3314 2406 3364 ;
2436 3298 2593 3368 cujus
2629 3297 2976 3355 Praelationis
3023 3300 3183 3355 aliam
3218 3316 3434 3371 quoque

1842 3389 2150 3457 portionem
2179 3389 2234 3445 in
2266 3398 2430 3461 caput
2478 3405 2587 3445 xxv
2628 3390 2754 3446 libri
2802 3392 2942 3447 sexti
2980 3390 3235 3448 Historia:
3258 3392 3431 3451 Eusc-

1844 3481 2218 3537 hiusinl‘ersit.
2250 3482 2328 3537 Ex
2379 3480 2613 3553 Origene
2650 3484 2709 3538 in
2750 3483 2977 3539 Joannis
3024 3495 3186 3556 caput
3221 3497 3433 3541 sextum

1844 3570 2074 3629 lacinias
2120 3576 2386 3643 quasdam
2453 3576 2625 3632 exiles
2686 3578 2902 3647 profert
2966 3578 3301 3649 Bulengerus
3375 3581 3431 3635 in

1842 3662 2296 3735 Disputationibus
2309 3676 2493 3721 contra
2511 3667 2880 3723 Casaubonum
2895 3681 3034 3739 part.
3052 3685 3116 3738 tl,
3131 3670 3349 3726 diatrib.
3372 3671 3431 3739 ὃ,

1847 3771 1971 3828 pag.
2012 3757 2143 3825 251,
2175 3773 2312 3829 quas
2335 3774 2455 3813 cum
2488 3760 2703 3815 codices
2728 3777 2889 3816 manu
2921 3763 3107 3833 scripti
3150 3763 3433 3821 Commeno

1841 3849 2102 3904 tariorum
2128 3849 2181 3905 in
2211 3850 2263 3903 id
2286 3849 2634 3921 Evangelium
2657 3868 2764 3909 non
2787 3853 3101 3920 exhibeant,
3124 3868 3192 3910 ex
3222 3855 3431 3913 catenis

1840 3941 2108 4011 prodiisse
2136 3942 2247 3997 veri
2284 3943 2535 3999 absimile
2575 3959 2680 3999 non
2722 3954 2828 3999 est.
2861 3944 3106 4016 Denique
3150 3947 3294 4001 inter
3333 3947 3429 4001 ho-

1841 4031 2018 4088 milias
2068 4034 2120 4087 in
2148 4033 2391 4090 diversos
2428 4034 2548 4092 dua:
2580 4037 2847 4092 habentur
2880 4039 2935 4092 in
2971 4038 3271 4105 Joannem,
3307 4054 3430 4110 qua:

1840 4139 1963 4180 cum
1988 4133 2195 4181 certum
2235 4139 2515 4205 auctorem
2542 4144 2651 4185 non
2684 4129 2945 4199 habeant,
2979 4133 3143 4203 paulo
3175 4143 3298 4205 post
3326 4149 3428 4190 suo

1840 4217 1960 4273 loco
1998 4216 2423 4272 ventilabuntur.

1910 4305 2139 4361 Unicum
2164 4318 2416 4377 superest
2472 4310 2525 4363 in
2580 4313 2946 4381 apostolorum
2992 4317 3124 4371 Acta
3155 4316 3430 4388 fragmen-

1841 4408 1950 4453 tum
1976 4398 2245 4468 Origenis,
2295 4414 2327 4454 e
2379 4411 2573 4471 quarta
2625 4404 2931 4459 detractum
2972 4406 3221 4473 homilia,
3274 4408 3425 4478 quod

1838 4490 2003 4557 capiti
2061 4488 2375 4545 Philocalite
2439 4493 2673 4561 septimo
2730 4485 2967 4553 Basilius
3022 4507 3075 4552 et
3129 4499 3426 4569 Gregorius

154 4582 305 4653 χῶν,
350 4585 406 4639 in
454 4585 871 4643 commentariis
910 4588 965 4643 ξη
1024 4588 1369 4656 Μαιεήαξαηι,
1415 4592 1467 4647 in
1513 4563 1741 4663 }e|iq;|is
1772 4563 1818 4617 D
1847 4580 2152 4652 Theologus
2197 4581 2543 4638 inl‘ulserunt.
2588 4585 2645 4639 ln
2692 4586 2952 4658 Catalogo
2991 4563 3266 4644 librorum.
3299 4589 3424 4643 illu-

155 4678 413 4747 operibus
447 4678 672 4734 habetur
712 4681 951 4736 erroris?
1001 4680 1196 4738 Mirare
1245 4683 1431 4749 lector,
1475 4684 1732 4740 eli'renem

154 4765 369 4822 Erasmi
414 4769 466 4822 in
505 4780 743 4825 veterum
788 4773 1154 4841 erpendendis
1191 4774 1429 4845 scriptis,
1458 4784 1512 4830 et
1555 4776 1736 4845 proje-

156 4866 298 4911 ctam
335 4860 713 4915 temeritatem.
755 4860 1047 4929 Modestior
1076 4863 1351 4933 Merlinus,
1384 4880 1607 4924 errores
1647 4868 1731 4923 his

155 4946 393 5003 homiliis
444 4950 509 5005 ab
560 4952 871 5023 Origeniani
931 4956 1164 5012 nominis
1216 4958 1428 5015 aemulis
1480 4974 1731 5029 aspersos

156 5052 509 5095 asseverans:
542 5057 851 5113 quanquam
879 5054 934 5101 et
973 5047 1024 5102 id
1067 5047 1218 5103 valde
1264 5051 1555 5105 incertum.
1586 5050 1726 5105 Pau-

155 5129 308 5184 culas
356 5132 613 5199 quasdam
678 5135 969 5205 particulas
1014 5152 1081 5192 ex
1128 5137 1362 5209 Origene
1425 5141 1482 5194 in
1532 5139 1731 5195 Lucam

152 5222 373 5277 exhibet
396 5221 570 5280 Julius
597 5224 779 5282 Cmsar
808 5229 1139 5301 Bulengerus
1175 5242 1316 5301 part.
1341 5247 1405 5297 ll,
1431 5234 1647 5289 diatrib.
1676 5234 1729 5302 5,

153 5328 209 5385 p.
249 5313 351 5369 158
399 5326 454 5370 et
497 5314 622 5380 222,
666 5319 870 5375 advers.
913 5320 1212 5377 Casaubon.
1252 5338 1319 5378 ex
1359 5322 1564 5380 catenis
1610 5323 1727 5380 for-

154 5413 304 5461 tasse
336 5406 606 5477 aliquibus
635 5409 1000 5482 depromptas.

226 5519 343 5593 (82)
392 5520 440 5575 E
487 5523 689 5596 duobus
733 5536 780 5580 et
831 5527 1051 5596 triginta
1106 5526 1610 5583 Commentariorum
1672 5531 1725 5583 in

152 5588 416 5646 Joannem
445 5598 620 5668 tomis.
643 5593 762 5650 Jam
802 5588 989 5664 supra,
1021 5608 1151 5652 sect.
1183 5597 1241 5663 2,
1264 5614 1414 5655 num.
1441 5599 1493 5667 '7,
1523 5616 1574 5668 p.
1600 5599 1727 5666 296,

152 5670 270 5737 not.
299 5672 353 5716 et
379 5668 430 5716 in
462 5661 787 5737 Prtelatioue
812 5661 935 5722 huic
963 5678 1108 5722 tomo
1144 5661 1362 5737 praeﬁxa
1390 5661 1730 5726 ostendimus

153 5732 455 5803 plusquam
487 5736 701 5803 triginta
748 5746 801 5790 et
830 5737 963 5791 duos
991 5732 1163 5791 tomos
1205 5740 1262 5791 in
1309 5738 1572 5797 Joannem
1598 5756 1728 5799 cou-

152 5802 345 5863 lecisse
368 5802 650 5875 Origenem
694 5807 1145 5863 verisimillimum
1177 5822 1316 5865 esse.

472 5899 741 5960 PATROL.
786 5899 903 5961 Gn.
942 5902 1058 5963 XV
1064 5902 1143 5963 ll.

1845 4673 2098 4729 strissimi
2134 4675 2394 4745 principis
2426 4676 2632 4730 domini
2663 4677 2848 4735 Jacobi
2880 4678 3237 4743 Marmoretae,
3263 4696 3423 4750 quem

1841 4765 1987 4821 inter
2009 4768 2361 4837 antiquitates
2376 4768 3007 4842 Constantinopolitanae
3030 4772 3360 4844 Supplemen
3375 4786 3429 4832 to

1839 4857 2178 4915 Bibliotheca:
2229 4858 2569 4915 Cesneriante
2620 4863 2846 4918 inseruit
2893 4864 3164 4919 Antonius
3214 4862 3432 4921 Verde-

1838 4952 1986 5015 rius,
2028 4963 2489 5009 commemoratur
2535 4952 2786 5024 Origenis
2841 4953 3142 5026 Explicatio
3181 4957 3237 5008 in
3286 4956 3434 5011 Acta

1841 5041 2219 5110 apostolorum,
2243 5044 2379 5099 etin
2412 5042 2679 5114 Epistolas
2714 5040 2913 5110 Pauli,
2955 5044 3021 5099 de
3047 5044 3245 5114 quibus
3277 5061 3433 5101 nunc

1836 5145 1935 5186 suo
1966 5132 2155 5187 ordine
2190 5135 2456 5204 agendum
2481 5144 2590 5189 est.

1905 5223 2023 5279 XV.
2058 5225 2284 5280 Rufinus
2313 5225 2547 5281 Heraclii
2577 5227 2810 5297 impulsu
2841 5227 2955 5299 (83)
2999 5229 3193 5300 viginti
3245 5240 3425 5287 tomos

1835 5316 2365 5373 Commentariorum
2390 5317 2640 5391 Origenis
2665 5321 2716 5374 in
2747 5317 3046 5389 Epistolam
3061 5325 3128 5376 ad
3151 5323 3419 5378 Romanos

1829 5410 2037 5467 Latina:
2084 5410 2280 5482 lingua:
2323 5413 2608 5467 donandos
2654 5413 2938 5481 suscepit:
2971 5416 3067 5469 sed
3112 5430 3219 5484 qua
3272 5412 3419 5470 lide?

1906 5528 2020 5597 (83)
2057 5526 2259 5598 Viginti
2288 5536 2456 5583 tomos
2485 5528 2777 5584 Comment.
2800 5528 3045 5599 Origenis
3068 5529 3315 5599 inEpist.
3342 5531 3413 5586 ad

1834 5599 2107 5671 Romanos
2132 5637 2149 5664 ,
2178 5607 2283 5671 etc_.
2336 5600 2691 5655 Cassiodorus
2741 5602 2960 5671 quidem
3014 5601 3088 5654 ait
3122 5598 3412 5670 Origenent

1835 5674 1892 5724 in
1923 5669 2091 5736 Epist.
2121 5672 2190 5721 ad
2244 5668 2466 5727 Roman.
2521 5671 2707 5737 viginti
2758 5668 2939 5725 tomos
2983 5668 3322 5735 elaborasse;
3353 5681 3413 5727 at

1838 5740 2066 5793 Hulinus
2095 5740 2398 5806 quindecim
2430 5751 2632 5795 tantum
2688 5750 2989 5804 enumerat,
3041 5750 3095 5795 et
3134 5756 3168 5797 ο
3210 5743 3412 5799 nostris

1845 5826 1976 5867 mss.
2009 5810 2147 5865 alius
2174 5810 2335 5866 habet
2359 5813 2565 5880 decem,
2604 5811 2742 5867 alius
2777 5812 3078 5868 duodecim.

3048 5901 3125 5963 39
