1919 3111
225 169 293 197 m7

856 165 885 193 P.
905 165 1063 193 DAN'IELIS
1078 163 1200 192 ’HUE'I'R

1782 161 1854 190 £9.28

223 239 271 258 sua
286 228 465 264 nempc,'hoc
482 232 521 256 est
536 227 652 262 pessima
669 234 675 252 :
690 233 750 253 nam
772 230 857 253 totum
875 234 942 262 opus
955 226 1012 261 jam
1027 229 1049 257 Λ
1064 230 1124 259 post
1143 232 1339 253 conversurum
1354 232 1425 253 sese
1452 224 1597 252 Clementis
1624 224 1724 257 libros;
1742 225 1820 260 quod
1840 232 1855 250 ι

222 275 474 310 interpolatum,et
503 273 605 306 aliquot
633 271 815 299 voluminibus
839 271 1010 299 decurtatum

221 321 254 347 ad
267 320 381 348 mediam
396 319 453 346 fere
467 324 571 354 partem
592 325 654 346 sese
677 318 847 345 contraxisse
868 317 1011 352 proﬁtetur

221 367 247 393 in
263 366 421 393 Praefatione
436 365 469 392 ad
484 364 649 391 Heraclium.
672 363 799 398 lnjnriam
820 364 933 399 Origeni
951 364 1008 390 illa-

220 416 274 438 tam
302 410 408 437 facilius
428 410 629 443 deprehendes,
657 409 679 435 si
713 407 864 443 fragmenta
889 409 1010 442 quaedam

220 456 416 485 lucubrationis
430 456 510 490 hujus
524 455 626 482 inserta
641 454 800 481 Philocaliw
812 461 874 482 cum
889 453 1011 480 Ruﬁnia-

219 512 252 530 na
272 503 448 530 conversione
463 499 603 535 conﬁigas.
626 499 767 527 Adversus
782 499 852 526 hanc
868 499 1010 526 audaciam

220 547 317 575 merito
332 547 459 573 Erasmus
474 545 664 576 excandescit,
680 549 707 571 et
721 544 790 571 falso
805 544 923 572 alIictam
947 544 1010 571 Hie-

220 600 333 628 ronymo
346 592 436 627 operis
456 591 534 624 hujus
548 590 798 625 interpretationem
812 590 909 617 Ruﬁno
931 590 1010 617 resti-

221 638 281 665 tuit.
301 638 357 673 (84)
371 637 426 665 Cnr
439 636 605 672 llierouymo
620 636 721 664 tributa
740 636 786 668 sit,
807 635 895 663 Ruﬁni
912 641 971 663 astu
984 640 1012 664 et

219 683 327 710 vafritie
361 682 460 709 factum
487 686 552 716 puto
570 701 578 714 ,
604 681 650 716 qui
674 681 707 709 ad
733 681 924 709 declinandam
948 682 1010 709 facti

220 729 355 757 invidiam
365 728 446 764 (male
460 728 559 763 quippe
570 728 698 755 audiebat
712 726 839 762 Origenis
857 726 966 763 nomen)
984 731 1012 755 et

221 775 247 801 in
260 773 464 808 Hieronymum,
476 779 493 799 ο
509 780 563 807 quo
578 779 650 806 srepe
666 771 832 806 Origenismi
850 779 932 799 causa
963 780 1012 799 ex-

222 820 339 855 agitatus
351 818 452 850 fuerat,
468 817 673 849 refundendam,
688 825 785 845 nomen
800 824 877 844 suum
894 826 947 845 non
965 826 1013 853 ap-

219 865 318 901 posuit,
334 863 463 891 modestia
479 863 579 891 factum
589 863 740 897 simulans,
759 863 831 898 quod
846 864 926 891 malis
943 864 1011 891 arti-

221 915 269 941 bus
281 919 370 940 actum
388 916 447 939 erat

220 959 393 987 conscientiae
406 965 538 992 mete-qua
550 957 652 984 nomini
665 957 768 989 defero,
786 957 894 985 etiamsi
908 957 1010 985 addere

220 1006 308 1040 aliqua
329 1005 434 1037 videor,
449 1009 477 1032 et
488 1003 598 1039 explere
614 1012 674 1039 qua:
687 1004 797 1035 desunt,
819 1007 866 1031 aut
884 1004 1010 1031 breviare

220 1058 279 1085 quae
302 1050 380 1084 longa
403 1055 481 1083 sunt,
506 1049 591 1076 furari
619 1054 709 1077 tamen
740 1049 847 1076 titulum
865 1048 949 1084 ejus,
964 1048 1009 1084 qui

220 1096 424 1124 fundamentum
438 1096 529 1131 operis
550 1096 633 1131 jecit,
660 1100 688 1123 et
711 1095 886 1123 construendi
901 1096 1008 1123 adiﬁcii

222 1144 360 1171 materiam
375 1143 500 1178 prtcbuit,
520 1147 624 1170 rectum
645 1149 697 1170 non
718 1146 794 1176 puto.
814 1141 862 1169 'Sit
889 1149 956 1170 sane
981 1143 1008 1170 in

220 1189 333 1218 arbitrio
352 1189 465 1224 legentis
479 1196 540 1216 cum
555 1196 627 1224 Opus
639 1188 806 1223 probaverit,
821 1189 912 1223 operis
927 1188 1010 1216 meri-

221 1241 276 1262 tum
297 1235 338 1262 cui
367 1235 432 1263 velit
460 1234 607 1262 ascribere.
626 1244 635 1261 ι
659 1234 760 1261 Deinde
784 1234 810 1260 in
831 1233 1009 1262 Peroratione

220 1282 300 1309 verba
318 1282 376 1309 haec
400 1281 491 1308 dolose
505 1280 603 1316 adjecit
619 1288 626 1306 :
647 1289 657 1306 ‹
676 1281 759 1307 Aiunt
779 1279 851 1306 enim
877 1280 942 1307 mihi
959 1280 1008 1307 :ln

217 1327 263 1354 his
276 1334 336 1361 qua:
352 1327 459 1360 scribis,
473 1327 601 1362 quoniam
617 1326 733 1360 plurima
751 1326 778 1353 in
796 1325 836 1353 eis
859 1325 896 1353 tui
919 1325 1009 1361 operis

221 1370 364 1402 habentur,
379 1371 411 1397 da
428 1370 535 1397 titulqu
549 1370 667 1397 nominis
687 1370 744 1403 tui,
766 1374 793 1397 et
816 1369 907 1398 scribe
920 1379 932 1396 τ
943 1369 1008 1398 Hie-

222 1417 337 1453 ronymi,
355 1416 429 1444 verbi
441 1416 539 1451 gratia,
554 1416 581 1443 in
594 1415 739 1448 Epistulam
757 1418 791 1444 ad
813 1417 944 1445 Romanos
956 1417 1009 1444 Ex-

220 1463 404 1497 planationum
431 1462 502 1490 libri.
530 1471 540 1488 D
573 1463 642 1490 Hinc
669 1463 756 1491 delusi
781 1464 859 1491 bardi
884 1463 1010 1491 homines

219 1507 375 1545 Hieronymi
394 1509 503 1536 nomine
528 1510 626 1536 librutn
655 1509 892 1544 praescripserunt.
916 1510 951 1536 At
967 1510 1009 1539 vel

220 1561 252 1581 ex
264 1561 297 1581 eo
309 1554 444 1582 stoliditas
461 1562 555 1582 eorutn
580 1555 715 1590 arguitur.
733 1554 800 1582 Nam
826 1555 848 1583 si
874 1555 1009 1590 interpres

220 1601 316 1628 fuisset
342 1599 532 1635 Hieronymus,
554 1608 603 1628 cur
627 1608 707 1628 voces
728 1600 805 1634 illas,
828 1601 898 1628 verbi
907 1601 1005 1636 gratia,

219 1645 377 1678 addidisset,
394 1653 454 1680 quae
474 1647 612 1673 declarant
635 1646 759 1673 ﬁctilium
781 1653 842 1673 esse
864 1650 892 1673 et
915 1646 1007 1673 asciti-

220 1692 284 1719 tium
300 1692 325 1719 id
350 1700 458 1723 nomen,
484 1699 537 1719 non
563 1692 735 1726 legitimum?
759 1691 904 1726 Subjungit
924 1691 1005 1726 paulo

254 1782 311 1817 (85)
330 1782 384 1810 Cur
411 1781 570 1818 Hieronymo
592 1783 691 1815 tributa
717 1784 761 1815 sit,
788 1782 876 1817 Ruﬁni
899 1789 959 1811 astu
981 1788 1004 1811 et

218 1818 323 1854 ωίτὶιξς
334 1818 435 1854 factum
448 1823 521 1851 puto,
538 1823 592 1854 etc.
606 1818 664 1854 Non
678 1821 757 1845 modo
772 1826 825 1846 non
840 1818 924 1854 .hujus
934 1838 941 1851 ,
956 1819 1004 1847 sed

220 1860 270 1881 nec
284 1852 364 1880 ullius
378 1853 607 1887 interpretationis
626 1853 707 1882 fronti
723 1861 819 1880 nomen
835 1852 914 1881 suum
931 1861 1001 1888 prae-

220 1889 279 1916 ﬁxit
298 1888 411 1923 Ruﬁnus
425 1896 431 1913 :
448 1889 518 1923 quod
533 1889 641 1922 quidem
657 1889 723 1916 satis
735 1893 806 1923 patet
818 1894 873 1915 tum
885 1897 917 1916 ex
932 1888 1003 1916 Gen-

220 1923 299 1951 nadio
314 1922 484 1959 Massiliensi,
502 1928 531 1950 ut
550 1931 612 1950 mox
625 1922 756 1959 dicemus,
770 1928 824 1951 tuin
842 1931 876 1950 ex
893 1931 1002 1959 perora-

220 1960 294 1986 tione
306 1959 332 1985 in
344 1959 414 1986 hanc
426 1959 459 1994 ad
473 1958 611 1986 Romanos
624 1958 769 1993 Epistolam
780 1980 787 1992 ,
813 1958 859 1986 ubi
880 1958 919 1986 ait
945 1959 1003 1994 ipse

220 1994 333 2021 Ruﬁnus
357 2000 386 2021 se
408 1993 608 2021 satisfacturum
637 1994 733 2022 amicis
765 1994 839 2026 suis.
871 1998 899 2021 et
925 1993 1004 2022 titulo

219 2029 350 2056 librorum
369 2029 454 2056 sancti
477 2028 642 2061 Clementis,
664 2036 778 2064 quorum
804 2029 1005 2064 interpretatio-

220 2071 283 2091 nem
299 2064 488 2095 meditabatur,
506 2071 603 2091 nomen
629 2072 706 2091 suum
729 2071 758 2091 se
784 2064 919 2091 daturum.
935 2064 1006 2091 Nun-

220 2099 285 2134 quid
298 2099 360 2125 inde
379 2099 606 2132 concludendum,
625 2099 702 2134 juxta
722 2099 810 2126 Huetii
831 2099 1004 2132 sententiam,

220 2133 316 2161 omnes
330 2133 564 2170 interpretationes
576 2133 640 2170 suas
655 2135 682 2161 in
702 2134 894 2170 Hieronymum
909 2134 1004 2170 refun-

221 2170 287 2196 dere
309 2168 424 2196 voluisse
438 2169 584 2196 Ruﬁnum?
610 2169 663 2197 Sed
678 2169 742 2204 quid
759 2168 918 2197 absurdius?
939 2168 1004 2202 Quis

221 2205 294 2231 cnim
312 2209 407 2231 auctor
420 2212 569 2240 anonyntus
590 2204 692 2232 fraudis
712 2204 832 2239 ejusdem
854 2204 1004 2240 insimulari

221 2247 274 2266 non
292 2239 408 2274 poterit?
426 2240 479 2266 itno
491 2240 556 2294 quid
568 2240 668 2267 vetabit
681 2240 823 2273 quominus
843 2239 913 2266 idem
929 2240 1004 2266 dica—

222 2280 265 2294 lur
278 2275 313 2294 (In
332 2275 494 2294 Hinrnnvmn
532 2274 584 2294 Νριι
603 2275 674 2294 anim
685 2276 740 2294 imm
754 2274 877 2294 nrianniu
893 2281 974 2294 nnnra
990 2283 1003 2294 ιι

222 2280 265 2302 tur
278 2275 313 2302 de
332 2274 512 2310 Hieronymo?
529 2274 585 2302 Nec
603 2275 674 2302 enim
685 2276 740 2309 ipse
754 2274 877 2310 Origenis
893 2281 975 2309 opera
989 2283 1003 2302 a

221 2318 251 2338 se
265 2309 394 2337 translata
413 2309 463 2337 suo
486 2311 594 2337 nomine
613 2311 747 2345 signavit,
768 2309 922 2344 siquidem,
938 2314 1007 2337 teste

222 2345 374 2378 Gennadio,
388 2345 526 2379 prooemiis
542 2350 645 2372 tantum
663 2345 890 2379 dignoscebatur,
911 2345 975 2379 quid
990 2353 1006 2372 a

221 2380 330 2412 Ruﬁno,
345 2381 409 2415 quid
423 2381 457 2407 ab
479 2380 642 2415 Hieronymo
667 2380 764 2407 futsset
786 2380 1005 2414 interpretatum,

222 2425 232 2441 ε
247 2414 419 2449 Quaecunque
440 2414 587 2450 praemissis
600 2415 729 2450 .Prologis
752 2422 766 2442 a
782 2415 890 2442 Latinis
912 2414 1007 2449 legun-

221 2455 281 2482 tur,
302 2460 312 2476 ι
342 2450 428 2484 inquit
443 2449 610 2477 'Gennadius
636 2449 756 2485 Catdlog.
789 2451 869 2477 uiror.
892 2450 1005 2483 illum,

220 2494 279 2520 cap.
294 2486 338 2521 is,
359 2494 368 2510 ι
389 2493 404 2512 a
417 2486 514 2512 Ruﬁno
538 2487 714 2521 interpretata
736 2491 798 2513 sunt
813 2492 820 2510 :
835 2492 894 2521 qua;
914 2490 1004 2521 autem

220 2519 279 2548 sine
293 2520 418 2556 Prologo,
435 2522 471 2556 ab
485 2521 537 2547 alio
551 2519 681 2548 translata
700 2525 766 2548 sunt
791 2521 836 2554 qui
860 2519 1003 2554 Prologum

221 2556 310 2583 facere
329 2556 414 2582 noluit
430 2566 436 2582 :
456 2555 580 2591 Origenis
594 2561 683 2583 autent
700 2564 753 2582 non
770 2555 877 2587 omnia,
893 2556 954 2589 quia
978 2560 1005 2581 et

221 2591 400 2626 Hieronymus
421 2590 558 2617 transtulit
569 2591 724 2626 aliquanta,
748 2598 808 2625 quae
827 2598 875 2618 suo
890 2590 1004 2625 Prologo

221 2625 421 2654 discernuntur.
441 2636 451 2651 ι
468 2625 552 2653 Porro
566 2625 627 2653 cum
643 2626 766 2661 Prologis
779 2626 845 2653 satis
855 2626 1004 2661 dignosce-

222 2667 295 2689 retur
308 2661 372 2696 quid
387 2670 401 2687 a
415 2661 524 2693 Ruﬁno,
540 2661 604 2696 quid
620 2661 653 2688 ab
666 2660 831 2696 Hieronymo
849 2660 945 2688 fuisset
957 2660 1004 2696 in-

221 2695 407 2732 terpretatum,
425 2695 571 2732 nongvide’o
589 2697 660 2723 unde
681 2695 857 2732 Ruﬁniastus
876 2700 903 2722 et
917 2695 1003 2722 vafri-

221 2730 271 2760 ties
285 2733 342 2759 erui
356 2737 465 2766 queant.
479 2730 613 2758 Printerea
625 2731 648 2758 si
664 2732 690 2758 in
701 2731 892 2766 Hieronymum
908 2738 1003 2757 omnes

221 2764 457 2802 interpretationes
473 2774 536 2794 suas
559 2767 701 2802 retundere
724 2764 854 2793 voluiSset
876 2764 1000 2802 Ruﬁnus,

221 2800 340 2837 nunquid
367 2807 506 2837 tantopere
529 2802 586 2836 ipse
609 2800 770 2836 Origenismi
792 2809 874 2828 causa
890 2802 924 2828 ab
940 2800 1002 2828 Hie-

220 2845 332 2873 ronymo
345 2840 499 2872 exagitatus
509 2858 516 2870 ,
533 2839 582 2864 has
596 2844 645 2873 pro
659 2837 715 2864 suis
734 2843 879 2871 agnoscere
895 2843 947 2862 non
962 2844 1003 2863 re-

220 2872 360 2900 cusasset?
378 2874 458 2907 Atqui
480 2878 569 2900 tamen
588 2872 681 2899 nullibi
703 2873 773 2899 fetus
797 2879 862 2899 suos
889 2873 1003 2907 denegat

216 2907 344 2942 Batﬁnus,
356 2909 410 2937 imo
422 2906 452 2936 in
469 2908 545 2936 libris
568 2915 635 2944 quos
650 2907 759 2942 scripsit
784 2907 913 2936 adversus
937 2906 1000 2934 Hie-

1022 1582 1044 1611 C

1062 269 1159 297 Ruﬁno
1182 269 1283 297 factum
1306 276 1366 297 esse
1391 274 1511 302 constat,
1535 277 1588 298 non
1617 270 1650 297 ab
1667 270 1855 306 Hieronymo;

1062 319 1117 341 tuin
1135 314 1195 341 ait:
1217 323 1227 339 ι
1246 314 1418 341 Satisfaciam
1445 322 1511 342 sane
1536 315 1563 342 in
1587 322 1620 342 eo
1645 315 1740 343 amicis
1769 315 1853 347 meis;

1061 363 1130 390 dabo
1150 362 1227 389 titulo
1242 369 1339 389 nomen
1356 369 1457 395 meum,
1473 362 1592 390 auctoris
1612 362 1793 390 nihilominus
1807 370 1855 390 vo-

1061 409 1160 437 cabulo
1177 415 1353 443 permanente
1375 418 1382 436 :
1403 418 1466 437 nam
1487 410 1642 445 Hieronymi
1669 417 1703 438 ne
1730 414 1852 444 putetur,

1061 455 1188 482 Clemens
1203 456 1337 483 scribetur
1353 466 1359 483 :
1377 466 1387 482 ι
1407 455 1564 491 Hieronymi
1580 463 1689 490 nempe,
1707 455 1788 489 cujus
1806 463 1853 483 no-

1063 502 1286 536 Inen'ascriptum
1302 510 1383 537 supra
1403 503 1489 531 ﬁnxit.
1516 502 1616 530 Eadem
1629 503 1757 537 Iversutia
1773 510 1853 529 usum

1061 554 1120 574 esse
1137 555 1189 574 non
1204 549 1287 577 semel
1305 548 1431 575 Ruﬁnum
1445 549 1500 582 jam
1515 556 1595 583 supra
1614 556 1689 576 num.
1707 548 1724 575 5
1744 548 1851 575 notavi-

1062 601 1133 620 mus.
1158 593 1186 620 ln
1212 593 1330 629 'Prologc
1352 594 1525 621 homiliarum
1547 595 1574 621 in
1591 593 1672 621 Iosue
1698 594 1855 621 sententias

1062 637 1218 674 Hieronymi
1232 644 1258 666 et
1272 640 1371 674 stylum
1386 640 1490 667 referre
1504 645 1616 667 conatus
1637 644 1686 667 est.
1704 639 1734 666 ln
1754 639 1855 666 Prafa-

1064 684 1136 711 tione
1149 685 1182 712 ad
1196 685 1279 712 libros
1293 685 1363 719 Περὶ
1386 684 1487 720 ἀρχῶν
1511 692 1608 712 nomen
1635 692 1714 712 suum
1739 685 1855 713 celavit.

1062 728 1100 756 lta
1124 731 1284 758 occultando
1303 731 1491 766 Origenismo,
1513 736 1540 757 et
1566 731 1731 758 traducendo
1756 730 1855 758 Hiero-

1062 782 1143 810 nymo
1162 775 1251 803 fucum
1265 776 1344 811 vulgo
1359 776 1487 804 faciebat.
1511 776 1621 804 Minime
1645 776 1737 810 itaque
1759 784 1856 804 assen-

1064 821 1116 848 tior
1131 820 1256 855 Erasmo,
1276 822 1413 857 mangonii
1429 821 1649 855 hujus‘librarios
1670 821 1858 853 insimulanti,

1062 871 1089 893 et
1101 866 1134 892 ad
1146 870 1283 901 emptores
1297 867 1454 895 alliciendos
1467 873 1628 902 przctcxtum
1650 868 1683 894 ab
1704 868 1737 894 iis
1761 867 1858 894 Hiero-

471 920 479 938 :
499 911 637 938 -«‘Vernm
661 918 727 945 ego,
755 911 851 946 inquit,
880 911 925 945 qui
951 911 1011 946 plus
1027 910 1048 937 Β
1063 911 1136 947 nymi
1152 919 1249 940 nomen
1263 914 1396 942 censenti.
1419 913 1520 940 Prmtcr
1546 919 1713 941 contractam
1738 914 1816 941 illam
1832 919 1859 940 ct

1062 962 1213 986 truncatam
1231 958 1322 986 Ruﬁni
1346 960 1609 993 interpretationem,
1639 961 1774 987 habemus
1791 961 1857 986 tomi

1060 1005 1138 1040 primi
1154 1007 1304 1040 portionem
1319 1006 1344 1033 in
1365 1008 1492 1041 Apologia
1511 1007 1660 1042 Pamphili;
1684 1008 1768 1042 longe
1791 1016 1858 1034 vero

1059 1050 1218 1084 ampliorem
1243 1052 1331 1086 capite
1358 1052 1515 1079 Philam/ite
1537 1053 1583 1079 25.
1608 1054 1687 1079 Aliud
1711 1061 1828 1088 quoque
1843 1063 1858 1081 e

1061 1099 1134 1123 tonio
1150 1103 1221 1122 nono
1239 1098 1418 1132 fragmentum
1440 1098 1515 1124 nobis
1532 1098 1609 1124 oll‘ert
1630 1104 1713 1132 caput
1730 1099 1856 1131 ejusdem

1060 1139 1217 1168 Philam/in:
1234 1150 1344 1169 nonum.
1362 1143 1490 1178 Exiguam
1505 1143 1620 1177 denique
1637 1143 1806 1177 particulam
1824 1151 1857 1170 ex

1059 1188 1152 1214 eodem
1167 1194 1248 1221 opere
1263 1188 1451 1215 subministrat
1466 1188 1518 1215 alio
1536 1188 1670 1223 Apologia:
1694 1189 1757 1216 loco
1775 1189 1858 1216 Pam-

1059 1233 1161 1268 philus.
1177 1232 1291 1261 Tomum
1308 1242 1383 1266 vero,
1402 1236 1472 1261 unde
1488 1235 1616 1262 translata
1633 1241 1673 1262 est
1685 1255 1693 1267 ,
1723 1243 1780 1262 non
1811 1243 1858 1263 no-

1059 1280 1135 1308 tavit.
1153 1279 1241 1315 Alqne
1256 1280 1313 1308 [nec
1328 1288 1390 1308 cum
1417 1282 1565 1316 legitimum
1585 1282 1680 1308 horum
1706 1282 1858 1310 Commen-

1059 1325 1191 1353 tariorum
1218 1331 1358 1354 auctorem
1391 1328 1582 1354 Adamantium
1612 1335 1671 1355 esse
1700 1329 1858 1356 clarissime

1059 1372 1246 1400 demonstrent
1257 1392 1264 1404 .
1284 1381 1337 1399 non
1351 1373 1481 1400 dubitavit
1498 1379 1586 1401 tamen
1607 1375 1726 1401 novitius
1741 1376 1856 1409 quidam

1059 1418 1178 1453 scriptor
1202 1418 1385 1446 heterodoxus
1408 1420 1458 1447 hos
1479 1420 1551 1455 ipsos
1566 1421 1592 1447 in
1614 1421 1856 1455 supposititiornin

1059 1463 1186 1499 Origenis
1199 1465 1363 1499 scriptorum
1382 1465 1481 1492 seriem
1503 1465 1656 1500 conjicere;
1677 1473 1693 1492 a
1716 1466 1857 1493 Gulieltno

1059 1509 1191 1538 Perltinso
1206 1510 1325 1542 delusus,
1339 1512 1384 1545 qui
1410 1519 1457 1538 eos
1485 1512 1555 1539 male
1579 1512 1686 1547 quidem
1712 1520 1727 1539 a
1754 1512 1856 1539 Ruﬁno

1061 1561 1206 1582 conversos
1222 1555 1342 1589 scripsit,
1369 1557 1440 1589 quod
1458 1556 1625 1583 verissimum
1654 1561 1715 1589 est;
1740 1557 1856 1592 Origeni

1062 1608 1126 1628 vero
1145 1600 1214 1629 falso
1231 1601 1423 1629 esse‘trihutos
1438 1602 1593 1635 neutiquam
1610 1602 1751 1637 cogitavit.

1094 1647 1151 1682 (85)
1162 1646 1273 1674 Brevem
1289 1646 1351 1674 libri
1367 1645 1439 1674 tertii
1454 1648 1481 1673 in
1497 1646 1644 1681 Epistolam
1661 1648 1697 1673 ad
1711 1648 1858 1676 Colom-

1058 1700 1098 1719 ses
1111 1693 1249 1724 laciniam,
1275 1697 1303 1720 et
1329 1692 1396 1720 alias
1421 1692 1484 1720 libri
1496 1691 1684 1727 in~Epiuolam
1703 1694 1739 1720 ad
1765 1693 1856 1720 Titum

1057 1791 1214 1819 ronymum,
1235 1784 1319 1812 libros
1330 1784 1406 1818 Περὶ»
1416 1783 1529 1819 ἀρχῶν,
1546 1784 1690 1818 pluresque
1704 1783 1778 1812 alios
1793 1792 1809 1811 a
1824 1792 1856 1812 se

1059 1820 1203 1847 translatos
1226 1819 1309 1847 fuisse
1340 1819 1411 1846 ultro
1430 1825 1459 1846 et
1489 1819 1731 1854 aperterfatetur,
1763 1824 1793 1846 et
1826 1821 1856 1848 in

1054 1862 1102 1882 sua
1126 1855 1297 1889 peroratione
1321 1854 1348 1881 in
1374 1854 1443 1889 hanc
1469 1854 1502 1881 ad
1535 1854 1670 1882 Romanos
1700 1854 1855 1889 Episrolam

1053 1888 1174 1925 omnium
1196 1889 1318 1925 Origenis
1329 1889 1356 1916 in
1369 1888 1593 1921 Pentateuchum,
1611 1890 1640 1915 in
1656 1888 1851 1925 Jesu’mrlvau,

1054 1926 1083 1951 in
1096 1924 1214 1957 Iudices,
1227 1924 1254 1951 et
1270 1925 1295 1951 in
1315 1925 1446 1959 quosdatn
1467 1924 1587 1958 psalmos
1609 1924 1854 1952 elucubrationum

1056 1960 1229 1994 interpretem
1252 1960 1318 1987 satis
1345 1967 1405 1987 sese
1429 1960 1588 1994 prolltetur,
1620 1967 1681 1986 cum
1714 1960 1855 1994 promittit

1058 1994 1157 2021 ibidem
1172 2002 1233 2022 sese
1257 2002 1452 2022 conversurum
1471 1994 1616 2029 Clementis
1639 1994 1744 2027 libros,
1762 1995 1852 2029 quod.

1059 2029 1100 2056 vel
1119 2029 1216 2057 Huetio
1228 2030 1333 2064 judice,
1356 2037 1371 2056 a
1393 2028 1491 2057 Ruﬁno
1517 2028 1618 2056 factum
1642 2036 1703 2056 esse
1725 2028 1850 2064 constat,

1059 2072 1113 2092 non
1128 2064 1162 2091 ab
1178 2063 1353 2100 Hieronymo.
1368 2064 1414 2096 At,
1422 2064 1519 2100 inquit
1542 2064 1707 2100 Huetiustin
1727 2063 1851 2100 Perora-

1059 2101 1130 2127 tione
1142 2100 1176 2126 ad
1190 2099 1342 2127 Heraclium
1355 2100 1397 2127 his
1410 2099 1587 2134 Hieronymus
1599 2099 1677 2133 quasi
1703 2099 1785 2133 hujus
1806 2101 1852 2126 in-

1058 2137 1162 2169 terpres
1174 2142 1189 2161 a
1203 2134 1305 2162 Ruﬁno
1319 2134 1411 2162 dolose
1426 2133 1592 2161 nominatur.
1615 2133 1653 2161 lta
1674 2135 1787 2168 quidem
1808 2134 1852 2169 le-

1058 2168 1198 2204 guutediti
1216 2174 1294 2196 antea
1307 2169 1385 2202 libri,
1407 2170 1455 2196 sed
1476 2169 1662 2200 librariorum.
1682 2177 1734 2196 non
1754 2168 1852 2196 Ruﬁni

1058 2204 1164 2232 vafritie
1175 2204 1275 2231 factum
1291 2204 1355 2232 illud
1367 2211 1427 2232 esse
1436 2205 1581 2232 contendo.
1597 2205 1626 2232 Si
1638 2205 1711 2232 enim
1723 2204 1848 2239 genuina

1057 2238 1114 2267 haec
1128 2238 1201 2267 esset
1214 2240 1304 2272 lectio,
1318 2247 1412 2267 omnes
1426 2240 1602 2274 tnanuscripti
1622 2238 1741 2271 codices,
1759 2240 1849 2266 etiam

1058 2274 1095 2301 illi
1131 2275 1177 2309 qui
1204 2274 1331 2302 Ruﬁnum
1371 2274 1450 2308 hujus
1491 2275 1722 2308 interpretationis
1750 2282 1850 2302 aucto-

1057 2316 1113 2337 rem
1134 2315 1297 2345 agnoscunt,
1321 2309 1477 2345 Hieronymi
1501 2317 1599 2336 nomen
1618 2314 1772 2345 servarent.
1796 2310 1849 2336 At-

1057 2345 1102 2379 qui
1118 2344 1206 2372 tamen
1226 2345 1333 2372 codices
1348 2349 1433 2372 nostri
1456 2344 1612 2379 Hieronymi
1633 2345 1692 2372 loco
1715 2344 1848 2371 R'utiunm

1057 2381 1155 2414 ubique
1170 2381 1326 2412 restituunt,
1340 2385 1367 2406 et
1382 2380 1418 2406 ita
1441 2379 1581 2413 legendum
1607 2386 1666 2408 esse
1688 2381 1849 2407 certissime

1056 2415 1244 2442 demonstrant
1257 2419 1313 2441 tum
1331 2415 1392 2441 libri
1408 2414 1543 2448 Origenis,
1560 2419 1614 2441 tum
1626 2415 1686 2441 libri
1695 2415 1849 2442 Clementis

1056 2449 1155 2476 ibidem
1174 2450 1325 2482 memorati,
1341 2457 1409 2484 quos
1429 2458 1443 2476 a
1466 2449 1565 2477 Ruﬁno
1593 2457 1739 2477 conversos
1764 2450 1849 2477 fuisse

1056 2489 1170 2512 constat.
1188 2485 1308 2519 Denique
1322 2484 1345 2511 si
1359 2490 1413 2511 tam
1431 2489 1523 2520 aperte
1545 2484 1738 2519 Hieronymum
1766 2486 1847 2520 quasi

1058 2519 1137 2554 hujus
1159 2520 1248 2554 operis
1270 2523 1443 2554 interpretem
1469 2519 1653 2546 fraudulenter
1675 2519 1848 2554 designasset

1056 2553 1191 2588 Ruﬁnus,
1207 2555 1327 2589 nunquid
1345 2556 1414 2582 hanc
1435 2554 1569 2581 fallaciam
1581 2553 1848 2589 ignorassetiﬂiero-

1055 2591 1168 2624 nymus?
1194 2590 1316 2624 nunquid
1342 2598 1395 2617 non
1412 2589 1606 2617 reclamasset?
1623 2590 1698 2617 Unde
1719 2590 1750 2616 ﬁt
1765 2592 1847 2624 igitur

1055 2631 1084 2651 ut
1098 2630 1208 2652 sanctus
1228 2626 1323 2652 doctor
1338 2626 1383 2660 qui
1402 2633 1435 2652 ne
1455 2625 1597 2651 minimum
1612 2626 1722 2659 quidem
1745 2625 1845 2660 Ruﬁno

1055 2660 1228 2692 condonavit,
1241 2660 1311 2687 hanc
1322 2660 1444 2687 fraudein
1455 2665 1544 2686 tamen
1558 2660 1650 2686 nullibi
1665 2659 1847 2687 criminetur?

1054 2695 1140 2722 Nolim
1155 2703 1220 2730 ergo
1236 2695 1360 2721 Ruﬁnum
1381 2694 1459 2728 hujus
1485 2694 1585 2730 dolosae
1610 2696 1678 2721 artis
1702 2702 1844 2726 accusare,

1053 2738 1134 2765 quam
1148 2729 1198 2757 nec
1219 2731 1276 2764 ipse
1292 2731 1395 2764 uspiam
1412 2729 1501 2764 arguit
1523 2729 1719 2764 Hieronymus.
1737 2737 1790 2757 nec
1806 2731 1845 2756 ul-

1053 2766 1096 2792 lus
1109 2766 1178 2792 alius
1195 2771 1293 2799 printer
1315 2765 1442 2792 Huetium
1467 2772 1523 2791 :ac
1549 2765 1660 2799 proinde
1681 2766 1770 2799 magis
1798 2767 1844 2792 ad.

1053 2801 1143 2827 haereo
1161 2801 1263 2827 Erasmi
1280 2800 1430 2832 sententiae,
1445 2800 1490 2834 qui
1507 2800 1643 2834 mangonii
1657 2800 1787 2827 librarios
1804 2801 1843 2826 in-

1052 2837 1193 2867 simulatis,
1212 2836 1244 2862 ad
1261 2841 1397 2870 emptores
1407 2835 1565 2862 alliciendos
1585 2840 1746 2870 praetextum
1762 2836 1798 2863 ab
1812 2836 1844 2863 iis

1053 2871 1209 2906 Hieronymi
1229 2878 1325 2898 nomen
1342 2871 1501 2906 arbitratur.

1088 2906 1145 2941 (85)
1156 2904 1268 2934 Brevem
1280 2906 1341 2933 libri
1356 2906 1426 2934 tertii
1439 2905 1465 2933 in
1478 2904 1627 2940 Epistolam
1644 2905 1678 2934 ad
1690 2905 1841 2935 Colossen-
