3838 6222
123 359 262 416 1229

965 353 1536 411 ORIGENIANORUM
1575 354 1702 410 LIB.
1742 353 1827 420 Ill,
1868 353 2018 410 CAP.
2056 355 2120 418 Il,
2163 353 2351 409 SECT.
2390 354 2480 409 IV.

3236 356 3366 410 1250

121 475 407 532 nonnullas
433 475 760 546 Apologetico
790 489 886 528 suo
941 474 1249 544 Pamphilus
1305 474 1534 532 inl’ulsit.
1563 474 1686 527 Ilie-
1715 480 1762 535 Α
1788 474 1964 534 suris;
1994 471 2151 540 hujus
2177 472 2443 540 praecipue
2477 471 2696 542 vestigia
2731 474 2980 542 persequi
3024 473 3194 529 decet.
3241 477 3365 530 Col-

125 584 387 640 ronymus
417 569 468 621 in
511 567 748 637 Epistola
800 567 865 621 ad
895 565 1214 621 Minervium
1240 576 1294 620 et
1330 567 1695 621 Alexandrum

129 660 492 727 fragmentum
545 655 702 710 affert
750 671 780 710 e
841 657 1000 708 tertio
1040 655 1312 708 volumine
1365 653 1699 724 ὲξηγηματι-

120 750 237 803 κῶν
305 748 552 818 Origenis
605 749 661 800 in
721 746 750 799 Ι
795 747 862 799 ad
922 745 1420 800 Thessalonicenses.
1480 745 1560 799 Ex
1611 748 1697 800 ho-

122 841 288 894 miliis
326 842 380 893 in
413 839 710 905 l'fpistolam
761 838 828 890 ad
879 836 1128 891 Hebrazos
1179 837 1407 905 paucula
1451 837 1694 904 quzedam

122 933 406 1000 descripsit
440 932 702 986 Eusebius
741 932 864 986 libr.
897 946 946 984 vt
984 929 1212 995 Histor.,
1261 944 1380 999 cap.
1423 929 1513 984 25.
1550 927 1696 982 Indi-

119 1024 245 1076 dem
284 1024 536 1078 nonnulla
565 1022 720 1078 allert
756 1021 1068 1092 Pamphilus
1114 1021 1347 1076 diversis
1376 1018 1696 1089 Apologetici

121 1114 207 1167 sui
257 1115 405 1168 locis.

196 1206 358 1260 Multa
392 1214 651 1276 praeterea
678 1219 709 1260 e
742 1203 910 1259 variis
939 1202 1192 1272 Origenis
1230 1202 1695 1258 lucubrationibus

125 1298 423 1370 fragmenta
453 1308 661 1354 catenae
696 1297 1149 1362 subministrant;
1197 1297 1292 1349 sed
1335 1311 1509 1365 neque
1549 1295 1695 1351 locos

124 1391 267 1444 unde
293 1390 380 1444 illa
417 1393 575 1461 petita
604 1399 730 1445 sunt
753 1391 1031 1456 indicant;
1068 1405 1167 1445 nec
1197 1399 1344 1444 cer-ta
1367 1399 1448 1444 est
1479 1399 1696 1445 catena-

127 1497 248 1536 rum
279 1483 428 1547 ﬁdes,
462 1493 520 1536 ut
551 1482 856 1536 monuimus
883 1481 1030 1536 alibi.
1064 1482 1402 1550 Quapropter
1422 1480 1694 1551 fragmen-

127 1583 304 1629 torum
329 1590 446 1644 qua:
480 1575 634 1632 exiis
665 1574 902 1643 profecta
939 1583 1084 1641 sunt,
1117 1574 1317 1628 nullam
1363 1574 1451 1628 hic
1486 1575 1691 1628 baben-

128 1667 252 1719 dam
280 1667 539 1720 rationem
567 1666 840 1720 duximus.
874 1665 950 1719 Ex
981 1667 1046 1720 iis
1075 1675 1251 1719 autem
1276 1677 1545 1736 excerpta:
1568 1677 1694 1720 sunt

129 1757 310 1812 multa:
339 1757 587 1826 Origenis
629 1758 681 1811 in
721 1758 900 1812 varios
938 1757 1234 1825 Scriptura:
1281 1757 1448 1812 libros
1495 1758 1692 1830 ἐξηγή-

128 1864 267 1911 σεις.
299 1863 418 1917 quze
451 1850 503 1902 in
536 1848 803 1904 Vaticana!
854 1848 1194 1904 bibliothecae
1240 1849 1501 1920 catalogis
1544 1865 1694 1906 com-

129 1948 518 1993 memorantur.

725 2030 966 2087 SECTIO
1013 2032 1098 2086 IV.

207 2136 272 2176 DE
298 2138 541 2179 ORIGENIS
568 2139 864 2179 TETBAPLIS
882 2166 897 2190 ,
924 2139 1180 2180 [IEXAPIJS
1227 2139 1294 2179 ET
1329 2141 1605 2182 OC‘I‘AI‘LIS.

1800 564 2002 633 legerat
2072 564 2182 634 jam
2256 574 2382 618 ante
2460 565 2816 620 Adamantius
2890 564 3366 635 interpretationes

1799 653 2094 721 Scriptura:
2125 669 2153 707 a
2188 651 2506 708 Senioribus
2533 653 2904 724 Septuaginta,
2931 656 3123 725 Aquila
3143 697 3158 722 ,
3186 655 3362 712 Theo-

1798 745 2014 800 dotione
2062 756 2115 801 et
2148 745 2472 817 Symmacho
2513 747 2878 802 elucubratas.
2931 748 3182 814 Quintam
3226 764 3366 820 pra!-

1799 843 1946 890 terea
1980 845 2035 889 et
2059 848 2266 891 sextam
2310 837 2604 892 editionem
2646 840 2986 893 commodum
3025 851 3216 895 nactus
3256 851 3363 906 est,

1796 939 1932 993 quas
1971 925 2024 978 in
2071 925 2280 996 angulis
2337 927 2658 995 quibusdam
2719 928 2960 983 occultas
3008 929 3364 999 investigasse

1789 1015 1972 1084 ipsum
2001 1024 2058 1070 et
2095 1018 2146 1070 in
2181 1017 2354 1072 lucem
2385 1017 2619 1072 edidisse
2652 1019 2842 1072 scribit
2876 1019 3162 1074 Eusebius.
3188 1022 3361 1076 Atha-

1797 1106 1978 1160 nasius
2011 1120 2139 1160 vero
2173 1107 2227 1160 in
2270 1105 2495 1175 Synopsi
2531 1108 2675 1162 docet
2711 1108 2823 1179 (86)
2873 1112 3168 1178 imperante
3193 1112 3363 1166 Cara-

1797 1196 1954 1260 calla,
1982 1198 2033 1250 in
2062 1197 2218 1252 doliis
2249 1198 2601 1254 Hierichunte
2629 1210 2896 1270 repertam
2930 1202 3094 1257 fuisse
3118 1205 3360 1273 quintam

1794 1301 1826 1340 a
1853 1286 2093 1342 studioso
2129 1289 2362 1356 quodam
2407 1303 2470 1344 ex
2523 1292 2589 1346 iis
2626 1291 2716 1360 qui
2779 1303 2932 1346 erant
2977 1293 3359 1366 Jerosolymw;

1794 1388 2000 1433 sextam
2045 1395 2174 1434 vero
2212 1380 2314 1436 sub
2341 1381 2645 1437 Alexandro
2684 1383 2977 1440 Mammtcaa
3020 1386 3260 1457 Nicopoli
3293 1392 3361 1443 ad

1793 1470 2007 1524 Actium
2035 1485 2064 1524 a
2103 1473 2336 1542 quodam
2375 1474 2624 1542 Origenis
2651 1477 2933 1545 discipulo.
2980 1477 3124 1533 Idem
3166 1496 3362 1550 prope-

1795 1564 2010 1618 modum
2064 1565 2226 1619 habet
2256 1565 2586 1635 Epiphanius
2635 1570 2690 1622 in
2743 1568 2885 1624 libro
2934 1570 3011 1625 De
3051 1573 3267 1640 ponder.
3309 1583 3361 1628 et

1792 1668 1981 1718 mens.,
2007 1668 2126 1720 cap.
2165 1655 2254 1719 18,
2287 1656 2542 1725 additque
2587 1658 2822 1724 priorem
2859 1674 2889 1713 e
2923 1663 3158 1716 tenebris
3192 1663 3362 1722 fuisse

1791 1753 2001 1798 erutam
2031 1747 2259 1815 septimo
2286 1745 2581 1802 Caracalla:
2611 1764 2771 1804 anno.
2809 1749 3034 1805 Fallitur
3059 1752 3357 1825 Cedrenus,

1791 1838 1880 1907 qui
1912 1846 2199 1908 utramque
2230 1837 2578 1895 liiericbunte
2604 1841 2876 1896 inventam
2905 1843 3069 1899 fuisse
3099 1858 3302 1901 narrat.
3331 1882 3334 1888 -

1861 1929 1936 1983 Ex
1965 1929 2031 1984 iis
2056 1944 2151 1983 sex
2182 1930 2715 1996 interpretationibus
2735 1971 2750 1995 ,
2789 1941 2845 1987 et
2879 1931 3145 1989 Hebraico
3169 1950 3354 1991 exem-

1791 2021 1947 2090 plari,
2011 2020 2255 2088 Tetrapla
2279 2036 2415 2086 sua,
2465 2021 2702 2090 Hexapla
2743 2035 2795 2079 et
2851 2025 3070 2094 Octapla
3100 2027 3359 2096 Origenes

1790 2113 2154 2167 concinnavit.
2186 2112 2296 2181 (87)
2322 2115 2400 2167 Ac
2432 2112 2673 2182 Tetrapla
2694 2116 2930 2183 quidem,
2960 2133 3077 2186 qua:
3103 2117 3357 2191 Hexaplis

124 2212 167 2270 1.
209 2213 524 2287 PrOponitur
546 2215 830 2287 Epiphanii
851 2219 1110 2271 sententia
1137 2220 1199 2272 de
1229 2217 1475 2287 Origenis
1502 2219 1690 2273 Tetra-

1797 2215 1974 2259 tamen
2031 2214 2272 2274 tempore
2317 2207 2616 2274 posteriora
2667 2208 2903 2275 luerunt,
2948 2221 3177 2279 quatuor
3228 2229 3357 2269 con-

196 2286 320 2354 plis,
360 2288 606 2354 Hexaplis
635 2297 681 2340 et
721 2285 979 2357 Octaplis.
1012 2289 1074 2344 II.
1099 2285 1367 2341 Asseritar
1391 2292 1685 2357 propositus

195 2358 417 2429 duarum
444 2356 823 2429 Hebraicarum
861 2356 1238 2411 columnarum
1266 2359 1322 2412 in
1358 2356 1610 2429 llexaplis
1640 2369 1686 2412 el

194 2424 434 2498 Octaplis
461 2428 740 2498 situsalll.
785 2427 1056 2498 Qutziritur
1094 2445 1257 2496 quare
1301 2429 1355 2482 in
1396 2424 1684 2498 Tetraplis,

196 2495 452 2566 Hexaplis
504 2507 553 2550 et
617 2497 850 2567 Octaplis
891 2496 1296 2551 Theodotionem
1341 2495 1687 2567 Symmachus

195 2569 534 2636 prtecesserit.
599 2567 686 2622 IV.
738 2567 1093 2635 Investigatur
1143 2584 1286 2636 mens
1360 2569 1576 2622 Eusebii
1623 2571 1688 2624 de

197 2635 485 2705 Tetraplis,
541 2637 786 2707 Hexaplis
812 2651 857 2690 et
889 2636 1146 2707 Octaplis.
1181 2635 1245 2689 V.
1273 2637 1448 2691 Unum
1476 2650 1522 2692 et
1552 2640 1686 2693 idem

196 2723 324 2778 Opus
346 2709 554 2774 fuerunt
583 2706 815 2778 Hex’apla
846 2718 893 2760 et
931 2706 1172 2777 Octapla.
1207 2707 1288 2764 Vl.
1322 2708 1405 2761 Ea:
1447 2712 1686 2775 superio-

195 2777 341 2848 giltus
362 2777 742 2848 _recentiorum'
781 2779 1061 2831 multorum
1088 2794 1319 2848 ierrores
1371 2790 1686 2848 arguuntur.

195 2845 309 2918 VII.
353 2846 652 2918 Editionem
683 2848 1031 2916 lnterpretum
1073 2845 1452 2917 Septuaginta,
1489 2865 1605 2918 quae
1632 2851 1690 2905 in

197 2917 450 2984 Ilexaplis
490 2919 803 2982 habebatur,
851 2920 1145 2982 asteriscis,
1177 2920 1336 2972 obelis
1360 2958 1374 2980 ,
1430 2921 1688 2974 lemniscis

197 2997 247 3041 et
288 2987 676 3055 hypolemniscis
715 2987 961 3056 Origenes
1006 2989 1268 3041 distinxit.
1321 2987 1389 3040 Ei
1437 3001 1689 3056 prtrterea

196 3073 317 3128 qua:
339 3067 446 3128 erat
468 3057 812 3128 in_Tetraplis
840 3057 1039 3111 scholia
1069 3058 1283 3128 adjecit.
1325 3058 1452 3113 VIII.
1481 3058 1689 3113 Editio-

199 3125 315 3181 item
343 3125 542 3196 τῶν-θ’
575 3125 828 3196 Hexaplis
858 3130 1109 3181 intextam
1133 3125 1487 3183 emendarunt
1522 3129 1688 3185 Euse-

201 3199 315 3268 bius
364 3209 410 3249 et
463 3195 798 3266 Pamphilus,
826 3207 873 3250 et
912 3199 1066 3262 primi
1112 3201 1686 3268 seorsumivulgarunt.

200 3267 335 3321 Inde
362 3269 549 3334 triplex
574 3269 661 3320 illo
684 3277 907 3334 tempore
933 3269 1090 3320 editio
1116 3267 1317 3331 τῶνο’,
1346 3267 1688 3336 Origeniana,

201 3337 500 3391 Eusebiana
545 3349 594 3392 et
642 3337 834 3403 κοινή.
867 3337 967 3408 IX.
1005 3338 1204 3391 Eadem
1247 3340 1456 3392 circiter
1500 3351 1690 3408 tempe-

203 3417 335 3463 state
361 3408 572 3480 xotrhr
597 3410 830 3480 resarcitg
855 3407 1113 3480 Lucianus
1134 3448 1148 3469 ,
1183 3409 1398 3480 resarcit
1430 3419 1483 3480 et
1515 3407 1691 3480 Hesy-

201 3480 368 3532 chius.
417 3476 555 3531 mm,-
593 3478 897 3548 quintuplex
947 3476 1063 3530 τῶν
1088 3481 1142 3529 0'
1189 3478 1368 3532 editio.
1429 3479 1494 3531 Χ.
1549 3476 1689 3536 εαξη

207 3564 404 3617 quoque
444 3549 690 3601 editiones
753 3549 1013 3601 asteriscis
1064 3557 1112 3601 et
1161 3550 1317 3600 obelis
1358 3550 1693 3604 discrimina-

206 3631 320 3670 mnt
355 3618 614 3671 Luciunus
665 3630 712 3672 et
756 3619 1078 3686 Hesychius;
1125 3627 1180 3670 ut
1218 3629 1264 3670 et
1293 3635 1443 3672 suam
1491 3618 1608 3674 τῶν
1637 3621 1692 3674 0'

205 3689 678 3754 interpretationem
727 3687 1102 3757 Hieronymus.
1145 3687 1444 3753 [nquinatae
1488 3702 1608 3744 sunt
1647 3703 1695 3748 et

201 3760 394 3812 vitiata:
413 3757 678 3812 hodierna:
699 3775 872 3812 omnes
897 3755 1017 3811 τῶν
1048 3755 1103 3810 0'
1128 3760 1402 3813 editiones.

199 3849 240 3903 l.
269 3851 502 3918 Agamus
522 3848 633 3915 jam
655 3847 721 3904 de
753 3848 1024 3917 Tetraplis,
1054 3847 1304 3918 Hexaplis
1335 3859 1391 3905 ct
1441 3852 1696 3922 Octaplis,

129 3943 573 4013 Origenianorum
626 3956 844 4011 operum
907 3942 1146 3997 omnium
1237 3944 1581 4001 nobilissimis
1645 3955 1700 4001 et

130 4032 516 4086 laudatissimis
547 4047 561 4083 :
590 4046 815 4100 quorum
847 4031 1111 4084 rationem
1136 4043 1255 4084 cum
1291 4033 1697 4087 accuratissime

129 4122 457 4192 Epiphanius
487 4123 764 4176 tradiderit
795 4121 846 4175 in
869 4122 1005 4176 libro
1025 4119 1098 4176 De
1124 4121 1441 4191 ponderibus
1476 4133 1523 4176 et
1548 4139 1694 4176 men-

130 4321 223 4362 ses
251 4307 514 4360 laciniam.
553 4306 871 4376 Fragmenta
929 4307 1174 4375 quaedam
1202 4321 1265 4361 ex
1292 4305 1443 4360 libris
1483 4306 1537 4359 in
1566 4306 1690 4371 Epi-

129 4379 318 4430 stolam
345 4383 410 4428 ad
464 4376 680 4430 Galatas
707 4415 738 4446 ,Α
766 4377 1014 4446 aliudque
1059 4376 1305 4445 Origenis
1353 4388 1688 4446 segmentum

130 4446 522 4530 in.Epis.tolam
559 4448 644 4530 ἐξά
713 4444 1068 4530 Philemonem
1128 4444 1690 4530 Partipliilijllpologia

129 4518 526 4571 subministrat.
559 4514 937 4583 Fragmentum
964 4518 1126 4569 etiam
1163 4517 1280 4568 libri
1316 4518 1456 4569 tertii
1492 4517 1544 4568 in
1569 4514 1692 4582 Epi-

129 4589 318 4639 stolam
345 4595 410 4638 att
451 4587 696 4652 Ephesios
732 4587 897 4640 refert
921 4585 1272 4654 Hieronymus
1299 4586 1390 4640 lib.
1431 4601 1444 4638 l
1473 4589 1688 4654 Apolog.

130 4659 380 4709 adversus
411 4655 675 4723 Rufinum.

206 4727 316 4795 (86)
355 4725 647 4791 Imperante
683 4724 958 4778 Caracalla
986 4765 1000 4788 ,
1035 4726 1088 4777 in
1127 4723 1280 4778 doliis
1329 4724 1689 4790 Hierichunle,

129 4804 235 4848 etc.
268 4797 341 4848 Ea
373 4798 482 4862 ipsa
517 4806 601 4848 est
641 4797 823 4865 procul
853 4797 1011 4865 dubio
1039 4797 1103 4849 de
1135 4811 1239 4864 qua
1266 4795 1524 4849 Eusebius
1557 4795 1694 4847 Hist.

132 4868 227 4918 ΙΙΙ).
259 4881 308 4918 νι
339 4881 456 4934 cap.
497 4868 578 4927 I6,
618 4862 737 4918 Ἐπὶ
767 4868 892 4936 μιᾶς
925 4862 1074 4927 αὖθις
1109 4862 1500 4936 σέσημείωται·
1533 4865 1607 4929 ὡς
1643 4868 1698 4918 ὲν

143 4937 359 5012 Ἱερηοί
392 4937 697 5014 sumpti-Evn;
735 4939 812 5014 ev,
833 4936 972 5013 πέθῳ
1011 4936 1150 5011 κατᾲ
1176 4939 1300 5000 τοὺς
1327 4937 1549 5008 χρόνους
1581 4937 1698 4990 Ἀν-

1787 2295 2004 2350 stabant
2049 2294 2376 2350 editionibus
2419 2311 2516 2367 per
2536 2297 3138 2371 colutnnasdispositis,
3182 2305 3356 2372 prima

1785 2386 2012 2458 Aquilae.
2051 2389 2287 2442 secunda
2321 2387 2651 2459 Symmachi,
2685 2391 2841 2444 tertia
2873 2391 3225 2463 Septuaginta
3257 2395 3358 2451 Se-

1786 2494 1936 2545 num,
1979 2488 2034 2532 et
2064 2490 2340 2548 postrema
2377 2481 2594 2535 demum
2639 2480 3037 2540 Tbeodotionis.
3082 2484 3356 2557 Interpre-

1789 2572 2042 2625 tationem
2066 2569 2170 2623 τῶν
2193 2573 2246 2623 0'
2280 2571 2440 2626 tertio
2463 2571 2580 2626 loco
2610 2572 2806 2640 posuit,
2838 2582 2896 2626 ut
2925 2573 2992 2627 ad
3015 2589 3131 2629 eam
3152 2615 3166 2642 ,
3197 2590 3359 2644 quam

1787 2664 2026 2719 omnium
2067 2665 2418 2718 existimabat
2458 2678 2579 2719 esse
2620 2665 3110 2734 accuratissitnam,
3139 2667 3360 2738 reliquas

1787 2755 1997 2811 facilius
2035 2756 2179 2826 exigi
2227 2764 2282 2810 et
2333 2755 2635 2810 examinari
2684 2767 2924 2826 possent.
2976 2758 3230 2830 Hexaplis
3273 2761 3360 2817 ha:

1789 2849 1916 2916 ipsa:
1951 2848 2416 2916 interpretationes
2446 2859 2705 2918 quatuor,
2738 2851 2925 2905 eodem
2960 2853 3152 2907 ordine
3193 2852 3358 2906 collo-

1788 2949 1941 3004 catae,
1963 2955 2083 2994 cum
2111 2937 2375 2994 llebraico
2405 2939 2721 3009 exemplari,
2765 2938 3046 2995 Hebraicis
3085 2942 3360 3010 descripto

1788 3031 2004 3097 litteris,
2036 3041 2090 3086 et
2119 3033 2307 3086 eodem
2330 3030 2532 3086 Graecis
2567 3032 2979 3088 rharacteribus
3006 3043 3199 3088 exacto
3229 3048 3358 3088 con-

1791 3119 2125 3174 tinebantur.
2152 3117 2311 3174 Prior
2340 3122 2661 3175 occurrebat
2689 3121 2936 3176 columna
2962 3122 3230 3179 Hebraica
3257 3123 3362 3180 lle-

1791 3211 1974 3265 braice
1997 3211 2242 3280 depicta;
2272 3220 2326 3265 at
2352 3226 2470 3279 qua:
2513 3221 2822 3267 contextum
2864 3213 3182 3269 Hebraicum
3213 3215 3363 3271 Grai.

1792 3299 1872 3354 cis
1894 3310 2176 3354 exaratum
2196 3299 2390 3356 litteris
2411 3301 2722 3370 exhibebat,
2746 3304 3176 3372 interpretationi
3199 3309 3364 3376 Aqui-

1794 3389 1860 3444 la:
1911 3391 2157 3459 proxime
2202 3392 2653 3462 conjungebatur.
2707 3394 2998 3465 Subjuncta
3042 3406 3220 3452 autem
3247 3406 3367 3467 post

1797 3494 1894 3535 sex
1923 3479 2046 3535 illas
2089 3480 2368 3536 columnas
2420 3482 2832 3539 lliericbttntina
2879 3487 3150 3553 editione,
3203 3504 3366 3558 quam

1722 3563 1766 3625 C
1797 3573 2038 3641 quintam
2083 3573 2373 3640 appellavit
2417 3575 2711 3644 Origenes,
2762 3587 2818 3632 et
2867 3579 3075 3633 numeri
3132 3581 3366 3649 quinarii

1803 3673 1930 3718 nota
1954 3669 1995 3715 ε’
2027 3663 2338 3733 insignivit;
2375 3675 2428 3718 et
2474 3677 2594 3735 post
2622 3667 3086 3722 llierichuntinam
3133 3671 3366 3741 Nicopo-

1808 3754 1994 3820 litana,
2031 3772 2192 3827 quam
2233 3758 2447 3810 vocavit
2487 3768 2729 3822 sextam,
2757 3767 2810 3812 et
2834 3760 3088 3830 ἐπισήμῳ
3117 3760 3170 3825 ς’
3210 3772 3366 3816 nota-

1805 3849 1901 3914 vit,
1939 3849 2160 3919 Octapla
2190 3850 2545 3904 exsistebant.
2583 3849 2708 3908 llaec
2729 3851 2842 3908 fere
2891 3853 3218 3922 Epiphanius
3250 3852 3370 3908 loco

1805 3940 2058 3996 laudato:
2093 3957 2212 4010 quae
2264 3950 2322 3995 ut
2353 3941 2581 3996 clariora
2638 3942 2784 4006 sint,
2826 3943 3053 4011 primam
3097 3943 3368 3999 Geneseos

1803 4047 2022 4098 vocem,
2099 4042 2256 4101 prout
2306 4034 2359 4087 in
2420 4033 2675 4100 Tetraplis
2717 4034 2967 4104 Hexaplis
3034 4051 3087 4090 et
3133 4036 3366 4105 Octaplis

1803 4125 2056 4194 disposita
2083 4125 2200 4189 fuit,
2237 4125 2604 4194 depingemus.

1792 4307 2015 4361 τωνίνου
2059 4306 2153 4359 τοῦ
2205 4307 2324 4359 υἱοῦ
2369 4308 2629 4378 Σεϐήρου.
2691 4325 2708 4358 t
2754 4307 2964 4362 Rursus
3001 4308 3071 4378 in,
3103 4307 3367 4378 principio

1795 4380 1949 4431 unius
1978 4379 2183 4431 notavit
2218 4377 2524 4448 (Origenes)
2553 4381 2825 4432 inventam
2874 4378 3021 4432 illam
3053 4377 3216 4432 fuisse
3246 4377 3367 4448 Hie-

1794 4449 2045 4501 ricbunte
2075 4449 2126 4500 in
2161 4449 2304 4501 dolio
2343 4447 2672 4516 temporibus
2721 4449 2983 4502 Antonini
3028 4447 3362 4517 (Caracallm)

1792 4518 1880 4585 qui
1909 4519 2093 4570 Severi
2129 4517 2267 4570 ﬁlius
2297 4517 2416 4572 luit.
2462 4537 2480 4568 ι

1862 4586 1976 4657 (87)
2014 4587 2091 4640 Ac
2113 4586 2360 4654 Tetrapla
2377 4589 2582 4657 quidem
2600 4625 2614 4648 ,
2640 4601 2755 4654 qua:
2775 4585 3026 4657 llexaplis
3047 4596 3218 4639 tamen
3236 4595 3367 4640 tem-

1797 4655 1918 4724 pore
1947 4659 2232 4724 posteriora
2257 4655 2754 4724 fuerant.Tetraplis
2793 4655 3032 4723 Hexapla
3066 4658 3369 4724 posteriora

1804 4726 1966 4780 fuisse
1997 4729 2194 4780 evincit
2230 4729 2289 4780 D.
2324 4729 2624 4780 Bernardus
2667 4728 2730 4779 de
2760 4726 3101 4781 Montlaucon
3153 4727 3205 4778 in
3257 4727 3370 4779 suis

1805 4796 2260 4850 Praeliminaribus
2278 4798 2342 4849 ad
2369 4796 2606 4862 Hexapla
2629 4796 2896 4864 Origcnis,
2922 4810 3039 4864 cap.
3067 4798 3119 4861 I,
3140 4810 3288 4849 num.
3314 4795 3370 4860 5,

1807 4883 1926 4936 pag.
1963 4866 2014 4920 9.
2050 4865 2394 4937 (Patrologitt:
2421 4867 2576 4935 hujus
2610 4875 2646 4920 t.
2679 4863 2823 4938 XV.)
