3838 6222
444 371 575 427 1251
1712 366 1771 422 Ρ.
1818 365 2021 423 οΑΝιΕ

2127 395 2131 414 .
2169 366 2404 424 HUETII
3585 373 3716 429 1232

970 507 1390 564 DlAGRAMMA
1432 507 1980 574 TETRAPLORUM,
2023 508 2505 565 llEXAPLORUM
2550 510 2636 565 ΕΤ
2676 511 3175 569 OCTAPLORUM.

540 735 855 783 llebraicum.
891 684 1246 783 lHebratcum.
1276 684 1291 783 Ι
1672 696 1681 783 ί
1806 740 1943 783 rhus-
2069 693 2077 783 Ι
2188 746 2341 783 mnta.
2457 704 2472 783 l
2604 744 2724 783 tinn-
2844 687 2857 783 Ι
2890 743 3043 783 editin
3096 702 3252 783 Hie-I
3291 744 3360 783 [in
3402 743 3619 783 Nirnnn.

574 735 855 793 lobraicum,
928 735 1246 795 llebraicum,
1443 735 1457 738 ’
1806 735 1943 789 chus.

574 797 829 866 Hebraicis
890 735 902 866 Ι
986 798 1190 866 βιηθεὶς.
1277 735 1291 866 Ι
1672 735 1681 866 Ι

2142 735 2159 741 “
2187 735 2341 800 ginta.
2461 735 2474 866 I
2604 744 2724 791 tion.
2843 735 2857 866 I
2890 735 3043 791 editio
3096 735 3252 866 Hie-l
3291 744 3360 792 tio
3383 743 3621 812 ’Νὴ-θρο-

2913 805 3211 855 richuntina.
3362 805 3533 854 litaua.

608 860 788 907 litteris
891 860 900 908 Ι
952 860 1219 908 elementis

538 926 854 983 oescriptum.
890 926 901 983 |
949 929 1224 970 exaratum.

582 1060 815 1112 nium-i3
889 1052 901 1142 Ι
977 1052 1192 1124 βερεσίθ
1273 1052 1287 1142 Ι
1460 1059 1517 1142 ἐν
1561 1126 1573 1142 ι
1670 1052 1681 1142 Ι
1742 1059 1800 1111 ὲν
1855 1059 1996 1130 ἀρχῇ

2144 1063 2203 1114 ὲν
2253 1061 2395 1130 ἀρχῇ
2462 1052 2472 1142 Ι
2532 1061 2589 1111 ἒν
2638 1060 2783 1131 ἀρχῇ
2843 1052 3159 1142 lEesidera-
3239 1052 3250 1142 Ι
3316 1080 3587 1131 Desidera-

1339 1140 1619 1197 κεφαλαίῳ
1666 1140 1679 1185 ι

2462 1140 2474 1196 l
2843 1140 2856 1197 Ι
3003 1153 3100 1193 tur.
3238 1140 3248 1197 Ι
3394 1153 3489 1192 tur.

1484 1268 1512 1319 1
1860 1269 1896 1322 2
2032 1296 2035 1299 -
2240 1270 2274 1323 5
2633 1270 2668 1323 4

1819 1374 2318 1430 TETRAPLA.

506 1501 525 1596 ω
722 1512 745 1563 1
1102 1509 1139 1562 2
1488 1510 1523 1563 5
1868 1512 1903 1565 4
2241 1514 2274 1568 5
2623 1515 2657 1569 6

504 1603 524 1694 l
1862 1626 2284 1683 llEXAPLA.

714 1772 742 1825 1
1101 1773 1138 1821 2
1498 1769 1532 1821 ’5
1892 1768 1926 1822 4

2271 1769 2305 1822 5
2655 1769 2688 1823 6
3037 1773 3070 1823 7
3390 1769 3425 1822 8

1853 1882 2272 1939 OCTAPLA.

507 1964 3627 1999 LW

504 2098 569 2154 ll.
603 2098 729 2153 llaec
780 2096 964 2163 habet,
999 2097 1260 2166 inquam,
1295 2095 1628 2165 Epiphanius
1672 2095 1725 2150 in
1766 2096 1906 2152 libro
1949 2095 2023 2149 De
2052 2101 2099 2158 Α
2127 2097 2378 2153 columna
2412 2099 2807 2170 conjunxisset,
2844 2098 3006 2153 aliam
3040 2099 3343 2154 columnam
3378 2098 3711 2168 oppositam,

432 2192 651 2261 pandor.
680 2201 730 2245 et
752 2206 918 2244 mem.
951 2203 1073 2256 cap.
1117 2189 1204 2252 l9,
1233 2196 1600 2257 praterquam
1631 2188 1775 2258 quod
1807 2199 2019 2258 spectat

430 2286 501 2339 ad
533 2282 909 2338 columnarum
956 2279 1355 2335 Hebraicarum
1393 2279 1558 2335 situm
1592 2294 1753 2334 :nam
1802 2296 1866 2335 ex
1898 2279 2019 2334 aliis

433 2375 762 2443 quibusdam
794 2374 1084 2443 Epiphanii
1112 2373 1246 2429 locis
1278 2372 1598 2428 existimare
1623 2372 1793 2443 possit
1817 2372 2020 2442 aliquis

433 2474 750 2522 contextum
793 2463 1119 2520 llebraicum
1164 2461 1370 2518 Grazcis
1404 2471 1651 2517 notatum
1683 2460 2018 2517 characteri-

431 2559 536 2614 bus
558 2558 743 2628 priore
778 2556 900 2612 loco
941 2556 1130 2611 fuisse.
1162 2553 1484 2625 Hujnsmodi
1520 2554 1609 2609 ille
1656 2562 1743 2611 est
1778 2570 1846 2610 ex
1881 2556 2017 2611 hair.

432 2650 526 2716 64,
554 2665 677 2721 cap.
705 2649 763 2714 '5,
794 2648 918 2703 ὅθεν
946 2647 1009 2701 τὸ
1032 2646 1249 2718 πρῶτον
1281 2646 1447 2701 αὑτοῦ
1478 2646 1755 2717 ἐπιμελῶς
1780 2648 2019 2717 ἐφιλοτι-

434 2743 648 2815 μήσατο
670 2741 997 2810 συναγαγεῖν
1033 2739 1141 2793 τῶν
1162 2738 1224 2803 ἓξ
1254 2738 1580 2811 ἑρμηνειῶν,
1622 2738 1841 2806 Ἀκύλα,
1878 2739 2023 2811 Συμ-

433 2835 631 2907 μάχου,
663 2833 774 2889 τῶν
811 2850 873 2887 τε
914 2832 1315 2904 Ἑϐδομήκοντα
1353 2831 1466 2896 δύο,
1508 2833 1603 2886 καὶ
1648 2831 2018 2898 Θεοδοτίωνος,

431 2929 691 3001 πέμπτης
720 2942 782 2980 τε
806 2926 900 2980 καὶ
930 2925 1095 2996 ἕκτης
1140 2923 1402 2987 ἐκδόσεως
1421 2961 1437 2986 ,
1484 2922 1623 2993 μετὰ
1665 2922 2021 2993 παραθέσεως

430 3019 668 3091 ἑκάστης
714 3018 913 3083 λέξεως
960 3016 1283 3087 Ἐὅραῖκῆς,
1331 3016 1427 3068 καὶ
1476 3013 1656 3068 αὐτῶν
1719 3013 1857 3086 ὀμοῦ
1912 3014 2022 3068 τῶν

433 3111 713 3181 στοιχείων
734 3128 746 3141 ’
779 3110 845 3161 ὲκ
873 3106 1221 3179 παραλλήλου
1241 3106 1297 3159 δὲ
1314 3092 1571 3177 ἄντικρυς
1595 3105 1825 3179 δευτέρᾳ
1853 3106 2021 3161 σελίδι

430 3198 713 3272 χρώμενος
758 3198 901 3252 κατὰ
955 3197 1204 3251 σύνθεσιν
1262 3196 1554 3268 Ἐϐραῖκὴν
1604 3196 1704 3267 μὲν
1746 3200 1813 3268 τῇ
1856 3196 2019 3262 λέξει,

442 3291 765 3364 Ἑλληνικὴν
793 3292 852 3345 δὲ
907 3292 1013 3359 (sic
1062 3292 1207 3345 enim
1256 3290 1376 3359 lego
1423 3304 1528 3343 non
1582 3288 1897 3360 Ἑλληνικῷ)
1943 3289 2023 3361 τῷ

430 3385 718 3457 γράμματι
751 3382 945 3455 ἑτέραν
985 3382 1147 3436 πάλιν
1192 3379 1462 3450 πεποίηκε
1516 3381 1783 3435 σύνθεσιν.
1811 3400 1831 3433 ι
1872 3381 2023 3437 Unde

432 3478 666 3546 primum
692 3475 904 3532 studuit
950 3473 1004 3528 in
1038 3488 1205 3528 unum
1246 3472 1577 3542 conjungere
1619 3486 1716 3528 sex
1744 3473 2014 3542 interpre-
2044 3465 2094 3526 Β

434 3567 670 3623 tationes
698 3566 930 3636 Aquila,
958 3564 1296 3638 Symmachi,
1324 3563 1676 3636 Septuaginta
1698 3565 1929 3621 duorum
1965 3573 2022 3619 et

431 3660 828 3717 Theodotionis
858 3677 873 3727 ;
899 3660 1144 3730 quintam
1174 3659 1338 3713 etiam
1364 3667 1419 3713 et
1443 3668 1654 3713 sextam
1684 3659 1974 3714 editionem
1999 3676 2016 3727 ;

432 3766 556 3809 cum
581 3750 885 3822 adiectione
908 3765 1099 3806 vocum
1121 3749 1454 3820 singularum
1478 3747 1867 3806 Hebraicarum
1891 3764 2019 3821 pro-

433 3842 567 3914 priis
586 3843 875 3899 elementis
896 3842 1292 3912 descriptarum
1318 3855 1334 3901 ;
1366 3856 1433 3895 ex
1457 3840 1627 3895 altera
1661 3850 1841 3897 autem
1866 3851 2022 3912 parte

436 3934 722 4004 opposita,
764 3943 924 3989 utens
982 3934 1153 3989 altera
1210 3931 1460 3988 columna
1514 3932 1851 4004 depingendo
1889 3948 2022 3989 con-

432 4034 669 4090 textum,
702 4025 1029 4082 llebraicum
1052 4026 1270 4095 quidem
1310 4025 1581 4092 dictione,
1610 4024 1859 4081 Graecum
1892 4040 2022 4081 vero

434 4139 654 4204 litteris,
689 4139 856 4193 alium
888 4153 1106 4194 rursum
1138 4147 1452 4193 contextum
1485 4137 1808 4193 lucubravit.
1844 4156 1864 4191 ι
1896 4137 2023 4195 Haec

434 4230 513 4285 ita
538 4230 739 4299 exponi
792 4237 1061 4299 possent:
1112 4229 1345 4283 medium
1400 4227 1578 4283 locum
1632 4228 1875 4284 tenuisse
1926 4244 2023 4284 sex

436 4321 917 4392 interpretationes
958 4319 1180 4376 Grazcas
1239 4320 1381 4375 inter
1438 4319 1702 4376 Hebraica
1757 4320 2025 4378 llebraice

435 4414 663 4484 scripta,
713 4428 834 4484 qua:
882 4414 950 4468 ad
988 4428 1151 4468 unam
1198 4413 1303 4468 sita
1342 4421 1501 4469 erant
1536 4422 1778 4482 partem;
1809 4424 1866 4470 et
1914 4414 2021 4470 He-

436 4505 620 4562 braica
657 4503 850 4561 Grtece
868 4515 1118 4569 exarata,
1148 4520 1268 4574 qua:
1302 4505 1367 4559 ad
1419 4504 1585 4559 aliam
1621 4516 1833 4575 partem
1863 4516 2025 4561 erant

438 4599 729 4655 collocata.
757 4597 863 4654 Sed
928 4598 1069 4654 hanc
1117 4598 1513 4669 expositionem
1560 4608 1823 4669 respuunt
1860 4600 2023 4652 verba

440 4691 727 4761 Epiphanii
757 4690 1025 4760 ejusdem,
1056 4705 1177 4764 quae
1209 4704 1333 4745 mox
1378 4688 1668 4746 all‘eremus
1710 4705 1742 4745 e
1786 4688 1926 4746 libro
1950 4689 2025 4744 De

436 4783 657 4852 ponder.
675 4796 798 4850 cap.
822 4782 912 4845 19,
936 4781 1024 4837 ubi
1045 4781 1373 4837 llebraicum
1398 4791 1685 4850 utrumque
1709 4790 2021 4835 contextum

440 4876 623 4943 priore
658 4874 779 4929 loco
817 4883 1060 4928 notatum
1097 4873 1265 4928 fuisse
1292 4873 1558 4944 agnoscit.
1588 4871 1812 4927 Videtur
1840 4873 2023 4941 itaque

442 4966 495 5021 id
521 4966 624 5021 sibi
663 4965 842 5033 potius
862 4966 1101 5020 voluisse
1125 4966 1483 5036 Epiphanius,
1512 4967 1580 5019 ad
1608 4980 1770 5019 unam
1794 4962 2026 5019 Hebrai-

438 5072 519 5113 εδ
560 5055 826 5112 columnae
875 5055 1159 5112 Hebraicis
1203 5057 1489 5113 elementis
1531 5066 1770 5113 exarata:
1813 5063 2023 5124 partem

442 5157 659 5203 notatas
685 5146 851 5203 fuisse
874 5146 1090 5203 Graecas
1126 5163 1220 5203 sex
1247 5148 1726 5219 interpretationes
1749 5162 1766 5210 ;
1798 5149 1864 5201 ad
1888 5146 2025 5201 alte-

446 5255 560 5294 ram
600 5254 728 5295 vero
768 5238 957 5295 Graece
1009 5241 1270 5312 scriptum
1316 5250 1631 5296 contextum
1676 5239 2023 5294 llebraicum.

445 5330 555 5386 Hoc
590 5330 731 5384 idem
779 5331 1091 5400 signiﬁcare
1133 5332 1286 5388 dicas
1318 5332 1422 5387 ista
1456 5346 1487 5387 e
1526 5330 1664 5386 libro
1696 5330 1773 5385 De
1804 5332 2023 5398 ponder.

439 5435 563 5493 cap.
590 5422 642 5481 7,
665 5422 763 5487 τὰς
794 5424 903 5495 γὰρ
929 5422 989 5489 ἒξ
1014 5424 1308 5495 ἑρμηνείας
1331 5425 1424 5477 καὶ
1451 5423 1551 5495 τὴν
1576 5422 1870 5494 Ἐὁραῖκὴν
1891 5440 2028 5494 γρα-

441 5513 550 5587 φὴν
589 5515 894 5587 Ἑϐραϊκοῖς
919 5516 1201 5586 στοιχείοις
1234 5517 1327 5570 καὶ
1362 5516 1600 5587 ῥήμασιν
1623 5515 1806 5579 αὐτοῖς
1850 5517 1907 5567 ἐν
1940 5532 2029 5567 σε-

440 5605 544 5661 λίδι
571 5610 667 5679 μιᾷ
695 5607 1074 5673 συντεθεικὼς,
1099 5608 1265 5679 ἄλλην
1292 5608 1473 5661 σελίδα
1500 5607 1929 5679 ἀντιπαράθετον
1958 5606 2025 5659 δι’

453 5697 781 5771 Ἑλληνικῶν
823 5700 918 5771 μὲν
961 5700 1323 5773 γραμμάτων,
1366 5699 1671 5773 Ἑϐραϊκῶν
1712 5699 1768 5752 δὲ
1807 5698 2025 5765 λέξεων,

443 5800 550 5844 etc.
570 5808 589 5841 ι
620 5790 727 5845 Sex
761 5793 906 5847 enim
935 5792 1505 5861 interpretationes,et
1529 5791 1849 5847 Hebraicam
1875 5790 2027 5845 Scri-

442 5876 661 5935 Pturam
694 5879 976 5940 Hebraicis
1018 5882 1304 5941 elementis
1334 5898 1400 5942 ac
1446 5884 1627 5942 verbis
1668 5897 1792 5940 cum
1822 5882 1877 5938 in
1923 5897 2027 5938 una

2125 2190 2323 2247 litteris
2350 2192 2566 2262 quidem
2596 2192 2825 2257 Graecis,
2856 2192 3081 2248 vocibus
3110 2202 3291 2247 autem
3318 2190 3715 2246 Hebraicisde-

2124 2284 2380 2353 scriptam
2408 2284 2625 2354 adjecit.
2669 2303 2690 2337 ι
2731 2285 2885 2352 Quod
2922 2287 2966 2338 si
2993 2299 3086 2339 sex
3122 2284 3624 2354 interpretationes,
3656 2295 3716 2339 et

2126 2376 2451 2433 llebraicum
2483 2378 2764 2447 exemplar
2805 2377 3071 2433 llebraice
3102 2377 3359 2447 scriptum
3389 2378 3549 2431 simul
3579 2393 3716 2434 con-

2119 2467 2414 2539 iunxerat;
2477 2469 2531 2525 in
2568 2470 2771 2524 extima
2822 2469 3065 2539 profecto
3101 2469 3349 2525 columna
3392 2480 3714 2525 contextum

2127 2561 2453 2618 llebraicum
2505 2563 2823 2619 charactere
2877 2562 3068 2619 Graeco
3114 2573 3396 2618 exaratum
3459 2564 3717 2633 sequitur

2126 2652 2291 2709 fuisse
2324 2664 2607 2711 attextum.
2642 2652 2750 2712 Sed
2798 2656 3017 2727 praeﬁxa
3053 2655 3172 2711 sine
3198 2655 3359 2709 dubio
3393 2654 3563 2710 fuisse
3602 2654 3714 2711 He-

2126 2744 2311 2801 braica
2344 2730 2610 2802 llebraice
2637 2747 3001 2817 depicta,tum
3024 2749 3268 2803 subnexa
3298 2748 3487 2804 eadem
3518 2747 3720 2803 Grece

2126 2847 2371 2903 exarata,
2405 2849 2459 2894 et
2485 2839 2758 2910 subjectas
2779 2841 2976 2895 deinde
3016 2856 3111 2896 sex
3146 2841 3626 2911 interpretationes
3645 2856 3720 2895 ex

2129 2930 2195 2985 iis
2220 2931 2510 2990 manifeste
2549 2934 2894 2990 concluditur
2919 2950 3041 3005 quae
3073 2937 3326 3001 leguntur
3348 2936 3487 3005 apud
3516 2936 3717 2990 Hiero-

2129 3038 2347 3095 nymum
2380 3024 2437 3078 in
2488 3024 2664 3093 Epist.
2710 3028 2779 3080 ad
2814 3025 2917 3080 Tit.
2954 3042 3048 3091 ιιι,
3098 3027 3219 3091 9ς(
3260 3026 3408 3084 Unde
3448 3036 3503 3080 et
3553 3027 3716 3083 nobis

2127 3132 2273 3172 cura:
2304 3115 2406 3173 fuit
2426 3132 2618 3174 omnes
2649 3120 2847 3175 veteris
2878 3121 3011 3191 legis
3040 3121 3225 3184 libros,
3245 3136 3379 3190 quos
3404 3122 3489 3175 vir
3512 3122 3714 3176 doctus

2127 3210 2486 3267 Adamantius
2522 3211 2577 3267 in
2610 3210 2856 3281 erapla
2890 3212 2987 3284 (ita
3032 3213 3174 3283 lege,
3210 3229 3314 3271 non
3354 3215 3626 3282 exempla,
3656 3226 3718 3269 ut

2129 3302 2310 3374 vulgo)
2346 3301 2670 3373 digesserat,
2695 3303 2764 3359 de
2781 3304 3103 3362 Caesariensi
3147 3306 3473 3362 bibliotheca
3503 3307 3718 3364 deseri-

2130 3403 2253 3462 ptos
2280 3408 2349 3448 ex
2386 3393 2519 3463 ipsis
2565 3394 2899 3450 authenticis
2943 3397 3276 3460 emendare,
3316 3398 3367 3452 in
3411 3400 3617 3465 quibus
3660 3410 3721 3455 et

2122 3484 2237 3556 ipsa
2265 3483 2487 3541 Hebraea
2519 3486 2756 3556 propriis
2803 3496 2931 3542 sunt
2960 3487 3371 3544 characteribus
3404 3493 3573 3546 verba
3616 3493 3719 3549 de-

2122 3580 2353 3649 scripta,
2384 3589 2442 3635 et
2464 3578 2673 3635 Graecis
2700 3579 2903 3636 litteris
2944 3580 3163 3635 tramite
3189 3595 3449 3650 expressa
3475 3584 3669 3639 vicino
3701 3603 3719 3639 :

2120 3667 2314 3736 Aquila
2347 3668 2533 3734 etiam,
2565 3679 2622 3723 et
2647 3669 3022 3739 Symmachus,
3039 3668 3181 3724 LXX
3203 3686 3439 3741 quoque,
3462 3682 3521 3727 et
3535 3673 3725 3729 Theo-

2122 3760 2269 3816 dotio
2293 3776 2450 3816 suum
2478 3761 2726 3816 ordinem
2763 3770 2970 3817 tenent.
3014 3781 3034 3814 ι
3075 3763 3371 3819 Columnas
3391 3779 3590 3820 omnes
3617 3783 3725 3837 pro

2122 3853 2261 3909 situs
2283 3854 2365 3909 sni
2409 3854 2601 3909 ordine
2646 3855 2939 3910 recensuit.
2983 3856 3237 3924 Apertius
3270 3858 3434 3912 etiam
3482 3860 3726 3916 Ruﬁnus

2123 3944 2253 4001 libr.
2284 3961 2335 4000 vr
2361 3945 2677 4001 Eusebiana‘.
2708 3944 2914 4000 Histor.
2969 3962 3089 4015 cap.
3125 3948 3210 4011 l6,
3236 3966 3256 4000 ι
3292 3948 3721 4008 Famosissimos

2124 4035 2245 4090 illos
2278 4036 2497 4092 codices
2532 4041 2743 4107 primus
2787 4040 3093 4105 composuit
3126 4038 3386 4110 Origenes
3418 4042 3472 4096 in
3515 4045 3727 4112 quibus

2124 4144 2221 4197 per
2255 4129 2496 4201 singulas
2543 4130 2884 4187 columnulas
2913 4147 2943 4188 e
2985 4133 3209 4201 regione
3237 4136 3533 4203 separatim
3580 4153 3727 4206 opus

2126 4219 2438 4291 interpretis
2491 4223 2916 4293 uniuscujusque
2965 4225 3289 4295 descripsit,
3320 4227 3392 4280 ita
3441 4236 3498 4280 ut
3539 4229 3727 4296 prime

2124 4312 2365 4368 omnium
2394 4313 2507 4383 ipsa
2531 4312 2755 4369 Hebraea
2802 4314 2963 4369 verba
2994 4314 3275 4369 Hebraicis
3311 4314 3514 4368 litteris
3547 4331 3727 4385 pone-

2126 4413 2249 4471 ret;
2287 4405 2527 4461 secundo
2550 4405 2603 4459 in
2635 4404 2757 4462 ioco
2786 4422 2884 4476 per
2907 4406 3156 4461 ordinem
3195 4404 3404 4461 Graecis
3450 4407 3657 4462 litteris
3696 4424 3731 4463 e

2127 4496 2349 4565 regione
2379 4494 2602 4551 Hebraea
2634 4499 2796 4552 verba
2838 4498 3215 4564 describeret;
3250 4499 3472 4552 tertiam
3505 4500 3732 4568 Aquila

2126 4590 2417 4643 editionem
2440 4590 2779 4659 adjnngeret;
2806 4601 3055 4658 quartam
3087 4589 3437 4661 Symmachi;
3468 4594 3729 4660 quintam

2128 4678 2481 4751 Septuaginta
2538 4681 3071 4751 lnterprctuin,qu:e
3119 4691 3301 4735 nostra
3346 4691 3730 4747 est;sextam

2130 4769 2518 4828 Theodotionis
2544 4773 2859 4836 collocaret,
2904 4782 2960 4827 et
2998 4782 3222 4842 propter
3252 4772 3525 4841 ejusmodi
3576 4789 3735 4828 com-

2130 4864 2454 4933 positionem
2480 4866 2810 4936 exemplaria
2834 4867 2945 4935 ipsa
2976 4866 3274 4919 nominavit
3300 4863 3572 4929 Ἐξαπλᾶ,
3603 4885 3623 4917 ι
3650 4866 3731 4921 Ex

2088 4986 2099 4993 -
2131 4960 2217 5015 bis
2262 4961 2425 5016 etiam
2470 4961 2637 5031 liquet
2671 4962 2922 5030 prmﬁxos
2949 4962 3154 5017 Graecis
3184 4962 3516 5017 editionibus
3557 4964 3735 5019 fuisse

2133 5052 2430 5109 llebraicos
2458 5064 2769 5121 contextus,
2804 5071 2910 5109 non
2944 5059 3256 5119 subnexos;
3288 5069 3389 5109 nec
3435 5057 3731 5125 praeﬁxum

2135 5142 2386 5205 alterum,
2436 5144 2665 5198 alterum
2713 5145 3045 5209 subnexum,
3075 5156 3134 5198 ut
3181 5145 3428 5199 indicare
3468 5148 3734 5202 videntur

2136 5233 2241 5289 illa!
2284 5235 2569 5305 Epiphanii
2620 5251 2783 5292 voces
2813 5255 2825 5291 :
2855 5238 2919 5291 ὲκ
2966 5237 3306 5310 παραλλήλου
3346 5239 3403 5291 δὲ
3436 5240 3729 5312 ἄντικρυς.

2135 5327 2329 5398 Liquet
2356 5330 2457 5383 hoc
2484 5343 2699 5398 quoque
2724 5343 2789 5382 ex
2822 5330 2905 5384 bis
2928 5330 3167 5400 ejusdem
3186 5345 3218 5385 e
3238 5330 3358 5383 libr.
3379 5330 3458 5384 De
3476 5336 3733 5401 panden,

2134 5437 2251 5493 cap.
2288 5422 2372 5482 19,
2405 5422 2549 5485 τινὲς
2580 5421 2758 5475 τοίνυν
2780 5463 2793 5484 ,
2818 5422 2892 5485 ὡς
2925 5422 3079 5492 ἔφην,
3111 5422 3334 5485 ταύταις
3371 5427 3497 5486 ταῖς
3521 5424 3735 5492 βξδλοις

2137 5514 2552 5585 ἐντυγχάνοντες
2577 5556 2591 5580 ,
2632 5514 2726 5568 καὶ
2767 5514 3109 5585 εὑρίσκοντες
3151 5513 3249 5577 τὰς
3284 5514 3376 5567 δύο
3426 5515 3735 5586 Ἐὕραῖχὰς

2136 5604 2359 5677 πρώτας
2401 5605 2680 5676 κειμένας,
2728 5606 2866 5676 μετὰ
2894 5605 3099 5669 ταύτας
3142 5605 3199 5659 δὲ
3239 5606 3339 5677 τὴν
3380 5606 3480 5660 τοῦ
3531 5609 3737 5661 Ἀκύλα

2135 5696 2493 5769 τεταγμένην,
2524 5710 2629 5753 etc.
2661 5717 2680 5750 ι
2718 5697 3172 5769 Nonnullijgitur,
3195 5711 3251 5753 ut
3272 5701 3403 5763 dixi,
3436 5701 3541 5755 bos
3573 5702 3735 5756 libros

2136 5789 2382 5859 legentes
2418 5799 2475 5844 et
2525 5790 2858 5861 reperientes
2914 5789 3212 5846 Hebraicas
3269 5792 3400 5847 duas
3459 5794 3735 5849 editiones

2138 5880 2321 5950 priore
2342 5880 2463 5937 loco
2500 5880 2670 5951 sitas;
2698 5891 2819 5953 post
2843 5896 2939 5940 eas
2965 5896 3093 5940 vero
3132 5881 3279 5939 illam
3309 5882 3543 5959 Aquila}
3563 5885 3731 5943 collo-
