3838 6222
160 390 301 446 I255
380 369 386 375 ’

162 515 339 561 catam
362 544 377 566 ,
412 521 431 554 ι
463 507 571 557 etc.
617 498 693 553 Ne
740 497 861 565 quis
901 507 1031 547 vero

164 604 479 667 usurpatam
514 602 681 662 putet,
731 592 871 661 quod
912 602 1011 642 nos
1054 586 1304 657 paginam
1354 577 1731 648 appellamus;

163 705 289 743 nam
325 687 474 750 σελὶς
501 684 807 739 columnam
836 695 1050 750 quoque
1075 676 1365 749 signiﬁcat,
1384 672 1519 727 adeo
1548 682 1605 722 ιιι
1627 667 1738 737 plu-

165 795 253 833 res
275 778 552 833 columnas
579 790 683 829 una
715 773 909 844 pagina
940 770 1269 827 contineret.
1298 765 1471 820 Porro
1492 761 1735 816 ordinem

166 871 329 928 istum
358 881 518 936 quem
552 865 839 918 statuimus
877 861 1178 915 luculenter
1202 856 1396 911 astruit
1434 849 1739 906 vetustissi-

165 978 287 1016 mus
319 956 488 1014 cotlex
519 958 853 1012 Barberinns
897 953 1179 1008 duodecim
1204 951 1612 1019 pr0phetarnm,
1646 942 1737 1013 qui

164 1054 231 1108 ad
258 1051 410 1106 Osere
437 1067 514 1113 χι,
544 1050 593 1113 I,
625 1050 785 1102 breve
817 1043 1176 1112 Hexaplorum
1202 1041 1475 1109 specimen
1498 1038 1562 1091 ad
1586 1050 1737 1090 oram

165 1154 427 1198 attextum
463 1142 646 1203 habet,
676 1149 730 1193 et
764 1139 816 1193 in
847 1147 1058 1191 sextum
1088 1145 1288 1188 tomum
1326 1129 1740 1198 Polyglouorum

167 1238 463 1293 Bibliorum
509 1250 606 1288 suo
633 1233 752 1288 loco
789 1231 973 1287 retulit
1006 1228 1315 1284 Waltonns.
1353 1223 1742 1279 Desiderantur

166 1326 383 1396 quidem
414 1323 677 1378 Hebraica
713 1322 974 1376 Ilebraice
1004 1319 1207 1388 scripta
1226 1316 1446 1387 ;priore
1466 1329 1595 1369 vero
1625 1314 1741 1368 loco
1785 1334 1792 1341 υ

168 1420 272 1474 sita
301 1426 429 1472 sunt
457 1416 718 1470 llebraiea
750 1414 956 1469 Grzecis
990 1412 1274 1466 elementis
1296 1417 1585 1476 concepta;
1613 1420 1741 1475 pro-

170 1510 319 1563 xime
370 1508 557 1562 subest
606 1507 692 1561 his
724 1504 945 1574 Aquila;
986 1502 1112 1558 huic
1157 1501 1553 1573 Symmachus;
1581 1511 1741 1567 quem

169 1602 445 1670 excipiunt
484 1599 668 1665 LXX;
703 1598 949 1652 ultimam
992 1598 1299 1652 columnam
1353 1594 1455 1649 sibi
1504 1592 1746 1647 vindicat

173 1695 491 1749 Theodotio.

243 1782 327 1837 Il.
364 1782 745 1850 Disqnisilione
767 1780 988 1851 dignum
1016 1787 1121 1842 est,
1156 1776 1349 1846 ecquid
1394 1775 1449 1829 in
1482 1774 1746 1842 interpre-

174 1876 437 1928 tationnm
465 1873 821 1941 dispositione
866 1870 1224 1925 Theodotioni
1263 1866 1556 1937 antiquiori
1588 1865 1746 1934 Sym-

175 1966 426 2021 machum
472 1965 827 2019 recentiorem
864 1963 1130 2032 Origenes
1156 1958 1545 2030 anteposuerit.
1567 1955 1748 2011 Facile

174 2058 318 2113 hunc
347 2057 547 2111 nodum
582 2057 793 2111 solvere
838 2071 897 2110 se
935 2069 1095 2125 posse
1132 2060 1375 2122 putasset
1394 2049 1745 2121 Epiphanius,

174 2148 268 2218 qui
307 2145 679 2201 Theodotione
723 2145 1074 2199 vetnstiorem
1116 2142 1282 2196 fuisse
1338 2137 1746 2209 Symmachum,

172 2239 425 2306 opinatus
462 2247 547 2291 est
592 2235 716 2291 libr.
754 2233 827 2289 De
875 2232 1133 2302 pandet,
1173 2245 1293 2299 cap.
1335 2228 1424 2294 I6,
1454 2228 1540 2283 I7.
1564 2227 1749 2294 Itaque

173 2329 467 2385 colocatos
507 2327 677 2381 fuisse
710 2334 818 2379 tres
848 2325 968 2379 illos
1013 2322 1393 2392 respondisset,
1412 2319 1563 2388 juxta
1597 2317 1748 2372 ordi-

174 2437 300 2477 nem
347 2434 456 2474 sum
488 2419 683 2473 aetatis.
719 2418 832 2488 (88)
864 2416 975 2486 Ego
1004 2428 1134 2469 vero
1175 2427 1205 2467 a
1248 2420 1465 2481 recepta
1496 2408 1751 2478 opinione

175 2512 456 2567 discedere
514 2526 619 2565 non
669 2525 912 2581 possum,
956 2522 1078 2578 quas
1122 2505 1359 2575 priorem
1405 2510 1566 2558 aetate
1599 2501 1751 2572 ponit

174 2602 603 2660 Tbeodotionem
636 2618 797 2671 quam
832 2600 1214 2670 Symmachum
1241 2615 1259 2651 :
1278 2611 1403 2649 nam
1427 2596 1557 2665 quid
1585 2608 1750 2664 oppoo

175 2695 232 2750 ni
264 2704 439 2764 potest
475 2694 557 2747 his
592 2691 903 2762 Hieronymi
937 2689 1156 2744 Praefat.
1186 2688 1240 2742 in
1262 2684 1554 2753 Evangel.:
1585 2702 1604 2735 ι
1633 2684 1750 2738 Non

176 2802 364 2855 quaero
393 2786 519 2855 quid
548 2785 763 2852 Aquila,
790 2784 917 2853 quid
943 2780 1303 2853 Symmachus
1327 2779 1564 2847 sapiant,
1582 2790 1754 2846 quare

178 2877 515 2932 'I‘neodotion
542 2878 682 2931 inter
711 2890 878 2931 novos
906 2888 960 2931 et
985 2885 1192 2929 veteres
1209 2871 1417 2927 medius
1446 2870 1660 2926 incedat
1685 2870 1747 2923 2»

177 2971 374 3038 quibus
404 2986 509 3023 non
545 2974 902 3038 temperatum
932 2969 1195 3023 duntaxat
1239 2963 1631 3034 interpretandi
1662 2977 1752 3032 ge-

183 3078 311 3125 nus,
332 3062 473 3131 quod
512 3062 684 3115 tenuit
720 3058 1038 3124 Tbeodotio,
1102 3058 1195 3113 sed
1234 3057 1411 3112 media
1440 3055 1603 3111 etiam
1633 3053 1751 3120 ejus

177 3164 312 3208 tetas
342 3153 589 3221 Aquilam
619 3153 760 3208 inter
785 3161 840 3205 et
870 3150 1254 3222 Symmachum
1282 3146 1577 3219 signiﬁcari
1599 3147 1751 3201 vide-
1777 3190 1805 3222 ι

181 3253 293 3298 tor.
334 3242 551 3312 Origeni
578 3256 711 3311 ergo
745 3240 891 3294 aliud
938 3238 1105 3294 fuisse
1139 3251 1318 3293 causae
1355 3244 1507 3305 puto,
1540 3250 1638 3288 cur
1678 3233 1751 3286 ita

178 3332 653 3400 interpretationes
693 3330 816 3384 illas
853 3328 1141 3398 digereret.
1172 3326 1253 3379 Ad
1287 3323 1552 3378 Hebraica
1578 3321 1755 3374 maxi-

180 3440 270 3480 me
318 3425 612 3479 accedebat
639 3422 851 3491 Aquila,
882 3422 1029 3475 hunc
1058 3420 1167 3474 illis
1218 3420 1341 3473 ideo
1377 3418 1624 3486 proxime
1659 3415 1755 3470 ad-

175 3516 374 3586 iunxit.
397 3515 505 3587 (89)
533 3516 616 3571 Ab
642 3516 837 3570 iisdem
871 3514 992 3583 plus
1024 3512 1247 3582 reliquis
1280 3512 1567 3567 recedebat
1589 3508 1753 3580 Sym-

182 3609 428 3673 machus,
489 3608 690 3677 quippe
737 3608 828 3676 qui
864 3606 1256 3661 sententiarum
1307 3604 1531 3667 fuisset,
1592 3617 1755 3671 qnam

182 3699 471 3755 verbormn
502 3698 843 3754 retinentior.
873 3697 942 3754 [lt
958 3713 1025 3753 ex
1040 3695 1291 3753 conﬂictu
1308 3697 1579 3767 Aquilreet
1593 3696 1755 3766 Sym-

185 3791 385 3853 machi,
417 3792 508 3859 qui
556 3791 812 3860 abierant,
835 3790 886 3844 in
917 3789 1155 3853 diversa,
1190 3799 1246 3843 et
1277 3797 1518 3843 extrema
1543 3787 1759 3843 fuerant

187 3882 476 3950 persecuti,
499 3881 702 3935 veritas
749 3881 1072 3945 eliceretur,
1109 3881 1316 3948 optima
1356 3881 1566 3934 ratione
1604 3889 1755 3933 uter-

186 3988 295 4042 que
330 3973 490 4027 simul
529 3974 851 4039 conjnnctns
878 3983 980 4027 est.
1011 3973 1249 4028 Snbnexi
1275 3982 1401 4026 sunt
1431 3972 1535 4026 illis
1566 3972 1758 4026 deinde

188 4066 517 4135 interpretes
562 4064 703 4119 LXX
732 4074 789 4121 et
810 4064 1145 4130 Theodotio,
1210 4065 1302 4133 qui
1343 4064 1574 4121 mediam
1614 4067 1759 4120 viam

190 4165 498 4209 tenuerant.
543 4172 565 4207 ι
606 4154 772 4222 Quasi
796 4170 923 4221 non,
964 4174 985 4207 ι
1017 4153 1191 4223 inquit
1226 4154 1587 4227 Hieronymus
1618 4154 1761 4210 Prae-

189 4246 287 4300 I‘at.
336 4246 394 4300 in
439 4245 563 4311 Job,
622 4264 642 4296 σ
691 4245 834 4315 apud
871 4244 1088 4299 Graecos
1126 4243 1354 4313 Aquila,
1402 4244 1761 4316 Symmachus

186 4346 243 4388 et
264 4334 583 4400 Theodotio,
600 4332 682 4388 vel
704 4334 929 4389 verbum
960 4349 991 4388 e
1020 4334 1206 4400 verbo,
1229 4334 1311 4389 vel
1333 4349 1554 4389 sensum
1582 4349 1613 4389 e
1640 4348 1762 4389 sen-

189 4438 276 4487 su,
305 4424 389 4478 vel
427 4439 492 4481 ex
537 4434 768 4494 utroque
795 4424 1160 4490 commistnm,
1190 4432 1246 4478 et
1276 4424 1466 4479 mediae
1495 4433 1763 4495 tempera-

1007 360 1582 430 ORIGENIANORUM
1626 356 1757 413 LIB.
1799 351 1887 417 III,
1922 349 2076 405 CAP.
2120 346 2185 412 Il,
2221 341 2417 399 SECT'.
2457 339 2547 394 IV.

1081 505 1268 545 vocem
1308 486 1472 543 σελίδι
1524 499 1622 553 pro
1675 494 1740 533 eo
1773 484 1815 537 Α
1845 482 1929 527 tas
1965 468 2309 539 exploremus
2359 458 2681 522 sententias,
2721 454 2843 509 inde
2884 452 2949 507 ad
3004 457 3329 519 temper-atas
3359 453 3417 500 et

3278 325 3299 377 I
3310 324 3427 379 2'55:

1845 538 2052 619 medias
2076 556 2509 631 pregrediamur.
2536 552 2713 619 Atque
2757 547 2901 602 hunc
2932 544 3148 597 modum
3181 538 3417 595 servavit

1839 656 2102 725 Origenes
2134 653 2187 708 in
2226 646 2557 706 collocandis
2594 637 3151 708 interpretationibus.

1910 748 2004 803 IV.
2041 747 2197 801 Nunc
2234 758 2298 799 ea
2340 755 2501 811 quam
2533 737 2778 793 dedimus
2819 728 3206 798 Tetraplorum,
3240 727 3416 780 Hexa-

1838 844 2045 913 plorum
2096 846 2151 893 et
2184 833 2526 897 θεωρίαι-ατη
2560 824 2851 895 descriptio
2884 838 2951 875 an
2988 819 3199 873 Eusebii
3248 816 3418 870 ratio-

1840 908 1997 988 nibus
2049 927 2375 987 consentiat,
2441 921 2812 991 anquiramns.
2867 912 3071 968 Scribit
3098 910 3186 965 ille
3215 908 3417 978 lihr.|vt

1843 1024 2011 1087 Hist.,
2042 1036 2160 1088 cap.
2208 1018 2301 1083 46,
2338 1015 2625 1083 Origettem
2674 1008 2773 1071 τὰς
2808 1005 2962 1077 παρὰ
3004 1006 3118 1068 τοῖς
3146 1001 3418 1065 Ἰουδαίοις

1842 1114 2219 1189 ὲμφερομένας
2248 1105 2635 1181 πρωτοτύπους
2658 1097 3115 1169 αὑτοῖςἙὸραίων
3140 1094 3418 1165 στοιχείοις

1842 1185 2080 1280 γτροιφὰς,
2112 1201 2456 1275 κτῆμαηῖδιον
2494 1193 2845 1267 ποίησασθαι.
2877 1210 2897 1244 ι
2935 1190 3231 1256 Usurpatas
3279 1185 3420 1255 apud

1844 1279 2060 1356 Iudaeos
2097 1295 2410 1365 Scripturas
2469 1286 2847 1361 primigenias,
2892 1281 3026 1351 ipsis
3072 1279 3419 1334 Hebraeorum

1844 1390 2041 1446 litteris
2068 1384 2390 1455 descriptas,
2433 1391 2800 1448 comparasse.
2841 1393 2862 1426 ι
2892 1372 3019 1427 Haec
3059 1370 3217 1427 aliter
3264 1368 3421 1422 intel-

1846 1485 1979 1538 lexit
2021 1484 2102 1535 vir
2144 1480 2366 1540 doctus,
2396 1482 2560 1542 atque
2594 1471 2669 1524 ita
2708 1466 2941 1523 reddidit
2970 1488 2981 1520 :
3013 1482 3032 1516 ι
3078 1475 3424 1533 comparasse

1845 1590 1968 1630 enm
2000 1572 2102 1628 sibi
2136 1569 2482 1638 Scripturas,
2518 1577 2637 1631 qua:
2678 1559 2820 1630 apud
2870 1557 3086 1613 Judreos
3125 1552 3424 1625 protmypis

1846 1658 2431 1723 Hebrazorumlitteris
2459 1655 2744 1723 descripta:
2774 1666 2895 1706 esse
2929 1650 3197 1704 feruntur.
3239 1665 3258 1699 ι
3297 1645 3425 1700 Pro-

1850 1770 2063 1832 totypas
2094 1766 2270 1811 autem
2302 1753 2649 1808 Hebraorum
2677 1747 2911 1809 litteras,
2946 1745 3062 1814 ipsa
3084 1756 3204 1797 esse
3236 1740 3425 1796 Sama-

1777 1840 1819 1895 Β
1850 1830 2073 1907 ritarum
2096 1849 2361 1905 elementa
2382 1841 2651 1907 asseruit;
2677 1838 2816 1893 velle
2838 1837 3002 1906 igitur
3035 1834 3087 1888 id
3124 1832 3226 1888 sibi
3258 1830 3426 1886 Euse—

1851 1944 2059 1999 sebium
2078 1937 2438 1996 Samaritanis
2456 1934 2752 2002 Scripturae
2780 1927 3059 1984 codicibus
3086 1939 3242 1981 usum
3261 1923 3427 1977 fuisse

1849 2036 2161 2104 Origenem,
2190 2029 2488 2096 eademque
2525 2027 2579 2079 in
2616 2020 2855 2092 Hexapla
2884 2017 3201 2074 inseruisse.
3226 2014 3425 2070 Verum

1847 2128 1941 2197 qui
1977 2125 2195 2195 propius
2222 2122 2290 2176 ad
2335 2120 2513 2175 locum
2548 2117 2691 2171 hunc
2728 2111 2944 2168 Eusebii
2972 2116 3207 2164 mentem
3248 2115 3428 2161 atten-

1852 2196 2016 2286 derit,
2046 2217 2207 2287 plane
2237 2214 2403 2270 alium
2445 2210 2569 2266 inde
2600 2221 2820 2264 sensum
2851 2201 3131 2257 extendet.
3165 2199 3232 2252 Al.
3275 2196 3428 2269 παρὰ

1850 2313 1960 2376 τοῖς
1990 2308 2265 2372 Ἰουδαίοις
2292 2303 2673 2377 ὲμφερόμεναι
2704 2293 3056 2370 πρωτότυποι
3089 2289 3318 2363 γραφαὶ,
3345 2289 3428 2343 ιιί-

1852 2406 1928 2461 hil
1956 2403 2101 2459 aliud
2136 2408 2313 2464 sonat,
2352 2412 2517 2468 quam
2554 2411 2575 2446 ι
2626 2389 2968 2462 primigenia:
2997 2387 3290 2454 Scriptura:
3307 2395 3428 2451 quae

1852 2498 1991 2566 apud
2038 2494 2252 2550 Iudaeos
2301 2489 2794 2548 circumferuntur;
2834 2502 2854 2536 ι
2905 2496 3011 2535 non
3053 2492 3203 2544 vero,
3244 2494 3264 2528 ι
3307 2488 3429 2544 qua:

1851 2591 1989 2662 apud
2016 2588 2229 2645 Iudaeos
2265 2591 2573 2656 prototypaa
2595 2578 2890 2646 Scriptum
2917 2587 3039 2629 esse
3071 2571 3354 2662 feruntur;

1851 2660 2082 2739 dixisset
2102 2681 2320 2750 quippe,
2339 2675 2493 2748 παρὰ
2512 2676 2624 2737 τοῖς
2649 2668 2922 2731 Ἰουδαίοις
2935 2666 3250 2738 φερόμεναι.
3273 2660 3428 2750 Quod

1852 2781 1897 2834 si
1934 2777 1985 2832 id
2026 2748 2134 2831 sibi
2181 2748 2444 2827 voluisset
2493 2765 2777 2826 Eusebius,
2817 2776 2916 2816 cur
2945 2773 3040 2814 eas
3074 2755 3252 2827 potius
3276 2748 3431 2824 παρὰ

1852 2874 1964 2935 τοῖς
2002 2866 2272 2928 Ἰουδαίοις
2298 2861 2626 2934 φερομένας,
2664 2869 2824 2925 quam
2863 2851 3002 2920 apud
3026 2848 3262 2909 Graecos,
3305 2842 3431 2897 Hel-

1853 2965 2096 3026 lenistas,
2134 2960 2379 3026 aliosque
2415 2953 2663 3014 dixisset,
2699 2947 2791 3018 qui
2818 2942 3191 2999 Samaritanus
3217 2936 3431 2990 litteras
3462 2982 3463 2985 η

1855 3056 2189 3125 antiquiores
2221 3065 2342 3106 esse
2366 3044 2612 3103 Judaicis
2641 3054 2746 3096 una
2787 3052 2910 3095 cum
2940 3032 3157 3125 Iudaeis
3178 3028 3424 3125 fatebaris

1857 3162 1942 3205 tur
1965 3118 2001 3202 ἲ,
2019 3147 2152 3214 Quis
2181 3151 2334 3215 putet
2369 3139 2601 3208 denique
2631 3130 2912 3200 Hexaplis,
2947 3126 3014 3182 ad
3044 3118 3425 3215 Scripturae-il-

1854 3211 2230 3298 lustrationein
2260 3245 2316 3291 et
2345 3232 2616 3304 publicam
2646 3226 2932 3282 utilitatem
2954 3215 3313 3279 concinnatis,
3330 3211 3430 3264 Sa-

1854 3335 2167 3391 maritarum
2200 3324 2524 3396 exemplaria
2568 3319 2851 3376 iniersisse
2877 3314 3182 3384 Origenem,
3208 3305 3432 3363 Iudaica

1854 3426 2187 3499 neglexisse;
2221 3437 2344 3477 cum
2374 3415 2619 3489 angustis
2645 3412 2845 3468 ﬁnibus
2872 3413 3218 3463 coerceretur
3239 3398 3430 3453 Sama-

1854 3488 2010 3577 ritica
2043 3518 2133 3573 illa
2164 3488 2315 3587 gens,
2334 3488 2497 3566 latius
2518 3523 2649 3563 vero
2675 3502 2897 3561 Iudaica
2929 3488 3432 3570 pertineret‘lQuod

1857 3614 1901 3666 si
1939 3612 2062 3681 quis
2088 3582 2416 3674 exemplaria
2444 3611 2676 3668 utraque
2724 3598 2915 3650 locum
2937 3590 3039 3646 sibi
3072 3590 3127 3681 in
3170 3582 3475 3681 {ineptis

1855 3674 2159 3756 vindicasse
2201 3698 2366 3758 dicet,
2401 3710 2509 3747 non
2558 3704 2689 3759 ergo
2740 3683 2981 3750 Hexapla
3021 3680 3106 3734 vel
3159 3674 3430 3741 Octapla;

1858 3795 1950 3850 sed
1984 3791 2268 3860 Heptapla,
2305 3788 2388 3843 vel
2422 3781 2697 3851 Enneapla
2724 3776 2952 3834 dicenda
2992 3782 3168 3829 erant.
3207 3770 3433 3826 Constat

1858 3894 2008 3940 certe
2055 3884 2160 3937 hoc
2195 3864 2390 3948 capite
2438 3873 2736 3930 Eusebium
2790 3865 3057 3923 llebraica
3097 3860 3430 3929 exemplaria

1858 3975 2063 4031 Graecis
2092 3967 2625 4040 interpretationibus
2679 3960 3023 4034 opposuisse,
3069 3969 3298 4025 quarum
3341 3965 3432 4006 ra-

1860 4066 2007 4119 tione
2066 4063 2351 4117 veritatem
2409 4055 2729 4113 Hebraicam
2780 4052 2972 4107 merito
3035 4044 3428 4123 πρωτοτύπους
3462 4100 3477 4103 ..

1860 4153 2075 4227 γραφὰς
2104 4151 2410 4222 appellavit.
2440 4148 2693 4203 Profecto
2744 4142 3136 4214 Epiphanium,
3171 4138 3434 4207 Hierony-

1860 4264 2005 4302 mum
2047 4255 2103 4301 et
2141 4244 2395 4299 Ruﬁnum
2443 4249 2634 4311 stupor
2661 4239 2849 4309 ingens
2873 4240 3211 4304 occupasset,
3246 4231 3290 4285 si
3321 4227 3434 4283 edi-

1862 4339 2037 4394 tiones
2065 4352 2130 4392 ac
2155 4336 2436 4392 columnas
2499 4330 2862 4400 Hexaplorum
2906 4336 3160 4381 accurate
3207 4334 3435 4393 percen-

1862 4440 2064 4496 sentes,
2089 4428 2468 4485 Samariticam
2491 4421 2990 4495 praetermisissent.
3023 4418 3135 4489 (90)
3164 4402 3282 4471 Non
3304 4427 3434 4483 ergo
3476 4450 3481 4457 ~

189 4522 303 4568 tum
332 4530 501 4585 genus
532 4515 903 4570 translationis
925 4516 1317 4585 expresserim.
1344 4534 1364 4568 ι
1396 4515 1761 4571 0rdo.autem
1792 4535 1839 4594 ο
1862 4538 2050 4577 verum
2112 4531 2196 4577 est
2260 4517 2586 4576 Samaritani
2646 4515 2851 4572 codicis
2909 4510 3214 4567 testimonia
3233 4546 3252 4574 ,
3316 4520 3436 4577 qua

187 4605 490 4659 studiorum
534 4605 806 4674 postulat,
839 4613 900 4659 ut
941 4606 1246 4661 intricatam
1282 4607 1634 4676 quaestionem
1657 4649 1672 4674 ,
1707 4616 1763 4661 et

190 4696 455 4752 incertam
487 4698 869 4787 disceptaturi,
898 4707 1168 4755 extremas
1206 4698 1438 4769 primum
1471 4708 1527 4755 et
1547 4700 1764 4769 opposi-

263 4854 375 4922 (88)
416 4854 531 4922 Ego
573 4872 689 4909 vero
721 4873 752 4908 a
800 4865 1002 4924 recepta
1050 4855 1317 4924 opinione,
1347 4864 1470 4924 rete.
1528 4855 1660 4910 Vide
1706 4855 1767 4909 Ι).

190 4924 523 4980 Bernardnm
542 4926 607 4980 de
628 4925 968 4980 Montl‘aucon
1000 4924 1228 4978 Prazlim.
1249 4926 1302 4978 in
1336 4923 1559 4993 Hexapl.
1580 4941 1700 4993 cap.
1716 4929 1767 4990 5,

194 4998 397 5075 mtm.__l
443 5004 674 5075 e_t_seq.,
706 4996 794 5049 ubi
848 4996 1130 5075 Epiphanii
1154 4995 1532 5075 opinionfusius
1570 4995 1770 5051 refelli-

196 5076 303 5127 tur,
336 5064 624 5134 Hnetiiqne
662 5067 928 5120 sententia
960 5065 1201 5133 pluribus
1233 5065 1606 5120 conﬁrmatur.

267 5134 378 5206 (89)
419 5135 494 5206 Ab
530 5136 715 5188 iisdem
767 5136 885 5204 plus
939 5136 1154 5206 reliquis
1191 5137 1475 5206 recedebat
1524 5135 1767 5205 Symma-

194 5204 347 5258 chus.
380 5204 554 5259 Aliter
582 5206 753 5258 visum
787 5215 871 5260 est
896 5206 958 5259 Β.
994 5205 1056 5258 Ρ.
1091 5205 1153 5259 ι).
1183 5205 1458 5260 Bernardo
1484 5206 1550 5260 de
1573 5204 1763 5260 Mont-

199 5276 394 5329 fancon
416 5276 481 5345 in
515 5274 976 5329 Prazliminaribus
1005 5275 1089 5345 ad,
1115 5274 1344 5345 Herapl.
1382 5291 1505 5344 pag.
1538 5276 1643 5339 II»,
1674 5277 1765 5331 ubi

195 5347 275 5398 ait
309 5365 321 5399 :
356 5343 539 5426 «uideo
572 5347 773 5426 Aquila:
803 5346 1033 5414 primum
1081 5343 1277 5426 locqu
1300 5343 1593 5413 deputavit,
1622 5347 1768 5415 eius-

197 5430 303 5483 que
340 5415 630 5495 editionem
676 5416 908 5483 priorem
953 5415 1134 5495 posuit
1186 5416 1469 5495 Origenes,
1505 5417 1769 5495 quia_ill_c

198 5485 566 5552 scrupulosius
594 5499 753 5553 quam
806 5486 985 5540 ueteri
1033 5500 1223 5540 omnes
1265 5485 1585 5539 Hebraicam
1629 5487 1770 5541 Scri-

199 5566 411 5623 pturam
466 5555 688 5609 verbum
721 5570 753 5610 e
796 5558 962 5610 verbo
1013 5556 1240 5609 reddere
1285 5556 1587 5611 studuerat.
1640 5556 1771 5613 Post

200 5626 343 5678 hunc
376 5635 554 5697 autem
583 5623 966 5697 Symmachum
1000 5625 1217 5692 locavit,
1264 5625 1390 5696 quia
1425 5625 1515 5680 iile
1546 5628 1767 5697 propius

200 5710 363 5774 quam
405 5695 754 5774 Septuaginta
790 5704 866 5774 eL
885 5696 1206 5774 Theodotio,
1237 5695 1615 5774 ad_veritatem
1650 5695 1766 5751 Ile-

202 5765 442 5836 l_.raicam
477 5764 797 5836 accedebatL
835 5766 1032 5820 Deinde
1073 5764 1421 5836 Septuaginta
1478 5769 1768 5835 praeposuit

205 5832 590 5899 Iheodotioni,
612 5838 734 5904 quia
758 5834 1053 5893 Theodotio
1072 5832 1419 5906 Septuaginta
1445 5832 1769 5909 Interpretes

1866 4620 2161 4668 occurrunt
2184 4612 2239 4666 in
2267 4611 2487 4681 scriptis
2512 4608 2756 4673 Patrum,
2797 4620 2867 4661 ex
2903 4602 3154 4674 Origenis
3179 4599 3433 4668 Hexaplis

1867 4701 2038 4757 fuisse
2069 4702 2268 4771 petita;
2303 4700 2398 4756 sed
2441 4709 2592 4753 certo
2624 4696 2827 4753 certius
2862 4702 2949 4750 est
2981 4705 3110 4748 usos
3139 4691 3305 4747 fuisse
3334 4688 3447 4743 Pa--

1871 4869 1903 4911 e
1935 4853 2161 4923 vestigio
2187 4867 2322 4924 pene
2352 4852 2503 4922 sequi
2540 4850 2844 4924 videbatur.
2878 4866 2898 4901 ι

1942 4927 2053 4999 (90)
2074 4914 2219 4999 'lVoit
2248 4914 2578 4999 egomet-urit
2620 4931 2696 4974 est
2746 4918 3096 4999 samariten},
3124 4926 3231 4999 etc.
3263 4934 3283 4967 ι
3337 4914 3435 4999 Sa-

1869 4986 2122 5051 maritani
2160 5007 2216 5048 et
2262 4986 2385 5063 Siri
2422 4992 2721 5063 lectionem
2759 4990 2987 5063 t__inquit
3023 4988 3087 5041 Ι).
3129 4986 3437 5063 Bernardns

1867 5069 1935 5121 de
1969 5057 2386 5120 Montlancon'in
2421 5061 2655 5116 Pralim.
2686 5062 2739 5113 in
2778 5057 3003 5127 Hexapi.
3047 5073 3167 5125 cap.
3193 5057 3247 5120 1,
3282 5072 3433 5110 nunt.
3462 5107 3469 5113 .

1866 5137 1951 5197 8,(
1971 5137 2023 5189 in
2042 5133 2375 5204 marginibus
2392 5131 2879 5204 vetustissimorum
2893 5128 3303 5204 exemplarium,
3318 5141 3436 5195 qua:

1868 5199 2229 5273 Hexaploru'm
2254 5204 2549 5274 fragmenta
2578 5201 2855 5274 exhibent,
2879 5214 3121 5274 persaepe
3139 5199 3435 5274 observan-

1869 5267 2147 5345 tur;Syri
2192 5267 2427 5345 quidem
2459 5271 2831 5345 in_plerisque
2879 5267 3176 5339 Scriptura:
3225 5267 3378 5345 libris
3414 5283 3430 5331 ;

1869 5338 2225 5399 Saniaritanf
2247 5358 2377 5398 vero
2417 5343 2468 5395 in
2518 5338 2897 5395 Pentateuclto.
2927 5338 3134 5393 tantum
3160 5355 3174 5391 :
3201 5338 3290 5391 ubi
3325 5351 3431 5389 non

1868 5417 2236 5486 infrequenter
2266 5412 2753 5486 interpretationes
2810 5408 3140 5486 Samaritaui
3192 5407 3434 5486 animad-

1869 5477 2070 5550 vertas,
2101 5485 2369 5539 interdum
2400 5477 2561 5545 solas,
2590 5483 2788 5550 saepius
2830 5495 2953 5535 cum
3004 5480 3233 5550 aliorum
3247 5477 3431 5550 inter-

1870 5546 2082 5625 prelum
2119 5554 2435 5610 lectionibus
2467 5546 2711 5625 collatas.
2734 5552 2868 5625 Cum
2901 5559 3079 5625 autem
3118 5547 3220 5601 illa:
3242 5546 3433 5625 sama-

1872 5619 2028 5680 ritani
2074 5626 2353 5690 lectiones,
2387 5638 2489 5678 non
2530 5623 2584 5675 in
2622 5622 2850 5676 vetustis
2885 5619 3159 5673 codicibus
3200 5623 3430 5690 tantum,

1872 5698 1965 5750 sed
1986 5696 2148 5751 etiam
2174 5695 2315 5765 apud
2339 5686 2535 5747 Patres
2566 5690 2969 5765 quarti,__quinti
3000 5697 3066 5765 et_
3086 5686 3437 5765 sequentium

1874 5766 2190 5821 saeculorum
2211 5757 2539 5825 'occurrant,
2558 5757 2833 5829 probabile
2855 5773 2985 5814 sane
3020 5759 3230 5829 videtur
3256 5757 3428 5829 ipsum

2188 5817 2445 5891 lectiones
2478 5817 2600 5887 illas
2623 5829 2958 5886 Samaritani-
2980 5831 3031 5882 in
3055 5817 3295 5896 margine
3322 5817 3430 5878 He-
