1919 3111
217 158 283 194 £255

856 163 886 190 P.
907 162 1066 191 DANIELIS
1084 159 1207 191 IIUETII'

1778 163 1846 190 1256

215 229 271 251 tres
285 223 380 251 Graeca
397 223 620 258 interpretatione
642 223 806 252 Samaritani
826 223 997 259 exemplaris.

1055 223 1145 259 μόνον,
1157 223 1225 251 ἀλλὰ
1240 224 1287 251 καὶ
1301 223 1394 259 ἕκτην,
1405 223 1453 250 καὶ
1467 223 1583 259 ἑϐδόμην
1602 223 1736 259 παραθεὶς
1760 224 1846 259 ἑρμη-

213 270 320 299 Maneat
337 271 420 306 igitur
436 270 495 298 loco
508 271 571 298 huic
597 270 707 298 Eusebii
719 270 826 306 vulgata
845 278 894 298 sua
912 275 941 298 et
959 278 1001 297 re-

212 320 290 349 cepta
305 316 450 343 sententia.
464 316 546 343 Addit
561 316 657 343 deinde
667 314 824 350 Origenem,
834 320 932 350 prarter
943 314 1001 342 edi-

213 361 313 389 tionem
328 362 507 397 Interpretum
523 362 711 397 Septuaginta,
734 361 854 396 Aquilae,
875 361 1001 396 Symma-

213 405 256 433 chi
279 410 307 433 et
336 405 538 440 Theodotionis,
560 407 626 434 duas
647 411 779 441 praeterea
806 406 952 440 protulisse
974 405 1001 432 in

211 449 301 478 lucem
324 456 437 478 atteram
462 451 599 487 Nicopoli,
615 451 729 479 alteram
748 451 774 478 in
802 451 855 478 alio
885 451 1000 484 quodam

211 495 274 523 loco
288 501 434 531 repertam.
451 496 518 523 Tum
534 496 573 525 ait
589 506 596 524 :
612 498 661 523 Ἐν
671 505 703 530 γε
717 496 767 532 μὲν
789 497 846 527 τοῖς
860 494 1002 528 Ἐξαπλοῖς

212 541 267 569 τῶν
279 541 402 578 Ψαλμῶν
414 542 483 577 μετὰ
497 542 546 574 τὰς
562 543 714 578 ἐπισήμους
724 542 858 577 τέσσαρας
871 540 1001 572 ἐκδόσεις,

212 588 243 614 οὐ
258 587 337 622 μόνον
353 587 492 623 πέμπτην,
509 588 577 614 ἀλλὰ
589 588 635 614 καὶ
651 587 744 622 ἕκτην,
756 587 803 614 καὶ
820 586 937 622 ὲὸδόμην
948 595 1001 613 πα-

213 632 305 668 ραθεὶς
316 634 471 669 ἑρμηνείαν,
487 634 533 661 ἐπὶ
547 634 611 669 μιᾶς
623 631 699 665 αὖθις
715 633 907 668 σεσημείωται,
923 632 961 664 ὡς
974 632 1002 658 ἐν

217 677 324 713 Ἱεριχοί
333 678 399 714 εὑρη
404 678 487 714 μένης
499 680 528 705 ὲν
536 678 608 714 πίθῳ
618 678 690 705 κατὰ
701 679 764 710 τοὺς
773 679 885 714 χρόνους
905 678 1003 705 Ἀντω-

213 723 286 750 νίνου
299 723 345 750 τοῦ
361 724 420 750 υἱοῦ
442 724 572 760 Σεϐήρου,
593 724 655 752 llaec
666 725 748 752 verba
765 732 860 758 parum
872 725 1002 752 hactenus

212 769 346 796 intellecta
358 769 603 805 explanare-operte
610 770 724 804 pretium
734 775 786 797 est.
797 769 904 805 t(9l)ln
916 769 1002 796 Hexa—

210 814 262 848 plis
276 815 382 849 quidem
402 815 581 849 Psalmorum,
599 821 660 849 post
681 816 801 851 insignes
820 820 936 850 quatuor
948 815 1002 843 edi-

212 860 312 893 tiones,
336 867 389 888 non
415 861 536 895 quintam
558 861 656 894 solum,
674 862 721 889 sed
734 866 761 889 et
783 867 897 893 sextam.
910 867 938 889 et
955 869 998 889 se-

211 907 324 939 ptimam
351 906 500 941 adiungens
531 907 805 942 interpretationem,
824 908 850 934 in
879 908 999 942 singulas

211 957 306 978 rursus
318 950 458 979 columnas
469 952 627 987 descripsit;
650 957 742 988 utpote
754 960 814 988 qua
827 952 1000 981 Hierichunte

210 1000 319 1029 reperta
343 995 379 1023 sit
392 996 418 1023 in
435 996 507 1023 dolio
524 997 691 1032 temporibus
710 998 851 1030 Antonini,
868 999 927 1032 ejus
954 999 1000 1033 qui

210 1040 262 1067 fuit
273 1041 459 1069 Severi-Illius.
478 1051 488 1067 ι
508 1043 569 1069 Ἐπὶ
583 1043 647 1077 μιᾶς
661 1043 761 1071 locutio
773 1048 815 1071 est
831 1044 931 1076 Attica,
947 1051 1000 1079 qua

210 1094 256 1115 res
271 1087 457 1122 signiﬁcantur
472 1088 498 1115 in
512 1097 594 1117 unum
609 1096 715 1118 versum
728 1089 867 1118 collocata:
880 1098 895 1117 a
910 1090 1000 1118 fronte

211 1132 247 1160 ad
268 1137 382 1168 tergum.
394 1133 501 1168 Optime
516 1135 594 1162 docet
607 1135 722 1163 Budaeus
734 1135 799 1171 quid
813 1136 868 1164 sint
877 1136 940 1171 νῆες
953 1136 999 1162 ἐπὶ

211 1179 277 1214 μιᾶς
285 1181 562 1216 τεταγμέναι,ηειηρθ
577 1189 660 1209 naves
672 1182 708 1209 ita
722 1182 871 1214 instructae,
883 1182 998 1209 utunica

209 1225 237 1252 in
252 1225 341 1253 fronte
355 1226 401 1259 sit,
411 1226 521 1262 reliquae
537 1234 606 1261 pone
614 1232 762 1262 sequantur
775 1228 802 1255 in
814 1236 922 1256 versum
938 1236 999 1263 por-

209 1275 301 1298 rectae.
308 1270 346 1297 Ita
361 1271 402 1305 ἐφ’
408 1272 467 1303 ἑνὸς
475 1272 635 1308 τεταγμένοι
648 1273 821 1308 στρατιῶται,
831 1274 929 1301 milites
937 1278 998 1301 sunt

209 1316 238 1342 in
255 1324 338 1343 unum
354 1324 461 1344 versqu
474 1326 490 1345 a
505 1318 594 1346 fronte
609 1319 641 1346 ad
658 1324 763 1354 tergum
779 1319 998 1348 instructi.Hanc

209 1363 376 1391 locutionem
386 1364 525 1399 eleganter
536 1365 588 1392 huc
603 1366 741 1393 transtulit
757 1366 891 1393 Eusebius
908 1375 915 1392 :
931 1374 998 1400 quo.

210 1408 283 1435 niam
297 1408 368 1436 enim
380 1416 428 1444 per
448 1410 540 1446 longas
558 1415 585 1439 et
604 1416 733 1446 angustas
754 1412 909 1440 columellas
925 1412 998 1446 dige-

210 1458 259 1482 sta:
268 1460 347 1483 erant
360 1456 493 1484 editiones
513 1457 539 1484 in
560 1456 700 1491 Hexaplis,
717 1463 860 1493 propterea
875 1458 921 1484 ἐπὶ
933 1459 997 1494 μιᾶς

211 1501 435 1536 σεσημειωμένας
454 1509 514 1529 esse
524 1502 600 1529 dixit.
616 1501 669 1530 Sua
683 1510 789 1538 quoque
807 1503 849 1530 vis
868 1503 938 1531 inest
951 1511 997 1530 vo-

210 1546 306 1574 cabulo
321 1548 511 1583 σεσημείωται.
521 1548 703 1583 Σημειοῦσθαι
714 1554 812 1584 praeter
822 1550 997 1585 signiﬁcatio-

210 1599 270 1624 nes,
282 1597 361 1620 sonat
373 1594 465 1626 etiam,
477 1595 602 1628 scriptum
613 1595 719 1629 aliquod
734 1595 774 1621 ad-
785 1595 860 1622 aliud
871 1596 995 1630 adjicere,

211 1637 352 1669 ascribere,
368 1642 398 1664 ut
418 1639 543 1673 superius
569 1639 742 1667 observatum
762 1644 812 1667 est.
838 1640 932 1675 Igitur,
948 1640 996 1667 ἐπὶ

1011 1573 1031 1601 C

213 1682 278 1718 μιᾶς
291 1683 483 1725 σεσημείωται,
498 1683 549 1711 hoc
562 1688 603 1712 est
617 1685 645 1711 in
661 1685 778 1720 singulas
797 1686 932 1713 columnas
948 1687 995 1713 de-

211 1726 325 1755 scribens
341 1727 375 1754 ad
387 1728 501 1762 priorem
514 1729 633 1756 attnuit.
662 1728 806 1764 Perperam
823 1731 880 1758 haec
893 1731 997 1765 accepit

214 1772 381 1808 Nicephorus
401 1773 448 1802 lib.
466 1782 492 1807 v,
506 1782 565 1809 cap.
582 1775 624 1808 Il,
640 1775 679 1803 ait
699 1776 771 1803 enim
790 1784 797 1802 :
814 1777 852 1803 Οὐ
868 1777 996 1813 πέμπτην

209 1887 350 1923 εαριοηιηι
359 1887 491 1922 posuisse.
499 1887 570 1915 Idem
586 1895 667 1923 porro
686 1888 828 1916 dicendum
843 1889 949 1916 videtur
965 1889 999 1916 de

212 1922 293 1957 Syro,
301 1922 377 1958 cujus
387 1922 621 1958 interpretationes
629 1924 726 1958 passim
738 1924 909 1958 reperiuntur
920 1924 946 1951 in
952 1923 1000 1951 Ge~

210 1958 271 1985 nesi
281 1962 307 1985 et
323 1957 426 1989 Exodo,
437 1958 463 1984 in
476 1957 589 1986 Psalmis
599 1957 674 1990 item,
691 1959 717 1985 in
730 1957 857 1990 Ieremia,
868 1959 895 1990 in
911 1959 997 1986 Thre-

211 1992 273 2025 nis;
289 1993 363 2028 apud
376 1992 541 2028 Ezechielem
558 1993 639 2021 etiam
651 1993 786 2020 Danielem
798 1998 825 2020 et
840 1994 918 2021 Osee.
936 1994 997 2028 Syri

250 2034 294 2054 rro
305 2027 433 2054 lectlones
457 2027 606 2055 afferuntur
619 2028 653 2055 ab
667 2028 781 2056 Eusebio
795 2027 966 2061 Caesariensi,
982 2036 997 2056 a

237 2062 330 2089 iodoro
340 2061 466 2090 Tarsensi
479 2063 659 2096 frequentius;
676 2063 710 2090 ab
721 2063 837 2090 Eusebio
853 2063 996 2096 Emiseno,

212 2096 388 2132 Hieronymo.
407 2097 590 2129 Theodoreto,
606 2102 633 2124 et
655 2098 725 2125 aliis.
739 2098 880 2132 sQuodque
902 2105 998 2126 notan-

212 2132 276 2168 dum
293 2136 335 2159 est
350 2132 442 2164 iidetn,
460 2132 632 2168 maximeque
656 2133 805 2164 Diodorus,
821 2133 917 2168 Syrum
935 2142 996 2161 cum

213 2165 595 2204 Hgira‘odstepeconiungunt
604 2167 655 2204 hoc
675 2173 755 2204 pacto
773 2177 780 2195 :
801 2168 829 2194 '0
841 2165 931 2204 Σύρος
949 2169 997 2195 καὶ

211 2201 228 2228 ὁ
243 2200 426 2238 Ἑῦρσιῖοςᾴει
442 2200 585 2238 ὁἜϐρᾶῐος
599 2200 998 2238 καὶὸνΣύρος,(ιυ³ιιᾱοὶείΙίρει

212 2237 354 2278 amborum
373 2236 619 2278 interpretationes
643 2236 822 2278 conveniunt,
841 2239 917 2278 quod
927 2246 997 2274 saepe
1013 2251 1034 2278 ι)

213 2272 355 2307 contingit.
371 2271 417 2299 Hm
431 2271 513 2307 porro
529 2273 666 2305 lectiones,
678 2273 790 2307 perinde
805 2271 886 2307 atque
901 2271 996 2301 Sama-

213 2306 307 2338 ritani,
324 2307 358 2334 ab
374 2306 491 2342 Origene
512 2306 894 2343 diligentissimoversionum
918 2308 997 2335 colle-

212 2346 291 2377 ctore
313 2347 459 2377 potuerunt
478 2342 606 2370 etiam'in
627 2342 807 2376 Heraplorum
827 2343 996 2377 marginibus

213 2376 361 2413 collocari:
374 2385 527 2412 quanquam
539 2378 564 2404 id
576 2377 686 2404 minime
697 2383 810 2406 constet.
822 2376 996 2413 Ilzec’quippe

213 2412 301 2447 solum
327 2412 470 2439 divinando
495 2413 608 2440 dicimus
621 2422 627 2439 :
641 2413 727 2439 donec
749 2413 821 2440 enim
842 2413 930 2447 aliqua
947 2412 996 2440 ’vel

215 2446 319 2473 tantilla
333 2455 396 2481 pars
412 2447 605 2481 Hemaplorum,
620 2452 649 2474 ut
665 2448 743 2475 initio
759 2448 859 2482 scripta
877 2446 994 2481 fuerunt,

213 2487 231 2508 θ
246 2482 366 2518 tenebris
379 2483 530 2518 emerserit,
544 2482 649 2518 plenam
670 2482 873 2518 perfectamque
888 2483 995 2510 illorum

214 2516 339 2544 notitiam
354 2517 486 2550 expiscari
504 2525 556 2544 non
570 2517 726 2544 valebimus.
746 2527 755 2543 ι

250 2551 308 2586 (9|)
327 2551 361 2578 In
379 2552 506 2584 Hexaplis
518 2553 622 2586 quidem
648 2551 831 2585 Psalmorum,
852 2557 908 2587 pou
932 2553 998 2580 iusi-

214 2594 277 2621 gnes
288 2591 401 2622 qttatuor
412 2587 549 2620 editiones,
557 2592 609 2615 etc.
620 2587 686 2614 Male
699 2588 771 2614 hunc
784 2587 890 2615 Eusebii
908 2588 995 2615 locum

214 2622 299 2648 vertit
314 2621 438 2653 Huetius,
459 2623 502 2656 qui
520 2630 580 2649 sese
595 2622 666 2649 ultro
684 2622 806 2656 implicat
821 2622 847 2649 in
863 2623 996 2657 interpre-

215 2657 318 2692 tatione
341 2657 483 2684 locutionis
500 2657 571 2685 illius
585 2658 631 2683 ἐπὶ
646 2658 710 2692 μιᾶς
731 2657 922 2692 σεσημείωται.
940 2658 995 2684 Me-

216 2691 269 2719 lius
283 2692 323 2719 sic
338 2692 500 2720 vertissent
516 2692 545 2719 In
562 2691 689 2727 Hexaplis
705 2691 813 2727 quidem
830 2692 995 2719 Psaltnorum

215 2727 429 2762 exemplaribus,
440 2733 500 2761 post
513 2728 632 2762 insignes
645 2727 705 2754 illas
719 2732 836 2761 quatuor
850 2728 995 2760 editiones,

216 2769 270 2797 non
284 2763 405 2796 quintam
416 2762 514 2795 solum,
532 2763 581 2789 sed
596 2768 623 2790 et
636 2768 739 2789 sextam
752 2767 779 2788 et
793 2763 934 2797 septimam
950 2763 996 2789 ad-

214 2796 329 2831 jungens
343 2798 602 2832 interpretationem,
617 2805 709 2824 rursus
732 2798 756 2823 in
772 2796 904 2831 principio
918 2798 997 2824 unius

217 2832 320 2859 uomit.
338 2837 471 2867 repertam
488 2833 559 2859 illam
577 2832 663 2864 fuisse.
679 2832 856 2859 Hierichunte
879 2832 904 2859 in
925 2832 995 2860 dolio

217 2868 382 2902 temporibus
395 2868 521 2895 Antonini
535 2869 580 2902 qui
598 2868 689 2895 Severi
711 2867 779 2894 ﬁlius
796 2867 854 2894 fuit.
879 2877 888 2893 ι

252 2902 307 2936 (9i)
321 2901 376 2929 Nec
393 2901 623 2936 di/ﬁcultats’caret
636 2903 704 2930 auod
722 2903 807 2930 subest
824 2904 893 2930 avud
911 2902 996 2931 Eute-

1052 270 1127 296 νείαν
1137 269 1358 305 ἐπισημαίνεται.
1372 269 1429 305 (9’2)
1445 269 1499 296 Nec
1511 269 1666 296 dilIicultate
1680 273 1760 296 caret
1774 270 1845 303 quod

1051 316 1144 343 subest
1154 316 1223 350 apud
1236 315 1394 348 Eusebium,
1408 314 1553 350 Origenem
1571 315 1604 343 ad
1620 315 1741 350 reliquas
1759 315 1844 342 inter-

1052 357 1223 396 pretationes
1240 361 1547 397 adiecisseseptimam,
1574 361 1645 396 quod
1665 361 1845 388 Hierichunte

1052 408 1078 434 in
1093 407 1165 434 dolio
1182 408 1333 443 imperante
1347 408 1486 436 Caracalla
1513 415 1616 444 reperta
1631 410 1675 437 sit.
1693 408 1768 436 Idem
1793 409 1845 436 ha-

1052 453 1096 480 bet
1108 453 1238 481 Zonaras.
1255 454 1365 482 Certum
1378 459 1465 482 estex
1481 455 1620 482 Athanasii
1646 460 1674 483 et
1696 455 1844 490 Epiphanii

1051 499 1216 527 auctoritate
1234 500 1358 535 quintam
1378 501 1524 528 editionem
1548 501 1725 529 Hierichunte
1741 502 1771 528 in
1793 502 1845 530 do-

1051 545 1088 573 lio
1107 546 1190 574 fuisse
1208 551 1342 581 repertam
1355 547 1505 582 imperante
1513 547 1663 575 Caracalla.
1678 548 1764 575 Addit
1779 547 1847 582 Epi—

1051 591 1168 626 phanius
1182 600 1234 619 una
1250 598 1372 627 repertos
1383 600 1443 620 esse
1457 593 1540 621 libros
1551 594 1627 624 alios.
1640 601 1701 620 eum
1722 593 1847 622 Hebrai-

1051 644 1107 669 cos,
1126 642 1182 664 tum
1196 638 1276 664 etiam
1292 638 1414 666 Gnaeos.
1429 638 1505 671 Quod
1516 639 1539 666 si
1554 646 1587 666 ex
1604 639 1645 666 his
1660 639 1746 666 fuisse
1756 638 1848 673 septi-

1051 690 1121 709 mam
1137 683 1208 710 illam
1229 683 1401 712 Psalmorum‘
1412 685 1557 712 editionem
1573 686 1706 719 dicamus,
1727 686 1767 713 ita
1779 693 1845 713 cum

1051 728 1113 755 aliis
1122 728 1254 756 Eusebius
1265 729 1466 757 conciliabitur.
1474 729 1625 764 Opinantur
1634 731 1745 765 quidam
1757 731 1848 765 septi-

1051 780 1122 800 mam
1137 773 1210 801 illam
1224 774 1371 802 editionetn
1385 775 1506 802 eamdem
1520 783 1581 803 esse
1599 783 1631 803 ac
1659 775 1845 808 Lucianeam,

1051 819 1104 846 hoc
1126 825 1295 854 argumento,
1323 821 1394 855 quod
1419 821 1594 854 Athanasius,
1615 821 1671 848 sive
1689 821 1846 856 Synopuos

1052 871 1155 897 auctor,
1172 866 1282 893 Luciani
1300 867 1457 898 editionem,
1477 868 1591 901 septimo
1609 868 1669 894 loco
1683 874 1845 901 receHSeat,

1051 916 1077 938 ct
1096 912 1236 945 septimam
1259 913 1374 947 appellet
1395 924 1400 941 :
1419 913 1465 940 sed
1485 914 1596 940 multum
1612 914 1755 945 falluntur;
1779 922 1843 941 nam

1050 956 1161 983 Luciani
1177 957 1259 983 editio
1271 958 1327 991 ipsa
1342 958 1392 984 fuit
1405 958 1490 993 κοινὴ,
1508 963 1567 992 post
1587 958 1712 993 Origenis
1731 964 1843 986 atatem

1051 1009 1172 1030 correcta
1186 1008 1213 1031 et
1231 1005 1370 1031 emendata
1387 1013 1401 1031 a
1420 1004 1549 1036 Luciano,
1567 1010 1594 1031 ut
1608 1005 1688 1032 tradit
1703 1005 1844 1040 Hierony-

1050 1058 1109 1076 mus
1126 1050 1201 1076 initio
1217 1050 1337 1083 cpistola:
1349 1051 1380 1077 ad
1395 1051 1541 1078 Suuiamet
1552 1051 1708 1077 Fretellam.
1724 1051 1783 1085 (95)
1795 1051 1843 1079 Se

1050 1095 1159 1129 ptimatn
1180 1103 1245 1122 vero
1263 1095 1419 1129 editionem,
1435 1104 1493 1129 qute
1511 1095 1635 1130 Hexaplis
1664 1095 1772 1123 intexta
1787 1100 1840 1126 est,

1050 1140 1223 1167 Hierichunte
1239 1142 1373 1168 inventam
1391 1150 1450 1168 esse
1464 1142 1612 1176 imperante
1624 1141 1767 1169 Caracalta
1787 1142 1840 1168 Eu-

1049 1188 1139 1214 sebius
1151 1193 1288 1214 asseverat
1301 1187 1346 1214 lib.
1361 1195 1386 1214 VI
1401 1187 1484 1219 Ηίδι.1
1504 1195 1562 1222 cap.
1583 1187 1625 1219 16,
1642 1189 1714 1221 quod
1731 1188 1765 1214 tle
1781 1196 1840 1214 XO“

1048 1234 1079 1267 νῇ
1099 1238 1171 1260 certe
1186 1233 1239 1259 dici
1258 1241 1311 1260 non
1327 1238 1425 1267 potest.
1447 1234 1569 1266 Hexapla
1583 1234 1664 1268 igitur
1678 1234 1723 1261 illa
1742 1234 1840 1268 Orige-

1050 1279 1101 1309 nis,
1114 1278 1169 1304 sive
1185 1277 1306 1312 Uctnpla,
1333 1286 1392 1312 quae
1411 1278 1436 1304 in
1454 1278 1513 1304 aliis
1529 1278 1675 1313 Scriptura!
1693 1279 1775 1306 libris
1792 1286 1842 1306 sex

1048 1325 1150 1351 Grtccis
1162 1324 1322 1351 constabant
1333 1324 1505 1356 editionibus,
1521 1329 1624 1358 septem
1637 1325 1662 1351 in
1679 1324 1750 1351 libro
1764 1324 1841 1351 Psal—

1050 1378 1154 1396 tnorum
1184 1369 1370 1395 continebant.
1400 1369 1436 1395 Ita
1454 1370 1622 1404 postmodum
1638 1370 1735 1396 scribit
1755 1370 1842 1397 Euse-

1048 1416 1107 1441 bius
1126 1423 1133 1442 :
1151 1415 1257 1446 Ταύτας
1266 1415 1294 1440 δὲ
1307 1415 1414 1446 ἁπάσας
1428 1416 1472 1441 ἐπὶ
1489 1415 1586 1441 ταύτὸν
1601 1415 1774 1449 συναγαγὼν,
1788 1417 1842 1443 διε-

1048 1461 1100 1486 λών
1129 1469 1157 1486 τε
1187 1460 1255 1495 πρὸς
1287 1460 1382 1491 κῶλον,
1409 1461 1456 1486 καὶ
1483 1460 1678 1496 ἀντιπαραθεὶς
1708 1461 1841 1496 ἀλλήλαις

1049 1505 1117 1539 μετὰ
1140 1506 1186 1531 καὶ
1208 1507 1292 1540 αὐτῆς
1311 1507 1360 1540 τῆς
1382 1506 1512 1540 Ἐϐραίων
1528 1506 1713 1540 σημειώσεως,
1732 1507 1769 1533 τὰ
1785 1508 1841 1532 τῶν

1048 1552 1199 1587 λεγομένων
1233 1552 1371 1585 Ἑξαπλῶν
1404 1553 1468 1587 ἡμῖν
1499 1553 1652 1588 ἀντίγραφα
1673 1553 1842 1588 παραλέλοι-

1050 1606 1108 1623 πεν.
1125 1598 1226 1624 Sensus
1243 1602 1284 1624 est
1301 1605 1306 1621 :
1329 1606 1337 1622 t
1356 1597 1409 1624 Has
1431 1605 1526 1625 omnes
1541 1605 1602 1625 cum
1622 1598 1648 1624 in
1667 1606 1753 1625 unum
1773 1606 1841 1626 eon-

1047 1643 1191 1677 junxisset,
1207 1647 1232 1668 et
1250 1650 1298 1677 per
1312 1642 1370 1669 cola
1389 1642 1567 1675 distinxisset,
1581 1647 1607 1669 ct
1620 1642 1735 1669 invicem
1753 1650 1841 1677 oppo-

1050 1688 1159 1718 suisset,
1183 1694 1233 1713 una
1264 1694 1325 1713 cum
1352 1686 1475 1713 Ilebraici
1507 1691 1651 1714 contextus
1674 1687 1840 1720 adjectione,

1051 1733 1074 1759 II
1079 1733 1231 1767 templorum
1240 1732 1318 1760 nobis
1326 1733 1490 1766 exemplaria
1502 1732 1618 1767 reliquit.
1631 1742 1642 1758 ι
1657 1732 1784 1759 Diximus
1793 1741 1844 1768 σηρ

1052 1777 1193 1812 μειοῦσθαι
1208 1777 1234 1805 id
1249 1784 1320 1810 esse,
1336 1787 1345 1802 ι
1363 1776 1498 1812 Scriptum
1509 1777 1616 1812 aliquod
1628 1778 1662 1804 ad
1676 1777 1751 1805 aliud
1767 1778 1839 1813 adji-

1053 1889 1134 1922 bium,
1149 1894 1202 1924 etc.
1219 1888 1340 1917 Zonaras
1364 1888 1471 1924 quidem
1489 1888 1515 1916 in
1531 1888 1600 1916 Hist.
1616 1889 1708 1924 imper.
1731 1887 1840 1916 Severi.

1052 1930 1079 1951 et
1089 1923 1257 1958 Nicephorus
1272 1924 1318 1951 lib.
1337 1932 1363 1955 v,
1377 1931 1437 1958 cap.
1453 1923 1496 1955 Η,
1523 1923 1598 1951 aiunt
1613 1923 1758 1957 septimam
1779 1924 1840 1952 edi-

1052 1960 1152 1987 tionem
1169 1958 1345 1986 Hierichunte
1359 1959 1441 1986 fuisse
1457 1959 1608 1990 inventam;
1638 1958 1684 1985 sed
1699 1958 1724 1985 id
1739 1964 1841 1992 aperte

1051 2002 1104 2021 non
1128 1994 1251 2021 enuntiat
1271 1994 1412 2028 Eusebius.
1429 1993 1561 2028 Quidquid
1576 1993 1647 2020 enim
1664 1992 1780 2020 Huetius
1797 1995 1840 2020 di-

1051 2034 1104 2061 cat,
1117 2029 1179 2055 Ἐπὶ
1195 2029 1259 2064 μιᾶς
1276 2027 1352 2060 αὖθις
1370 2027 1561 2063 σεσημείωται·
1576 2028 1613 2059 ὡς
1627 2029 1656 2054 ὲν
1669 2028 1780 2064 Ἱεριχοί
1789 2029 1838 2055 εὖ·

1052 2065 1156 2099 ρημένη
1171 2063 1200 2090 ὲν
1211 2064 1281 2099 πίθῳ
1298 2063 1368 2090 κατὰ
1396 2064 1458 2095 τοὺς
1483 2064 1595 2099 χρόνους
1612 2063 1771 2099 Ἀντωχίνου
1788 2064 1839 2090 τοῦ

1050 2097 1109 2126 stas
1118 2097 1250 2135 Σεϐήρου,
1262 2097 1329 2126 nihil
1345 2099 1416 2135 aliud
1426 2097 1571 2135 signiﬁcat,
1576 2106 1659 2135 quam
1669 2107 1679 2135 t_
1689 2097 1798 2135 Rursus
1807 2100 1837 2135 in

1050 2132 1278 2169 principjo'unius
1290 2134 1394 2161 notavit
1408 2134 1543 2169 inventam
1556 2133 1626 2160 illam
1644 2133 1727 2169 fuisse
1738 2132 1838 2169 Hieri-

1049 2167 1149 2197 chunte
1165 2170 1190 2196 in
1204 2169 1287 2202 dolio,
1303 2174 1421 2201 tempore
1434 2168 1573 2201 Antonini,
1587 2169 1632 2202 qui
1652 2167 1744 2195 Severi
1761 2168 1837 2196 Illius

1049 2205 1108 2236 luit,
1127 2214 1136 2230 ι
1151 2209 1180 2230 ut
1194 2209 1266 2231 recte
1280 2203 1416 2231 transtulit
1430 2203 1550 2231 Valesius
1567 2212 1573 2230 :
1589 2211 1621 2230 ac
1641 2203 1754 2237 proinde
1782 2208 1837 2230 tam

1049 2240 1081 2266 ad
1094 2240 1216 2274 quintam
1231 2244 1279 2266 aut
1292 2244 1407 2274 sextam,
1427 2246 1507 2272 quam
1523 2239 1556 2265 ad
1574 2238 1714 2272 septimam
1733 2238 1837 2274 editio-

1049 2272 1110 2301 nem
1129 2274 1155 2301 id
1173 2273 1267 2301 referri
1280 2278 1376 2308 potest.
1393 2273 1445 2300 Sed
1459 2281 1519 2300 cum
1536 2278 1641 2301 constet
1663 2280 1695 2299 ex
1709 2272 1838 2308 Athana-

1049 2309 1082 2337 sii
1097 2314 1126 2336 et
1139 2307 1287 2342 Epiphanii
1297 2310 1459 2336 auctoritate
1470 2308 1592 2342 quintam
1602 2307 1748 2334 editionem
1770 2307 1836 2335 Ilie-

1050 2345 1173 2371 ricltunte
1188 2343 1271 2371 fuisse
1282 2343 1418 2371 inventam
1433 2344 1581 2377 imperante
1593 2342 1741 2373 Caricalla,
1762 2345 1836 2377 quod

1050 2379 1095 2405 hic
1112 2379 1150 2406 ait
1164 2379 1305 2409 Eusebius,
1323 2379 1408 2413 magis
1422 2378 1455 2405 de
1469 2378 1561 2413 quinta
1573 2385 1653 2412 quam
1668 2378 1701 2404 de
1715 2378 1835 2411 septima

1049 2414 1166 2441 editione
1181 2412 1380 2448 intelligendum
1394 2413 1509 2440 videtur.
1527 2412 1630 2447 Negare
1643 2417 1732 2439 tamen
1746 2413 1834 2439 nolim

1048 2449 1190 2483 septimam
1203 2447 1276 2475 hanc
1288 2447 1463 2475 Hierichunte
1489 2448 1610 2483 potuisse
1629 2448 1721 2473 itidem
1756 2455 1837 2481 repe-

1049 2482 1109 2510 riri.
1126 2484 1199 2517 Esto,
1225 2483 1401 2510 concilientur
1413 2483 1531 2510 Zonaras
1547 2488 1574 2510 et
1589 2482 1757 2516 Nieepltorus
1771 2490 1834 2509 cum

1049 2518 1198 2553 Epiphanio
1212 2518 1257 2553 qui
1269 2519 1307 2545 ait
1323 2525 1453 2553 unacum
1468 2519 1559 2552 quinta
1578 2518 1694 2545 editione
1711 2523 1836 2553 repertos

1049 2552 1109 2580 eese
1121 2554 1187 2581 alios
1201 2552 1293 2585 libros,
1308 2561 1368 2580 cum
1380 2552 1536 2584 Hebraicos,
1551 2557 1606 2579 tum
1620 2553 1699 2579 etiam
1711 2552 1832 2580 (ὲκ-κείνας.

1049 2588 1115 2616 Illud
1138 2594 1240 2615 tantum
1257 2588 1403 2619 contendo,
1429 2595 1482 2614 non
1505 2594 1660 2614 asseverare
1685 2586 1835 2614 Eusebium

1049 2623 1190 2658 septimam
1204 2623 1347 2650 editionem
1360 2622 1534 2649 Hierichunte
1550 2622 1685 2649 inventam
1700 2629 1763 2649 esse
1782 2623 1833 2649 itu-

1048 2657 1159 2693 perante
1173 2657 1320 2685 Caracalla.

1085 2693 1141 2728 (95)
1150 2693 1300 2727 Septimum
1314 2701 1373 2719 vero
1386 2692 1536 2724 editionem,
1548 2697 1601 2719 elo.
1618 2691 1684 2719 Jatu.
1692 2699 1776 2725 supra
1793 2692 1836 2719 de-

1049 2729 1258 2754 monstravimus
1282 2727 1425 2754 Eusebium
1445 2728 1554 2754 tuiuime
1572 2733 1726 2754 asseverare
1749 2728 1835 2761 septi-

1049 2771 1120 2790 mam
1135 2762 1277 2790 editionem
1300 2762 1473 2789 Hiericltunte
1495 2762 1577 2789 fuisse
1594 2767 1730 2796 repertam
1747 2762 1836 2796 impe-

1049 2803 1126 2825 rante
1138 2798 1286 2828 Caracalla,
1295 2798 1341 2824 sed
1351 2798 1421 2824 hunc
1429 2798 1488 2832 ejus
1500 2797 1619 2824 historia:
1630 2797 1718 2823 locum
1734 2802 1791 2823 tam
1803 2797 1834 2823 ad

1050 2833 1171 2867 quintam
1188 2836 1234 2859 aut
1254 2837 1370 2864 sextam,
1384 2841 1463 2866 quant
1477 2833 1509 2858 ad
1529 2833 1671 2867 septimam
1686 2832 1833 2859 editionem

1050 2867 1245 2930 Eelert'i'hiosse,
1260 2875 1289 2894 ac
1302 2868 1414 2902 proinde
1427 2867 1510 2903 magis
1526 2867 1560 2895 de
1573 2867 1665 2902 quinta
1677 2867 1835 2902 iutclligcm

1069 2910 1151 2930 aut.“
1172 2910 1222 2930 Cl'l.

1050 2903 1222 2931 duutvidcri.
