3794 6222
182 358 317 416 1257

1018 331 1758 415 ontcENtANORUnLIB.
1799 357 1887 425 ιιι,
1924 358 2083 413 car.
2117 358 2181 425 ιι,
2220 359 2411 414 SECT.
2452 359 2540 413 tv.

3292 356 3428 412 1238

174 492 334 543 cere;
374 478 494 532 inde
516 478 831 548 σημείωσις,
868 479 1047 548 scripti
1083 480 1303 550 alicujus
1322 478 1385 532 ad
1422 470 1575 533 aliud
1605 479 1741 547 adje-
1776 486 1819 542 Α
1852 482 2297 548 terpretationum
2327 494 2457 543 sex;
2484 477 2629 532 nulla
2659 476 2838 532 habita
2864 484 3151 532 contextus
3176 472 3424 529 llebraici

175 572 303 627 ctio.
328 590 348 625 ι
366 571 823 644 ΙιιιίιιιρἙϐραίων
847 575 1164 645 σημείωσις,
1189 585 1269 629 est
1289 570 1750 628 Hebraiciexem-

172 660 342 733 plaris
394 664 457 716 ad
495 664 727 733 reliquas
780 666 1252 734 interpretationes
1292 663 1577 733 appositio.
1628 663 1751 718 Haec

171 762 373 821 praeter
401 754 691 824 legitimam
715 757 1033 810 sententiam
1073 773 1109 811 a-
1127 757 1400 811 nonnullis
1425 756 1530 810 alio
1564 756 1746 810 detor-

170 848 223 893 ta
251 850 399 894 sunt.
430 842 542 913 (94)
582 843 706 898 Post
737 844 998 913 Hexapla,
1037 862 1100 900 ex
1137 857 1368 916 quatuor
1420 846 1746 901 editionibus

167 929 399 997 Aquilae,
458 933 789 1003 Symmachi,
853 937 1207 1008 Septuaginta
1278 937 1659 1007 Interpretum,
1694 946 1751 993 et

169 1019 555 1079 Theodotionis
580 1025 738 1079 simul
769 1026 1073 1095 conjunctis
1097 1028 1456 1097 etioppositis,
1494 1026 1747 1097 Tetrapla

167 1111 425 1167 conﬂavit
445 1114 819 1181 Adamantius,
849 1127 908 1172 ut
936 1119 1098 1172 tradit
1131 1119 1414 1185 Eusebius,
1446 1126 1643 1187 etpost
1673 1120 1741 1173 il-

168 1201 282 1256 lum
317 1202 575 1260 Zonaras.
627 1204 737 1261 Nec
775 1208 917 1262 enim
951 1209 1101 1262 aliud
1139 1218 1333 1263 sonant
1380 1210 1493 1263 haec
1533 1209 1746 1265 Eusebii

168 1293 356 1358 verba,
386 1294 531 1358 ἰδίως
561 1296 659 1367 τὴν
698 1296 944 1360 Ἀκύλου,
971 1299 1072 1351 καὶ
1097 1300 1413 1369 Συμμάχου,
1442 1299 1533 1352 καὶ
1561 1299 1749 1353 Θεοδο-

166 1384 360 1449 τίωνος
381 1385 588 1440 ἔκδοσιν
613 1388 743 1459 ἅμα
766 1393 831 1461 τῇ
847 1389 957 1444 τῶν
990 1390 1389 1461 Ἐὅδόμήκοντα
1427 1393 1484 1444 ὲν
1500 1394 1611 1454 τοῖς
1648 1396 1745 1445 Τελ-

174 1478 465 1545 τραπςὶοῗς
489 1481 1015 1547 ἐπικατασκευάσας,
1056 1500 1216 1554 quam
1248 1500 1369 1539 eum
1411 1494 1532 1552 post
1560 1482 1744 1537 Hexa-

165 1568 279 1636 pla,
313 1585 379 1623 ex
419 1570 504 1625 his
550 1583 781 1640 quatuor
822 1574 1149 1630 editionibus
1206 1575 1450 1645 Tetrapla
1499 1590 1742 1631 seorsum

166 1663 542 1732 compegisse;
585 1678 701 1717 ιιοιι⁸
721 1678 861 1721 vero
908 1666 960 1719 in
993 1665 1249 1735 Ten-aptis
1304 1682 1542 1722 seorsum
1599 1667 1744 1737 dige-

176 1763 309 1820 stas,
349 1765 403 1809 et
425 1759 715 1827 separatim
744 1761 1007 1815 discretas
1035 1760 1199 1817 fuisse
1227 1762 1463 1832 singulas
1484 1764 1742 1834 interpre-

1852 573 2078 631 ratione,
2109 572 2198 640 qui
2228 572 2365 624 inter
2405 569 2875 638 interpretationes
2906 567 3177 621 numerari
3206 581 3308 620 non
3335 567 3428 619 de-

1848 662 1984 715 buit.
2019 660 2152 716 Huic
2183 660 2421 730 Opinioni
2468 660 2650 713 favere
2684 660 2893 714 videtur
2932 658 3269 727 Epiphanius
3305 657 3427 711 loco

1823 749 1970 807 'mox
1995 753 2180 813 allato.
2210 768 2329 805 cum
2353 753 2428 805 ait
2464 769 2478 805 :
2507 753 2665 804 ’Ὥστε
2688 747 2827 805 εῖναι
2849 750 2947 822 τὴν
2972 752 3156 805 Πᾶσαν
3181 748 3425 802 Παλαιὰν

1848 844 2121 916 Διαθήκην
2140 845 2207 898 δι’
2240 843 2556 908 Ἐξαπλῶν
2586 842 2952 912 καλουμένων,
2975 842 3066 896 καὶ
3091 842 3178 895 διὰ
3202 842 3310 894 τῶν
3331 840 3425 894 δύο

1859 936 2161 1009 Ἑϐραϊκῶν
2194 939 2475 1007 ῥημάτων.
2518 955 2535 987 ι
2578 938 2722 991 Adeo
2751 947 2810 990 ut
2842 935 3003 991 Vetus
3037 952 3195 989 omne
3231 934 3421 990 Testa-

1852 1037 2091 1083 mentum
2118 1029 2185 1083 iis
2216 1028 2496 1097 Hexupl'is,
2539 1037 2589 1083 et
2623 1027 2835 1097 gemino
2866 1026 3128 1082 Hebraico
3165 1036 3419 1081 contextu

1848 1118 2010 1175 fuerit
2041 1121 2490 1189 comprehensum
2528 1137 2545 1175 :
2581 1137 2600 1170 ι
2635 1118 2722 1171 ubi
2751 1127 2937 1186 aperte
2972 1116 3209 1186 H’exopla
3236 1116 3421 1172 Graeca

1847 1228 1875 1265 a
1904 1211 2071 1281 D'iplis
2098 1211 2369 1265 Hebraicis
2403 1208 2958 1281 distingttiterxapla
2975 1224 3125 1279 ergo,
3152 1210 3419 1279 inquiunt,

1846 1318 1873 1356 a
1898 1318 1992 1357 sex
2027 1303 2567 1369 interpretationibus
2591 1301 2808 1356 fuerunt
2831 1302 3193 1366 denominata,
3228 1316 3419 1371 quem-

1845 1395 2131 1447 admodum
2152 1392 2396 1462 Tetrapla
2419 1404 2727 1462 a'quatuor,
2758 1409 2819 1448 ac
2852 1394 2971 1448 ideo
3000 1392 3107 1447 falli
3128 1394 3217 1462 qui
3243 1392 3423 1447 Hexa-

1841 1486 1943 1555 plis
1967 1486 2205 1554 vulgatas
2226 1496 2456 1555 quatuor
2478 1486 2745 1541 editiones
2769 1485 3008 1551 Graecas,
3028 1495 3078 1540 et
3096 1485 3419 1555 exemplaria

1842 1576 1950 1629 duo
1991 1574 2252 1629 Hebraica
2289 1575 2583 1644 assignant.
2619 1573 2676 1628 Id
2705 1575 2748 1629 si
2789 1576 2878 1638 sit,
2921 1576 3095 1646 palam
3131 1576 3230 1630 sibi
3264 1590 3425 1644 repu-

1843 1667 2090 1734 gnaverit
2113 1665 2445 1736 Epiphanius
2468 1666 2603 1721 libro
2627 1665 2700 1719 De
2730 1667 2947 1733 ponder.
2978 1677 3026 1721 et
3043 1682 3270 1720 mensor.
3300 1680 3420 1733 cap.

1844 1758 1931 1818 19.
1950 1760 2038 1828 qui
2072 1760 2141 1813 ita
2173 1759 2421 1814 disserit:
2442 1758 2729 1829 Τετραπλᾶ
2750 1760 2857 1830 γάρ
2884 1761 2987 1812 εἱσι
3009 1760 3076 1813 τὰ
3111 1758 3418 1828 Ἑλληνικὰ.

165 1847 419 1914 tationes,
470 1852 541 1905 ita
578 1863 637 1905 ut
679 1867 806 1908 suas
838 1855 1058 1923 singula:
1097 1856 1321 1925 paginas
1360 1864 1687 1925 occuparent
1721 1876 1734 1911 :

1847 1853 1973 1905 ὅταν
2004 1854 2059 1904 αἱ
2085 1851 2176 1905 τοῦ
2215 1851 2432 1915 Ἀκύλα,
2463 1854 2557 1906 καὶ
2584 1854 2898 1924 Συμμάχου,
2918 1854 3010 1906 καὶ
3030 1852 3137 1907 τῶν
3170 1852 3421 1922 Ἑϐδομὴ-

166 1939 222 1992 in
255 1940 450 1996 iisdem
479 1944 621 1997 enim
650 1944 867 2000 fuerunt
896 1947 1103 2017 paginis
1142 1949 1427 2017 descripta:
1457 1963 1643 2003 omnes
1680 1964 1744 2004 ac

162 2031 706 2103 invicemioppositac,
738 2035 872 2101 sive,
925 2047 981 2089 ut
1032 2038 1106 2091 ait
1156 2039 1507 2109 Epiphanius,
1549 2060 1740 2098 συντεο

158 2122 452 2192 ταγμέναι,
484 2125 576 2193 qui
600 2133 655 2179 et
680 2127 848 2191 addit,
876 2127 921 2182 si
946 2127 1200 2199 Tetraplis
1223 2131 1427 2187 Grzec‘is
1448 2132 1605 2203 Dipla
1630 2135 1737 2191 He-

161 2212 303 2268 braea
364 2214 590 2270 fuissent
648 2217 924 2285 adjuncta,
975 2222 1239 2291 prodiisse
1274 2221 1556 2293 Hexapla;
1596 2229 1738 2296 quod

165 2305 281 2360 fieri
344 2318 493 2362 certe
561 2325 668 2364 non
734 2314 1020 2381 potuisset,
1080 2315 1180 2369 nisi
1251 2330 1282 2370 e
1337 2316 1554 2385 regione
1605 2319 1743 2373 invio-

163 2414 279 2454 cem
303 2402 563 2471 opposita:
600 2413 779 2459 essent
816 2405 867 2460 in
904 2407 1090 2461 iisdem
1125 2408 1333 2476 paginis
1379 2408 1740 2477 Tetraplorum

162 2490 491 2549 Graecanicze
541 2497 823 2562 editiones,
874 2501 1323 2568 quemadmodum
1372 2510 1427 2556 et
1474 2502 1524 2555 in
1554 2501 1740 2557 ﬂexa.

160 2586 282 2655 piis.

223 2678 299 2747 Ν.
328 2680 864 2739 Animadversionem
898 2692 1136 2737 nostram
1160 2684 1406 2753 requirit,
1437 2672 1738 2754 quodidEm

164 2767 238 2822 ait
261 2769 544 2836 Eusebius,
581 2773 818 2829 collectis
851 2774 904 2828 in
933 2788 1096 2828 unum
1122 2788 1215 2828 sex
1238 2774 1560 2829 editionibus
1588 2773 1739 2830 Grae-

166 2858 264 2924 cis,
320 2871 376 2915 et
414 2861 622 2930 adjecto
670 2862 935 2917 Hebraico
983 2872 1235 2918 contextu
1289 2862 1530 2933 Hexapla
1582 2864 1737 2919 nobis

163 2948 444 3024 Origenem
476 2955 785 3025 reliquisse;
818 2954 1150 3010 Psalmorum
1173 2970 1304 3029 vero
1330 2955 1570 3026 Hexapla
1585 2956 1737 3012 Gm-

163 3046 239 3100 cis
266 3047 592 3103 editionibus
624 3058 827 3118 septem
865 3050 1191 3105 constitisse.
1229 3049 1457 3104 Eusebio
1509 3064 1736 3105 consen-

165 3139 299 3195 tiunt
329 3137 540 3194 Scholia
564 3138 802 3193 Romana
836 3141 886 3193 in
915 3141 1202 3195 editionem
1229 3143 1336 3193 τῶν
1362 3139 1437 3205 0',
1459 3157 1511 3194 ιιι
1539 3141 1733 3209 quibus

163 3244 543 3299 nonnunquam
575 3245 734 3299 super
761 3229 998 3285 Psalmos
1039 3229 1282 3299 Hexapla
1311 3232 1564 3286 citantur.
1594 3232 1735 3287 Con-

166 3323 325 3375 sentit
351 3332 405 3376 et
432 3323 761 3392 Epiphanius
792 3324 919 3377 limr.
942 3338 1087 3386 thv,
1114 3338 1231 3391 cap.
1265 3323 1320 3387 '5,
1340 3332 1395 3377 et
1431 3333 1553 3393 post
1584 3324 1732 3377 illum

167 3409 427 3479 Zonaras,
483 3415 570 3482 qui
609 3414 808 3469 diserte
832 3414 1178 3483 pronuntiant
1214 3413 1457 3483 Hexapla
1503 3430 1596 3470 sex
1621 3416 1736 3470 edi-

166 3503 338 3560 tiones
361 3505 598 3571 Graecas,
631 3521 754 3560 cum
785 3506 992 3575 gemina
1024 3504 1269 3559 Hebraici
1317 3516 1494 3561 textus
1530 3505 1735 3560 descri-

166 3598 346 3665 ptione
395 3599 559 3653 fuisse
608 3598 906 3667 complexa.
951 3598 1127 3663 Quaeri
1177 3598 1339 3667 igitur
1390 3606 1586 3667 potest,
1638 3612 1736 3651 cur

169 3686 407 3757 Ilexapla
436 3690 577 3744 dicta
622 3691 747 3756 sint,
802 3705 921 3758 quze
964 3699 1088 3744 octo
1137 3688 1414 3744 columnas
1473 3688 1732 3743 habuere.

169 3779 273 3835 Nec
294 3782 460 3845 enim,
492 3791 640 3850 puto,
672 3797 792 3835 cum
830 3782 1056 3835 Erasmo
1092 3789 1147 3835 et
1190 3778 1735 3850 Magdeburgensibus

169 3873 326 3926 sentit
345 3873 627 3942 quisquam
671 3872 928 3937 Ἐξαπλᾶ,
957 3886 1061 3925 non
1098 3886 1127 3925 a
1166 3885 1393 3925 numero
1429 3869 1487 3944 ἓξ
1510 3869 1739 3939 appella-

170 3963 364 4019 tionem
389 3979 507 4019 esse
530 3965 739 4030 sortita,
782 3964 874 4018 sed
900 3980 930 4018 a
963 3964 1125 4019 verbo
1165 3962 1428 4030 ἑξαπλόω,
1471 3962 1610 4033 quod
1637 3973 1737 4028 est,

169 4054 420 4121 explano;
460 4071 579 4108 nam
611 4056 751 4110 unde
783 4055 939 4109 factze
970 4054 1277 4109 dicerentur
1302 4067 1481 4119 voces,
1532 4052 1738 4122 Τετρα-

169 4145 277 4200 πλᾶ
330 4157 385 4201 et
436 4147 749 4201 ὐκταπλᾶῖ
798 4147 1146 4215 Respondent
1200 4145 1440 4202 nonnulli
1496 4144 1740 4213 Hexapla

172 4238 331 4303 dicta,
359 4254 460 4292 non
484 4256 512 4292 a
542 4254 762 4294 numero
784 4238 1176 4303 columnarum,
1208 4239 1300 4293 sed
1339 4251 1369 4291 a
1405 4251 1626 4291 numero
1658 4235 1739 4289 in-

239 4378 350 4503 (93
389 4378 513 4432 Post
546 4377 802 4448 Hexapla,
835 4393 899 4431 ex
914 4385 1140 4447 quatuor
1170 4376 1483 4430 editionibus
1507 4375 1735 4442 Aquilae,

239 4467 273 4503 ξ.
353 4451 527 4502 uetins
550 4450 708 4502 nixus
736 4448 953 4503 Eusebii
982 4447 1313 4503 testimonio.
1337 4445 1490 4503 cuius
1512 4445 1733 4498 verbum

169 4445 273 4505 etc'.
303 4445 527 4503 Huctins
550 4445 708 4502 nixus
736 4445 953 4503 Eusebii
982 4447 1313 4505 testimonio.
1337 4445 1490 4515 cujus
1512 4445 1733 4498 verbum

1762 3199 1809 3257 α

1846 1960 2011 1996 κοντα
2033 1942 2145 2006 δύο,
2194 1944 2287 1995 καὶ
2304 1942 2655 2006 Θεοδοτίωνος
2680 1946 2963 2015 ἑρμηνεῖαι
2995 1942 3420 2013 συντεταγμέναι

1843 2030 1943 2089 ὦσι
1962 2053 1975 2065 ·
2003 2035 2110 2088 τῶν
2137 2036 2419 2107 τεσσάρων
2448 2036 2506 2088 δὲ
2537 2036 2739 2089 τούτων
2769 2034 2988 2088 σελίδων
3015 2037 3134 2098 ταῖς
3158 2035 3277 2088 δυσὶ
3298 2036 3421 2099 ταῖς

1852 2132 2163 2204 Ἑϐραϊκαῖς
2202 2130 2592 2201 συναφθεισῶν,
2634 2128 2899 2195 Ἑξαπλᾶ
2932 2130 3205 2183 καλεῖται·
3238 2128 3333 2182 ἐὰν
3359 2128 3418 2182 δὲ

1843 2225 1936 2278 καὶ
1961 2224 2205 2295 πέμπτη,
2224 2224 2318 2277 καὶ
2332 2225 2366 2294 ἡ
2384 2222 2514 2292 ἕκτη
2538 2223 2801 2293 ἑρμηνεία
2820 2221 3178 2291 συναφθῶσινί
3196 2220 3418 2274 ἀκολου-

1843 2316 1950 2380 οῶς
1992 2315 2200 2379 τούτοις
2248 2313 2547 2371 Ὀκταπλᾶ
2596 2316 2858 2370 καλεῖται.
2912 2334 2930 2366 ‹
2976 2314 3223 2385 Tetrapla
3270 2314 3415 2369 enim

1841 2407 2042 2462 Graecis
2090 2417 2361 2472 constant,
2407 2422 2528 2463 cum
2590 2408 2820 2477 Aquilae,
2872 2415 2926 2462 et
2965 2406 3300 2477 Symmachi,
3362 2416 3417 2459 et

1843 2500 2194 2569 Septuaginta
2238 2499 2461 2563 Senum,
2513 2509 2568 2555 et
2599 2499 2987 2555 TheodOtiOnis
3017 2498 3416 2567 interpretatio-

1840 2606 1935 2645 nes
1960 2591 2116 2646 simul
2148 2590 2449 2660 conjuncta:
2477 2601 2600 2646 sunt
2625 2607 2639 2644 :
2662 2606 2782 2662 qua:
2814 2592 3078 2646 columnae
3105 2597 3339 2659 quatuor
3367 2589 3414 2643 si

1841 2682 2124 2738 Hebraicis
2159 2683 2371 2737 duabus
2423 2681 2765 2751 adjiciantur,
2818 2681 3059 2751 Hexapla
3121 2683 3410 2735 dicuntur:

1840 2776 1980 2842 quod
2005 2775 2048 2831 si
2076 2776 2262 2843 quinta
2293 2783 2348 2829 et
2369 2784 2519 2833 sexta
2548 2775 2925 2844 interpretatio
2951 2774 3299 2837 accesserint,
3324 2788 3412 2828 se-

1839 2868 2024 2936 quilu-l‘
2074 2878 2135 2922 ut
2178 2865 2402 2934 Octapla
2454 2868 2822 2921 nominentur.
2866 2884 2885 2920 ι
2937 2865 3143 2932 Quibus
3193 2875 3417 2921 assonat

1838 2957 2075 3013 Ruﬁnus
2114 2958 2165 3012 in
2202 2958 2647 3028 interpretatione
2669 2958 2861 3014 decimi
2890 2958 3026 3012 sexti
3070 2956 3259 3027 capitis
3291 2955 3414 3011 libri

1840 3052 1978 3106 sexti
2007 3050 2263 3105 Historia:
2285 3050 2523 3106 Eusebii.
2556 3049 2677 3105 Alio
2709 3064 2839 3105 vero
2871 3050 2983 3105 abit
3012 3048 3228 3104 Nicetas
3256 3046 3410 3103 Thes.

1839 3141 2044 3196 orthad.
2104 3141 2197 3208 ῥά.
2244 3140 2337 3195 lib.
2391 3156 2465 3206 tv,
2503 3140 2635 3194 haer.
2685 3140 2776 3203 '51,
2829 3148 2885 3194 et
2925 3139 3079 3207 Dipla
3127 3137 3413 3202 Hebraica,

1839 3234 2092 3304 quoniam
2122 3234 2260 3288 idem
2287 3233 2508 3287 omnino
2542 3229 2911 3295 continebant,
2950 3244 3048 3299 pro
3078 3244 3207 3292 una,
3241 3243 3421 3297 eaque

1839 3326 2091 3394 bipertita
2133 3324 2378 3379 columna
2400 3324 2580 3378 habita
2629 3322 2795 3376 fuisse
2821 3321 2951 3386 vult,
2978 3331 3139 3389 atque
3173 3320 3263 3374 illa
3288 3334 3410 3375 cum

1839 3422 1952 3483 τοῖς
1978 3422 2054 3484 0',
2085 3416 2300 3487 Aquila,
2322 3415 2667 3486 Symmacho,
2697 3412 3087 3476 Theodotione,
3123 3428 3187 3467 ac
3225 3412 3430 3483 quinta

1838 3509 2072 3564 editione
2098 3524 2193 3563 sex
2228 3507 2506 3561 columnas
2534 3506 2905 3569 constituisse,
2929 3521 2993 3560 ac
3028 3505 3265 3573 "exopta
3288 3502 3424 3559 inde

1840 3600 2009 3654 fuisse
2040 3599 2327 3669 appellata.

1910 3692 2018 3746 Has
2077 3692 2219 3745 inter
2263 3690 2540 3760 oppositas
2588 3698 2642 3743 et
2693 3696 3052 3757 repugnantes
3089 3686 3417 3756 sententias,

1840 3800 2057 3848 novam,
2090 3792 2165 3847 et,
2197 3782 2298 3837 nisi
2336 3797 2422 3836 me
2445 3782 2658 3837 animus
2681 3780 2838 3847 fallit,
2863 3782 3201 3837 verissimam
3233 3790 3408 3838 tueor.

1841 3875 1953 3948 (95)
1968 3874 2183 3930 Falsum
2200 3882 2305 3938 est,
2329 3874 2471 3943 quod
2491 3873 2649 3942 vulgo
2672 3873 2932 3938 creditur,
2957 3873 3200 3942 quintam
3222 3882 3274 3925 et
3295 3887 3413 3927 sex.

1843 3977 1948 4022 tam
1999 3966 2288 4020 editionem
2343 3964 2624 4018 universos
2677 3964 2968 4031 Scriptum
3016 3963 3186 4018 libros
3241 3962 3419 4017 fuisse

1842 4056 2174 4126 complexas.
2234 4053 2455 4122 Aliquot
2498 4054 2758 4107 duntaxat
2802 4053 3149 4108 continebant
3180 4068 3245 4107 ex
3279 4052 3409 4119 illis,

1844 4162 2045 4216 eosque
2077 4146 2416 4215 potissimum
2459 4146 2550 4215 qui
2581 4145 2827 4199 versibus
2854 4154 3106 4199 constant
3132 4145 3272 4213 apud
3307 4143 3413 4200 He-

1842 4238 2037 4293 braeos.
2074 4237 2151 4292 En
2200 4237 2294 4290 tibi
2346 4246 2535 4290 testem
2578 4235 2965 4307 Hieronymum
3019 4237 3073 4290 in
3113 4234 3419 4304 Epistolam

1842 4374 2068 4443 septima
2116 4374 2281 4428 editio
2309 4373 2727 4442 comparebant;
2779 4388 2843 4427 ac
2876 4374 3178 4442 disquirere
3230 4383 3417 4430 utrum

1842 4456 1991 4498 sexta
2023 4446 2263 4512 quintam
2307 4444 2532 4511 septima
2577 4453 2863 4513 utramque
2901 4458 3116 4513 semper
3158 4458 3427 4512 sequere-7

172 4518 679 4589 kmmugxsudcra;
734 4519 871 4589 male
908 4517 1107 4589 vertit,
1130 4513 1735 4589 Hexaplisjposteriora
1770 4534 1813 4589 ι)
1842 4524 1957 4589 tur._
1986 4513 2204 4589 Certum
2248 4521 2330 4567 est
2369 4522 2484 4589 tres
2518 4513 3034 4589 illassuperadditas
3048 4513 3323 4589 editiones
3377 4532 3419 4571 et

172 4589 338 4645 fuisse
395 4587 635 4658 Ten-apta
679 4588 951 4658 opinatur.
1004 4586 1109 4641 Sed
1161 4585 1488 4658 contrarium
1541 4584 1739 4658 evincit.

175 4659 517 4715 doctissimus
548 4653 737 4712 noster
766 4658 827 4714 D.
871 4656 1173 4711 Bernardus
1206 4657 1271 4709 de
1307 4653 1649 4707 Moutfaucon
1684 4653 1738 4707 in

175 4730 285 4785 suis
310 4728 771 4783 Prteliminaribus
796 4728 847 4779 in
878 4724 1119 4793 Hexapla
1143 4725 1392 4795 Origenis
1413 4740 1533 4793 pag.
1565 4724 1618 4790 9,
1650 4724 1740 4795 ubi

178 4802 339 4854 verbo
398 4797 903 4860 ὲπικατασκευάσας
965 4793 1263 4863 legitimum
1327 4810 1542 4848 sensum
1587 4793 1741 4848 resti-

180 4872 298 4926 tuit.
318 4868 489 4929 Hujus
515 4871 749 4922 rationes
775 4868 913 4920 infra
943 4867 1269 4920 adducemus
1289 4879 1407 4932 cap.
1426 4864 1460 4917 4
1478 4905 1490 4923 ,
1515 4879 1659 4917 num.
1683 4862 1738 4916 2.

246 4940 355 5010 (95)
382 4938 627 5010 Falsumi
651 4948 745 4999 est,
781 4938 915 5008 quod
943 4937 1121 5010 ιιιιιροΔ
1138 4935 1368 5010 creditur
1394 4935 1648 5010 quintum,
1693 4944 1741 4986 et

178 5004 398 5075 scitum,
448 5018 553 5062 etc.
612 5009 668 5060 ln
720 5004 1043 5076 quibusnam
1090 5004 1381 5076 Scriptura:
1436 5004 1605 5076 libris
1634 5011 1743 5057 tres

179 5081 307 5134 alias
340 5071 604 5133 editiones
632 5071 898 5145 quintam,
925 5086 1130 5129 sextam
1162 5071 1225 5127 et
1241 5074 1523 5145 septimam
1558 5071 1742 5145 Hexa-

179 5149 274 5214 plis
306 5149 571 5203 addiderit
594 5142 1568 5216 0rigeues.accuratissimeomnium
1589 5142 1743 5216 docet

185 5220 244 5271 l).
272 5219 579 5274 Bernardus
614 5218 678 5269 de
698 5212 1049 5270 ‘Montfaucon
1102 5215 1153 5267 in
1194 5212 1652 5281 Pra-liminari_bus
1686 5212 1741 5265 in

184 5287 405 5356 Hexapl.
431 5303 553 5357 pag.
588 5284 675 5339 16.
707 5306 722 5337 ι
756 5287 1099 5353 Exploratum
1127 5294 1228 5346 est,
1252 5282 1744 5357 iuquit,_editi_t_mes

180 5350 447 5424 quintam,
469 5350 676 5410 sextam
698 5366 750 5411 et
781 5350 1083 5424 septimam,
1114 5369 1215 5407 non
1251 5355 1302 5405 in
1327 5350 1575 5424 binuibus
1600 5350 1745 5404 Scri-

183 5421 346 5495 ptum
373 5428 544 5491 libris,
581 5427 672 5480 sed
699 5428 750 5480 in
783 5421 1053 5495 aliquibu's
1086 5432 1291 5476 tantum
1333 5421 1611 5475 columnas
1651 5435 1746 5475 oc—

183 5515 405 5566 cupasse
427 5512 573 5553 suas.
605 5498 657 5550 In
689 5499 1233 5567 quibusnamautein,
1261 5507 1362 5567 nec
1378 5505 1621 5567 veterum
1645 5506 1745 5567 nec

183 5562 543 5622 recentiorum
569 5562 721 5623 ullus—
740 5583 974 5634 unquam
1004 5565 1163 5634 dixit.
1192 5562 1324 5616 Nam
1351 5562 1460 5634 hoc-
1480 5562 1648 5634 sol_u_m
1669 5562 1745 5634 ait

186 5635 573 5709 Hieronymus:
610 5631 865 5690 Nonnulli
907 5652 1023 5709 vero
1046 5633 1185 5709 libri.
1221 5645 1266 5685 et
1287 5632 1511 5709 maxime
1543 5631 1743 5709 linqui

182 5711 315 5770 apud
348 5701 593 5761 Heber
624 5723 771 5760 versu
794 5704 1064 5773 compositi
1089 5713 1231 5765 sum,
1257 5714 1358 5754 tres
1397 5702 1528 5773 alios
1558 5701 1746 5773 editio-

186 5793 270 5828 nes
318 5780 522 5831 additas
550 5777 760 5829 habent.
792 5771 1152 5842 Quamobrem
1182 5787 1356 5840 operte
1378 5771 1605 5840 pretium
1640 5771 1746 5824 erit

188 5847 270 5899 hic
303 5850 466 5904 libros
497 5862 796 5911 recensere,
856 5847 906 5899 in
969 5845 1162 5914 quibus
1221 5844 1429 5912 quinta,
1482 5849 1634 5896 sexta
1681 5855 1745 5894 ac

1847 4585 2067 4654 regione
2094 4584 2319 4654 aliarum
2351 4583 2556 4654 positas
2582 4584 2749 4638 fuisse
2782 4584 2835 4636 in
2881 4582 3019 4654 libro
3048 4582 3411 4654 Psalmorum,

1844 4652 2000 4709 et'in
2056 4653 2333 4707 duodecim
2388 4653 2663 4720 prOphetis
2726 4653 3044 4707 minoribus.
3094 4652 3150 4707 lu
3182 4652 3414 4710 PSalmis

1844 4724 2061 4793 quidem
2098 4732 2208 4777 tres
2230 4721 2359 4793 illas
2379 4723 2642 4793 editiones
2682 4739 2778 4791 per
2802 4732 2969 4775 totum
2996 4722 3189 4793 librum
3221 4723 3413 4789 adjun-

1844 4792 1959 4849 ctas
2012 4792 2179 4847 fuisse
2231 4792 2458 4846 suadent
2488 4792 2790 4862 ﬁequeutia
2830 4794 3043 4846 illarum
3084 4792 3409 4862 fragmenta,

1843 4879 1961 4933 qua:
1989 4862 2184 4932 passim
2201 4863 2558 4933 observantur
2589 4880 2602 4915 :
2631 4863 2682 4916 in
2719 4863 3002 4918 duodecim
3029 4877 3157 4917 vero
3181 4864 3409 4932 prophe.

1846 4935 1915 4986 tis
1942 4933 2261 4994 minoribus,
2300 4940 2435 4985 teste
2481 4932 2829 5002 Hieronymo,
2896 4942 3090 5001 praeter
3134 4933 3410 5001 Aquilam,

1845 5003 2249 5075 Symmachum,
2292 5002 2665 5075 Septuaginta,
2685 5001 3126 5075 ’Theodotionetn
3160 5014 3217 5075 et
3236 5005 3413 5075 quin-

1843 5071 1976 5137 tam,
2024 5073 2141 5125 dum
2179 5072 2297 5126 alia:
2335 5071 2597 5128 editiones
2644 5074 2903 5142 appositae
2934 5081 3109 5136 erant,
3158 5074 3413 5128 videlicet

1844 5155 2011 5197 sexta
2042 5151 2097 5196 et
2146 5143 2395 5212 septima,
2430 5158 2656 5211 quarum
2708 5142 3007 5212 fragmenta
3051 5143 3410 5210 exhibemus;

1845 5214 2044 5275 quintae
2063 5227 2253 5280 nempe
2283 5211 2740 5278 frequentissima,
2773 5211 2999 5267 aliarum
3022 5228 3148 5268 vero
3178 5214 3409 5267 rariora.

1844 5281 2124 5337 Canticum
2155 5292 2332 5335 autem
2370 5282 2621 5336 Habacuc
2678 5284 2976 5337 secundum
3024 5297 3184 5337 unam
3225 5298 3289 5336 ex
3326 5282 3411 5335 his

1845 5354 2129 5422 postremis
2152 5352 2475 5422 editionibus
2493 5353 2756 5420 integrum
2776 5365 3246 5421 repraesentamus,
3266 5354 3411 5421 quod

1846 5421 1969 5477 cum
1998 5437 2096 5475 nec
2125 5421 2347 5489 quintae,
2374 5437 2473 5476 nec
2502 5435 2669 5476 sextae
2700 5438 2819 5477 esse
2848 5425 3038 5491 possit,
3063 5423 3307 5490 sequitur
3341 5436 3427 5476 ex.

1845 5494 2076 5562 septima.
2117 5492 2461 5560 desumptum
2494 5506 2635 5547 esse.
2680 5492 2734 5545 In
2766 5492 3003 5546 Cauticis
3047 5493 3409 5556 canticorum,

1844 5567 2047 5630 quinm
2073 5562 2242 5615 solum
2265 5572 2319 5615 et
2341 5570 2507 5616 sexta:
2530 5562 2784 5617 lectiones
2812 5562 3134 5624 afferuntur;
3166 5562 3409 5631 septima:

1846 5648 1973 5687 vero
2018 5648 2086 5685 ne
2124 5631 2408 5701 vestigium
2461 5634 2674 5702 quidem
2711 5634 2966 5697 habetur;
2997 5634 3136 5686 unde
3176 5632 3411 5684 fortasse

1846 5703 2085 5771 suspicio
2135 5703 2343 5755 oriatur
2391 5703 2798 5771 hic'septimam
2847 5717 2954 5755 non
3008 5702 3243 5756 adfuisse
3285 5716 3410 5755 cum

1846 5772 1985 5830 aliis.
2015 5774 2155 5839 quod
2205 5783 2384 5825 tamen
2437 5774 2647 5827 nonnisi
2685 5782 2885 5825 temere
2928 5771 3181 5825 afﬁrmari
3210 5780 3407 5839 potest.

1847 5842 2029 5896 Potuit
2057 5842 2198 5895 enim
2228 5843 2326 5895 etsi
2354 5841 2604 5908 adfuerit,
2630 5856 2659 5895 a
2690 5841 3074 5898 collectoribus
3102 5841 3431 5913 negligialnt
