3838 6222
392 287 417 335 ‘l
428 282 529 339 2'59

1664 288 1726 344 P.
1771 287 2090 343 DANIELIS
2123 285 2358 342 HUETII

3531 272 3688 339 “9.50

390 406 459 457 ad
484 403 590 459 Tit.
622 418 702 466 ιιι,
732 408 798 457 9:
826 424 842 455 ι
879 404 1030 459 Unde
1058 414 1113 460 et
1144 406 1299 462 nobis
1328 422 1472 462 cura:
1493 408 1799 464 fuitomnes
1820 418 1966 463 vete-
1992 417 2040 471 Α
2072 408 2233 471 rium,
2282 406 2336 460 in
2381 412 2491 461 tota
2542 402 2839 458 Bibliorum
2889 397 3277 456 denominanda
3320 393 3487 449 mole
3544 389 3689 445 ratio

389 499 466 552 ris
492 497 652 567 Legis
672 497 859 563 libros,
890 514 1025 566 quos
1064 500 1147 552 vir
1173 501 1364 554 doctus
1391 501 1743 556 Adamantius
1770 502 1821 556 in
1851 501 1962 556 Ile-

386 590 547 656 ampla
582 589 887 660 digesserat
938 592 1003 645 de
1029 590 1352 646 Caesariensi
1404 592 1729 647 bibliotheca
1763 594 1967 647 descri-

386 693 529 750 ptos,
559 698 624 735 ex
667 682 797 751 ipsis
831 683 1159 737 authenticis
1190 683 1514 749 emendare;
1563 685 1614 738 iu
1660 688 1855 754 quibus
1912 695 1968 741 et

388 776 503 841 ipsa
541 772 765 827 Hebraea
793 774 1026 843 propriis
1073 783 1199 827 sunt
1241 774 1648 829 character-ibus
1677 778 1839 830 verba
1868 778 1965 832 de-

388 865 609 933 scripta,
656 876 712 920 et
751 866 956 920 Graecis
996 866 1190 921 litteris
1223 868 1439 921 tramite
1463 884 1720 938 expressa
1765 870 1962 924 vicino.

387 956 581 1026 Aquila
603 957 790 1021 etiam,
831 966 886 1011 et
927 955 1309 1025 Symmachus,
1350 956 1701 1026 Septuaginta
1727 972 1964 1028 quoque,

386 1056 441 1100 ει
484 1046 784 1102 Theodotio
820 1063 976 1101 suum
1013 1047 1257 1101 ordinem
1307 1055 1507 1100 tenent.
1554 1045 1802 1101 Nonnulli
1838 1063 1967 1102 vero

384 1140 534 1205 libri,
566 1150 621 1194 et
652 1140 887 1195 maxime
937 1140 991 1194 hi
1028 1140 1117 1208 qui
1152 1140 1292 1207 apud
1320 1137 1578 1197 Hebraeos
1618 1154 1776 1195 versu
1813 1155 1967 1195 com-

385 1231 549 1297 positi
567 1241 713 1293 sunt,
744 1241 852 1286 tres
868 1231 1000 1284 alias
1021 1232 1284 1288 editiones
1311 1233 1521 1287 additas
1564 1233 1783 1296 habent,
1804 1248 1964 1301 quam

385 1324 655 1391 quintam,
682 1333 739 1378 et
760 1332 993 1389 sextam,
1019 1335 1075 1379 et
1100 1326 1386 1395 septimam
1422 1324 1836 1380 translationem
1866 1340 1965 1378 vo-

390 1425 545 1481 cant,
602 1418 984 1473 auctoritatem
1058 1419 1178 1474 sine
1241 1419 1551 1474 nominibus
1608 1419 1964 1490 interpretum

386 1521 731 1563 consecutas.
778 1530 797 1563 ι
829 1512 1012 1580 Itaque
1045 1513 1097 1565 in
1127 1512 1213 1564 illa
1246 1513 1518 1567 variarum
1549 1513 1846 1567 editionum
1868 1526 1963 1568 eo-

390 1601 814 1669 agmentatione,
866 1601 1030 1671 aliqui
1091 1603 1215 1657 libri
1263 1613 1497 1671 quatuor
1540 1602 1804 1659 duntaxat
1838 1619 1968 1659 con-

388 1691 608 1745 stabant
640 1692 987 1757 editionibus,
1018 1709 1139 1747 cum
1173 1694 1347 1763 Diplis
1370 1693 1683 1761 Hebraicis;
1722 1706 1882 1765 atque
1912 1697 1971 1751 hi

2068 498 2253 553 habita
2300 512 2407 552 non
2453 506 2555 559 est,
2595 495 2825 561 ideoque
2871 508 2900 547 a
2946 491 3161 545 nemine
3200 484 3491 555 Enneapla
3534 482 3687 537 diu:

2064 598 2211 643 sunt.
2237 589 2447 644 Asserit
2478 587 2639 641 etiam
2686 584 2950 655 Origenes
2993 581 3060 635 ab
3098 575 3687 648 interpretationibus

2065 680 2272 750 Aquilae
2294 690 2346 735 et
2377 678 2767 734 Theodotionis
2800 675 3039 730 abfuisse
3088 673 3335 728 Threnos
3373 668 3684 726 Ieremia.

2066 775 2252 845 Itaque
2284 773 2420 829 liber
2455 772 2542 826 ille
2577 768 2743 824 fuerit
2764 766 3132 840 Τετραπλοῦς,
3180 764 3274 819 sed
3321 772 3518 816 totum
3552 773 3688 814 cor-

2066 883 2166 938 pus
2191 866 2489 922 Bibliorum
2529 872 2749 932 propter
2778 861 2902 916 libri
2936 858 3288 924 exiguitatem
3332 851 3689 921 Tetraplum

2065 962 2171 1017 diei
2200 975 2307 1014 non
2333 958 2539 1014 debuit.
2564 957 2794 1024 Quidam
2835 953 3078 1021 Hea-apta
3112 954 3211 1005 ista
3240 950 3540 1004 volumina
3583 959 3690 1015 ap-

2065 1054 2352 1126 pellarunt,
2385 1050 2615 1105 fortasse
2639 1048 2801 1102 etiam
2839 1044 3084 1115 Hexapla
3111 1042 3178 1097 ab
3199 1040 3436 1112 Origene
3470 1038 3695 1093 inscri-

2069 1155 2159 1215 pta
2190 1153 2335 1208 sunt,
2359 1142 2504 1212 quod
2532 1154 2723 1208 magna
2754 1138 2963 1191 illorum
2990 1151 3116 1205 pars
3140 1144 3373 1204 quatuor
3400 1128 3695 1187 editioni-

2065 1237 2186 1299 bus,
2214 1234 2439 1304 Aquilae,
2469 1231 2802 1304 Symmachi,
2834 1229 2940 1283 τῶν
2964 1228 3017 1283 0'
3048 1238 3104 1283 et
3150 1225 3589 1283 Theodotionis.
3623 1236 3694 1277 ac

2066 1328 2238 1399 Diplis
2268 1338 2527 1395 praterea
2573 1323 2852 1381 Hebraicis
2884 1332 3029 1377 esset
3057 1320 3283 1376 conﬂata
3319 1339 3335 1376 :
3367 1319 3470 1373 alii
3540 1328 3693 1371 vero

2067 1436 2191 1476 cum
2229 1420 2314 1474 his
2345 1417 2710 1473 voluminibus
2760 1430 2853 1470 sex
2895 1414 3162 1470 editiones
3199 1413 3419 1468 Gratcas
3463 1420 3694 1478 prater

2067 1512 2329 1568 Hebraica
2364 1509 2699 1579 exemplaria
2746 1508 2921 1562 inesse
2974 1504 3361 1574 intelligerent,
3420 1502 3689 1573 Octapla

2069 1602 2314 1658 vocanda
2339 1609 2688 1656 censuerunt.
2730 1594 3075 1668 QuaprOpter'
3098 1612 3257 1652 nemo
3283 1596 3471 1649 mirari
3502 1595 3689 1651 debet

2069 1712 2168 1752 cur
2218 1693 2476 1764 Hexaplis
2535 1709 2631 1749 sex
2681 1694 2946 1747 editiones
2978 1690 3217 1753 Gratcas,
3265 1697 3323 1744 et
3352 1690 3495 1743 duos
3547 1702 3690 1741 con-

389 1780 516 1835 libri
544 1795 699 1836 erant
722 1797 847 1837 vere
881 1782 1154 1861 Ἑξατξλοῖ.
1179 1783 1286 1839 Sex
1309 1800 1438 1840 vero
1472 1784 1743 1841 habebant
1774 1787 1973 1841 editio-
2006 1773 2050 1832 Β
2080 1796 2258 1842 textus
2294 1786 2589 1842 ilebraicos
2622 1785 2791 1839 fuisse
2833 1785 3068 1837 intextos
3098 1783 3336 1837 dixerint
3364 1780 3684 1845 Eusebius,

389 1888 487 1930 nes
515 1873 753 1938 Gmcas,
785 1891 905 1930 cum
934 1876 1103 1947 Dtplis
1137 1877 1434 1945 Hebraicis,
1469 1880 1560 1934 alii
1584 1880 1705 1935 libri
1726 1894 1823 1948 per
1850 1895 1973 1935 ver—

391 1981 486 2021 sus
514 1968 818 2036 compositi,
853 1979 1079 2039 excepto
1113 1969 1399 2035 Psalterio,
1426 1985 1621 2041 nempe
1655 1970 1971 2040 Proverbia,

389 2056 748 2113 Ecclesiastes
796 2068 853 2112 et
892 2059 1175 2115 Canticum
1198 2078 1212 2115 :
1235 2076 1298 2116 ac
1329 2061 1553 2130 proinde
1581 2070 1741 2117 erant
1779 2061 1974 2116 Ὀκτα-

392 2146 538 2201 πλοϊ.
599 2148 670 2202 At
714 2148 850 2204 liber
906 2149 1241 2207 Psalmorum
1302 2163 1499 2222 praeter
1567 2153 1812 2223 geminas
1864 2152 1972 2208 lle-

396 2239 565 2294 braici
613 2250 904 2297 contextus
937 2241 1219 2299 columnas
1259 2253 1467 2314 septem
1499 2243 1763 2299 editiones
1802 2244 1973 2298 couti-

390 2330 578 2397 nebat,
628 2333 935 2402 meritoque
974 2333 1172 2389 librum
1220 2336 1365 2390 hunc
1405 2333 1762 2389 Ἐννεαπλοῦν
1808 2333 1974 2392 finisse

392 2426 619 2482 diceres.
638 2426 804 2493 [gitur
828 2442 963 2495 opus
997 2427 1136 2482 istud
1160 2425 1410 2496 Origenis
1433 2430 1626 2498 partim
1654 2439 1773 2485 erat
1794 2428 1975 2484 Hexa-

391 2518 563 2586 plum,
588 2519 785 2588 partim
808 2518 1107 2589 Octaplum,
1137 2522 1330 2589 partim
1354 2520 1686 2592 Enneaplum
1708 2541 1721 2577 :
1746 2522 1857 2593 (96)
1881 2522 1975 2577 sed

332 2660 341 2671 ,
395 2612 640 2681 septima;
668 2613 941 2675 editionis,
980 2628 1104 2683 quae
1136 2615 1202 2668 ad
1245 2629 1408 2669 unum
1439 2615 1744 2685 pertinebat
1772 2614 1982 2671 Psalte-

388 2752 761 2824 Pentateucho
801 2763 978 2807 autem
1028 2753 1269 2824 quintam
1323 2761 1377 2809 et
1419 2763 1626 2809 sextam
1673 2754 1969 2811 editionem

389 2823 569 2877 locum
610 2838 905 2895 occupasse
958 2823 1116 2878 suum
1165 2826 1531 2880 testiﬁcantur
1588 2826 1832 2895 exempla
1867 2842 1977 2881 non

433 2909 566 2948 auca
597 2909 610 2945 :
641 2896 718 2964 sic
753 2893 951 2950 Cenes.
997 2911 1114 2964 cap.
1144 2911 1331 2960 xxxav,
1370 2910 1512 2950 vers.
1551 2896 1638 2960 15,
1688 2893 1762 2950 ex
1789 2898 1977 2952 codice

446 2966 589 3035 egio_
626 2961 851 3018 aﬁertur
896 2961 1095 3035 quintae
1144 2966 1402 3020 editionis
1435 2966 1613 3031 lectio,
1658 2967 1746 3020 ubi
1786 2981 1974 3022 vocem

395 3042 529 3094 mn:
576 3033 664 3107 hic
693 3033 970 3107 interpres
1001 3037 1160 3089 vertit
1186 3036 1548 3107 éwoﬁaopsv;
1582 3045 1635 3090 et
1663 3052 1782 3105 cap.
1812 3052 1975 3101 xxxv,

392 3124 538 3163 vers.
568 3105 655 3161 t9.
692 3105 745 3158 iu
780 3106 924 3159 hunc
954 3105 1129 3159 locum
1154 3105 1375 3167 omni:
1405 3116 1505 3166 sm
1522 3115 1725 3167 nrt-15s:
1754 3108 1977 3160 Ambro-

2075 1878 2406 1949 Epiphanius
2454 1887 2509 1933 et
2559 1878 2823 1942 Zonaras,
2859 1877 3078 1932 intexta:
3122 1876 3319 1946 quippe
3349 1882 3517 1929 erant
3559 1874 3691 1928 edi-

2077 1974 2255 2028 tiones
2286 1972 2392 2027 illaa
2430 1986 2521 2027 sex
2559 1972 2612 2025 in
2649 1971 2920 2041 aliquibus
2940 1971 3207 2024 duntaxat
3231 1968 3403 2033 libris,
3456 1982 3582 2023 non
3624 1968 3685 2021 in

2076 2064 2376 2132 universis;
2413 2079 2538 2119 nam
2585 2064 2833 2133 quamvis
2876 2063 3100 2118 intexta
3140 2061 3323 2116 itidem
3370 2067 3576 2115 essent
3620 2057 3683 2113 in

2074 2156 2305 2213 Psalmis
2332 2156 2597 2212 editiones
2628 2165 2857 2226 septem,
2910 2153 3157 2224 Παπειρία
3186 2162 3366 2208 tamen
3409 2151 3689 2207 Psalmo-

2076 2264 2196 2303 rum
2258 2248 2402 2304 idem
2452 2248 2591 2303 dixit
2637 2248 2924 2303 Eusebius.
2991 2246 3336 2302 Manifestum
3383 2259 3529 2315 ergo
3587 2250 3681 2297 est

2077 2354 2241 2394 unum
2277 2339 2525 2409 idemque
2551 2354 2686 2409 opus
2719 2339 2883 2394 fuisse
2910 2338 3155 2406 Hexapla
3180 2347 3234 2393 et
3268 2335 3534 2406 θεωρίας
3574 2334 3677 2390 sed

2078 2447 2111 2486 a
2134 2432 2362 2487 diversis
2398 2433 2593 2501 quibus
2620 2435 2903 2488 constabat
2928 2432 3175 2502 partibus
3206 2430 3453 2485 diversas
3474 2427 3679 2499 appel-

2078 2524 2310 2581 lationes
2366 2525 2635 2581 hahuisse.
2673 2526 2786 2597 (97)
2834 2525 3084 2593 Tetrapta
3143 2536 3321 2580 autem
3379 2524 3671 2594 privatum

2081 2615 2184 2671 fuit
2231 2632 2296 2672 ac
2347 2626 2658 2683 separatum
2700 2632 2837 2687 opus
2870 2618 2936 2673 ab
2973 2615 3208 2685 Origene
3256 2624 3375 2685 post
3412 2613 3678 2683 Hexapch

2079 2767 2191 2813 tres
2224 2757 2325 2812 illae
2358 2758 2625 2813 editiones
2671 2757 2865 2811 additte
2897 2757 3132 2821 fuerant,
3190 2770 3309 2811 esse
3338 2754 3510 2809 libros
3552 2769 3674 2808 me-

2074 2838 2185 2882 tros
2220 2829 2507 2890 metricos;
2550 2842 2741 2893 nempe
2786 2826 2911 2891 Job,
2960 2827 3200 2879 Psalmos
3248 2836 3302 2879 et
3328 2822 3670 2889 Proverbia,

2076 2909 2132 2953 et
2171 2908 2345 2953 tamen
2388 2899 2745 2966 apertissimis
2783 2897 3047 2965 exemplis
3077 2896 3323 2963 superius
3362 2896 3662 2963 probatum

2078 2981 2185 3034 est,
2221 2968 2339 3023 illas
2364 2971 2630 3024 editiones
2653 2966 2895 3021 adfuisse
2922 2969 2972 3020 in
3007 2966 3391 3029 Pentateucho,
3434 2966 3491 3019 in
3532 2979 3669 3034 pro-

2079 3041 2258 3108 phetis
2290 3038 2587 3092 minoribus
2640 3048 2697 3094 et
2728 3038 2780 3092 in
2808 3038 3049 3093 Canticis
3073 3056 3087 3100 ;
3112 3053 3175 3091 ex
3206 3037 3519 3108 libris‘vero
3555 3050 3671 3090 me-

2086 3106 2241 3163 tricis
2272 3108 2517 3163 Psalmos
2552 3120 2761 3162 tantum
2806 3108 2967 3161 trium
3001 3108 3215 3161 illarum
3249 3106 3551 3160 editionum
3581 3120 3668 3158 re-

393 3147 510 3234 εἶύε
537 3179 590 3231 in
621 3176 792 3245 Epist.
848 3177 917 3229 ad
973 3147 1375 3232 ηονοηπιὲῆἳηῖ
1398 3147 1477 3231 iii
1494 3147 1767 3242 ’ς”ὄιιξῗῖἶιί
1802 3147 1979 3231 Balbi.
2008 3147 2049 3204 ε
2085 3147 2294 3247 ῖὶιίῦἓίἑ
2316 3147 3675 3248 "(aimiiiidléiii'"ri'éq'déiiiiséiﬁii‘émpiéiéiiéitis

404 3249 645 3311 traditio,
675 3248 899 3318 ephrata
923 3287 938 3309 ,
994 3248 1111 3315 ipsa
1139 3257 1223 3303 est
1252 3248 1447 3318 domus
1479 3247 1635 3318 panis
1667 3263 1683 3303 :
1709 3248 1808 3318 hoc
1839 3264 1978 3314 prte-

398 3320 611 3372 teritum
638 3326 711 3369 est
750 3319 806 3369 in
848 3316 1073 3370 aliorum
1107 3316 1501 3381 traditionibus,
1532 3317 1621 3372 ubi
1662 3316 1982 3371 traditiones

399 3390 493 3443 ille
528 3387 1002 3458 prorditionilius
1050 3398 1293 3458 usurpat.
1333 3387 1398 3440 Et
1420 3386 1594 3442 Levit.
1625 3402 1662 3448 ι.
1706 3387 1795 3458 16.
1825 3386 1889 3458 Α.
1920 3388 1979 3441 Σ.

395 3458 498 3541 τῂν
530 3456 868 3541 ίσιτιςουσαγ.
997 3459 1059 3511 Ε.
1095 3456 1196 3530 οτὴὺ
1222 3459 1393 3527 ὀσφὺν
1421 3458 1488 3541 ἢ]
1517 3459 1679 3541 ἡμεῖς
1714 3457 1984 3541 ηαλρὴέεν

400 3526 596 3597 φῦσαν.
648 3528 775 3581 Ιιειη
817 3527 990 3584 Levit.
1020 3543 1081 3582 ca
1127 3526 1243 3593 (XI,
1273 3526 1417 3584 vers.
1447 3526 1501 3590 3,
1540 3526 1601 3582 Σ.
1636 3528 1697 3581 Ε.
1728 3527 1836 3583 ἀπὸ
1852 3526 1983 3593 τῶν,

400 3598 793 3651 καοπωιιάτων
836 3599 1062 3651 Κυρίου.
1089 3545 1161 3651 Et
1196 3599 1363 3651 Levit.
1396 3614 1455 3651 ll.
1490 3596 1577 3651 17.
1616 3601 1679 3651 Α.
1718 3599 1779 3651 Ο.
1823 3597 1888 3651 Θ.
1919 3601 1981 3651 Ε.

400 3596 793 3670 ὶαρπωμάτῄων
836 3599 1062 3670 Κυρίῳ.
1092 3596 1161 3653 Et
1196 3599 1363 3653 Levit.
1396 3614 1455 3662 ll,
1490 3596 1577 3664 17,
1616 3601 1679 3651 Α.
1718 3599 1779 3655 Ο.
1823 3597 1888 3653 Θ.
1919 3601 1981 3653 Ε.

402 3668 749 3739 νυὶιτικόραξ.
781 3687 839 3733 ς.
870 3668 1059 3737 γὶζαύξ.
1103 3670 1165 3723 Ε.
1198 3670 1473 3736 Quintam,
1506 3687 1566 3734 ς.
1599 3677 1804 3739 sextam
1842 3670 1983 3723 indi-

403 3751 511 3806 t-at,
565 3738 639 3793 et
662 3742 944 3809 utriusque
978 3742 1356 3806 interpretatio
1382 3739 1627 3793 alfertur.
1667 3738 1982 3809 Ibidemque

401 3827 549 3865 vers.
588 3811 677 3875 3|,
712 3813 775 3864 Ο.
821 3811 883 3864 Θ.
934 3812 997 3865 Ε.
1049 3811 1226 3865 αὐτῶν
1277 3810 1638 3881 τεθνηκότων.
1681 3809 1840 3864 Hisce
1873 3820 1983 3864 tam

408 3883 611 3950 apertis
646 3882 964 3935 tesumoniis
996 3882 1255 3951 refragari
1290 3897 1447 3935 netno
1477 3896 1636 3950 posse
1660 3881 1891 3933 videtur.
1920 3883 1990 3935 At

406 3953 606 4006 mirqu
630 3962 713 4005 est
753 3953 996 4021 quintam
1034 3961 1089 4006 et
1122 3960 1331 4006 sextam
1364 3952 1657 4006 editionem
1708 3966 1735 4002 a
1768 3951 1983 4021 nemine

407 4034 651 4076 veterum
681 4020 1000 4076 Graecorum
1043 4024 1135 4090 qui
1165 4024 1218 4075 in
1248 4022 1680 4075 Peutateuchum
1719 4031 1799 4073 t0t
1823 4020 1987 4074 Com-

410 4093 677 4147 mentario
722 4092 1029 4151 ediderunt,
1060 4102 1413 4147 memoratam
1443 4092 1650 4160 uspiam
1687 4092 1874 4144 fuisse.
1914 4090 1987 4145 De

408 4162 635 4230 septima
691 4163 743 4215 iu
794 4161 1160 4216 Pentateucho
1210 4162 1342 4215 nihil
1390 4162 1549 4216 hodie
1590 4176 1603 4211 :
1648 4170 1825 4214 utrum
1858 4174 1987 4230 vero

410 4229 540 4285 olim
590 4230 826 4286 adfuerit
876 4233 1174 4302 ignoratur.
1227 4231 1431 4285 Przeler
1472 4231 1637 4286 hosce
1689 4230 1855 4285 libros
1897 4229 1986 4282 ubi

415 4305 579 4355 trium
606 4303 967 4371 posteriorum
997 4304 1295 4357 editionum
1326 4303 1547 4371 vestigia
1580 4302 1901 4371 reperimus,
1934 4302 1987 4354 in

413 4373 533 4428 aliis
565 4370 728 4429 etiam
763 4374 1034 4426 exstitisse
1069 4372 1369 4426 subindicat
1430 4370 1787 4440 Hieronymus
1828 4370 1988 4425 Com-

411 4455 585 4497 tnent.
622 4444 677 4496 in
708 4441 878 4512 Epist.
918 4447 986 4495 ad
1018 4442 1188 4496 Titum
1218 4457 1236 4494 :
1285 4441 1548 4512 iNonnulti
1591 4457 1707 4494 vero
1734 4441 1873 4506 libri,
1916 4441 2001 4512 in-At

2086 3258 2265 3303 autem
2329 3260 2384 3304 et
2445 3249 2765 3311 Proverbia,
2797 3246 3043 3315 quorum
3095 3249 3326 3301 maxima
3364 3246 3663 3301 lectionum

2084 3319 2467 3386 Hereaplarium
2517 3320 2652 3375 silva
2699 3328 2975 3389 superest,
3016 3334 3081 3372 ne
3113 3317 3409 3389 vestigium
3439 3317 3669 3389 quidem

2089 3392 2249 3443 trium
2278 3390 2487 3443 illarum
2516 3387 2816 3443 editionum
2854 3390 3085 3442 habere-
3109 3387 3200 3441 llis
3229 3387 3539 3457 conspectis
3576 3402 3670 3440 ne-

2090 3475 2178 3513 mo
2212 3461 2490 3528 negaverit
2511 3460 2798 3513 admodum
2828 3458 3043 3511 ditiieile
3072 3473 3195 3512 esse
3223 3459 3471 3523 superius
3497 3457 3665 3509 allata

2085 3531 2332 3598 exempla
2361 3545 2482 3583 cum
2512 3531 2688 3584 verbis
2718 3529 3029 3598 Hieronymi
3059 3528 3375 3598 conciliare.
3400 3528 3541 3581 Cum
3566 3542 3666 3579 au-

2088 3608 2195 3654 tem
2227 3597 2448 3654 oinnino
2497 3611 2704 3654 certum
2753 3602 2824 3653 sit
2859 3597 3143 3667 Origenem
3170 3614 3272 3652 non
3314 3597 3367 3651 in
3408 3599 3669 3651 omnibus

2090 3669 2384 3740 Scriptura:
2409 3670 2562 3724 libris
2588 3679 2699 3723 tres
2726 3669 2842 3722 illas
2867 3670 3339 3737 interpretationes
3373 3668 3663 3740 adiecisse,

2089 3739 2255 3807 quaeri
2278 3749 2450 3808 potest
2473 3756 2599 3793 num
2634 3749 2742 3794 tres
2774 3740 2845 3794 illi
2876 3740 3199 3806 interpretes
3225 3749 3386 3791 lotam
3414 3739 3661 3808 Scriptu-

2089 3805 2203 3881 ram
2238 3805 2348 3864 sint
2391 3811 2753 3881 interpretati,
2792 3825 2861 3881 an
2894 3824 2994 3881 eas
3017 3805 3188 3861 solum
3216 3816 3394 3881 partes
3436 3805 3674 3881 quteab

2088 3879 2319 3951 Origene
2364 3881 2415 3933 in
2449 3875 2684 3946 Ociaplis
2722 3880 2977 3951 adhibitae
3007 3888 3150 3951 sunt.
3213 3875 3367 3951 Saepe
3403 3875 3529 3933 cum
3563 3875 3662 3939 illi,

2089 3946 2277 4003 saltem
2319 3952 2425 4004 duo
2461 3950 2695 4017 priores,
2727 3948 3174 4007 Pentateuchum.
3212 3946 3473 4011 Psalmos,
3501 3957 3560 4001 et
3594 3960 3663 3999 ex

2090 4019 2417 4090 Hieronymo
2436 4019 2535 4074 Job
2558 4027 2612 4073 et
2640 4019 2965 4090 Proverbia;
3002 4032 3124 4090 cum
3162 4019 3288 4072 item
3332 4017 3561 4090 Cantica
3609 4024 3663 4090 et

2090 4086 2327 4145 minores
2371 4090 2668 4159 prophetas
2727 4088 3130 4159 transtulerint,
3182 4103 3289 4159 non
3324 4089 3480 4142 video
3530 4086 3663 4157 quid

2090 4176 2268 4215 causai
2304 4157 2490 4226 fuerit,
2510 4175 2608 4214 cur
2637 4160 2845 4213 medios
2875 4158 3040 4212 libros
3073 4157 3383 4224 omiserint,
3406 4160 3664 4227 quodque

2091 4231 2264 4297 magis
2293 4240 2502 4297 urgeat,
2537 4245 2659 4283 cum
2693 4239 2801 4283 tres
2830 4228 2905 4283 illi
2933 4229 3253 4294 interpretes
3278 4239 3337 4282 ut
3365 4228 3659 4297 plurimum

2092 4296 2695 4368 iniisdem'Scripturaa
2740 4298 2894 4353 libris
2942 4299 3301 4367 reperiantur,
3349 4296 3663 4368 licetqhaud

2093 4370 2255 4425 dubie
2280 4371 2446 4424 variis
2484 4372 2535 4423 in
2568 4369 2701 4423 locis
2730 4369 3071 4439 scripserint,
3122 4384 3220 4421 cur
3248 4371 3465 4423 eosdem
3494 4367 3662 4439 libros

2092 4457 2161 4494 ex
2192 4439 2459 4495 Hebraico
2510 4435 2896 4503 converterint,
2939 4440 3160 4493 eosdem
3198 4439 3503 4492 omiserint.
3554 4435 3661 4491 Hoc

411 4516 549 4581 quit,
572 4526 618 4567 et
649 4507 878 4567 muiime
901 4514 959 4567 lii
980 4514 1071 4583 qui
1101 4513 1239 4581 apud
1280 4511 1524 4565 Hebrwos
1549 4527 1699 4565 versu
1724 4510 1995 4583 compositi
2025 4519 2070 4574 1)
2099 4521 2245 4583 certe
2273 4524 2445 4583 neque
2480 4524 2633 4572 casu,
2663 4523 2838 4583 neque
2872 4507 3116 4583 consilioA
3132 4507 3381 4583 accidere
3422 4508 3661 4583 potuisse

413 4596 555 4648 sunt,
585 4596 690 4637 tres
725 4586 857 4637 alias
893 4587 1143 4637 editiones
1181 4584 1389 4635 additas
1418 4584 1629 4644 habent,
1655 4597 1813 4649 quam
1846 4582 1992 4650 quin-

416 4666 546 4718 tant,
586 4664 632 4709 et
688 4664 907 4719 sextam,
958 4666 1005 4707 et
1049 4651 1743 4721 septimam.translationem
1786 4662 1991 4716 vocant,

414 4726 783 4777 auctoritatem
824 4726 935 4778 sine
966 4725 1261 4778 nominibus
1303 4723 1638 4790 interpretum
1666 4729 1992 4774 consecutus.

419 4795 499 4848 Ex
537 4795 689 4848 libris
720 4804 898 4848 tamen
933 4810 1088 4849 versu
1114 4794 1436 4862 conscriptis
1463 4792 1561 4845 soli
1590 4790 1791 4845 Psalmi
1829 4794 1993 4845 trium

456 4865 1326 4934 osterioruminterpretationqu
1376 4862 1629 4934 reliquias
1674 4862 1989 4934 praaferunt.

442 4951 476 4989 ιι
508 4935 608 4990 Job
634 4932 814 4992 autem
852 4946 905 4989 et
933 4932 1261 4995 Proverbiis,
1286 4934 1387 4987 etsi
1421 4932 1597 5002 ampla
1624 4934 1852 5002 aliarum
1879 4933 1994 4985 edi-

418 5007 624 5078 tionum
657 5020 811 5078 seges
835 5005 1113 5078 oﬂ'eratur,
1133 5003 1264 5058 nihil
1296 5003 1454 5078 hodie
1483 5005 1548 5057 de
1568 5001 1740 5078 tribus
1755 5001 1859 5056 illis
1893 5017 1993 5078 po-_

420 5075 638 5130 stremis
661 5070 1047 5143 inierpretibus
1078 5070 1345 5143 superest.
1373 5074 1428 5128 Si
1454 5082 1654 5127 stemus
1679 5070 1991 5143 Hieronymi

418 5145 601 5201 verbis
624 5147 674 5199 in
693 5146 760 5201 iis
784 5141 955 5208 libris.
977 5146 1065 5198 ubi
1093 5141 1173 5199 hac
1197 5155 1478 5213 postremae
1494 5144 1762 5197 editiones
1778 5141 1993 5197 adhibe-

417 5218 630 5279 bautitr,
651 5225 760 5271 tres
777 5231 989 5284 semper
1005 5216 1246 5277 aderant,
1268 5230 1365 5268 nec
1381 5214 1565 5282 quinta
1583 5213 1698 5267 sine
1713 5221 1994 5278 sexta,nee

419 5295 646 5356 utraque
665 5289 783 5341 sine
815 5287 1039 5356 septima
1068 5288 1241 5339 locum
1274 5285 1479 5353 uspiam
1513 5284 1775 5356 habebat;
1805 5296 1989 5356 verum

422 5358 533 5410 haec
556 5354 912 5428 Hieronymus
929 5357 1216 5428 admodum
1233 5354 1592 5422 perfunctorie
1611 5354 1870 5428 narravit,
1892 5367 1991 5407 nec

424 5428 631 5481 videtur
652 5422 773 5494 ejus
792 5427 1152 5481 testimonium
1176 5434 1241 5478 ad
1268 5439 1330 5479 ea
1354 5439 1472 5493 quae
1493 5422 1817 5494 supradicta
1842 5431 1987 5494 sunt,

422 5498 631 5562 penitus
654 5492 921 5566 quadrare
951 5511 1124 5566 posse,
1144 5495 1189 5549 si
1208 5492 1446 5565 quidem,
1466 5496 1541 5548 ait
1558 5494 1672 5566 ille,
1691 5492 1744 5546 in
1762 5493 1991 5547 nonnul-

422 5568 490 5622 lis
514 5564 739 5624 libris‘et
762 5564 994 5622 maxime
1017 5568 1081 5622 iis
1096 5566 1186 5635 qui
1215 5564 1371 5619 versu
1395 5564 1676 5630 compositi
1699 5573 1848 5631 sunt,
1879 5574 1991 5619 tres

423 5638 558 5692 alias
589 5640 871 5702 editiones,
931 5653 1122 5706 nempe
1154 5638 1431 5705 quintam,
1467 5645 1674 5689 sextam
1716 5644 1770 5706 et
1821 5635 1989 5703 septi-

423 5723 564 5762 ntam
604 5711 812 5764 additas
864 5708 1029 5764 fuisse
1046 5705 1069 5773 ;’
1114 5709 1185 5761 ita
1237 5718 1294 5760 ut
1336 5722 1400 5759 ex
1431 5706 1549 5773 ejus
1578 5705 1758 5760 verbis
1801 5706 1987 5759 inferri

425 5793 584 5849 posse
613 5780 879 5850 videatur,
930 5782 1218 5835 maximam
1258 5776 1614 5845 Hexaplorum
1656 5787 1863 5845 partem
1899 5776 1984 5831 ubi

2097 4581 2332 4635 videtur.
2360 4576 2418 4634 Si
2447 4576 2771 4647 respondeas
2797 4594 2895 4634 cur
2916 4592 3044 4646 ergo
3080 4576 3339 4645 Origenes
3365 4577 3414 4631 in
3443 4578 3662 4646 quibus-

2095 4651 2220 4705 dam
2244 4651 2414 4713 libris,
2440 4665 2546 4704 non
2570 4652 2621 4702 in
2645 4650 2922 4711 omnibus,
2957 4649 3077 4703 illas
3105 4649 3369 4702 editiones
3398 4662 3662 4716 apposue-

2095 4721 2198 4786 rit;
2225 4735 2478 4790 reponam
2503 4735 2622 4790 ego,
2646 4720 2826 4790 curin
2849 4719 3080 4790 Threnis
3098 4719 3212 4773 sive
3233 4716 3659 4790 Latuentatioui-

2093 4790 2194 4844 bus
2220 4788 2489 4853 Jei‘emiaa,
2530 4788 2703 4844 solum
2742 4788 3122 4860 Symmachum
3133 4804 3271 4860 cum
3296 4788 3531 4860 editione
3556 4788 3660 4860 τῷν

2096 4860 2154 4914 0'
2176 4861 2391 4924 locavit,
2415 4876 2538 4916 cum
2573 4869 2752 4912 tamen
2783 4856 2985 4927 'Aquila
3007 4869 3063 4912 et
3083 4857 3381 4912 Theodotio
3417 4856 3579 4925 hujus
3605 4858 3662 4909 li-

2092 4930 2195 4997 bri,
2216 4932 2458 4999 perinde.
2476 4941 2637 4996 atque
2655 4929 2879 4984 aliorum
2904 4930 3037 4983 inter
3047 4931 3400 4999 pretationem
3432 4930 3659 4982 adorna-

2090 4997 2288 5060 vcrint.
2322 5002 2593 5055 utibidem
2626 5000 2678 5054 in
2712 5000 2911 5055 Monito
2938 5002 3247 5068 probamus.
3282 4997 3417 5052 Hinc
3444 5014 3579 5053 sane
3602 4999 3660 5051 li-

2093 5084 2221 5140 quet
2242 5088 2305 5126 ex
2324 5071 2680 5141 hacOrigeuis
2704 5071 2996 5125 omissioue
3017 5068 3260 5124 concludi
3279 5085 3383 5125 non
3408 5068 3660 5141 ρει-»δεδι-

2094 5136 2174 5196 las
2188 5143 2450 5196 editiones
2476 5136 2579 5195 no'n
2602 5141 2857 5211 integras,
2876 5142 2970 5194 sed
2992 5141 3198 5211 aliquos
3214 5136 3418 5211 tantum
3435 5136 3658 5192 Hebrai-

2092 5228 2169 5267 ca:
2197 5213 2488 5281 Scriptura:
2518 5211 2682 5267 libros
2707 5208 3015 5279 complean
3042 5208 3225 5264 fuisse.
3257 5209 3521 5281 Caeterum
3553 5223 3656 5262 rem

2094 5299 2198 5339 nou
2213 5279 2427 5353 penitus
2445 5282 2774 5351 exploratam
2792 5281 3004 5353 lectoris
3015 5281 3218 5353 judicio
3240 5279 3615 5353 permittimus.
3638 5296 3654 5327 ι

2164 5347 2276 5424 (96)
2308 5352 2414 5407 Sed
2438 5347 2667 5424 septimo:
2694 5352 2962 5413 editionis,
2995 5347 3112 5421 quae
3138 5352 3206 5424 ad
3248 5366 3413 5424 unum
3457 5347 3657 5424 i’satte:

2093 5416 2230 5477 rtu'm
2257 5416 2571 5491 pertinebat.
2602 5422 2842 5491 Septima
2871 5416 3036 5475 editio
3063 5420 3367 5488 pertinebat
3406 5419 3568 5491 etiam
3597 5416 3657 5471 ad

2093 5489 2373 5549 duodecim
2407 5489 2698 5561 prophetas
2726 5495 2984 5558 minores,
3039 5503 3096 5545 ut
3140 5505 3266 5545 mox
3327 5489 3659 5544 ostendimus

2092 5580 2158 5617 ex
2195 5567 2253 5618 Ι).
2291 5563 2348 5615 Β.
2379 5564 2448 5618 de
2486 5562 2853 5617 Montfancon.

2164 5632 2275 5706 (97)
2315 5632 2557 5706 Tetrapln
2589 5642 2762 5687 autem
2790 5632 3046 5706 privatum
3085 5631 3211 5706 fuit,
3238 5639 3345 5706 etc.
3377 5628 3511 5683 Vide
3539 5642 3661 5706 pau-

2095 5700 2318 5830 lor'iqlljra
2367 5720 2490 5776 cap.
2524 5705 2576 5775 4,
2622 5719 2771 5759 ιιιιιιι.
2803 5705 2858 5772 ‘2,
2895 5706 2981 5760 ubi
3020 5706 3134 5760 haec
3171 5700 3350 5759 Huetii
3399 5700 3673 5757 sententia.

2096 5794 2152 5830 re
2177 5795 2205 5830 ε
2251 5788 2375 5830 ttut‘.

2096 5778 2375 5833 refellitur.
