3838 6222
136 365 272 420 1241

957 364 1531 422 ORICENIANOHUM
1573 366 1703 422 LIB.
1745 365 1834 427 111,
1872 366 2025 421 CAP.
2067 365 2131 431 ΙΙ,
2175 366 2368 422 SECT.
2410 367 2494 421 IV.

3256 365 3277 418 l
3287 360 3392 419 Ξ).ιὲ

135 489 474 546 accuratum,
512 480 563 534 in
588 480 952 536 studiosorum
982 484 1232 550 gratiam,
1257 485 1451 550 quibus
1493 495 1704 540 tantum
1737 491 1781 546 Α
1813 497 1931 540 xter
1957 487 2189 548 erat,vel
2213 487 2431 541 sinister
2447 485 2734 555 legentium
2759 493 3001 554 respectu
3019 484 3238 538 sinister
3252 496 3390 551 erat,

137 575 238 628 abs
259 589 438 628 re-sua
462 576 546 630 vel
571 576 666 630 otii
699 577 783 631 vel
815 576 1085 633 facultatis
1113 594 1216 632 non
1241 588 1376 645 erat,
1407 581 1712 649 utHexapla

137 680 456 734 comparare
497 679 738 736 possent.
795 669 903 725 Nec
950 687 1273 740 quemquam
1322 684 1534 728 moveat
1571 676 1716 745 quod

139 758 332 811 scribit
365 758 726 830 Hieronymus
756 761 832 816 De
860 766 1038 830 script.
1059 765 1343 819 ecclesiast.
1375 767 1426 820 in
1457 767 1712 837 Origen.:

147 865 165 896 ι
212 848 459 917 Exceptis
489 848 836 922 Septuaginta
882 853 1292 923 lnterpretibus,
1340 858 1474 912 alias
1503 874 1718 928 quoque

141 937 406 993 editiones
440 938 492 993 in
531 956 695 994 unum
727 958 1084 1013 congregasse
1123 947 1402 1013 volumen;
1445 967 1464 1001 ι
1500 950 1638 1018 quod
1664 959 1720 1005 et

141 1051 210 1089 ex
262 1036 594 1110 Hieronymo
631 1042 1026 1096 transtulerunt
1063 1043 1395 1114 Freculphus
1428 1045 1722 1101 Lexovien-

142 1129 222 1181 sis
250 1129 447 1184 Chron.
492 1141 622 1185 tom.
655 1129 718 1195 ll,
755 1132 846 1186 lib.
875 1149 956 1196 ttt,
986 1149 1105 1202 cap.
1137 1136 1192 1200 2,
1223 1147 1278 1190 et
1313 1136 1582 1193 Honorius
1613 1140 1722 1194 Au-

146 1220 564 1286 gustodunensis
592 1221 667 1276 De
699 1223 878 1290 script.
904 1224 1192 1280 ecclesiast.
1235 1224 1290 1282 ld
1323 1230 1464 1282 enim
1491 1230 1591 1284 sibi
1628 1245 1722 1286 vo-

147 1309 288 1373 lunt,
323 1321 516 1378 praeter
543 1311 892 1383 Septuaginta
917 1315 1268 1386 lnterpretes,
1297 1320 1533 1390 reliquos
1556 1325 1720 1377 etiam

145 1401 437 1471 Origenem
466 1405 516 1458 in
558 1421 718 1459 unum
751 1409 998 1464 volumen
1035 1424 1411 1483 congregasse.

224 1489 309 1546 Vl.
345 1491 421 1546 Ex
449 1493 531 1548 his
561 1493 718 1551 facile
756 1497 1071 1568 intelligitur
1096 1513 1357 1570 quantum
1389 1503 1526 1559 ratio
1551 1504 1724 1560 Scali-

148 1600 339 1651 gerum
381 1585 593 1657 fugerit,
622 1587 715 1658 qui
758 1590 810 1643 in
841 1591 1196 1648 delineatione
1227 1593 1584 1662 Hexaplorum
1627 1616 1720 1654 seu

151 1675 515 1746 Octaplorum,
550 1697 710 1750 quam
750 1683 804 1737 in
827 1701 1006 1738 sacras
1045 1700 1171 1741 suas
1201 1685 1620 1746 Exercitationes
1649 1708 1725 1748 re-

151 1769 278 1823 tulit
298 1770 571 1837 Heinsius,
592 1784 882 1843 utrumque
906 1775 1231 1832 Hebraicum
1259 1791 1571 1836 contextum
1603 1794 1724 1853 post

152 1862 635 1930 interpretationes
683 1867 902 1921 Graecas
937 1882 1030 1922 sex
1066 1868 1117 1922 in
1159 1871 1316 1924 linem
1368 1841 1620 1942 coniecit:
1667 1874 1721 1929 Si
1756 1841 1798 1895 Β

151 1956 313 2009 tnodo
347 1970 537 2010 revera
571 1955 829 2028 Scaligeri
854 1959 954 2016 fuit
981 1961 1094 2015 hate
1117 1962 1426 2029 delineatio,
1457 1967 1596 2033 quod
1629 1967 1725 2020 du-

151 2047 300 2099 bium
338 2048 469 2101 mihi
499 2047 706 2104 faciunt
735 2051 1104 2121 Scaligeriana
1141 2069 1312 2123 nuper
1337 2055 1502 2122 edita,
1529 2058 1578 2109 in
1607 2058 1726 2127 qui-

152 2137 256 2190 bus
313 2136 657 2208 Octaplorum
709 2141 990 2197 columnas
1043 2159 1393 2212 enumerans,
1459 2149 1727 2215 prioribus

151 2230 289 2288 locis
317 2232 618 2289 Hebraicas
641 2235 776 2290 duas
803 2246 1068 2292 recenset.
1096 2238 1203 2291 Nec
1223 2237 1431 2293 felicior
1453 2238 1724 2306 Heinsius,

158 2339 284 2378 cum
319 2324 597 2380 columnas
637 2327 832 2381 ibidem
869 2327 1226 2397 Hexaplorum
1251 2330 1587 2394 describens,
1623 2343 1727 2386 ter-

157 2413 285 2468 tiam
314 2415 559 2469 attribuit
599 2416 953 2486 Septuaginta
1004 2417 1416 2487 lnterpretibus,
1471 2428 1723 2488 quartam
1787 2405 1790 2412 ’

151 2506 385 2574 Aquilae,
417 2507 660 2576 quintam
697 2505 1080 2576 Theodotioni,
1116 2521 1170 2564 et
1217 2521 1426 2566 sextam
1474 2514 1727 2584 Symma-

156 2598 282 2653 cho.
315 2597 501 2668 Neque
529 2599 593 2654 iis
625 2604 951 2659 excusandis
975 2603 1172 2659 sullicit
1197 2603 1398 2661 Niceta:
1425 2608 1728 2662 Acominati

156 2693 458 2746 auctoritas
496 2695 562 2755 ⁵³.
605 2695 696 2762 qui
727 2695 777 2748 in
808 2695 968 2750 simili
1007 2709 1253 2753 versatus
1280 2709 1362 2755 est
1397 2716 1603 2764 errore,
1635 2717 1729 2756 co-

158 2781 356 2834 lumnis
378 2781 652 2837 Hebraicis
682 2782 950 2850 subjectos
1007 2783 1172 2839 fuisse
1201 2787 1329 2850 τοὺς
1354 2789 1407 2839 0'
1439 2788 1525 2841 his
1558 2787 1730 2856 Aqui-

158 2871 288 2936 lam,
317 2881 426 2926 tum
447 2871 851 2942 Symmachum,
878 2875 1002 2931 inde
1027 2876 1477 2944 Tbeodotionem,
1503 2888 1557 2933 et
1575 2880 1733 2948 quin-

163 2971 271 3016 tam
316 2963 528 3016 demum
585 2965 1090 3035 interpretationem
1151 2984 1490 3024 asseverans.
1543 2970 1735 3024 Peccat

162 3068 378 3122 quoque
393 3054 657 3110 Baronius
683 3057 728 3087 ⁸ο
751 3058 911 3111 aliter
932 3058 983 3110 in
1015 3057 1274 3126 Tetraplt's
1301 3060 1590 3130 dispositas
1620 3062 1734 3116 edi-

1817 578 2149 633 dexterlibri
2185 579 2374 648 ipsius.
2408 578 2590 646 Itaque
2619 578 2708 630 alii
2730 578 2919 631 dextro
2939 577 3051 632 loco
3067 579 3225 632 situm
3245 593 3386 642 esse,

1819 668 1908 722 alii
1943 669 2164 723 sinistro
2198 670 2548 738 scripserant.
2578 667 2631 723 ld
2654 684 2775 723 cum
2804 669 3020 737 legisset
3062 667 3388 722 Philastrius

1819 758 2148 813 existimavit
2175 759 2424 828 Aquilam
2455 759 2507 814 in
2535 758 2806 828 aliquibus
2826 758 3186 826 Tetraplorum
3210 775 3392 813 excin-

1821 850 2064 920 plaribus
2092 849 2343 905 dextrum
2367 850 2603 904 tenuisse
2624 851 2824 914 locum,
2854 853 2904 904 in
2932 850 3052 904 aliis
3085 851 3391 916 sinistrum;

1820 944 1915 997 sed
1956 942 2327 997 hallucinatus
2384 952 2488 1006 est,
2528 956 2650 995 nam
2704 956 2918 1010 semper
2948 942 3212 996 columna!
3268 942 3394 996 huic

1821 1037 2107 1107 deputatus
2152 1044 2269 1098 est,
2310 1049 2430 1103 quae
2473 1033 2539 1087 ad
2580 1033 2839 1087 lectorum
2900 1033 3083 1086 laevam
3133 1035 3394 1088 collocata

1822 1137 1959 1184 erat.
1999 1128 2132 1183 Utut
2167 1137 2272 1192 est,
2309 1136 2457 1180 certe
2484 1127 2535 1179 in
2566 1126 2745 1179 medio
2776 1140 3051 1193 nunquam
3083 1127 3248 1182 fuisse
3271 1142 3399 1181 con-

1823 1229 1970 1275 stat:
2007 1218 2199 1274 fuisset
2255 1229 2454 1280 autem,
2509 1221 2553 1274 si
2589 1221 2824 1289 priorem
2886 1221 3197 1277 columnam
3231 1234 3396 1272 occu-

1823 1321 2048 1380 passent
2084 1310 2437 1381 Septuaginta
2465 1311 2821 1380 lnterpretes,
2853 1314 3047 1382 Aquila
3079 1313 3395 1368 secundam.

1825 1403 2106 1457 Relellitur
2138 1405 2301 1457 etiam
2331 1420 2396 1457 ex
2432 1405 2757 1470 supradictis
2782 1405 3082 1459 Salmasius
3103 1446 3117 1468 ,
3149 1406 3240 1474 qni
3283 1404 3399 1457 luec

1824 1496 2011 1550 scribit
2051 1496 2103 1549 in
2136 1495 2540 1550 Commentario
2561 1497 2624 1550 de
2654 1496 3044 1551 HeHenistica:
3076 1517 3094 1549 ι
3134 1497 3239 1552 Sed
3273 1511 3401 1550 nus-

1824 1603 1985 1657 quam
2029 1587 2386 1657 HierOnymus
2415 1591 2618 1659 quinta:
2641 1600 2694 1644 et
2731 1600 2895 1644 sextte
2926 1588 3393 1643 editionismemi-

1827 1681 1935 1745 nit;
1959 1691 2012 1735 et
2036 1696 2158 1735 cum
2189 1680 2428 1747 Hexapla
2457 1685 2676 1747 vocitat,
2704 1681 2951 1750 intelligit
2971 1680 3213 1749 Tetrapla
3245 1681 3398 1735 Grae-

1830 1775 2041 1837 canica,
2076 1789 2197 1828 cum
2244 1773 2412 1844 Diplis
2442 1775 2715 1829 Hebraicis
2764 1791 2883 1844 qua}.
2946 1773 3185 1840 Ilexapla
3234 1773 3401 1828 facie-

1831 1869 1982 1922 bant.
2023 1887 2042 1920 ›
2079 1867 2143 1920 Et
2175 1884 2295 1923 mox
2333 1867 2507 1922 allatis
2537 1869 2862 1938 quibusdam
2898 1867 3213 1936 Hieronymi
3246 1867 3402 1932 locis,

1829 1960 1882 2012 in
1925 1960 2124 2027 quibus
2171 1959 2374 2014 Graecas
2422 1961 2593 2016 solum
2631 1971 2864 2029 quatuor
2903 1960 3171 2014 editiones
3203 1974 3406 2013 memo-

1830 2063 2040 2114 rantur,
2087 2052 2310 2120 subjicit
2345 2071 2358 2106 :
2405 2071 2423 2104 ι
2467 2053 2698 2126 Apparet
2735 2069 2799 2107 ex
2830 2053 2914 2107 his
2957 2051 3403 2121 Origenemqua-

1833 2151 1955 2196 tuor
1983 2152 2189 2198 tantum
2221 2144 2487 2199 editiones
2519 2144 2661 2199 inter
2693 2159 2751 2199 se
2781 2159 3149 2214 comparasse,
3185 2153 3240 2197 et
3259 2159 3408 2197 com-

1835 2235 2077 2304 posuisse
2117 2234 2168 2287 in
2234 2233 2532 2303 Tetraplis,
2575 2250 2692 2304 quae
2718 2251 2839 2288 cum
2892 2235 3099 2289 duobus
3132 2233 3408 2289 Hebraicis

1836 2325 2074 2380 testibus
2138 2324 2382 2394 Hexapla
2424 2325 2511 2380 illa
2572 2325 2835 2380 Ecclesiis
2871 2325 3115 2380 dedicata
3152 2335 3408 2380 contexe-

1830 2419 1980 2473 bant.
2020 2439 2041 2474 ι
2071 2417 2231 2474 Certe
2260 2420 2310 2472 in
2342 2417 2656 2488 Hieronymi
2691 2418 2868 2471 verbis
2900 2433 2927 2470 a
2963 2432 3047 2472 me
3066 2433 3227 2487 supra
3265 2414 3402 2470 alla-

1834 2511 1900 2563 tis
1929 2525 1959 2564 e
1984 2509 2400 2564 Commentariis
2429 2511 2483 2561 in
2526 2507 2818 2576 Epistolam
2868 2508 2935 2560 ad
2967 2507 3168 2572 Titum,
3195 2506 3402 2561 mentio

1833 2597 1892 2651 lit
1923 2598 2124 2666 quinta:
2153 2606 2204 2651 et
2237 2607 2404 2651 sextae
2433 2596 2688 2650 editionis
2714 2637 2729 2659 ,
2774 2606 2828 2650 et
2866 2595 3167 2664 srepissime
3197 2595 3248 2649 in
3278 2595 3410 2666 Epi~

1833 2690 1968 2744 stola
1998 2692 2064 2743 ad
2093 2690 2318 2743 Suniam
2347 2698 2401 2742 et
2433 2688 2748 2756 Fretellam,
2783 2689 3008 2759 aliisque
3041 2688 3192 2742 locis.
3238 2687 3412 2742 Hexa-

1833 2780 1920 2850 pla
1952 2791 2130 2834 autem
2187 2781 2332 2834 dicta
2383 2790 2508 2835 sunt
2538 2797 2623 2844 ea,
2655 2796 2759 2835 non
2790 2795 2908 2849 quae
2938 2779 3186 2847 Tetrapla
3210 2779 3408 2848 ,solum

1834 2872 2164 2935 Graecanica,
2214 2886 2334 2926 cum
2366 2871 2534 2941 Diplis
2561 2864 2859 2935 Hebraicis,
2889 2874 2982 2926 sed
3010 2887 3128 2939 qua:
3167 2871 3410 2941 quintam

1836 2973 2120 3033 praeterea,
2157 2971 2213 3016 et
2239 2973 2476 3028 sextam,
2517 2978 2580 3018 ac
2629 2965 2916 3033 septimam
2950 2963 3266 3028 editionem,
3304 2978 3412 3017 non

1837 3057 2054 3126 ubique,
2082 3057 2174 3112 sed
2204 3059 2255 3111 in
2280 3057 2559 3126 aliquibus
2588 3057 2760 3111 solum
2790 3055 2944 3110 libris
2976 3055 3284 3123 adjunctam
3310 3054 3412 3108 ba-

164 3149 336 3200 tioues
366 3145 582 3201 Grzecas
610 3162 839 3202 censens
870 3164 932 3203 ac
969 3151 1019 3204 in
1057 3149 1332 3218 (templis,
1381 3162 1433 3206 et
1493 3154 1727 3220 priorem
1761 3185 1803 3242 α
1840 3148 2050 3205 herent.
2083 3148 2172 3201 Ait
2196 3149 2354 3215 paulo
2380 3159 2502 3218 post
2527 3147 2830 3202 Salmasius
2871 3165 2884 3200 :
2927 3165 2944 3199 ι
2978 3145 3084 3201 Sed
3111 3157 3164 3201 et
3199 3156 3417 3203 veteres

161 3238 216 3292 in
257 3237 360 3290 illis
387 3237 558 3292 locum
583 3241 697 3301 τοῖς
729 3236 784 3291 Ο¹
817 3239 1124 3309 assignans,
1161 3241 1212 3294 in
1250 3242 1334 3296 his
1365 3243 1604 3296 tertium.
1628 3241 1736 3297 Hos

163 3330 218 3383 in
244 3331 488 3384 fraudem
523 3330 736 3384 videtur
764 3331 998 3385 illexisse
1017 3332 1361 3401 l’ltiloponus,
1388 3336 1477 3403 qtti
1515 3335 1566 3388 in
1601 3335 1736 3390 libro

160 3423 302 3491 Περὶ
323 3423 720 3491 κοσμοποιίίις
749 3422 862 3477 loca
892 3424 1029 3477 sacri
1065 3434 1351 3479 contextus
1383 3442 1448 3479 ex
1483 3427 1566 3480 his
1604 3442 1736 3495 qua-

164 3524 287 3568 tuor
310 3517 842 3584 interpretationibus
870 3515 1121 3578 all‘erens,
1159 3517 1336 3586 priore
1371 3517 1488 3572 loco
1518 3519 1648 3582 τοὺς
1676 3519 1731 3572 0'

166 3609 436 3674 collocat;
469 3609 551 3662 his
581 3610 798 3678 subjicit
829 3609 1100 3677 Aquilam,
1128 3611 1254 3664 huic
1286 3609 1735 3677 Tbeodotionem,

166 3702 242 3755 illi
271 3703 682 3771 Symmachum.
743 3699 852 3754 Nec
887 3701 1031 3753 enim
1063 3701 1304 3770 Tetrapla
1339 3712 1730 3769 reprmsentare

163 3795 497 3864 ΡΙιὶΙομοηυε
525 3794 791 3859 instituit;
824 3797 915 3849 sed
955 3795 1006 3848 in
1054 3795 1586 3862 interpretationibus
1627 3794 1741 3848 dis-

173 3888 438 3956 ponendis
492 3888 855 3958 interpretum
907 3897 1121 3941 :etatem
1154 3887 1426 3954 respexit:
1479 3901 1600 3941 cum
1628 3886 1740 3939 cla-

165 3995 286 4034 rum
323 3979 393 4034 sit
451 3980 781 4048 czeteroquin
833 3995 901 4033 ex
965 3978 1260 4048 Epiphanio
1296 3977 1418 4031 libr.
1477 3977 1550 4030 De
1581 3979 1741 4046 pond.

167 4088 289 4141 cap.
317 4072 404 4137 l9,
435 4084 764 4142 postremam
800 4071 1108 4126 columnam
1164 4072 1472 4126 obtinuisse
1497 4070 1745 4125 Theodo-

169 4163 370 4217 tionem
389 4174 495 4216 tam
522 4163 574 4216 i-tt
605 4162 862 4231 Tetraplis
882 4178 1042 4231 quam
1063 4163 1116 4216 in
1146 4161 1427 4231 Hexaplis,
1454 4164 1743 4216 secundam

170 4255 586 4326 Symmachum,
615 4262 781 4324 atque
813 4255 911 4309 hos
948 4257 1088 4308 inter
1125 4255 1333 4308 medios
1386 4254 1744 4323 Septuaginta

172 4347 481 4403 incessisse.
514 4345 807 4416 Τετραπλᾶ
839 4345 948 4416 γάρ
971 4346 1097 4410 εἱσι,
1125 4346 1322 4413 inquit,
1337 4345 1404 4398 τὰ
1440 4343 1748 4414 Ἑλληνικὰ,

168 4441 300 4493 ὅταν
335 4441 391 4492 αἱ
423 4437 518 4491 τοῦ
562 4438 780 4503 Ἀκύλα,
818 4439 914 4490 καὶ
941 4437 1266 4509 Συμμάχου,
1304 4438 1400 4491 καὶ
1428 4438 1534 4491 τῶν
1569 4438 1748 4491 Ἑϐδο-

1851 3242 2042 3296 Patres
2063 3257 2128 3296 ex
2156 3241 2354 3311 quibus
2384 3242 2696 3311 composita:
2731 3250 2933 3294 catena:
2956 3279 2970 3303 ,
3008 3249 3066 3292 ut
3105 3247 3324 3302 vocant,
3359 3239 3417 3293 in

1838 3337 2083 3390 diversos
2136 3335 2345 3389 Veteris
2372 3333 2705 3390 Tcstamenti
2741 3334 2908 3389 libros
2956 3333 3210 3402 leguntur
3231 3372 3245 3396 ,
3278 3346 3419 3385 nun-

1849 3443 2012 3497 quam
2052 3430 2222 3483 citant
2251 3429 2547 3482 varietates
2606 3426 3023 3481 translationum
3070 3438 3101 3477 e
3148 3425 3336 3492 quinta
3365 3433 3421 3478 et

1840 3531 1991 3574 sexta
2039 3522 2300 3584 editione,
2335 3520 2430 3574 sed
2462 3535 2529 3574 ex
2579 3529 2815 3588 quatuor
2871 3517 2979 3570 illis
3017 3525 3225 3569 tantum
3283 3530 3420 3584 quas

1840 3615 2066 3669 invicem
2103 3623 2480 3682 composuerat
2531 3611 2811 3682 Origenes,
2837 3626 2902 3665 ex
2938 3611 3133 3678 quibus
3175 3608 3419 3677 Tetrapla

1840 3707 2065 3771 fecerat,
2099 3717 2293 3760 etcum
2337 3707 2550 3775 gemino
2589 3703 2855 3758 Hebraieo
2897 3700 3185 3766 Ἐξαπλᾶ.
3225 3720 3242 3754 ι
3279 3702 3422 3755 Con-

1841 3801 1958 3854 sule
1987 3801 2152 3854 Notas
2180 3799 2431 3853 Flaminii
2486 3797 2707 3862 Nobilii,
2737 3811 2898 3866 quam
2935 3810 3076 3864 saepe
3112 3795 3312 3862 quinta:
3367 3801 3422 3845 et

1842 3903 2006 3946 sextae
2040 3893 2291 3947 editionis
2327 3891 2600 3944 variantes
2629 3889 2885 3943 lectiones
2906 3887 3075 3940 citent
3100 3884 3290 3938 Patres
3319 3899 3419 3936 au-

1847 3985 2006 4053 tiqui,
2039 3984 2434 4054 deprehendes.
2487 3981 2708 4036 Falsum
2738 3993 2950 4048 quoque
2981 3992 3101 4032 esse
3154 3985 3423 4046 apparet,

1847 4079 1989 4146 quod
2018 4074 2232 4143 jactant
2280 4077 2609 4130 recentiores
2656 4075 2909 4143 quidam,
2943 4072 3231 4140 Origenem
3277 4067 3424 4123 nulla

1847 4184 2079 4238 unquam
2111 4168 2334 4236 Octapta
2364 4167 2755 4235 composuisse,
2803 4168 2894 4219 sed
2942 4164 3182 4230 Hexapla
3236 4163 3425 4215 dunta-

1847 4271 1940 4313 ttat
1969 4269 2020 4314 et
2049 4259 2319 4327 Tetrapla.
2358 4259 2580 4328 Uctapla
2626 4269 2773 4312 certe
2830 4257 3015 4310 itidem
3067 4265 3124 4308 ut
3177 4253 3418 4322 llexupla

1849 4353 2153 4420 composuit
2185 4352 2470 4421 Origenes,
2510 4350 2765 4420 quoniam
2796 4349 2936 4402 idem
2965 4363 3098 4418 opus
3127 4345 3426 4413 Hexaplum

1851 4451 1908 4496 et
1970 4441 2247 4511 Octaplum
2298 4442 2468 4497 fuisse
2519 4441 3031 4498 demonstravimus.
3104 4437 3427 4492 Conlutatur

175 4533 420 4602 μήκοντα.
444 4530 557 4595 δύο,
579 4531 672 4584 καὶ
694 4530 1045 4594 Θεοδοτίωνος
1069 4533 1352 4602 ἑρμηνεῖαι
1388 4530 1749 4601 συντεταγμέ-

1854 4534 2018 4588 etiam
2047 4549 2113 4587 ex
2164 4536 2600 4602 praecedentibus
2661 4533 2865 4588 Usserii
2923 4529 3252 4584 Armacltani
3284 4541 3424 4582 nova

171 4642 262 4678 ναι
288 4617 409 4677 ὦσι.
443 4643 460 4675 ι
499 4625 632 4678 Tum
666 4626 809 4678 enim
833 4625 1102 4678 exsistunt
1134 4621 1446 4678 Grmcanica
1473 4623 1747 4692 Tetrapla,

174 4721 394 4788 quando
444 4717 929 4786 interpretationes
967 4717 1176 4784 Aquilae
1206 4757 1220 4778 ,
1267 4716 1602 4786 Symmachi,
1648 4714 1748 4769 Se-

176 4811 456 4882 ptuaginta
491 4810 691 4864 Senum
723 4819 777 4862 et
830 4810 1219 4864 Theodotionis
1254 4809 1304 4861 in
1338 4823 1500 4861 unum
1549 4807 1749 4862 fuerint

177 4907 510 4976 compositae.
558 4925 576 4958 ι
613 4901 747 4956 Tum
787 4903 964 4966 addit,
1004 4906 1050 4960 si
1081 4904 1241 4975 Dipla
1276 4901 1536 4957 Hebraica
1582 4899 1754 4970 prteri-

179 5012 400 5071 gantur,
431 5001 654 5056 conllari
682 4999 944 5070 Hexapla.
971 5000 1075 5055 l’ro
1094 4998 1544 5067 Origenianorum
1569 4994 1751 5048 Tetra-

178 5094 386 5160 ptorum
423 5093 722 5163 spccimine
775 5093 961 5161 haberi
991 5107 1094 5146 non
1130 5105 1288 5160 posse
1318 5089 1432 5143 loca
1461 5088 1548 5142 illa
1577 5103 1606 5141 a
1635 5087 1756 5142 Phi-

181 5187 379 5256 lopono
413 5202 442 5241 e
471 5198 702 5257 quatuor
725 5187 928 5244 Graecis
961 5185 1752 5258 interpretationibusdetracta

183 5279 403 5348 probari
442 5295 659 5348 quoque
683 5290 860 5350 potest
889 5294 956 5334 ex
997 5279 1312 5344 Philastrio,
1346 5279 1437 5346 qui
1468 5277 1598 5331 hzer.
1630 5277 1753 5341 157,

179 5373 380 5426 asserit
415 5373 622 5442 Aquila:
645 5373 1030 5428 conversiones
1056 5373 1108 5426 in
1143 5371 1322 5426 medio
1347 5371 1606 5424 librorum
1631 5385 1758 5423 nun-

183 5480 350 5534 quam
385 5465 554 5520 l’utsse
581 5468 810 5536 positas,
844 5467 935 5521 sed
960 5466 1164 5520 dextra:
1193 5465 1446 5533 laevazque
1477 5462 1756 5532 assignari

184 5559 375 5613 solitas
394 5557 790 5627 fuisseAquilze
811 5557 1186 5627 interpretatio
1210 5558 1263 5612 in
1289 5555 1546 5624 Tetraplis
1571 5556 1751 5623 priore

188 5651 310 5705 loco
372 5654 704 5720 ponebatur;
739 5653 827 5722 qui
860 5652 1006 5706 locus
1036 5652 1248 5706 diverso
1285 5658 1529 5718 respectu
1556 5648 1637 5704 vel
1666 5650 1756 5703 de-

262 5772 307 5890 “;
363 5769 534 5826 Nicet.
597 5769 748 5824 Thes.
782 5769 919 5826 orth.
956 5769 1080 5838 ﬁdei
1127 5768 1218 5823 lib.
1265 5783 1336 5833 tv,
1396 5767 1585 5822 haeres.
1626 5765 1716 5822 δι.

262 5857 374 5890 ἴϐις-

190 5857 374 5896 ωειαδ.

1795 5767 1838 5796 ⁸³
1868 5765 2063 5823 Bnrou.
2119 5784 2204 5822 an.
2259 5767 2404 5834 2'51,
2445 5782 2562 5837 cap.
2601 5766 2653 5820 9.

1853 4625 2058 4695 opinio,
2100 4641 2206 4679 non
2236 4642 2424 4694 puram
2459 4627 2634 4681 solum
2674 4639 2728 4681 et
2770 4626 3112 4681 emendatam
3156 4623 3425 4688 interpre-

1857 4718 2116 4772 tationem
2177 4717 2290 4770 τῶν
2319 4721 2398 4785 0',
2457 4721 2550 4773 sed
2584 4719 2770 4788 κοινὴν
2803 4732 3016 4786 quoque
3067 4715 3118 4767 in
3173 4710 3426 4780 Hexaplt's

1855 4813 2094 4867 habitam
2160 4812 2329 4867 fuisse
2381 4816 2676 4868 asserentis
2715 4853 2730 4878 ,
2794 4812 2934 4882 quod
2992 4808 3319 4863 Bellarmino
3344 4804 3424 4869 5.“

1855 4921 2068 4975 quoque
2128 4907 2340 4962 videtur
2413 4907 2578 4962 fuisse
2650 4920 2988 4975 persuasum.
3061 4897 3428 4969 Deprehendi-

1862 5008 1950 5052 tur
2001 5014 2218 5068 quoque
2265 4999 2542 5068 multiplex
2597 4994 3132 5067 Magdeburgensium
3199 4990 3428 5045 halluci-

1861 5092 2005 5144 natio
2043 5092 2094 5143 in
2131 5092 2214 5146 his
2251 5092 2485 5161 ipsorum
2550 5093 2726 5145 verbis
2775 5109 2789 5144 :
2835 5109 2852 5139 ‹
2895 5087 3134 5141 Primum
3195 5082 3430 5138 versiotti

1865 5184 2246 5256 Septuaginta,
2277 5201 2396 5254 qua:
2430 5197 2540 5239 tum
2581 5184 2747 5238 fuisse
2771 5181 2983 5235 videtur
3013 5177 3379 5247 vulgatissima
3411 5213 3433 5239 ,

1861 5277 2113 5344 adiunxit
2145 5277 2351 5345 Aquilae
2376 5277 2605 5341 Pontici,
2657 5275 3043 5331 Theodotionis
3073 5281 3127 5326 et
3179 5270 3432 5339 Symma-

1866 5371 1954 5424 chi
1990 5370 2254 5425 editiones
2287 5380 2530 5437 repertas
2555 5385 2582 5421 a
2610 5384 2688 5433 se,
2733 5369 2902 5423 multo
2932 5378 3174 5435 tempore
3202 5363 3432 5415 abscon-

1873 5463 2061 5524 ditas:
2100 5463 2258 5517 aliam
2293 5463 2508 5533 quidem
2555 5461 2795 5531 Nicopoli
2847 5461 2896 5514 in
2941 5458 3160 5512 Actiaco
3201 5454 3429 5516 littore;

1872 5553 2033 5608 aliam
2085 5555 2206 5609 aliis
2239 5557 2293 5609 in
2337 5555 2488 5620 locis,
2546 5556 2686 5609 sicut
2736 5555 2850 5621 ipse
2890 5549 3119 5606 scribit:
3176 5543 3440 5600 indicavit.

1866 5645 2138 5702 Eusebius
2169 5648 2310 5703 libro
2339 5664 2411 5712 vt,
2444 5664 2562 5717 cap.
2591 5648 2675 5702 l7.
2718 5646 2810 5699 llis
2855 5651 3037 5714 postea
3068 5635 3439 5709 superaddidit

2755 5765 2796 5796 °‘
2828 5761 3077 5816 BcHarI-n.
3143 5757 3212 5811 De
3252 5754 3448 5822 ωὶριλ
