1919 3111
246 169 316 197 1245

880 171 911 200 Ρ.
930 171 1089 200 DANlELlS
1108 172 1225 201 HUETll

1818 175 1863 202 ΞΗ

244 228 380 263 quintam,
407 233 511 256 sextam
526 232 552 256 ot
568 228 723 263 septimam.
740 237 809 264 quas
830 230 957 258 dixerunt
972 231 1030 259 edi-
1046 233 1069 261 Α
1083 230 1170 265 Epist.
1187 232 1221 258 ad
1242 231 1310 259 Sun.
1328 237 1356 259 ct
1368 232 1494 264 Fretcll.,
1507 241 1517 258 ι
1534 237 1560 260 et
1581 233 1607 259 in
1622 232 1778 260 Griecon
1793 232 1864 260 Lati-

245 274 332 302 tiones
349 283 356 301 :
372 281 487 309 quarum
502 282 583 302 unam
606 276 743 302 inventam
768 283 828 304 esse
847 277 977 304 indicavit
1003 278 1029 304 in

243 318 364 352 Jericho.
380 321 406 347 in
433 320 516 354 dolio,
536 326 658 355 tempore
687 321 816 351 Antonini
839 323 997 351 Caracallte.
1017 333 1027 349 ι

243 365 310 393 Nam
330 371 358 393 ttt
373 366 406 394 de
420 365 576 402 Symmachi
589 366 816 401 interpretatione
830 369 937 401 sileam,
949 370 1031 403 Aqui-

242 411 274 438 lae
287 416 313 439 et
324 411 517 439 Theodotionis
533 412 667 439 editiones
689 413 723 440 ab
744 413 861 449 Origene
887 414 971 443 fuisse
987 423 1030 442 re-

242 461 332 490 pertas
346 456 455 490 probari
469 456 580 484 tuinime
592 461 683 491 potest
696 464 704 489 ;
720 465 769 485 nec
782 458 865 485 ullam
881 466 914 486 ex
933 458 966 485 iis
981 458 1030 485 tri-

242 502 292 529 bus
303 501 424 536 Nicopoli
453 503 590 530 inventaut
607 503 691 531 fuisse
711 511 804 531 verum
820 509 872 537 est,
892 505 938 532 sed
967 512 1030 533 sex-

244 552 309 575 tam.
323 548 442 576 Omnino
457 557 523 576 vero
535 550 691 585 turpissime
704 551 806 577 erravit
820 551 914 578 Sixtus
926 551 1029 579 Senen-

217 623 221 626 ν
245 593 337 621 sislib.
352 602 378 621 tv
394 600 419 623 et
431 595 624 630 vutBibliat/r.,
637 597 682 630 qui
693 596 815 629 Telrupla
825 604 885 624 cum
900 596 1027 631 ﬂezaptis

242 639 383 667 confundit
399 646 426 668 et
452 641 621 676 permiscuit,
637 642 758 677 Hexapla
775 650 840 670 vero
860 642 893 669 ab
908 642 1027 675 Octaplis

241 686 382 718 discrevit,
393 687 516 722 idemque
526 693 554 715 ut
562 688 665 715 faceret
678 689 736 715 viro
745 688 851 716 cuidam
861 695 957 722 magno
966 696 1027 722 per-

241 733 350 766 suasit;
367 734 467 769 quique
490 734 635 769 septimam
658 734 804 761 editionem
825 741 875 761 nec
892 734 917 761 in
935 734 1025 762 Hem-

238 779 301 814 plis,
316 787 365 807 nec
384 780 409 807 in
437 780 557 814 Octaplis
587 788 704 815 unquam
732 779 817 808 fuisse
836 780 1001 808 asseveravit
1017 790 1025 814 ;

241 826 409 853 contrarium
426 826 540 854 disertis
553 827 646 855 verbis
658 826 814 855 afﬁrtnante
834 827 951 855 Eusebio
977 827 1024 855 lib.

238 878 264 898 ut
279 871 361 905 Hist.,
379 880 440 906 cap.
456 872 499 900 16.

274 917 328 945 Vll.
362 918 443 945 Aliud
474 924 603 953 prtem-ea
642 919 787 954 diligentiae
811 918 935 954 Origenis
967 926 1025 946 mo-

236 970 396 991 numentum
429 963 551 999 Hexapla
586 964 776 999 prteferebant.
801 965 950 992 Notaverat
979 964 1024 992 ille

237 1010 325 1038 Senes
342 1010 519 1046 Septuaginta
537 1018 617 1039 voces
641 1011 764 1046 aliquas,
778 1019 838 1046 quae
852 1012 879 1038 itt
910 1011 1024 1039 Hebraeo

235 1056 415 1089 haberentur,
428 1057 630 1092 interpretando
645 1057 808 1093 neglexisse,
822 1058 962 1085 nonnullas
975 1065 1024 1084 au-

234 1107 290 1130 tem
310 1103 343 1130 de
359 1111 408 1130 suo
422 1104 580 1136 inseruisse.
608 1104 737 1139 variaque
759 1104 879 1139 ipsorum
902 1103 1022 1131 circum-

234 1149 306 1176 l'erri
325 1149 489 1184 exemplaria
504 1149 574 1177 inter
588 1157 618 1177 se
629 1150 750 1182 diversa,
774 1154 803 1177 et
827 1150 886 1177 sive
896 1157 929 1177 ex
946 1150 1022 1184 supi-

235 1196 321 1222 nitate
349 1195 539 1228 librariorum.
569 1197 626 1224 sive
641 1204 674 1224 ex
693 1196 849 1224 criticorum
868 1197 1021 1224 temeritate

235 1242 354 1270 vitiata:
382 1242 445 1270 hinc
470 1243 615 1270 calumniae
644 1251 736 1270 ansam
764 1244 886 1277 arripere
898 1242 1019 1276 Iudaeos,

234 1286 365 1321 eiusmodi
379 1287 629 1321 interpretationem
643 1287 669 1314 in
687 1287 905 1315 Christianorum
930 1287 1020 1315 cccle-

233 1332 283 1360 siis
296 1332 403 1367 praslegi
420 1332 508 1360 solere
521 1338 675 1366 causantes,
688 1340 748 1368 qua:
759 1333 899 1361 Hebraicae
913 1333 1020 1361 veritati

236 1380 264 1406 in
279 1379 404 1406 omnibus
415 1387 468 1406 non
483 1379 662 1407 consentiret.
675 1380 861 1407 Consulantur
876 1380 962 1415 ipsius
979 1385 1019 1408 to-

231 1433 292 1453 mus
304 1425 332 1452 in
349 1425 504 1452 Matt/tantm
519 1425 643 1453 decimus
659 1426 782 1460 quintus,
798 1430 826 1453 et
846 1426 967 1461 Epistola
984 1427 1019 1454 ad

232 1471 398 1505 Africanum,
415 1471 460 1498 tibi
475 1472 507 1498 de
517 1471 711 1507 exemplarium
718 1472 774 1499 τῶν
792 1471 819 1499 0'
833 1472 1017 1507 corruptione.

231 1522 260 1545 et
273 1517 427 1545 .Iudceorum
446 1517 590 1545 calumniis
603 1518 721 1546 disserit.
736 1517 783 1546 His
798 1519 978 1547 Incommodis
989 1523 1019 1546 ut

231 1568 408 1597 occurreret,
437 1564 691 1599 interpretationem
715 1564 891 1601 Septuaginta
916 1564 1016 1593 Senum

229 1608 387 1635 emendavit
403 1616 436 1635 ex
450 1609 614 1643 optimorum
631 1609 826 1644 exemplarium
843 1610 895 1637 ﬁde
907 1631 915 1644 ,
935 1615 1018 1645 atque

229 1653 289 1687 ejus
301 1654 449 1688 praesertim
466 1654 538 1689 quod
563 1655 589 1681 in
605 1654 725 1689 Serapeo
736 1655 898 1682 servabatur
908 1675 916 1688 ,
931 1656 1017 1690 quod-

230 1706 283 1734 que
295 1699 380 1733 ipsum
400 1698 454 1726 τῶν
472 1699 498 1726 Ο¹
516 1700 689 1735 αὐτόγραφον
710 1700 793 1727 fuisse
810 1700 948 1728 affirmant
967 1709 1016 1728 ve-

231 1751 304 1774 teres
322 1747 456 1774 nonnulli.
473 1747 626 1774 Asteriscos
642 1752 786 1782 praeterea,
803 1748 847 1775 ubi
861 1748 926 1782 quid
938 1749 1015 1776 dees-

230 1797 282 1824 set,
295 1800 356 1820 cum
373 1793 563 1828 praetermissis
588 1794 700 1820 vocibus
713 1793 846 1826 inseruit;
864 1801 924 1828 qua:
951 1801 1017 1821 vero

230 1839 268 1867 illi
283 1845 381 1874 praeter
396 1839 590 1867 llebraicorum
605 1838 685 1866 ﬁdem
705 1839 869 1874 adjecissent
883 1860 890 1872 ,
907 1839 1017 1874 praeﬁxo

229 1886 308 1914 obelo
319 1886 454 1922 signavit;
473 1895 483 1913 ‹
505 1885 570 1919 Quae
590 1886 678 1922 signa,
695 1895 705 1913 ι
722 1886 812 1921 inquit
837 1886 1017 1922 Hieronymus

265 1964 321 2002 \98)
340 1965 392 2002 Sed
407 1964 656 2002 mihimerjaimilior
668 1965 772 2002 videtur
784 1963 865 2002 Monii
877 1965 1015 2002 sententia.

230 2000 288 2028 Non
306 2002 341 2028 ita
357 2001 461 2027 videtur
474 2000 504 2027 ι).
524 2000 662 2028 Bernardo
678 2000 711 2027 de
729 2000 909 2031 Montfaucon,
930 2001 974 2034 qui
990 2000 1015 2027 in

230 2036 460 2063 Praeliminaribus
474 2036 500 2062 in
514 2035 635 2069 Hexapla
646 2034 771 2069 Origenis
786 2043 845 2069 cap.
856 2035 884 2067 4,
900 2043 973 2062 num.
987 2035 1015 2066 4,

229 2072 270 2098 sic
285 2079 360 2097 sttatn
377 2071 538 2098 sententiain
559 2070 646 2104 aperit
660 2079 666 2097 :
687 2079 696 2096 ι
727 2070 869 2103 Existimo,
884 2070 1014 2103 quemad-

230 2105 338 2133 modum
355 2106 501 2133 asteriscns
522 2106 556 2133 ad
575 2106 686 2137 omissa.
715 2113 775 2139 qua:
799 2106 988 2133 inserebantur
1003 2125 1011 2137 ,

230 2142 392 2172 adnotanda,
406 2147 433 2168 et
447 2142 539 2168 obelus
553 2142 586 2167 ad
604 2148 644 2169 ea.
667 2148 728 2175 quae
758 2141 954 2171 redundabant,
967 2141 1011 2172 iu-

229 2177 355 2211 gulanda,
369 2181 396 2203 ut
416 2177 454 2203 ait
471 2177 660 2211 Hieronymus.
675 2175 789 2210 appositi
812 2181 894 2206 sunt;
908 2175 945 2211 ita
959 2175 1011 2202 Le-

230 2209 361 2239 inniscutn
385 2212 532 2239 adhibitum
557 2209 651 2246 fuisse.
667 2209 718 2238 ubi
735 2211 910 2246 Septuaginta
925 2209 1014 2246 luter-

229 2252 319 2282 pretes
331 2247 470 2274 lectionem
489 2246 598 2281 quidem
612 2245 773 2282 Hebraicam
799 2245 988 2280 exprimebant
1003 2265 1011 2277 ,

1084 283 1236 310 nurumque
1252 277 1423 310 poematibus
1446 276 1632 308 inveniuntur,
1652 287 1663 302 ι
1682 276 1756 304 unde
1780 281 1808 303 et
1835 277 1864 304 ab

1081 320 1198 356 Origene
1214 321 1346 348 translata
1363 326 1437 350 sunt.
1453 321 1518 354 Quae
1542 321 1577 348 de
1603 321 1735 349 lemnisoo
1758 321 1865 356 subiicit

1080 366 1247 402 Epiphanius
1259 368 1306 395 lib.
1322 368 1361 395 De
1376 368 1487 402 ponder.
1499 374 1523 395 et
1539 376 1620 395 mens.
1631 388 1639 401 ,
1652 375 1713 401 cap.
1728 368 1775 400 ΓΙ,
1793 368 1865 394 valde

1083 419 1212 448 corrupta
1230 420 1258 442 et
1272 414 1383 442 confusa
1394 418 1458 441 sunt
1471 422 1478 447 ;
1492 414 1563 441 unde
1577 414 1621 440 vix
1633 414 1701 440 certi
1719 413 1863 448 quidquam
1909 427 1910 432 η

1079 460 1168 494 possis
1176 460 1335 487 extundere.
1346 459 1373 486 ld
1391 460 1442 486 sibi
1458 464 1547 486 tamen
1558 459 1665 486 videtur
1674 459 1754 491 velle,
1770 458 1861 485 lemni-

1079 512 1141 532 scos
1161 506 1320 540 ascripsisse
1341 505 1494 540 Origenetn,
1507 505 1719 539 quotiescunque
1734 505 1790 531 duo
1809 504 1862 539 pln-

1080 559 1143 578 ravc
1164 552 1236 585 paria
1260 553 1433 585 interpretum
1459 552 1519 585 (hos
1547 552 1618 578 enim
1645 551 1670 577 in
1689 551 1801 585 triginta
1816 558 1859 577 sex

1079 598 1153 630 paria
1170 597 1252 623 fuisse
1276 597 1418 628 disrretos,
1436 601 1462 623 et
1477 597 1502 623 in
1518 597 1641 622 otnttibus
1667 596 1722 622 fere
1746 604 1860 622 consen-

1078 642 1147 668 sisse
1167 646 1298 670 autumat.
1315 650 1375 667 cum
1394 641 1560 675 Srripturam
1576 649 1679 667 sacram
1705 641 1731 667 in
1746 640 1861 675 (Egypto

1079 687 1337 722 interpretarentur)
1354 696 1446 714 vocem
1475 687 1592 721 aliquant
1619 692 1810 721 usurpassent,
1833 687 1863 712 ab

1080 741 1110 759 ea
1125 734 1260 759 diversam
1277 734 1406 766 (ejusdem
1421 733 1482 759 licet
1497 732 1717 767 signiﬁcationis)
1746 739 1801 765 qua
1827 732 1863 758 usi

1081 778 1195 805 fuissent
1212 778 1308 812 reliqui
1344 779 1506 812 interpretes
1527 778 1606 812 (quod
1630 778 1719 812 ipsum
1746 778 1804 805 fere
1822 778 1863 804 ba-

1077 824 1142 852 bcnt
1155 825 1303 859 Hesychius
1315 825 1340 851 in
1353 825 1483 858 psalmum
1501 833 1551 856 λιι,
1567 825 1595 856 ll»,
1609 830 1635 850 et
1657 824 1778 851 Isidorus
1800 823 1859 851 Ori-

1077 871 1130 905 gin.
1148 870 1194 896 lib.
1211 878 1228 901 ι,
1245 878 1303 903 cap.
1319 870 1381 904 20);
1395 870 1610 905 bypolemniscos
1623 878 1686 897 vero
1701 870 1861 900 adnotasse.

1075 918 1096 943 si
1113 916 1220 950 quando
1235 924 1327 942 vocem
1343 916 1494 950 bujusmodi
1513 924 1560 949 par
1583 917 1692 942 unicum
1721 916 1864 943 adhibuis-

1076 968 1126 989 set.
1142 963 1245 995 Quibus
1272 963 1445 997 signiﬁcatur
1470 962 1612 997 Origenem
1631 962 1664 989 3G
1683 963 1864 997 interpretum

1075 1007 1242 1041 exemplaria
1263 1007 1342 1034 simul
1358 1007 1517 1034 contulisse.
1540 1007 1580 1034 Ab
1596 1007 1749 1042 Epiphanio
1765 1009 1865 1035 dissen-

1076 1054 1106 1080 tit
1120 1054 1240 1080 Andreas
1256 1053 1354 1079 Masius
1370 1053 1478 1080 Praefat.
1495 1053 1520 1080 in
1535 1053 1623 1080 (ἶνες.
1641 1054 1706 1080 edit.
1721 1053 1819 1084 Josuc.
1841 1059 1865 1080 et

1074 1099 1166 1125 adnot.
1193 1100 1259 1130 suis,
1279 1104 1306 1125 et
1323 1100 1398 1133 paria
1412 1099 1456 1125 illa
1476 1100 1664 1133 interpretum,
1681 1100 1757 1127 velut
1781 1100 1865 1127 aniles

1073 1146 1178 1172 fabulas
1195 1146 1306 1179 respuit,
1320 1152 1430 1180 tumque
1447 1147 1583 1180 oppositos
1606 1152 1682 1180 putat
1699 1147 1863 1175 lemniscum

1072 1197 1099 1218 et
1112 1192 1355 1227 hypolemniscum,
1368 1199 1429 1218 ettttt
1440 1192 1527 1219 varias
1541 1192 1645 1227 aliquas
1660 1193 1797 1221 lectiones
1809 1194 1864 1228 plu-

1072 1245 1116 1264 res
1132 1239 1306 1272 paucioresve
1319 1239 1425 1266 codices
1441 1244 1604 1266 assererem.
1623 1240 1713 1266 Alium
1731 1246 1860 1267 notarum

1073 1284 1179 1311 illarum
1199 1292 1276 1311 ttsutn
1293 1284 1524 1318 profertJoannes
1538 1285 1678 1312 Curterius
1696 1285 1812 1313 Praefat.
1832 1288 1862 1312 ad

1072 1330 1187 1364 Procop.
1205 1330 1358 1357 Comment.
1370 1331 1396 1357 in
1412 1330 1526 1363 Isaiam,
1541 1339 1590 1358 nec
1610 1331 1685 1358 aliud
1702 1332 1861 1366 signiﬁcare

1072 1377 1234 1405 letnniscum
1252 1383 1329 1413 putat
1346 1387 1426 1413 quant
1448 1380 1537 1407 verbis
1553 1380 1711 1407 consentire
1726 1381 1863 1414 interpre-

1072 1429 1111 1451 tes
1129 1425 1244 1459 aliqnos,
1256 1426 1408 1459 discrepare
1425 1433 1506 1452 sensu
1518 1435 1524 1456 ;
1536 1426 1773 1461 bypolemniscum
1788 1434 1863 1457 vero,

1070 1478 1149 1505 quain
1165 1477 1244 1497 sensu
1264 1478 1309 1497 eos
1326 1476 1353 1498 et
1375 1471 1465 1498 verbis
1481 1471 1630 1498 dissonare.
1651 1471 1710 1506 (98)
1725 1472 1783 1499 Sed
1800 1472 1863 1500 tnlhi

1071 1516 1242 1543 verisitnilior
1255 1517 1360 1544 videtur
1385 1517 1461 1544 Masii
1486 1518 1629 1545 sententia.
1657 1519 1862 1547 Asteriscorum

1070 1563 1195 1594 illortttn,
1208 1563 1359 1595 obelorum,
1374 1563 1565 1590 lemniscorum
1587 1568 1614 1591 et
1638 1564 1862 1599 ltypolemnisco-

1033 1601 1054 1629 ε
1074 1617 1131 1636 rum
1150 1610 1250 1636 fortnas
1267 1615 1341 1636 notat
1358 1610 1535 1644 Epiphanius,
1551 1615 1578 1636 et
1600 1610 1743 1636 nominum
1758 1611 1862 1646 signiﬁ-

1071 1656 1209 1688 cationes;
1228 1656 1281 1690 (99)
1296 1656 1463 1690 multumque
1483 1655 1598 1688 fallitur,
1613 1664 1672 1683 cum
1689 1657 1862 1689 vocabulum.

1072 1703 1219 1737 λημνίσκος
1232 1703 1335 1729 derivat
1351 1710 1364 1729 a
1382 1702 1475 1729 Graeco
1494 1702 1648 1737 λιμνάζειν·
1663 1710 1727 1729 nam
1743 1703 1862 1739 Syracu—

1072 1750 1139 1775 siam
1152 1757 1212 1775 esse
1229 1757 1322 1776 vocem
1336 1753 1451 1775 constat.
1467 1749 1580 1783 Reliqua
1606 1749 1665 1775 fuse
1688 1751 1863 1784 persequitur

1072 1795 1241 1829 Epiphanius
1256 1795 1282 1821 in
1296 1795 1389 1821 eodem
1403 1794 1471 1821 libro
1486 1803 1492 1821 :
1510 1803 1559 1822 nec
1571 1795 1649 1822 docet
1663 1800 1760 1823 tamen
1774 1801 1863 1822 utrum

1071 1849 1130 1875 quae
1148 1841 1274 1875 "catapli:
1294 1842 1395 1869 intexta
1411 1846 1450 1868 est
1463 1842 1649 1876 interpretatio
1673 1842 1729 1868 τῶν
1753 1843 1784 1868 0'
1796 1842 1864 1876 ejus-

1071 1888 1142 1915 modi
1157 1888 1230 1915 notis
1243 1887 1325 1915 fuerit
1339 1888 1452 1922 insignis
1468 1898 1474 1915 :
1504 1888 1551 1915 sed
1568 1888 1593 1915 id
1619 1889 1800 1923 perspicuum
1824 1894 1864 1916 est

1070 1964 1242 1992 Montfaucon
1260 1964 1358 1992 ibidem
1370 1972 1423 2000 quo
1440 1972 1532 1999 supra,
1548 1964 1611 1998 quid
1624 1964 1728 1991 sentiat
1746 1966 1792 1992 vir
1801 1973 1865 1993 eru-

1070 2000 1221 2028 ditissitnus
1234 1999 1264 2026 B.
1284 2000 1388 2027 Moneta
1410 2001 1516 2034 paucis.
1539 2005 1567 2027 ut
1582 2001 1614 2026 ab
1632 2008 1664 2027 eo
1681 2001 1793 2035 accepi.
1818 2008 1864 2028 ex-

1073 2042 1206 2069 promam.
1221 2036 1367 2071 Athetiaztts
1384 2042 1442 2070 pag.
1452 2035 1512 2071 7200
1538 2034 1663 2071 editionis
1693 2035 1863 2071 Lugdunen-

1069 2071 1108 2098 sis
1129 2071 1157 2107 in_
1175 2070 1280 2107 prolixo
1292 2070 1435 2107 Gallixeni
1451 2070 1546 2107 Rhodii
1563 2070 1633 2102 loco,
1665 2078 1765 2107 vocent
1783 2070 1865 2107 λημί-

1068 2114 1144 2137 σκοις
1150 2104 1239 2136 habet,
1249 2113 1308 2140 qum
1319 2105 1345 2132 in
1353 2105 1473 2140 margine
1482 2105 1521 2132 sic
1532 2108 1701 2136 emendatur.
1714 2104 1863 2138 λινίσκᾶις.

1066 2146 1149 2174 atque
1165 2141 1201 2167 ita
1232 2140 1297 2174 legit
1326 2140 1482 2167 Eustathius
1509 2140 1535 2167 in
1565 2148 1673 2167 versum
1688 2140 1744 2168 570
1763 2143 1863 2169 decimi

1066 2176 1155 2203 octavi
1174 2175 1233 2202 libri
1249 2175 1363 2208 Iliados,
1375 2175 1419 2203 ubi
1440 2176 1511 2202 ltttuc
1524 2176 1610 2210 ipsum
1623 2176 1656 2203 ab
1669 2176 1810 2204 Athenaeo
1827 2178 1865 2204 al-

1067 2211 1150 2238 latum
1176 2210 1265 2238 locum
1293 2211 1388 2238 refert.
1412 2210 1520 2238 lsaacns
1537 2218 1601 2238 vero
1622 2211 1811 2240 Casaultonus
1835 2213 1861 2239 in

1066 2245 1142 2273 Notis
1166 2250 1212 2273 aut
1227 2245 1400 2281 λεμνίσχοις,
1416 2250 1464 2273 aut
1484 2245 1615 2277 λινὶσχοις
1632 2246 1781 2280 legendum
1802 2255 1863 2274 esse

229 2280 276 2309 sed
294 2289 344 2309 non
361 2282 398 2308 ita
417 2286 543 2309 accurate
576 2286 656 2315 atque
686 2280 811 2308 distincte
826 2289 833 2308 :
851 2289 910 2315 quae
931 2288 1011 2308 causa
1031 2286 1053 2314 Ῑ)
1069 2281 1143 2313 tlicit,
1157 2281 1203 2308 sed
1217 2280 1340 2308 neutram
1353 2281 1431 2308 alteri
1444 2281 1586 2308 lectionem
1603 2281 1735 2316 praeferre
1763 2283 1859 2310 audet.

229 2323 289 2345 erat
304 2322 333 2344 ut
345 2317 389 2344 illa
406 2317 431 2344 in
448 2321 521 2343 textu
538 2316 641 2348 relicta,
659 2316 742 2343 altera
760 2324 819 2351 quae
836 2316 930 2343 ntellor
942 2316 1015 2343 vide-

229 2352 321 2384 batur,
338 2360 372 2379 ex
388 2352 449 2379 aliis
461 2352 656 2386 interpretibus
673 2352 847 2387 petitatltuic
869 2351 1016 2387 subjunge-

230 2392 314 2414 retttr.
334 2387 426 2421 Neque
438 2387 510 2414 enim
527 2387 673 2421 putandum
696 2391 749 2418 est,
767 2386 911 2421 Origenem
928 2387 1014 2413 virum

228 2422 373 2449 admodum
393 2428 560 2455 accuratum,
575 2422 621 2456 qui
649 2427 703 2448 tam
728 2422 869 2456 diligenter
881 2422 922 2449 vel
937 2421 1016 2448 levis-

228 2458 294 2492 sima
306 2465 366 2491 quae
379 2457 547 2484 addebantur
557 2457 699 2488 asterisco.
708 2462 736 2484 et
746 2465 804 2491 quae
813 2457 943 2484 demenda
957 2461 1016 2483 erat

227 2492 564 2529 obeloAttotabatauullam‘
577 2493 737 2529 apposuisse
751 2498 842 2529 notam
861 2492 895 2519 iis
907 2492 933 2519 in
950 2492 1016 2519 locis

227 2535 294 2554 sane
310 2527 508 2561 frequentibus,
521 2527 565 2554 tibi
581 2528 676 2555 relicta
692 2528 775 2562 priori
792 2528 906 2555 lectione
919 2535 1015 2554 novatn

228 2568 317 2590 tamen
333 2563 448 2589 addebat
467 2569 499 2589 ex
514 2562 604 2596 aliquo
619 2564 796 2597 interpretum
814 2563 1012 2597 desumptam.»

229 2598 328 2625 Deinde
341 2617 349 2627 .
381 2597 462 2624 allato
486 2599 601 2631 quodam
618 2599 742 2632 exemplo
769 2599 838 2625 unde
853 2598 1014 2625 sententiam

228 2641 304 2660 suam
322 2633 475 2665 conﬁrmat,
486 2634 524 2660 sic
540 2634 713 2668 prosequitur
723 2634 846 2661 eruditus
856 2634 897 2660 vir
911 2642 917 2659 :
936 2633 1016 2660 ιρι-θ·-

228 2669 321 2695 derem
335 2668 568 2704 Itypoletnniscutn
592 2673 654 2695 tunc
675 2669 827 2703 appositum
844 2668 935 2698 fuisse,
954 2675 1015 2704 cum

227 2704 308 2731 lectio
335 2704 379 2730 illa
409 2709 500 2730 notata
513 2724 521 2735 ,
541 2704 719 2738 Septuaginta
739 2704 916 2737 lnterprettttn
929 2703 1014 2730 solum

227 2744 298 2770 erat,
316 2740 385 2773 quod
403 2747 455 2766 ttno
479 2740 573 2766 subtus
591 2740 688 2765 lineam
700 2739 787 2773 posito
804 2743 903 2773 puncto
915 2738 1017 2765 indica-

227 2775 308 2801 batur
336 2783 342 2801 :
371 2774 529 2802 lemniscum
564 2781 629 2800 vero
664 2781 725 2801 cuin
754 2774 860 2801 duobus
890 2774 1015 2808 punctis.

228 2809 339 2844 quando
353 2817 407 2836 non
423 2809 599 2843 Septuaginta
617 2808 799 2844 lntcrpretum
825 2814 940 2842 tantum,
968 2809 1017 2836 sed

227 2845 310 2871 etiam
323 2844 516 2871 Theodotionis
535 2850 603 2871 erat.
616 2854 625 2870 ι

265 2879 322 2913 (99)
339 2878 503 2914 Multumque
517 2879 639 2914 fallitur,
655 2887 713 2906 cum
739 2879 891 2907 uocabulum
918 2878 1015 2914 λημνί-

229 2922 304 2947 σκος,
320 2919 373 2942 etc.
392 2924 401 2941 ι
422 2915 459 2942 Dc
474 2914 552 2950 hujus
565 2915 682 2943 nominis
694 2920 797 2950 etytno,
822 2915 907 2950 inquit
931 2915 962 2942 D.
983 2916 1016 2943 de

1067 2316 1176 2343 Gertum
1190 2321 1237 2352 est,
1248 2322 1349 2352 autem,
1369 2324 1462 2352 vocem
1479 2315 1639 2352 λημνίσκός,
1658 2324 1720 2352 quae
1731 2319 1863 2351 primitus

1067 2357 1208 2385 angustam
1226 2351 1339 2378 fasciam
1361 2351 1543 2386 signiﬁcabat,
1553 2359 1586 2378 ex
1597 2351 1765 2387 νοιξιςλῆνος,
1786 2353 1861 2385 (aea,

1067 2386 1217 2422 derivatum
1228 2394 1301 2420 esse,
1318 2387 1380 2421 quia
1402 2387 1435 2414 ab
1449 2387 1506 2422 ipsa
1521 2387 1624 2421 origine
1651 2386 1749 2414 fascia:
1766 2389 1863 2422 hujus-

1067 2421 1138 2458 ntodi
1153 2422 1238 2449 laneas
1254 2427 1342 2458 erant.
1362 2422 1430 2458 llinc
1443 2421 1507 2458 vero
1526 2422 1691 2458 Syracusani
1721 2421 1863 2455 singulari

1067 2456 1239 2488 formatione.
1256 2457 1315 2484 loco
1328 2457 1375 2483 τοῦ
1388 2457 1517 2493 ληνίσκος
1534 2456 1636 2484 inserto
1656 2466 1686 2492 μ.
1703 2458 1863 2493 λημνίσχκ

1066 2492 1189 2529 fecerunt
1205 2500 1213 2518 :
1230 2499 1291 2527 quae
1306 2499 1387 2529 causa
1407 2492 1459 2529 fuit
1483 2498 1511 2529 ut
1527 2493 1586 2529 hac
1601 2500 1651 2520 vox
1670 2501 1718 2527 pro
1738 2492 1863 2529 Syracu-

1067 2534 1132 2563 sana
1148 2527 1303 2555 haberetur.
1317 2527 1479 2563 Hesychius,
1494 2528 1661 2563 λημνίσκους
1683 2528 1737 2560 τὰς
1760 2527 1861 2559 Enni;

1067 2562 1245 2598 Συρακούσιοι
1259 2562 1378 2594 ταινίαςζ
1394 2562 1566 2598 ευιιίιιιειιίςθ
1578 2563 1699 2597 λέγουσι.
1721 2564 1796 2592 Hinc
1829 2566 1861 2590 ad

1067 2597 1119 2624 alia
1137 2598 1311 2632 signiﬁcanda
1328 2603 1456 2633 usurpata
1474 2605 1525 2625 vox
1538 2597 1612 2631 fuit;
1631 2607 1731 2634 nempe
1750 2608 1801 2634 pro
1818 2600 1859 2626 fa-

1067 2633 1141 2665 sciis,
1158 2634 1255 2667 quibus
1272 2641 1381 2661 corona:
1394 2633 1757 2669 circutnplicabantur;’pro
1774 2636 1861 2662 linea-

1067 2674 1158 2695 tueuto
1173 2669 1318 2706 convoluto
1329 2668 1485 2706 vulneribus
1501 2670 1665 2706 inserendo;
1691 2668 1861 2706 detnumqtte

1067 2710 1116 2737 pro
1129 2708 1189 2730 uota
1202 2703 1343 2737 librorum,
1360 2705 1393 2731 de
1408 2712 1461 2738 qua
1476 2704 1611 2731 Isidorus:
1629 2704 1788 2732 Lintniscu
1800 2726 1807 2737 ,
1818 2703 1826 2706 ⁷
1836 2706 1860 2731 id

1066 2744 1114 2770 est,
1128 2739 1229 2773 virgula
1240 2739 1310 2765 inter
1319 2739 1439 2774 geminos
1456 2746 1565 2773 puncto:
1575 2739 1669 2774 jacens
1683 2761 1689 2772 ,
1711 2742 1861 2774 apponitur

1067 2774 1094 2800 in
1108 2774 1141 2800 iis
1156 2774 1231 2806 locis,
1247 2782 1305 2808 qui:
1315 2782 1400 2801 sacra:
1425 2773 1581 2807 Scriptura!
1593 2773 1751 2808 interpretes
1771 2776 1859 2802 eodem

1066 2817 1153 2839 sensu.
1171 2809 1215 2835 sed
1242 2809 1355 2836 dtuersit
1370 2809 1536 2836 sermonibus
1564 2810 1778 2837 transtulerunt.
1806 2811 1859 2837 llat-

1069 2844 1165 2878 triplici
1183 2844 1380 2878 signiﬁcatione
1395 2851 1444 2871 vox
1458 2843 1607 2880 λημνίσκος
1624 2852 1760 2880 usurpata
1790 2846 1839 2873 fuit
1851 2865 1858 2875 ,

1067 2887 1163 2913 nempe
1177 2881 1210 2906 ad
1231 2887 1274 2906 res
1285 2880 1478 2915 signiﬁcandas
1494 2879 1615 2915 angustis
1633 2879 1728 2908 fasciis
1743 2882 1857 2909 similes.

1068 2922 1135 2949 quas
1152 2915 1313 2950 Syracusani
1329 2914 1492 2950 λεμνίσχους
1505 2914 1647 2944 vocabant.
1663 2915 1729 2944 lude
1749 2923 1858 2945 vocatus
