3838 6222
159 362 299 417 ιειδ

1004 357 1573 417 ORIGENIANORUM
1615 363 1741 419 LIB.
1784 364 1873 430 Ill,
1915 366 2069 422 CAP.
2108 367 2175 431 Il,
2213 365 2409 421 SECT.
2451 366 2541 423 IV.

3269 367 3404 422 £9.16

155 488 228 527 ex
250 469 506 526 Romanis
538 469 772 526 Scholiis
798 471 905 524 τῶν
950 470 1003 524 O'
1041 473 1095 526 in
1146 472 1163 525 1
1198 473 1331 543 Reg.
1358 490 1469 539 xlv,
1494 476 1550 541 ὁ,
1584 476 1719 545 μᾶλ-

1826 481 2052 550 γρὰφοις
2075 482 2172 551 τῆς
2196 480 2433 543 Παλαιᾶς
2455 479 2727 550 Διαθήκης
2752 479 3056 549 διαφανίαν,
3074 479 3208 533 Θεοῦ
3240 480 3405 534 διδόν-

155 567 245 620 λον
271 565 444 618 ταῦτα
468 564 526 616 ὲν
543 564 621 634 τῷ
663 562 910 634 Ἑξαπλῷ
938 565 1275 636 ὴστέρισται,
1299 566 1375 630 ὼς
1426 568 1491 620 ὲκ
1537 567 1723 622 Θεοδο-

155 662 350 724 τίωνος
390 660 776 732 προστεθέντα.
806 678 824 712 t
856 660 966 714 lmo
992 662 1107 716 hare
1138 663 1189 715 in
1208 661 1447 727 Hexaplo
1461 665 1721 721 asterisco

156 762 343 806 notata
372 762 518 815 sunt,
579 759 764 821 utpote
814 767 935 822 quae
981 768 1049 808 ex
1091 753 1463 811 Theodotione
1509 756 1719 825 adjecta

156 844 307 898 sint:
354 863 373 895 ι
404 853 458 897 et
486 858 552 899 ex
595 845 712 899 istis
752 843 1089 917 Hieronymi,
1115 861 1235 916 quae
1270 850 1461 916 repetit
1491 848 1718 904 Rufinus

157 933 356 990 Iuvect.
387 952 426 990 ιι
462 955 474 989 :
509 955 528 987 ι
576 934 681 990 Sed
725 948 780 991 et
806 935 1065 1007 Origenes
1119 938 1406 994 asteriscos
1446 940 1591 1005 fecit,
1652 956 1718 997 ex

156 1030 510 1083 translatione
544 1028 930 1086 Theodotionis
986 1046 1287 1098 assumens,
1334 1043 1391 1087 ιιι
1431 1049 1720 1104 compone-

155 1130 243 1175 ret
269 1120 544 1176 volumina
568 1137 688 1190 qua:
711 1122 1050 1192 appellantur
1075 1123 1339 1191 Hexapla.
1376 1145 1395 1178 ι
1425 1126 1562 1181 Tum
1594 1129 1723 1183 sub-

150 1209 375 1281 jungit:
417 1230 437 1263 ι
467 1213 601 1279 Quia
630 1212 966 1284 frequenter,
999 1217 1044 1270 si
1081 1217 1372 1286 disputatio
1392 1219 1717 1287 accidisset,

151 1303 241 1358 vel
264 1305 542 1359 immutata
579 1320 698 1361 esse
721 1307 1018 1377 aliquanta,
1046 1309 1128 1363 vel
1163 1311 1371 1375 deesse,
1424 1312 1511 1366 vel
1558 1312 1722 1367 abun-

154 1398 288 1452 dare
319 1398 373 1451 in
400 1397 599 1452 nostris
627 1398 925 1467 Scripturis
954 1401 1377 1467 mentiebantur,
1405 1402 1573 1456 voluit
1596 1403 1721 1459 Ori-

153 1504 322 1558 genes
357 1491 557 1544 nostris
600 1492 909 1558 ostendere,
939 1492 1116 1561 qualis
1143 1494 1284 1561 apud
1326 1493 1540 1550 Iudaeos
1578 1496 1721 1550 Scri-

152 1590 437 1649 pturarum
469 1581 627 1636 lectio
651 1592 952 1647 teneretur,
983 1591 1037 1638 et
1060 1584 1109 1636 in
1138 1585 1370 1654 propriis
1401 1586 1608 1655 paginis
1636 1588 1719 1640 vel

151 1671 458 1726 columellis
490 1674 758 1729 editiones
803 1690 991 1729 eorum
1043 1676 1286 1745 singulas
1336 1692 1581 1746 quasque
1623 1679 1689 1732 de

151 1764 405 1832 scripsit;
435 1774 492 1819 et
522 1781 584 1819 ea
617 1781 737 1834 quae
766 1768 905 1836 apud
939 1767 1060 1823 illos
1098 1776 1224 1823 sunt
1263 1769 1441 1821 addita
1494 1769 1578 1823 vel
1620 1769 1717 1824 de-

1820 588 1932 635 τος,
1970 572 2201 641 εὕρομεν
2260 570 2533 635 ἰάσασθαι,
2588 569 2854 639 κριτηρίῳ
2902 570 3235 639 χρησάμενοι
3282 572 3406 635 ταῖς

1822 661 2033 726 λοιπαῖς
2073 662 2378 715 ὲκδόσεσιν·
2416 660 2522 713 τῶν
2570 660 2679 731 γὰρ
2718 659 3199 731 ἁμφιὸαλλομένων
3254 660 3408 730 παρὰ

1821 757 1934 818 τοίς
1975 754 2374 825 Ἐὅδομήκοντα
2419 752 2507 805 διὰ
2538 752 2637 823 τὴν
2676 752 2784 806 τῶν
2826 752 3173 823 ἀντιγράφων
3204 751 3407 820 διαφω-

1821 845 1959 909 νίαν,
1994 844 2093 915 τὴν
2128 843 2307 914 κρίσιν
2336 843 2690 913 ποιησάμενοι
2726 842 2835 896 ἀπὸ
2878 843 2985 895 τῶν
3018 842 3221 895 λοιπῶν
3255 842 3404 896 ἐκδό-

1823 953 1978 997 σεων,
2008 936 2068 988 τὸ
2096 935 2316 1006 συνᾷδον
2360 934 2597 996 ἐκείναις
2622 933 2964 1003 ὲφυλάξαμεν
2985 974 2998 996 ,
3035 935 3127 985 καὶ
3157 932 3280 985 τινὰ
3305 934 3403 1003 μὲν

1821 1026 2155 1097 ὼϐελίσαμεν
2184 1029 2241 1079 ὲν
2268 1026 2345 1097 τῷ
2380 1025 2651 1097 Ἐϐραῖκῷ
2677 1027 2926 1097 κείμενα,
2956 1026 3016 1079 οὐ
3036 1026 3404 1098 τολμήσαντες

1821 1120 1959 1173 αὐτὰ.
1973 1120 2146 1190 πάντη
2177 1120 2444 1190 περιελεῖν
2468 1137 2481 1151 ο
2509 1120 2629 1173 τινὰ
2656 1121 2713 1173 δὲ
2738 1122 2852 1191 μετ’
2874 1121 3210 1190 ἀστερίσκων
3233 1137 3404 1190 προσ-

1820 1212 2114 1282 εθήκαμεν,
2150 1212 2236 1265 ἵνα
2282 1211 2440 1281 δῆλον
2570 1213 2653 1265 ὅτι
2699 1212 2773 1283 μὴ
2825 1212 3050 1282 κείμενα
3096 1212 3245 1283 παρὰ
3292 1214 3404 1276 τοῖς

1832 1302 2248 1374 Ἑϐδομήκοντα,
2272 1304 2337 1356 ὲκ
2360 1304 2469 1356 τῶν
2484 1303 2682 1356 λοιπῶν
2713 1303 2976 1357 ὲκδόσεων
3002 1304 3301 1373 συμφώνως
3324 1300 3405 1374 τῷ

1832 1394 2104 1466 Ἐϐραῖκῷ
2127 1394 2560 1466 προσεθήκαμεν.
2592 1395 2666 1449 Ex
2698 1396 2800 1449 hoc
2825 1394 2943 1449 loco
2964 1395 3225 1463 suspicari
3256 1395 3400 1459 licet,

1820 1504 1926 1541 non
1976 1502 2043 1541 ex
2072 1486 2444 1541 Theodotione
2479 1486 2675 1552 solum,
2725 1489 2818 1541 sed
2840 1498 2895 1541 et
2927 1488 3047 1541 aliis
3077 1487 3402 1542 editionibus

1819 1581 2070 1636 nonnulla
2111 1581 2275 1635 fuisse
2302 1583 2563 1650 inspersa.
2606 1581 2948 1650 Quapropter
2980 1580 3310 1651 Epiphanius
3331 1583 3397 1648 ",

1820 1690 1849 1726 ιι
1882 1688 1989 1742 quo
2019 1688 2197 1727 rerum
2231 1673 2443 1727 illarum
2497 1683 2755 1727 accurate
2805 1673 3002 1727 tradita
3045 1675 3264 1728 historia
3292 1684 3396 1739 est,

1827 1763 2115 1817 desiderari
2151 1763 2227 1817 ait
2275 1777 2303 1816 a
2356 1762 2603 1831 plurimis
2632 1765 2771 1830 apud
2810 1762 3133 1829 lnterpretes
3173 1762 3401 1832 Septua-

149 1825 369 1924 cerpta,
392 1825 559 1914 certis
589 1825 896 1928 quibusque
925 1861 1098 1931 signis
1125 1860 1323 1915 additis
1360 1863 1425 1915 ad
1477 1862 1717 1917 versicu-

1827 1852 1974 1922 ginta
2006 1868 2125 1922 qua:
2171 1867 2239 1907 ex
2270 1852 2506 1907 Hebrasis
2534 1851 2738 1905 referre
2770 1852 3235 1921 praetermiserunt
3277 1852 3399 1922 ipsi,

147 1947 326 2003 lorum
365 1951 540 2020 capita
566 1952 867 2021 designavit
888 1969 903 2017 ;
922 1962 977 2006 et
1000 1952 1051 2006 in
1074 1953 1271 2016 alieno,
1302 1968 1405 2007 non
1433 1968 1531 2009 suo
1555 1966 1718 2023 opere

148 2055 278 2095 suas
312 2045 685 2100 tantummodo
714 2046 872 2099 uetas
902 2045 1053 2111 fixit;
1082 2055 1140 2098 ut
1166 2045 1431 2101 sciremus
1459 2059 1563 2098 non
1588 2046 1717 2114 quid

148 2134 350 2200 nobis,
411 2136 504 2190 sed
565 2138 699 2205 quid
753 2136 954 2192 Judzeis
1012 2139 1298 2191 adversum
1348 2152 1444 2191 nos
1495 2146 1710 2191 certan-

150 2226 300 2281 tibus
330 2237 421 2281 aut
446 2228 635 2283 deesse
662 2239 753 2283 aut
780 2230 1053 2285 abundare
1083 2230 1382 2284 videretur:
1410 2238 1489 2283 iet
1518 2229 1710 2283 iterum

145 2333 215 2372 ex
230 2319 351 2374 istis
368 2320 675 2391 Hieronymi
694 2322 745 2375 in
764 2322 974 2376 Prmfat.
997 2321 1229 2389 Paralip.
1245 2323 1312 2374 ad
1331 2320 1715 2375 Chromatium:

151 2427 174 2460 ι
217 2409 282 2466 Et
313 2422 459 2466 certe
486 2410 750 2483 Origenes
774 2428 877 2468 non
902 2414 1075 2468 solum
1124 2412 1366 2476 chapla
1414 2412 1718 2480 composuit

145 2508 385 2567 quatuor
411 2502 729 2567 editionum,
772 2518 803 2558 e
842 2504 1063 2574 regione
1085 2504 1292 2571 singula
1319 2502 1480 2556 verba
1508 2501 1715 2555 descri-

146 2590 302 2655 bens,
322 2602 381 2646 ut
404 2608 543 2648 unus
559 2594 886 2649 dissentiens
914 2595 1100 2649 statim
1122 2594 1337 2649 caeteris
1360 2593 1501 2646 inter
1521 2606 1578 2646 se
1596 2606 1719 2645 eon-

145 2682 510 2739 senticntibus
542 2694 801 2754 arguatur
832 2704 847 2740 :
905 2685 1000 2741 sed
1049 2687 1190 2755 quod
1226 2684 1445 2753 majoris
1481 2682 1716 2738 audaci:e

143 2782 253 2837 est,
283 2774 335 2826 in
371 2774 606 2829 editione
636 2773 986 2846 Septuaginta
1018 2775 1399 2831 Theodotionis
1426 2774 1713 2829 editionem

146 2860 389 2927 miscuit,
424 2864 701 2920 asteriscis
729 2865 1018 2933 designans
1057 2880 1175 2934 qua:
1205 2866 1382 2920 minus
1408 2866 1637 2927 l'uerant,
1665 2872 1719 2917 et

141 2952 372 3020 virgulis
396 2970 515 3024 qua:
536 2971 599 3008 ex
627 2955 895 3025 superﬂuo
916 2957 1233 3011 videbantur
1259 2956 1519 3025 apposita.
1554 2974 1573 3006 ι
1610 2953 1715 3007 Sed

142 3044 435 3115 Origenem
468 3050 644 3119 ipsum
685 3050 871 3104 audire
902 3063 1080 3118 opera:
1107 3048 1335 3119 pretium
1364 3056 1445 3101 est
1482 3046 1600 3099 :sie
1630 3043 1719 3097 ille

1821 1943 2015 2013 Aquila
2042 1959 2190 2010 vero,
2246 1954 2301 1999 et
2327 1944 2706 2015 Symmachus,
2744 1958 2809 1997 ac
2843 1944 3029 2011 reliqui
3080 1944 3399 2012 interpretes

1825 2045 2285 2105 repraesentaruut
2314 2054 2329 2091 :
2357 2051 2422 2090 ex
2461 2050 2570 2089 uno
2599 2045 2778 2088 autem
2803 2034 3171 2088 Theodotione
3217 2037 3398 2091 addite

1821 2139 1939 2181 esse
1964 2143 2068 2181 non
2096 2128 2364 2196 apposuit.
2397 2127 2711 2181 Emendatio
2742 2128 2855 2180 hate
2879 2125 2985 2179 τῶν
3013 2129 3066 2179 0'
3093 2142 3187 2194 per
3212 2126 3400 2183 obelos

1820 2229 1873 2273 et
1897 2220 2209 2287 asteriscos,
2234 2236 2409 2274 causa;
2443 2220 2541 2273 luit
2565 2218 2891 2288 Hieronymo
2915 2234 3013 2271 cur
3042 2219 3115 2272 ita
3143 2218 3398 2288 Augusti-

1821 2328 1947 2367 num
1982 2312 2344 2381 alloqueretur
2374 2313 2528 2381 epist.
2567 2312 2656 2375 89,
2685 2325 2800 2379 cap.
2822 2310 2854 2363 6
2880 2329 2892 2363 :
2930 2328 2949 2360 ι
2975 2309 3140 2364 Miror
3168 2326 3397 2378 querno-

1820 2406 1886 2460 do
1906 2405 2261 2475 Septuaginta
2286 2404 2642 2473 Interpretum
2674 2402 2839 2456 libros
2862 2402 3031 2470 legas,
3059 2417 3161 2455 non
3199 2418 3383 2472 puros,

1819 2507 1879 2551 ut
1905 2497 1973 2551 ab
1995 2499 2073 2551 eis
2102 2496 2232 2551 editi
2268 2506 2413 2559 sunt,
2449 2497 2542 2549 sed
2575 2498 2641 2549 ab
2664 2496 2895 2565 Origene
2922 2495 3252 2559 emendatos,
3283 2495 3396 2551 sive

1819 2600 2105 2657 corruptos
2134 2604 2231 2659 per
2257 2590 2444 2644 obelos
2474 2599 2530 2643 et
2560 2591 2868 2651 asteriscos,
2898 2599 2953 2643 et
2979 2589 3269 2644 Christiani
3306 2590 3398 2646 ho-

1820 2682 1981 2737 minis
2008 2680 2602 2749 interpretatiuuculam
2645 2696 2752 2735 non
2788 2681 3063 2748 sequaris;
3099 2684 3393 2750 praesertim

1819 2788 1943 2828 cum
2002 2787 2064 2828 ea
2114 2787 2234 2841 qua:
2262 2771 2443 2825 addita
2491 2781 2637 2836 sunt,
2679 2787 2744 2826 ex
2776 2771 3009 2826 hominis
3040 2770 3208 2827 ιιιόωί
3235 2782 3397 2841 atque

1819 2864 2142 2934 blasphemi,
2168 2874 2291 2934 post
2338 2863 2645 2932 passionem
2679 2863 2902 2922 Christi.
2937 2864 3172 2918 editione
3216 2874 3397 2920 trans-

1824 2958 2022 3013 tulerit.
2055 2976 2073 3010 ι
2144 2957 2437 3025 Corruptos
2490 2956 2619 3011 dicit
2680 2955 2846 3010 libros
2891 2957 3237 3027 Septuaginta
3304 2957 3395 3012 In—

1824 3059 2144 3120 terpretum,
2206 3058 2429 3119 propter
2483 3047 2848 3102 additamenta
2916 3062 2947 3103 e
3004 3050 3393 3116 Theodotione.

144 3152 284 3198 toni.
316 3158 380 3196 xv
412 3144 466 3195 in
489 3141 704 3209 Matt/1.,
740 3158 891 3197 num.
925 3143 1006 3205 ιιι
1032 3157 1153 3211 pag.
1185 3140 1281 3194 671
1317 3159 1328 3193 :
1371 3138 1504 3193 Νυνὶ
1532 3138 1589 3190 δὲ
1625 3137 1719 3207 δη·
1747 3169 1792 3228 C
1822 3157 1943 3197 eum
1997 3142 2070 3195 iul
2096 3156 2214 3211 cap.
2270 3153 2400 3194 Lvttt
2467 3139 2614 3193 Isaiae
2660 3142 2939 3194 emendata
3003 3156 3067 3195 ac
3114 3156 3240 3195 vera
3295 3157 3393 3211 ap-

142 3235 321 3288 λονότι
344 3234 510 3305 πολλὴ
539 3233 758 3301 γέγονεν
779 3236 811 3305 ἡ
840 3233 946 3286 τῶν
967 3232 1309 3303 ἀντιγράφων
1327 3230 1573 3303 διαφορὰ,
1606 3228 1715 3282 εἴτε

142 3328 257 3383 ἀπὸ
292 3328 561 3400 ῥᾳθυμίας
586 3327 745 3381 τινῶν
767 3328 1043 3398 γραφέων,
1076 3326 1184 3379 εἴτε
1203 3326 1309 3381 ἀπὸ
1329 3326 1529 3396 τόλμης
1558 3322 1717 3377 τινῶν

147 3423 430 3493 μοχθηρᾶς
456 3423 555 3491 τῆς
589 3421 921 3492 διορθώσεως
956 3420 1063 3473 τῶν
1090 3418 1466 3492 γραφομένων,
1493 3416 1601 3469 εἴτε
1625 3415 1720 3469 καὶ

144 3514 259 3569 ἀπὸ
276 3514 381 3567 τῶν
398 3513 465 3568 τὰ
491 3516 699 3578 ἑαυτοῖς
739 3514 996 3568 δοκοῦντα
1027 3515 1083 3566 ὲν
1105 3516 1172 3584 τῇ
1198 3493 1476 3583 διοροῶσει
1499 3525 1721 3580 προστι-

144 3608 349 3661 θέντων
389 3607 422 3678 ἢ
471 3606 874 3677 ἀφαιρούντων·
926 3607 1025 3678 τὴν
1063 3606 1161 3677 μὲν
1194 3600 1285 3659 οὖν
1314 3605 1372 3657 ὲν
1413 3604 1525 3666 τοῖς
1572 3601 1722 3654 ἀντιδ

223 3725 268 3754 ⁶¹
299 3722 488 3792 Epiph.
517 3722 607 3777 lib.
646 3721 716 3776 De
745 3723 931 3793 pand.,
963 3738 1081 3793 cap.
1111 3721 1169 3776 2.

145 3819 462 3883 lenmiscus,
502 3821 615 3873 sive
645 3819 782 3873 linea
834 3821 979 3874 vittae
1022 3834 1172 3874 more
1219 3818 1423 3887 depicta
1446 3832 1565 3871 cum
1597 3814 1727 3887 duo-

148 3893 253 3943 lius
281 3891 511 3956 punctis.
544 3889 712 3943 altero
762 3904 1011 3958 superne,
1067 3890 1238 3943 altero
1280 3889 1485 3945 inferne
1538 3886 1729 3956 positis

145 3961 233 4014 sic
259 3974 320 4015 -t-
356 3959 786 4030 hypolemniseus
828 3974 957 4014 vero
986 3968 1111 4014 tunc
1165 3969 1389 4030 vocatur
1426 3973 1554 4030 cum
1622 3970 1729 4009 uno

146 4030 326 4083 solum
391 4028 588 4097 puncto
655 4030 791 4083 linea
839 4030 1083 4098 signatur
1117 4030 1195 4083 sic
1231 4044 1291 4084 -ι-
1321 4028 1596 4083 obelorum
1635 4040 1731 4098 au-

150 4108 263 4181 t_em
297 4109 350 4181 et
383 4096 765 4180 asteriscorum
795 4096 909 4153 hace
935 4109 1025 4169 est
1061 4100 1267 4181 figura;
1299 4098 1573 4153 obelorqu
1611 4096 1732 4164 qui-

150 4170 275 4223 dem
301 4170 379 4223 sic
408 4184 468 4225 -t-
502 4170 882 4224 asteriscorum
915 4184 1044 4223 vero
1068 4170 1145 4223 sic
1172 4173 1237 4238 ξς(
1266 4184 1384 4239 qua:
1431 4177 1553 4239 post
1586 4177 1732 4239 aste-

150 4240 353 4309 riscum
408 4240 780 4308 ponebantur,
834 4240 1011 4309 inquit
1055 4255 1173 4309 cap.
1226 4237 1547 4309 4,'nmn.§,
1586 4237 1726 4290 idem

150 4309 220 4363 D.
251 4307 553 4364 Bernardus
580 4310 643 4363 de
676 4308 1011 4363 Montfaucon
1039 4350 1053 4373 ,
1104 4307 1171 4364 ex
1203 4312 1437 4366 editione
1481 4307 1728 4361 Theodo-

155 4380 318 4450 tionis
349 4390 407 4432 ut
436 4380 724 4449 plurimum
756 4391 1011 4450 excerpta
1044 4391 1222 4441 erant,
1265 4395 1370 4434 non
1411 4376 1727 4450 infrequen-

153 4459 240 4519 ter
264 4443 327 4503 ex
357 4443 583 4519 Aquila;
640 4443 938 4512 interdum,
975 4451 1068 4504 sed
1121 4450 1316 4514 rarius,
1352 4463 1415 4503 ex
1475 4443 1727 4519 Symma-

1825 3233 1981 3302 pellet
2009 3232 2367 3300 Hexaplorum
2416 3230 2764 3300 exemplaria,
2806 3246 2926 3300 quae
2975 3232 3162 3287 eadem
3184 3233 3395 3287 addita-

1826 3337 2006 3381 menta
2049 3325 2439 3396 praeferebant;
2491 3340 2613 3378 nam
2677 3324 2933 3395 neglectis
2991 3326 3267 3380 asteriscis
3302 3328 3395 3395 qui

1824 3418 1909 3473 vel
1963 3420 2014 3472 in
2060 3417 2302 3486 legendo,
2364 3416 2447 3468 vel
2502 3416 2553 3469 in
2619 3416 2973 3471 describendo
3025 3417 3214 3487 negligi
3243 3428 3395 3486 pote-

1826 3520 1969 3572 rant,
2018 3509 2251 3563 maxima
2311 3508 2605 3562 exsistebat
2634 3508 3018 3564 Theodotionis
3052 3526 3173 3565 cum
3203 3512 3315 3573 τοῖς
3337 3511 3396 3564 O'

1826 3600 2120 3656 confusio:
2158 3609 2213 3655 at
2263 3600 2548 3655 observata
2602 3599 2983 3655 asteriscorum
3045 3601 3395 3658 distinctione

1829 3828 2125 3885 asteriscus
2179 3836 2372 3877 nomen
2406 3822 2710 3890 praecedat,
2771 3821 2947 3874 rarius
2977 3830 3155 3873 autem
3197 3834 3389 3873 nomen

1828 3900 2171 3955 asteriscum.
2207 3892 2397 3947 Utrum
2430 3907 2556 3945 vero
2578 3893 2688 3959 ipse
2713 3892 2972 3959 Origenes
3012 3891 3229 3943 nomina
3263 3904 3388 3959 cum

1829 3967 2106 4023 asteriseis
2144 3966 2196 4017 in
2231 3971 2375 4015 textu
2407 3976 2517 4015 sua!
2555 3958 3085 4029 editionisposuerit.
3129 3975 3195 4011 an
3243 3958 3297 4015 id
3335 3960 3390 4014 in

1828 4034 2177 4105 subsequenti
2212 4048 2324 4105 aevo
2354 4031 2625 4105 abiisqui
2661 4030 3017 4105 Hexaplorum
3044 4029 3391 4105 collectiones

1831 4100 2266 4177 collegerunt,_el
2309 4102 2360 4155 in
2382 4100 2583 4177 _Bibliis
2610 4111 2935 4177 posuerunt,
2972 4100 3177 4177 factum
3194 4100 3385 4177 fuerit,

1835 4194 1939 4233 non
1969 4167 2041 4231 ita
2078 4175 2233 4229 facile
2252 4182 2334 4226 est
2364 4167 2627 4225 divinare:
2655 4171 2811 4225 Certe
2840 4172 3004 4223 codex
3035 4171 3122 4224 ille
3144 4170 3256 4223 RR.
3283 4167 3386 4226 PP.

1833 4248 2157 4303 Jesuitarum
2188 4244 2242 4296 in
2269 4242 2501 4296 Ieremia
2543 4253 2588 4295 et
2629 4242 2683 4294 in
2710 4240 2982 4293 Ezechiele
3028 4256 3167 4309 sat-pe
3197 4241 3389 4311 asteri-

1850 4334 1974 4374 svos
2002 4319 2052 4371 in
2083 4318 2198 4384 ipso
2234 4322 2376 4367 textu
2398 4312 2571 4384 ponit,
2596 4312 2877 4384 subjuncto
2905 4311 3215 4384 plerumque
3228 4327 3259 4384 _a
3279 4311 3389 4384 pri-

1839 4405 1922 4442 ma
1957 4379 2125 4442 solum
2177 4385 2350 4438 littera
2400 4379 2619 4435 nomine
2668 4379 2977 4448 interpretis
3009 4395 3073 4433 ex
3102 4396 3205 4448 quo
3228 4379 3387 4434 lectio

1836 4459 1925 4512 illa
1974 4455 2243 4526 adjectitia
2302 4452 2595 4526 desumpta
2618 4451 2734 4517 fuit,
2767 4452 2845 4526 sic
2876 4452 2943 4517 Χ
2972 4451 3037 4503 Δ.
3072 4450 3283 4526 quando
3319 4464 3385 4502 ex

152 4517 293 4599 Eho;
324 4516 804 4599 nonnunquam-ex
855 4519 1060 4573 duobus
1088 4520 1169 4599 vel
1228 4536 1293 4599 ex
1323 4516 1725 4599 Lribus‘siu'ml.
1762 4516 1806 4570 D
1834 4516 2064 4599 Aquila}
2102 4526 2277 4599 νειγχί
2298 4521 2362 4574 Θ,
2390 4516 2513 4599 simi
2536 4516 3057 4599 Theodotione;aut
3264 4533 3385 4599 cum

153 4590 399 4658 Exempli
456 4586 613 4643 causa
655 4589 821 4650 :Job.
863 4605 1036 4652 xxxtt,
1087 4590 1179 4658 ‘12.
1227 4589 1380 4658 )(8.
1434 4588 1528 4640 καὶ
1572 4586 1732 4657 μέχρι

151 4656 344 4729 ὑμῶν
369 4661 746 4732 συνήσωῄκαὶ
793 4660 900 4713 ἰδοὺ
939 4662 1039 4713 οὐκ
1080 4656 1147 4732 ἦν
1194 4656 1436 4732 τῷίἹῲὸ-
1476 4656 1728 4732 ἐλέγχων,

153 4727 385 4812 ἀέρα-Χ
422 4727 806 4812 ποκρινόμενος
851 4727 1286 4812 ριήματαέαὺξιοῦ
1331 4727 1399 4812 ἐς
1417 4728 1602 4812 ςιμῶνο
1646 4729 1731 4812 ἵνα

157 4800 249 4883 μὴ.
270 4799 750 4885 εῐπῃτεηεῦρωμεν
770 4799 1059 4885 σοφίαντοῦ
1075 4801 1210 4885 θεοῦ
1232 4799 1606 4885 προσθέμενοι·
1641 4799 1727 4885 ubi

158 4867 584 4934 animadvertas;
639 4867 758 4923 cum
791 4867 989 4939 aliquid
1026 4871 1108 4923 vel
1143 4886 1206 4924 ex
1248 4867 1616 4924 Theodotionis
1647 4867 1730 4921 vel

153 4955 221 4993 ex
257 4942 376 4995 aliis
400 4940 805 5007 adjiceretur.si
839 4938 891 4995 id
914 4944 963 4994 iu
1000 4942 1172 5003 initio,
1198 4941 1311 4994 sive
1341 4941 1393 4993 in
1428 4940 1621 5002 medio,
1658 4938 1731 4991 si-

156 5026 227 5064 ve
258 5011 308 5063 in
341 5012 447 5063 fine
497 5013 648 5064 lineae
669 5013 877 5079 jaceret
920 5012 1193 5080 prtemisso
1223 5024 1435 5078 semper
1470 5011 1729 5080 asterisco

160 5081 401 5134 additum
426 5081 611 5146 fuisse,
647 5083 905 5151 appositis
924 5079 1045 5150 post
1073 5083 1498 5135 additamentum
1523 5079 1729 5151 duobus

155 5152 392 5220 punctis.
424 5150 478 5205 Si
514 5167 641 5205 vero
668 5149 1090 5206 additamentum
1142 5152 1269 5205 illud
1323 5151 1389 5202 ad
1433 5151 1614 5218 plures
1665 5149 1728 5202 li-

159 5236 296 5275 neas
323 5221 725 5285 extraheretur,
753 5223 907 5276 initio
937 5221 1222 5288 cujuslibet
1246 5220 1399 5273 linea:
1429 5220 1725 5273 asteriscus

160 5292 549 5359 appingebatur
604 5295 777 5347 donec
835 5302 1007 5346 totum
1060 5292 1353 5353 desineret,
1392 5289 1572 5356 ibique
1622 5290 1726 5343 duo

160 5371 359 5429 puncta
386 5362 652 5415 crassiora
691 5365 757 5416 de
784 5378 932 5417 more
962 5360 1322 5430 pingebantur
1356 5375 1369 5411 :
1402 5375 1521 5427 quae
1546 5370 1723 5412 tamen

159 5432 480 5498 plerumque
514 5434 853 5501 negliguntur
894 5432 945 5501 in
976 5430 1375 5498 tuanuscriptis.
1427 5430 1724 5501 praesertim

161 5502 381 5565 quattdo
436 5500 801 5556 additamenta
838 5500 1140 5567 huiusmodi
1201 5500 1527 5567 Iongiuscula
1578 5510 1722 5551 sunt.

160 5570 221 5624 lu
250 5571 636 5625 vetustissimis
671 5573 949 5625 codicibus
982 5571 1330 5628 Coisliuiano,
1351 5569 1723 5623 Claromoutao

163 5658 260 5703 uo,
311 5642 425 5695 sive
490 5640 601 5694 RR.
664 5642 767 5696 PP.
816 5640 1141 5695 Jesuitarum
1202 5639 1421 5707 Collegii
1469 5636 1721 5693 Ludovici

162 5711 338 5780 Magni
361 5720 413 5764 et
440 5711 579 5774 aliis,
606 5723 727 5780 post
756 5712 1041 5766 asteriscos
1071 5711 1667 5780 nominainterpretum
1690 5724 1719 5759 a

162 5779 373 5854 primis.
404 5779 615 5838 litteris
640 5784 1036 5847 describuntur,
1070 5781 1140 5837 ita
1193 5791 1249 5836 ut
1289 5779 1723 5849 frequentissime

1832 4588 1911 4651 ex'
1934 4598 2258 4667 Symmacho
2284 4612 2313 4667 _:_
2330 4592 2416 4645 vel
2430 4592 2674 4667 denique
2697 4594 2763 4659 Ἀ(
2782 4592 2830 4643 ot
2857 4590 2974 4654 I‘,si
3002 4604 3064 4667 ex
3087 4590 3255 4667 tribus
3284 4588 3388 4641 illis

1832 4658 1993 4721 simul
2019 4663 2401 4735 interpretibus
2428 4658 2705 4735 lectio'_illa
2723 4669 2987 4735 excerpta
3024 4658 3111 4735 sit.
3134 4658 3387 4712 Fortasse

1833 4752 1963 4792 vero
1994 4737 2120 4804 quia
2152 4729 2211 4788 ut
2237 4731 2946 4804 plurimum»Tlieodogonis
2974 4729 3231 4804 lectiones
3262 4742 3388 4781 eum

1833 4799 2115 4861 asteriscis
2143 4799 2402 4858 afferebat
2449 4799 2729 4869 Origenes,
2765 4799 3149 4854 Theodotionis
3193 4812 3385 4851 nomen

1833 4893 1936 4930 non
1962 4876 2171 4931 solebat
2192 4874 2526 4941 exprimere;
2564 4871 2772 4940 Aquila:
2800 4885 2925 4925 vero
2956 4869 3081 4941 quia
3112 4869 3306 4929 rarius,
3329 4875 3386 4921 et

1834 4945 2146 5016 Symmachi
2198 4940 2327 5016 quia
2374 4941 2687 5016 rarissime,
2753 4940 3224 5016 interpretationes
3260 4951 3382 5016 cum

1832 5008 2106 5069 asteriscis
2135 5008 2428 5075 inserebat,
2461 5012 2674 5064 nomina
2712 5026 2739 5062 a
2781 5011 2947 5078 prima
2981 5008 3156 5061 littera
3194 5008 3385 5071 depin-

1830 5087 2010 5155 gebat,
2046 5094 2106 5137 ut
2137 5086 2403 5155 iudicaret
2434 5097 2551 5155 _non
2587 5095 2649 5133 ex
2684 5077 3055 5155 Theodotione
3087 5093 3182 5145 pro
3227 5077 3387 5155 solito

1828 5146 1991 5209 verba
2024 5154 2264 5223 decerpi.
2300 5152 2406 5206 Sed
2430 5151 2532 5223 hoc
2562 5166 2628 5204 ex
2664 5152 3218 5223 conjectura__lantum
3255 5146 3387 5199 dici-

1830 5237 1938 5279 tur.
1973 5218 2264 5287 Cteteruiu,
2290 5222 2465 5290 inquit
2495 5236 2642 5273 num.
2669 5221 2723 5280 4,
2771 5236 2839 5273 ex
2865 5218 3231 5290 similitudine
3264 5230 3382 5282 quae

1830 5295 2203 5349 intercedebat
2235 5287 2421 5347 obelos
2468 5291 2608 5343 inter
2637 5301 2691 5343 et
2715 5289 3001 5343 lemuiscos
3026 5296 3186 5355 atque
3216 5287 3386 5355 bypOf

1833 5365 2146 5427 lemniscos,
2201 5380 2304 5417 non
2354 5362 2526 5416 solum
2575 5372 2833 5434 quantum
2887 5360 2953 5412 ad
2993 5354 3383 5434 formam,_sed

1830 5437 1994 5489 etiam
2025 5442 2283 5505 quantum
2308 5435 2373 5486 ad
2400 5426 2813 5505 usumffactum
2841 5440 2924 5483 est
2947 5426 3268 5505 utnletnuisei
3289 5437 3384 5491 pro

1825 5506 1995 5577 obelis
2038 5494 2384 5577 siut_babiti.
2413 5502 2545 5555 Nam
2588 5517 2693 5555 uno
2734 5510 2964 5577 excepto
2992 5495 3204 5565 Esychii
3243 5494 3381 5577 loco,

1826 5576 2026 5628 nullam
2060 5574 2547 5645 meiletuniscorum
2582 5564 2907 5645 mentionem
2930 5584 2958 5621 a
2992 5564 3228 5645 tempore
3252 5564 3380 5644 Epi-

1827 5644 2011 5710 phauii
2036 5655 2089 5698 et
2128 5644 2441 5713 Hieronymi
2488 5642 2695 5713 uspiam
2732 5640 2970 5713 reperire
2994 5640 3272 5713 memini“;
3326 5640 3382 5687 in

1825 5704 2011 5767 Bibliis
2039 5714 2248 5770 scilicet
2286 5704 2688 5782 manuscri'ptis,
2742 5704 3040 5766 iu'Catcnis
3065 5716 3119 5761 et
3146 5706 3200 5755 in
3223 5704 3385 5758 Ceu»

1826 5786 2119 5841 tueutariis.
2154 5803 2173 5835 ι
