3838 6222
463 360 599 415 1247

1734 349 1815 423 ,P.
1856 344 2186 402 DANIELIS-
2206 341 2450 398 suumn

3588 334 3714 390 F248

464 480 699 549 legitima
729 475 836 531 τῶν
870 476 925 527 0'
961 474 1123 527 verba
1155 487 1182 527 a
1232 471 1602 527 'l‘heodotione
1632 478 1888 526 accurate
1942 483 2030 523 se-
2060 467 2106 523 Δ
2135 478 2265 532 ergo
2294 463 2463 531 magis
2510 459 2788 530 magisque
2834 458 2935 512 hac
2972 456 3232 524 editione,
3273 459 3566 512 restituere
3600 474 3713 512 eam

461 569 849 626 cernebantur.
913 565 1095 633 Itaque
1136 579 1232 633 pro
1260 564 1485 634 legentis
1510 562 1804 616 attentione
1836 570 1887 615 et
1918 560 2034 614 dili-

464 661 641 731 gentia
698 667 950 727 corrupta
981 666 1157 721 erant,
1191 656 1274 710 vel
1328 656 1635 709 emendata.
1684 653 1948 721 Quocirca
1982 653 2035 707 in

463 756 649 808 eadem
681 752 750 804 ad
800 749 1153 818 Augustinum
1198 747 1420 817 epistola
1454 748 1527 801 ita
1563 748 1736 816 pergit
1775 745 2039 815 llierony-

465 857 585 896 mus
633 859 647 894 :
687 859 706 891 ι
730 841 825 895 Vis
860 850 1071 894 amator
1104 851 1226 893 esse
1269 851 1430 891 verus
1466 837 1816 905 Septuaginta
1864 835 2037 890 Inter-

461 931 713 1001 pretum?
747 929 861 983 Non
886 930 1030 999 legas
1056 943 1117 982 ea
1150 941 1271 997 quae
1299 926 1400 982 sub
1424 926 1698 982 asteriscis
1723 933 1886 992 sunt;
1928 925 2037 979 imo

464 1025 593 1078 rade
620 1025 687 1078 de
713 1023 1095 1078 voluminibus.
1122 1040 1141 1073 ι

537 1113 771 1168 Editioni
809 1111 917 1164 τῶν
944 1109 1020 1179 0’,
1054 1125 1172 1180 quae
1202 1120 1319 1163 erat
1346 1110 1398 1164 in
1426 1109 1708 1178 Tetraplis,
1733 1109 1938 1164 scholia
1968 1110 2035 1164 ad

461 1205 685 1260 limbum
720 1204 899 1274 aliqua
947 1204 1212 1273 adjecisse
1239 1204 1523 1272 Origenem
1552 1202 1810 1257 discimus
1829 1217 1895 1256 ex
1923 1217 2037 1257 me-

463 1308 671 1352 morato
704 1298 887 1351 codice
923 1295 1202 1358 Marchali,
1258 1310 1419 1364 quem
1472 1294 1675 1349 habent
1714 1294 2035 1348 Claromon-

460 1390 570 1443 tani
612 1388 800 1443 Patres
846 1388 1133 1443 Societatis
1173 1385 1297 1441 Jesu
1355 1387 1713 1441 :adnotatum
1752 1387 1897 1440 enim
1950 1396 2036 1440 est

459 1490 585 1535 ante
618 1479 982 1543 Ezeclticlem,
1019 1480 1217 1533 lihrutn
1266 1478 1409 1531 hunc
1453 1493 1517 1532 ex
1545 1476 1799 1545 llexaplis
1826 1477 2034 1534 descri-

458 1582 608 1643 ptum
636 1587 785 1634 esse;
812 1584 1117 1627 correctum
1171 1586 1299 1625 vero
1329 1573 1395 1625 ad
1429 1570 1793 1637 Tetraplorum
1824 1572 1981 1624 (idem
2017 1590 2030 1625 :

458 1665 797 1734 postmodum
845 1663 1069 1717 subest:
1111 1663 1304 1715 Ἂτινα
1341 1662 1435 1715 καὶ
1475 1662 1638 1716 αὑτοῦ
1671 1660 2032 1734 (Ὠριγένους)

457 1757 600 1828 χειρὶ
624 1755 918 1826 διώροωτο,
953 1755 1045 1806 καὶ
1079 1754 1576 1825 ἐσχολιογράφητο·
1617 1754 1739 1807 ὅθεν
1775 1754 2034 1817 Εὐσέϐιος

459 1848 570 1918 ἐγὼ
618 1848 686 1901 τὰ
730 1848 915 1918 σχόλια
958 1846 1265 1918 παρέθηκα·
1300 1847 1583 1918 Πάμφιλος
1627 1848 1721 1900 καὶ
1768 1847 2039 1911 Ἐυσέὗιος

457 1940 859 2012 διωρθώσαντο.
911 1957 927 1989 ι
954 1938 1083 2002 Quae
1107 1936 1397 2007 (Tetrapla)
1422 1938 1586 2005 ipsius
1608 1935 1897 2006 (Origenis)
1925 1950 2039 1988 ma-

459 2048 531 2088 nu
560 2033 867 2093 emendata,
898 2039 951 2083 et
979 2028 1197 2083 scholiis
1221 2029 1495 2082 snccincta
1524 2036 1679 2081 erant
1705 2045 1718 2081 :
1741 2027 1877 2095 (99‘)
1898 2027 2039 2081 unde

457 2139 558 2195 ego
596 2122 857 2177 Eusebius
901 2119 1102 2176 scholia
1134 2118 1355 2189 apposui
1393 2137 1407 2174 :
1440 2118 1751 2188 Pamphilus
1782 2126 1840 2173 et
1868 2117 2039 2173 Euse-

458 2216 581 2272 bius
607 2215 981 2269 emendarunt.
1004 2231 1024 2263 ι
1726 2268 1731 2273 η

529 2307 663 2363 Vlll.
697 2308 847 2375 Apud
900 2306 1096 2363 multos
1144 2306 1284 2361 hanc
1312 2305 1619 2375 opinionem
1662 2304 2039 2374 percrebuisse

457 2400 638 2463 video,
668 2399 955 2468 Origenem
987 2411 1094 2465 quo
1130 2396 1424 2465 parabilior
1448 2406 1592 2449 esset
1613 2399 1897 2449 emendata
1923 2412 1951 2447 a
1979 2411 2039 2450 se

458 2491 622 2546 editio
652 2490 935 2544 Seniorum
962 2487 1339 2559 Septuaginta,
1367 2488 1601 2543 edidisse
1624 2502 1746 2541 eam
1765 2502 2033 2553 seorsum,

458 2591 516 2636 et
553 2598 617 2636 ex
658 2582 861 2652 ingenti
895 2580 1257 2650 Ilexaplorum
1296 2579 1437 2635 mole
1467 2579 1770 2644 exemisse;
1818 2581 1953 2634 adeo
1980 2587 2039 2634 ut

458 2673 699 2727 solitaria
750 2674 859 2736 illa,
893 2674 1117 2729 alterius
1166 2688 1286 2743 qua:
1320 2672 1625 2727 habebatur
1677 2672 1730 2726 in
1780 2670 2036 2741 Hexaplis

457 2765 602 2820 unde
623 2774 740 2820 erat
766 2764 1024 2834 profecta,
1053 2778 1309 2834 germana
1336 2772 1500 2827 esset,
1533 2774 1588 2818 et
1616 2764 1763 2817 omni
1794 2777 1861 2817 ex
1887 2773 2038 2832 parte

457 2857 668 2913 similis.
704 2856 863 2910 Ratio
910 2857 1066 2911 istius
1095 2856 1363 2924 opinionis
1389 2856 1564 2909 valida
1601 2855 1742 2909 nulla
1788 2854 2033 2909 atl‘ertur.

457 2947 801 3003 Probabilior
831 2946 960 3000 mihi
999 2946 1213 3001 videtur
1268 2945 1534 2999 sententia
1580 2944 1805 3000 Joannis
1850 2944 2035 3015 Bapti-

458 3051 557 3095 sta:
597 3040 788 3094 Morini
810 3039 876 3106 ",
912 3039 1013 3093 viri
1053 3037 1373 3105 doctissimi,
1407 3039 1700 3095 editionem
1730 3040 1889 3102 ,illam
1925 3040 2035 3094 τῶν

455 3131 513 3186 O'
547 3149 612 3188 ex
643 3132 985 3203 Origenianis
1016 3129 1272 3199 llexaplis
1319 3131 1646 3201 descriptam
1702 3130 1770 3185 ab
1806 3131 2035 3187 Eusebio

453 3236 511 3280 et
560 3224 870 3294 Pamphilo,
928 3234 987 3277 et
1034 3225 1265 3292 primum
1316 3224 1617 3292 evnlgatam
1668 3223 2027 3289 arbitrantis;

450 3317 607 3389 juxta
654 3316 782 3370 illud
838 3314 1146 3384 llierOuymi
1197 3314 1249 3367 in
1298 3313 1516 3368 Praefat.
1566 3314 1631 3367 ad
1687 3313 1920 3382 Paralip.
1962 3316 2031 3368 ad

455 3408 814 3464 Chromatium
848 3420 866 3458 :
916 3425 932 3457 ι
956 3405 1281 3461 Alexandria
1315 3415 1368 3460 et
1395 3403 1658 3474 Egyptus
1697 3404 1752 3459 in
1798 3406 2030 3475 Septua-

456 3503 602 3570 ginta
632 3500 745 3555 suis
772 3498 1096 3570 llesychium
1114 3497 1296 3551 laudat
1326 3505 1621 3551 auctorem.
1651 3498 2032 3555 Consmntino-

454 3593 595 3663 polis
634 3605 800 3659 usque
847 3588 1187 3643 Antiochiam
1220 3585 1443 3642 Luciani
1482 3590 1734 3659 martyris
1757 3590 2029 3660 exempla-

457 3685 534 3740 ria
570 3684 781 3755 probat.
838 3681 1023 3736 Mediae
1060 3682 1199 3735 inter
1234 3681 1332 3734 has
1373 3681 1665 3749 provinciae
1717 3680 2032 3739 Palaestinos

455 3776 669 3832 codices
696 3777 921 3845 legunt;
973 3789 1110 3842 quos
1144 3774 1211 3828 ab
1257 3772 1489 3842 Origene
1536 3774 1841 3830 elaboratus
1864 3775 2031 3831 Ense-

456 3871 577 3925 bius
606 3878 661 3923 et
686 3866 998 3935 Pamphilus
1018 3866 1388 3936 vulgaverunt.
1417 3885 1435 3917 ι
1470 3865 1602 3921 Nam
1630 3883 1750 3923 cum
1786 3867 2031 3939 frequen-

457 3971 541 4017 ter
569 3959 1010 4015 exscriberentur
1035 3956 1276 4027 Hexapla
1316 3959 1369 4012 in
1411 3958 1795 4025 Ecelesiarum,
1840 3962 2028 4019 docto-

456 4067 685 4123 rumque
722 4051 996 4104 hominum
1035 4065 1213 4114 usmn,
1247 4050 1399 4105 novis
1423 4050 1474 4105 in
1513 4051 1628 4107 dies
1651 4052 2028 4110 deformaban—

458 4156 545 4201 tur
572 4147 810 4201 sordium
847 4146 1304 4216 inquinamentis;
1358 4160 1478 4201 cum
1507 4151 1803 4216 praesertim
1837 4153 2026 4206 asteri-

455 4254 674 4293 scorum
700 4249 752 4292 et
786 4238 1066 4293 obelorum
1098 4239 1500 4294 adnmationem
1519 4241 1601 4295 vel
1630 4241 1846 4311 insuper
1859 4244 2023 4299 babe-

456 4338 578 4383 rent
624 4328 851 4390 librarii,
900 4326 983 4382 vel
1024 4342 1127 4382 non
1168 4328 1302 4383 satis
1340 4328 1627 4399 diligenter
1677 4333 2029 4388 administra-

454 4429 612 4474 rent:
640 4419 780 4473 unde
810 4418 996 4487 ingens
1018 4419 1288 4473 incidebat
1310 4434 1488 4473 rerum
1510 4422 1865 4489 perturbatio,
1900 4438 2031 4477 con-

2138 556 2315 611 conati
2365 565 2493 610 sunt
2526 553 2788 609 Eusebius
2818 561 2873 605 et
2912 549 3250 617 Pamphilus,
3284 565 3349 604 ex
3396 551 3520 620 ipso
3562 552 3716 604 αὐτο-

2139 650 2360 721 γράφῳ,
2386 650 2530 717 quod
2558 656 2677 701 erat
2705 645 2757 698 in
2796 640 3115 698 Caesariensi
3152 642 3517 703 bibliotheca;
3561 643 3717 696 resti-

2140 754 2309 798 tutam
2337 757 2467 797 vero
2487 750 2542 796 et
2567 752 2810 795 seorsum
2842 752 3034 807 magna
3062 736 3340 805 diligentia
3382 737 3713 803 descriptam

2138 835 2576 906 publicaverunt.
2609 832 2786 901 Atque
2825 845 2889 884 ea
2918 829 3084 884 editio
3114 828 3397 884 Palaestina
3426 830 3578 882 dicta
3614 840 3710 882 est.

2138 928 2365 981 Summo
2387 925 2591 981 scilicet
2628 926 2888 994 applausu
2935 921 3036 976 fuit
3061 931 3307 990 excepta,
3331 918 3462 975 etin
3492 919 3713 976 Jeroso-

2138 1018 2294 1090 lymze
2345 1017 2575 1087 aliisque
2604 1016 2838 1071 Orientis
2882 1013 3137 1068 Ecclesiis
3184 1014 3458 1069 decantari
3513 1023 3715 1082 capta,

2136 1120 2187 1166 et
2210 1110 2551 1164 librariorum
2580 1123 2723 1177 saape
2746 1122 2864 1161 eam
2898 1108 2951 1160 in
2979 1106 3224 1177 publicos
3249 1122 3378 1161 usus
3396 1106 3715 1161 exscriben-

2139 1202 2268 1255 tium
2303 1200 2491 1255 labore
2512 1199 2858 1255 disseminata
2895 1200 3094 1269 passim
3122 1212 3185 1251 ac
3205 1211 3541 1269 propagata;
3592 1214 3711 1253 cum

2137 1304 2356 1363 propter
2406 1296 2648 1350 auctoris
2697 1295 2916 1359 famam,
2952 1303 3003 1348 et
3044 1294 3450 1348 emendatorum
3478 1292 3712 1348 nobilem

2134 1388 2457 1454 doctrinam,
2508 1395 2623 1441 tum
2656 1399 2877 1458 propter
2926 1387 3109 1454 operis
3143 1385 3313 1454 ipsius
3370 1386 3712 1455 dignitatem.

2137 1479 2310 1545 Hujus
2336 1480 2589 1535 editionis
2616 1489 2670 1535 et
2722 1480 3117 1533 emendationis
3152 1478 3479 1533 luculentum
3540 1486 3717 1531 exstat

2138 1576 2548 1621 monumentum
2581 1568 2631 1621 in
2662 1570 2848 1623 codice
2874 1568 3067 1623 Renati
3093 1568 3369 1631 Marchali,
3419 1567 3538 1636 jam
3576 1582 3715 1637 saepe

2135 1656 2352 1712 laudato
2371 1698 2387 1724 ,
2423 1660 2475 1714 in
2499 1674 2606 1728 quo
2632 1670 2750 1727 post
2773 1659 3021 1716 Jeremia:
3044 1661 3237 1715 librmn
3262 1661 3583 1714 adnotatum
3610 1668 3716 1725 eat,

2137 1751 2466 1818 descriptum
2496 1766 2617 1804 eum
2644 1766 2765 1806 esse
2788 1768 2851 1806 ex
2883 1753 3132 1824 Origenis
3155 1753 3435 1823 Hexaplis,
3458 1762 3515 1807 et
3541 1768 3718 1807 emen-

2070 1828 2112 1883 Β
2141 1843 2323 1896 datum
2372 1858 2437 1897 ex
2473 1842 2731 1912 Tetraplis
2788 1861 2947 1899 manu
3006 1846 3176 1917 ipsius
3215 1847 3500 1913 exaratis;
3556 1846 3719 1916 idque

2137 1950 2300 2006 opera
2324 1935 2587 2005 Pamphili
2611 1944 2665 1991 et
2687 1935 2922 1991 Eusebii.

2208 2028 2285 2081 En
2316 2027 2409 2081 tibi
2441 2029 2554 2098 jam
2596 2030 2778 2100 itaque
2810 2030 3001 2100 triplex
3036 2029 3203 2084 editio
3231 2028 3590 2100 Septuaginta
3624 2030 3718 2087 Se-

2137 2134 2301 2187 num;
2345 2121 2666 2191 Origeniana
2717 2123 2832 2177 haec
2876 2138 2993 2190 qua:
3017 2123 3068 2176 in
3100 2121 3350 2187 Heraplis
3402 2124 3719 2179 contineba-

2138 2220 2262 2277 tur;
2310 2212 2478 2266 altera
2526 2213 2773 2281 privatim
2813 2215 2955 2268 edita
2989 2214 3057 2267 ab
3098 2212 3331 2268 Eusebio
3360 2223 3417 2268 et
3462 2214 3721 2283 Pamphi-

2139 2302 2210 2368 lo,
2262 2317 2383 2373 quae
2423 2304 2619 2373 prioris
2664 2319 2812 2358 mere
2858 2319 3114 2373 germana
3160 2315 3314 2370 erat;
3360 2306 3524 2358 tertia
3567 2314 3720 2358 vetns

2138 2395 2227 2450 illa
2260 2411 2380 2464 qua:
2404 2396 2650 2466 Origenis
2676 2396 3107 2450 emendationem
3140 2398 3441 2465 pra-cessit,
3470 2407 3531 2451 et
3568 2398 3721 2467 κοινὴ

2138 2502 2232 2542 seu
2257 2486 2481 2558 Vulgata
2511 2488 2773 2557 appellata
2821 2496 2924 2552 est,
2954 2502 3180 2557 qumque
3224 2488 3508 2556 multiplex
3557 2499 3615 2541 et
3642 2489 3721 2540 di-

2137 2593 2293 2633 versa
2326 2579 2446 2640 fuit,
2477 2588 2664 2649 utpote
2693 2579 2869 2633 varias
2927 2592 3082 2645 passa
3126 2579 3578 2633 adulterationes.
3604 2578 3716 2632 Non

2137 2668 2244 2723 alia
2282 2679 2459 2724 autem
2496 2670 2842 2740 Septuaginta
2884 2670 3243 2741 lnterpretum
3294 2671 3460 2725 edi-tio
3492 2686 3720 2740 usurpa-

2137 2760 2297 2814 batur
2327 2760 2487 2830 vulgo
2511 2771 2635 2816 ante
2677 2760 2989 2832 Origenem,
3021 2778 3181 2832 quam
3214 2778 3333 2833 quae
3373 2765 3537 2836 κοινὴ
3574 2766 3721 2819 dioe-

2135 2852 2316 2909 batur.
2357 2852 2510 2907 Hanc
2551 2854 2962 2923 appellationem
3004 2855 3205 2911 idcirco
3242 2866 3540 2911 consecuta
3578 2867 3720 2923 erat,

2135 2944 2279 3014 quod
2318 2945 2456 2999 nulla
2498 2961 2594 3015 per
2621 2947 2897 3002 Orientem
2942 2946 3235 3018 Scriptura:
3259 2949 3430 3003 editio
3457 2948 3721 3020 frequen-

2138 3036 2259 3091 tiori
2296 3053 2393 3092 usu
2442 3047 2836 3095 contereretur.
2895 3042 3013 3110 Quo
3062 3042 3257 3097 factum
3300 3053 3403 3106 est,
3437 3054 3497 3097 ut
3553 3045 3725 3098 editio

2138 3129 2291 3202 κοινὴ
2315 3146 2417 3186 non
2452 3148 2612 3185 uuam
2640 3133 2879 3203 aliquam
2916 3148 2965 3190 et
3005 3136 3329 3205 peculiarem
3356 3134 3718 3208 Septuaginta

2140 3222 2339 3277 Senum
2364 3225 2651 3279 editionem
2678 3236 2868 3281 notare
2900 3227 3095 3282 deinde
3118 3229 3367 3295 coeperit,
3404 3228 3504 3281 sed
3548 3229 3717 3297 ipsam

2136 3316 2451 3370 eorumdem
2490 3316 2845 3386 interpretum
2883 3319 3291 3373 conversionem
3338 3320 3589 3389 generali
3625 3338 3719 3390 ap-

2138 3407 2422 3476 pellatione
2463 3408 2865 3477 significaverit.
2910 3409 3040 3464 Rem
3106 3426 3213 3465 uno
3256 3413 3426 3466 verbo
3456 3414 3717 3483 expedio.

2141 3497 2474 3554 Vocabulum
2500 3500 2647 3565 illud,
2677 3501 2852 3572 κοινὴ,
2886 3502 3071 3570 generi
3106 3512 3161 3556 et
3192 3503 3393 3570 speciei
3423 3521 3722 3563 commune

2137 3590 2259 3657 fuit,
2292 3604 2348 3645 ut
2377 3592 2496 3645 alia:
2541 3592 2807 3663 pleraeque
2837 3609 2997 3648 voces
3031 3612 3045 3648 :
3090 3597 3295 3664 generi,
3321 3612 3447 3650 cum
3470 3599 3722 3668 qualem-

2135 3700 2347 3753 cunque
2390 3684 2499 3737 τῶν
2531 3688 2586 3737 O’
2617 3686 2907 3741 editionem
2942 3689 3189 3753 notavit;
3242 3690 3466 3758 speciei,
3506 3707 3635 3745 cum
3674 3693 3720 3745 ei

2136 3777 2233 3833 soli
2264 3777 2477 3832 addicta
2524 3787 2626 3843 est,
2656 3793 2774 3847 qua:
2817 3789 2941 3833 ante
2983 3779 3231 3850 Origenis
3271 3784 3723 3839 emendationem

2135 3868 2634 3925 circumferebatur.
2679 3869 2886 3939 Speciei
2928 3872 3124 3927 tributa
3165 3883 3251 3927 est
3287 3876 3558 3943 primum,
3597 3877 3723 3931 inde

2135 3964 2202 4018 ad
2251 3978 2420 4033 genus
2475 3963 2647 4031 ipsum
2691 3964 2962 4022 transivit.
3005 3966 3365 4032 Quamobrem
3417 3968 3724 4038 aliquando

2136 4054 2497 4127 Hieronymus
2522 4056 2649 4121 τοὺς
2673 4060 2748 4123 0',
2784 4058 2851 4111 ab
2874 4056 3105 4129 Origene
3137 4060 3342 4115 scilicet
3370 4064 3721 4125 emendatos.

2135 4164 2165 4202 a
2193 4151 2345 4220 κοινῇ
2377 4149 2693 4220 distinguit;
2726 4150 3013 4220 aliquando
3046 4168 3167 4206 cum
3218 4169 3281 4207 ea
3320 4155 3630 4222 permiscet
3670 4166 3725 4209 et

2135 4243 2435 4298 confundit.
2471 4241 2762 4313 Distinguit
2789 4244 3002 4312 quidem
3026 4245 3078 4299 in
3115 4244 3386 4300 Protemiu
3417 4250 3487 4300 ad
3517 4248 3720 4303 librum

2136 4350 2225 4389 xvt
2254 4334 2617 4391 Commentar.
2641 4338 2696 4389 in
2730 4333 2953 4394 Isaiam.
2990 4355 3008 4389 ε
3032 4335 3280 4406 Liquido,
3313 4339 3516 4407 inquit,
3552 4342 3726 4396 couti-

2138 4437 2309 4482 tentes
2332 4429 2383 4481 in
2413 4427 2676 4482 Hebraico
2707 4442 2809 4482 non
2854 4427 3064 4493 haberi,
3094 4444 3196 4483 nec
3235 4444 3359 4484 esse
3392 4430 3444 4485 in
3480 4430 3721 4501 Septua-

452 4512 586 4567 fusis
610 4522 665 4566 et
689 4511 963 4579 permistis
992 4526 1114 4565 cum
1146 4510 1495 4581 Septuaginta
1527 4511 1728 4567 Senum
1757 4513 2020 4580 interpre-
2059 4540 2105 4599 υ
2136 4519 2284 4589 ginta
2318 4517 2731 4587 lnterpretibus,
2761 4522 2855 4574 sed
2899 4520 2951 4574 in
3006 4520 3241 4576 editione
3273 4521 3512 4591 Vulgata
3535 4566 3554 4591 ,
3604 4540 3726 4595 qua:

452 4606 657 4661 latione
679 4604 1066 4659 Theodotionis
1112 4603 1496 4659 additamentis
1538 4623 1553 4659 :
1606 4623 1623 4655 ι
1658 4603 2022 4659 Misericordia

450 4708 499 4753 et
546 4700 761 4761 veritas,
792 4698 969 4766 inquit
1010 4696 1371 4767 Hieronymus
1408 4697 1459 4751 in
1496 4696 1667 4767 Epist.
1705 4700 1770 4753 ad
1802 4698 1936 4756 Sun.
1969 4711 2025 4755 et

454 4788 694 4853 Fretell.,
714 4789 1045 4842 obviaverunt
1064 4788 1165 4841 sibi
1191 4788 1236 4819 “
1258 4806 1271 4842 :
1292 4796 1347 4841 et
1366 4788 1547 4843 dicitis
1570 4789 1710 4857 quod
1738 4790 1789 4843 in
1811 4790 2021 4855 Graeco,

451 4880 574 4945 sibi,
630 4894 735 4933 non
786 4880 1049 4932 habeatur
1093 4897 1105 4933 :
1152 4878 1297 4943 ἕλεος
1350 4880 1442 4933 καὶ
1484 4879 1709 4951 ἀλήθεια
1758 4884 2022 4956 συνήντη-

452 4988 581 5023 σαν·
637 4970 821 5033 idest,
863 4968 1227 5024 Misericordia
1267 4979 1315 5024 et
1366 4971 1555 5025 veritas
1611 4987 2025 5042 concurrerunt;

449 5062 530 5115 sic
561 5062 612 5116 in
651 5060 878 5116 Hebraeo
913 5062 1164 5129 habetur,
1202 5072 1258 5116 et
1305 5063 1445 5131 apml
1479 5062 1829 5133 Septuaginta
1870 5068 2026 5123 obelo

449 5162 805 5222 prasnotatum
840 5161 974 5207 est:
1021 5166 1141 5220 qua:
1175 5152 1324 5221 signa
1377 5153 1503 5206 dum
1553 5168 1649 5222 per
1698 5155 2025 5225 scriptorum

450 5245 838 5315 negligentiam
870 5260 899 5297 a
946 5244 1218 5313 plerisque
1244 5243 1398 5314 quasi
1421 5244 1689 5312 superﬂua
1714 5246 2029 5316 relinquun-

458 5345 569 5399 tur,
613 5350 844 5404 magnus
879 5336 931 5389 in
973 5334 1197 5402 legendo
1231 5350 1383 5388 error
1426 5333 1691 5389 oboritur.
1716 5354 1734 5386 ι
1764 5335 2029 5399 Loquitur

449 5428 515 5482 de
540 5428 775 5482 editione
799 5427 906 5481 τῶν
929 5429 983 5481 O’
1009 5442 1127 5496 quae
1158 5426 1412 5497 Hexaplis
1439 5428 1629 5483 inerat.
1658 5427 2026 5498 Degenerante

520 5587 739 5644 “Joan.
762 5588 822 5644 Β.
854 5588 1045 5643 Morin.
1077 5589 1127 5642 in
1160 5588 1320 5643 Perel'.
1356 5590 1421 5642 ad
1458 5588 1624 5644 LXX.

520 5685 651 5751 (99‘)
686 5682 834 5737 Unde
867 5702 957 5754 ego
991 5683 1249 5738 Eusebius
1284 5684 1482 5738 scholia
1524 5688 1758 5753 apposui,
1794 5696 1897 5740 etc.
1943 5688 2021 5743 Ex

450 5756 535 5809 bis
566 5765 711 5821 patet
745 5754 1005 5822 Tetrnplis
1044 5771 1177 5807 nova
1206 5755 1493 5809 Eusebium
1526 5756 1788 5825 adjecisse
1815 5758 2017 5813 scholia

452 5825 505 5881 in
530 5827 846 5894 quibusdam
874 5825 1065 5881 saltem
1092 5825 1383 5896 Scriptura:
1408 5826 1556 5882 libris
1590 5848 1595 5853 ·
1625 5826 1782 5898 idque
1813 5828 1864 5881 in
1891 5828 2026 5899 alio,

2134 4608 2320 4666 Graece
2348 4608 2502 4679 κοινὴ
2554 4610 2772 4675 dicitur,
2806 4619 2861 4665 et
2911 4611 2964 4665 in
2999 4621 3111 4665 toto
3143 4613 3274 4666 orbe
3302 4614 3533 4670 diversa
3564 4628 3671 4674 est.
3698 4637 3717 4667 ι

2134 4701 2480 4771 Septuaginta
2510 4700 2836 4771 interpretes
2873 4702 3052 4772 signat
3078 4704 3144 4756 ab
3173 4703 3410 4774 Origene
3449 4709 3720 4764 canenda-

2134 4803 2217 4847 tos
2237 4804 2288 4848 et
2315 4793 2366 4846 in
2397 4792 2632 4863 Epistula
2656 4793 2720 4845 ad
2755 4790 2889 4847 Sun.
2915 4802 2971 4848 et
2992 4794 3206 4851 Fretell.
3233 4816 3247 4851 :
3276 4817 3291 4849 ι
3321 4798 3506 4872 Κοινὴ
3540 4816 3721 4859 autem

2133 4884 2253 4949 ista,
2290 4885 2391 4939 hoc
2430 4895 2512 4940 est
2556 4885 2855 4941 communis
2877 4886 3064 4953 editio,
3105 4888 3215 4957 ipsa
3258 4901 3341 4945 est
3367 4907 3497 4962 qua:
3529 4908 3589 4950 et
3629 4899 3721 4953 Se-

2136 4974 2444 5042 ptuaginta;
2482 4976 2575 5030 sed
2605 4976 2708 5029 hoc
2750 4977 2976 5033 interest
3019 4980 3162 5034 inter
3209 4990 3536 5053 utramque,
3581 4992 3715 5059 quod

2139 5065 2289 5137 κοινὴ
2317 5082 2414 5136 pro
2443 5068 2572 5123 locis
2592 5078 2647 5124 et
2672 5072 3031 5141 temporibus,
3063 5084 3118 5129 et
3139 5090 3235 5143 pro
3263 5076 3557 5134 voluntate
3591 5084 3716 5137 scri-

2134 5167 2344 5227 ptorum
2374 5169 2616 5214 veterum
2648 5176 2900 5233 corrupta
2937 5166 3104 5221 editio
3134 5175 3234 5222 est.
3260 5166 3334 5221 Ea
3368 5184 3565 5228 autem
3600 5190 3717 5243 qut

2138 5248 2370 5303 habetur
2403 5252 2454 5305 in
2498 5252 2800 5319 Ἐξαπλοῖς,
2835 5265 2889 5309 et
2918 5270 3081 5326 quam
3113 5271 3211 5311 nos
3257 5260 3560 5327 vertimus,
3608 5266 3715 5332 ipsa

2133 5352 2215 5397 est
2238 5359 2357 5412 quae
2389 5346 2441 5399 in
2472 5347 2802 5402 eruditorum
2833 5348 2986 5404 libris
3023 5350 3329 5421 incorrupta
3366 5363 3425 5407 et
3449 5355 3713 5411 immacu-

2136 5432 2242 5488 lata
2274 5433 2621 5508 Septuaginta
2658 5437 3015 5510 lnterpretum
3052 5443 3333 5498 translatio
3374 5459 3709 5502 reservatur.

1702 5590 1748 5621 “
1773 5590 1915 5648 Psal.
1942 5608 2166 5665 Lxxxtv,
2196 5596 2279 5653 ll.

2126 5706 2184 5749 ut
2208 5696 2442 5771 videtur,
2466 5694 2991 5771 quant__()rigeniano_
3016 5697 3351 5765 exemplari,
3405 5703 3559 5768 quod
3624 5716 3710 5771 po-

2127 5774 2382 5822 stremum
2408 5765 2669 5836 Pamphili
2694 5777 2747 5822 et
2779 5766 2993 5824 Eusebii
3028 5784 3189 5839 opera
3227 5765 3592 5829 emendatum
3613 5765 3713 5830 est.
