3794 6222
79 367 214 424 1249

913 322 1490 413 ORIGENIANORUM
1529 349 1659 406 ue.
1700 349 1790 412 nt,
1829 346 1982 404 CAP.
2022 345 2088 411 ιι,
2131 343 2326 401 secr.
2367 343 2450 400 tv.

3194 337 3334 394 1250

79 478 346 551 Quidquid
394 490 522 545 ergo
551 478 621 532 ab
658 476 764 531 hac
792 472 1083 542 discrepat,
1135 466 1264 525 nulli
1308 454 1542 520 dabium
1573 472 1658 551 est
1686 469 1733 527 Α
1761 461 1872 517 bat.
1902 458 2091 515 Media
2121 473 2279 515 mter-
2310 458 2410 513 has
2441 454 2739 528 provincia
2767 452 3085 509 Palastinos
3121 451 3336 508 codices

79 550 207 645 quin
236 574 310 627 ita
343 580 399 626 et
436 570 505 624 ab
549 566 893 623 Hebraeorum
941 562 1261 617 auctoritate
1303 550 1601 612 discordet.
1629 574 1649 610 ι

1756 554 1976 624 legunt;
2020 566 2156 622 quos
2207 550 2277 607 ab
2323 549 2560 620 Origene
2614 547 2920 603 elaboratos
2970 544 3235 601 Eusebius
3284 553 3342 600 et

79 637 371 722 Confundit
407 676 534 716 vero
557 661 686 723 τοὺς
715 656 768 712 O'
791 673 915 713 eum
945 654 1172 725 Vulgata
1208 652 1302 708 lib.
1333 662 1391 705 Ix
1417 649 1474 704 in
1495 647 1656 703 Isaia
1752 645 2071 716 Pamphilus
2104 642 2468 713 vulgaverant
2495 684 2511 707 ,
2557 649 2813 708 totusque
2864 638 3013 693 orbis
3058 637 3162 693 hac
3198 637 3342 692 inter

79 776 210 823 xxx,
241 757 334 812 20.
382 774 401 807 ι
424 754 672 817 Multum,
716 752 913 823 inquit,
949 750 1001 804 in
1026 749 1127 804 hoc
1154 747 1275 801 loco
1304 743 1659 815 Septuaginta
1759 752 1820 793 se
1849 734 2055 792 trifaria
2082 735 2349 790 varietate
2373 742 2720 804 eompugnat.
2754 750 2773 785 ι

79 851 269 913 editio,
296 846 731 915 Hebraicumque
763 841 1100 898 discordant.
1150 838 1393 893 Primum
1428 847 1564 906 ergo
1594 834 1663 888 de

80 942 313 1012 Vulgata
344 939 722 994 tractabimus.
751 955 772 990 ι
812 934 1093 1005 Vulgatam
1138 931 1430 986 editionem
1477 926 1666 999 appel-

79 1037 157 1091 lat
179 1036 308 1099 τοὺς
340 1035 417 1097 O’,
449 1047 681 1104 quorum
730 1029 897 1085 verba
952 1026 1159 1098 profert
1207 1021 1665 1095 :profertautem

79 1129 150 1183 de
206 1126 487 1196 Hexaplis.
543 1124 609 1178 Et
638 1123 692 1177 in
722 1121 940 1177 Prafat.
983 1119 1288 1176 Comment.
1320 1118 1376 1170 in
1412 1113 1618 1170 Daniel.
1648 1128 1663 1166 :

84 1240 103 1273 ι
131 1219 405 1288 Origenes
450 1218 519 1274 de
552 1213 944 1270 Theodotionis
973 1224 1136 1282 opere
1163 1210 1231 1278 ,in
1275 1207 1512 1264 editione
1541 1202 1671 1258 Vul-

81 1324 216 1383 gata
251 1309 546 1367 asteriseos
581 1306 782 1377 posuit.
814 1323 834 1357 ι
870 1304 938 1359 Ει
976 1302 1031 1357 in
1065 1299 1305 1372 Epistola
1340 1298 1406 1353 ad
1445 1296 1670 1353 Suniam

80 1414 137 1458 et
166 1400 399 1458 Fretell.
435 1419 453 1452 ι
491 1398 643 1454 Licet
669 1398 721 1451 in
753 1394 1107 1466 Septuaginta
1137 1400 1193 1447 et
1234 1392 1287 1446 in
1321 1388 1575 1459 Hexaplis
1601 1387 1673 1441 ita

80 1494 416 1565 repererim.
443 1511 461 1544 ι
504 1490 615 1546 Hoc
649 1497 735 1545 est
768 1488 821 1542 in
851 1486 1100 1558 Vulgata,
1134 1494 1187 1540 et
1217 1484 1272 1539 in
1299 1482 1388 1537 illa
1416 1478 1680 1550 Hexaplo-

81 1603 231 1641 rum.
276 1583 503 1655 Vulgata
545 1579 827 1652 speciatim
863 1587 921 1633 et
956 1576 1174 1647 proprie
1215 1575 1359 1630 dicta
1393 1574 1680 1627 utebantur

86 1681 265 1735 Sunia
298 1688 351 1733 et
380 1675 633 1741 Fretella,
666 1672 768 1742 pia
807 1682 863 1727 et
902 1671 1129 1727 erudita
1158 1666 1374 1723 femina
1403 1683 1417 1720 :
1452 1661 1679 1719 multum

87 1774 185 1829 illa
215 1788 244 1826 a
273 1770 596 1841 primigenio
627 1764 924 1835 exemplari
949 1760 1265 1818 deflexerat.
1303 1756 1396 1812 Ha
1425 1761 1685 1826 rogarunt

89 1865 512 1932 Hieronymum,
544 1868 604 1914 ut
637 1857 991 1928 plurimorum
1030 1850 1283 1907 Psalterii
1325 1848 1592 1910 locorum,
1621 1844 1674 1899 in

84 1958 293 2028 quibus
328 1955 514 2011 Graca
551 1967 580 2005 a
612 1948 821 2004 Latinis
862 1944 1233 2009 dissonabant,
1272 1939 1567 2011 legitimam
1601 1936 1677 1991 le-

89 2050 334 2107 ctionem
364 2062 432 2102 ex
462 2044 724 2100 Hebraica
756 2041 985 2098 veritate
1036 2038 1141 2094 sibi
1175 2036 1429 2092 traderet.
1472 2029 1675 2085 Morem

88 2142 267 2215 gessit
288 2140 670 2211 Hieronymus,
694 2143 750 2190 et
777 2134 1039 2205 prolixam
1062 2128 1348 2198 rescripsit
1369 2122 1676 2196 epistolam,

92 2253 167 2292 ex
214 2234 370 2306 cujus
408 2231 719 2288 evolutione
766 2228 967 2291 discas,
1023 2222 1157 2295 quid
1193 2219 1481 2289 Vulgatam
1536 2217 1679 2271 inter

88 2305 414 2387 editionem,
439 2333 495 2376 et
522 2322 667 2376 illam
706 2333 827 2391 qua
854 2316 1076 2387 iacebat
1107 2313 1162 2369 in
1188 2307 1469 2381 Hexaplis,
1495 2305 1681 2363 discri-

96 2421 267 2477 minis
291 2415 620 2474 interfuerit.

170 2553 266 2611 ιχ.
307 2553 443 2608 Dum
477 2550 617 2604 hanc
656 2542 1021 2602 emaculandis
1070 2539 1422 2612 Septuaginta
1453 2534 1682 2592 Senibus

100 2649 383 2705 navabant
429 2658 650 2714 Operam
689 2638 954 2695 Eusebius
1004 2645 1060 2691 et
1084 2633 1434 2703 Pamphilus;
1486 2629 1681 2686 similis

102 2755 243 2796 cura
286 2733 617 2807 Hesychium
655 2730 981 2786 monachum
1029 2728 1083 2782 in
1114 2724 1368 2796 Egypto,
1405 2730 1459 2777 et
1485 2720 1681 2776 Lucia-

105 2847 238 2888 num
266 2828 569 2886 Antiochia
617 2824 807 2880 eodem
842 2820 1064 2876 circiter
1106 2830 1346 2886 tempore
1372 2814 1681 2869 exercebat.

105 2923 179 2979 Hi
214 2923 447 2993 priscam
501 2919 648 2974 illam
674 2914 994 2977 editionem,
1021 2908 1205 2980 κοινὴν
1243 2907 1469 2970 dictam,
1510 2902 1686 2959 defor-

108 3030 255 3071 mem
285 3013 517 3077 mendis,
568 3019 621 3065 et
655 3006 926 3064 sexcentis
952 3004 1197 3059 vitiatam
1228 3000 1361 3055 locis
1400 3007 1607 3051 mutare
1631 2995 1684 3049 in

109 3106 306 3163 melius
338 3101 575 3176 aggressi
602 3107 748 3157 sunt.
786 3096 1056 3153 Adhibitis
1080 3108 1209 3164 ergo
1244 3090 1471 3146 vetustis
1494 3087 1687 3158 Vulga-

1833 867 1902 922 X.
1931 866 2197 923 (laterum
2228 866 2340 920 veri
2373 864 2505 919 mihi
2531 864 2743 919 videtur
2777 862 3127 930 simillimum,
3150 824 3345 915 Lucia-

1764 977 1895 1018 num
1922 960 2120 1030 ipsum,
2159 965 2214 1013 et
2239 954 2567 1026 Hesychium
2593 970 2713 1010 cum
2745 953 2929 1026 κοινὴν
2962 953 3342 1015 emendabant,

1768 1062 1827 1107 ut
1852 1050 2105 1121 Origenis
2148 1046 2503 1102 imitabantur
2543 1045 2803 1110 studium,
2842 1046 2912 1100 ita
2953 1044 3346 1100 emendationis

1770 1144 2039 1201 rationem
2078 1140 2336 1206 tenuisse,
2370 1146 2427 1194 et
2458 1137 2632 1194 obelis
2669 1152 2735 1191 ac
2764 1137 3037 1192 asteriscis
3060 1136 3243 1208 κοινὴν
3266 1135 3349 1190 di-

1771 1238 2048 1303 stinxisse,
2076 1236 2235 1307 eique
2261 1234 2646 1290 Theodotionis
2672 1233 2898 1289 lacinias
2928 1232 3184 1288 assuisse.
3211 1230 3347 1286 Cum

1775 1331 1920 1386 enim
1949 1339 2157 1385 certum
2203 1328 2273 1382 sit
2318 1326 2612 1398 Egyptum
2647 1340 2711 1381 ac
2752 1325 2967 1396 Syriam
3012 1323 3353 1398 HesycltiiAet

1776 1422 1999 1479 Luciani
2036 1419 2363 1475 editionibus
2397 1434 2517 1475 esse
2551 1434 2712 1484 usas;
2762 1433 2863 1474 nec
2919 1418 3098 1472 minus
3142 1392 3351 1471 certum

1780 1517 1851 1571 sit
1877 1529 1997 1584 qua
2042 1514 2107 1568 iis
2159 1513 2212 1566 in
2262 1512 2575 1581 regionibus
2638 1512 3039 1582 usurpabantur
3088 1510 3354 1565 editiones

1780 1608 1888 1662 τῶν
1911 1610 1983 1670 0',
2008 1605 2177 1662 obelis
2201 1605 2366 1660 fuisse
2393 1614 2448 1660 et
2466 1605 2742 1660 asteriscis
2769 1605 3028 1677 signatas,
3054 1604 3208 1673 plane
3230 1603 3358 1658 hinc

1783 1700 2008 1758 efﬁcitur
2030 1698 2277 1770 Hesychii
2304 1708 2356 1754 et
2386 1697 2610 1753 Luciani
2643 1698 2904 1753 editiones
2937 1707 3150 1753 notatas
3189 1697 3360 1753 fuisse

1706 1822 1753 1881 Β
1785 1793 1956 1850 obelis
1994 1802 2048 1846 et
2080 1790 2374 1847 asteriscis.
2412 1790 2772 1861 Hieronymus
2807 1791 2858 1845 in
2891 1789 3163 1847 Proamio
3195 1790 3357 1846 Com-

1786 1896 1952 1942 ment.
2000 1884 2209 1939 Daniel.
2262 1902 2280 1936 ι
2307 1883 2413 1938 Sed
2468 1892 2520 1938 et
2564 1881 2826 1953 Origenes
2868 1884 2935 1939 de
2977 1881 3361 1938 Theodotionis

1777 1993 1941 2049 opere
1976 1977 2028 2032 in
2055 1977 2291 2032 editione
2331 1975 2561 2045 Vulgata
2595 1976 2888 2031 asteriscos
2914 1978 3118 2047 posuit,
3160 1977 3362 2032 docens

1778 2072 2015 2127 defuisse
2044 2085 2162 2141 qua
2190 2070 2373 2125 addita
2399 2080 2558 2135 sunt;
2590 2078 2646 2124 et
2673 2084 2859 2124 rursus
2884 2070 3146 2139 quosdam
3173 2085 3362 2125 versus

1778 2164 2305 2234 obelispranotavit,
2329 2160 2599 2231 superﬂua
2621 2176 2849 2232 quaque
2870 2162 3181 2232 designans.
3199 2162 3361 2217 Cum-

1780 2272 1884 2327 que
1914 2271 2101 2312 omnes
2130 2255 2336 2311 Christi
2369 2254 2648 2321 Ecclesia,
2699 2266 2805 2309 tam
2846 2254 3158 2310 Gracorum
3202 2271 3362 2326 quam

1779 2349 2115 2413 Latinorum,
2150 2347 2528 2420 Syrorumtjue
2584 2359 2638 2403 et
2662 2347 3070 2421 Egyptiorum,
3098 2350 3237 2404 hanc
3264 2348 3365 2404 sub

1781 2443 2057 2497 asteriscis
2088 2451 2143 2497 et
2167 2442 2340 2496 obelis
2371 2441 2672 2497 editionem
2710 2442 2909 2512 legant,
2960 2443 3244 2513 ignoscant
3285 2444 3367 2496 in-

1779 2538 1890 2593 vidi
1944 2536 2119 2592 labori
2170 2552 2312 2602 meo,
2347 2538 2439 2607 qui
2494 2538 2637 2592 volui
2688 2540 2894 2593 habere
2948 2550 3185 2601 nostros,
3220 2542 3365 2608 quod

1781 2629 1952 2686 Graeci
2007 2632 2059 2684 in
2108 2628 2339 2699 Aquila,
2398 2640 2453 2685 et
2484 2629 2897 2697 Theodotionis,
2963 2646 3027 2686 ac
3058 2630 3367 2703 Symmachi

1783 2721 2108 2777 editionibus
2140 2720 2426 2777 lectitant:
2464 2741 2483 2775 ι
2516 2732 2572 2778 et
2597 2722 2651 2777 in
2690 2723 2863 2793 Epist.
2899 2723 2989 2789 89,
3022 2724 3091 2780 ad
3107 2725 3367 2794 Augusti-

1786 2831 1934 2882 num,
1960 2830 2078 2884 cap.
2109 2814 2143 2869 6
2173 2834 2185 2869 :
2222 2832 2240 2867 ι
2270 2815 2361 2870 Vis
2412 2826 2623 2870 amator
2662 2830 2782 2872 esse
2805 2833 2962 2872 verus
3015 2818 3370 2888 Septuaginta

1784 2908 2186 2978 lnterpretum?
2224 2924 2329 2963 non
2362 2909 2509 2979 legas
2540 2925 2601 2963 ea
2631 2925 2750 2979 qua
2785 2911 2882 2964 sub
2918 2911 3199 2965 asteriscis
3222 2921 3369 2976 sunt,

1788 3002 1896 3057 imo
1924 3002 2052 3057 rade
2100 3005 2167 3057 de
2195 3002 2578 3065 voluminibus,
2631 3012 2688 3054 ut
2718 3012 2959 3056 veterum
3008 3013 3057 3058 te
3101 3004 3367 3058 fautorem

1788 3094 1985 3164 probes
2016 3112 2030 3149 :
2064 3094 2205 3163 quod
2235 3094 2279 3148 si
2316 3093 2530 3156 feceris,
2567 3108 2757 3147 omnes
2793 3092 3155 3148 Ecclesiarum
3188 3094 3378 3149 biblio-

112 3210 187 3256 ιε
218 3174 865 3269 hujusvinterpretationis
895 3187 1293 3258 exemplaribus
1326 3199 1437 3238 rem
1471 3182 1543 3235 ita
1571 3195 1686 3251 ges-
1715 3174 1757 3233 C
1793 3189 1977 3244 thecas
2027 3188 2288 3242 damnare
2310 3188 2559 3257 cogeris;
2593 3187 2679 3241 vix
2722 3188 2863 3241 enim
2901 3201 3039 3240 unus
3090 3197 3181 3240 aut
3234 3187 3372 3242 alter

110 3303 323 3357 serunt,
359 3302 417 3347 ut
440 3303 682 3346 recusem
704 3287 770 3342 ab
798 3283 1067 3354 Hesychio
1098 3280 1387 3335 editionem
1421 3274 1690 3345 IEgyptus

114 3387 368 3459 amplexa
404 3385 476 3440 sit
513 3401 526 3438 :
562 3395 725 3451 quam
748 3393 877 3434 vero
918 3376 1124 3431 recoxit
1154 3372 1450 3432 Lucianus,
1478 3367 1546 3421 ab
1573 3364 1693 3420 uni-

113 3458 294 3536 versis
319 3477 541 3548 prohata
569 3484 624 3530 et
654 3477 911 3541 usurpata
943 3468 1015 3524 sit
1041 3465 1369 3536 regionibus.
1410 3474 1527 3529 qua
1553 3458 1693 3548 Con-

116 3547 526 3638 stantinopolim
581 3574 636 3621 et
663 3561 1005 3619 Antiochiam
1049 3555 1403 3624 interiacent:
1434 3566 1558 3606 nam
1588 3547 1694 3603 He-

120 3663 363 3719 braicam
392 3659 556 3713 etiam
602 3657 883 3709 veritatem
912 3648 1250 3707 consuluisse
1287 3645 1482 3707 fertur,
1509 3641 1577 3695 ab
1597 3652 1693 3694 eo—

122 3768 231 3823 que
258 3748 543 3808 emendata
583 3746 751 3803 Vetus
786 3744 874 3799 illa
910 3742 1137 3811 Vulgata
1179 3737 1396 3792 nomine
1426 3735 1592 3804 ipsius
1618 3730 1698 3785 af-

123 3846 265 3901 fecta
293 3852 395 3899 est.
429 3841 790 3910 Hieronymus
814 3837 866 3891 in
896 3834 1065 3903 Epist.
1100 3832 1166 3885 ad
1192 3830 1329 3885 Sun.
1351 3837 1407 3883 et
1438 3823 1693 3880 Fretel|.:

126 3956 145 3987 ι
178 3932 236 3987 lu
276 3948 384 4003 quo
428 3930 666 3986 breviter
711 3925 842 3981 illud
873 3925 1161 3986 admoneo,
1196 3930 1256 3974 ut
1302 3916 1487 3973 sciatis
1534 3914 1695 3969 aliam

122 4040 249 4081 esse
280 4024 596 4084 editionem,
633 4033 795 4088 quam
826 4015 1084 4085 Origenes
1115 4021 1169 4069 et
1209 4006 1559 4066 Caesariensis
1589 4005 1697 4060 Eu-

126 4118 333 4181 sebius,
372 4124 668 4180 omnesque
699 4107 923 4163 Gracia
955 4114 1272 4159 tractatores
1300 4098 1503 4169 κοινὴν,
1535 4095 1588 4152 id
1618 4105 1703 4151 est

128 4212 471 4267 Communem
513 4201 802 4272 appellant,
843 4210 1006 4267 atque
1040 4195 1343 4265 angatam,
1371 4200 1427 4246 et
1451 4205 1481 4243 a
1513 4188 1702 4257 pleris-

127 4318 240 4375 que
286 4316 428 4356 nune
476 4298 824 4359 Λουκιάνειος
870 4292 1105 4354 dicitur;
1152 4286 1309 4342 aliam
1353 4281 1701 4353 Septuaginta

128 4372 513 4464 interpretum,
538 4405 658 4462 qua
678 4398 733 4446 et
763 4388 815 4443 in
844 4380 1168 4450 Ἐξαπλοῒς
1196 4377 1471 4435 codicibus
1506 4372 1705 4443 reperi-

132 4499 246 4553 tur,
273 4499 325 4543 et
355 4503 383 4542 a
414 4486 569 4542 nobis
594 4487 644 4537 in
671 4482 921 4537 Latinum
966 4489 1267 4533 sermonem
1296 4471 1526 4526 ﬁdeliter
1548 4480 1703 4523 versa

134 4590 243 4645 est,
275 4589 327 4635 et
361 4575 729 4646 Jerosolyma,
757 4581 933 4642 atque
964 4570 1016 4624 in
1060 4565 1299 4624 Orientis
1328 4560 1586 4618 Eeelesiis
1610 4560 1705 4614 de-

136 4681 409 4728 cantatur.
439 4688 457 4721 ι

214 4801 379 4873 Igitur
402 4797 720 4870 quintuplex
762 4804 883 4864 post
914 4794 1055 4848 hanc
1100 4800 1313 4847 atatem
1357 4786 1709 4858 Septuaginta

138 4895 498 4963 lnterpretnm
522 4891 687 4945 editio
720 4890 899 4943 habita
929 4896 1050 4951 est;
1084 4883 1312 4953 Vulgata
1336 4891 1507 4946 vetus,
1533 4879 1714 4949 Orige-

143 4987 329 5049 niana,
381 4983 707 5049 Eusebiana,
761 4981 848 5035 illa
888 4978 1134 5040 Luciani,
1175 4986 1229 5028 et
1263 4974 1449 5043 quinta
1501 4974 1712 5026 demum

145 5077 423 5147 llesychii.
460 5076 568 5131 Sed
601 5075 854 5145 quoniatn
900 5088 968 5126 ex
1005 5067 1262 5137 Hexaplis
1311 5066 1548 5137 proiecta
1595 5072 1715 5119 erat

145 5169 477 5231 Eusebiana,
502 5183 599 5237 pro
632 5182 739 5220 una
789 5163 1085 5232 eademque
1137 5168 1370 5229 utraque
1404 5157 1583 5212 habita
1610 5164 1711 5210 est.

148 5266 283 5332 Qua
312 5278 440 5318 vero
471 5262 569 5332 τῆς
599 5257 784 5329 κοινῆς
822 5255 1145 5323 exemplaria
1180 5260 1497 5323 supererant
1525 5250 1575 5304 in
1603 5260 1717 5305 stu-

150 5359 425 5414 diosorum
471 5351 815 5409 bibliothecis
843 5348 1250 5405 delitescebant.
1290 5346 1465 5414 Atque
1493 5344 1563 5398 ita
1592 5342 1721 5397 licet

150 5452 391 5522 quinque
418 5462 607 5503 revera
654 5450 933 5500 exstarent
988 5443 1091 5496 hoc
1140 5449 1383 5507 tempore
1431 5436 1717 5501 editiones,

155 5545 315 5598 trium
344 5542 759 5595 duntaxatusus
794 5543 912 5589 erat
937 5533 989 5586 in
1021 5531 1305 5588 Ecclesiis.
1343 5549 1362 5581 ι
1389 5528 1719 5582 Alexandria

153 5644 210 5687 et
246 5631 531 5702 Egyptus,
581 5629 754 5698 inquit
784 5627 1164 5697 Hieronymus,
1214 5644 1232 5676 ι
1281 5625 1331 5678 in
1369 5621 1722 5693 Septuaginta

155 5725 270 5780 suis
299 5722 625 5795 Hesychium
680 5720 862 5775 laudat
908 5730 1180 5775 auctorem
1231 5714 1726 5785 Constantinopolis

158 5830 328 5887 usque
358 5815 696 5872 Antiochiam
720 5808 941 5870 Luciani
969 5812 1226 5882 martyris
1245 5809 1572 5881 exemplaria
1598 5823 1726 5880 pro-

1794 3278 2065 3334 invenitur
2093 3278 2251 3343 liber,
2298 3278 2389 3347 qui
2430 3278 2532 3331 ista
2583 3292 2689 3331 non
2746 3276 2963 3333 haheat.
2991 3294 3010 3328 ι
3057 3276 3263 3347 Quippe
3287 3280 3376 3332 vix

1793 3371 1899 3425 ulla
1931 3370 2166 3441 reperire
2197 3379 2315 3425 erat
2351 3369 2663 3441 Hieronymi
2696 3378 2856 3423 atate
2877 3370 3227 3439 exemplaria,
3257 3387 3377 3441 qua

1794 3478 1902 3517 non
1930 3464 2018 3518 vel
2053 3465 2121 3517 ab
2148 3462 2400 3532 Origene,
2434 3464 2515 3517 vel
2549 3479 2578 3517 a
2624 3461 2881 3526 Luciano,
2902 3462 2986 3517 vel
3017 3466 3083 3517 ab
3110 3461 3380 3534 Hesychio

1794 3555 2021 3611 fuissent
2045 3566 2313 3611 correcta.
2342 3555 2476 3611 Cum
2511 3557 2694 3626 itaque
2727 3557 2937 3626 vulgata
2984 3560 3166 3612 omnia
3194 3574 3380 3614 exem-

1797 3651 1964 3721 plaria
1998 3651 2324 3707 insedissent
2373 3650 2619 3705 asterisci
2651 3659 2706 3705 et
2738 3652 2903 3717 obeli,
2953 3666 3053 3706 nec
3110 3651 3215 3705 ulla
3267 3651 3382 3708 fere

1796 3750 1976 3796 essent
1998 3741 2051 3795 in
2084 3757 2209 3805 usu,
2240 3756 2401 3810 quam
2434 3756 2553 3810 qua
2587 3754 2697 3797 tres
2720 3742 2794 3797 illi
2827 3745 3181 3814 castigatores
3202 3759 3384 3800 emen-

1798 3837 2081 3897 daverant,
2116 3834 2360 3902 sequitur
2393 3836 2463 3887 ita
2488 3834 2775 3892 distinctos
2815 3836 2983 3892 fuisse
3022 3838 3258 3906 ipsorum
3289 3853 3384 3893 co-

1800 3925 1965 3979 dices.
2021 3924 2187 3993 Cujus
2242 3923 2728 3981 discriminationis
2777 3942 3043 3997 quosnam
3106 3930 3387 3999 assignare

1801 4030 1897 4083 par
1921 4025 2004 4069 est
2026 4026 2299 4080 auctores,
2338 4026 2698 4086 praeterquam
2732 4018 3027 4074 anianum
3085 4022 3285 4091 ipsum,
3331 4032 3389 4079 et

1801 4107 2153 4179 Hesychium,
2179 4109 2322 4177 quod
2356 4109 2423 4162 ab
2447 4108 2677 4179 Origene
2719 4113 2950 4180 primum
2990 4114 3170 4170 fuerat
3200 4118 3387 4172 inven-

1806 4213 1915 4256 tum
1942 4202 2225 4271 imitantes
2273 4204 2612 4271 postmodum
2667 4213 2722 4258 et
2767 4205 3115 4261 excolentes?
3152 4209 3289 4276 Quin
3334 4216 3389 4263 et

1805 4296 1871 4349 ad
1900 4297 2161 4351 editiones
2195 4310 2411 4366 quoque
2440 4294 2662 4351 Latinas
2692 4298 2939 4367 pervenit
2971 4299 3231 4368 ejusmodi
3275 4301 3391 4354 στί-

1812 4386 1896 4453 ξις
1922 4404 1936 4450 ;
1973 4403 2094 4441 nam
2123 4387 2485 4460 Hieronymus
2513 4388 2562 4441 in
2602 4388 2772 4459 Epist.
2801 4389 2891 4456 89,
2916 4390 2981 4444 ad
3013 4392 3388 4462 Augustinum,

1809 4494 1930 4549 cap.
1958 4477 2011 4543 6,
2053 4479 2257 4536 Latina
2279 4497 2389 4536 sua
2426 4480 2534 4534 τῶν
2556 4482 2610 4534 0'
2638 4484 3069 4553 interpretationi
3101 4486 3392 4542 asteriscos

1812 4588 2027 4643 quoque
2052 4583 2107 4628 et
2127 4574 2315 4630 obelos
2344 4588 2468 4630 sese
2488 4575 2760 4630 addidisse
2789 4586 3035 4630 testatur.

1886 4712 1965 4768 Ex
2016 4712 2103 4766 his
2141 4727 2303 4782 porro
2343 4712 2548 4769 Cracis
2590 4711 2940 4775 editionibus,
2986 4712 3067 4767 vel
3093 4728 3155 4767 ea
3198 4730 3394 4786 nempe

1816 4818 1936 4873 qua
1956 4811 2073 4857 erat
2100 4803 2153 4856 in
2185 4802 2460 4869 Hexaplis,
2491 4804 2604 4859 sive
2633 4802 2958 4868 Eusebiana,
2984 4805 3066 4859 vel
3095 4805 3393 4875 Lucianea,

1817 4891 1903 4947 vel
1938 4890 2303 4962 Hesychiana,
2350 4893 2628 4946 hodierna
2671 4902 2871 4948 nostra
2914 4908 3103 4948 omnes
3145 4896 3398 4952 videntur

1821 4982 2132 5054 prodiisse:
2178 4986 2283 5038 hac
2315 4984 2480 5049 enim,
2535 4993 2593 5037 ut
2627 4985 2702 5038 ait
2755 4984 3139 5055 Hieronymus,
3188 4988 3393 5043 trifaria

1820 5077 2083 5131 varietate
2124 5086 2268 5130 totus
2322 5078 2473 5132 orbis
2507 5081 2939 5148 compugnabat;
2988 5078 3213 5151 Vulgata
3270 5095 3400 5136 vero

1820 5167 2063 5222 omnium
2092 5167 2527 5238 inquinatissima
2561 5185 2697 5238 pene
2737 5172 3100 5233 obsoleverat.
3136 5174 3270 5229 Cum
3305 5190 3404 5229 au-

1824 5267 1931 5313 tem
1962 5257 2017 5313 in
2065 5268 2277 5314 veteres
2310 5259 2430 5315 illas
2456 5265 2705 5330 magnam
2741 5274 2951 5319 constet
2987 5266 3254 5321 invectam
3280 5281 3402 5320 esse

1824 5351 2196 5407 confusionem
2259 5368 2329 5408 ex
2382 5354 2729 5411 librariorum
2773 5358 3084 5425 oscitantia,
3147 5362 3271 5413 dum
3317 5359 3401 5413 vel

1827 5445 2105 5500 obelorum
2140 5455 2195 5500 et
2221 5448 2606 5503 asteriscorum
2638 5452 2967 5506 notationem
2992 5453 3289 5522 negligant,
3318 5453 3405 5508 vel

1828 5550 1924 5591 eos
1944 5538 2060 5592 suis
2091 5553 2197 5591 non
2225 5538 2505 5594 ascribunt
2537 5540 2692 5605 locis,
2736 5542 2920 5612 negari
2953 5557 3057 5595 non
3088 5553 3267 5612 potest
3302 5543 3407 5598 im-

1829 5643 1990 5697 puras
2022 5644 2143 5685 esse
2174 5632 2506 5685 recentiores
2538 5633 2803 5688 editiones
2835 5632 2945 5688 τῶν
2974 5630 3053 5696 O',
3086 5643 3141 5689 et
3164 5635 3403 5700 vitiatas,

1832 5731 2013 5791 utpote
2049 5737 2170 5791 qua
2191 5737 2257 5775 ex
2282 5723 2520 5791 antiquis
2545 5722 2648 5778 illis
2671 5725 3006 5792 prodierunt.
3036 5724 3166 5779 Nam
3193 5727 3406 5783 etiamsi

1832 5812 2088 5883 profecta
2116 5821 2298 5870 essent
2332 5813 2401 5869 ab
2434 5813 2709 5885 Hexavlis,
2744 5816 2796 5872 in
2835 5816 3031 5887 quibus
3060 5819 3250 5876 scribit
3279 5819 3407 5876 Ilie-
