3838 6222
396 315 531 371 1251

1676 307 1736 362 Ρ.
1780 303 2096 361 DANIELIS
2135 304 2371 360 HUETII

3518 309 3669 365 1259.

398 445 656 502 ronymus
678 430 723 462 ⁸⁵
776 429 941 483 fuisse
993 427 1338 498 Septuaginta
1404 427 1681 481 emendata
1740 438 1789 481 et
1848 442 1968 481 vera
1997 432 2045 491 Α
2071 439 2196 479 cum
2222 424 2429 492 reliquo
2461 429 2739 489 contextu,
2770 423 3072 479 obliteratis
3112 424 3416 489 asteriscis,
3462 425 3532 479 ad
3564 441 3671 481 nos

393 525 715 593 exemplaria
744 524 849 593 (l);
870 522 1235 576 additamenta
1257 530 1407 575 certe
1428 518 1837 585 Theodotionis,
1855 533 1975 590 quae

2082 515 2397 569 transmissa
2416 523 2558 577 sunt,
2580 515 2867 569 editionem
2888 514 3196 570 adulterant
3210 527 3261 569 et
3276 525 3665 583 corrumpunt.

1461 744 3655 773 —————.———-—————-——————_—__

1708 891 2093 983 CAPUT
2149 892 2338 982 Ill.

1521 1085 1900 1147 ORIGENIS
1944 1085 2518 1149 SYNTAGMATA.

472 1391 689 1445 CAPITIS
717 1405 903 1444 rnnru
931 1404 1208 1466 marino.
1236 1419 1306 1427 —
1331 1419 1396 1428 ——
1429 1388 1654 1444 Gemina
1694 1390 1936 1445 sectione
1987 1388 2286 1466 absolvitur
2330 1391 2475 1466 istud
2501 1400 2684 1466 caput
2714 1406 2729 1445 :
2759 1390 2946 1466 P_rio_re
2987 1392 3199 1466 singula
3229 1393 3489 1464 Origenis
3517 1390 3676 1466 Syn-

405 1471 657 1535 tagntata,
690 1476 919 1535 quorum
967 1462 1227 1535 memoria
1280 1470 1560 1535 superest,
1586 1470 1982 1535 enumerantur
2014 1480 2027 1513 :
2060 1461 2230 1515 altera
2276 1463 2458 1532 agitur
2484 1463 2551 1519 de
2581 1463 2831 1534 Origenis
2870 1461 3238 1535 Syntagmatis
3262 1461 3382 1534 qua:
3414 1461 3673 1532 exstant,

403 1528 575 1602 deque
606 1528 830 1586 vetustis
860 1532 980 1585 libri
1004 1531 1143 1598 Περὶ
1174 1528 1375 1598 ἀρχῶν
1414 1531 1979 1599 interpretationibus.

936 1818 1177 1875 SECTIO
1216 1819 1446 1875 PRIMA.

474 1925 697 1967 BINGULA
735 1925 979 1965 ORIGENIS
1004 1925 1380 1969 SYNTAGMATA,
1409 1923 1629 1972 ρυοιιωί
1661 1924 1903 1965 IIEIORIA

814 1996 1084 2036 SUPEREST
1096 2024 1105 2033 .
1141 1996 1539 2035 ENUIEHANTUR
1551 2020 1564 2034 .

403 2065 446 2119 I.
504 2066 855 2122 Recensentur
915 2066 1156 2136 Origenis
1222 2067 1572 2138 Syutagmata
1633 2070 1698 2121 ab
1751 2067 1978 2124 Eusebio

504 2087 855 2122 necensentur
915 2087 1156 2136 urtgems
1222 2087 1279 2123 οι
1302 2087 1572 2138 utagmata
1633 2087 1698 2121 an
1751 2087 1978 2124 nusemo

476 2149 899 2192 commemorata.
927 2139 986 2191 ll.
1016 2139 1097 2191 Ex
1122 2141 1201 2191 his
1228 2087 1405 2204 aliqua
1426 2141 1793 2208 expenduntur
1819 2157 1979 2193 accu-

476 2212 677 2271 ratius;
728 2226 789 2261 ac
838 2211 1065 2276 primum
1114 2210 1234 2261 libri
1287 2209 1362 2263 De
1405 2211 1842 2273 resurrectione,
1889 2211 1976 2265 Ill.

476 2279 849 2349 Στρωματεῖς,
878 2277 966 2333 IV.
994 2278 1067 2332 De
1104 2281 1382 2349 martyrio,
1402 2278 1466 2333 V.
1498 2279 1732 2347 Dialogi,
1757 2278 1837 2335 Vl.
1858 2280 1984 2344 Epi-

478 2351 626 2417 stula:
651 2389 666 2414 ,
696 2349 804 2402 VII.
851 2351 1226 2417 Interpretatio
1283 2350 1669 2403 chraicorum
1700 2351 1980 2404 nominum

476 2416 609 2490 lfiovi
660 2416 1014 2483 Testamenti,
1057 2418 1199 2490 VIII.
1231 2419 1384 2471 Liber
1427 2419 1503 2474 De
1532 2420 1829 2490 pratione,
1887 2420 1979 2475 IX.

475 2488 870 2556 Disputationes
902 2491 1148 2559 adversus
1181 2489 1473 2551 Itwreticos,
1509 2488 1568 2543 in
1588 2491 1752 2559 iisque
1775 2489 1984 2546 Parrus

476 2559 859 2629 Labyrinthus.
892 2560 959 2614 Χ.
996 2558 1269 2624 Quwritur
1293 2561 1420 2630 quid
1452 2562 1557 2614 sint
1598 2558 1843 2630 Origenis
1871 2559 1983 2613 Μο-

477 2628 706 2682 ηοωὸιὶα
726 2671 741 2693 ,
768 2641 816 2685 et
855 2631 983 2699 quid
1005 2631 1173 2697 ipsius
1198 2628 1387 2699 prose
1416 2630 1671 2699 Apologia
1696 2628 1728 2683 ὰ
1760 2628 1987 2684 Vincen-

480 2700 552 2759 tio
595 2698 954 2753 Bellovacensi
1006 2698 1433 2753 commemorata.
1491 2699 1580 2754 XI.
1628 2700 1981 2754 Philocaliam

476 2786 679 2841 quoque
736 2770 794 2824 in
852 2769 1295 2842 Origenianorum
1338 2787 1552 2841 operum
1619 2786 1777 2824 censu
1828 2773 1986 2840 poni-

478 2857 619 2898 mus.

479 2952 522 3007 ι.
570 2953 833 3007 Eusebius
876 2952 1130 3022 Origenis
1164 2954 1327 3007 vitam
1360 2951 1500 3007 libro
1540 2960 1702 3007 sexto
1732 2949 1986 3006 Historia!

408 3055 723 3117 pertexens,
750 3045 1034 3113 plerasque
1068 3044 1238 3114 ipsius
1276 3045 1602 3114 scriptiones
1629 3046 1805 3099 obiter
1836 3059 1987 3099 com-

411 3145 696 3199 memorat,
733 3138 911 3201 plures
945 3136 1335 3203 przntermittit,
1379 3143 1565 3203 utpote
1610 3134 1704 3204 qui
1738 3134 1792 3188 in
1829 3134 1985 3188 tertio

418 3225 554 3281 Vita:
607 3224 872 3293 Pamphili
923 3225 1065 3279 libro
1114 3224 1357 3295 singulas
1406 3224 1600 3281 luisset
1648 3226 1981 3295 complexus.

408 3314 563 3371 Nunc
593 3331 713 3369 cum
754 3330 819 3369 eo
875 3330 1161 3371 careamus
1201 3316 1363 3381 libro,
1401 3316 1779 3385 confugiamus
1809 3319 1874 3370 ad
1900 3319 1985 3388 ip-

408 3406 525 3461 sius
574 3404 902 3469 Historiam,
951 3414 1005 3459 et
1050 3406 1254 3475 quae-in
1304 3420 1368 3459 ea
1410 3405 1708 3461 laudantur
1736 3406 1985 3478 Origenis

411 3498 783 3569 Syutagmata,
812 3500 1000 3553 eodem
1031 3499 1119 3553 hic
1157 3498 1349 3554 ordine
1379 3514 1786 3555 recenseamus.
1816 3500 1985 3555 Primi

409 3600 704 3644 occurrunt
732 3589 1119 3645 Commentarii
1155 3590 1208 3643 in
1243 3588 1446 3645 Veteres
1470 3590 1826 3661 philosophos,
1853 3607 1986 3661 quo-

412 3680 532 3737 rum
587 3681 988 3737 lucubrationes
1020 3697 1123 3736 non
1176 3682 1621 3749 praelectionibus
1672 3688 1851 3747 modo,
1893 3684 1986 3739 sed

411 3773 632 3841 scriptis
662 3773 825 3826 etiam
871 3773 923 3827 in
973 3773 1205 3842 gratiam
1238 3772 1627 3841 discipulorum
1655 3773 1985 3843 explicabat.

413 3863 658 3918 Meminit
691 3880 880 3919 eorum
922 3863 1185 3919 Eusebius
1223 3864 1349 3919 libr.
1396 3880 1450 3919 νι
1502 3863 1672 3929 Hist.,
1706 3880 1827 3935 cap.
1877 3865 1985 3929 I8,

410 3958 591 4026 capite
627 3971 757 4011 vero
795 3956 867 4010 24
891 3995 906 4019 ,
952 3956 1180 4009 duorum
1230 3956 1348 4021 ejus
1394 3956 1469 4010 De
1512 3958 1894 4010 resurrectione
1924 3956 1990 4010 li-

410 4047 665 4112 brorum;
719 4059 831 4102 tum
862 4049 1045 4117 operis
1095 4050 1236 4116 Περὶ
1274 4045 1498 4117 ἀρχῶν,
1554 4057 1792 4117 quatuor
1835 4048 1988 4103 libris

411 4134 689 4200 distincti;
731 4135 857 4188 item
881 4135 1275 4205 Στρωματέων
1306 4152 1531 4191 numero
1560 4139 1779 4203 decem;
1811 4148 1866 4192 et
1897 4153 1990 4192 ca-

411 4227 522 4298 pite
554 4225 622 4279 98
670 4225 793 4280 libri
834 4225 906 4279 De
930 4230 1206 4297 martyrio,
1258 4228 1533 4283 Ambrosio
1578 4239 1627 4283 et
1682 4228 1986 4283 Protocteto

412 4318 761 4374 Caesariensis
790 4318 1048 4374 Ecclesiae
1074 4320 1393 4390 presbytero
1428 4321 1773 4387 consecrati;
1810 4331 1866 4375 et
1897 4336 1990 4375 ca-

411 4408 522 4477 pite
547 4408 616 4461 33
649 4408 1081 4478 Disputationqu
1110 4426 1245 4480 quas
1270 4427 1392 4466 cum
1439 4412 1657 4484 Beryllo
1704 4412 1987 4469 Bostrensi

412 4502 673 4570 Origenes
702 4504 946 4558 exercuit
978 4521 993 4569 ;
1042 4514 1097 4559 et
1132 4506 1309 4575 capite
1337 4504 1685 4561 56Iibrorum
1716 4516 1839 4562 octo
1866 4524 1990 4561 cono
2021 4545 2065 4599 Ι)

411 4605 496 4647 tra
551 4595 790 4661 Celsum;
836 4606 891 4650 et
937 4598 1113 4667 capite
1156 4596 1224 4652 59
1270 4611 1583 4651 sermonum
1630 4596 1988 4667 quorumdam

413 4687 480 4742 iis
508 4688 740 4755 utilium,
765 4690 961 4757 quibus
992 4692 1045 4743 in
1078 4690 1363 4744 tormentis
1394 4703 1495 4759 pro
1524 4688 1726 4744 Christi
1764 4690 1870 4745 ﬁde
1904 4699 1989 4744 to-

410 4779 602 4835 leratis
638 4782 1018 4837 consolatione
1049 4798 1186 4853 opus
1214 4793 1396 4847 esset;
1443 4790 1499 4836 et
1547 4781 1745 4851 passim
1785 4782 1991 4852 episto-

410 4871 606 4927 larum.
638 4874 761 4930 llaec
787 4874 855 4929 de
882 4875 1132 4946 Origenis
1160 4874 1539 4946 Syntagmatis
1565 4871 1992 4940 Eusebius,qua:

408 4960 468 5018 in
493 4976 835 5019 antecessura
866 4966 1268 5035 proposuimus,
1305 4966 1681 5019 ﬁdelissimum
1712 4964 1855 5019 hunc
1869 4963 1992 5020 Ori-

484 5147 528 5177 "
562 5144 871 5215 llieronym.
908 5145 963 5199 in
996 5144 1159 5199 Isaia:
1183 5161 1335 5211 LVIII,
1362 5144 1447 5201 II.

481 5330 562 5402 (l)
592 5330 963 5402 Additamento
1004 5339 1140 5384 certe
1174 5328 1564 5402 Theodotionis,
1596 5337 1703 5402 ete.
1748 5325 1978 5402 Vide__D.

412 5397 744 5456 Boi-nardum
767 5402 830 5453 de
856 5401 1195 5457 Montl'aucon
1223 5401 1275 5452 in
1313 5398 1769 5451 Praaliminaribus
1794 5399 1845 5450 in
1870 5397 1979 5451 He-

410 5472 570 5539 xapla
618 5470 867 5540 Origenis
896 5488 1016 5543 pag.
1046 5470 1138 5543 40,
1174 5470 1266 5543 45.
1311 5469 1381 5524 44
1413 5468 1574 5543 βῑμιιὸ,
1616 5469 1705 5522 ubi
1736 5469 1980 5543 pluribus

412 5538 678 5596 de’causis
720 5538 1042 5598 recentiores
1068 5542 1330 5595 editiones
1358 5538 1690 5593 adulteratas
1717 5553 1839 5592 esse
1879 5540 1976 5601 ait,

414 5612 466 5666 I‘
498 5614 622 5680 quia
647 5612 699 5666 in
731 5610 982 5681 Hemaplis
1022 5612 1275 5681 asterisci
1306 5618 1360 5663 et
1386 5609 1527 5662 obe‘li
1567 5624 1597 5661 a
1625 5608 1862 5681 librariis
1887 5625 1980 5661 ne-

413 5683 570 5754 glecti
601 5693 755 5746 sunt;
787 5685 844 5737 2'
880 5685 1003 5754 quia
1030 5699 1093 5735 es
1121 5680 1610 5754 similitudinequa:
1630 5680 1815 5754 obolos
1840 5680 1981 5754 inter

408 5749 776 5812 etleumiscos
811 5749 970 5825 atque
1010 5754 1440 5826 hypolenmiscos
1476 5749 1870 5819 intercedebat,
1901 5749 1982 5805 fa-

2009 1826 2432 1896 Bgenianarum
2504 1842 2687 1882 rerum
2741 1838 3076 1883 narratorem
3135 1844 3246 1900 pra:
3296 1830 3516 1885 caneris
3570 1846 3676 1900 pro

2083 1933 2235 1974 more
2269 1930 2456 1974 nostro
2486 1920 2852 1978 consulentes.

2150 2009 2213 2067 ll.
2236 2010 2389 2065 Nunc
2416 2021 2777 2068 retractemus
2804 2029 2867 2068 ex
2896 2013 2980 2069 his
3005 2014 3203 2084 aliqua,
3224 2024 3276 2070 et
3304 2015 3475 2085 paulo
3502 2031 3675 2071 accu-

2084 2105 2255 2159 ratius
2302 2106 2691 2175 expendamus.
2735 2106 2852 2161 Duo
2883 2109 3146 2163 duntaxat
3172 2106 3251 2162 De
3282 2111 3677 2163 resurrectione

2083 2196 2204 2252 libri
2259 2196 2328 2251 ab
2370 2197 2600 2253 Eusebio
2644 2211 3162 2257 commemorantur.
3205 2200 3678 2273 AtHieronymus

2084 2289 2224 2357 apud
2259 2288 2513 2344 Ruﬁnum
2545 2290 2669 2347 libr.
2696 2306 2734 2346 II
2760 2291 2981 2358 lnoect.,
3016 2294 3302 2363 scripsisse
3327 2306 3521 2350 narrat
3544 2294 3677 2351 Ori-

2085 2395 2275 2453 genem
2296 2384 2343 2416 "
2382 2402 2401 2435 α
2433 2382 2509 2438 De
2534 2386 2912 2440 resurrectione
2946 2387 3113 2442 libros
3146 2389 3300 2451 duos,
3329 2396 3385 2443 et
3415 2389 3559 2443 alios
3598 2388 3681 2442 De

2087 2476 2488 2531 resurrectione
2531 2476 2774 2547 dialogos
2824 2479 2978 2534 duos.
3032 2499 3051 2531 ι
3104 2480 3250 2534 Idem
3299 2479 3676 2553 Hieronymus

2087 2567 2355 2638 epist.6l,
2381 2571 2446 2624 ad
2467 2568 2933 2640 Pammach..cap.
2962 2571 3015 2635 8,
3044 2573 3177 2627 citat
3198 2572 3395 2627 librum
3419 2574 3677 2643 ejusdem

2086 2659 2266 2729 operis
2288 2669 2561 2729 quartum.
2581 2659 2755 2730 Atque
2778 2662 2876 2717 bos
2903 2661 3071 2718 libros
3099 2662 3403 2719 Methodius
3418 2664 3679 2735 ejusdem

2089 2750 2228 2805 tituli
2255 2767 2420 2821 opere
2449 2753 2765 2812 confutavit.

2159 2843 2245 2899 Ill.
2269 2846 2456 2900 Libros
2480 2849 2843 2917 Στρωματεῐς
2870 2849 3132 2920 Origenes
3153 2848 3398 2904 elimavit
3449 2851 3522 2905 ad
3551 2849 3681 2905 Cle-

2086 2938 2288 2993 mentis
2308 2939 2637 3009 exemplum,
2663 2955 2691 2994 a
2715 2957 2822 3012 quo
2851 2944 3001 3011 paris
3025 2943 3329 3013 argumenti
3379 2952 3436 2998 et
3473 2944 3680 3000 inscri-

2088 3029 2289 3098 ptionis
2344 3029 2751 3088 lucubrationes
2799 3034 2960 3090 hodie
3010 3037 3330 3107 superstites
3374 3038 3681 3093 elaboratae

2090 3130 2235 3175 sunt.
2285 3119 2645 3193 Hieronymus
2685 3124 2843 3194 epist.
2880 3125 2980 3189 84,
3023 3141 3142 3196 quae
3194 3138 3277 3184 est
3314 3130 3383 3183 ad
3412 3129 3681 3199 Magnum

2091 3210 2374 3266 Oratorem
2402 3211 2707 3267 Romanum
2741 3228 2756 3266 :
2788 3231 2807 3264 t
2852 3212 3103 3272 Clemens
3134 3218 3529 3274 Alexandrina:
3574 3219 3683 3275 Ec-

2092 3304 2270 3358 clesiae
2304 3308 2607 3377 presbyter,
2640 3322 2759 3361 meo
2811 3307 3017 3377 judicio
3060 3312 3301 3365 omnium
3359 3313 3682 3369 eruditissi-

2094 3412 2235 3462 mus,
2250 3409 2372 3452 octo
2390 3399 2611 3467 scripsit
2629 3400 2957 3455 Stromatum
2976 3402 3163 3471 libros,
3184 3414 3236 3458 et
3256 3405 3478 3461 totidem
3498 3406 3683 3463 Ὑπο-

2092 3492 2427 3560 tonderetur,
2449 3505 2503 3549 et
2519 3492 2682 3548 alium
2711 3505 2893 3549 contra
2922 3506 3121 3566 gentes;
3145 3495 3433 3569 Pwdagogi
3459 3516 3683 3572 quoque

2094 3581 2197 3635 tria
2232 3582 2529 3638 volumina.
2555 3583 2697 3651 Quid
2721 3587 2772 3638 in
2807 3585 2912 3639 illis
2945 3587 3269 3642 indoctum?
3309 3590 3440 3659 quid
3490 3607 3604 3646 non
3652 3607 3684 3648 e

2094 3677 2269 3731 media
2294 3677 2629 3748 philosophia
2659 3678 2796 3733 est?
2828 3679 2981 3733 Hunc
3017 3678 3257 3734 imitatus
3279 3681 3551 3753 Origenes
3582 3685 3682 3739 de-

2094 3782 2213 3823 cem
2269 3768 2493 3837 scripsit
2529 3768 2869 3825 Stromateas
2896 3810 2911 3834 ,
2943 3767 3380 3825 Christianorum
3414 3781 3467 3827 et
3499 3772 3684 3842 philo-

2094 3859 2390 3927 sophorum
2437 3859 2577 3914 inter
2608 3874 2667 3914 se
2696 3860 2994 3914 sententias
3030 3875 3375 3929 comparans,
3401 3870 3455 3915 et
3490 3864 3682 3917 omnia

2096 3959 2297 4017 nostra:
2336 3951 2610 4022 religionis
2639 3953 2888 4022 dogmata
2912 3953 2978 4008 de
3010 3953 3235 4008 Platone
3267 3964 3322 4008 et
3348 3954 3682 4017 Aristotele,

2095 4043 2362 4099 Numenio
2414 4042 2761 4114 Cornutoque
2802 4045 3149 4101 conﬁrmans.
3210 4067 3229 4101 ι
3290 4046 3447 4103 Hunc
3494 4050 3683 4119 ipsum

2099 4135 2485 4208 Hieronymum
2516 4137 2713 4192 alicubi
2756 4136 2941 4193 dicere
2990 4139 3065 4192 ait
3102 4140 3346 4205 Ruﬁnus,
3391 4160 3410 4192 ‹
3446 4140 3681 4198 Conic-

2096 4230 2312 4283 deratos
2343 4242 2466 4283 esse
2492 4230 2750 4297 quosdam
2774 4228 2996 4299 Origeni
3021 4229 3087 4283 ad
3109 4229 3424 4299 perjurium,
3450 4241 3507 4285 et
3532 4232 3683 4287 istud

2098 4321 2339 4392 mystica:
2369 4319 2490 4389 ejus
2518 4321 2831 4375 traditionis
2854 4336 3111 4374 arcanum
3147 4320 3530 4377 absconditum
3559 4339 3684 4379 esse

2097 4412 2151 4466 in
2176 4421 2330 4466 sexto
2372 4410 2696 4466 Stramatum
2729 4413 2904 4477 libro;
2938 4430 3038 4468 nec
3071 4414 3137 4467 ab
3166 4414 3275 4467 ullo
3324 4413 3440 4470 alio
3484 4416 3545 4469 in
3601 4424 3682 4470 tot

2097 4505 2329 4570 saeculis,
2359 4505 2463 4560 nisi
2492 4522 2520 4558 a
2543 4519 2601 4560 se
2630 4504 2744 4560 solo
2772 4506 3194 4573 deprehensum.
3235 4526 3255 4559 ι
3303 4509 3362 4560 In
3396 4506 3682 4564 Prommio

2094 4612 2221 4652 vero
2266 4597 2638 4653 Commentar.
2680 4600 2737 4651 in
2787 4596 2959 4668 Epist.
3014 4600 3083 4651 ad
3138 4596 3340 4665 Galat.,
3380 4600 3681 4671 Origenem

2093 4690 2284 4745 scribit
2331 4691 2600 4745 decimum
2651 4689 2987 4745 Stromateon
3030 4706 3251 4747 suorum
3280 4692 3479 4748 librum
3516 4695 3682 4752 Com-

2095 4781 2295 4835 matico
2328 4794 2489 4847 super
2514 4780 2895 4847 explanatione
2930 4781 3186 4852 Epistolas
3208 4783 3277 4839 ad
3308 4784 3537 4843 Galatas
3557 4802 3679 4843 ser-

2094 4884 2255 4925 mone
2278 4870 2631 4940 complevisse
2661 4892 2672 4925 :
2704 4881 2760 4926 et
2788 4872 2842 4926 in
2874 4883 3035 4942 caput
3070 4890 3166 4929 qu
3232 4874 3473 4931 Danielis
3524 4894 3678 4947 qua:-

2096 4964 2221 5017 dam
2255 4964 2333 5019 ait
2364 4964 2537 5033 ipsum
2582 4965 2635 5018 in
2682 4965 2871 5019 eodem
2912 4964 3249 5021 Stramateon
3283 4966 3421 5024 libro
3465 4968 3540 5025 de
3577 4970 3678 5025 Su-

1527 5147 1572 5178 ⁶⁶
1604 5145 1788 5201 Ruﬁn.
1812 5143 2012 5201 Invect.
2031 5160 2091 5199 II.

2083 5335 2229 5382 ctum
2260 5334 2422 5382 estut
2444 5324 2685 5380 lemnisci
2718 5338 2816 5393 pro
2856 5324 3027 5379 obelis
3062 5324 3174 5379 sint
3204 5324 3370 5379 habiti
3400 5341 3417 5388 ;
3460 5324 3522 5380 3-
3550 5328 3673 5394 quia

2085 5398 2387 5451 litterarum
2416 5395 2727 5451 Graecarum
2756 5396 2899 5449 inter
2921 5410 2980 5449 se
3008 5394 3266 5450 similium
3302 5395 3565 5465 frequens
3593 5396 3673 5450 ls-

2085 5480 2170 5523 cta
2198 5478 2279 5521 est
2311 5467 2695 5531 commutatio;
2724 5465 2783 5518 4-
2817 5466 3069 5534 denique,
3108 5466 3232 5534 quia
3267 5476 3486 5533 propter
3517 5468 3674 5521 simi-

2085 5538 2365 5592 litudinem
2390 5538 2679 5590 verborum
2702 5546 2753 5590 et
2782 5536 2920 5600 soni,
2955 5535 3310 5607 prolegitimo
3340 5537 3505 5589 verbo
3529 5537 3674 5607 aliud

2086 5609 2351 5662 interdum
2386 5608 2640 5661 mendose
2676 5608 2997 5674 ponebatur.
3047 5606 3176 5670 Qua:
3216 5606 3673 5661 commutationes

2086 5690 2140 5734 et
2172 5678 2508 5747 negligentia:
2539 5686 2592 5731 ut
2622 5677 2912 5747 plurimum
2945 5678 2999 5732 in
3033 5674 3309 5733 budiernis
3341 5677 3671 5733 editionibus

2090 5759 2491 5806 ῐριυειιιεετυηι.
