3794 6222
136 336 267 392 1255

968 305 1545 391 ORIGENIA‘NORUM
1584 331 1712 389 LIB.
1754 329 1843 397 ιιι,
1883 330 2036 387 CAP.
2080 330 2169 397 ιιι,
2212 330 2405 388 SECT.
2450 332 2493 386 ι.

3244 335 3380 393 1254

131 471 308 513 sanna:
344 465 396 510 et
421 455 794 511 Belis'fabnlis
824 456 1049 511 dixisse.
1072 456 1211 524 Quin
1239 455 1407 511 etiam
1446 450 1502 508 in
1536 456 1696 525 epist.
1734 458 1779 515 Α
1811 450 1981 507 fuisse
2008 451 2291 519 collectas,
2342 463 2394 507 et
2444 452 2498 507 in
2534 452 2780 524 proprios
2806 452 2973 509 libros
3007 453 3243 524 digestas
3273 464 3383 511 tra-

132 548 219 612 65,
248 548 315 601 ad
348 547 662 602 Pannnach.
688 556 742 603 et
771 546 996 615 Ocean.,
1023 563 1141 616 cap.
1175 548 1230 611 2,
1272 544 1545 601 neminem
1594 545 1700 599 La-
1800 546 1879 600 dit
1907 545 2174 601 Eusebius
2206 546 2326 600 libr.
2367 562 2419 599 vr
2473 545 2640 611 llist.,
2672 559 2793 617 cap.
2820 548 2909 612 56,
2952 562 3175 603 numero
3201 561 3380 607 autem

131 639 359 692 tinorum
386 635 613 693 affirmat
640 646 767 692 ante
808 653 962 692 suam
998 647 1216 691 aetatem
1248 638 1415 692 libros
1444 635 1698 708 Origenis

133 729 204 783 De
231 731 606 784 resurrectione
644 730 787 798 Περὶ
820 726 1044 798 ἀρχῶν,
1063 726 1416 792 Stromateas,
1441 739 1496 784 et
1524 738 1697 783 tomos

132 819 419 875 transferre
449 820 684 875 voluisse
709 860 723 886 ,
758 828 980 889 propter
1021 820 1318 874 novitatem
1360 819 1572 874 scilicet
1604 820 1700 874 do-

130 914 333 967 ctrinae.
383 912 648 981 Quoniam
683 913 851 983 igitur
897 912 965 966 ad
1006 910 1353 966 ‘Stromateon
1404 910 1699 966 Clementis

129 1005 428 1076 exemplum
459 1020 586 1061 suos
616 1012 996 1075 composuerat
1022 1004 1288 1075 Origenes
1313 1043 1329 1067 ,
1368 1012 1428 1058 ut
1474 1018 1699 1058 accura-

129 1101 231 1155 tius
264 1109 602 1169 perspectum
640 1100 838 1154 habere
861 1098 1034 1168 possis
1062 1113 1167 1168 quo
1194 1098 1266 1151 illi
1294 1098 1347 1152 in
1376 1110 1699 1169 argumento

127 1194 346 1258 versati,
369 1209 475 1262 qua
503 1202 621 1246 arte
650 1193 850 1247 conditi
877 1192 986 1247 sint
1010 1229 1025 1255 ,
1083 1191 1201 1262 lege
1249 1190 1567 1245 Eusebianae
1603 1189 1702 1244 Hi-

127 1287 301 1338 storiaz
334 1286 455 1339 libri
491 1286 628 1339 sexti
678 1297 841 1355 caput
887 1285 1154 1339 decimum
1207 1285 1427 1339 tertium
1458 1322 1476 1352 ,
1510 1284 1600 1339 ubi
1633 1286 1702 1340 de

128 1379 227 1433 hac
251 1378 543 1434 Clementis
573 1379 870 1449 scriptione
894 1378 1201 1433 disseritur.

120 1472 123 1473 ⁷
181 1470 287 1526 ιν.
338 1473 490 1539 Quod
520 1472 715 1527 attinet
744 1472 813 1526 ad
850 1471 1045 1525 librum
1099 1469 1174 1523 De
1222 1469 1501 1539 martyrio,
1536 1468 1603 1523 de
1633 1471 1703 1523 'eo

127 1564 199 1619 ita
258 1563 706 1621 commemoravit
764 1563 1124 1635 Hieronymus
1174 1563 1269 1619 lib.
1324 1563 1401 1617 De
1458 1564 1700 1633 scriptor.

125 1658 439 1721 ecclesiast.,
480 1672 601 1728 cap.
630 1657 731 1724 67,
762 1658 845 1712 his
871 1658 1050 1713 verbis
1085 1676 1098 1711 :
1137 1674 1156 1708 t
1195 1655 1512 1711 Ambrosius
1557 1671 1691 1711 con-

126 1751 379 1807 fessionis
408 1752 697 1807 Dominicae
739 1752 909 1823 gloria
942 1752 1169 1822 insignis
1206 1749 1352 1815 fuit,
1398 1751 1484 1805 cui
1529 1750 1700 1806 Theo-

1803 638 1973 693 fuisse
2038 638 2156 693 illas
2210 638 2497 709 plusquam
2563 651 2801 693 centum.
2855 639 3383 699 Conficientissimus

1802 732 1997 801 quippe
2025 730 2328 785 litterarum
2375 730 2640 800 Origenes
2686 731 2811 787 fuit.
2843 731 3068 787 Librum
3102 735 3382 791 collectio—

1803 825 1889 879 nis
1922 824 2087 894 hujus
2116 831 2370 892 quartum
2401 825 2533 878 citat
2571 824 2801 878 Ruﬁnus
2832 825 2883 879 in
2922 824 3103 880 libello
3128 826 3205 881 De
3234 828 3382 881 adul-

1803 916 2058 970 terationc
2110 915 2367 969 librorum
2420 915 2684 987 Origenis.
2737 917 2817 971 Ex
2860 917 2963 972 hoc
3015 917 3379 988 Epistolarum

1803 1006 2152 1077 Syntagmate
2182 1007 2316 1062 istas
2344 1008 2411 1061 ab
2444 1007 2681 1064 Eusebio
2727 1021 3184 1067 commemoratas
3213 1014 3256 1044 ⁶⁷
3293 1028 3378 1068 re-

1801 1100 1997 1169 perio:
2032 1099 2203 1168 prima
2243 1099 2288 1130 °"
2316 1110 2399 1155 est
2445 1102 2512 1155 ad
2549 1101 2840 1157 Leonidem
2887 1104 3145 1174 martyrio
3198 1107 3380 1175 proxi-

1804 1205 1949 1243 mum
1976 1206 1989 1243 :
2011 1189 2240 1244 alteram
2272 1191 2316 1223 "
2342 1193 2563 1261 scripsit
2586 1192 2849 1264 Origenes
2873 1196 3137 1252 adversus
3168 1214 3262 1253 eos
3288 1200 3381 1268 qui

1802 1297 1961 1338 suum
2002 1284 2056 1337 in
2094 1283 2309 1338 litteras
2339 1286 2690 1341 humaniores
2735 1288 2975 1342 studium
3017 1290 3381 1345 criminaban-

1805 1386 1925 1441 tur;
1972 1376 2217 1446 proxima
2272 1376 2610 1432 diversarum
2660 1379 3010 1448 epistularum
3049 1396 3382 1438 commemo-

1804 1469 1942 1524 ratio
1988 1481 2109 1533 est,
2143 1469 2196 1523 in
2246 1470 2444 1538 quibus
2491 1472 2763 1527 indicatur
2793 1475 3186 1543 persecutionis
3218 1485 3385 1530 sextae

1806 1571 2038 1632 tempus.
2070 1577 2299 1631 quarum
2352 1572 2533 1619 tamen
2583 1565 2969 1637 inscriptiones
2996 1577 3050 1623 et
3084 1568 3267 1623 titulos
3312 1571 3386 1624 si-

1804 1654 2030 1724 gillatim
2066 1654 2332 1709 Eusebius
2360 1670 2467 1709 non
2503 1658 2851 1727 persequitur
2886 1677 2897 1713 :
2932 1668 3043 1713 tum
3084 1658 3134 1690 "°
3179 1659 3387 1717 mentio

1806 1746 1864 1801 flt
1911 1746 2165 1816 Epistolae
2198 1748 2264 1802 ad
2304 1748 2627 1803 Africanum
2685 1751 2751 1805 de
2801 1750 3063 1807 Susanna:
3098 1752 3323 1809 historia
3364 1770 3385 1812 :

128 1843 293 1899 ctisto
317 1843 637 1916 presbytero
676 1842 814 1897 liber
843 1842 1094 1913 Origenis
1120 1840 1193 1895 De
1220 1842 1475 1911 martyrio
1502 1841 1699 1896 scribi-
1732 1828 1775 1885 Β
1805 1838 2059 1894 laudatur
2087 1840 2285 1896 deinde
2306 1841 2351 1872 “
2386 1841 2626 1911 Epistola
2652 1844 2718 1897 ad
2743 1842 3050 1914 Philippum
3085 1846 3383 1916 imperato-

126 1946 233 1989 tur.
278 1956 297 1987 ι
337 1936 650 2004 Legendum
684 1935 904 1991 omnino
935 1953 948 1989 :
981 1937 1064 1988 cui
1099 1944 1147 1988 et
1186 1932 1505 1987 Theoctisto.
1548 1932 1605 1988 ιιι
1653 1934 1698 1988 si

124 2030 351 2085 vidisset
402 2032 672 2101 interpres
707 2027 928 2084 Graecus
957 2069 972 2095 ,
1010 2027 1304 2082 absurdum
1330 2040 1333 2045 '
1364 2028 1503 2081 hanc
1547 2027 1702 2081 nobis

120 2123 629 2193 interpretationem
670 2123 979 2191 neutiquam
1021 2122 1258 2175 dedisset
1298 2138 1312 2175 :
1351 2119 1539 2191 Τούτῳ
1574 2118 1703 2173 Θεο-

126 2214 345 2268 κτῐστου
371 2214 737 2286 πρεσϐυτέρου
774 2214 953 2285 βίϐλος
984 2214 1296 2287 Ὠριγένους
1319 2215 1459 2285 Περὶ
1486 2233 1703 2285 μαρτυ-

117 2308 257 2375 ρίου
283 2308 575 2379 γράφεται.
606 2307 833 2364 Videtur
861 2309 1060 2379 legisse
1093 2327 1107 2363 :
1136 2308 1233 2363 Cui
1273 2308 1554 2365 Theoctisli
1583 2326 1701 2378 pre-

124 2403 324 2468 sbyteri
353 2401 505 2465 liber,
542 2412 653 2456 etc.
702 2400 1079 2456 Tlieoctistum
1132 2402 1385 2456 nominat
1438 2400 1703 2475 Hierony-

126 2508 270 2559 mus,
309 2495 398 2563 qui
435 2495 501 2549 ab
531 2494 764 2549 Eusebio
800 2494 1143 2549 Prot0ctetus
1169 2496 1487 2565 appellatur.
1521 2494 1700 2550 Theo-

126 2586 329 2641 ctistns
389 2585 746 2643 Ctesariensis
812 2586 915 2641 fuit
969 2586 1299 2657 episcopus;
1357 2585 1704 2641 Protoctetus

124 2676 371 2745 ejusdem
424 2677 681 2734 Ecclesia:
729 2680 1062 2749 presbyter:
1097 2694 1378 2749 perperam
1434 2694 1529 2734 eos
1574 2696 1705 2734 con-

126 2769 305 2825 fundit
338 2770 718 2843 Hieronymus.
752 2771 1065 2827 Protocteto
1089 2813 1103 2838 ,
1141 2788 1249 2827 non
1283 2772 1599 2828 Theoctisto
1624 2773 1703 2827 in-

106 2864 335 2935 scriptus
381 2875 464 2919 est
514 2866 651 2920 liber
702 2866 829 2929 iste,
859 2864 937 2935 (2)
992 2875 1050 2920 ut
1086 2864 1331 2920 ostendit
1361 2865 1480 2935 ejus
1519 2881 1703 2919 exem-

125 2958 244 3027 plar
275 2959 510 3013 nondum
544 2960 772 3024 editum,
814 2961 956 3028 quod
1002 2974 1168 3029 penes
1196 2974 1280 3014 me
1306 2968 1411 3013 est.
1449 2957 1700 3026 Ejusdem

114 3051 432 3122 argumenti
478 3050 774 3121 Epistolam
805 3052 871 3105 ad
915 3050 1127 3106 Patrem
1162 3052 1426 3123 martyrio
1465 3051 1703 3105 destina-

125 3153 237 3198 tum
271 3144 568 3214 scripserat
594 3143 954 3198 Adamantius
983 3137 1283 3199 etiamnum
1323 3159 1491 3213 puer;
1548 3144 1701 3211 cujus
1728 3178 1770 3236 ο

122 3237 365 3306 epistolae
416 3237 577 3292 verba
612 3237 855 3308 quaedam
902 3238 1096 3305 repetit
1144 3238 1406 3293 Eusebius
1454 3237 1579 3293 libr.
1645 3252 1698 3291 γι

114 3326 357 3394 Ηὶειοτη
390 3343 506 3399 cap.
540 3329 597 3384 2.

178 3420 262 3476 ην.
315 3421 447 3476 Acta
478 3422 900 3480 concertationis
947 3422 1164 3495 Origeni
1197 3439 1319 3480 cum
1350 3424 1565 3495 Beryllo
1594 3425 1694 3479 ha-

120 3514 251 3569 bitae
278 3514 523 3569 eamdem
555 3514 724 3571 fuisse
749 3516 986 3571 arbitror
1007 3526 1168 3586 atque
1195 3517 1470 3586 Dialogum
1500 3517 1701 3571 utrius-

120 3622 248 3677 que,
280 3623 386 3678 quo
415 3609 685 3665 haereseos
713 3609 957 3682 Beryllus
978 3610 1314 3681 coarguitur.
1347 3611 1500 3665 Hunc
1540 3620 1699 3666 aetate

120 3712 222 3751 sua
252 3697 525 3753 exstitisse
551 3700 743 3755 scribit
783 3700 1141 3773 Hieronymus
1178 3700 1305 3755 libr.
1341 3700 1416 3755 De
1447 3703 1694 3771 scriptor.

119 3789 311 3845 eccles.
342 3807 460 3862 cap.
502 3792 588 3845 71.
620 3792 823 3848 Praeter
881 3795 1025 3849 hunc
1063 3794 1356 3864 dialogum,
1397 3795 1533 3850 alios
1564 3810 1698 3865 quo-

118 3896 227 3951 que
273 3881 467 3937 litteris
496 3883 760 3952 Origenes
789 3886 1076 3940 mandasse
1122 3886 1317 3941 fertur.
1362 3884 1591 3942 Rufinus
1644 3887 1695 3941 in

118 3972 308 4029 libello
360 3973 433 4028 De
478 3975 866 4031 adulteratione
911 3978 1163 4031 librorum
1205 3977 1472 4049 Origenis,
1507 3994 1698 4049 quem-

118 4068 248 4122 dam
286 4068 351 4122 ab
377 4083 441 4123 eo
463 4069 850 4139 conscriptum,
880 4081 934 4125 et
958 4086 986 4124 a
1017 4071 1258 4128 Candido
1282 4074 1537 4128 haeretica
1566 4089 1697 4143 quo-

116 4173 246 4214 cum
305 4159 523 4215 habitus
584 4161 805 4225 fuerat,
859 4162 1222 4217 adulteratmn
1281 4174 1692 4221 commemorat.

115 4249 617 4306 Circumferebatur
663 4252 749 4307 ille
783 4250 1097 4324 Hieronymi
1127 4255 1484 4323 temporibus,
1521 4256 1575 4310 in
1606 4271 1696 4312 eo-

115 4358 225 4412 que
268 4342 529 4412 Origenes
554 4384 569 4411 ,
614 4353 670 4399 et
712 4344 987 4400 Candidus
1020 4343 1404 4400 Valentiniante
1442 4345 1694 4401 defensor

115 4439 393 4491 haereseos
447 4438 590 4492 inter
622 4437 727 4491 alia
756 4439 1102 4509 disputabant
1127 4481 1142 4506 ,
1184 4438 1425 4494 Filiusne
1457 4450 1601 4494 esset
1630 4438 1696 4493 de

1808 1947 1944 2000 rem,
1978 1932 2085 1987 alia
2112 1933 2179 2005 ad
2208 1932 2497 2003 conjugem
2534 1934 2701 2003 ipsius
2736 1935 3015 2001 Severum,
3048 1937 3155 1991 alia
3189 1940 3257 1993 ad
3284 1937 3386 1992 Fa-

1804 2026 2025 2079 bianum
2055 2040 2250 2095 papam
2278 2066 2294 2092 ,
2335 2026 2453 2080 alia;
2485 2027 2550 2081 ad
2579 2027 2715 2083 alios
2743 2028 3052 2097 complures
3076 2030 3383 2101 episcopos,

1805 2117 2003 2186 quibus
2050 2118 2171 2173 fidei
2205 2119 2474 2189 professio
2500 2120 2917 2187 continebatur;
2950 2128 3005 2176 et
3033 2122 3263 2178 diversa:
3292 2125 3385 2180 de-

1807 2210 1971 2280 nique
2016 2210 2273 2267 distincte
2310 2229 2418 2267 non
2458 2222 2704 2269 notatae:
2744 2216 3089 2285 postmodum
3139 2216 3386 2286 plurima;

1805 2302 2043 2358 citantur
2073 2305 2315 2375 epistola:
2339 2306 2408 2373 ",
2438 2322 2559 2377 quae
2604 2307 2961 2363 declarabant
3007 2324 3169 2378 quam
3225 2311 3385 2366 utiles

1806 2394 1874 2449 iis
1905 2408 2184 2452 sermones
2216 2398 2567 2469 reliquisset,
2604 2402 2694 2469 qui
2746 2400 2942 2455 solatio
2974 2402 3027 2455 in
3059 2403 3387 2459 cruciatibus

1807 2487 2139 2558 indigebant.
2204 2488 2330 2545 Haec
2385 2491 2669 2548 Eusebius.
2723 2493 2974 2549 Testatur
3028 2493 3387 2566 Hieronymus

1804 2580 1899 2636 lib.
1929 2580 2006 2636 De
2039 2584 2286 2651 scriptor.
2339 2584 2523 2639 eccles.
2553 2602 2672 2654 cap.
2711 2586 2780 2641 65
2806 2628 2821 2652 ,
2854 2602 2950 2642 sua
2987 2597 3148 2644 aetate
3192 2603 3383 2659 super-

1806 2670 1974 2728 fuisse
2018 2671 2271 2744 Origenis
2305 2675 2574 2746 Epistolas
2620 2680 2685 2732 ad
2736 2676 3063 2749 Philippum.
3111 2681 3387 2751 ipsiusque

1804 2775 2069 2833 matrem;
2116 2783 2239 2822 cum
2286 2767 2551 2824 Eusebius
2591 2784 2621 2824 e
2666 2785 2773 2839 quo
2822 2771 2967 2826 hunc
3006 2772 3201 2826 librum
3252 2772 3385 2827 Hie-

1804 2871 2063 2929 ronymus
2103 2861 2505 2915 consarcinavit
2527 2901 2543 2927 ,
2602 2864 2829 2927 habeat,
2861 2863 2960 2934 τὴν
2992 2864 3181 2917 τούτου
3209 2882 3385 2937 γαμε-

1802 2950 1925 3023 τήν,
1968 2955 2242 3021 conjugem
2276 2954 2463 3021 ipsius.
2508 2954 2652 3009 Idem
2698 2956 2891 3011 scribit
2936 2957 3000 3011 de
3040 2955 3235 3013 litteris
3261 2956 3383 3013 Ori-

1803 3045 1955 3113 genis
1987 3045 2053 3099 ad
2074 3045 2343 3116 Beryllum
2378 3047 2723 3102 Bostrensem
2760 3048 3072 3117 episcopum
3120 3048 3383 3120 Hierony-

1805 3153 1923 3193 mus
1951 3138 2147 3194 ibidem
2180 3154 2304 3209 cap.
2334 3140 2422 3193 71.
2456 3138 2688 3195 Ruﬁnus
2741 3154 2958 3211 quoque
3005 3141 3059 3194 in
3090 3139 3272 3195 libello
3307 3141 3383 3194 De

1801 3229 2033 3283 adulter.
2067 3230 2251 3287 libror.
2306 3230 2550 3301 Origenis
2602 3234 2927 3289 testimoniis
2974 3232 3143 3287 utitur
3167 3248 3234 3287 ex
3260 3234 3380 3302 epi-

1801 3321 1937 3377 stola
1968 3323 2037 3377 ab
2072 3323 2306 3394 Origene
2338 3325 2404 3377 ad
2442 3325 2648 3381 amicos
2675 3325 2936 3395 quosdam
2988 3340 3117 3380 suos
3145 3324 3384 3379 Alexan-

1800 3412 1988 3468 drinos
2015 3415 2215 3483 scripta
2244 3432 2256 3468 :
2289 3424 2344 3468 et
2373 3414 2599 3467 alteram
2633 3414 2816 3468 laudat
2843 3425 3105 3484 praeterea
3141 3415 3382 3484 ejusdem

1800 3506 2119 3570 argumenti.
2153 3506 2393 3576 Epistola
2438 3504 2679 3574 ejusdem
2723 3509 2790 3561 ad
2834 3508 3156 3578 Gregorium
3202 3508 3387 3563 Thau-

1801 3604 2103 3666 maturgunt
2128 3596 2341 3652 decimo
2390 3599 2550 3653 tertio
2578 3597 2896 3652 Philocafice
2926 3599 3107 3669 capite
3139 3599 3385 3653 continev

1802 3696 1907 3742 tur.
1945 3688 2159 3743 Partem
2194 3690 2429 3759 denique
2460 3689 2703 3759 epistolae
2733 3688 3017 3759 cujusdam
3065 3687 3381 3746 Adamantii

1799 3780 2081 3852 proferunt
2102 3782 2383 3837 Cedrenus
2420 3790 2473 3837 et
2503 3782 2722 3837 Suidas.

1867 3895 1981 3950 VII.
2018 3896 2261 3969 Aliarum
2290 3905 2549 3966 praeterea
2605 3895 2966 3968 quarumdam
3015 3896 3380 3967 scriptionum

1797 3987 2047 4057 Origenis
2098 3990 2425 4046 mentionem
2480 3990 2621 4060 apud
2673 3999 2885 4045 veteres
2940 3989 3177 4044 invenio.
3225 3988 3382 4045 Philo

1796 4080 2013 4135 Judacus
2062 4081 2309 4160 ediderat
2373 4081 2571 4136 librum
2636 4080 3028 4137 Hebraicorum
3093 4080 3378 4136 nominum

1799 4174 2013 4229 Veteris
2044 4174 2399 4238 Testamenti,
2429 4188 2731 4244 eorumque
2760 4175 3114 4244 etymologias
3138 4183 3191 4228 et
3219 4174 3384 4229 inter-

1796 4268 2131 4336 pretationes
2160 4265 2432 4334 adjecerat
2462 4281 2477 4320 :
2514 4282 2673 4337 quem
2712 4267 2914 4322 librum
2952 4266 3141 4321 Latina
3176 4267 3382 4321 oratio-

1797 4374 1865 4413 ne
1902 4358 2263 4429 l’lieronymus
2291 4374 2577 4429 expressu.
2611 4360 2768 4426 Quod
2803 4361 2855 4416 in
2893 4360 3239 4415 Testamento
3274 4361 3381 4415 Ve-

1800 4453 1899 4507 teri
1936 4454 2142 4508 fecerat
2169 4452 2346 4517 Philo,
2380 4453 2517 4507 idem
2541 4454 2594 4506 in
2618 4453 2768 4508 Novo
2796 4452 3062 4507 factitavit
3086 4450 3375 4523 Origenes,

114 4527 299 4582 Patris
329 4529 658 4595 substantia,
688 4538 744 4583 et
773 4540 954 4584 utrum
998 4528 1245 4584 diabolus
1286 4530 1401 4599 ejus
1429 4540 1572 4587 esset
1597 4547 1695 4585 na-
1731 4552 1773 4607 ι)
1803 4561 2069 4615 suumque
2099 4560 2232 4614 opus
2262 4545 2328 4599 ad
2355 4560 2490 4612 opus
2517 4544 2759 4599 Philonis
2796 4544 3081 4614 adjunxit;
3125 4543 3176 4596 in
3206 4557 3381 4610 eoque

114 4632 277 4692 turae,
305 4639 427 4693 qua;
478 4624 708 4679 salutem
741 4624 965 4693 adipisci
1018 4640 1125 4680 non
1165 4636 1366 4694 posset.
1407 4625 1694 4681 Africanus

112 4718 373 4788 Origenis
403 4717 624 4787 aequalis
648 4728 703 4771 et
753 4717 960 4772 amicus
992 4717 1146 4773 initio
1180 4717 1454 4785 Epistolas,
1478 4733 1582 4788 qua
1614 4718 1694 4787 ip-

112 4812 232 4867 sius
266 4812 591 4865 sententiatn
621 4811 686 4865 de
718 4809 981 4865 Susanna:
1016 4811 1245 4866 historia
1298 4813 1546 4882 rogavit,
1578 4812 1693 4866 lau-

111 4904 211 4958 dat
238 4902 518 4973 Dialogum
548 4902 665 4971 ejus
696 4902 763 4956 ad
792 4902 1160 4973 Agnomonem
1190 4944 1205 4969 ,
1240 4903 1291 4957 in
1341 4917 1448 4971 quo
1479 4914 1691 4973 partem

112 4995 265 5050 illam
298 4995 418 5050 libri
440 4993 679 5050 Danielis
712 4995 765 5050 in
802 4995 1171 5049 testimonium
1215 4994 1531 5059 adduxerat,
1569 5008 1689 5063 qua:

113 5088 388 5143 Susann:e
419 5103 606 5143 casum
653 5097 860 5143 narrat.
915 5088 1106 5141 Exstat
1153 5086 1385 5156 denique
1432 5087 1690 5157 Dialogus

111 5183 178 5234 de
214 5191 355 5234 recta
384 5183 438 5235 in
472 5181 638 5235 Deum
678 5181 803 5249 fide,
830 5179 922 5250 qui
975 5190 1026 5235 et
1076 5189 1258 5233 contra
1312 5178 1689 5233 Marcionistas

110 5274 466 5340 inscribitur;
508 5275 602 5329 sed
632 5274 848 5343 spurius
885 5283 940 5328 et
981 5272 1357 5342 supposititius
1382 5311 1399 5337 ,
1452 5282 1510 5327 ut
1550 5271 1689 5326 infra

108 5369 633 5425 demonstrabimus.

186 5462 277 5515 \‘l.
304 5460 573 5532 Epistolas
604 5460 851 5531 Origenis
894 5468 1156 5530 quotquot
1194 5468 1311 5515 erat
1340 5468 1549 5524 nactus,
1576 5474 1605 5513 a
1630 5473 1689 5515 se

183 5580 230 5610 ⁸⁷
262 5578 455 5634 Euseb.
492 5577 614 5633 libr.
644 5593 697 5633 vt
728 5575 897 5643 Hist.,
923 5590 1044 5645 cap.
1068 5575 1123 5629 2.
1202 5575 1247 5607 ⁸⁸
1288 5575 1417 5631 ibid.
1446 5590 1568 5646 cap.
1624 5576 1711 5631 t9.

104 5646 157 5683 ”
188 5649 320 5704 ibid.
350 5664 473 5719 cap.
506 5648 594 5703 39.

182 5763 264 5835 (3)
310 5765 381 5819 Ut
430 5766 653 5820 ostendit

94 5838 251 5901 quod
291 5853 445 5907 penes
474 5853 551 5892 me
582 5845 676 5892 est.

739 5764 812 5821 ius
863 5766 1131 5834 exemplar
1176 5766 1407 5819 nondum
1452 5767 1679 5831 editmn,

766 5836 853 5893 ide
898 5838 1026 5894 tomi
1080 5838 1247 5894 uoslri
1300 5838 1499 5906 prioris
1552 5853 1672 5908 pag.

1800 4637 2184 4707 Hieronymum
2233 4637 2562 4690 imitatorem
2596 4635 2781 4689 habuit
2812 4652 2825 4687 :
2862 4632 3016 4702 cujus
3066 4634 3229 4686 verba
3263 4632 3379 4687 haec

1799 4740 1926 4785 sunt
1968 4730 2019 4784 in
2049 4727 2269 4783 Prazfat.
2297 4728 2361 4783 ad
2400 4728 2595 4783 librum
2629 4727 2881 4781 Hebruic.
2907 4726 3177 4781 nominum
3201 4739 3220 4777 :
3250 4742 3268 4775 ι
3299 4726 3379 4779 Ac

1798 4836 1867 4876 ne
1916 4820 2055 4876 forte
2082 4828 2462 4875 consummato
2486 4819 2719 4875 aedificio
2763 4823 2917 4887 quasi
2948 4829 3191 4873 extrema
3222 4817 3381 4872 dees-

1798 4922 1883 4968 set
1915 4928 2127 4976 manus,
2165 4912 2299 4969 Novi
2333 4912 2668 4969 Testamenti
2716 4912 2885 4966 verba
2921 4922 2976 4965 et
3023 4909 3244 4963 nomina
3296 4909 3381 4965 in-

1804 5014 2129 5075 terpretatus
2164 5021 2307 5068 sum.
2337 5005 2536 5059 imitari
2563 5003 2750 5058 volens
2775 5018 2838 5056 ex
2869 5010 3028 5072 parte
3061 4998 3378 5072 Origenem,

1804 5111 1961 5167 quem
2003 5107 2122 5165 post
2150 5097 2422 5165 apostolos
2452 5095 2817 5150 Ecclesiarum
2857 5093 3178 5163 magistrum
3220 5108 3381 5149 nemo

1804 5189 1906 5244 nisi
1943 5188 2222 5256 imperitus
2263 5198 2441 5258 negat.
2483 5189 2631 5242 lnter
2663 5196 2860 5242 caztera
2888 5187 3031 5239 enim
3063 5185 3260 5256 ingenii
3296 5185 3378 5239 sui

1799 5281 2057 5351 praeclara
2114 5291 2461 5336 monumenta
2511 5282 2677 5336 etiam
2721 5280 2773 5333 in
2811 5280 2917 5334 hoc
2966 5278 3273 5343 laboravit,
3321 5286 3380 5330 ut

1796 5372 1937 5442 quod
1962 5370 2116 5425 Philo
2145 5371 2301 5439 quasi
2328 5369 2548 5425 Judaaus
2581 5370 2865 5435 omiserat,
2908 5368 2997 5423 hic
3030 5377 3087 5421 ut
3112 5365 3378 5421 Christia-

1801 5480 1902 5519 nus
1936 5462 2203 5533 impleret.
2234 5481 2252 5515 ι
2285 5461 2431 5517 Libri
2463 5462 2702 5531 ejusdem
2734 5461 3188 5516 meminitauctor
3215 5456 3379 5522 Quor.

1792 5576 1836 5609 ⁸⁸
1864 5576 1998 5634 ibid.
2028 5591 2148 5647 cap.
2170 5577 2263 5632 28.
2340 5573 2388 5609 ⁷ο
2420 5577 2553 5633 ibid.
2583 5592 2706 5648 cap.
2731 5576 2827 5653 5i.
2897 5575 2941 5606 τί
2977 5574 3105 5629 ibid.
3136 5587 3254 5642 cap.
3283 5570 3375 5627 56.

1791 5767 1917 5829 275,
1966 5767 2054 5825 ubi
2100 5766 2187 5823 hic
2235 5764 2373 5822 liber
2420 5774 2527 5821 tam
2571 5764 2758 5843 Graace
2798 5775 2959 5833 quam
3009 5758 3200 5816 Latine
3248 5759 3380 5816 edi-

1792 5850 1899 5891 ιυΓ.
