3838 6222
472 308 610 366 {9.55

1755 309 1818 368 P.
1858 310 2175 366 DANIELIS
2213 312 2448 368 BUETII

3593 330 3719 383 12.56

470 433 699 473 stionum
729 416 798 470 ad
826 416 1179 482 orthodoxa,
1215 418 1304 488 qui
1343 417 1479 475 falso
1511 421 1768 477 tribuitur
1799 422 2039 493 Justino,
2074 435 2122 491 Α
2150 426 2293 479 enim
2341 427 2625 498 exegetica
2678 441 3058 489 enumerasset
3105 433 3493 507 Hieronymus,
3529 448 3643 493 tum
3673 440 3722 496 in

468 520 663 581 quaest.
698 511 769 566 82
805 520 859 567 et
884 511 973 577 86,
1010 512 1061 566 in
1092 527 1265 582 eoque
1296 524 1490 582 praeter
1515 514 1778 570 Hebraica
1804 518 2041 583 nomina,

470 618 759 658 mensuras
806 607 967 658 etiam
1023 604 1405 674 interpretatas
1451 621 1574 661 esse
1623 607 1798 663 docet.
1851 608 2044 665 Videat

466 708 596 764 ergo
622 695 848 749 Ruﬁnus
876 711 979 764 qua
1015 694 1121 751 fide
1142 697 1441 765 scripserit,
1470 697 1671 752 lnvect.
1707 714 1744 752 ιι
1775 700 1826 753 in
1853 697 2042 755 Hiero-

468 795 712 850 nymum,
746 797 813 837 ne
834 798 998 837 unum
1030 782 1249 853 quidem
1276 782 1570 854 Scriptura:
1598 788 1821 843 verbum
1845 787 2040 860 Orige-

465 885 589 927 nem
617 873 865 929 vertisse.

540 963 668 1019 Vlll.
701 964 924 1020 Librum
954 965 1033 1023 De
1057 968 1295 1022 oratione
1316 968 1567 1025 emisisse
1599 969 1889 1042 Origenem
1924 987 2040 1029 me-

463 1055 652 1109 moria:
697 1056 932 1126 prodidit
973 1056 1286 1127 Pamphilus
1320 1057 1373 1112 in
1413 1058 1746 1131 Apologetico
1771 1076 1791 1115 :
1826 1080 1845 1113 ε
1881 1060 2039 1119 Deni-

460 1161 588 1215 que.
623 1145 831 1215 inquit,
878 1146 933 1201 in
985 1156 1092 1202 tam
1143 1149 1367 1216 multis,
1404 1160 1460 1206 et
1489 1161 1600 1206 tam
1644 1153 1875 1210 diversis
1919 1156 2035 1227 ejus

459 1236 750 1307 (Origenis)
783 1236 935 1293 libris
963 1253 1225 1307 nusquam
1248 1243 1471 1296 omnino
1492 1242 1767 1299 invenitur
1792 1262 1932 1303 unus
1966 1249 2035 1305 ab

456 1344 525 1386 eo
563 1330 698 1384 liber
722 1330 936 1400 proprie
961 1328 1039 1386 De
1070 1331 1254 1385 anima
1302 1333 1676 1403 conscriptus,
1707 1337 1844 1391 sicut
1873 1339 2035 1394 habet

456 1421 542 1475 vel
574 1421 648 1475 De
697 1422 951 1491 martyrio
976 1460 993 1486 ,
1031 1420 1116 1476 vel
1148 1421 1225 1476 De
1258 1425 1497 1480 oratione
1519 1464 1537 1492 ,
1578 1426 1662 1481 vel
1689 1427 1767 1482 De
1796 1445 2031 1484 resurre-

456 1512 648 1566 ctione.
706 1511 825 1579 Quo
877 1512 1002 1566 licet
1068 1526 1386 1568 careremus
1442 1515 1798 1583 testimonio,
1854 1520 2028 1588 ipsum

455 1615 591 1672 opus
617 1605 760 1672 quod
806 1602 875 1658 ad
910 1603 1049 1659 hanc
1083 1604 1226 1658 diem
1272 1615 1557 1675 superest,
1590 1621 1687 1676 per
1728 1621 1789 1664 se
1819 1609 2029 1667 innote-

454 1702 653 1750 sceret.

2155 531 2317 570 unum
2345 518 2577 572 classem
2613 530 2958 590 syntagmata
3007 524 3258 593 conjicit,
3301 527 3368 580 ad
3419 540 3599 595 eaque
3633 543 3723 584 suo

2155 606 2348 662 ordine
2371 615 2738 677 percensenda
2769 614 3054 678 accedens,
3099 632 3118 666 ι
3155 614 3319 683 Item,
3363 618 3569 688 inquit,
3602 621 3723 673 scri-

2147 696 2255 766 psit
2292 696 2637 767 blonobiblia,
2667 702 2805 770 Περὶ
2832 701 3031 772 ἀρχῶν
3060 705 3226 760 libros
3247 715 3505 775 quatuor,
3549 726 3569 760 ι
3598 718 3721 772 etc.;

2147 790 2304 858 quasi
2341 790 2569 846 dixisset
2599 813 2610 848 :
2639 794 2771 850 Item
2803 798 3086 864 sequentia
3114 799 3335 867 scripsit
3365 802 3722 872 Syutagmata

2144 882 2290 951 (qua:
2326 892 2386 938 et
2437 885 2693 953 opuscula
2732 887 2926 943 deinde
2966 887 3195 944 Ruflnus
3232 889 3491 961 appellat)
3539 907 3723 962 nempe

2141 976 2308 1032 libros
2339 979 2481 1047 Περὶ
2511 979 2736 1049 ἀρχῶν,
2768 992 2874 1038 etc.
2913 983 3089 1052 Atque
3124 984 3259 1051 haec,
3290 986 3436 1054 quod
3463 1000 3580 1039 non
3596 984 3725 1040 alio-

2140 1082 2261 1122 rum
2290 1069 2552 1125 librorum
2586 1087 2751 1128 causa
2780 1084 2968 1147 essent
2995 1075 3298 1142 elaborata,
3328 1092 3432 1131 nec
3454 1077 3586 1131 aliis
3631 1076 3726 1130 ad-

2131 1156 2404 1229 iungenda
2440 1172 2626 1218 essent
2654 1165 2846 1232 libris,
2878 1164 3181 1234 cujusmodi
3210 1178 3367 1222 erant
3399 1168 3724 1238 exegetica;

2138 1253 2234 1307 sed
2265 1254 2484 1323 preprio
2527 1255 2938 1311 continerentur
2970 1268 3315 1327 argumento,
3354 1269 3411 1313 et
3442 1260 3596 1314 circa
3626 1273 3725 1329 pe-

2136 1343 2397 1398 Culiarem
2424 1346 2525 1399 sibi
2556 1346 2842 1400 materiem
2879 1358 3252 1413 versarentur,
3290 1351 3501 1404 idcirco
3536 1350 3728 1404 Mono-

2136 1433 2301 1489 biblia
2329 1436 2596 1505 appellata
2650 1447 2797 1493 sunt.
2840 1436 2947 1494 Sed
2986 1438 3103 1495 haec
3135 1456 3235 1511 pro
3268 1441 3595 1511 conjectura
3633 1442 3727 1495 ha-

2136 1525 2251 1579 beri
2281 1527 2422 1582 volo.

2203 1618 2287 1672 Ad
2323 1628 2657 1689 postremum
2708 1621 3025 1681 Vincentius
3059 1625 3457 1682 Bellovacensis
3503 1626 3726 1696 Speculi

2133 1709 2448 1766 doctrinalis
2484 1713 2611 1768 libr.
2660 1731 2818 1783 xvm,
2861 1732 2981 1789 cap.
3028 1721 3119 1784 45,
3164 1718 3417 1789 Origenis
3454 1720 3728 1774 lucubra-

524 1805 616 1861 lX.
653 1805 1033 1863 Tbeodoretus
1086 1808 1140 1863 in
1192 1808 1347 1865 libris
1387 1810 1776 1868 ereticarum
1815 1814 2011 1883 fabula-

2133 1802 2302 1858 tiones
2329 1819 2451 1873 qua:
2477 1807 2543 1861 ad
2567 1820 2664 1859 sua
2687 1823 3052 1878 pervenerant
3082 1822 3326 1880 tempora
3356 1827 3721 1877 enumerans,

453 1896 897 1968 rum'Origenem
943 1915 1086 1970 sape
1126 1900 1345 1971 allegat,
1386 1912 1440 1957 et
1476 1902 1643 1960 libros
1674 1905 1841 1974 ipsius
1868 1906 1921 1960 in
1950 1917 2029 1962 te-

453 1989 766 2044 stimonium
814 1991 1055 2046 adducit.
1092 1991 1257 2048 Libro
1304 1994 1521 2063 quidem
1574 1995 1759 2065 priore
1788 2011 1911 2067 cap.
1969 1998 2023 2064 2,

451 2081 735 2149 scripsisse
766 2097 889 2136 eum
909 2082 985 2137 ait
1007 2083 1269 2139 adversus
1295 2086 1648 2142 Menandrum
1674 2089 2024 2161 htereticum;

446 2181 505 2227 et
529 2172 702 2242 capite
732 2173 766 2228 4
792 2176 1052 2231 adversus
1082 2176 1371 2234 Basilidem
1405 2190 1461 2235 et
1486 2180 1790 2248 lsidorum;
1824 2190 1883 2237 et
1934 2197 2026 2238 ca-

448 2263 557 2332 pite
581 2263 612 2314 7
650 2263 911 2319 adversus
941 2263 1316 2334 Helcesaitas,,
1352 2278 1406 2324 et
1434 2270 1612 2339 capite
1637 2270 1724 2337 l9,
1763 2271 2025 2329 adversus

446 2352 839 2424 Hermogenem
870 2367 924 2411 et
945 2354 1322 2423 Valentinum;
1360 2360 1608 2430 etcapite
1637 2361 1731 2426 2i,
1763 2362 2024 2418 adversus

444 2444 739 2513 Severum;
772 2457 825 2501 et
856 2448 1030 2518 capite
1062 2447 1155 2514 25,
1198 2450 1460 2505 adversus
1481 2451 1721 2521 Apellem
1753 2470 1768 2506 :
1800 2461 1855 2509 et
1884 2453 2023 2511 libro

440 2552 496 2601 ιι,
527 2537 704 2607 capite
732 2537 797 2601 Ξ,
831 2540 1093 2599 adversus
1127 2543 1375 2599 haeresim
1409 2541 1795 2599 Nazaraeorum
1827 2562 1841 2599 :
1877 2555 1933 2600 et
1958 2545 2021 2600 li-

439 2627 542 2682 bro
572 2642 631 2682 tu
659 2666 676 2693 ,
707 2628 882 2697 capite
912 2628 977 2695 1‘,
1005 2631 1267 2686 adversus
1320 2630 1637 2691 Nicolaitas.
1687 2632 1855 2688 Libro
1891 2648 2019 2691 vero

440 2718 701 2782 secundo.
732 2720 911 2789 capite
939 2721 1003 2786 5,
1043 2723 1205 2777 tradit
1247 2722 1470 2792 Origeni
1503 2725 1744 2780 tribuere
1793 2726 2018 2780 nonnul-

439 2808 520 2864 los
546 2806 780 2863 Parvum
814 2811 1182 2881 labyrinthum
1204 2855 1219 2880 ,
1272 2815 1363 2885 qui
1394 2816 1530 2870 liber
1551 2818 1815 2873 adversus
1842 2816 2019 2873 Theo-

435 2899 625 2957 dowm
659 2902 973 2959 haereticum
1004 2906 1241 2976 scriptus
1269 2916 1373 2963 est.
1418 2905 1759 2977 Nicephorus
1794 2924 2013 2981 quoque

432 2990 575 3047 libro
602 3008 656 3057 x,
684 3009 807 3063 cap.
833 2994 928 3060 56,
971 2994 1267 3066 Origeuem
1307 3008 1535 3055 testatur
1569 3000 1789 3071 scriptis
1822 3001 2016 3059 libellis

432 3078 739 3138 luculenter
766 3083 1032 3141 refellisse
1063 3086 1373 3143 Marcellum
1404 3089 1648 3147 Galatam
1697 3104 1753 3149 et
1782 3092 2018 3166 Porphy-

431 3172 612 3237 rium;
652 3175 825 3244 iisque
851 3175 1005 3232 libris
1031 3178 1082 3231 id
1112 3182 1329 3251 assequi
1358 3193 1610 3238 conatum
1637 3200 1781 3250 esse,
1817 3196 1875 3240 ut
1909 3189 2003 3243 ob-

430 3267 576 3320 scuri
606 3277 661 3320 et
686 3267 918 3323 intricati
951 3270 1243 3340 Scriptura;
1285 3273 1427 3341 loci,
1460 3277 1655 3344 quibus
1687 3278 1836 3333 abuti
1868 3279 2014 3335 sole-

430 3351 559 3407 bant
579 3355 839 3421 haeretici,
867 3358 933 3412 ad
970 3374 1152 3413 verum
1183 3377 1400 3418 sensum
1427 3364 1859 3424 deflecterentur.
1894 3368 2008 3425 Non

429 3444 680 3513 equidem
715 3450 1039 3503 crediderim
1082 3454 1304 3509 totidem
1336 3455 1504 3512 libros
1528 3457 1879 3516 confutandis
1906 3462 2010 3517 ha:-

429 3535 617 3590 reticis
650 3538 897 3594 emisisse
941 3539 1232 3608 Origenem
1258 3585 1274 3611 ,
1321 3557 1457 3617 quot
1506 3549 1790 3606 btereticos
1829 3552 1898 3607 ab
1942 3569 2007 3609 eo

428 3624 737 3683 confutatos
786 3641 977 3686 narrat
1032 3632 1445 3706 Tbeodoretus;
1500 3642 1593 3696 sed
1646 3641 1910 3713 plurimos
1936 3660 2005 3702 ex

426 3715 537 3771 illis
578 3718 633 3772 in
670 3719 897 3777 alterius
923 3728 1230 3796 argumenti
1284 3731 1670 3801 scriptionibus
1706 3734 1885 3790 obiter
1937 3738 2006 3794 ab

422 3807 663 3878 Origene
697 3816 1016 3880 perstrictos
1058 3820 1347 3888 existimo;
1397 3825 1854 3892 quemadmodum
1904 3827 2004 3885 He-

426 3901 731 3959 racleonem
756 3906 808 3960 in
840 3908 1261 3969 Commentariis
1284 3915 1341 3968 in
1375 3915 1637 3970 Joannem
1671 3933 1812 3990 saepe
1838 3922 1906 3977 ab
1937 3937 2001 3979 eo

419 3994 735 4065 sugillatum
771 3999 1043 4067 videmus,
1099 4014 1155 4059 et
1211 4006 1411 4077 ubique
1456 4008 1570 4065 fere
1618 4005 1998 4081 Valentinum,

422 4082 715 4143 Basilidem
769 4101 825 4145 et
863 4092 1213 4151 Marcionem.
1246 4100 1315 4152 At
1356 4099 1568 4170 aliquos
1608 4112 1784 4159 tamen
1814 4105 2001 4163 adver-

420 4192 515 4232 sus
567 4182 846 4242 haereticos
901 4196 956 4241 et
1014 4189 1264 4245 ethnicos
1320 4196 1580 4261 quosdam
1639 4210 1704 4250 ex
1753 4197 1999 4255 instituto

418 4272 656 4327 edidisse
691 4288 897 4331 certum
935 4289 1019 4336 est
1052 4299 1066 4348 ;
1123 4283 1302 4355 qualis
1358 4294 1443 4340 est
1479 4286 1618 4341 liber
1665 4300 1848 4345 contra
1880 4290 1999 4346 Cel-

550 4380 569 4427 ἔ
640 4367 818 4435 qnalis
875 4369 976 4425 fuit
1024 4372 1227 4429 Parvus
1278 4375 1364 4431 ille
1412 4376 1746 4447 labyrinthus
1798 4383 1993 4439 adver-

2126 1892 2207 1947 sic
2242 1895 2603 1965 auspicatur:
2648 1899 2905 1969 Apologia
2955 1916 3050 1969 pro
3100 1920 3175 1970 se,
3226 1913 3490 1958 tractatus
3527 1904 3583 1960 1.
3623 1904 3723 1958 Do—

2125 1986 2320 2040 ctrina:
2350 1988 2568 2056 quidem
2599 2002 2711 2043 suae
2745 1991 3121 2050 defensionem
3155 1996 3223 2050 ad
3260 1996 3570 2051 Fabianum
3620 2010 3723 2064 pa-

2122 2090 2248 2145 pam
2280 2079 2493 2136 misisse
2525 2082 2814 2153 Origenem
2864 2101 3027 2157 supra
3057 2090 3367 2143 notavimus
3398 2107 3411 2141 :
3442 2104 3515 2143 an
3540 2102 3608 2143 ea
3635 2088 3723 2143 bis

2124 2168 2459 2239 significetur
2503 2171 2773 2229 Vincentii
2820 2178 3005 2233 verbis
3034 2217 3051 2243 ,
3105 2194 3175 2234 an
3228 2178 3377 2235 aliud
3426 2180 3721 2251 quidpiam

2122 2272 2261 2329 opus
2282 2261 2453 2317 lector
2475 2266 2761 2334 perspicax
2787 2268 3112 2324 arbitretur.

2194 2350 2285 2405 Xl.
2316 2352 2536 2409 Minime
2565 2370 2697 2413 vero
2730 2359 2781 2411 in
2808 2358 2953 2415 hunc
2995 2376 3222 2416 censum
3253 2362 3600 2418 conferenda
3630 2362 3719 2416 vi-

2122 2442 2344 2499 deretur
2365 2460 2487 2501 esse
2516 2445 2838 2510 Philocalia.
2857 2459 2916 2503 ut
2941 2466 3063 2521 quae
3078 2466 3108 2505 a
3128 2451 3328 2508 Basilio
3354 2463 3410 2507 et
3438 2451 3716 2524 Gregorio

2123 2535 2395 2607 Tbeologo
2424 2539 2643 2594 confuta
2673 2552 2729 2596 et
2758 2544 3137 2597 consarcinata
3173 2544 3264 2598 sit.
3316 2543 3597 2611 Quoniam
3633 2556 3716 2599 ta-

2121 2638 2243 2678 men
2270 2638 2337 2679 ex
2362 2627 2673 2684 Adamantii
2725 2633 2924 2700 pannis
2955 2641 3066 2688 tota
3094 2644 3349 2689 contexta
3379 2646 3465 2690 est
3487 2678 3505 2700 .
3534 2645 3593 2692 et
3643 2651 3716 2689 ex

2118 2716 2395 2773 ventilatis
2456 2734 2619 2791 supra
2669 2720 2923 2794 Origenis
2983 2728 3242 2795 operibus
3288 2726 3405 2783 fere
3455 2730 3716 2784 detracta

2117 2821 2244 2863 sunt
2272 2810 2580 2882 fragmenta
2628 2817 2833 2885 quibus
2870 2818 2962 2872 illa
3011 2828 3255 2885 constat;
3299 2821 3422 2875 ideo
3452 2836 3567 2877 non
3607 2837 3713 2891 pro

2118 2901 2333 2957 diverso
2364 2904 2550 2974 aliquo
2584 2921 2749 2976 Opere
2788 2909 3040 2964 habenda
3084 2918 3203 2976 est,
3230 2912 3328 2965 sed
3358 2926 3462 2981 pro
3506 2911 3712 2982 Orige-

2118 2992 2281 3048 uiauo
2313 3004 2517 3050 tantum
2549 3008 2782 3055 centone
2804 3040 2819 3066 ,
2867 3002 2921 3055 in
2968 3016 3080 3071 quo
3110 3002 3460 3074 'Origeuiana
3512 3007 3709 3059 omnia

2118 3094 2241 3138 sunt
2262 3101 2459 3156 praeter
2489 3097 2799 3146 contextum
2832 3111 2846 3147 :
2879 3104 3278 3167 proptereaque
3324 3096 3380 3150 in
3418 3096 3570 3152 hanc
3608 3111 3707 3153 se-

2118 3176 2252 3230 riem
2283 3194 2312 3232 a
2337 3179 2493 3236 nobis
2520 3184 2860 3242 admittetur.

2729 3321 2973 3381 SECTlO
3010 3325 3070 3381 ll.

2110 3428 2181 3467 DE
2237 3429 2480 3475 OBIGENIS
2534 3434 2918 3493 ετητλωμτιεν
2958 3439 3078 3488 θυι
3129 3440 3460 3491 ευηιιευητ,
3520 3442 3704 3493 »ερας

2183 3502 2439 3545 νιτυδτιε
2487 3505 2756 3547 manorum
2788 3492 2930 3563 Περὶ
2977 3493 3180 3565 ἀρχῶν
3219 3492 3703 3556 numeranume-

2177 3572 2352 3614 NIBUS.

2107 3647 2149 3704 Ι.
2190 3650 2379 3729 Agitur
2411 3651 2475 3705 de
2521 3653 2671 3708 libris
2712 3653 2787 3708 De
2831 3659 3269 3736 resurrectione.
3302 3659 3366 3736 ll.
3404 3663 3553 3736 Περὶ
3592 3668 3705 3736 dp-

2181 3737 2325 3799 ζων,
2375 3737 2936 3799 eorupzque__octu_stts
2997 3729 3548 3799 interpretationibus,
3602 3729 3696 3790 Ill.

2175 3793 2622 3872 ἓτρῳμςιτεῦσι,
2825 3793 3179 3872 Protrcptico_
3215 3802 3285 3853 ad
3342 3793 3701 3872 martyrium,

2179 3860 2243 3940 γ.
2280 3860 2427 3940 Horis
2459 3875 2648 3940 contra
2695 3866 2931 3940 celsum.
2965 3860 3054 3940 Vl,
3131 3868 3405 3940 Epistolis,
3455 3860 3572 3931 \‘vll.
3627 3860 3703 3931 ιδέ

2187 3933 2278 3987 bro
2320 3932 2396 3987 De
2427 3936 2697 4001 oratione,
2744 3936 2873 3993 Vill.
2907 3950 2953 3992 et
2994 3932 3308 3995 Pbilocalia.

2172 4022 2214 4078 Ι.
2255 4023 2332 4078 Ex
2366 4029 2700 4083 enumeratis
2731 4030 2975 4097 proxime
3008 4032 3321 4089 Adamantii
3351 4033 3701 4107 Syntagma-

2104 4111 2172 4167 tis
2224 4114 2337 4169 fere
2391 4116 2662 4183 omnibus,
2709 4119 2791 4173 vel
2841 4121 2938 4174 toti
2984 4121 3130 4190 libri,
3172 4125 3255 4178 vel
3300 4113 3541 4194 insignia
3574 4128 3698 4182 fra-

2099 4215 2336 4274 gmenta,
2386 4208 2472 4263 vel
2524 4211 2803 4279 particulae
2850 4213 3042 4284 aliqua:
3091 4216 3158 4271 ad
3201 4228 3385 4273 nostra
3431 4228 3698 4292 tempora

2096 4310 2477 4366 pervenerunt.
2506 4301 2549 4357 E
2573 4303 2724 4359 libris
2747 4306 2961 4373 quidem
2992 4308 3066 4362 De
3098 4312 3485 4367 resurrectione
3506 4318 3698 4384 primo

2096 4391 2422 4459 etsecunda
2455 4392 2755 4464 fragmenta
2794 4397 3000 4468 aliquot
3060 4401 3327 4470 depromit
3362 4401 3698 4476 Pamphilus

414 4468 512 4508 sus
541 4452 876 4514 Theodotum
905 4500 921 4526 ,
965 4463 1011 4516 si
1044 4466 1204 4520 modo
1251 4464 1538 4534 Origenetn
1586 4479 1863 4526 auctorem
1898 4473 1995 4528 ha-
2025 4497 2068 4553 υ
2098 4452 2640 4553 ἱηἈροιοςειὶοοῖθᾱ
2674 4452 2962 4557 septimam
3007 4452 3381 4560 depellendam
3416 4452 3696 4554 cri'mina—

416 4556 567 4621 buit;
596 4555 769 4625 qualis
800 4553 897 4609 fuit
933 4554 1261 4612 Lucubratio
1293 4559 1552 4617 adversus
1587 4562 1925 4621 Helcesaitas
1971 4607 1990 4635 ,

413 4662 553 4716 quos
583 4646 837 4716 peculiari
871 4662 1033 4717 opere
1062 4649 1338 4705 convictos
1373 4651 1538 4708 fuisse
1560 4656 1854 4713 verisimile
1877 4668 1983 4715 est.

487 4761 556 4815 Χ.
590 4762 954 4833 Hieronymus
984 4765 1126 4833 apud
1154 4763 1402 4824 Rufiuem
1438 4766 1637 4824 lnvect.
1666 4788 1728 4836 ll,
1758 4774 1989 4831 indicem

413 4847 677 4903 librorum
712 4852 965 4921 Origenis
999 4863 1289 4921 pertexens
1313 4895 1332 4922 ,
1376 4859 1455 4912 sic
1494 4860 1756 4916 disserit:
1803 4882 1823 4916 ς
1865 4865 1992 4920 Vul-

417 4942 485 4993 tis
516 4956 742 4996 noscere
770 4953 969 5011 quanta
1013 4944 1214 5015 ingenii
1247 4948 1329 5002 sui
1365 4948 1653 5019 reliquerit
1677 4968 1993 5011 monumen-

414 5033 517 5086 ta?
554 5033 799 5104 Sequens
824 5035 1009 5092 titulus
1031 5041 1313 5096 ostendit:
1354 5040 1585 5112 Scripsit
1633 5045 1687 5099 in
1734 5046 1988 5105 Geuesim

411 5122 582 5177 libros
638 5125 897 5180 tredecim
945 5144 959 5180 :
1010 5130 1361 5200 mysticarum
1429 5134 1775 5193 bomiliarum
1823 5140 1991 5198 libros

409 5215 547 5268 duos
581 5234 594 5268 ι
632 5215 684 5269 in
731 5217 914 5272 Exodo
951 5233 1251 5291 excerpta:
1291 5225 1342 5276 in
1400 5224 1641 5293 Levitico
1681 5242 1937 5301 excerpta
1972 5252 1986 5288 :

411 5304 543 5361 item
575 5305 902 5364 Mouobiblia
926 5351 940 5373 ,
962 5316 965 5319 ’
990 5313 1129 5381 Περὶ
1172 5314 1375 5383 ἀρχῶν
1405 5316 1578 5374 libros
1614 5330 1864 5389 quatuor,
1912 5323 1989 5378 De

410 5400 790 5453 resurrectione
835 5400 1004 5457 libros
1044 5406 1177 5459 duos
1198 5444 1213 5469 ,
1243 5418 1296 5461 et
1328 5408 1466 5463 alios
1496 5411 1562 5465 de
1589 5414 1989 5471 resurrectione

408 5487 651 5559 dialogus
718 5492 873 5546 duos.
917 5512 935 5545 ι
986 5494 1123 5560 Quid
1180 5497 1288 5551 sint
1342 5497 1665 5555 blonobihlia
1721 5505 1983 5560 incertum

404 5591 512 5635 est.
541 5579 793 5637 Fortasse
839 5600 942 5638 non
982 5587 1255 5655 peculiare
1298 5590 1515 5660 aliquod
1559 5592 1805 5663 Origenis
1849 5611 1984 5665 opus

408 5669 513 5725 hoc
558 5674 775 5728 nomine
809 5676 1085 5746 signatur,
1136 5680 1230 5734 sed
1271 5694 1332 5734 ea
1377 5681 1492 5749 ejus
1537 5687 1817 5754 Opuscula,
1864 5703 1983 5756 quae

407 5775 508 5817 uos
538 5762 948 5844 Syntagmatum
978 5773 1345 5842 appellatione
1376 5778 1807 5847 complectimur.
1844 5778 1976 5835 Cum

2101 4573 2322 4640 tionem,
2359 4590 2463 4644 qua
2497 4578 2563 4631 de
2593 4581 2992 4638 resurrectione
3025 4583 3166 4639 male
3207 4586 3446 4642 sensisse
3488 4587 3694 4662 Orige-

2098 4678 2196 4718 ncs
2239 4665 2541 4721 dicebatur.
2592 4668 2672 4723 Ex
2726 4672 2915 4726 eodem
2968 4687 3185 4744 quoque
3250 4690 3437 4746 opere,
3483 4683 3693 4751 capitis

2098 4752 2291 4807 decimi
2320 4753 2442 4809 libri
2476 4759 2699 4813 secundi
2732 4761 2872 4831 Περὶ
2902 4760 3126 4833 ἀρχῶν,
3159 4764 3368 4823 fatente
3402 4769 3527 4839 ipso
3557 4771 3689 4829 Ori-

2092 4856 2250 4912 gene,
2280 4858 2406 4912 pars
2440 4845 2620 4918 aliqua
2657 4851 2914 4905 translata
2936 4864 3038 4909 est.

2162 4955 2227 5010 Il.
2263 4955 2526 5014 Baronius
2566 4975 2657 5015 an.
2687 4961 2815 5029 232,
2855 4980 2975 5036 cap.
3005 4967 3058 5033 4,
3089 4968 3256 5026 libros
3285 4972 3428 5042 Περὶ
3467 4974 3687 5046 ἀρχῶν

2092 5044 2160 5100 ad
2191 5049 2499 5118 exemplum
2532 5049 2759 5121 Longini
2794 5056 3104 5114 elaboratas
3131 5059 3200 5114 ab
3231 5059 3468 5133 Origene
3491 5044 3682 5139 suspi-

2090 5146 2265 5193 catur.
2304 5138 2606 5211 Longinum
2634 5145 2902 5214 siquidem
2934 5149 3094 5219 hujus
3122 5152 3260 5206 tituli
3296 5154 3503 5212 librum
3540 5138 3679 5214 scri-

2089 5230 2270 5299 psisse
2305 5231 2468 5287 refert
2505 5233 2840 5307 Porphyrius
2874 5240 2927 5294 in
2997 5239 3116 5296 Vita
3146 5241 3373 5300 Plotini.
3423 5246 3484 5303 Si
3546 5252 3676 5321 quis

2088 5323 2707 5396 econtrariqLouginum
2726 5326 2953 5387 allirmet
2974 5335 3152 5403 operis
3174 5336 3257 5390 SUi
3280 5351 3672 5408 argumentum

2087 5413 2156 5467 ab
2197 5414 2428 5486 Origene
2462 5420 2780 5487 sumpsisse,
2815 5438 2845 5477 a
2879 5438 3007 5478 vero
3041 5425 3257 5493 longius
3304 5444 3411 5483 non
3458 5433 3669 5499 abibit;

2086 5520 2237 5573 teque
2264 5507 2408 5560 enim
2451 5520 2740 5580 utrumque
2786 5515 3053 5571 incertum
3101 5530 3208 5574 est.
3257 5517 3409 5575 Libri
3462 5523 3671 5579 inscri-

2085 5597 2321 5663 ptionem
2358 5613 2549 5668 parum
2584 5614 2867 5659 assecutus
2890 5616 2973 5661 est
3014 5608 3262 5677 Ruﬁnus,
3306 5614 3398 5681 qui
3436 5614 3493 5668 in
3529 5614 3671 5670 Pro-

2084 5688 2207 5758 logo
2255 5692 2322 5744 ad
2358 5692 2525 5749 libros
2554 5694 2696 5763 Περὶ
2726 5696 2927 5766 ἀρχῶν
2975 5703 3126 5756 reddi
3170 5720 3289 5758 eam
3339 5722 3505 5775 posse
3538 5710 3672 5765 dicit

2091 5779 2171 5837 De
2210 5783 2510 5856 principiis,
2560 5789 2645 5846 vel
2696 5788 2775 5846 De
2811 5795 3180 5860 potestatibus.
3227 5797 3362 5867 Quis
3391 5815 3527 5858 vero
3559 5817 3667 5859 non
