3838 6222
179 368 325 424 ίὲὄῖ

1031 367 1599 426 ORIGENIANORUM
1636 369 1763 424 LIB.
1805 369 1893 434 Ill,
1934 368 2084 425 CAP.
2124 368 2213 435 111,
2258 369 2450 424 SECT.
2493 370 2559 427 ll.

3288 378 3313 432 5
3324 378 3423 431 358

181 494 435 563 intelligit
464 493 788 550 Christiana:
813 492 1114 563 religionis,
1139 509 1204 549 ac
1234 510 1377 550 vera:
1399 496 1754 565 philosophia:
1781 504 1828 561 Α
1856 495 2246 560 dissimulatos,
2275 494 2421 549 nullo
2454 494 2601 550 falsae
2635 494 3100 565 interpretationis
3127 500 3252 556 fuco
3284 503 3424 558 ubli-

178 585 447 639 elementa
510 586 613 640 hoc
665 586 804 640 libro
857 586 1074 640 tradere
1131 587 1467 655 propositum
1524 586 1748 654 Origeni

180 675 388 731 fuisse?
407 675 770 743 Quamobrem
795 690 981 731 revera
1010 688 1155 744 sunt,
1181 687 1239 731 ut
1257 677 1475 748 subjicit
1504 680 1748 746 Ruﬁnus,

176 777 237 823 et
262 768 654 833 obscurissimi,
686 779 742 824 et
764 768 1082 827 diliicillimi.
1116 771 1328 825 Addere
1362 781 1574 840 poterat
1606 790 1619 826 ε
1662 788 1752 827 er-

180 860 398 915 roribus
426 875 663 930 quoque,
689 869 744 915 et
781 860 1131 933 ψευδωνύμου
1166 860 1419 930 γνώσεως
1453 865 1751 922 seminibus

179 950 521 1005 refertissimi
550 970 563 1005 :
595 953 648 1005 in
680 951 747 1006 iis
768 953 965 1022 quippe
990 953 1256 1022 praecipua
1282 955 1588 1021 dogmatum
1622 970 1750 1012 suo-

178 1056 299 1095 rum
350 1040 695 1097 fundameuta
736 1043 997 1115 Origenes
1046 1045 1245 1113 posuit.
1292 1044 1557 1112 Quocirca
1589 1048 1750 1119 Didy-

176 1149 301 1188 mus
328 1134 581 1189 brevibus
600 1151 694 1190 eos
716 1136 1003 1192 illustravit
1022 1141 1500 1208 commentariolis,
1524 1142 1750 1199 Ruﬁnus

176 1240 311 1281 vero
349 1228 589 1281 Romana
630 1227 841 1299 loquela
866 1233 1140 1300 exposuit.
1183 1232 1376 1288 Verum
1413 1244 1472 1288 ut
1499 1251 1746 1291 errorum

174 1332 398 1373 suorum
439 1321 616 1389 capita
660 1321 714 1375 in
764 1322 866 1377 hac
896 1323 1273 1379 lucubratione
1315 1328 1578 1383 conclusit
1619 1328 1746 1384 Ori-

173 1424 361 1478 genes,
398 1413 471 1465 ita
502 1412 555 1465 in
586 1413 776 1467 eadem
812 1414 965 1470 malai
994 1430 1107 1472 suae
1148 1426 1201 1471 et
1229 1416 1386 1473 fluxa:
1418 1421 1632 1488 penitus
1661 1421 1747 1475 in-

176 1506 528 1573 terpretando
578 1506 697 1560 ﬁdei
754 1509 1031 1578 egregium
1081 1511 1354 1580 specimen
1400 1513 1560 1567 edere
1609 1513 1749 1570 velle

173 1595 324 1649 visus
353 1607 436 1651 est
459 1596 723 1654 Ruﬁnus:
755 1600 834 1654 sic
857 1601 1000 1655 enim
1033 1601 1177 1655 fatur
1198 1601 1252 1657 in
1276 1602 1541 1673 Prologo:
1573 1623 1592 1657 ι
1628 1604 1748 1660 Sic-

175 1688 267 1742 ubi
302 1704 431 1760 ergo
490 1706 588 1745 nos
642 1692 694 1747 in
756 1693 891 1747 libro
923 1695 1040 1763 ejus
1072 1694 1246 1765 (Περὶ
1278 1696 1517 1767 ἀρχῶν)
1546 1699 1746 1768 aliquid

175 1779 322 1835 circa
374 1782 427 1836 id
472 1782 792 1849 invenimus,
827 1786 968 1854 quod
1004 1787 1072 1841 ab
1107 1788 1225 1855 ipso
1276 1790 1328 1843 in
1365 1792 1578 1847 cancris
1613 1792 1745 1848 locis

1855 596 1971 652 tos;
2004 587 2151 640 utab
2182 586 2248 641 iis
2275 586 2327 639 in
2352 586 2633 656 propatulo
2654 589 2845 656 positis
2877 588 3087 643 facilius
3116 592 3218 647 sibi
3254 593 3424 650 lector

1850 680 2074 734 faceret.
2104 679 2301 732 Verum
2346 679 2412 732 ad
2453 680 2593 735 hanc
2619 690 2833 735 aetatem
2867 697 3002 737 nova
3033 684 3222 741 isthtec
3250 688 3419 742 inter-

1850 772 2083 840 pretatio
2114 788 2216 826 non
2254 773 2518 839 pervenit.

1925 861 2121 915 Narrat
2169 878 2234 916 ex
2282 864 2511 916 aliorum
2547 864 2648 918 ﬁde
2682 865 2922 920 Andreas
2968 866 3189 923 Rivetns
3230 868 3417 925 Critici

1849 956 1989 1008 sacri
2040 955 2177 1009 libro
2221 971 2279 1022 ti,
2306 971 2424 1024 cap.
2474 956 2571 1022 12,
2610 956 2777 1012 libros
2816 960 2953 1026 Περὶ
2990 960 3191 1029 ἀρχῶν
3233 961 3419 1019 Graece

1849 1050 2084 1115 scriptos
2112 1060 2329 1102 exstare
2371 1049 2422 1101 in
2452 1050 2771 1118 quibusdam
2789 1050 3160 1107 bibliothecis.
3192 1053 3415 1109 Falsum

1851 1139 1901 1193 id
1941 1156 2061 1194 esse
2114 1140 2381 1194 afﬁrmare
2430 1143 2646 1195 ausim:
2693 1158 2815 1196 nam
2863 1159 3037 1212 neque
3085 1147 3137 1200 in
3174 1146 3417 1209 Gallicis.

1849 1238 1941 1281 aut
1980 1229 2200 1291 Italicis,
2245 1241 2340 1284 aut
2375 1229 2734 1295 Germanicis,
2772 1242 2866 1286 aut
2907 1234 3210 1303 llispauicis
3258 1252 3415 1307 repe-

1850 1318 1947 1371 riri
1979 1334 2071 1372 eos
2105 1319 2468 1374 certissimum
2512 1330 2613 1374 est.
2660 1320 2927 1375 Incertum
2974 1338 3100 1377 vero
3146 1334 3230 1378 est
3258 1339 3322 1378 au
3351 1341 3419 1379 ex

1848 1410 2025 1466 aliena
2053 1410 2176 1472 ﬁde.
2208 1427 2275 1466 an
2306 1426 2373 1466 ex
2401 1428 2498 1467 suo
2524 1412 2739 1482 ingenio
2764 1413 3057 1481 conjecerit
3079 1415 3421 1471 Abrahamus

1849 1505 2121 1560 Scultetus
2146 1505 2213 1571 ⁷⁸,
2239 1504 2741 1573 Anacephalteosin,
2766 1522 2885 1575 quae
2928 1517 3174 1575 quartum
3222 1508 3423 1563 claudit

1849 1594 2042 1649 librum
2089 1596 2270 1665 operis
2309 1594 2382 1647 De
2429 1595 2719 1662 principiis,
2763 1609 2882 1650 esse
2926 1595 3107 1651 Ruﬁni
3150 1598 3230 1650 vel
3263 1597 3421 1652 Pam—

1848 1687 2003 1757 phili.
2040 1685 2192 1752 Quod
2226 1695 2283 1740 ut
2329 1686 2476 1741 nullo
2512 1688 2756 1751 auctore,
2795 1687 2936 1742 nulla
2974 1691 3185 1745 ratione
3232 1690 3421 1745 subni-

1850 1795 1977 1832 xum
2012 1780 2350 1851 proponitur,
2396 1780 2470 1833 ita
2516 1780 2665 1835 nullo
2693 1780 2924 1836 adducto
2964 1793 3284 1853 argumento
3336 1798 3423 1838 re-

176 1874 263 1940 pie
284 1874 350 1927 de
384 1871 648 1928 Trinitate
674 1874 851 1930 fuerat
873 1878 1180 1944 deﬁnitum,
1208 1879 1352 1935 velut
1381 1882 1740 1939 adulteratum
1774 1862 1818 1921 Β
1846 1873 2120 1942 fluuium"-

175 1962 283 2017 hoc
310 1972 365 2017 et
400 1963 658 2032 alienum,
692 1976 786 2020 aut
810 1970 1277 2037 praetermisimus,
1318 1983 1411 2027 aut
1449 1975 1743 2029 secundum

168 2071 295 2110 eam
333 2058 571 2127 regulam
609 2060 959 2128 protulinms,
985 2077 1147 2131 quam
1180 2064 1252 2118 ab
1284 2063 1400 2134 ipso
1435 2065 1746 2136 frequenter

172 2148 479 2206 invenimus
530 2151 871 2208 afﬁrmatum.
925 2155 984 2211 Si
1030 2172 1138 2228 qua
1187 2172 1319 2213 sane
1356 2159 1502 2214 velut
1556 2162 1745 2230 peritis

162 2240 279 2309 jam
312 2253 368 2297 et
408 2245 709 2300 scientibus
755 2246 1003 2316 loquens,
1048 2250 1177 2305 dum
1222 2251 1463 2306 breviter
1508 2254 1745 2309 transire

168 2332 308 2396 vult,
360 2334 644 2389 obscurius
690 2337 950 2404 protulit;
988 2354 1084 2394 nos
1124 2349 1185 2394 ut
1220 2341 1558 2397 manifestior
1593 2346 1745 2399 lieret

169 2423 340 2487 locus,
374 2440 437 2479 ea
459 2441 578 2495 qua:
608 2427 675 2482 de
704 2428 819 2498 ipsa
848 2445 906 2485 re
933 2430 986 2485 in
1019 2431 1140 2486 aliis
1165 2431 1284 2500 ejus
1316 2434 1467 2489 libris
1499 2436 1743 2503 apertius

166 2516 496 2585 legeramus,
520 2519 839 2589 adjecimus,
866 2523 1229 2592 explanationi
1255 2526 1534 2580 studentes
1558 2546 1570 2581 :
1607 2529 1741 2582 nihil

170 2617 349 2662 tamen
385 2620 627 2665 nostrum
653 2612 907 2677 diximus,
931 2615 1023 2668 sed
1052 2614 1175 2668 licet
1202 2615 1252 2668 iu
1275 2616 1393 2669 aliis
1416 2616 1549 2671 locis
1573 2618 1740 2681 dicta,

171 2708 352 2753 tamen
372 2716 472 2755 sua
490 2702 591 2755 sibi
620 2703 968 2758 reddidimus.
998 2706 1136 2772 sQui
1157 2706 1281 2760 licet
1302 2720 1454 2760 suam
1485 2706 1741 2761 voluisset

162 2793 348 2847 celare
376 2794 683 2863 perﬁdiam,
707 2794 869 2851 facile
912 2797 1001 2850 illa
1033 2813 1154 2852 sese
1188 2798 1536 2868 prodidisset.
1564 2800 1640 2869 (5)
1662 2800 1738 2853 Ex

162 2899 231 2938 eo
283 2887 479 2956 quippe
523 2887 663 2943 libro
712 2890 877 2942 multa
937 2890 990 2943 in
1034 2889 1430 2958 Apologeticum
1461 2893 1735 2948 transtulit

162 2975 498 3045 Pamphilus,
527 2994 645 3047 quae
679 2981 731 3033 in
756 2979 1036 3035 Ruﬁniana
1064 2982 1507 3050 interpretatione
1535 2984 1740 3038 deside-

164 3076 355 3123 rantur
385 3086 397 3122 :
430 3068 576 3123 velut
612 3069 667 3123 in
696 3085 761 3125 eo
791 3071 989 3140 capite,
1018 3072 1111 3126 ubi
1147 3071 1326 3142 agitur
1353 3072 1417 3126 de
1443 3070 1737 3126 Corelerni-

159 3168 267 3213 uite
302 3157 428 3213 Filii
455 3160 571 3226 Dei,
603 3172 651 3214 et
688 3162 1145 3229 inseparabilitate
1169 3162 1281 3230 ejus
1313 3179 1344 3215 a
1382 3161 1565 3225 Patre,
1600 3162 1738 3217 reei-

1920 1962 2006 2018 lll.
2047 1963 2395 2017 Ostendimus
2426 1977 2587 2031 supra
2628 1971 2849 2019 auctore
2882 1963 3212 2036 Hieronymo
3238 1968 3424 2035 Στρω-

1840 2053 2049 2123 ματεῖς
2076 2052 2346 2127 Origenis,
2393 2054 2458 2107 ad
2498 2053 2835 2108 Stromateon
2864 2054 3159 2110 Clementis
3192 2057 3421 2112 Alexan-

1848 2146 1987 2201 drini
2011 2147 2314 2215 exemplum
2338 2147 2691 2216 compositos,
2711 2146 3144 2201 Christianorum
3167 2148 3419 2217 dogmata

1849 2250 1971 2290 cum
2015 2236 2460 2308 philosophorum
2522 2238 2810 2292 sententiis
2857 2238 3173 2304 contulisse,
3216 2240 3416 2311 illaque

1846 2342 1913 2381 ex
1963 2328 2030 2383 iis
2056 2327 2428 2382 conﬁrmasse.
2469 2328 2753 2397 Specimen
2801 2329 3010 2385 illorum
3041 2346 3071 2385 e
3099 2338 3253 2386 sexto
3282 2332 3420 2388 libro

1846 2421 2189 2491 desumptum
2251 2420 2471 2476 exhibet
2531 2420 2887 2492 Hieronymus
2931 2422 3067 2479 libro
3124 2439 3141 2478 ι
3196 2425 3414 2496 Apolog.

1844 2513 2049 2566 advers.
2085 2512 2293 2581 Ruﬁn.,
2324 2528 2448 2582 cap.
2479 2513 2535 2579 4,
2568 2528 2677 2584 quo
2704 2529 2829 2568 cum
2866 2513 3147 2570 Platonem
3179 2516 3419 2573 induxis-

1844 2612 1927 2657 set
1970 2603 2249 2673 Origenes,
2299 2606 2617 2674 probantem
2666 2606 2950 2660 mcndacio
3003 2608 3079 2660 uti
3123 2607 3418 2678 aliquando

1845 2693 2028 2761 licere,
2065 2696 2203 2748 idem
2234 2710 2509 2749 sacrorum
2553 2695 2814 2750 librorum
2847 2698 3196 2766 auctoritate,
3228 2708 3282 2754 et
3319 2698 3417 2755 Ju-

1844 2785 2027 2849 dithaa,
2095 2784 2339 2840 Estheraa
2394 2801 2457 2840 ac
2532 2784 2717 2841 Jacobi
2769 2788 3097 2857 patriarchae
3165 2791 3415 2863 exemplo

1842 2879 2061 2933 astruit.

1911 2969 2001 3026 ιν.
2044 2969 2426 3039 Fragmentum
2464 2986 2496 3025 e
2526 2970 2857 3039 Protreptica
2883 2972 3133 3044 Origenis
3156 2977 3226 3029 ad
3268 2993 3415 3032 mar-

1841 3060 2038 3129 tyrium
2080 3060 2418 3115 Bibliotheca
2463 3061 2629 3132 Regia
2672 3066 3000 3131 suppeditat.
3041 3065 3237 3121 Totum
3280 3084 3411 3124 vero

1838 3167 1973 3221 opus
2024 3152 2373 3207 illustrissimi
2403 3155 2607 3208 domini
2655 3156 2721 3210 de
2762 3158 2808 3209 la
2835 3155 3027 3223 Barde,
3062 3157 3412 3216 Christianis-

160 3262 308 3306 latur
324 3254 690 3308 testimonium
711 3255 848 3309 istud
864 3271 893 3308 e
917 3255 1055 3308 libro
1072 3256 1279 3325 primo:
1314 3254 1591 3310 Videamus
1613 3272 1736 3325 ergo

1842 3246 1963 3298 simi
2013 3246 2157 3315 regis
2198 3246 2340 3312 apud
2376 3245 2648 3301 Helvetios
2666 3248 2850 3315 legati,
2886 3264 3014 3303 cura
3058 3266 3088 3305 e
3122 3250 3409 3310 Basiliensi

157 3345 291 3414 quid
330 3346 395 3399 sit
446 3344 697 3400 Salvator
731 3357 927 3403 noster.
965 3348 1225 3413 Splendor
1271 3347 1467 3401 dicitur
1495 3347 1561 3413 ",
1607 3357 1734 3407 etc..

158 3440 304 3507 quod
351 3440 551 3494 frustra
585 3440 635 3494 iu
666 3439 846 3494 Ruﬁni
885 3442 1240 3495 conversione
1286 3443 1557 3511 requiras.
1604 3441 1737 3495 Tale

157 3533 218 3579 et
248 3524 375 3579 illud
397 3536 477 3580 est
498 3525 682 3579 elibro
701 3526 884 3579 itidem
909 3525 1084 3594 primo
1112 3526 1339 3595 petitum
1370 3542 1383 3578 :
1416 3524 1575 3578 Exeo
1596 3526 1735 3594 quod

157 3614 292 3670 dicit
320 3616 589 3685 apostolus
608 3616 813 3671 Paulus
842 3633 893 3670 ε(
916 3615 1029 3671 Non
1054 3618 1121 3671 ab
1142 3617 1449 3671 hominibus
1474 3618 1573 3679 ⁷⁸,ι
1601 3628 1731 3682 etc.,

155 3709 307 3779 quod
349 3710 581 3764 habetur
625 3712 676 3765 in
715 3726 782 3765 eo
826 3711 1004 3779 capite
1042 3710 1131 3765 ubi
1169 3712 1345 3765 tertia.-
1365 3711 1731 3765 criminationi

160 3801 472 3872 Pamphilus
494 3804 808 3872 respondet.
836 3803 995 3857 Aliud
1024 3817 1239 3874 quoque
1266 3804 1502 3859 indidem
1527 3804 1734 3873 profert

157 3894 228 3948 ad
263 3908 515 3963 quartam
550 3896 983 3951 criminationem
1014 3894 1389 3960 refellendam,
1438 3897 1581 3964 quod
1619 3894 1731 3948 Ru-

159 3986 303 4042 ﬁnus
330 3988 381 4041 in
408 3989 852 4057 interpretatione
877 3989 1085 4042 omisit.
1114 3986 1437 4058 Fragmenta
1469 4000 1729 4057 praeterea

156 4077 471 4134 Pliilocaliie
501 4095 565 4134 ex
603 4081 704 4135 hoc
735 4094 899 4149 opere
921 4088 1161 4133 mutuata
1191 4096 1458 4133 summam
1488 4081 1607 4148 ejus
1639 4096 1730 4133 va-

156 4171 385 4225 nitatem
413 4181 733 4242 coarguunt,
764 4172 813 4227 si
837 4186 959 4226 cum
997 4172 1167 4241 ipsius
1194 4174 1374 4228 verbis
1397 4175 1729 4227 contendan-

157 4273 267 4317 tur.
316 4264 631 4333 Quanquam
680 4266 913 4320 dubitari
956 4276 1131 4336 potest
1175 4282 1355 4321 annon
1400 4267 1582 4336 aliqua
1634 4268 1729 4321 de-

156 4356 427 4411 traxerint
461 4355 696 4412 Basilius
726 4367 780 4411 et
823 4356 1116 4428 Gregorius
1157 4356 1473 4412 ΡΙιὶιοεοιὶιε
1504 4368 1727 4413 contex-

156 4458 325 4514 tores,
351 4464 469 4518 qua:
494 4449 561 4502 ab
594 4449 896 4503 orthodoxa
935 4450 1037 4505 ﬁde
1068 4450 1443 4505 dissentirent.
1471 4450 1727 4505 Certissi-

153 4558 303 4597 mum
358 4558 483 4597 vero
527 4544 728 4612 petitur
777 4544 1033 4598 indicium
1067 4559 1133 4598 ex
1181 4543 1525 4599 conﬂictione
1576 4544 1721 4597 loco-

151 4652 301 4700 rum,
344 4650 479 4705 quos
514 4650 545 4691 e
587 4635 739 4690 libris
772 4636 911 4704 Περὶ
939 4634 1143 4705 ἀρχῶν
1175 4644 1448 4705 acceptos,
1486 4635 1725 4688 Ruﬁnia-

150 4745 349 4786 norum
380 4729 534 4783 valde
565 4729 862 4785 dissimiles
892 4728 1235 4783 Justinianus
1271 4728 1323 4782 in
1372 4726 1616 4795 Epistola
1655 4730 1724 4781 ad

153 4821 366 4878 Menam
398 4824 822 4892 reprzesentavit.
859 4822 1040 4890 Itaque
1070 4836 1136 4875 ex
1172 4824 1273 4875 hac
1321 4820 1497 4874 Rufini
1536 4820 1720 4875 inﬁde-

150 4914 308 4968 litate
337 4924 537 4984 quanta
583 4911 907 4967 Christianae
945 4912 1133 4980 pietati
1182 4922 1235 4965 et
1281 4912 1539 4965 doctrina:
1578 4911 1723 4979 peri-

147 5008 273 5061 cula
336 5007 680 5070 exsisterent,
724 5004 1034 5072 intelligens
1093 5002 1475 5072 Hieronymus,
1528 5017 1721 5056 novam

149 5098 650 5166 in'erpretationem
684 5096 892 5151 meliori
939 5097 1043 5150 lide
1078 5097 1382 5161 adornavit,
1417 5105 1473 5149 et
1512 5094 1719 5149 Latinae

147 5192 408 5247 Ecclesia:
454 5190 705 5262 Origenis
746 5190 1007 5245 revelavit
1048 5203 1287 5255 errores,
1325 5188 1487 5242 nullis
1511 5188 1720 5241 artibus

202 5359 269 5403 i"
302 5357 463 5414 Hebr.
498 5374 538 5413 ι.
575 5358 650 5425 3;
686 5359 814 5430 Sap.
850 5373 948 5423 vit,
976 5357 1064 5412 26.

220 5485 294 5564 (3)
326 5493 407 5546 Ex
465 5509 524 5564 eo
572 5482 767 5563 quippe
800 5494 934 5548 libro
986 5494 1154 5548 multa
1203 5496 1261 5547 in
1311 5493 1716 5563 Apologeticum

144 5563 416 5635 transtulit
464 5563 795 5632 Pamphilus,
833 5578 939 5619 etc.
992 5566 1046 5619 In
1100 5565 1331 5635 vulgatis
1373 5565 1719 5635 Aetlitionibus

144 5634 412 5702 Apologia’
439 5635 697 5704 Pamphili
730 5637 982 5704 martyris
1013 5640 1111 5688 tria
1141 5633 1419 5703 sequentia
1444 5635 1555 5686 loca
1598 5649 1717 5702 quae

142 5708 279 5757 citat
310 5708 553 5769 lluetius,
581 5722 646 5758 ex
690 5706 841 5761 libris
864 5707 1000 5774 Περὶ
1034 5704 1236 5774 ἀρχῶν
1284 5705 1561 5772 desumpta
1596 5706 1716 5771 qui-

141 5776 265 5827 dem
294 5776 564 5839 dicuntur,
592 5777 685 5829 sed
727 5792 1034 5845 perperam.
1069 5792 1124 5829 et
1165 5776 1371 5829 incuria
1420 5778 1711 5845 editorum,

142 5852 205 5898 ut
235 5858 337 5900 suo
370 5846 487 5899 loco
523 5844 825 5904 monuimus
856 5862 921 5901 ex
964 5861 1093 5900 mss.
1128 5848 1374 5901 codicum
1410 5845 1535 5901 ﬁde.
1591 5844 1710 5901 Pri-

459 5942 734 6005 Pnnoa.
781 5943 901 6005 Gn.
947 5943 1150 6004 XVII.

1839 3338 2160 3393 bibliotheca
2208 3340 2605 3407 depromptum,
2661 3340 2778 3409 ejus
2815 3341 2982 3394 lraler
3016 3342 3272 3399 Ecclesia:
3311 3346 3412 3400 Pa-

1838 3430 2087 3484 risiensis
2115 3430 2433 3488 canonicus.
2470 3445 2607 3484 rara:
2636 3431 2719 3483 vir
2760 3430 3001 3499 pietatis,
3051 3432 3409 3490 humanitatis

1834 3528 1889 3572 et
1936 3519 2283 3588 integritatis,
2320 3519 2422 3572 mei
2466 3520 2608 3588 juris
2636 3520 2781 3583 fecit,
2832 3538 3036 3589 suoque
3074 3538 3104 3576 a
3151 3540 3237 3581 me
3271 3526 3412 3582 inter

1834 3610 2085 3679 Origenis
2113 3612 2469 3679 Syntagmata
2500 3613 2692 3667 ordine
2725 3612 3101 3669 collocabitur.

1904 3699 1969 3754 V.
2017 3702 2090 3754 De
2118 3700 2271 3755 libris
2293 3711 2478 3755 contra
2508 3702 2717 3756 Celsum
2760 3703 2833 3757 ita
2875 3704 3129 3773 loquitur,
3145 3706 3410 3762 Eusebius

1834 3793 1888 3847 in
1914 3793 2274 3846 Antirrhetico
2311 3794 2572 3848 adversus
2607 3793 2911 3849 Hieroclem
2939 3814 2952 3850 :
2978 3796 3216 3867 Δυνάμει
3237 3797 3280 3850 δ’
3307 3798 3409 3871 ἤδη

1831 3887 1891 3939 ού
1928 3886 2063 3959 πρὸς
2088 3886 2183 3957 τῆς
2217 3885 2352 3950 ἰδίας
2383 3888 2503 3940 κατ’
2526 3888 2705 3941 αὐτῶν
2738 3890 2956 3960 γραφῆς
2980 3891 3406 3962 ἀνατέτραπται,

1832 3979 1925 4031 καὶ
1986 3978 2499 4049 προαπελήλεγκται
2546 3981 2605 4033 ὲν
2634 3981 2776 4044 ἅλοις
2812 3982 2958 4036 ὀκτὼ
2991 3982 3405 4056 ξυγγράμμασι,

1830 4072 1940 4133 τοῖς
1963 4070 2224 4141 Ὠριγένει
2247 4074 2524 4142 γραφεῖσι,
2542 4073 2677 4143 πρὸς
2707 4074 2798 4128 τὸν
2816 4076 3293 4150 ἁλαζωνικώτερον
3314 4081 3407 4135 τοῦ

1829 4164 2204 4232 Φιλαλήθους
2225 4164 2699 4236 ἐπιγεγραμμένον
2724 4169 2934 4222 Κέλσου
2952 4169 3162 4240 Ἀληθῆ
3200 4173 3405 4243 λόγον,

1826 4246 1871 4322 ᾦ
1895 4255 1993 4318 τὰς
2028 4254 2255 4319 εὐθύνας
2279 4258 2724 4329 ἀπαραλείπτως,
2762 4264 2819 4314 ὲν
2846 4264 2991 4326 ὅσοις
3021 4265 3353 4337 εὑρήκαμεν,
3376 4270 3408 4322 ὁ

1826 4348 2193 4420 δεδηλωμένοις
2210 4350 2549 4422 παραγαγὼν
2572 4352 2870 4427 ξύλλήῦδην
2890 4356 2991 4410 ὅσα
3016 4359 3096 4420 εἰς
3118 4357 3215 4429 τὴν
3238 4360 3408 4432 αὐτὴν

1828 4442 2082 4495 ὑπόθεσιν
2111 4444 2271 4497 παντί
2300 4462 2377 4515 τῳ
2415 4446 2631 4517 εἴρηταί
2659 4464 2718 4499 τε
2746 4448 2839 4501 καὶ
2864 4451 3162 4521 εἰρήσεται,
3202 4454 3405 4524 προλα-

1827 4534 1937 4588 ϐὼν
1969 4536 2269 4591 διελύσατο.
2305 4556 2323 4588 i
2356 4536 2471 4591 .lam
2507 4550 2682 4593 autem
2716 4550 2997 4608 petestate,
3025 4542 3150 4597 licet
3177 4527 3281 4599 non
3312 4548 3407 4601 de-

1828 4630 2029 4683 stinato
2069 4642 2255 4684 contra
2291 4645 2355 4685 ea
2389 4631 2615 4699 scripto,
2650 4634 2849 4686 obtrita
2882 4642 2935 4688 et
2974 4635 3249 4690 confutata
3278 4649 3404 4694 sunt

1826 4720 2063 4791 (scripta
2129 4722 2421 4792 Hieroclis)
2470 4724 2522 4777 in
2577 4734 2699 4779 octo
2748 4725 2900 4781 libris
2953 4742 3088 4797 quos
3143 4728 3405 4799 Origenes

1826 4815 2149 4883 conscripsit
2189 4816 2450 4870 adversus
2515 4816 2656 4871 Celsi
2715 4817 2904 4875 Verum
2950 4837 3258 4885 sermonem,
3312 4824 3399 4893 ja-

1824 4911 2145 4962 Ctantiorem
2174 4924 2339 4978 opere
2381 4909 2798 4981 illo(llieroclis)
2835 4912 2924 4981 qui
2962 4911 3281 4968 Philaletlies
3316 4917 3400 4970 in-

1823 5002 2079 5056 scribitur
2120 5020 2133 5055 :
2190 5002 2243 5055 in
2284 5004 2479 5070 quibus
2521 5019 2713 5056 causas
2754 5019 2943 5059 omnes
2987 5015 3042 5058 et
3085 5018 3399 5074 argumenta

1825 5095 2138 5164 complexus
2166 5096 2247 5148 vir
2278 5096 2385 5161 illc,
2433 5097 2615 5149 omnia
2664 5097 2822 5150 simul
2869 5114 3203 5167 quaecunque
3238 5116 3401 5169 super

1825 5202 1889 5242 ea
1919 5202 1979 5241 re
2011 5203 2041 5241 a
2074 5204 2345 5258 quoquam
2374 5189 2460 5259 vel
2495 5191 2637 5243 dicta
2672 5198 2819 5255 sunt,
2855 5191 2936 5245 vel
2974 5192 3223 5248 dicentur
3254 5206 3403 5265 post-

1148 5358 1195 5389 "
1226 5357 1405 5413 Galat.
1450 5374 1488 5423 l,
1524 5357 1577 5412 1.
1652 5356 1697 5387 ⁷⁸
1731 5354 1959 5414 Scultet.
1983 5356 2037 5411 in
2072 5355 2291 5411 Medull.
2321 5356 2546 5426 tlteolag.
2582 5356 2757 5422 Patr.,
2795 5356 2889 5413 lib.
2919 5376 2991 5426 γι,
3018 5376 3139 5429 cap.
3163 5361 3217 5414 4.

1824 5509 1945 5547 mus
1964 5492 2114 5547 locus
2150 5494 2359 5547 eruitur
2392 5509 2457 5548 ex
2491 5495 2709 5549 homilia
2741 5495 2774 5547 9
2826 5498 2880 5547 in
2930 5494 3212 5548 Jeremiam
3245 5493 3399 5562 cujus

1823 5564 2042 5618 Graecus
2066 5574 2352 5617 contextus
2386 5566 2682 5617 etiamnum
2734 5574 2933 5619 exstat.
2991 5566 3273 5620 Set-undas
3328 5583 3392 5619 ex

1824 5633 1979 5705 inith
2018 5634 2139 5687 libri
2175 5635 2331 5705 primi
2370 5634 2744 5705 in__Epistolam
2774 5635 2847 5705 uti
2867 5632 3105 5705 Galatas,
3136 5637 3395 5689 cttertius

1819 5719 1884 5759 ex
1919 5702 2318 5757 Commentario
2341 5702 2701 5775 inEpistolam
2725 5705 2793 5756 ad
2822 5704 3193 5758 Philemonem.
3213 5707 3392 5761 Adeo-

1819 5788 1925 5843 que
1959 5775 2090 5827 nihil
2120 5783 2299 5828 exstat
2330 5775 2381 5827 iti
2404 5774 2668 5841 Apologia
2704 5774 2965 5843 Pamphili
2999 5778 3137 5843 quod
3186 5793 3291 5829 ttun
3324 5782 3394 5831 sit

1819 5845 1873 5899 in
1904 5842 2190 5899 Ruﬁniana
2216 5846 2474 5900 librorum
2514 5844 2652 5913 Περὶ
2687 5842 2890 5914 ἀρχῶν
2919 5842 3389 5913 interpretatione.

3010 5940 3087 6001 Ιιο
