3838 6222
433 399 568 455 9250

1640 394 1707 448 Ρ.
1753 392 2066 449 DANlELlS
2108 395 2337 452 llUETll

3535 399 3667 451 12w

430 524 549 584 hac,
582 521 631 572 in
664 526 997 570 antecessum
1020 514 1280 569 dissolvit.
1308 534 1324 567 ι
1352 515 1524 574 Vero;
1552 529 1655 567 non
1684 517 1815 568 alias
1846 517 1987 569 enim
2016 525 2063 577 Α
2094 517 2285 580 solere,
2320 527 2377 571 ut
2401 516 2692 580 Candidus,
2719 512 3070 567 Valentiniani
3107 513 3372 583 dogmatis
3406 525 3669 580 sectator,

430 617 635 663 tantam
669 608 923 662 doctrina:
958 606 1279 662 Christianae
1308 616 1359 659 et
1394 606 1633 675 profante
1666 608 1989 672 ubertatem,

434 713 577 755 tanta
613 708 1048 768 argumentorum
1077 701 1311 767 pondera
1338 699 1623 766 expromit.
1660 699 1830 753 Causa
1860 702 1994 755 scri-

436 791 594 845 bendi
635 789 824 844 Celsus
873 786 970 841 fuit
1011 787 1322 855 Epicureus,
1368 789 1459 857 qui
1514 789 1877 842 Christianam
1913 807 1995 845 re-

444 884 696 952 ligionem
762 881 1165 948 impugnaverat
1207 879 1341 932 libro
1377 881 1461 934 cui
1511 881 1719 933 titulum
1772 879 1991 948 fecerat,

445 974 671 1045 Ἀληοὴς
698 972 872 1041 λόγος.
916 972 961 1025 Is
994 987 1113 1025 cum
1148 986 1359 1025 summo
1393 972 1578 1039 plausu
1604 988 1633 1024 a
1673 972 1869 1027 Christi
1904 975 1995 1026 ad-

433 1068 689 1122 versariis
744 1066 931 1119 fuisset
977 1074 1257 1133 PXCPplIJS,
1318 1062 1700 1117 confutandum
1751 1066 1991 1134 suscepit

431 1159 697 1213 Ambrosii
736 1168 918 1228 rogatu
948 1156 1317 1219 Adamantius,
1345 1154 1453 1224 jam
1483 1156 1607 1211 licet
1632 1172 1661 1209 e
1688 1158 1826 1212 vivis
1859 1158 1992 1212 sub-

434 1254 539 1305 lato
564 1251 739 1305 Celso.

507 1341 590 1395 Vl.
628 1342 701 1395 Ex
744 1338 988 1409 epistolis
1012 1336 1262 1408 Origenis
1291 1342 1424 1393 duas
1467 1339 1687 1394 omnino
1718 1340 1953 1410 integras
1977 1381 1992 1404 ,

434 1441 487 1484 et
526 1428 666 1485 nulla
718 1430 799 1483 sui
833 1429 1081 1497 portione
1112 1437 1409 1491 truncatas,
1450 1428 1709 1496 quasdam
1748 1444 1813 1483 ex
1847 1437 1996 1497 parte

434 1524 693 1577 duntaxat
716 1522 1035 1590 superstites
1062 1520 1340 1572 habemus.
1373 1519 1580 1588 Integra
1607 1528 1851 1588 superest
1880 1521 1993 1590 epi-

434 1616 571 1670 stola
605 1615 669 1667 ad
694 1613 890 1668 Julium
919 1611 1253 1676 Africanum,
1279 1625 1382 1679 qua
1410 1612 1723 1665 doctissimo
1746 1612 1819 1666 illi
1852 1613 1991 1678 viro,

434 1710 696 1763 Susannm
735 1706 1037 1768 historiam,
1082 1719 1202 1773 quae
1244 1705 1297 1757 in
1336 1704 1569 1759 Danielis
1600 1706 1736 1758 libro
1780 1705 1992 1774 legimr,

434 1802 790 1856 adulterinum
826 1798 1143 1868 suspicanti,
1176 1798 1447 1865 ipsiusque
1470 1812 1563 1865 per
1596 1797 1876 1866 epiSIolam
1910 1813 1993 1851 ro.

2093 609 2428 662 occasionem
2464 610 2588 662 inde
2612 618 2800 661 nactus
2825 607 2897 660 sit
2922 608 3210 659 accusandi
3238 608 3339 669 sui,
3376 608 3526 676 quod
3555 608 3672 660 dia-

2093 700 2273 753 bolum
2314 701 2428 768 ejus
2453 714 2573 753 esse
2605 708 2809 751 natura:
2842 699 3061 762 dixerit,
3090 710 3206 765 quae
3245 698 3474 751 salutem
3519 714 3653 751 con-

2094 792 2243 858 sequi
2271 794 2458 860 possit.
2490 791 2625 845 Tum
2653 792 2864 844 initium
2891 790 3130 857 epistola:
3153 804 3182 842 a
3209 789 3407 843 Rufino
3430 801 3664 860 prreter-

2096 884 2343 941 missum.
2376 879 2731 950 Hieronymus
2759 880 2978 933 exhibet
3008 894 3035 931 a
3070 894 3128 933 se
3167 893 3521 932 conversum.
3554 878 3664 931 Ru-

2096 974 2204 1027 fino
2244 982 2390 1027 certe
2423 987 2610 1041 parum
2652 972 2739 1026 hic
2788 986 2975 1039 aequus
3016 980 3099 1024 est
3141 970 3542 1041 Hieronymus;
3574 985 3670 1023 cur

2093 1066 2234 1119 enim
2268 1081 2390 1119 cum
2430 1063 2764 1117 adulteratos
2793 1062 3040 1131 Origenis
3084 1062 3249 1115 libros
3283 1061 3442 1115 vellet
3486 1071 3669 1115 osten-

2093 1157 2241 1218 dere,
2269 1154 2520 1220 Epistolze
2548 1162 2753 1222 partem
2796 1168 2823 1204 a
2856 1154 3129 1221 proposito
3188 1151 3416 1204 alienam
3450 1151 3657 1205 descri-

2094 1247 2325 1315 psisset?
2365 1246 2440 1299 Ex
2485 1245 2710 1314 epistola
2753 1260 2911 1313 quam
2956 1245 3021 1297 ad
3062 1242 3276 1296 Patrem
3330 1243 3659 1299 Christiane

2094 1339 2214 1393 fidei
2260 1353 2421 1392 causa
2468 1337 2731 1405 supplicio
2779 1337 3106 1391 destinatum
3155 1337 3321 1390 etiam
3366 1345 3478 1388 tum
3532 1350 3671 1405 puer

2093 1430 2311 1499 scripsit
2356 1430 2639 1499 Origenes,
2689 1429 2848 1483 verba
2902 1428 3110 1496 aliquot
3156 1428 3349 1496 repetit
3397 1427 3671 1482 Eusebius

2093 1522 2187 1576 lib.
2231 1538 2279 1575 vi
2327 1522 2552 1588 Histor.,
2595 1536 2713 1586 cap.
2756 1523 2809 1573 2.
2854 1520 3037 1589 Capite
3074 1533 3201 1575 vero
3270 1520 3478 1575 decimo
3526 1535 3675 1573 nono

2094 1614 2350 1683 prolixius
2396 1616 2583 1667 recitat
2628 1611 2984 1679 fragmentum
3027 1611 3290 1679 epistohe,
3332 1626 3499 1679 quam
3545 1626 3671 1680 pur-

2094 1706 2249 1777 gandi
2281 1706 2361 1758 sui
2406 1706 2573 1775 gratia
2624 1705 2883 1759 adversus
2929 1720 3025 1757 eos
3071 1703 3413 1770 conscripsit,
3454 1704 3550 1771 qui
3581 1704 3669 1755 ni-

2096 1799 2256 1850 mium
2286 1798 2400 1864 ejus
2429 1798 2478 1849 in
2507 1794 2815 1850 Graecorum
2837 1795 3147 1863 disciplinas
3170 1794 3406 1847 studium
3431 1792 3662 1846 damna-

435 1892 577 1962 ganti
622 1890 941 1944 sententiam
997 1890 1203 1942 erudite
1240 1887 1536 1954 respondit,
1574 1901 1832 1954 suamque
1866 1902 1991 1939 nar-
2023 1872 2065 1930 Β
2095 1890 2242 1943 baut.
2285 1888 2525 1957 Denique
2565 1887 2833 1957 Georgius
2873 1888 3169 1948 Cedreuus,
3199 1888 3253 1938 in
3297 1884 3511 1947 Severo,
3553 1886 3667 1954 epi-

435 1983 628 2037 rationi
661 1982 785 2036 huic
817 1982 1187 2034 auctoritatem
1239 1980 1491 2033 asseruit.
1531 1979 1764 2032 Plurima
1794 1980 1992 2033 utrius-

434 2091 539 2145 que
569 2073 1022 2129 circumferuntur
1046 2072 1235 2126 Crmca
1270 2087 1429 2125 manu
1462 2080 1681 2125 exarata
1714 2071 1991 2140 exempla-

437 2173 548 2234 ria;
570 2183 794 2237 quorum
816 2182 977 2219 unum
1000 2181 1029 2218 a
1054 2181 1110 2219 se
1135 2165 1465 2233 descriptum
1492 2166 1559 2217 ad
1584 2179 1667 2217 me
1692 2164 1993 2218 transmisit

437 2260 717 2315 Emericus
752 2258 1010 2329 Bigotius,
1065 2256 1323 2325 singulari
1356 2256 1436 2308 vir
1465 2256 1765 2309 eruditione
1792 2273 1806 2309 :
1834 2255 1909 2326 (4)
1940 2266 1994 2311 et

426 2366 535 2405 nos
566 2352 875 2419 aliquando,
902 2364 1023 2403 cum
1068 2347 1200 2410 Deo,
1246 2347 1429 2399 ambas
1464 2347 1607 2399 inter
1645 2346 1993 2416 Syntagmata

434 2441 791 2511 vulgabimus.
817 2441 1022 2508 Integra
1043 2453 1255 2507 quoque
1271 2448 1353 2491 est
1374 2436 1629 2506 Epistola,
1652 2452 1755 2505 qua
1782 2447 1995 2491 constat

437 2534 703 2587 decimum
737 2532 951 2585 tertium
988 2528 1297 2581 Philocan
1332 2536 1515 2594 caput,
1546 2542 1757 2597 quaque
1794 2529 1996 2597 Grego.

434 2624 580 2675 rium
618 2620 1078 2687 Tliaumaturgum
1122 2618 1183 2669 ad
1232 2631 1505 2670 sacrarum
1545 2618 1843 2671 litterarum
1881 2628 1995 2671 stn-

437 2713 581 2766 dium
631 2710 892 2779 Origenes
936 2709 1275 2762 adhortatur.
1319 2708 1544 2762 Rufinus
1591 2708 1643 2760 in
1694 2707 1872 2761 libello
1919 2706 1995 2760 De

436 2803 817 2856 adulteratione
853 2802 1104 2854 librorum
1138 2799 1402 2868 Origenis,
1432 2802 1621 2854 recitat
1659 2810 1860 2870 partem
1891 2800 1998 2867 epi-

440 2894 614 2957 stolae,
649 2907 807 2959 quam
851 2892 1027 2960 patria
1066 2892 1315 2959 depulsus
1346 2892 1412 2945 ad
1441 2891 1642 2944 amicos
1682 2892 1997 2944 Alexandri-

432 3000 539 3039 nos
583 2984 937 3037 Adamantius
967 2984 1205 3051 Scripsit,
1252 2984 1303 3036 in
1353 2999 1454 3052 qua
1488 2983 1624 3037 falso
1658 2983 1865 3049 jactare
1897 2984 1993 3035 ad-

438 3076 709 3130 versarios
752 3077 1015 3144 queritur,
1066 3090 1379 3143 persuasum
1426 3088 1547 3127 esse
1591 3072 1718 3138 sibi,
1760 3072 1995 3125 futurum

440 3177 499 3220 ut
538 3166 765 3219 salutem
805 3166 1052 3220 diabolus
1088 3166 1376 3234 aliquando
1417 3174 1813 3234 consequatur;
1849 3164 1999 3217 addit

442 3260 748 3311 limreticum
796 3257 1077 3324 quemdam
1131 3258 1509 3325 disputationis
1561 3272 1742 3311 secum
1802 3258 1999 3311 habita:

439 3350 569 3402 Acta
600 3348 968 3411 adulterasse;
1014 3357 1065 3402 et
1096 3362 1153 3401 se
1200 3352 1458 3402 Actorum
1492 3350 1704 3403 misisse
1734 3351 1997 3413 codicem,

441 3443 583 3495 unde
624 3452 910 3510 corruptor
950 3442 1204 3496 falsitatis
1253 3451 1603 3511 argueretur;
1658 3441 1820 3493 alium
1872 3441 1998 3495 item

441 3532 774 3593 liazreticum,
816 3530 905 3598 qui
944 3532 1195 3599 congredi
1229 3547 1412 3585 secum
1452 3531 1865 3595 detrectaverat,
1901 3531 2001 3584 fal-

439 3637 556 3678 sam
600 3624 1007 3689 disceptationis
1054 3624 1334 3677 historiam
1370 3624 1655 3677 mandasse
1689 3623 1913 3689 litteris,
1948 3632 2002 3677 et

440 3715 642 3783 passim
681 3714 947 3782 vulgasse,
977 3714 1069 3768 sed
1098 3714 1352 3767 vanitatis
1386 3713 1598 3767 tandem
1632 3721 1686 3767 et
1718 3713 1997 3782 impuden-

442 3807 530 3857 tia:
558 3805 721 3859 fuisse
748 3820 776 3857 a
814 3820 873 3858 se
905 3805 1229 3857 convictum.
1262 3804 1621 3874 Hieronymus
1650 3818 1789 3858 vero.
1830 3804 1925 3857 lib.
1962 3818 2001 3857 ιι

441 3896 659 3965 Apolog.
686 3896 890 3949 advers.
919 3894 1122 3962 Ruﬁn.,
1144 3895 1338 3964 cap.5,
1368 3896 1505 3950 hanc
1530 3897 1696 3965 ipsam
1720 3896 1999 3966 epistolam

442 4004 631 4056 parum
672 3987 902 4041 fideliter
944 4003 972 4039 a
1004 3987 1200 4041 Rufino
1236 4003 1553 4041 conversam
1586 4002 1859 4051 causatur,
1892 3990 2003 4044 dis-

444 4077 728 4131 simulasse
755 4078 950 4145 quippe
980 4077 1149 4145 ipsum
1194 4077 1260 4130 ab
1288 4075 1519 4146 Origene
1549 4075 1775 4129 lacerari
1810 4078 2002 4131 Deme-

446 4166 605 4219 trium
638 4166 1059 4219 Alexandrinum
1085 4166 1422 4235 episcopum,
1451 4176 1505 4218 et
1531 4168 1694 4219 totius
1722 4166 1867 4221 orbis
1890 4168 2005 4234 epi-

444 4268 638 4322 scopos
675 4270 737 4307 ac
766 4255 1013 4319 clericos,
1056 4271 1084 4308 a
1125 4256 1320 4323 quibus
1348 4255 1597 4310 Ecclesia:
1627 4260 2004 4314 communione

444 4344 621 4397 fuerat
648 4346 981 4414 prohibitus;
1027 4347 1220 4400 deinde
1250 4347 1429 4401 dicere
1471 4346 1755 4416 Origenem
1787 4350 1863 4402 ait
1895 4349 2002 4403 fru-

445 4446 559 4489 stra
602 4451 661 4490 se
694 4438 857 4490 fuisse
883 4437 949 4489 ab
974 4437 1213 4491 Ecclesia
1242 4436 1527 4503 deiectum,
1558 4453 1657 4492 nec
1686 4440 1855 4493 vicem
1889 4456 2004 4494 ma-

2094 1978 2242 2030 stolac
2271 1976 2547 2045 cujusdam
2580 1975 2831 2044 Origeuis
2859 1984 3061 2044 partem
3087 1975 3199 2039 dat,
3233 1976 3284 2027 in
3326 1990 3431 2045 qua
3462 1976 3673 2029 acriter

2094 2072 2161 2120 ab
2190 2066 2475 2120 Ambrosio
2501 2067 2567 2120 ad
2593 2068 3025 2134 interpretandas
3048 2067 3380 2136 Scripturas,
3409 2084 3475 2122 ac
3502 2070 3675 2123 nimis

2094 2173 2254 2226 quam
2290 2173 2384 2224 par
2410 2168 2553 2212 esset
2596 2159 2773 2228 urgeri
2815 2174 2872 2212 se
2899 2160 3269 2228 conqueritur.
3300 2158 3560 2213 Eamdem
3602 2174 3669 2215 ex

2095 2247 2325 2300 Cedreno
2360 2249 2661 2315 decerptam
2688 2259 3037 2316 repraesentat
3083 2250 3297 2302 Snidas.
3332 2250 3406 2303 Ex
3440 2250 3672 2316 epistola

2094 2340 2344 2408 Origenis
2388 2342 2454 2392 ad
2501 2338 2749 2393 Photium
2787 2350 2833 2393 et
2883 2341 3147 2394 Andream
3187 2344 3512 2410 presbyteros
3547 2357 3676 2410 par-

2095 2433 2310 2486 ticulam
2343 2432 2617 2502 proferunt
2642 2442 2843 2485 catena:
2870 2443 3073 2486 veteres
3102 2434 3153 2485 in
3183 2434 3399 2485 Deuter.
3422 2447 3533 2495 ενι,
3567 2431 3665 2486 20.

2098 2524 2177 2593 (5)
2228 2523 2427 2578 Verum
2471 2539 2658 2593 parum
2705 2534 2787 2577 est
2826 2524 3162 2579 auctoritatis
3210 2524 3263 2579 in
3320 2524 3555 2589 catenis,
3613 2533 3681 2580 ut

2096 2616 2329 2670 diximus
2361 2616 2523 2683 alibi;
2553 2626 2607 2669 et
2639 2618 2815 2685 quoad
2861 2617 3073 2671 aliunde
3106 2619 3327 2672 accedat
3359 2616 3511 2682 fides,
3541 2616 3658 2671 fra-

2097 2719 2373 2777 gmentum
2404 2710 2505 2764 hoc
2534 2720 2843 2777 suspectum
2873 2718 3011 2763 esto.

2169 2799 2277 2855 Vll.
2325 2801 2485 2855 Liber
2527 2801 2601 2854 De
2632 2803 2867 2854 oratione
2909 2802 3123 2855 hortatu
3168 2801 3436 2856 Ambrosii
3472 2812 3530 2855 et
3563 2801 3671 2856 Ta-

2098 2892 2256 2947 tiana:
2285 2892 2596 2947 lucubratus
2640 2902 2740 2947 est.
2772 2892 2923 2947 Hunc
2977 2909 3073 2946 nos
3097 2908 3127 2946 e
3168 2895 3541 2961 manuscripto
3570 2907 3672 2949 oo-

2098 2982 2219 3035 dice
2258 2982 2595 3036 bibliothecae
2629 2981 2945 3037 Holmiensis
2985 2982 3267 3037 Christ'ma:
3326 2984 3525 3052 regina:
3574 2984 3672 3037 de-

2098 3072 2428 3140 scripsimus.
2489 3072 2665 3127 Titulo
2722 3074 2940 3142 quidem
2997 3084 3166 3140 caret,
3222 3073 3315 3129 sed
3361 3090 3429 3129 ex
3492 3075 3671 3145 ipsius

2103 3164 2289 3232 operis
2323 3164 2554 3218 lectione
2596 3176 2805 3230 auctor,
2856 3175 2909 3219 et
2947 3176 3321 3234 argumentum
3376 3168 3541 3222 facile
3574 3169 3676 3223 de-

2105 3258 2512 3325 prehenduntur
2542 3273 2559 3312 :
2602 3266 2659 3310 ut
2691 3257 2793 3309 alia
2824 3259 3023 3327 quippe
3049 3259 3297 3312 deessent
3332 3259 3557 3324 indicia,
3593 3262 3680 3317 vel

2102 3363 2163 3403 ea
2191 3348 2495 3402 sullicerent
2530 3349 2716 3411 verba,
2745 3351 2938 3417 quibus
2967 3350 3277 3403 dissertatio
3310 3351 3623 3405 absolvitur
3656 3375 3669 3407 :

2103 3441 2283 3494 Ταῦτα
2304 3440 2442 3493 κατὰ
2464 3441 2689 3510 δύναμιν
2710 3440 2845 3511 ἐμὴν
2873 3442 2953 3503 εἰς
2971 3440 3031 3492 τὸ
3051 3441 3148 3510 τῆς
3174 3441 3335 3510 εὐχῆς
3356 3440 3682 3512 πρόϐλημα,

2102 3536 2197 3587 καὶ
2256 3536 2334 3596 εἰς
2370 3532 2465 3603 τὴν
2509 3534 2567 3585 ὲν
2614 3536 2729 3596 τοῖς
2777 3532 3124 3601 Εὐαγγελίοις
3156 3534 3319 3602 εὐχὴν
3360 3534 3432 3586 τά
3470 3551 3530 3585 τε
3576 3534 3686 3605 πρὸ

2103 3625 2270 3694 αὐτῆς
2300 3625 2447 3694 παρὰ
2484 3624 2561 3694 τῷ
2599 3623 2860 3695 Ματθαίῳ
2898 3626 3159 3695 εἰρημένα
3195 3626 3328 3694 ἡμῖν
3366 3623 3683 3693 διήθληται,

2104 3716 2551 3786 φιλομαθέστατοι
2586 3715 2677 3768 καὶ
2714 3714 3071 3785 γνησιώτατοι
3100 3717 3159 3767 ὲν
3191 3714 3473 3784 θεοσεϐείᾳ
3514 3714 3683 3767 ἀδελ-

2104 3809 2214 3877 φοὶ,
2253 3807 2540 3878 Ἀμϐρόσιε
2563 3806 2657 3859 καὶ
2677 3807 2936 3875 Τατιὰνη.
2968 3823 2987 3856 ‹
3024 3805 3148 3859 Haec
3172 3823 3199 3857 a
3226 3806 3380 3860 nobis
3410 3820 3509 3874 pro
3533 3806 3686 3861 virili

2104 3914 2265 3968 super
2307 3901 2603 3968 quaastioue
2644 3900 2711 3951 de
2744 3898 3007 3959 oratione,
3037 3908 3089 3951 et
3121 3913 3184 3951 ea
3219 3898 3530 3965 precatione
3558 3914 3688 3966 qua:

2106 3993 2333 4047 habetur
2386 3992 2437 4045 in
2494 3992 2822 4061 Evangeliis,
2856 4001 2912 4045 et
2952 4006 3072 4059 quae
3123 3990 3292 4059 ipsam
3346 3992 3489 4060 apud
3539 3990 3685 4045 Mat-

2109 4084 2303 4138 tbaeum
2334 4085 2660 4154 praecedunt,
2711 4085 2865 4138 nobis
2888 4083 3157 4138 elaborata
3185 4094 3329 4148 sunt,
3348 4084 3689 4138 studiosissi-

2106 4176 2178 4229 mi
2208 4176 2672 4244 etgermanissimi
2694 4175 2745 4229 in
2772 4176 2966 4244 pietate
2988 4174 3203 4241 fratres,
3224 4174 3473 4228 Atnbrosi
3499 4184 3557 4227 et
3571 4172 3688 4226 Ta-

2106 4268 2267 4319 tiana.
2299 4285 2317 4317 ι
2354 4265 2707 4336 (ϐηρυςευωη
2733 4281 2795 4320 ea
2850 4266 3009 4319 fuerit
3063 4265 3314 4328 Tatiana,
3347 4266 3520 4333 deque
3558 4266 3684 4333 ipsa

2106 4356 2482 4409 dissertatione
2524 4356 2656 4410 alias
2684 4374 2712 4409 a
2756 4356 2911 4411 nobis
2946 4356 3310 4424 disputabitur
3348 4356 3687 4423 accuratius,

2106 4460 2226 4499 cum
2262 4446 2400 4499 inter
2436 4447 2781 4517 Syntagmata
2813 4447 2951 4517 typis
3001 4448 3389 4502 committetur.

444 4528 653 4584 ledictis
684 4528 886 4583 referre
913 4528 1069 4595 velle,
1096 4544 1261 4597 seque
1286 4530 1350 4583 iis
1378 4544 1546 4599 usque
1568 4530 1705 4584 adeo
1729 4530 2005 4587 abstinere
2039 4551 2086 4610 ι)
2183 4535 2316 4591 Vill.
2356 4537 2615 4603 Quoniam
2642 4553 2709 4593 ex
2743 4539 2845 4593 hoc
2883 4540 3005 4594 albo
3039 4537 3394 4592 Philocah’am
3444 4553 3553 4593 nou
3592 4553 3689 4595 ex-

515 4705 591 4777 (4)
612 4703 683 4759 Et
712 4722 800 4759 nos
828 4705 1131 4775 aliquando,
1166 4704 1434 4777 cum_Deo,
1473 4707 1675 4777 ambas,
1703 4717 1812 4762 etc.
1849 4708 2011 4762 'Nnn-

445 4775 605 4846 quam
638 4779 769 4830 duas
796 4779 892 4830 has
922 4778 1177 4845 epistolas
1204 4775 1441 4846 vulgavit
1472 4776 1697 4832 ﬂuetius
1721 4817 1737 4837 .
1764 4779 1856 4832 sed
1888 4795 2008 4830 am-

447 4844 526 4897 ba:
555 4857 774 4913 repertae
797 4856 921 4915 sunt
956 4844 1005 4897 in
1038 4847 1152 4913 ejus
1185 4844 1401 4915 scriptis
1426 4862 1553 4898 mss.
1584 4863 1718 4915 quas
1746 4848 1859 4902 RR.
1900 4848 2002 4905 PP.

445 4915 663 4967 Jesuitze
694 4914 877 4968 Sancti
913 4914 1167 4969 Ludo-vici
1212 4913 1534 4969 Parisiensis
1568 4913 1796 4987 benigne
1824 4918 2013 4973 nobis-

446 5001 567 5037 cqu
599 4987 1081 5038 communicarunt.

519 5052 594 5123 (5)
639 5052 823 5105 Verum
850 5071 1032 5122 parum
1064 5064 1136 5107 est
1184 5058 1508 5109 auctoritatis
1554 5056 1605 5107 in
1636 5056 1855 5123 catenis,
1896 5066 2003 5112 etc.

450 5123 611 5177 Recte
645 5134 823 5176 monet
851 5125 931 5175 vir
962 5126 1308 5179 doctissimus
1330 5126 1779 5179 Montefalconins
1819 5137 2003 5181 noster

450 5192 783 5245 Bibliothecw
822 5191 1168 5248 Coisliuiana:
1230 5211 1351 5263 pag.
1384 5197 1471 5260 4|,
1523 5196 1809 5265 Origenem
1849 5213 2000 5250 men-

449 5267 577 5317 dose
602 5264 827 5331 positum
866 5267 1028 5316 fuisse
1078 5280 1174 5331 pro
1218 5268 1437 5326 Severo,
1474 5264 1641 5333 cujus
1670 5278 2002 5320 memoratur

453 5334 687 5399 Ia'pt'stola
728 5337 795 5385 ad
826 5333 1073 5403 Photium
1096 5345 1141 5385 et
1173 5334 1431 5388 Andream
1450 5336 1797 5403 presbyteros,
1827 5337 1875 5389 in
1905 5352 2000 5389 c0-

448 5403 623 5456 dtee8
664 5404 903 5471 ejusdem
958 5402 1296 5457 Bibliotheca:
1349 5402 1691 5457 Coisliniana:
1740 5422 1861 5474 pag.
1905 5406 1996 5459 44.

447 5476 804 5537 Quamobrem
835 5477 901 5525 ab
940 5475 1105 5527 hocce
1137 5475 1473 5541 supposititio
1518 5475 1818 5542 fragmento
1861 5477 2001 5531 inter

448 5546 674 5612 genuina
708 5544 951 5611 Origenis
976 5559 1135 5610 opera
1172 5545 1495 5610 publicando
1512 5544 1890 5598 abstinuimus.

518 5612 593 5681 (6)
626 5614 873 5675 Quisnam
905 5631 964 5666 ea
998 5616 1151 5680 fuerit
1177 5613 1418 5673 'l‘att'ana,
1446 5624 1551 5666 etc.
1589 5612 1683 5665 Vix
1728 5616 2000 5680 conjectu-

450 5683 677 5735 ris-licet
699 5687 909 5752 assequi
939 5699 1183 5751 quaenam
1208 5685 1367 5735 fuerit
1394 5682 1639 5735 'l‘utiana.
1675 5683 1855 5753 Elegia
1880 5700 1997 5752 qua:

442 5767 564 5803 cum
589 5754 872 5807 Ambrosio
905 5754 1152 5820 partitur,
1184 5756 1484 5807 connuunia
1518 5754 1801 5821 utriusque
1845 5771 1998 5808 litati-

452 5824 598 5889 data,
636 5833 684 5876 et
708 5823 1019 5892 obsequium
1057 5822 1273 5894 utrique
1299 5823 1459 5880 simul
1509 5825 1575 5879 ab
1605 5824 1833 5893 Origene
1864 5842 1999 5895 pra:-

2114 4713 2299 4765 stitum
2324 4726 2587 4766 summam
2613 4715 2750 4769 inter
2774 4715 2895 4770 illos
2934 4716 3291 4770 intervenisse
3338 4715 3683 4782 conjunctio-

2117 4798 2236 4835 nem
2256 4782 2583 4853 suaderent,
2611 4784 2971 4853 conjugesque
2995 4787 3182 4848 fuisse,
3209 4784 3311 4837 nisi
3341 4793 3529 4837 contra
3576 4802 3680 4853 ap-

2113 4852 2379 4923 paruisset
2410 4868 2473 4923 es
2507 4855 2745 4917 Epistola
2775 4852 2842 4906 ad
2874 4852 3213 4923 Africanum.
3243 4854 3511 4907 Ambrosii
3536 4852 3683 4908 uxo-

2115 4934 2226 4972 rem
2253 4919 2556 4992 Marcellam
2586 4923 2749 4976 fuisse
2790 4919 3130 4992 appellatam.
3164 4924 3390 4977 Videtur
3416 4937 3546 4990 ergo
3590 4942 3686 4977 su-

2112 5000 2435 5062 peresse,-ut
2462 4989 2741 5045 Tatianam
2770 4989 2834 5046 in'
2852 4989 3097 5062 proximo
3123 4989 3519 5060 conjunctionis
3538 5030 3554 5055 ,
3586 5010 3677 5045 so-

2115 5060 2254 5132 roris
2278 5061 2529 5132 nimirum
2565 5064 2733 5132 gradu
2770 5060 3089 5125 statuamus,
3114 5063 3413 5132 praesertim
3445 5077 3570 5115 cum
3611 5078 3679 5115 ex

2108 5127 2354 5196 Origenis
2402 5127 2782 5185 Exhoﬂatione
2839 5134 2908 5185 ad
2946 5134 3256 5200 martyrium
3298 5131 3590 5186 Ambrosio
3626 5133 3678 5184 itt

2109 5200 2950 5272 vineulis_constitutoinscripta,
2979 5202 3124 5254 illum
3155 5218 3257 5254 non
3300 5205 3458 5255 modo
3520 5213 3681 5253 natos

2107 5276 2267 5335 atque
2327 5270 2541 5333 fratres,
2596 5272 2699 5324 sed
2750 5282 2805 5325 et
2843 5270 3073 5326 sorores
3141 5272 3393 5325 habuisse
3440 5282 3673 5323 constet.

2107 5336 2245 5401 Quin
2290 5341 2450 5391 etiam
2501 5342 2566 5393 ab
2626 5341 2856 5407 Origene
2910 5342 3067 5409 hujus
3129 5340 3248 5394 libri
3302 5340 3441 5407 Περὶ
3488 5340 3680 5408 εὐχῆς

2106 5423 2254 5460 num.
2290 5409 2343 5471 ‘2,
2374 5410 2696 5462 describitur
2718 5411 2941 5464 Tatiana
2968 5421 3221 5478 tanquam
3254 5421 3523 5477 provecta.-
3543 5422 3675 5462 teta-

2109 5479 2199 5551 lis,
2239 5494 2335 5530 nec
2366 5496 2467 5551 non
2486 5480 2606 5551 ipsa
2622 5481 3008 5551 etAmbrosius
3034 5482 3133 5534 sub
3166 5484 3319 5551 linem
3347 5480 3678 5551 operiqwj-

2110 5546 2361 5601 σιώτατοι
2391 5548 2637 5617 ἀδελφοί,
2678 5550 2871 5618 fratres
2916 5551 3149 5618 germani
3186 5550 3452 5603 dicuntur.
3482 5546 3676 5602 Verum

2108 5632 2416 5689 quanquam
2450 5622 2560 5671 haec
2590 5622 2875 5673 admodum
2905 5620 3202 5689 probabilia
3245 5633 3405 5682 stitit,
3440 5635 3545 5673 non
3580 5634 3678 5686 pro

2107 5686 2272 5740 certis
2305 5700 2478 5742 tamen
2504 5689 2685 5742 haberi
2715 5686 2918 5744 velimf
2937 5689 3078 5742 Nihil
3110 5691 3251 5742 enim
3276 5698 3417 5742 vetat
3444 5691 3676 5742 Ambro-

2109 5757 2173 5809 sii
2209 5773 2433 5828 uxorein
2459 5774 2578 5827 quae
2606 5760 2657 5811 in
2682 5758 2922 5827 Epistola
2955 5761 3022 5811 ad
3047 5759 3359 5828 Africanum
3425 5758 3673 5812 Marcella

2108 5840 2353 5894 vocatur,
2396 5826 2637 5884 Tatiana:
2690 5826 2905 5900 quoque
2940 5826 3136 5885 nomen
3175 5829 3449 5885 habuisse.
3496 5830 3673 5899 Neque
