3794 6222
119 470 237 525 iﬁlli]

1129 458 1703 527 ORIGENIANORUM
1743 469 1869 525 LIB.
1912 469 1996 535 Ill,
2041 470 2189 525 CAP.
2233 466 2322 523 lV.

3203 470 3332 527 1269

112 589 401 658 pungimus,
430 586 617 655 paucis
647 603 861 658 quoque
894 590 959 644 de
986 604 1047 643 ea
1086 592 1351 659 agendum
1396 600 1501 645 est.
1540 591 1664 645 Plti-
1694 594 1739 650 Α
1769 589 1942 656 Atque
1970 591 2080 643 hac
2108 604 2170 643 eo
2204 588 2452 643 libentius
2490 589 2684 651 refero,
2722 586 2863 657 quod
2908 588 2973 642 iis
3006 587 3151 642 vocis
3183 588 3331 657 φιλο-

110 682 287 737 localia
313 681 443 750 quid
469 680 539 733 sit
567 679 802 736 breviter
825 682 1059 736 declarat
1084 685 1377 751 epigrapbe
1414 684 1511 753 ipsi
1540 700 1669 754 pra-

107 773 188 841 ligi
216 772 402 827 solita:
440 772 753 844 Ἐκλογὴνὴ
787 774 1037 844 παροῦσα
1066 774 1308 846 περίεχει
1327 774 1505 845 βίϐλος
1530 793 1667 847 γρα-

104 863 269 933 φικῶν
289 863 614 934 ζητημάτων
640 866 733 918 καὶ
755 866 1068 931 διαλύσεων,
1094 869 1156 919 ἐκ
1178 867 1446 938 διαφόρων
1475 867 1669 937 βίϐλων

102 957 175 1026 τῷ
227 956 485 1026 Ὠριγένει
546 956 872 1027 ποιηθεισῶν
912 960 1274 1031 ἠθροισμένην
1321 961 1425 1013 ὑπὸ
1454 961 1561 1014 τῶν
1603 961 1669 1015 τὰ

102 1043 213 1100 Osi:
267 1046 445 1114 σοφῶν
480 1046 779 1118 Γρηγορίου
822 1050 915 1102 καὶ
965 1050 1267 1105 Βασιλείου.
1328 1072 1345 1102 ι
1400 1052 1667 1105 Deiectum

100 1140 337 1193 continet
372 1141 524 1194 liicce
562 1140 697 1194 liber
724 1142 1079 1210 quaestionum
1108 1153 1161 1197 et
1196 1144 1521 1198 solutionum
1548 1160 1667 1214 qua

100 1231 364 1297 pertinent
393 1233 457 1284 ad
485 1230 845 1299 Scripturam,
873 1248 938 1287 ex
966 1236 1134 1288 variis
1163 1235 1317 1291 libris
1345 1237 1412 1289 ab
1437 1235 1668 1306 Origene

97 1324 404 1389 elaboratis,
431 1325 520 1394 qui
546 1325 806 1380 collectus
832 1336 915 1380 est
943 1344 971 1380 a
1000 1328 1130 1382 viris
1152 1329 1454 1383 divinarum
1482 1345 1663 1383 rerum

97 1417 276 1481 peritis
312 1417 574 1489 Gregorio
598 1428 652 1473 et
682 1418 902 1472 Basilio.
939 1438 958 1471 ι
999 1418 1134 1473 Tum
1169 1421 1509 1491 subiungitur
1552 1422 1663 1490 epi-

96 1511 253 1570 stola,
287 1525 391 1577 qua
428 1512 477 1563 id
509 1526 645 1581 opus
680 1512 747 1564 ad
778 1509 1121 1565 Theodorqu
1153 1511 1424 1582 Tyauemn
1455 1512 1664 1580 episco-

95 1616 214 1667 pqu
255 1600 548 1671 Gregorius
590 1602 966 1657 Nazianzenus
1000 1604 1321 1657 transmisit.
1357 1602 1663 1657 Ostendunt

93 1705 301 1758 quoque
316 1694 443 1761 quid
476 1695 547 1747 sit
571 1692 869 1747 Philocalia
897 1695 1176 1763 elegantes
1203 1694 1389 1759 iambi,
1425 1693 1663 1747 uoudmn

92 1780 239 1846 editi,
262 1796 398 1850 quos
421 1782 472 1836 in
493 1784 714 1853 antiquo
730 1785 1063 1841 collectiouis
1081 1783 1242 1852 bujus
1264 1785 1450 1838 codice
1472 1800 1662 1839 mauu-

94 1872 295 1940 scripto
328 1876 629 1943 reperimus
655 1893 670 1930 :

89 1958 165 2039 ρῦ
185 1964 201 2030 l
217 1965 411 2039 ’thy.)
437 1966 554 2020 τῶν
568 1970 763 2039 λόγων
783 1969 899 2023 νῦν
917 1968 1189 2038 ἀρμόγὴν
1206 1970 1349 2037 ὁρᾷς
1378 1970 1587 2039 ξένην,

93 2035 408 2090 Βασιλείου
438 2035 772 2106 aspir-areae,
795 2041 875 2106 ὡς
902 2035 1209 2109 κρἐίτέοὺς
1232 2035 1414 2094 iriiri).

90 2130 251 2201 Cujus
270 2133 464 2201 (Orig.)
477 2153 769 2191 sermonum
786 2155 920 2191 nunc
935 2139 1288 2192 collectionem
1304 2138 1440 2192 vides
1453 2153 1655 2203 novam,

92 2204 230 2266 Quos
257 2204 492 2261 Basilius
520 2211 738 2277 optimos
764 2225 873 2263 esse
891 2210 1175 2277 judicavit.

1776 680 1998 744 καλίας,
2033 697 2140 749 quo
2185 696 2345 735 sensu
2380 697 2408 733 a
2440 679 2636 734 Basilio
2681 690 2734 735 et
2779 681 3039 750 Gregorio
3078 693 3337 749 usurpata

1772 783 1874 836 est,
1900 772 2219 839 signiﬁcatio
2244 773 2569 829 continetur.
2588 771 2920 825 Niliilautem
2938 770 3247 825 sonataliud
3276 789 3338 828 ea

1778 880 1883 917 vox
1932 878 2090 931 quam
2142 862 2406 917 delectum
2449 861 2768 917 eximiorum
2811 864 3161 930 quorumdam
3192 862 3338 916 loco-

1771 972 1887 1011 rum
1925 971 1955 1011 e
2015 954 2178 1008 variis
2229 954 2381 1008 libris
2420 953 2701 1022 scriptoris
2735 951 2959 1020 alicujus
2996 951 3334 1021 :cujusmodi

1771 1058 1896 1103 sunt
1980 1047 2278 1113 fragmenta
2326 1060 2357 1099 e
2408 1045 2657 1099 Petronio
2712 1043 2777 1095 ab
2841 1043 3018 1110 aliquo
3078 1044 3320 1096 sludioso

1773 1141 2013 1195 collecta.
2066 1138 2265 1192 Lucum
2311 1138 2398 1192 ltic
2452 1154 2553 1190 nou
2602 1135 2761 1190 liabet
2812 1135 2977 1188 altera
3021 1133 3334 1203 φιλοκαλίας

1771 1231 1999 1294 notatio,
2033 1245 2191 1299 quam
2222 1228 2375 1281 affert
2409 1228 2738 1296 Augustinus
2768 1227 2888 1280 libr.
2928 1241 2963 1280 ιι
2992 1238 3172 1279 contra
3197 1229 3337 1280 Aca-

1769 1322 1933 1383 dem.,
1991 1335 2109 1389 cap.
2142 1320 2195 1382 1,
2229 1330 2281 1372 et
2304 1318 2398 1373 lib.
2429 1331 2445 1371 ι
2486 1314 2792 1379 Retractat.,
2823 1332 2944 1385 cap.
2977 1318 3027 1383 1,
3055 1332 3173 1371 eam
3203 1334 3324 1373 esse

1770 1411 2017 1463 scribens
2070 1423 2248 1463 rerum
2279 1408 2579 1461 divinarum
2624 1421 2687 1460 ex
2730 1407 2909 1460 divina
2961 1408 3239 1470 relatione.
3281 1420 3336 1463 et

1768 1500 1946 1555 Verbo
1974 1501 2064 1553 Dei
2092 1499 2429 1569 cogniturum
2461 1499 2726 1563 studium;
2763 1512 2867 1566 quo
2901 1514 3062 1553 sensu
3102 1515 3331 1569 usurpa-

1774 1602 1882 1645 tum
1910 1608 2029 1646 esse
2059 1606 2087 1644 a
2115 1589 2378 1659 Gregorio
2408 1598 2461 1643 ct
2495 1588 2695 1642 Basilio
2725 1589 2827 1643 hoc
2870 1591 3185 1645 vocabulum
3212 1592 3325 1661 opi-

1768 1684 1876 1737 nati
1900 1691 2025 1737 sunt
2054 1681 2430 1735 Geuebrardus
2461 1694 2515 1733 et
2540 1678 2771 1734 Tariuus
2799 1697 2812 1737 ;
2845 1681 2935 1749 qui
2958 1682 3100 1735 enim
3130 1683 3180 1737 id
3204 1698 3336 1737 cono

1767 1785 1922 1844 gruet
1947 1790 2066 1827 cum
2089 1772 2530 1842 Origenianorum
2562 1771 2761 1835 aliquot
2778 1772 3012 1827 locorum
3036 1774 3336 1843 EclogaiAt

1771 1881 1836 1920 eo
1866 1880 2053 1929 sensu,
2083 1878 2242 1933 quem
2274 1872 2422 1916 notat
2472 1863 2831 1932 Augustinus,
2890 1866 3200 1934 accipienda
3248 1878 3334 1921 est

1700 1940 1742 1994 Β
1772 1972 1869 2010 vox
1901 1953 2213 2025 φιλόκαλος,
2254 1968 2416 2023 quam
2461 1953 2684 2023 Origeui
2722 1955 2959 2009 tribuere
3007 1956 3329 2025 Gregorium

1768 2049 2103 2115 Tlieologum
2129 2048 2183 2101 in
2207 2047 2451 2116 epistolis
2483 2047 2674 2101 scribit
2720 2046 2941 2103 Pbotius
2991 2048 3334 2106 Bibliotheca:

1762 2142 1878 2196 cod.
1907 2155 2141 2195 ccxxx".

88 2429 3321 2456 -———————-—-———————ﬁ————-————-——-n—--_ﬁ-_

1418 2589 1800 2679 CAPUT
1858 2591 2023 2680 IV.

363 2781 503 2855 Quo
547 2782 797 2857 ordine,
843 2782 1081 2863 quibus
1128 2780 1525 2860 temporibus
1580 2779 1879 2859 Origenis
1921 2782 2076 2846 libri
2120 2784 2440 2849 lucubrati
2483 2787 2613 2848 sint
2653 2787 3047 2865 esploratur.

88 3080 128 3137 Ι.
184 3080 359 3133 Variis
400 3078 642 3149 Origenis
669 3080 1041 3145 scriptionibus
1082 3098 1209 3135 suus
1242 3081 1392 3141 ordo,
1419 3098 1513 3134 sua
1557 3091 1888 3150 temporaiea:
1913 3078 2140 3133 Eusebio
2182 3078 2538 3145 assignantur.
2571 3076 2635 3133 ΙΙ.
2669 3077 2784 3143 Quo
2812 3085 3035 3146 tempore
3061 3078 3330 3150 Tetrapla,

156 3151 418 3219 llexapla,
455 3164 499 3203 et
541 3152 769 3220 Octapla
815 3153 1230 3216 concinnaverit,
1261 3152 1446 3204 invein
1484 3163 1625 3204 atur.
1669 3150 1753 3202 lll.
1787 3149 2059 3205 Notantur
2091 3150 2343 3203 nonnulla
2389 3151 2528 3201 circa
2570 3150 2809 3200 ordinem
2839 3166 2901 3200 ac
2933 3160 3130 3218 tempus
3153 3149 3335 3220 exege-

156 3222 331 3274 ιὶι-ῶη.
362 3238 424 3273 ac
450 3232 833 3274 suntaamatum
854 3222 1020 3274 iusius
1044 3224 1414 3274 quorumdam.
1441 3169 1530 3274 19V.
1571 3221 1982 3274 Distinauuntur
2043 3221 2279 3274 eiusdem
2318 3218 2550 3272 ltontilia:
2593 3220 2978 3274 extemporales
3031 3231 3077 3272 et
3125 3222 3178 3274 in
3227 3223 3332 3274 orio

155 3222 331 3281 lit-(Dn,
362 3238 424 3273 ac
450 3232 833 3292 syntagmatum
854 3222 1020 3290 ipsius
1044 3224 1414 3291 quorumdam.

153 3293 461 3345 elaborata.

1470 3221 1530 3277 ν.
1571 3221 1982 3290 Distinguuntur
2043 3221 2279 3291 ejusdem
2318 3218 2550 3272 Itoutilia:
2593 3220 2978 3287 extemporales
3031 3231 3077 3272 et
3125 3222 3178 3274 in
3227 3218 3332 3274 otio

154 3530 195 3585 l.
226 3530 285 3586 Si
312 3541 611 3600 temporum
630 3529 908 3601 effugisset
941 3531 1192 3599 iniuriam
1224 3531 1360 3587 liber
1383 3532 1470 3588 ille
1498 3534 1664 3589 Euse—
1692 3540 1736 3601 α
1770 3534 1963 3601 hisque
1986 3545 2108 3586 sese
2131 3530 2303 3586 libros
2342 3529 2421 3583 De
2447 3530 2827 3583 resurrectione
2848 3528 2957 3596 jam
2987 3538 3112 3584 ante
3150 3529 3335 3585 elabo-

83 3623 155 3677 bii
206 3624 284 3678 De
331 3622 447 3677 Vita
485 3622 773 3695 Pamphili,
829 3630 881 3681 iu
912 3640 1069 3694 quem
1111 3623 1369 3678 librorum
1411 3624 1662 3694 Origeuis

82 3713 321 3769 indicem
354 3714 666 3782 iuferserat,
690 3725 1011 3788 argumento
1041 3717 1165 3771 huic
1191 3716 1333 3784 quod
1378 3717 1660 3785 persequi-

82 3820 204 3858 mur
251 3820 447 3876 magna
478 3807 567 3860 lux
615 3812 898 3864 accederet
924 3825 941 3864 :
970 3822 1077 3879 quo
1123 3808 1380 3876 quoniam
1410 3823 1661 3864 caremus

85 3897 355 3963 subsidio,
380 3900 507 3969 quid
538 3901 591 3955 in
611 3902 780 3971 ipsius
803 3901 1042 3956 Historia
1070 3902 1225 3957 nobis
1252 3902 1370 3972 opis
1407 3903 1569 3956 situm
1591 3903 1658 3956 sit

82 3990 389 4046 videamus.
422 3992 571 4047 lluuc
598 3994 766 4058 enim,
798 4005 854 4048 ut
880 3996 929 4046 iu
969 3994 1190 4063 reliquis
1222 4010 1343 4062 qua
1373 3994 1439 4048 ad
1470 3994 1659 4063 Orige-

79 4096 205 4135 uem
243 4083 538 4149 pertinent,
570 4085 640 4138 ita
674 4085 773 4139 hac
816 4086 977 4139 etiam
1012 4086 1063 4137 in
1096 4095 1248 4155 parte
1265 4088 1453 4140 ducem
1474 4088 1662 4155 praci-

78 4188 184 4239 pue
220 4173 604 4242 spectabimus,
635 4176 686 4228 in
724 4191 827 4245 qua
861 4176 1015 4230 nobis
1036 4177 1659 4247 proposuimusinvesti-

76 4263 339 4329 gaudum,
365 4278 471 4331 quo
489 4264 681 4319 ordine
709 4265 902 4335 singuli
934 4268 1237 4321 Adamantii
1268 4266 1660 4337 libri,quorum

79 4354 345 4406 memoria
373 4366 638 4422 superest.
687 4357 880 4425 quibus
908 4361 1237 4428 temporibus
1267 4360 1461 4413 fuerint
1513 4359 1660 4412 lucu-

75 4443 246 4497 bruti.
272 4444 402 4510 Qua
419 4447 565 4515 prior
582 4447 649 4500 ab
675 4462 739 4500 eo
760 4448 1063 4502 celebratur
1082 4451 1386 4503 Adamantii
1411 4448 1657 4515 scriptio,

75 4538 112 4589 ii
131 4546 265 4591 sunt
281 4539 657 4592 commentarii
676 4540 727 4592 in
747 4548 953 4593 veteres
971 4541 1335 4609 philosophos,
1350 4541 1438 4610 qui
1461 4540 1663 4594 diutur-

76 4631 252 4683 nitate
284 4632 539 4700 temporis
561 4645 748 4685 omnes
779 4633 1187 4687 interciderunt.
1216 4632 1480 4688 Proxima
1511 4648 1662 4687 com-

77 4733 457 4776 memorantur
474 4721 766 4791 Scriptura
791 4735 990 4777 sancta
1014 4723 1507 4793 interpretationes,
1528 4740 1662 4794 qua-

77 4826 202 4864 rum
231 4826 339 4864 non
356 4813 745 4866 contemnenda
768 4828 892 4882 pars
918 4814 985 4867 ad
1012 4813 1151 4868 banc
1168 4814 1307 4867 diem
1330 4824 1538 4867 servata
1555 4824 1655 4868 est.

1766 3641 1915 3680 rasse
1948 3624 2299 3693 significavit.
2333 3621 2527 3676 Libros
2559 3637 2774 3691 quoque
2813 3620 2953 3689 Περὶ
3000 3620 3224 3691 ἀρχῶν,
3280 3634 3337 3677 et

1763 3715 2149 3785 Στρωματεῖς,
2172 3725 2463 3783 antequam
2491 3713 2824 3767 Alexandria
2857 3716 3161 3780 excederet,
3186 3730 3335 3769 com-

1763 3808 1965 3877 posuit.
2006 3807 2215 3877 Adepto
2250 3807 2534 3876 imperium
2566 3806 2881 3870 Maximino,
2932 3805 3125 3860 librum
3168 3807 3335 3860 edidit

1764 3898 1840 3953 De
1865 3901 2146 3969 martyrio.
2186 3899 2263 3954 Eo
2293 3911 2422 3953 vero
2472 3897 2708 3963 sublato,
2755 3912 2879 3952 cum
2910 3912 3091 3951 rerum
3123 3898 3332 3968 potire-

1766 4000 1852 4045 tur
1876 3989 2205 4057 Gordianus,
2248 3991 2301 4044 in
2332 3989 2524 4043 Isaiam
2559 3998 2612 4043 et
2642 3988 2977 4043 Ezechielem
3003 3999 3333 4043 commenta-

1765 4091 1850 4135 tus
1882 4090 1967 4135 est
2002 4081 2055 4134 iu
2110 4078 2425 4135 Casarieusi
2456 4082 2718 4148 ;secessu.
2772 4078 3016 4133 Meminit
3067 4088 3330 4148 praterea

1763 4172 2031 4227 Eusebius
2058 4172 2153 4226 lib.
2189 4187 2240 4225 γι
2273 4171 2441 4236 Hist.,
2475 4187 2595 4242 cap.
2631 4172 2721 4237 51,
2748 4171 3001 4240 Epistula
3025 4172 3090 4226 ad
3120 4171 3330 4227 Africa-

1765 4282 1915 4332 num,
1940 4280 2043 4335 qua
2074 4265 2319 4319 historia
2360 4265 2623 4320 Susanna
2648 4266 2777 4321 fides
2797 4273 2853 4320 et
2892 4267 3185 4321 auctoritas
3216 4282 3333 4337 pro.

1766 4369 2039 4427 pugnatur
2072 4374 2086 4411 :
2118 4366 2331 4426 tempus
2380 4372 2509 4411 vero
2566 4371 2672 4425 quo
2722 4357 2843 4411 data
2882 4358 2995 4427 ipsa
3052 4367 3158 4418 est,
3222 4374 3329 4412 non

1764 4449 2027 4517 assignat.
2066 4447 2257 4501 Refert
2308 4447 2439 4500 illud
2489 4445 2741 4500 Petavius
2777 4448 2845 4500 ad
2890 4462 3089 4502 annum
3127 4446 3330 4502 Christi

1762 4539 1906 4604 2:22;
1937 4554 2043 4608 quo
2069 4554 2213 4591 anno
2246 4537 2527 4605 imperium
2558 4536 3198 4605 capessivitAlexander;
3233 4553 3329 4592 cur

1766 4632 1839 4686 ita
1879 4631 2125 4695 sentiret,
2162 4630 2472 4698 neutiquam
2511 4629 2783 4697 ascripsit.
2824 4630 2895 4683 At
2923 4645 3042 4683 cum
3077 4627 3325 4683 Nicome-

1764 4722 1863 4775 dia
1889 4720 2088 4789 scripta
2116 4720 2182 4774 sit
2204 4727 2467 4788 prasente
2489 4718 2796 4782 Ambrosio,
2824 4718 3003 4771 datam
3032 4716 3172 4770 illam
3192 4729 3325 4770 con-

1758 4814 1893 4883 jicio
1947 4814 2233 4881 imperium
2286 4822 2499 4868 tenente
2554 4812 2845 4878 Gordiano,
2908 4828 3107 4865 annum
3154 4813 3328 4867 atatis

74 4902 255 4957 Sacra
274 4902 544 4956 volumina
568 4918 673 4957 non
704 4902 859 4972 longe
876 4913 995 4971 post
1023 4902 1174 4957 initia
1193 4902 1483 4957 Alexandri
1500 4901 1660 4957 Com-
1694 4931 1735 4987 ο
1764 4916 1953 4977 agente
1982 4904 2216 4972 Origene
2244 4906 2461 4960 circiter
2483 4906 2985 4976 quinquagesimum
3009 4906 3327 4970 secundum,

74 4994 368 5047 mentariis
389 4994 657 5062 explicare
677 5009 797 5048 eum
817 4997 1048 5065 erupisse
1075 4994 1304 5065 reperio.
1323 4996 1399 5048 Ac
1431 4995 1657 5063 primum

72 5100 102 5139 a
154 5085 384 5140 Joannis
419 5086 708 5156 Evangelio
766 5089 1078 5156 auspicatus
1130 5096 1248 5150 est,
1308 5085 1363 5138 in
1428 5098 1659 5153 eumque

72 5178 300 5247 priores
356 5178 595 5247 quinque
673 5188 850 5232 tomos
904 5178 1246 5232 Alexandria
1313 5178 1652 5246 composuit;

73 5283 298 5323 necnon
346 5270 399 5324 in
449 5268 706 5324 Geuesiru
759 5271 969 5339 priores
1028 5278 1152 5325 octo
1186 5269 1525 5324 eduodecim
1553 5269 1649 5339 (7).

74 5363 228 5426 Quin
256 5360 424 5415 etiam
457 5363 648 5431 viginti
681 5363 922 5432 quinque
952 5363 1160 5431 priores
1192 5360 1451 5429 psalmos,
1482 5371 1537 5415 et
1564 5362 1656 5416 Je-

72 5453 270 5508 remia
304 5452 552 5508 'Ihrenos
580 5452 777 5507 ibidem
795 5452 1225 5523 expositionibus
1246 5450 1569 5518 illustravit;
1603 5452 1653 5504 iu

72 5592 265 5662 magni
294 5592 550 5645 momenti
576 5600 659 5645 est
687 5592 827 5661 quod
857 5590 977 5644 libri
1009 5588 1146 5662 Περὶ
1174 5586 1383 5662 εὐχῆς,
1416 5603 1561 5640 ηιηη.
1588 5586 1646 5662 9.,

71 5658 311 5715 Tatiana
344 5673 596 5729 tanquam
618 5658 881 5730 provecta
905 5664 1081 5714 atatis
1101 5660 1441 5730 describitur,
1469 5658 1648 5730 etAsub

74 5736 249 5785 linem
282 5726 467 5800 operis
494 5726 706 5800 ipsa-et
734 5732 1054 5784 Ambrosius
1094 5728 1456 5799 γνησιώτατοι
1486 5726 1643 5779 ἁδελ-

72 5802 172 5871 φοί
226 5799 550 5854 salutantur.
581 5799 714 5854 Nam
751 5800 1037 5869 utrobique
1066 5810 1242 5867 potest
1266 5800 1494 5871 figurata
1525 5812 1648 5849 esse

75 5868 312 5936 locutio.
349 5886 449 5927 nec
473 5871 629 5928 aliter
659 5871 797 5928 forte
844 5868 1003 5926 ambo
1037 5868 1421 5939 germanissimi
1458 5868 1648 5937 fratres

1766 5013 1888 5051 cum
1921 4997 2171 5051 Casarea
2225 4997 2470 5051 Athenas
2519 4996 2816 5066 profectus,
2848 4994 3169 5050 Nicomedia
3198 4997 3328 5049 Am—

1764 5086 2007 5139 brosium
2046 5084 2223 5138 obiter
2267 5085 2422 5139 adiit.
2453 5085 2743 5152 Postquam
2788 5086 3037 5154 migravit
3064 5086 3325 5150 Athenas,

1762 5176 2041 5231 inchoatos
2086 5178 2141 5230 in
2192 5175 2519 5230 Ezechielem
2545 5176 2976 5232 Commentarios
3009 5179 3075 5232 ad
3116 5179 3327 5231 umbili-

1759 5283 1879 5321 cum
1912 5268 2166 5338 perduxit
2201 5284 2215 5321 :
2251 5268 2459 5323 Cantici
2491 5282 2620 5326 vero
2651 5270 2986 5325 canticorum
3032 5270 3323 5337 expositio-

1758 5374 1879 5412 nem
1914 5374 2223 5429 aggressus,
2250 5359 2549 5415 lucubratis
2575 5361 2848 5431 prioribus
2868 5362 3105 5430 quinque
3135 5359 3288 5413 libris
3308 5400 3322 5423 ,

1761 5449 2000 5519 reliquos
2043 5452 2284 5523 quinque
2314 5452 2615 5509 Caesaream
2661 5454 2834 5508 redux
2884 5452 3135 5507 absolvit.
3166 5451 3320 5505 Anno

1755 5587 2115 5654 appellantur,
2146 5603 2304 5659 quam
2343 5592 2395 5643 in
2426 5590 2665 5656 Christo,
2727 5591 2917 5646 eodem
2949 5600 3115 5658 prope
3144 5588 3317 5659 Amodc

1755 5674 1862 5725 quo
1896 5655 2241 5713 Ambrosium
2280 5661 2451 5726 ipsum
2486 5655 2704 5716 fratrem
2738 5677 2896 5715 suum
2945 5655 3098 5712 vocat
3131 5655 3311 5726 Orige-

1756 5742 1853 5782 nes
1885 5728 2036 5781 initio
2065 5729 2191 5783 tomi
2214 5745 2252 5782 ιι
2280 5728 2805 5788 Commentariorum
2832 5733 2886 5785 in
2915 5728 3201 5783 Joannem.

1755 5797 1905 5868 ...(7)
1938 5795 2061 5867 Leg.
2094 5800 2375 5855 tredecim.
