3838 6222
454 388 591 441 1215³5

1761 392 1820 446 Ρ.
1865 392 2179 449 DANIELIS
2213 396 2303 453 llU
2318 396 2447 452 ΕΤΙΙ

3600 404 3730 458 1⁵2ζὶ3

454 504 685 574 Philippi
713 504 873 559 tertio
908 506 1332 575 sexagenarium
1370 521 1571 561 annum
1608 517 2030 578 praetergressus
2060 517 2099 571 Α
2132 514 2280 579 prius
2324 514 2504 566 animo
2548 512 2834 567 informata
2856 555 2872 580 ,
2939 515 3203 570 Cmsarea:
3226 516 3601 586 Cappadociae
3651 521 3732 572 in-

454 600 710 653 homilias
738 614 803 654 ex
818 603 925 654 'ore
953 614 1073 666 suo,
1106 600 1231 653 dum
1259 600 1709 668 concionaretur,
1747 615 1775 653 a
1804 602 2033 657 notariis

452 692 631 762 excipi
665 702 775 746 tum
801 692 1034 762 primum
1064 707 1257 762 passus
1287 702 1390 746 est.
1421 691 1574 747 Unde
1599 702 1815 748 constat
1836 695 2032 749 bonam

452 802 644 841 earum
678 797 907 856 partem,
939 801 1059 855 quae
1083 786 1150 839 ad
1179 793 1420 840 nostram
1447 793 1663 839 aetatem
1697 786 2033 843 transmissa:

454 891 602 946 sunt,
633 896 738 935 non
770 882 840 936 ab
878 882 986 935 alio
1008 893 1129 935 esse
1158 889 1401 949 tempore
1427 878 1768 947 repetendas.
1798 879 2031 935 Humilia

456 986 585 1049 puta
623 977 675 1031 in
706 976 968 1046 psalmum
1001 988 1211 1042 Lxxxtr,
1236 974 1389 1041 cujus
1420 972 1783 1043 fragmentum
1827 990 1891 1030 ex
1924 974 2031 1029 Eu-

456 1072 612 1127 sebio
634 1068 1094 1140 deprompsimus,
1130 1068 1393 1122 adversus
1420 1082 1664 1122 errorem
1692 1067 2031 1123 Helcesaita-

456 1182 576 1222 rum
602 1166 706 1219 hac
729 1174 890 1219 aetate
915 1172 1169 1219 exortum
1202 1161 1385 1217 habita
1424 1171 1527 1217 est.
1567 1160 1683 1216 Hac
1735 1163 1851 1232 ipsa
1895 1174 2031 1218 tem-

454 1268 666 1327 pestate
698 1257 915 1312 Celsum
967 1256 1125 1309 libris
1164 1266 1291 1311 octo
1323 1255 1663 1319 confutavit;
1698 1256 1751 1309 in
1789 1255 2031 1311 Matthzei

454 1351 806 1419 Evangelium
836 1359 892 1404 et
943 1351 1236 1419 prophetas
1280 1349 1563 1404 duodecim
1594 1348 2032 1405 Commentarios

456 1448 835 1512 concinnavit;
863 1446 1124 1516 plurimas
1152 1446 1318 1499 etiam
1337 1444 1597 1514 epistolas
1625 1444 1692 1497 ad
1723 1443 2031 1514 Philippum

456 1544 929 1612 imperatorem,et
961 1542 1025 1593 ad
1050 1537 1331 1608 conjugem
1357 1539 1528 1607 ipsius
1556 1539 1839 1601 Severam,
1865 1538 2031 1591 alios-

455 1651 562 1705 que
590 1634 896 1704 complures
929 1632 1097 1694 dedit.
1129 1647 1250 1701 qua:
1280 1631 1508 1700 sparsim
1559 1631 1613 1685 in
1644 1645 1708 1686 eo
1746 1630 1884 1686 libro
1924 1630 2028 1685 Eu-

454 1728 590 1783 sebii
630 1728 745 1781 suis
772 1727 1105 1792 temporibus
1139 1725 1508 1795 assignantur.

526 1821 591 1879 ll.
622 1819 987 1889 Tetraplorum
1014 1828 1068 1873 et
1098 1818 1482 1889 Hexaplorum,
1523 1834 1751 1889 quorum
1793 1818 2028 1873 mentio-

2136 605 2356 668 choata,
2408 606 2635 660 A'thcnis
2679 616 2735 661 et
2784 607 3046 662 Caesarea:
3089 610 3361 664 Stratonis
3393 609 3626 675 aﬂ'ecta,
3671 629 3731 665 ac

2137 697 2263 770 Tyri
2298 700 2515 753 demum
2546 701 2785 755 arbitror
2818 701 2988 756 fuisse
3033 701 3292 771 perfecta.
3346 703 3427 757 ita
3484 704 3731 759 Eusebio

2136 792 2459 846 conciliatur
2506 793 2877 862 Epiphanius,
2935 809 3166 865 quorum
3218 796 3305 849 ille
3350 798 3602 865 aliquam
3677 800 3725 850 in

2132 886 2518 941 concinnandis
2534 886 2785 956 Ilexaplis
2806 889 3372 958 Alexandrizeopcram
3398 891 3467 945 ab
3490 889 3729 959 Origene

2134 979 2363 1046 positam
2390 978 2606 1033 videtur
2635 981 2979 1049 signiticare;
3015 982 3102 1036 hic
3133 981 3259 1056 Tyri
3293 984 3464 1039 fuisse
3497 1001 3725 1056 compo-

2134 1072 2237 1125 sita
2271 1082 2461 1138 aperte
2495 1075 2687 1136 docet;
2718 1074 2860 1143 quod
2893 1075 2963 1127 ita
3002 1076 3411 1145 intelligendum
3456 1086 3584 1141 est,
3621 1096 3724 1131 non

2134 1162 2263 1233 Tyri
2290 1164 2464 1219 solum
2496 1180 2559 1218 ea
2579 1165 2892 1221 elaborasse
2917 1168 3228 1238 Origenem,
3254 1170 3347 1224 sed
3374 1173 3428 1223 in
3460 1172 3533 1226 iis
3560 1173 3724 1226 etiam

2132 1256 2286 1320 locis,
2334 1258 2385 1311 in
2430 1258 2629 1327 quibus
2652 1268 2773 1312 octo
2805 1270 2859 1313 et
2890 1261 3078 1330 viginti
3121 1273 3242 1315 ante
3280 1274 3520 1316 mortem
3566 1264 3728 1315 annis

2134 1361 2382 1404 versatus
2414 1359 2519 1415 est,
2551 1365 2686 1419 quos
2732 1350 2858 1421 Tyri
2926 1362 3227 1408 transactos
3274 1370 3573 1423 perperam
3604 1354 3729 1423 Epi-

2133 1442 2368 1510 phanius
2400 1445 2650 1499 credidit.
2674 1442 2881 1498 Firmat
2902 1458 3141 1500 nos1ram
3174 1447 3553 1517 conjecturam
3581 1452 3728 1517 quod

2134 1537 2211 1589 ait
2270 1535 2534 1591 Eusebius
2566 1536 2658 1591 lib.
2698 1553 2747 1590 vt
2787 1536 2955 1602 llist.,
2991 1554 3108 1609 cap.
3144 1538 3231 1603 17,
3284 1540 3614 1610 Symmachi
3649 1540 3730 1594 in-

2134 1632 2581 1699 terpretationem
2656 1631 2708 1685 in
2772 1630 2980 1686 Juliana
3039 1632 3360 1687 bibliotheca
3423 1635 3730 1705 Origenem

2134 1725 2421 1793 reperisse.
2456 1723 2700 1780 Nondum
2733 1728 2917 1796 itaque
2949 1726 3190 1795 Mcxapla
3218 1727 3301 1782 vel
3323 1726 3585 1797 Tetrapla
3600 1742 3733 1782 con-

2133 1820 2483 1886 cinnaverat,
2521 1836 2751 1888 quorum
2785 1836 2912 1888 pars
2948 1836 3139 1888 magna
3169 1820 3267 1872 fuit
3300 1819 3631 1891 Symmachi
3655 1819 3733 1873 in-

455 1930 579 1970 nem
634 1912 765 1968 fecit
814 1913 1078 1968 Eusebius
1127 1912 1221 1967 lib.
1271 1928 1317 1966 vr
1389 1910 1596 1968 Hister.
1646 1928 1767 1982 cap.
1812 1913 1901 1977 16,
1935 1911 2022 1966 cui
2055 1905 2096 1959 Β
2129 1914 2462 1981 terpretatio.
2509 1914 2740 1968 Eusebio
2780 1913 2965 1966 itidem
2993 1914 3319 1982 astipulatur
3349 1911 3723 1984 Epiphanius,

452 2008 681 2079 tempori
701 2007 1036 2077 adjungenda
1054 2007 1122 2060 sit
1138 2006 1452 2075 descriptio,
1468 2014 1707 2061 statuere
1723 2015 2028 2075 promptum

451 2109 695 2155 nonest.
746 2097 973 2153 Factum
1028 2099 1081 2152 id
1137 2098 1450 2169 significare
1504 2100 1717 2153 videtur
1761 2099 2029 2153 Eusebius

451 2194 620 2250 multo
653 2203 947 2263 antequam
1008 2192 1334 2247 Alexandria
1382 2191 1643 2263 Origenes
1675 2192 2024 2253 execssisset,

451 2288 880 2343 tunenimirum
932 2301 1058 2341 cum
1108 2285 1453 2341 Ambrosium
1509 2286 1574 2338 ad
1608 2284 1809 2340 Christi
1866 2284 2027 2339 ﬁdem

452 2382 828 2437 convertebat.
866 2380 1197 2447 Epiphanius
1224 2388 1402 2433 autem
1458 2377 1585 2449 Tyri
1632 2378 1909 2431 lucubrata
1962 2391 2024 2430 ea

454 2492 559 2530 non
588 2473 755 2530 semel
787 2474 1120 2527 asseveravit
1168 2472 1268 2542 (8).
1319 2472 1429 2540 Ego
1458 2486 1587 2525 vero
1624 2470 1767 2523 aliud
1800 2469 1877 2523 rei
1905 2469 2027 2523 huic

452 2579 665 2637 tempus
693 2567 915 2636 deputo,
937 2565 1158 2635 quando
1192 2564 1399 2619 scilicet
1418 2562 1760 2618 Christianos
1795 2570 2027 2617 vexanle

452 2661 749 2717 Maximino
797 2661 1102 2715 Ctesaream
1159 2656 1517 2727 Cappadocia:
1546 2658 1611 2710 ad
1645 2654 2023 2709 Firmilianum

450 2756 701 2825 confugit
748 2753 1030 2824 Origenes.
1087 2753 1127 2805 Α
1176 2750 1394 2805 Juliana
1424 2748 1569 2805 enim
1601 2747 1900 2803 liberaliter
1929 2763 2027 2801 ex-

446 2863 638 2920 ceptus
666 2857 722 2903 et
772 2848 933 2902 domo
982 2856 1037 2899 et
1085 2844 1408 2899 bibliotheca
1462 2858 1489 2895 a
1542 2841 1869 2914 Symmacho
1894 2840 2023 2895 olim

446 2948 730 3008 instructa,
751 2944 816 2999 ad
835 2961 952 2998 eam
983 2944 1176 2998 deimle
1203 2940 1660 3009 haireditatisjure
1686 2942 2023 3004 transmissa,

447 3036 558 3110 (77)
583 3046 772 3093 nactus
800 3036 908 3091 illic
937 3045 1017 3091 cst
1040 3036 1335 3105 Scriptura:
1349 3050 1514 3089 sacra:
1536 3034 1882 3103 exemplaria,
1903 3035 2025 3103 qui-

446 3135 546 3187 bus
572 3147 701 3187 usus
726 3131 899 3186 fuerat
916 3130 1292 3201 Symmachus.
1310 3127 1444 3181 Tum
1466 3142 1592 3181 vero
1610 3127 1820 3181 codices
1848 3129 2021 3196 ipsum

2132 2006 2261 2059 barr.
2317 2022 2466 2071 utv,
2502 2022 2624 2076 cap.
2649 2006 2700 2070 5,
2741 2006 3030 2076 Origenem
3064 2005 3470 2060 lucubrationes
3515 2020 3652 2059 suas
3674 2006 3726 2058 in

2131 2095 2495 2166 Scripturam,
2524 2098 2751 2168 impulsu
2783 2099 3055 2152 Ambrosii
3081 2108 3384 2167 susceptas,
3430 2099 3505 2152 ab
3536 2096 3725 2152 Heu-

2128 2190 2230 2257 piis
2291 2190 2459 2246 fuisse
2509 2192 2845 2259 auspicatum
2880 2208 2894 2245 :
2930 2190 3003 2243 Τὸ
3042 2190 3279 2262 πρῶτον,
3317 2191 3524 2260 inquit,
3554 2190 3725 2243 αὐτοῦ

2126 2283 2404 2353 ἐπιμελῶς
2452 2282 2878 2355 ἐφιλοτιμήσατο
2914 2287 3239 2350 συναγαγεῖν
3267 2283 3377 2335 τῶν
3432 2282 3495 2349 ἒξ
3534 2284 3723 2355 ’ἑρμη-

2127 2376 2308 2433 νειῶν.
2334 2376 2496 2445 Atqui
2537 2386 2663 2430 tunc
2695 2376 2957 2442 temporis
2986 2375 3329 2430 Alexandriae
3364 2378 3725 2431 versabatur.

2128 2466 2488 2537 Retorquebit
2520 2478 2901 2538 argumentum
2940 2467 3155 2536 aliquis,
3186 2478 3242 2522 et
3266 2469 3415 2522 dicet
3446 2468 3559 2522 hoc
3589 2478 3726 2523 tem-

2127 2576 2259 2629 pore
2289 2575 2384 2615 sex
2418 2561 2893 2630 interpretationes
2926 2564 2977 2617 in
3006 2579 3171 2618 unum
3198 2563 3461 2632 colligere
3486 2579 3603 2617 non
3631 2578 3726 2632 po—

2129 2653 2297 2707 tuisse
2324 2652 2639 2723 Origenem,
2696 2656 2785 2722 qni
2819 2656 2984 2710 etiam
3016 2665 3127 2710 tum
3176 2656 3496 2727 Symmachi
3548 2656 3723 2710 inter-

2126 2745 2450 2813 pretatione,
2506 2754 2562 2799 et
2615 2747 2855 2802 editione
2910 2760 3067 2803 sexta
3116 2759 3349 2805 careret.
3387 2749 3724 2819 Respondeo

2128 2832 3041 2905 Hexaplorumcoagmentationem
3097 2850 3278 2893 mente
3327 2840 3726 2910 praeformasse

2126 2927 2300 2995 ipsum
2318 2942 2438 2981 cum
2456 2936 2601 2983 esset
2623 2914 2983 2996 Alexandriae,
2999 2945 3101 2984 non
3124 2929 3237 3000 ipsa
3266 2944 3724 3001 coagmentasxe,

2125 3034 2247 3073 cum
2279 3020 2513 3074 nondum
2544 3021 2879 3090 exemplaria
2922 3023 3148 3078 haberet
3197 3025 3262 3078 ad
3312 3041 3584 3089 manum,
3624 3027 3721 3081 sed

2118 3110 2229 3178 jam
2255 3111 2378 3164 inde
2416 3110 2544 3178 ipsis
2571 3110 2960 3181 iuvestigandis
2992 3126 3215 3181 operam
3250 3114 3491 3169 dedisse.
3529 3114 3723 3186 Itaque

446 3223 755 3281 conﬂixisse
785 3224 926 3277 inter
944 3237 1001 3275 se
1018 3220 1431 3290 etconjuuxisse
1460 3219 1742 3290 probabile
1772 3229 1858 3274 est
1885 3236 1898 3271 :
1925 3220 2017 3274 sed

2128 3218 2231 3256 non
2257 3204 2383 3256 dicit
2412 3203 3107 3275 ΕρίρΙιειιιίυδβυνήγαγέν,
3138 3206 3253 3272 sed,
3280 3206 3723 3279 ἐφιλοτιμήσατο

446 3332 566 3373 cum
607 3318 911 3371 institutqu
943 3331 1078 3384 opus
1110 3330 1206 3384 per
1243 3315 1518 3385 angustias
1543 3313 1893 3383 temporisibi
1921 3311 2016 3366 ab-

445 3411 653 3465 solvere
678 3426 780 3465 non
822 3419 1024 3478 posset,
1067 3422 1375 3476 supremam
1424 3407 1524 3473 ipsi
1562 3422 1780 3459 manum
1821 3406 1872 3459 in
1903 3408 2017 3460 otio

446 3505 609 3578 Tyrio
635 3504 978 3574 imposuisse.
1020 3501 1134 3556 Non
1170 3500 1312 3570 quod
1348 3502 1415 3555 de
1451 3500 1516 3554 iis
1537 3499 1806 3569 cogitasse
1831 3498 2021 3567 Orige-

444 3614 568 3655 nem
601 3608 713 3653 tum
761 3599 995 3669 primum
1022 3606 1241 3668 putem;
1289 3596 1380 3650 sed
1410 3596 1747 3650 Alexandria
1784 3595 2015 3650 fortasse

516 3716 811 3840 (8)1liépiph.
845 3716 1050 3770 eres.
1084 3731 1229 3782 LXIV,
1285 3730 1407 3785 cap.
1438 3714 1471 3767 ὅ
1504 3724 1558 3769 et
1600 3716 1692 3769 lib.
1749 3715 1823 3770 De
1869 3718 2027 3786 pond.

516 3805 565 3840 ι).
680 3825 695 3839 .

444 3803 565 3843 can.
604 3803 695 3840 Ἰδο

514 3805 839 3927 ῗέ)1ἰῗισιιιε
892 3856 1001 3910 illic
1030 3866 1104 3909 est
1131 3855 1428 3922 Scripturas
1457 3870 1633 3927 sacrg
1654 3855 1981 3924 exemplaria
2006 3897 2022 3923 ,

442 3920 632 4001 quibus
656 3944 780 4001 uana
819 3920 1384 4001 fuegtiSymmuehus,
1410 3936 1517 4001 etc:
1541 3943 1565 4001 ι
1588 3920 1893 4001 Verisimile
1912 3920 2023 4001 non

448 3996 681 4061 videtur,
719 3996 893 4067 inquit
914 3998 1312 4060 Tillemontius,
1350 4004 1463 4067 not.
1492 3996 1525 4050 9
1554 3996 1606 4048 in
1633 3996 1875 4066 0rigen.,
1902 3996 2025 4051 Ori-

445 4085 636 4142 genem
669 4066 981 4139 Symmachi
1012 4067 1317 4121 versionem
1356 4066 1425 4121 60
1471 4076 1601 4119 ante
1635 4082 1807 4121 annos
1842 4068 2024 4142 elabo-

448 4138 621 4196 ratam
678 4138 785 4193 tam
831 4154 954 4192 sero
1000 4148 1217 4193 nactqu
1242 4152 1386 4200 esse,
1419 4146 1707 4206 potestque
1739 4138 2025 4192 commode

447 4210 716 4266 Eusebius
749 4208 978 4276 intelligi
1012 4219 1104 4261 aut
1130 4210 1194 4262 de
1247 4208 1363 4275 ipso
1415 4207 1722 4276 Symmachi
1763 4218 2024 4273 autogra-

450 4284 580 4352 pho,
618 4296 741 4332 nam
774 4295 839 4352 ex
865 4281 980 4352 ipso
1020 4278 1347 4352 Symmacho
1385 4278 1512 4352 illud
1545 4276 1757 4352 Juliaua
1794 4292 2021 4352 accepe-

450 4349 556 4414 rat,
608 4360 702 4404 aut
754 4350 821 4404 de
871 4349 1277 4405 Commentario
1325 4349 1558 4417 qnodatn
1606 4349 1917 4417 Symmachi
1968 4349 2022 4403 in

450 4417 816 4490 Scripturam,
848 4437 953 4475 non
985 4422 1050 4473 de
1089 4419 1503 4490 eiusiversione.
1558 4419 1633 4472 Eu
1664 4420 1775 4487 ipsa
1804 4418 2021 4474 Eusebii

447 4489 614 4547 verba
643 4492 735 4546 lib.
767 4506 818 4545 vt
855 4490 1033 4560 Hist”,
1058 4504 1179 4559 cap.
1211 4489 1275 4542 17
1298 4508 1310 4544 :
1333 4489 1436 4560 Καὶ
1474 4490 1844 4560 ὑπομνήματα
1872 4491 2022 4560 Συμ-

497 4506 614 4547 arua
643 4506 735 4546 ιιι).
767 4506 818 4545 vt
855 4506 1018 4553 mu.,
1058 4506 1179 4559 cap.
1211 4506 1271 4542 ιι
1298 4508 1310 4544 :
1333 4506 1436 4543 nat
1474 4506 1688 4560 υπομνη
1739 4506 1844 4542 ατα
1872 4506 2019 4560 λυμ-

497 4563 627 4633 άχου
653 4562 819 4615 εἰσέτι
852 4562 944 4616 νῦν
973 4558 1230 4633 φέρεταιζ
1247 4563 1303 4633 εν
1332 4555 1422 4633 οἷς
1443 4560 1590 4613 δοκεῖ
1610 4506 1757 4633 λπρὲἷς
1783 4559 1854 4633 το
1878 4560 2019 4633 κατὰ

497 4582 627 4633 αχου
653 4582 819 4615 εισετι
852 4582 944 4616 νυν
973 4582 1214 4631 φερεται,
1247 4582 1303 4613 εν
1332 4582 1411 4622 οις
1443 4582 1587 4613 οοκει
1621 4582 1757 4630 προς
1790 4582 1850 4612 το
1878 4582 2012 4614 κατα

445 4582 723 4688 ἥατθαῖον
756 4630 1546 4703 ὰποτεινὸμενοςίβὺαγγέλιον,
1572 4630 1669 4703 τὴν
1718 4630 2012 4703 δεδηλωμέ-

446 4724 544 4787 νην
574 4706 785 4787 ςιῖρεσιν
812 4701 1135 4787 κρατύνειν.
1174 4702 1357 4787 Ταῦτα
1395 4701 1452 4754 δὲ
1482 4702 1831 4787 ὁηὩριγέινης
1884 4703 2022 4787 μετὰ

446 4770 543 4830 κάι
570 4770 745 4828 ἄλλων
778 4770 987 4838 εἰς’τὰς
1027 4770 1251 4844 Γραφὰς
1281 4771 1585 4844 ὲρμηνειῷν
1600 4770 1692 4844 τοῦ
1723 4770 2020 4842 Σύμμάχου

448 4845 702 4916 σημαίνει
749 4842 1233 4916 παρὲκ-Ἰουλιανῆς
1282 4842 1884 4916 τινοςΑε-ξληφέναιᾷηῆν
1916 4845 2020 4916 -καί

448 4912 578 4987 (me;
608 4917 735 4983 παρ’
759 4912 923 4968 αὑτοῦ
958 4912 1252 4985 Συμμάχου
1273 4914 1379 4987 τὰς
1417 4912 1629 4987 βίόλοὺς
1658 4913 2019 4987 δῖαδέξασθαιο

449 4984 754 5040 ἑ-έΕιειιιιιι
781 4984 1646 5055 certeetiamnumCommentarii
1678 4985 2016 5055 Symmachi.

450 5061 504 5113 in
559 5058 758 5127 quibus
821 5055 1110 5127 Evangelio
1161 5056 1465 5127 secundum
1497 5052 1808 5108 Mattbmitm
1858 5055 2018 5127 nisus

452 5124 807 5197 memoratum
829 5124 1248 5197 (Ebio’nitarttm)
1281 5126 1527 5179 haeresim
1554 5136 1874 5197 prOpugnat.
1909 5126 2017 5182 llos

450 5208 630 5252 autem
663 5196 923 5266 Origenes
950 5212 1071 5251 cum
1102 5196 1221 5250 aliis
1257 5196 1569 5266 Symmachi
1608 5197 1659 5248 in
1703 5196 2016 5264 Scripturas

452 5265 1018 5335 interpretationibus,
1070 5265 1310 5321 testatur
1333 5281 1391 5320 se
1438 5281 1467 5320 a
1519 5265 1732 5319 Juliana
1777 5272 2012 5334 quadam

453 5339 750 5408 accepisse,
786 5340 851 5391 ad
879 5354 1041 5407 quam
1073 5337 1107 5391 ii
1132 5337 1255 5391 libri
1282 5338 1349 5390 ab
1380 5336 1498 5405 ipso
1536 5335 1865 5406 Symmacho
1891 5353 2015 5392 suc-

451 5411 713 5463 cessmnis
740 5410 861 5479 jure
913 5416 1371 5479 pervenerantne
1402 5408 1459 5461 Si
1488 5408 1775 5477 ἑρμηνεῖαι
1807 5409 2015 5474 possint

455 5482 542 5534 hic
589 5481 655 5532 de
683 5478 1083 5534 COmmentario
1110 5478 1355 5548 intelligi,
1391 5486 1533 5545 quod
1571 5494 1836 5531 nennnetn
1885 5492 2014 5547 puto

450 5561 794 5618 negaturum,
844 5559 903 5603 ut
938 5551 1014 5601 sic
1046 5550 1148 5601 hoc
1183 5548 1299 5601 loco
1331 5548 1659 5617 intelligatur
1693 5550 1881 5602 suadet
1911 5565 2009 5603 vox

447 5622 647 5682 ἄλλων,
670 5622 810 5683 aliis,
834 5622 898 5672 ab
928 5619 1157 5672 Eusebio
1187 5620 1449 5672 adhibita.
1482 5637 1500 5669 ι
1535 5622 1665 5685 Qua:
1692 5635 1815 5671 cum
1855 5620 1927 5673 ita
1954 5636 2012 5675 se

450 5692 703 5752 habeant,
723 5693 853 5744 nihil
881 5700 1025 5743 vetat
1047 5688 1334 5757 Origenem
1362 5688 1599 5756 Hexapla
1617 5704 1866 5742 exorsum
1890 5706 2011 5744 esse

451 5772 576 5815 ante
604 5761 945 5825 arnunn‘255,
970 5775 1075 5828 quo
1108 5760 1156 5812 in
1190 5760 1523 5829 Cappadocia
1563 5762 1701 5829 apud
1737 5757 2006 5814 Julianam

450 5833 618 5885 latere
639 5831 866 5899 coepisse
896 5832 1153 5887 creditur.
1190 5828 1429 5895 Hexapla
1455 5845 1551 5884 sua
1589 5828 1774 5899 aperte
1802 5846 2008 5885 memo-

450 5916 533 5956 rat
569 5904 621 5955 in
657 5900 898 5961 Epistola
941 5902 1009 5955 ad
1053 5902 1389 5966 Africanum,
1443 5916 1603 5966 quam
1658 5912 1867 5958 certqu
1924 5910 2007 5957 est

2120 3296 2461 3363 συναγαγεῖν.

2192 3408 2302 3479 (10)
2328 3408 2572 3462 Perfecto
2619 3408 2979 3478 llexaplorum
3006 3426 3191 3482 opere,
3243 3422 3301 3467 ut
3334 3416 3719 3473 studiosorum

2118 3504 2421 3572 sumptibus
2466 3512 2523 3555 et
2567 3519 2745 3569 onera:
2773 3507 3078 3560 consuleret
3110 3506 3394 3576 Origenes,
3442 3511 3511 3562 ad
3565 3527 3725 3565 com—

2119 3597 2386 3667 pingeuda
2456 3594 2703 3666 Tetrapla
2785 3598 3024 3652 animum
3091 3600 3383 3654 convertit.
3440 3601 3722 3658 Eusebius

2140 3715 2466 3770 Nicomediae
2492 3715 2745 3785 scriptam
2777 3731 2917 3784 esse,
2955 3733 3186 3787 cumque
3215 3718 3299 3772 bis
3338 3719 3394 3772 in
3426 3718 3711 3776 Graeciam

2138 3788 2239 3861 iter
2274 3787 2590 3861 instituerit,
2642 3787 2906 3861 alterutro
2953 3790 3148 3861 itinere
3175 3788 3558 3861 Nicomediam
3606 3810 3710 3861 pc-

2136 3858 2293 3911 tiisse
2321 3868 2373 3909 et
2398 3857 2688 3929 epistolam
2706 3858 2919 3929 dedisse
2943 3860 3177 3913 videtur.
3213 3857 3717 3929 Tillemontius'po-

2129 3930 2233 3980 tius
2250 3928 2421 3996 primo
2442 3927 2654 3988 itinere,
2678 3927 2725 3980 id
2745 3938 2828 3980 est
2841 3945 2983 3981 anno
3000 3929 3130 3993 228,
3148 3946 3305 3996 quam
3326 3935 3569 3985 Scenndo
3582 3927 3717 3987 diio-

2125 3999 2296 4050 dccim
2316 4008 2644 4065 postatttttis,
2668 3998 2717 4069 i_d
2748 4000 3044 4068 contigisse
3075 4011 3248 4069 putat.
3272 4001 3373 4054 hoc
3402 4015 3511 4053 uno
3544 4004 3714 4057 nixus

2125 4078 2444 4135 argumento
2458 4069 2599 4136 quod
2614 4070 2662 4140 Α
2674 4067 3297 4140 fricanusUrigenemfilii
3315 4072 3535 4125 nomine
3552 4089 3712 4126 corn-

2127 4141 2305 4204 pellet,
2330 4142 2490 4210 ⁸(ιιιυιι
2516 4139 2696 4210 aptius
2721 4140 2785 4191 ad
2813 4139 3070 4207 primum,
3095 4156 3257 4210 quam
3286 4144 3351 4193 ad
3393 4145 3709 4196 secundum

2127 4211 2230 4263 iter
2262 4207 2562 4261 referatur.
2604 4208 2710 4261 Sed
2743 4211 2860 4261 viro
2899 4207 3129 4263 summo'
3160 4210 3593 4265 Montefalconio
3651 4216 3709 4267 id

2128 4294 2233 4332 non
2274 4279 2407 4331 tanti
2442 4294 2564 4333 esse
2597 4280 2853 4332 momenti
2903 4281 3137 4333 videtur.
3176 4299 3195 4330 ι
3231 4280 3361 4334 Nam
3395 4283 3710 4337 verisimile

2124 4357 2224 4411 est,
2259 4349 2433 4416 inquit
2465 4365 2584 4419 pag.
2636 4349 2705 4402 15
2766 4350 3122 4404 Praelimiuar.
3174 4352 3224 4404 in
3264 4349 3525 4418 llexapl.,
3576 4355 3708 4408 ideo

2127 4421 2295 4472 tilium
2329 4433 2694 4487 nuncupasse,
2733 4421 2857 4487 quia
2896 4422 3052 4490 longe
3102 4422 3278 4475 minor
3320 4432 3479 4476 a-tate
3525 4435 3651 4478 erat
3687 4444 3704 4478 :

2124 4505 2245 4563 quae
2278 4491 2416 4542 ratio
2451 4499 2556 4563 tam
2596 4491 2645 4563 in
2677 4492 2871 4563 primo,
2904 4508 3066 4559 quam
3096 4495 3148 4545 in
3178 4492 3415 4546 secundo
3441 4494 3705 4563 Origenis

2128 4561 2324 4615 itinere
2356 4576 2451 4628 par
2488 4561 2628 4613 haud
2670 4562 2830 4614 dubie
2879 4572 3018 4615 erat.
3062 4563 3172 4616 Nec
3218 4565 3412 4617 desunt
3444 4561 3703 4631 exempla

2125 4633 2323 4700 quibus
2362 4633 2411 4683 id
2440 4632 2811 4685 confirmetur.
2850 4632 3113 4687 Eusebius
3147 4636 3292 4687 enim
3330 4634 3702 4691 Vercellensis

2128 4703 2439 4771 Dionysium
2492 4700 2949 4758 Mediolaueusem
2983 4706 3317 4771 episcOpnm,
3370 4714 3534 4759 aetate
3580 4708 3701 4774 jam

2126 4784 2416 4844 ιιιιιιιιιιιιιιΔ
2457 4774 2827 4841 dignitateque
2879 4776 3250 4839 conspicuum,
3296 4794 3353 4827 se
3387 4788 3571 4829 tamen
3607 4776 3701 4844 jn-

2125 4847 2354 4907 niorem,
2392 4842 2559 4897 filium
2592 4844 2919 4910 compellare
2949 4844 3177 4898 8()Ι‹1);ιῐ.
3209 4864 3226 4895 ι
3255 4844 3387 4899 Cum
3418 4862 3553 4910 ergo
3584 4842 3700 4900 cier-

2126 4923 2234 4965 tnm
2272 4931 2373 4967 non
2405 4914 2474 4967 sit
2500 4915 2671 4982 primo
2705 4916 2925 4977 ttinere,
2971 4916 3073 4968 hoc
3117 4926 3200 4969 est
3226 4932 3364 4968 anno
3396 4915 3530 4979 228,
3560 4917 3695 4983 Ept-

2120 4986 2304 5037 stolam
2336 4986 2403 5037 ad
2434 4985 2737 5055 Africanum
2757 4983 3079 5039 Nicomediae
3100 4990 3356 5055 Scriptam
3380 5002 3525 5050 esse,
3548 4991 3695 5043 nulla

2123 5058 2259 5106 ratio
2286 5066 2367 5108 est
2390 5052 2487 5108 cur
2516 5056 2640 5108 inde
2668 5052 2907 5120 llexapla
2957 5066 3083 5109 ante
3113 5052 3253 5109 hunc
3288 5073 3489 5109 annum
3524 5063 3694 5112 ador-

2121 5136 2247 5178 nata
2275 5126 2673 5179 existimentur.
2703 5126 2755 5177 Id
2782 5141 2942 5195 unum
2987 5127 3275 5180 Verisimile
3302 5137 3455 5195 pultat
3483 5127 3693 5182 Monte-

2121 5195 2410 5259 falconius,
2466 5213 2485 5246 ι
2548 5196 2838 5264 Urigettem
2900 5194 3149 5261 "exaplis
3198 5194 3425 5251 edendis
3466 5215 3688 5253 manum

2120 5268 2425 5321 admovisse
2470 5278 2753 5335 postquam
2781 5277 2987 5320 sextam
3021 5270 3315 5321 editionem
3355 5283 3639 5335 repet-erat
3671 5288 3686 5321 :

2120 5339 2316 5403 reperit
2345 5346 2547 5404 autem,
2575 5338 2873 5405 Epiphanio
2912 5347 3067 5400 teste,
3094 5355 3235 5391 anno
3262 5339 3561 5393 Alexandri
3590 5341 3688 5395 Se-

2118 5412 2226 5459 veri
2274 5410 2526 5476 Septimo,
2558 5409 2607 5460 id
2640 5419 2723 5459 est
2762 5408 2958 5461 Christi
2987 5408 3115 5461 2‘28.
3150 5410 3218 5462 Et
3247 5410 3370 5477 quia
3396 5411 3599 5464 abhinc
3620 5416 3686 5464 ad

2115 5493 2314 5530 annum
2338 5479 2465 5539 ‘25I,
2491 5478 2905 5545 mioC:esareain
2932 5494 2991 5531 se
3011 5480 3229 5548 recepit.
3257 5496 3359 5532 non
3396 5489 3480 5531 sat
3509 5484 3610 5534 otii
3634 5496 3686 5535 et

2115 5550 2381 5601 commodi
2424 5550 2671 5601 habuisse
2696 5550 2929 5612 videtur,
2960 5558 3016 5601 ut
3045 5561 3153 5602 tam
3186 5553 3409 5603 arduam
3447 5565 3565 5603 rem
3598 5570 3686 5605 sn-

2114 5620 2368 5684 seipcret,
2416 5632 2716 5687 opportune
2746 5622 2796 5672 in
2828 5636 3027 5673 annum
3071 5621 3199 5684 25L
3250 5636 3373 5673 cum
3418 5620 3688 5678 Caesarea:

2114 5700 2315 5757 ageret,
2352 5687 2711 5759 ﬂex'rplorum
2738 5706 2872 5759 opus
2895 5691 3205 5744 remittitur.
3253 5710 3273 5743 ι

2184 5761 2297 5827 (10)
2341 5758 2583 5828 Perfecto
2623 5758 2984 5829 llexaplornm
3030 5778 3206 5831 opere,
3235 5771 3291 5814 ut
3320 5764 3686 5820 studiosorum

2110 5832 2400 5905 sumptibus
2434 5844 2477 5882 et
2512 5831 3003 5905 operw‘rousuleret
3042 5833 3317 5905 Origenes,
3342 5837 3410 5885 ad
3440 5842 3682 5905 corripia-

2111 5905 2277 5966 gendu
2327 5899 2573 5968 Tetrapla
2620 5901 2856 5956 animum
2899 5899 3171 5957 convertit.
3218 5901 3420 5960 Httetio
3470 5899 3682 5969 praemi
