3838 6222
435 277 565 330 12117

1688 274 1746 332 Ρ.
1789 271 2104 328 DANIELIS
2144 272 2372 330 HUETII

3547 267 3702 323 {3433

427 410 596 452 Ianos
657 397 710 448 in
777 393 1012 448 Genesim
1040 440 1052 455 ,
1114 403 1397 463 antequam
1456 394 1621 448 libros
1682 393 1818 460 Περὶ
1878 393 1982 461 ἀρ-
2013 396 2058 451 Α
2089 391 2236 445 ribus
2265 392 2554 460 explanare
2589 389 2926 446 lentavimus.
2980 408 2998 440 1
3033 387 3114 441 An
3149 400 3276 441 vero
3309 387 3703 442 Commenta-

423 490 547 560 χῶν
592 497 960 556 componeret,
1007 496 1060 542 et
1092 502 1159 540 ex
1205 486 1435 541 Eusebio
1469 485 1799 555 intelligitur
1850 483 1988 554 (11),

423 594 476 636 et
508 580 674 635 multo
704 581 874 650 magis
929 595 994 633 ex
1047 579 1280 648 Origene
1338 580 1473 648 ipso,
1503 579 1591 646 qui
1621 579 1800 634 libror
1849 577 1989 646 Περὶ

429 672 636 743 ἀρχῶν
663 689 784 742 cap.
813 675 867 736 5,
894 688 1041 728 1111111.
1092 671 1146 735 5,
1169 681 1224 725 et
1249 672 1341 725 lib.
1387 687 1446 734 11,
1481 687 1599 738 cap.
1637 672 1690 734 5,
1746 687 1888 726 1111111.
1934 670 1988 735 6,

428 767 560 820 istos
588 766 717 820 citat
744 763 1194 820 Commentarios.
1228 763 1369 816 Idem
1411 772 1590 816 tamen
1626 763 1764 816 libro
1790 778 1826 821 1.
1869 777 1987 830 cap.

424 859 478 923 9.,
518 875 663 912 num.
713 857 767 920 6,
814 857 928 910 hare
978 853 1139 907 habet
1178 869 1191 905 :
1254 872 1272 904 1
1301 853 1439 907 Puto
1481 867 1608 922 ergo
1640 866 1795 920 posse
1827 851 1990 921 priori

425 950 637 1018 quidem
662 947 906 1017 exetnplo
945 945 1121 1014 aptari
1152 960 1274 999 eum
1306 944 1396 1012 qui
1431 944 1495 995 ad
1521 943 1803 1011 imaginem
1841 951 1896 996 et
1918 941 1994 995 εἰο-

427 1041 782 1094 militutlinem
833 1042 923 1096 Dei
957 1041 1132 1096 factus
1173 1053 1277 1107 est,
1315 1042 1607 1108 hominem,
1636 1042 1701 1096 de
1735 1055 1842 1111 quo
1873 1039 1993 1094 dili-

426 1133 658 1202 gentius,
693 1133 904 1186 favente
954 1133 1234 1197 Deo,cum
1278 1133 1451 1188 locum
1484 1134 1655 1200 ipsum
1701 1132 1752 1185 in
1797 1130 1988 1185 Genesi

424 1238 696 1294 exponere
749 1223 1094 1293 cmperimus,
1129 1225 1454 1278 videbimus.
1491 1243 1510 1274 1
1543 1223 1680 1288 Quid
1710 1223 1874 1291 ergo?
1923 1237 1989 1274 an

433 1313 548 1367 haec
593 1330 621 1365 a
653 1313 909 1376 librariis,
943 1330 1009 1366 an
1040 1315 1108 1367 ab
1149 1315 1445 1384 interprete
1482 1315 1667 1369 vitiata
1713 1313 1993 1367 dicemus?

425 1421 493 1458 an
525 1405 629 1460 alia
680 1407 921 1473 quaedam
963 1407 1014 1460 in
1062 1408 1316 1461 Genesim
1355 1409 1665 1461 meditaturo
1699 1405 1864 1461 fuisse
1893 1406 1991 1458 fin-

427 1513 614 1564 gemus
659 1498 972 1568 Origenem,
1024 1514 1146 1553 cum
1218 1500 1331 1554 haac
1381 1500 1685 1554 scriberet?
1730 1499 1989 1567 Equidem

429 1590 624 1646 luereo.
661 1589 736 1643 Ex
766 1589 900 1643 libro
926 1605 1140 1659 quoque
1175 1590 1250 1644 De
1290 1593 1529 1646 oratione
1559 1607 1706 1645 num.
1746 1592 1836 1652 25.
1868 1606 1987 1661 pag.

425 1679 552 1744 255,
615 1682 988 1749 cognoscimus
1039 1683 1300 1750 scriptum
1358 1683 1499 1737 hunc
1541 1698 1660 1738 esse
1691 1684 1851 1738 editis
1879 1684 1990 1751 jam

427 1769 842 1824 Commentariis
871 1772 927 1823 in
945 1770 1205 1826 Geuesim.
1225 1773 1625 1840 Expositionum
1652 1776 1706 1828 in
1730 1775 1995 1841 Exortum,

429 1861 485 1912 iu
513 1859 822 1924 Leviticum,
846 1872 897 1916 et
922 1864 977 1916 in
1011 1861 1271 1918 Numeros
1301 1865 1444 1918 nulla
1475 1867 1525 1918 in
1555 1877 1709 1922 sexto
1741 1867 2000 1921 Eusebia-

432 1963 515 2007 11111
545 1947 794 2003 Historia:
827 1954 1079 2005 memoria
1121 1971 1133 2005 :
1170 1968 1264 2006 eas
1286 1969 1408 2008 esse
1446 1956 1772 2010 vetustiores
1815 1957 1998 2010 decem

429 2040 792 2094 voluminibus
811 2041 1345 2097 Cotttmentariorum
1374 2045 1428 2096 in
1457 2045 1732 2099 Canticum
1773 2047 2000 2099 cantico-

431 2149 547 2185 rum
579 2133 693 2186 haec
730 2133 978 2199 Origenis
1003 2133 1511 2200 patefaciuntverba
1551 2151 1614 2189 ex
1648 2137 1737 2190 lib.
1781 2151 1798 2189 ι
1841 2136 2001 2190 Com-

431 2235 623 2278 ment..
648 2223 947 2283 inflantia.
968 2239 1090 2290 pag.
1114 2224 1217 2278 5S:
1245 2243 1262 2274 1
1300 2225 1372 2279 De
1401 2242 1508 2294 quo
1541 2227 1748 2294 plenius
1780 2228 1830 2281 in
1865 2228 2002 2282 libro

431 2315 693 2375 Levitico.
725 2328 884 2385 prout
917 2319 1172 2371 Dominus
1198 2317 1260 2372 da
1273 2332 1328 2371 re
1349 2317 1603 2384 dignatus
1624 2329 1727 2385 est,
1748 2319 2001 2386 exposui-

433 2424 585 2473 mus;
652 2427 671 2459 1
710 2417 764 2461 et
793 2409 890 2461 ista
913 2423 943 2461 e
983 2407 1227 2476 Prologo,
1258 2424 1380 2476 pag.
1413 2408 1515 2462 551
1551 2425 1569 2457 1
1605 2407 1709 2461 Sed
1737 2410 2002 2476 quomodo

430 2498 680 2553 diﬂ'erant
707 2515 736 2551 a
772 2499 976 2553 sanctis
1011 2500 1208 2553 Sancta
1233 2509 1541 2553 sanctorum
1566 2501 1617 2553 in
1654 2500 1859 2565 Exodo,
1885 2501 1998 2570 (12)

431 2599 485 2642 et
514 2591 779 2658 quomodo
818 2587 1063 2643 diﬂ‘eraut
1088 2605 1248 2658 opera
1291 2591 1358 2645 ab
1388 2591 1642 2660 operibus
1681 2606 1900 2660 Operum
1948 2594 1999 2646 in

432 2680 790 2734 Numerorum
851 2680 1023 2743 libro,
1074 2681 1411 2744 tractatibus,
1470 2690 1632 2750 prout
1706 2685 1999 2751 potuimus,

433 2775 636 2826 uictum
681 2783 765 2827 est
792 2788 820 2826 a
872 2774 1045 2828 nobis.
1081 2794 1098 2824 1
1140 2773 1258 2840 Quo
1297 2782 1540 2842 tempore
1582 2783 1763 2827 autem
1817 2773 2002 2828 Cauti-

432 2880 554 2919 cum
579 2865 950 2933 explauaverit
980 2882 1101 2921 mox
1141 2865 1451 2919 viderimus.
1475 2865 1588 2936 (15)
1627 2864 2004 2934 Expositiones

432 2960 486 3008 in
542 2956 826 3010 Leviticum
877 2958 1060 3011 laudat
1129 2959 1322 3011 iterum
1400 2956 1661 3026 Origenes
1709 2956 1800 3010 lib.
1832 2972 1886 3010 Ix
1947 2959 2002 3011 in

2093 486 2156 538 rii
2212 486 2268 538 in
2307 484 2573 548 Exodum,
2623 485 2676 537 in
2727 482 3012 538 Leviticum
3065 490 3120 536 et
3167 483 3219 535 in
3263 480 3554 534 Numeros
3611 481 3704 534 bis

2095 577 2395 646 signentur,
2431 592 2498 631 an
2523 576 2786 640 Homiliar,
2818 591 2921 630 non
2956 576 3089 630 satis
3115 585 3362 643 apparet.
3409 573 3496 626 De
3517 588 3703 626 enar~

2092 669 2393 724 rationibus
2437 666 3042 723 Deuteronomii‘altmn
3073 666 3211 733 apud
3251 665 3568 718 Eusebium
3619 665 3702 717 si-

2098 759 2343 816 lentium.
2372 759 2720 814 Recentiores
2747 759 2863 812 illas
2893 772 3014 812 esse
3043 759 3251 823 reperio
3268 755 3702 823 posterioribus

2093 852 2251 907 tomis
2281 853 2336 904 in
2369 849 2630 904 Joannem
2661 866 2680 902 :
2723 849 2800 903 sic
2833 849 2975 902 enim
3000 847 3188 902 scribit
3223 847 3502 916 Origenes
3537 856 3700 902 mmo

2091 961 2243 1000 xxx"
2272 945 2326 996 in
2352 928 2536 1008 10am,
2584 957 2734 995 num.
2765 942 2853 1007 11,
2893 955 3056 1008 super
3095 940 3510 994 Deuteronomii
3563 954 3695 1009 cap.

2092 1052 2154 1096 11,
2186 1050 2326 1088 vers.
2363 1034 2432 1088 50
2458 1050 2472 1085 :
2512 1032 2667 1086 Ἀλλὰ
2691 1031 2758 1085 τὰ
2805 1032 2934 1102 περὶ
2963 1032 3061 1101 μὲν
3099 1033 3309 1092 τούτου,
3338 1031 3700 1102 οἰκειότερον

2096 1129 2153 1179 ἐν
2180 1128 2291 1190 τοῖς
2317 1127 2396 1188 εἰς
2418 1125 2478 1178 τὸ
2501 1124 2913 1196 Δευτερονόμιον
2948 1124 3255 1194 ἐξετασθείη
3281 1125 3368 1178 ἄν.
3401 1123 3699 1178 Posterio-

2100 1218 2249 1270 ribus
2279 1226 2456 1270 autem
2506 1217 2558 1268 in
2589 1215 2851 1268 Joannem
2903 1217 3062 1269 tomis
3101 1230 3254 1268 suum
3281 1218 3422 1268 ‘mox
3466 1225 3698 1281 tempus

2093 1309 2470 1377 prtefiuiemus.
2495 1308 2559 1360 At
2581 1309 2907 1361 vetustiores
2927 1306 3143 1361 fuerunt
3160 1307 3559 1362 enarratioues
3585 1308 3694 1360 illa:

2093 1400 2492 1454 Deuteronomii
2529 1399 2772 1452 llomiliis
2800 1399 2851 1450 in
2893 1397 3088 1450 Lucam
3115 1414 3135 1451 :
3169 1399 3238 1452 de
3266 1399 3335 1452 iis
3355 1399 3574 1467 quippe
3613 1400 3698 1452 sic

2091 1493 2349 1562 Origenes
2365 1491 2550 1544 homil.
2578 1489 2611 1543 8
2644 1493 2696 1542 in
2733 1487 2898 1542 Luc.:
2940 1507 2958 1539 1
2991 1489 3200 1542 Memini
3225 1491 3512 1557 quondam
3544 1490 3695 1542 Deu-

2094 1585 2444 1639 teronomium
2476 1584 2842 1644 disserentem,
2867 1581 3064 1634 dixisse
3094 1595 3196 1634 me.
3221 1601 3240 1632 1
3259 1592 3393 1639 etc.,
3420 1581 3546 1651 (14)
3571 1597 3698 1650 qua:

2096 1691 2200 1729 non
2252 1675 2391 1728 aliud
2441 1674 2790 1743 expositionis
2836 1687 3024 1744 genus,
3071 1688 3231 1741 quam
3292 1674 3696 1728 homilelicum

2103 1767 2355 1819 videntur
2385 1765 2648 1818 indicare.

2168 1861 2524 1915 Observatum
2557 1870 2638 1914 est
2667 1858 2894 1912 Eusebio
2916 1857 3348 1912 Commentarios
3394 1859 3450 1912 in
3492 1859 3693 1930 viginti

2098 1955 2338 2024 quinque
2364 1954 2573 2022 priores
2611 1951 2846 2020 psalmos
2872 1951 3209 2004 Alexandriae
3224 1950 3525 2021 degentem
3547 1952 3696 2003 Ada-

2101 2043 2360 2099 mantium
2385 2043 2635 2097 edidisse.
2661 2042 2775 2111 Ipse
2806 2057 2933 2096 vero
2967 2042 3226 2111 Origenes
3265 2051 3416 2098 tomo
3466 2059 3481 2095 I
3518 2041 3692 2097 Com-

2101 2145 2328 2190 mentar.
2358 2136 2412 2189 in
2452 2133 2620 2200 Epist.
2651 2138 2717 2187 ad
2764 2133 2913 2188 Rom.
2962 2149 3111 2187 Illlm.
3150 2135 3201 2198 5,
3236 2145 3352 2188 1101.
3388 2152 3524 2204 pag.
3556 2137 3688 2199 461,

2102 2229 2338 2282 futurum
2389 2227 2707 2296 pollicetur,
2764 2235 2825 2278 ut
2887 2226 3150 2294 psalmum
3211 2241 3320 2281 LVII
3384 2226 3691 2294 aliquando

2100 2327 2351 2373 enarret:
2377 2317 2582 2372 etlibro
2610 2325 2784 2368 tamen
2808 2325 3000 2382 quarto
3019 2315 3068 2367 in
3094 2316 3341 2369 eamdem
3377 2316 3687 2386 Epistolam

2104 2426 2251 2464 num.
2283 2410 2338 2473 2,
2357 2425 2476 2479 pag.
2510 2409 2637 2472 523,
2658 2409 2890 2478 psalmos
2920 2425 3037 2463 sese
3067 2410 3486 2476 interpretatum
3519 2409 3688 2464 fuisse

2103 2501 2340 2556 declarat
2375 2520 2387 2554 :
2420 2502 2511 2555 sed
2539 2503 2624 2556 hic
2658 2500 2886 2555 fortasse
2918 2511 3094 2555 tomos
3121 2501 3412 2569 intelligit;
3438 2501 3558 2555 illic
3584 2503 3684 2555 bo-

2106 2594 2282 2648 milias
2313 2593 2397 2648 vel
2436 2593 2661 2648 scholia.
2693 2592 2762 2645 At
2798 2593 3013 2647 homilia
3044 2593 3183 2646 15111
3209 2594 3401 2657 Iosue,
3430 2610 3591 2648 num.
3630 2594 3684 2658 6,

2105 2684 2403 2753 explic:isse
2451 2700 2510 2738 se
2564 2683 2833 2750 signiﬁcat
2882 2685 3145 2753 psalmum
3176 2685 3579 2749 centesimum;
3632 2697 3686 2739 et

2106 2777 2484 2831 1101111111115111
2527 2776 2767 2841 Levitic.,
2798 2794 2944 2832 num.
2967 2779 3023 2843 Ξ,
3055 2779 3688 2846 meminitexpositiouis

2104 2886 2212 2925 sua?
2229 2873 2280 2924 in
2301 2871 2558 2940 psalmum
2575 2886 2759 2924 cxvtn.
2782 2871 3132 2941 Hieronymus
3152 2873 3201 2924 in
3222 2872 3505 2926 Protemio
3519 2873 3685 2926 Com-

2105 2961 2492 3016 mentariorum
2510 2977 2726 3015 suorum
2750 2962 2804 3015 in
2821 2963 3040 3016 Abdiam
3059 2962 3244 3016 scribit
3259 2961 3684 3031 Expositionem

439 3049 611 3118 Epist.
636 3052 704 3103 ad
727 3049 879 3104 Rom.
908 3067 1029 3104 cum
1050 3051 1125 3102 ait
1157 3065 1304 3102 num.
1338 3048 1362 3100 1
1393 3065 1407 3100 :
1440 3066 1458 3098 1
1502 3049 1572 3100 De
1601 3049 1794 3116 quibus
1820 3049 2004 3118 singu-
2030 3076 2072 3130 ς
2104 3053 2352 3124 Origenis
2381 3054 2437 3107 in
2467 3053 2765 3117 Canticum,
2819 3053 2984 3108 fetum
3013 3067 3131 3106 esse
3173 3052 3435 3121 juvenilis
3479 3054 3681 3108 atatis.

437 3141 501 3195 lis
530 3157 650 3194 cum
682 3143 734 3195 111
764 3142 957 3197 librum
985 3141 1204 3196 Levitici
1235 3139 1412 3207 aliqua
1443 3140 1764 3203 diceremus,
1796 3153 1893 3208 pro
1927 3140 2004 3194 vi-

507 3280 552 3311 "
598 3279 790 3334 Baron.
841 3294 968 3333 ann.
1007 3277 1133 3346 208,
1185 3292 1302 3346 cap.
1341 3276 1394 3330 5.

475 3423 626 3467 oslea
670 3427 790 3465 cum
843 3410 1086 3481 Tetrapla
1111 3411 1314 3481 ederet,
1357 3409 1516 3481 missa
1554 3408 1640 3462 illa
1665 3423 1823 3481 quam
1857 3418 2002 3467 tanto

475 3429 626 3467 ostea
670 3429 790 3465 cum
847 3429 1086 3481 tetrapta
1111 3429 1314 3471 eoeret,
1357 3429 1516 3461 missa
1555 3429 1640 3462 tua
1665 3429 1823 3478 quam
1857 3429 2000 3467 tanto

437 3429 623 3536 labore
649 3483 1045 3536 emaculaverat
1081 3480 1365 3547 l-lexaplari
1409 3479 1666 3541 editione,
1720 3479 1876 3531 aliam
1915 3482 2000 3533 111-

439 3554 778 3608 emendatam
796 3561 849 3604 et
869 3553 1063 3604 erratis
1086 3551 1293 3618 plenam
1329 3549 1603 3618 posuisse?
1635 3548 1688 3600 Id
1713 3559 1858 3601 certe
1879 3566 2000 3603 cum

444 3632 587 3677 rt-cta
630 3623 835 3675 ratione
863 3631 1142 3690 pugnaret.
1177 3620 1299 3672 lltec
1339 3629 1516 3672 autem
1545 3619 2005 3690 plurib‘us_prose-

441 3694 547 3744 tuti
582 3706 785 3754 smnus,
821 3687 1240 3759 quialleuricus
1293 3690 1530 3741 Valesius
1572 3689 1742 3742 locum
1787 3687 2000 3742 Eusebii

440 3776 721 3833 perperam
765 3763 1165 3828 interpretatus,
1193 3760 1364 3812 doctis
1395 3760 1599 3827 aliquot
1654 3759 1781 3812 viris
1825 3759 2002 3813 fucum

441 3832 660 3887 fecerat.
698 3848 716 3879 1

513 3902 628 3964 (11)
676 3898 953 3964 Scripsisse
993 3898 1262 3966 Origenem
1289 3897 1716 3952 Commentarios
1756 3897 1805 3949 in
1829 3896 2005 3951 Gene-

439 3975 564 4036 51111,
597 3979 873 4036 antequam
917 3969 1074 4021 libros
1119 3967 1256 4034 Περὶ
1281 3966 1478 4036 ἀρχῶν
1504 3978 1849 4036 componeret,
1876 3979 1921 4018 et
1945 3984 2007 4020 ea:

444 4034 671 4094 Eusebio
728 4034 1058 4106 intelligitur,
1117 4047 1164 4090 et
1220 4034 1382 4088 multo
1449 4038 1613 4101 magis
1673 4054 1736 4088 ea:
1787 4034 2007 4104 Origene

442 4114 574 4173 iusto,
605 4121 708 4163 etc.
739 4108 791 4160 Id
829 4111 1042 4176 quidem
1067 4123 1130 4160 ex
1161 4107 1390 4164 Eusebio
1415 4109 1635 4159 minime
1669 4107 2004 4174 intelligitur.

449 4181 558 4237 lloe
589 4183 726 4229 enim
757 4180 1014 4229 duntaxat
1036 4181 1111 4230 ait
1142 4177 1423 4234 Eusebius.
1451 4186 1572 4227 octo
1609 4177 1812 4244 priores
1835 4187 2006 4229 tomos

444 4254 498 4300 in
553 4246 788 4299 Genesim
830 4247 1166 4299 Alexandriae
1203 4248 1363 4298 fuisse
1399 4246 1722 4306 elaboratos,
1753 4248 2008 4314 quemad-

2111 3143 2496 3213 Hieronymum
2547 3153 2766 3200 secutus
2811 3141 3075 3198 Barouius
3102 3143 3146 3176 ⁷⁷
3181 3145 3384 3197 factum
3418 3144 3478 3198 id
3531 3155 3690 3212 putat

2113 3429 2168 3470 tv
2199 3427 2262 3466 ac
2291 3428 2342 3464 vr
2385 3419 2564 3463 contra
2633 3407 2795 3470 ϐείω,
2831 3422 2980 3460 1111111.
3008 3405 3099 3468 57,
3130 3420 3248 3474 pag.
3281 3405 3413 3474 530,
3443 3415 3500 3458 et
3532 3421 3682 3461 num.

2105 3484 2197 3543 49.
2226 3500 2277 3548 p.
2309 3481 2430 3536 670.
2462 3480 2665 3533 Laudat
2690 3490 2744 3533 et
2777 3477 3049 3531 homiliam
3081 3473 3146 3548 15
3269 3473 3544 3539 Genesim,
3585 3478 3683 3531 ho-

2110 3546 2255 3606 milia
2289 3555 2352 3605 11).
2391 3555 2445 3604 in
2483 3548 2760 3608 Numeros,
2794 3564 2939 3601 num.
2970 3549 3021 3612 1,
3047 3563 3098 3612 p.
3121 3546 3242 3600 5l2.

2183 3623 2290 3692 (l2)
2317 3622 2379 3675 Et
2397 3620 2650 3692 quomon
2667 3619 3090 3692 cii/ferantopera
3108 3617 3171 3668 ab
3199 3616 3444 3692 operibus
3464 3632 3683 3692 operum

2108 3696 2162 3745 in
2188 3686 2547 3746 Numerorum
2580 3686 2864 3750 libro,ete.
2910 3686 2960 3738 Id
2994 3702 3160 3754 genus
3189 3686 3562 3740 distinctionis
3597 3705 3683 3741 ex-

2107 3771 2214 3821 stat
2246 3762 2458 3815 homilia
2487 3760 2673 3827 quinta
2706 3762 2760 3811 in
2798 3755 3056 3809 Numeros
3090 3769 3108 3806 :
3159 3756 3249 3808 sed
3284 3756 3407 3827 quis
3435 3771 3681 3811 asserere

2107 3844 2268 3902 queat
2301 3833 2470 3902 utrius
2493 3826 2666 3902 aperis
2703 3829 2924 3902 pars_sit
2953 3829 3065 3878 base
3090 3826 3386 3902 περικοπή,
3425 3827 3678 3902 homilia:

2113 3895 2227 3954 rum
2276 3918 2342 3953 an
2395 3895 2762 3952 st-holiorntn?
2807 3895 3102 3963 Utrumque
3153 3898 3294 3948 enim
3337 3895 3481 3963 opus
3524 3898 3678 3951 simul

2109 3970 2416 4039 permiscuit
2453 3968 2696 4022 Rufinus.
2734 3967 2788 4020 Si
2827 3967 3182 4026 homiliarum,
3223 3965 3353 4018 falsa
3391 3975 3476 4020 est
3504 3964 3677 4020 Huetii

2108 4041 2394 4098 sententia.
2437 4039 2552 4091 illas
2585 4053 2772 4092 omnes
2799 4051 2917 4090 esse
2969 4050 3032 4088 ex
3063 4050 3248 4088 earnm
3296 4051 3526 4088 nmnero
3551 4052 3679 4101 quas

2109 4111 2459 4164 Adamantius
2504 4119 2622 4176 post
2667 4107 2839 4159 artatis
2872 4120 2981 4160 Suae
3029 4121 3226 4157 annum
3282 4105 3676 4174 sexagesimum

2107 4197 2170 4232 ex
2207 4193 2443 4247 tempore
2471 4176 2872 4245 pronuntiavit:
2911 4176 2954 4247 si
2983 4177 3333 4247 scholtornm,
3363 4176 3496 4227 nihil
3526 4180 3676 4244 equi-

2108 4252 2226 4302 dem
2247 4245 2357 4318 jam
2390 4249 2588 4300 vetabit
2616 4249 2900 4312 quominus
2931 4246 3158 4318 homilize
3178 4246 3234 4318 _in
3270 4245 3538 4318 Numeros
3559 4262 3672 4313 pru-

447 4320 661 4369 modntn
717 4317 771 4369 in
833 4317 968 4388 libro
1021 4331 1162 4388 110111)
1204 4317 1315 4388 ipse
1363 4317 1698 4388 significabat
1729 4315 2004 4388 Origenes.
2042 4323 2084 4376 D
2113 4315 2367 4372 nuntiatae
2390 4319 2762 4388 υκίμιίηιθιιιυι·
2793 4329 3071 4388 postquam
3101 4315 3354 4388 Origenes
3371 4317 3548 4367 tetatis
3571 4334 3675 4369 sua:

445 4389 612 4440 l'orro
667 4401 785 4437 rum
846 4387 1183 4438 Alexandriae
1230 4385 1414 4438 itidem
1471 4386 1634 4438 libros
1707 4385 1846 4452 Περὶ
1903 4386 2005 4455 ἀρ-

444 4457 569 4527 χῶν
604 4458 904 4524 composuit
931 4457 1297 4527 Adamantius
1319 4467 1518 4516 noster,
1542 4466 1847 4527 Autrntnque
1872 4471 2008 4522 Opus

447 4515 604 4580 simul
651 4515 822 4594 pot-nit
875 4527 1178 4577 lucubrare.
1211 4524 1412 4578 Deinde
1437 4515 1774 4594 eerrigene'
1808 4515 1921 4593 ipso
1959 4527 2008 4578 id

445 4614 608 4649 unum
639 4593 754 4649 ertti
796 4603 968 4662 potest
1005 4607 1114 4648 tres
1141 4597 1218 4648 vel
1253 4609 1484 4660 quatuor
1510 4599 1773 4647 duntaxat
1804 4599 1854 4646 in
1911 4593 2010 4647 Ge-

452 4669 615 4720 nesim
642 4667 942 4719 confecisse
977 4677 1149 4719 tomos
1190 4679 1471 4732 antequam
1517 4666 1678 4718 libros
1724 4664 1862 4734 Περὶ
1911 4666 2014 4736 ἀρ-

448 4736 572 4802 χῶν
611 4737 905 4788 inchoaret.
949 4736 1078 4787 Nam
1133 4737 1244 4786 loca
1290 4736 1560 4789 Geneseos
1600 4751 1718 4802 qtlm
1783 4741 1913 4788 ritat
1959 4753 2009 4788 111

443 4779 598 4860 libris
633 4806 768 4872 Περὶ
797 4805 996 4880 ἀρχῶν
1023 4818 1270 4880 tanqna_m
1296 4806 1403 4880 jam
1433 4823 1459 4880 a
1495 4821 1550 4857 se
1569 4779 1712 4880 iulius
1745 4807 2008 4873 exposita.

450 4879 561 4930 huic
593 4889 716 4926 sunt
747 4895 759 4928 :
797 4874 860 4927 lit
904 4876 1156 4942 principio
1195 4874 1331 4927 Deus
1355 4876 1471 4942 [erit
1499 4877 1678 4926 ca'lum
1707 4885 1752 4926 et
1786 4887 2009 4938 terram;

447 4956 502 4998 et
527 4947 625 4997 ista
657 4964 668 4995 :
704 4944 937 5008 Spiritus
975 4946 1064 4996 Dei
1091 4946 1354 5012 ferebatur
1375 4961 1533 5012 super
1552 4961 1716 5011 aquas
1735 4943 1939 5014 (Cenes.
1968 4961 2006 5005 I,

451 5021 504 5076 1,
537 5018 612 5084 2),
648 5031 766 5082 qtue
799 5026 943 5068 certe
971 5020 1034 5066 ad
1066 5015 1294 5081 priorem
1334 5024 1532 5066 tornum
1562 5015 1754 5084 referri
1796 5018 2008 5079 debent,

451 5086 714 5152 siquidem
742 5087 1011 5137 tertiusde
1035 5099 1197 5150 opere
1228 5097 1433 5150 quarta:
1470 5083 1571 5135 diei
1600 5087 1808 5151 agebat,
1841 5095 1898 5136 ut
1933 5087 2011 5136 in-

451 5158 588 5208 victe
611 5157 838 5222 probant
863 5155 1100 5219 ejusdem
1138 5159 1262 5206 torni
1289 5153 1588 5222 fragmenta
1608 5171 1635 5204 a
1667 5155 1817 5207 nobis
1845 5154 2008 5207 edita.

450 5229 520 5280 At
566 5239 692 5277 vero
730 5225 794 5277 de
824 5239 985 5291 opere
1016 5233 1179 5277 sextae
1218 5225 1343 5285 diei,
1376 5227 1515 5288 quod
1550 5225 1614 5275 ad
1653 5235 1898 5290 qntntum
1931 5225 2010 5275 vel

452 5305 661 5349 sextum
695 5305 895 5347 tomum
951 5293 1133 5346 referri
1194 5294 1370 5354 debet,
1405 5297 1636 5345 nondum
1675 5309 1794 5344 emn
1837 5298 2012 5362 egisse

450 5375 747 5419 constath
783 5363 899 5417 loco
931 5365 1021 5418 lib.
1061 5379 1080 5415 1
1115 5363 1187 5415 De
1220 5366 1470 5431 princip.,
1503 5363 1692 5431 cap.2,
1725 5379 1880 5429 quem
1925 5367 2010 5416 hic

450 5436 670 5490 adducit
694 5434 938 5499 lluetins,
971 5449 1236 5501 quemque
1265 5433 1518 5485 litesitans
1551 5436 1819 5485 immerito
1845 5435 2012 5500 suspi-

455 5517 613 5558 catur:
649 5519 679 5558 a
718 5506 954 5558 librariis
982 5506 1060 5556 vel
1087 5505 1152 5554 ah
1190 5505 1480 5571 interprete
1512 5503 1776 5566 Vitiatntn,
1810 5506 1896 5556 vel
1920 5515 2013 5556 tle-

453 5578 614 5642 :tique
639 5576 942 5642 signiﬁcare
966 5576 1066 5626 alia
1092 5575 1330 5642 quaedam
1356 5575 1404 5625 in
1423 5571 2010 5642 Genesimiueditatum

453 5639 619 5698 l'ntsse
657 5639 1401 5713 Origenem.Cominentarios
1423 5658 1550 5696 suos
1580 5643 1634 5693 in
1667 5639 1904 5694 Cenesim
1930 5643 2010 5695 ci-

455 5726 532 5770 tat
571 5711 828 5788 Origenes
861 5715 1040 5769 Tract.
1078 5713 1226 5768 55111
1263 5711 1449 5772 Matth.
1505 5729 1624 5784 pag.
1657 5713 1779 5776 921,
1813 5723 1864 5766 et
1917 5714 2006 5770 lib.

2113 4405 2308 4443 annum
2342 4387 2730 4454 sexagesimum
2767 4387 2943 4454 attigit
2971 4403 2984 4439 .
3013 4387 3102 4438 sed
3137 4385 3187 4435 id
3219 4400 3321 4454 non
3355 4396 3507 4437 certo
3541 4401 3671 4437 erut-

2113 4467 2218 4521 tur,
2258 4470 2315 4510 ut
2338 4453 2651 4525 infra’putat
2687 4453 2929 4519 Huetius,
2965 4471 3029 4508 ex
3078 4453 3392 4506 duodecima
3428 4455 3484 4525 in
3525 4454 3670 4508 Jers-

2112 4530 2268 4581 mium
2304 4523 2540 4584 homilia.
2572 4527 2647 4582 lbi
2679 4527 2874 4593 quippe
2908 4525 3275 4578 tantummodo
3311 4525 3388 4576 ait
3416 4523 3673 4593 Origenes

2113 4614 2171 4652 se
2207 4600 2291 4651 ubi
2344 4599 2499 4651 finem
2549 4597 2755 4649 dicendi
2786 4597 3020 4656 fecisset,
3049 4596 3222 4646 adhuc
3268 4594 3568 4646 locuturum
3611 4599 3671 4648 de

2113 4668 2465 4721 Numerorum
2499 4666 2616 4719 loco
2641 4666 2730 4733 qui
2761 4665 3015 4734 legendus
3039 4675 3158 4717 erat
3197 4678 3210 4734 ;
3239 4666 3379 4731 quod
3415 4680 3544 4716 sane
3573 4683 3667 4717 nou

2113 4738 2332 4804 impedit
2363 4738 2648 4858 quominus
2683 4736 2816 4788 alias
2835 4737 2990 4805 longe
3015 4746 3173 4788 antea
3202 4733 3452 4787 homilias
3481 4751 3535 4787 111
3563 4734 3668 4788 Nu-

2113 4824 2280 4858 meros
2311 4808 2375 4858 ha
2402 4823 2508 4858 iere
2544 4808 2794 4858 noluerit.

2113 4824 2280 4860 meros
2311 4808 2508 4862 habere
2544 4808 2794 4872 potuerit.

2183 4877 2293 4946 (15)
2354 4876 2722 4946 Expositione:
2769 4877 2820 4946 in
2856 4874 3154 4946 Leviticum
3196 4873 3403 4946 1111111111,
3453 4883 3557 4946 etc.
3599 4875 3664 4928 Ex

2113 4943 2354 5015 ipsismet
2382 4949 2434 4999 111
2463 4944 2744 5004 Leviticum
2791 4945 3032 5000 Homiliis
3061 4946 3250 5013 prima,
3291 4944 3353 5015 5,
3377 4945 3433 5002 5.
3462 4943 3516 5008 6,
3545 4946 3593 5010 7,
3637 4947 3666 5000 9

2111 5013 2163 5071 et
2197 5018 2282 5076 15,
2312 5018 2476 5086 liquet
2507 5018 2561 5069 1ο
2591 5031 2683 5068 eas
2711 5032 2828 5068 esse
2856 5015 3282 5086 extemporales;
3330 5013 3388 5066 2°
3421 5016 3665 5070 Caesare-v.-

2112 5090 2164 5140 in
2197 5085 2478 5141 Palaestina
2507 5086 2669 5138 fuisse
2698 5086 2949 5149 habitas;
2985 5085 3042 5137 5°
3082 5087 3127 5138 si
3176 5101 3277 5138 non
3325 5102 3532 5148 omnes,
3567 5089 3660 5138 sal-

2111 5168 2216 5212 tem
2267 5174 2463 5212 nonam
2524 5157 2737 5209 homilia
2773 5159 3002 5222 quadam
3046 5173 3100 5208 tn
3146 5154 3448 5217 Jeremiam,
3491 5168 3541 5206 et
3584 5159 3662 5206 de-

2110 5232 2301 5280 cimam
2329 5228 2539 5280 tertiam
2558 5227 2903 5295 Expositione
2935 5227 2987 5278 in
3024 5225 3286 5294 psalmum
3309 5241 3472 5278 cxvm
3503 5240 3663 5294 poste-

2113 5313 2282 5352 nores
2300 5313 2441 5351 esse.

2182 5367 2294 5442 (11)
2329 5365 2482 5442 _Quaz
2539 5365 3277 5442 niltil__alittd__e;rpositionis_
3301 5381 3484 5442 genus,
3523 5383 3662 5442 quam

2109 5436 2480 5500 homileticum,
2509 5449 2614 5491 etc.
2669 5436 2804 5490 Hinc
2841 5437 2968 5488 nihil
3003 5437 3194 5487 miruttt
3235 5436 3278 5488 si
3313 5438 3404 5485 lib.
3444 5451 3490 5487 vt
3520 5436 3663 5489 (lotu-

2113 5516 2275 5559 tnent.
2322 5509 2376 5559 in
2419 5507 2585 5574 Epist.
2640 5511 2706 5559 att
2735 5505 2885 5560 Rom.
2923 5521 3070 5560 nmn.
3100 5506 3154 5570 7,
3188 5521 3240 5572 p.
3280 5505 3404 5568 579,
3434 5506 3507 5557 ait
3538 5508 3661 5574 quod

2112 5579 2308 5646 legitur
2365 5578 2756 5630 Deuteronomii
2818 5591 2937 5632 xxv.
2975 5575 3027 5638 5,
3085 5577 3134 5630 id
3171 5577 3376 5644 plenius
3419 5589 3475 5630 et
3516 5580 3662 5634 [usus

2112 5653 2224 5705 suis
2254 5647 2384 5704 locis
2420 5665 2536 5702 esse
2555 5652 3013 5719 pertractandum.
