3838 6222
163 325 182 377 1
194 322 297 379 ‘269

1175 301 1743 367 ORIGENIANORUM
1787 300 1913 355 LIB.
1950 297 2035 362 111,
2076 295 2225 351 CAP.
2265 293 2350 347 IV.

3258 277 3391 331 1270

161 457 304 494 anno
336 439 533 496 Christi
578 440 706 504 208,
739 451 844 509 quo
872 444 1110 504 tempore
1163 430 1478 486 vicesimum
1511 428 1722 480 tertium
1755 430 1798 485 Α
1826 424 2056 493 primum
2104 431 2340 484 tempore
2381 413 2608 471 describi
2652 426 2837 483 passus
2878 420 2979 466 est.
3024 411 3099 465 De
3135 411 3385 466 lucubra-

160 532 335 585 tetatis
370 546 565 584 annum
596 531 790 599 agebat
818 524 1190 580 Adamantius.
1219 520 1425 589 Pugnat
1456 510 1581 570 illud
1607 530 1726 568 cum

164 617 465 670 rationibus
514 615 729 670 Eusebii
785 614 853 678 ⁷⁸,
896 612 984 680 qui
1048 620 1158 664 tum
1217 624 1337 664 eum
1396 606 1729 674 Scripturam

164 707 436 761 illustrare
469 720 719 761 exorsum
778 704 958 765 tradit,
1014 716 1135 755 cum
1169 697 1453 752 Antiochia
1505 694 1734 746 Alexan-

165 800 340 853 driam
374 813 621 852 reversus
645 806 753 861 est,
782 812 941 851 unum
958 793 1068 863 jam
1098 802 1150 847 et
1184 792 1405 860 triginta
1442 801 1609 841 annos
1630 785 1735 838 cir-

167 893 306 944 citer
338 902 512 945 natus.
546 891 686 945 Idem
732 890 836 943 alio
877 889 993 942 loco
1024 888 1207 939 decem
1240 883 1355 936 illos
1384 878 1734 934 Commenta-

182 985 389 1036 riorum
431 984 483 1035 in
514 981 784 1035 Canticum
816 980 981 1033 libros
1010 977 1267 1031 Cmsareae
1302 972 1593 1026 absolvisse
1620 966 1740 1021 Orio

168 1088 361 1143 genem
391 1074 579 1136 refert,
616 1087 752 1140 quos
779 1073 829 1124 in
855 1070 1025 1123 altero
1054 1064 1367 1120 Atheniensi
1403 1076 1614 1117 secessu
1655 1058 1739 1109 in-

169 1168 487 1220 choaverat.
522 1165 602 1219 Ad
655 1163 949 1219 secundum
984 1168 1164 1212 autem
1190 1157 1299 1226 jam
1333 1164 1389 1209 et
1415 1155 1742 1221 quinquage-

171 1260 375 1313 simum
411 1258 585 1312 aetatis
609 1272 806 1309 annum
846 1259 1181 1322 pervenerat,
1214 1264 1336 1303 cum
1366 1247 1606 1301 Athenas
1644 1246 1741 1298 ite-

174 1364 293 1402 rum
323 1349 554 1417 repetiit.
580 1344 953 1415 Expositiones
980 1338 1451 1410 prmterea'suasin
1480 1334 1741 1395 Exodum,

172 1443 228 1495 in
262 1440 543 1495 Leviticum
577 1449 631 1493 et
683 1439 736 1491 in
766 1436 1032 1489 Numeros
1077 1432 1179 1486 hoc
1216 1444 1380 1498 opere
1419 1428 1596 1479 laudat
1626 1424 1744 1480 Ori-

176 1547 363 1602 genes,
399 1546 532 1599 quas
565 1529 771 1584 nonnisi
792 1526 901 1593 jam
925 1534 1049 1578 natu
1071 1521 1327 1591 grandem
1350 1519 1598 1573 emisisse
1625 1529 1747 1570 cre-

176 1623 342 1677 dibile
363 1632 446 1676 est
477 1640 491 1675 :
518 1620 700 1675 laudat
727 1627 779 1673 et
811 1613 1171 1672 oratiunculas
1204 1613 1259 1666 in
1283 1612 1470 1664 librum
1494 1608 1746 1663 Iudicum

178 1728 211 1766 a
246 1728 305 1768 se
335 1713 526 1775 editas,
579 1725 713 1780 quas
758 1724 862 1762 non
914 1706 1048 1761 alias
1082 1718 1201 1761 esse
1244 1710 1396 1772 puto,
1427 1716 1587 1769 quam
1629 1712 1746 1767 qua!

1832 516 2065 570 tionibus
2101 514 2155 566 in
2190 508 2513 564 Ezechielem
2546 508 2618 560 ita
2674 503 2859 558 scribit
2904 502 3089 557 Sixtus
3137 504 3391 558 Senensis

1833 608 1925 662 lib.
1954 621 2006 660 iv
2036 600 2281 659 Biblioth.
2315 616 2331 653 :
2365 618 2383 651 ‹
2414 598 2547 652 Cum
2580 594 2802 649 Athenis
2835 592 3070 660 degeret,
3101 590 3209 657 jam
3239 607 3390 646 sexa-

1832 698 2051 769 genario
2081 693 2247 763 major
2279 690 2592 753 elaboravit,
2637 686 2862 742 Eusebio
2892 694 3044 748 teste,
3070 686 3124 738 in
3145 682 3387 738 Ezechie-

1835 792 1935 846 lem
1981 800 2153 844 tomos
2193 785 2378 855 viginti
2428 783 2684 852 quinque,
2714 795 2835 834 cum
2866 780 3012 848 prius
3045 778 3097 831 in
3146 778 3391 831 eumdem

1836 884 2152 954 prophetam
2192 879 2440 934 homilias
2482 876 2740 945 plurimas
2760 875 3011 929 dedisset.
3037 891 3055 925 ι
3098 872 3188 927 Bis
3211 881 3398 942 peccat

1839 974 2046 1039 Sixtus,
2095 985 2217 1025 nam
2297 982 2493 1022 annum
2543 965 3043 1034 quinquagesimum
3105 963 3396 1018 secundum

1842 1066 2073 1121 nondum
2130 1067 2452 1124 excesserat,
2507 1072 2627 1111 cum
2675 1057 2903 1111 alterum
2947 1056 3274 1111 Atheniense
3299 1058 3401 1110 iter

1841 1157 2098 1224 suscepit,
2151 1169 2209 1207 ιιι
2264 1148 2782 1214 demonstravimus;
2829 1162 2934 1216 quo
2968 1147 3161 1201 itinere
3196 1158 3403 1216 caeptos

1841 1255 1896 1305 in
1922 1248 2241 1305 Ezechielem
2269 1256 2439 1301 tomos
2464 1243 2689 1298 absolvit
2722 1258 2735 1294 :
2774 1241 3017 1295 homilias
3042 1249 3215 1295 autem
3244 1257 3403 1297 sexa-

1844 1343 2063 1415 genario
2095 1340 2269 1408 major
2300 1338 2506 1395 habuit,
2532 1344 2590 1389 ut
2620 1343 2744 1404 pote
2769 1349 2886 1401 qua:
2920 1347 2985 1386 ex
3003 1332 3210 1386 illarum
3233 1333 3407 1388 classe

1845 1436 1972 1497 sint,
1999 1432 2116 1501 qum
2144 1446 2264 1485 cum
2302 1426 2773 1499 pronuntiarentur
2802 1440 2867 1479 ex
2895 1424 3139 1486 amboue,
3176 1437 3205 1475 a
3252 1433 3409 1477 nota-

1846 1527 1941 1581 riis
1971 1526 2025 1579 in
2049 1525 2250 1578 litteras
2274 1522 2659 1577 referebantur.
2689 1518 2984 1586 Scripsisse
3015 1531 3226 1586 quoque
3258 1516 3407 1568 illum

1848 1615 2090 1671 nonnihil
2122 1615 2174 1668 in
2207 1612 2504 1671 Danielem,
2531 1611 2840 1678 priusquam
2875 1606 3245 1676 exponendum
3280 1605 3412 1657 Mat-

1848 1709 2041 1762 thaaum
2081 1706 2396 1773 susciperet.
2438 1702 2671 1757 ostendit
2724 1700 2849 1754 illud
2890 1714 2920 1752 e
2957 1697 3195 1752 Tractat.
3227 1697 3295 1751 29
3354 1698 3411 1749 in

179 1812 414 1857 exstant.
455 1800 589 1854 Num
616 1815 743 1868 ergo
776 1799 917 1854 levia
951 1796 1196 1866 quaedam
1224 1804 1278 1849 et
1308 1768 1463 1847 rudia
1489 1792 1597 1861 jam
1634 1802 1743 1843 tum

1865 1798 2069 1859 llatth.,
2099 1768 2245 1851 num.
2265 1795 2353 1857 40,
2393 1809 2511 1863 pag.
2534 1792 2669 1847 860:
2696 1811 2713 1843 ι
2745 1790 2872 1857 Qua:
2902 1798 3079 1842 autem
3117 1798 3414 1856 sequuntur

180 1894 494 1948 adolescens
524 1891 785 1946 eﬂ‘uderat
814 1887 1199 1948 Adamantius;
1236 1884 1540 1955 provectior
1574 1890 1746 1935 autem

181 1994 342 2040 aatate
370 1999 504 2037 nova
546 1982 632 2035 illa
668 1980 1058 2035 commentaria
1084 1977 1243 2031 tomis
1281 1976 1464 2030 decem
1493 1974 1749 2027 distincta

182 2074 657 2131 edidit?Planeita
685 2084 800 2127 est:
836 2086 956 2125 nam
987 2070 1161 2138 capite
1184 2067 1413 2136 septimo
1447 2063 1751 2118 Philocaliw

185 2169 541 2238 fragmentum
576 2164 878 2224 adducitur,
912 2163 995 2215 cui
1028 2160 1185 2214 verba
1205 2159 1315 2211 hiet:
1343 2156 1557 2225 przefixa
1601 2164 1748 2207 sunt:

196 2261 291 2312 Ἕκ
306 2257 399 2311 τοῦ
427 2260 513 2321 εις
539 2257 603 2309 τὸ
630 2251 830 2325 ᾋσμα
863 2252 1054 2324 μικροῦ
1085 2251 1272 2322 τόμοι),
1295 2250 1352 2302 ὃν
1379 2251 1435 2303 ὲν
1454 2252 1520 2319 τῇ
1551 2248 1753 2318 νεότητι

185 2351 440 2423 ἔγραψεν.
475 2369 493 2401 ι
526 2350 565 2403 E
604 2365 765 2416 parvo
796 2358 938 2401 tomo
964 2346 1018 2398 in
1047 2344 1340 2408 Canticum,
1361 2357 1517 2411 quem
1546 2340 1755 2411 juvenis

190 2444 428 2510 scripsit.
461 2461 478 2492 ι
516 2440 742 2494 Parvum
775 2439 920 2493 hunc
948 2438 1111 2506 igitur
1156 2443 1377 2496 tomum,
1409 2447 1567 2502 quem
1593 2431 1644 2484 in
1671 2428 1757 2499 ju-

189 2533 348 2587 venili
405 2542 560 2587 aztate
617 2530 893 2589 emiserat,
975 2527 1222 2593 designat
1282 2524 1640 2592 Hieronymus
1704 2520 1753 2572 in

188 2624 456 2679 Prommio
483 2620 1001 2676 Commentariorum
1030 2618 1080 2669 in
1098 2616 1353 2668 Abdiam:
1376 2614 1559 2667 decem
1580 2621 1756 2665 autem

187 2715 457 2769 volumina
497 2725 620 2766 natu
666 2712 922 2782 grandior
952 2709 1211 2762 elimavit.
1240 2707 1294 2759 ld
1319 2707 1365 2760 si
1398 2706 1488 2772 sit,
1514 2705 1626 2774 jam
1677 2704 1759 2756 in-

195 2806 459 2873 telligitur
510 2804 797 2858 Eusebium
824 2801 1006 2870 priora
1036 2800 1124 2852 illa
1158 2799 1461 2854 rudimenta
1494 2796 1637 2849 nullo
1665 2796 1759 2848 ha-

192 2900 376 2953 lmisse
400 2912 644 2960 numero,
678 2907 974 2960 earmnque
1004 2895 1263 2944 duntaxat
1294 2888 1759 2956 scriptionnmdn—

195 2990 340 3043 xisse
402 2988 685 3048 rationem,
749 2998 881 3052 quas
930 2981 1142 3049 ingenio
1200 2988 1254 3034 et
1301 2979 1456 3032 annis
1502 2976 1762 3031 maturior

195 3078 458 3148 Origenes
493 3076 783 3130 accuravit.
839 3072 892 3125 In
941 3071 1159 3124 humilia
1186 3069 1359 3139 ipsius
1387 3067 1667 3121 undecima
1707 3066 1761 3118 in

198 3171 546 3231 Ezechielem,
584 3182 727 3221 num.
762 3166 816 3229 5,
862 3166 975 3219 bzec
1006 3164 1190 3231 legas:
1235 3181 1251 3213 ι
1290 3161 1362 3214 Eo
1400 3169 1636 3226 tempore
1658 3174 1763 3226 quo

196 3260 487 3317 Jeremiam
543 3256 909 3327 exposuimus,
957 3269 1017 3309 ea
1085 3268 1202 3321 quae
1256 3250 1409 3305 nobis
1459 3249 1627 3318 gratia
1675 3248 1765 3300 Dei

197 3352 477 3409 orantibus
532 3349 684 3404 vobis
741 3348 931 3417 largita
992 3354 1098 3407 est,
1157 3344 1269 3396 sive
1316 3350 1463 3395 certe
1501 3350 1770 3405 utcunque

201 3447 492 3506 sensimus,
527 3453 797 3509 exponere
830 3437 1005 3492 conati
1038 3449 1242 3489 sumus.
1282 3450 1301 3483 ι
1335 3433 1473 3485 Ante
1501 3431 1659 3501 igitur
1681 3428 1770 3483 .leo

203 3539 424 3593 remiain
465 3537 844 3602 interpretatus
903 3540 1006 3592 est,
1043 3543 1201 3594 quam
1253 3524 1501 3579 homilias
1552 3522 1671 3575 illas
1717 3522 1771 3575 in

202 3628 528 3684 Ezechielem
575 3623 869 3678 habuisset.
919 3619 1028 3689 (l5)
1065 3617 1298 3671 Necdum
1321 3616 1481 3669 etiam
1513 3612 1772 3666 Numero-

207 3738 324 3776 rum
361 3719 772 3789 explicationem
797 3714 974 3768 fuerat
1000 3724 1301 3780 aggressus,
1334 3722 1452 3760 cum
1486 3703 1772 3759 Jeremiam

203 3813 441 3870 ltomiliis
489 3811 800 3870 illustraret,
865 3817 923 3858 ut
949 3818 1014 3857 ex
1063 3801 1375 3854 duodecima
1435 3795 1773 3851 manifestum

203 3913 308 3959 est.
340 3901 395 3955 In
439 3900 610 3971 prima
646 3912 775 3952 vero
804 3910 909 3950 non
944 3893 1108 3947 multo
1133 3899 1257 3943 ante
1290 3903 1347 3943 se
1377 3900 1662 3940 enarrasse
1689 3900 1770 3939 os-

207 3995 377 4050 tendit
400 3990 717 4047 sententiain
757 3988 895 4041 hanc
914 3982 1263 4052 Sospitatoris
1297 3995 1311 4032 :
1342 3999 1359 4032 ι
1406 3977 1519 4032 Non
1543 3988 1622 4032 est
1648 3976 1780 4031 Pro-

207 4089 367 4158 pheta
393 4085 507 4139 sine
546 4084 770 4143 honore,
821 4076 927 4132 nisi
986 4076 1037 4129 in
1082 4073 1254 4143 patria
1284 4088 1412 4138 sua;
1450 4091 1466 4122 ι
1502 4086 1621 4140 quae
1655 4085 1775 4124 cum

215 4180 480 4233 habeatur
525 4173 714 4227 Matth.
766 4184 886 4231 xm,
932 4167 1023 4232 57,
1072 4166 1385 4234 prolixaque
1432 4162 1575 4216 illius
1601 4169 1781 4215 exstet

211 4258 581 4336 interpretatio
603 4266 654 4318 in
687 4273 830 4317 tomo
860 4277 928 4336 x,_
957 4273 1103 4313 num.
1132 4255 1199 4308 16
1218 4262 1273 4307 et
1304 4253 1369 4309 18
1412 4252 1777 4308 Commentar.

218 4361 275 4412 in
299 4331 489 4412 Matth.
534 4356 599 4409 ad
635 4369 695 4407 ea
719 4331 1093 4422 procul'dublo
1131 4346 1390 4414 Origenes
1415 4343 1645 4406 respexit
1676 4360 1688 4396 :
1716 4356 1783 4396 ex

1849 1892 1901 1944 in
1944 1898 2090 1943 textu
2129 1884 2386 1951 Danielis,
2436 1885 2576 1939 sicut
2626 1882 2916 1951 potuimus,
2970 1882 3339 1951 exposuimus.
3390 1897 3409 1929 ι

1848 1980 1972 2049 Agit
2010 1991 2201 2046 nempe
2227 1978 2292 2029 de
2317 1950 2547 2027 Danielis
2569 1950 2742 2039 capite
2763 1986 2840 2034 ix,
2874 1950 3017 2025 vers.
3049 1970 3139 2023 27.
3175 1969 3415 2022 Diximus

1851 2066 2214 2124 Eusebium"
2252 2065 2562 2126 tradidisse,
2611 2061 2722 2130 jam
2774 2060 3123 2128 sexagenario
3161 2057 3415 2124 majorem

1851 2160 2132 2228 Origenem
2179 2156 2322 2210 circa
2365 2155 2503 2207 idem
2554 2161 2763 2219 tempus
2798 2151 3011 2205 Celsum
3056 2148 3340 2213 refellisse,
3364 2158 3420 2202 et

1852 2249 2127 2306 duodecim
2160 2247 2446 2315 pr0phetas
2466 2242 2798 2311 exposuisse.
2826 2241 2984 2296 Certe
3012 2241 3271 2310 Origenes
3319 2239 3416 2293 lib.

1854 2359 1924 2396 vn
1980 2351 2160 2395 contra
2196 2338 2337 2393 Cels.
2369 2338 2588 2391 affectos
2632 2337 2746 2406 jam
2796 2335 2962 2390 fuisse
2990 2333 3423 2389 Commentarios

1857 2448 1987 2489 suos
2010 2434 2060 2486 in
2091 2430 2372 2485 duodecim
2399 2428 2612 2482 videtur
2638 2428 2966 2496 significare,
3007 2435 3061 2480 et
3090 2426 3155 2477 ad
3184 2439 3276 2479 eos
3300 2439 3426 2493 per-

1858 2525 2111 2581 ﬁcieudos
2164 2521 2399 2575 divinam
2438 2535 2593 2588 opem
2625 2519 2950 2589 implorare:
2980 2518 3055 2569 ait
3087 2518 3228 2570 enim
3271 2532 3423 2569 num.

1857 2615 1917 2669 11
1957 2612 2142 2683 εΠλὴν
2200 2611 2293 2665 καὶ
2338 2610 2519 2679 ἡμεῖς,
2566 2606 2706 2660 κατὰ
2752 2607 2813 2658 τὸ
2848 2605 3070 2659 δυνατὸν
3113 2607 3269 2673 ἡμῖν,
3328 2620 3424 2656 πε-

1857 2698 2183 2767 ποιήκαμεν,
2236 2693 2325 2757 τὰ,
2386 2692 2459 2755 ὥς
2496 2707 2626 2761 φησι
2663 2690 2889 2753 Κέλσος,
2941 2690 3268 2760 πάροιστρα,
3330 2689 3425 2741 καὶ

1859 2787 2034 2858 πάντη
2090 2783 2259 2855 ἄδηλα
2312 2783 2447 2853 πρὸς
2505 2779 2651 2846 λέξιν
2731 2779 3145 2851 διηγησάμενοι,
3217 2782 3274 2832 ἐν
3314 2782 3426 2844 τοῖς

1859 2877 2355 2951 πραγματευθεῖσιν
2385 2876 2514 2946 ἡμῖν
2544 2876 2622 2936 εἰς
2657 2874 2748 2926 τὸν
2813 2873 3056 2936 Ἡσαΐαν,
3093 2874 3187 2925 καὶ
3226 2874 3304 2935 εἰς
3338 2871 3429 2926 τὸν

1872 2970 2147 3042 Ἰεζεκιὴλ,
2172 2969 2266 3022 καὶ
2290 2969 2367 3031 εἷς
2394 2984 2545 3030 τινας
2581 2967 2690 3020 τῶν
2747 2965 2970 3018 δώδεκα·
3020 2965 3153 3017 Θεοῦ
3184 2966 3241 3018 δὲ
3264 2965 3431 3019 διδόν-

1861 3080 1952 3125 τος
1997 3061 2094 3132 τὴν
2127 3063 2182 3113 ὲν
2198 3058 2275 3129 τῷ
2303 3050 2445 3129 λόγῳ
2487 3058 2647 3111 αὑτοῦ
2696 3058 2999 3128 προκοπὴν,
3030 3056 3149 3110 καθ’
3177 3058 3269 3120 οὒς
3308 3057 3431 3127 βού-

1790 3117 1834 3175 C
1865 3117 2012 3207 lerat
2038 3117 2261 3222 ipovoug.
2290 3117 2712 3221 προστεθήσεται
2727 3117 2837 3211 ’ἑοῖς
2987 3117 3434 3220 ὗπαγορενοέῖσιν

1866 3251 1945 3311 εἰς
1962 3246 2152 3309 ταῦτα,
2179 3245 2298 3315 1ἤτοι
2322 3244 2389 3297 τὰ
2428 3244 2699 3309 λείποντα,
2728 3242 2762 3312 ἢ
2793 3243 2893 3295 ὅσα
2938 3244 2988 3310 γ’
3030 3242 3094 3296 ἂν
3140 3243 3433 3314 φθάσωμεν

1870 3339 2181 3408 σαφηνίσαι.

1939 3428 2015 3483 De
2045 3425 2461 3483 Commentariis
2493 3424 2737 3496 Origenis
2775 3423 2828 3478 in
2861 3423 3207 3494 Evangelium
3238 3437 3434 3478 secun-

1872 3522 1997 3576 dum
2047 3520 2250 3574 Lucam
2291 3518 2413 3571 silet
2456 3516 2737 3572 Eusebius.
2781 3516 2899 3584 Ipse
2951 3525 3127 3569 tamen
3178 3514 3438 3585 Origenes

1873 3620 2001 3665 tom.
2043 3626 2155 3673 xvr,
2184 3609 2241 3663 in
2276 3607 2493 3667 Matth..
2522 3622 2670 3661 num.
2719 3606 2773 3669 9,
2802 3621 2922 3675 pag.
2953 3606 3077 3669 728,
3105 3620 3289 3659 eorum
3323 3619 3436 3658 me-

1874 3702 2049 3765 minit,
2088 3715 2209 3769 quae
2252 3709 2404 3753 antea
2452 3697 2625 3752 fuerat
2658 3697 2710 3750 in
2769 3697 2964 3750 Lucam
3014 3704 3436 3759 commentatus;

1875 3804 2055 3850 utrum
2089 3790 2623 3852 commentariorum,
2657 3804 2724 3841 an
2771 3787 3139 3851 homiliarmn,
3167 3787 3437 3840 incertum

1876 3898 1981 3944 est.
2020 3889 2090 3942 At
2117 3896 2261 3942 tomo
2300 3898 2424 3948 xm,
2446 3898 2593 3937 num.
2625 3880 2715 3944 29,
2739 3895 2858 3950 pag.
2886 3880 3009 3942 6l0,
3030 3879 3274 3933 homilias
3297 3879 3443 3947 ipsas

1878 3978 2198 4035 nominatim
2263 3974 2521 4030 laudavit.
2572 3973 2916 4041 Antiquiores
2972 3972 3170 4027 eaedem
3229 3971 3445 4024 fuerunt

1879 4067 2269 4139 posterioribus
2310 4065 2471 4119 tomis
2500 4065 2555 4117 in
2602 4062 2885 4127 Joannem,
2914 4070 2969 4114 ut
3007 4069 3133 4129 pote
3155 4074 3273 4129 qua:
3298 4067 3444 4113 temo

1878 4176 2053 4225 xxxu,
2078 4173 2225 4214 num.
2255 4158 2305 4222 1,
2335 4171 2454 4226 pag.
2474 4153 2598 4219 404,
2629 4153 2976 4223 appellentur.
3011 4150 3195 4205 Fuisse
3232 4164 3357 4205 vero
3378 4150 3447 4203 ab

1881 4252 2113 4321 Origene
2160 4248 2519 4317 conscriptas,
2583 4256 2868 4323 antequam
2917 4244 3127 4297 virilem
3185 4241 3447 4311 attigisset

1885 4352 2125 4409 aetatem,
2177 4340 2416 4395 indicare
2448 4339 2660 4392 videtur
2694 4336 3076 4404 Hieronymus,
3118 4349 3238 4389 cum
3271 4334 3347 4385 ait
3390 4332 3445 4385 in

215 4465 324 4520 quo
346 4448 573 4504 efficitur
608 4448 693 4501 his
726 4438 1140 4500 Commentariis
1183 4438 1502 4507 posteriores
1538 4450 1657 4490 esse
1687 4435 1783 4489 ho-
1813 4464 1857 4517 ι)
1886 4436 2111 4505 Prologo
2143 4430 2606 4501 interpretationis
2634 4444 2782 4483 suae:
2824 4446 2842 4478 ι
2892 4427 3087 4481 Fateor
3112 4426 3311 4493 itaque,
3350 4438 3449 4476 an-

214 4541 389 4595 niilias
439 4540 495 4592 in
538 4535 860 4598 Jeremiam;
910 4546 1008 4585 nec
1038 4528 1201 4583 multo
1232 4538 1407 4581 tamen
1436 4524 1777 4596 posteriores,

215 4648 336 4685 cum
375 4642 496 4702 post
531 4642 726 4684 annum
759 4626 935 4681 aetatis
964 4625 1353 4691 sexagesimum
1386 4616 1779 4672 Commentaria

216 4726 306 4780 illa
334 4721 772 4784 concinnaverit;
801 4718 1033 4773 homilize
1059 4727 1236 4769 autem
1261 4714 1361 4766 ill-.e
1385 4727 1450 4765 ex
1480 4726 1663 4764 earum
1689 4724 1780 4776 ge-

218 4832 349 4874 nere
381 4819 509 4880 sint,
532 4830 669 4884 quas
704 4828 767 4868 ex
794 4822 1029 4882 tempore
1056 4808 1326 4867 recitatas,
1360 4823 1386 4859 a
1412 4804 1633 4859 notariis
1686 4803 1787 4855 hoc

1885 4538 2101 4598 tequam
2155 4526 2243 4581 ille
2293 4524 2536 4593 obiiciat,
2583 4523 2635 4576 in
2666 4520 3072 4595 hisOrigcnem
3108 4515 3448 4577 tractatibus,

1887 4620 2042 4689 quasi
2083 4620 2276 4679 iterum
2307 4616 2429 4671 talis
2468 4613 2651 4668 ludere
2687 4629 2701 4665 :
2730 4611 2837 4664 alia
2879 4618 3004 4664 sunt
3034 4607 3208 4660 virilia
3234 4604 3369 4673 ejus,
3396 4614 3453 4659 et

1889 4711 2185 4767 senectutis
2236 4708 2398 4763 seria.
2444 4725 2463 4757 ι
2522 4702 2853 4759 Posteriores
2906 4702 3051 4765 ipsos
3100 4698 3155 4751 in
3192 4696 3452 4750 Joannem

1893 4813 2067 4858 tomos
2093 4800 2330 4858 secundo
2348 4799 2541 4854 itinere
2555 4794 2867 4849 Atheniensi
2884 4791 3158 4847 absolutos
3178 4788 3448 4845 existimo.

290 4987 335 5017 ³⁸
366 4981 560 5038 Euseb.
586 4978 676 5033 lib.
712 4994 763 5032 vr
792 4977 953 5040 Hist.,
1003 4990 1121 5045 cap.
1147 4971 1237 5029 ‘25.
1311 4970 1355 5002 ²⁹
1385 4969 1578 5024 Euseb.
1598 4966 1689 5020 lib.
1720 4980 1771 5018 γι
1804 4962 1941 5015 Hist.
1971 4975 2087 5029 cap.
2122 4957 2210 5012 52.
2287 4954 2401 4994 ³⁰-³¹
2433 4951 2623 5007 Euseb.
2665 4951 2754 5003 lih.
2780 4966 2830 5003 vr
2862 4948 3022 5015 Hist.,
3049 4963 3165 5016 cap.
3199 4946 3288 5003 36.

291 5144 402 5218 (15)
470 5141 707 5195 Necdum
758 5140 936 5218 etiam_
978 5135 1331 5218 Numerorum
1368 5131 1783 5218 .emplicationem

225 5202 396 5273 θ’υέταὶ
428 5227 725 5282 aggressus,
759 5221 862 5282 etc.
891 5207 1169 5282 Manifeste
1213 5207 1309 5282 hic
1338 5206 1436 5259 sibi
1479 5202 1784 5282 contrarius

223 5270 308 5341 est
330 5270 722 5337 illusfrissititus
766 5279 1010 5331 Huetins.
1044 5277 1175 5330 Nam
1206 5274 1485 5343 Origenes,
1522 5281 1578 5324 ut
1629 5270 1786 5338 paulo

226 5371 382 5423 supra
416 5353 581 5423 refert
610 5352 722 5417 ipse
754 5348 997 5423 Huetins.
1028 5349 1081 5399 in
1119 5342 1791 5423 PrologoCominentario~

230 5411 347 5479 rnin
382 5426 435 5476 in
481 5411 753 5475 Canticum
791 5419 1131 5479 canticorum,
1157 5411 1300 5482 quos
1342 5415 1392 5466 in
1425 5414 1593 5465 altero
1617 5411 1782 5482 Athe-

230 5496 401 5549 niensi
423 5507 660 5551 secessu,
692 5502 881 5555 nempe
904 5502 1042 5539 anno
1065 5481 1235 5539 artatis
1263 5499 1373 5555 sua:
1404 5481 1783 5555 quinquagesi-

229 5582 315 5619 mo
341 5565 573 5618 secundo
608 5549 970 5616 inchoaverat,
999 5570 1123 5609 suas
1160 5556 1216 5606 in
1254 5553 1509 5606 Numeros
1541 5549 1783 5619 explica-

234 5638 408 5688 tiones
430 5638 710 5693 memorat,
736 5641 834 5681 nec
861 5626 1038 5679 dicere
1058 5625 1180 5678 licet
1206 5624 1485 5691 Prologum
1508 5620 1652 5693 hunc
1669 5618 1784 5671 lon-

231 5720 293 5772 ge
323 5711 437 5770 post
468 5691 920 5772 absolutumopus
950 5695 1113 5772 fuisse
1140 5694 1524 5772 conscriptum.
1557 5691 1783 5758 Quipote

234 5760 392 5840 igitur
434 5772 521 5826 hic
568 5760 836 5825 concludit
879 5765 1099 5821 lluetius
1151 5760 1374 5820 necdum
1429 5760 1781 5817 Numerorum

1886 5126 2297 5196 explicationem
2321 5132 2629 5196 aggressum
2653 5116 2817 5169 fuisse
2844 5113 3285 5196 Origenem,_ctim
3302 5112 3450 5195 .lere-

1890 5183 2052 5249 mi'am
2078 5194 2310 5249 hotniliis
2338 5183 2645 5245 illustraret.
2677 5202 2813 5253 quas
2839 5184 3129 5255 (homilias)
3160 5183 3351 5237 Huetio
3373 5184 3453 5251 ju-

1890 5268 2028 5329 dice,
2063 5276 2183 5335 post
2213 5277 2423 5335 annum‘
2446 5258 2923 5335 sexagesilttumex
2956 5264 3193 5335 telttpqre
3220 5270 3453 5335 pronun-

1889 5324 2074 5390 tiavit.-
2096 5336 2300 5388 ltevera
2335 5332 2425 5396 qui
2452 5331 2550 5383 lem
2585 5324 2817 5396 homilia
2842 5327 2897 5396 in
2939 5324 3449 5396 Jeremiamgduode-

1890 5409 2027 5461 cima
2051 5405 2313 5473 promittit
2342 5393 2704 5473 Origenesse,
2736 5395 2821 5473 ubi
2849 5394 3014 5473 linem
3044 5393 3447 5473 dicendhfegis-

1892 5460 1995 5538 Set,
2024 5460 2088 5530 de
2130 5460 2548 5529 sacerdotalibus
2599 5464 3081 5538 benedictionibus,
3116 5477 3233 5538 qu_:_e_
3261 5464 3311 5538 in
3343 5460 3449 5513 Nu.

1893 5531 2057 5601 mei-is
2085 5545 2449 5606 continentur,
2468 5539 2644 5592 adhuc
2674 5536 3013 5606 locuturum;
3054 5534 3146 5606 sed
3180 5531 3308 5606 illiut
3344 5548 3448 5606 non

1892 5616 2113 5683 impedit
2162 5602 2449 5683 quominus
2493 5605 2840 5683 alias-longe
2877 5613 3043 5683 antea.
3083 5602 3329 5654 homilias
3398 5603 3453 5653 in

1897 5672 2152 5739 Numeros
2180 5672 2395 5739 'babere
2454 5676 2707 5749 potuerit.
2748 5674 2874 5729 Vide
2908 5672 3160 5729 Monitum
3214 5683 3454 5728 noStrutu

1894 5758 1946 5813 in
1975 5755 2252 5813 Numeros.
