3838 6222
406 279 535 335 1271

1698 284 1760 341 P.
1805 287 2118 343 DANIELIS
2156 289 2389 347 llUETII

3530 300 3661 352 i272

406 403 541 458 Nam
591 412 709 473 post
760 402 1038 458 Maximini
1073 407 1503 475 persecutionem
1551 409 1790 478 expliciti
1827 421 1971 476 sunt,
2003 419 2047 475 Α
2078 429 2276 469 annum
2304 416 2674 485 pronuntiavit
2702 415 2997 487 Origenes;
3036 416 3262 470 actuarii
3316 432 3385 470 ex
3424 417 3659 470 animos

402 497 597 563 quippe
631 492 787 569 cujus
823 506 967 552 tomo
999 512 1136 560 χχιι,
1166 499 1499 565 meminerit,
1530 505 1977 568 quemadmodum

404 585 563 640 refert
598 586 864 643 Eusebius
912 587 1005 642 lib.
1038 603 1091 643 Vt
1128 588 1297 651 Ilist.,
1335 606 1456 660 cap.
1481 591 1573 655 28,
1616 594 1851 647 nondum
1882 610 1977 646 au-

405 686 509 730 tem
552 677 863 733 Matthzeum
927 680 1223 749 explanare
1277 681 1457 737 fuerat
1510 700 1757 749 exorsus,
1822 686 1978 739 sicuti

403 781 627 838 apparet
655 787 720 825 ex
754 771 870 840 ejus
901 781 1045 826 tomo
1067 789 1181 837 xvr,
1218 774 1273 827 in
1302 775 1520 839 Matth.,
1545 794 1691 829 num.
1729 779 1817 839 l9,
1858 793 1976 847 pag.

401 862 530 927 748,
586 872 640 916 et
674 864 884 917 decimo
942 864 997 918 in
1043 864 1302 920 Joannem
1344 876 1507 931 tomo,
1554 885 1701 923 num.
1732 871 1818 931 l8,
1856 886 1976 939 pag.

398 954 522 1009 192.
555 953 632 1009 Ne
661 954 1183 1011 Commentariorum
1227 960 1442 1027 quidem
1476 962 1528 1014 in
1576 959 1861 1027 Epistulam
1911 964 1979 1016 ad

404 1046 675 1102 Romanos
702 1047 948 1101 meminit
979 1049 1239 1104 Eusebius
1266 1068 1277 1103 :
1308 1065 1373 1104 ex
1408 1050 1659 1119 Origenis
1690 1064 1866 1107 tamen
1895 1065 1979 1108 to-

390 1154 490 1194 Illo
523 1155 633 1194 xvtt
668 1141 723 1194 in
755 1140 978 1207 Matth,
1009 1157 1158 1195 num.
1200 1140 1289 1202 59.,
1340 1158 1459 1211 pag.
1495 1142 1616 1205 8‘21,
1652 1153 1704 1196 et
1740 1144 1831 1197 lib.
1865 1160 1894 1195 v
1926 1154 1980 1199 et

398 1244 518 1295 vnt,
572 1243 753 1285 contra
805 1230 966 1297 Cels.,
1006 1246 1152 1285 num.
1182 1230 1273 1293 47,
1316 1248 1435 1303 pag.
1467 1232 1572 1285 614
1624 1243 1677 1287 et
1713 1251 1859 1287 num.
1886 1233 1975 1299 65,

400 1337 523 1393 pag.
562 1322 684 1388 790,
710 1324 1055 1396 intelligimus
1089 1326 1201 1393 jam
1237 1334 1345 1377 tum
1380 1341 1443 1379 ea
1477 1329 1841 1396 composuisse
1859 1328 1981 1383 Oti--

401 1431 617 1480 geriem,
657 1433 776 1470 cum
802 1419 867 1471 ad
909 1418 1306 1488 explanandum
1336 1418 1670 1483 Mattlueum,
1701 1430 1754 1474 et
1784 1420 1975 1475 confu-

403 1507 620 1561 tandum
673 1508 884 1561 Celsum
922 1525 981 1563 se
1028 1510 1273 1566 contulit.
1314 1509 1535 1564 Discere
1570 1525 1699 1565 vero
1745 1513 1870 1565 licet
1900 1527 1966 1565 ex

402 1598 620 1652 ltomilia
657 1598 722 1651 17
773 1602 828 1653 in
877 1598 1098 1665 Lucam,
1134 1600 1243 1670 jam
1277 1612 1401 1654 ante
1438 1605 1609 1670 ipsum
1649 1617 1769 1657 esse
1806 1604 1975 1658 inter-

401 1700 667 1759 pretatum
718 1692 1010 1760 Epistulam
1055 1696 1290 1763 priorem
1347 1695 1413 1747 ad
1444 1694 1778 1762 Corinthios,
1812 1712 1974 1765 quam

400 1783 457 1837 in
499 1784 643 1838 hunc
660 1785 1044 1854 evangelistam
1064 1787 1129 1839 ad
1164 1788 1415 1855 populum
1449 1787 1742 1841 dissereret
1774 1805 1785 1839 :
1820 1764 1974 1842 tlile-
2009 1764 2051 1817 Β

401 1873 554 1934 mini,
599 1872 793 1941 inquit,
846 1890 967 1929 cum
999 1874 1387 1945 interpretarer
1435 1876 1561 1929 illud
1591 1879 1732 1947 quod
1770 1879 1836 1931 ad
1870 1877 1976 1932 Co-

403 1966 632 2020 rintliios
660 1967 917 2021 scribitur
951 1985 964 2021 :
1028 1965 1279 2021 Ecclesia:
1312 1967 1406 2021 Det'
1459 1986 1575 2037 qua:
1603 1980 1677 2023 est
1710 1969 1973 2038 Corinthi,

401 2074 519 2111 cum
541 2059 778 2113 omnibus
802 2061 894 2129 qui
916 2060 1152 2113 invocant
1184 2076 1300 2113 eum
1349 2061 1414 2127 ",
1471 2061 1670 2115 dixisse
1696 2077 1779 2116 me
1802 2064 1979 2116 diver-

402 2151 613 2205 sitatem
644 2150 916 2213 Ecclesiae,
946 2161 1000 2205 et
1018 2168 1204 2206 eorum
1237 2152 1327 2219 qui
1356 2153 1613 2207 invocant
1648 2170 1846 2207 nomen
1874 2155 1977 2207 Do-

403 2242 552 2297 mini.
588 2261 605 2294 ι
640 2241 1071 2298 Commentarios
1103 2244 1157 2296 in
1183 2245 1408 2311 priorem
1452 2245 1520 2297 ad
1550 2244 1979 2299 Thessalonicen-

400 2351 482 2389 εει
514 2332 805 2402 Epistulam
837 2336 888 2389 in
909 2350 1073 2404 opere
1094 2346 1274 2388 contra
1304 2336 1534 2404 Celsum,
1560 2338 1696 2393 libro
1718 2340 1975 2402 secutulo,

406 2441 554 2481 num.
590 2427 680 2493 65,
710 2443 830 2497 pag.
878 2428 1002 2492 457,
1038 2427 1279 2482 laudatos
1317 2431 1575 2495 reperias.
1613 2430 1850 2497 Denique
1884 2445 1981 2484 ex-

404 2516 720 2583 positionem
749 2517 983 2586 aliquam
1000 2517 1050 2570 iit
1072 2518 1446 2588 Apocalypsim
1468 2519 1840 2584 meditabatur,
1859 2537 1978 2573 cum

402 2606 710 2662 Maltbzeum
740 2610 1066 2679 eXplicaret:
1096 2611 1160 2662 de
1188 2611 1421 2664 dracone
1445 2612 1642 2681 quippe
1667 2612 1757 2664 illo
1776 2621 1978 2679 septem

404 2700 672 2766 capitibus
710 2711 763 2755 et
795 2701 974 2755 decem
1008 2702 1262 2756 cornibus
1312 2702 1580 2756 instructo
1609 2720 1774 2771 agens
1803 2704 1867 2765 ⁸³,
1902 2705 1975 2757 ita

404 2793 592 2847 scribit
631 2802 843 2850 tractat.
872 2794 962 2857 50,
996 2810 1145 2848 num.
1177 2794 1267 2860 49,
1291 2810 1411 2865 pag.
1443 2796 1544 2850 867
1571 2814 1587 2851 :
1627 2814 1645 2847 ι
1672 2797 1982 2865 Exponelur

405 2895 585 2939 autem
602 2896 842 2955 tempore
862 2904 959 2943 suo
985 2889 1033 2940 in
1064 2886 1392 2941 Recelationc
1415 2888 1676 2953 Joannis;
1705 2910 1722 2941 ι
1746 2901 1799 2944 et
1820 2906 1939 2943 mox
1965 2908 1976 2942 :

411 2996 430 3028 ε
467 2977 572 3032 Has
602 2990 780 3032 autem
813 2980 1136 3048 principales
1185 2982 1549 3048 expositiones
1583 2993 1745 3049 atque
1788 2981 1982 3048 proba-

2084 510 2339 564 recitatas
2380 519 2757 579 exceperunt:
2790 512 2932 579 quod
2976 512 3234 564 hactenus
3288 510 3403 562 ﬁeri
3468 507 3655 573 prolii~

2083 601 2295 654 buerat.
2337 601 2486 656 Alias
2512 602 2679 656 variis
2712 603 3053 672 temporibus
3089 601 3388 657 accuravit.
3423 598 3587 663 Quod
3613 597 3655 651 si

2083 693 2197 746 haec
2232 694 2595 762 perspexisset
2626 694 2907 757 Erasmus,
2938 693 3161 747 minime
3189 692 3433 756 profecto
3468 691 3522 743 id
3561 691 3654 759 ipsi

2081 786 2147 838 de
2190 786 2425 841 homiliis
2472 785 2721 857 Origenis
2764 786 3061 861 generatim
3110 785 3286 854 agenti
3318 783 3650 837 excidisset:

2085 877 2229 931 «Eas
2286 878 2578 932 conciones
2630 894 2737 931 non
2790 878 2904 945 ipse
2938 876 3178 943 scripsit,
3231 877 3325 929 sed
3356 890 3384 927 a
3422 872 3652 927 notariis

2081 969 2256 1037 excipi
2298 984 2492 1037 passus
2535 979 2640 1035 est,
2686 971 2828 1038 quod
2870 979 3049 1023 tamen
3092 977 3291 1034 negant
3332 967 3488 1019 illum
3538 980 3653 1018 esse

2080 1076 2299 1129 passum
2335 1072 2465 1115 ante
2512 1077 2733 1125 annum,
2776 1070 2831 1115 ut
2886 1070 3014 1114 ante
3058 1060 3257 1113 dictttm
3287 1067 3393 1119 est,
3419 1071 3652 1125 sexage-

2081 1153 2301 1207 simum.
2331 1174 2350 1206 ι
2396 1154 2561 1219 Quasi
2596 1154 2767 1207 nullas
2794 1153 3027 1221 cogitate
3056 1150 3446 1219 conscripserit
3476 1150 3652 1202 homi-

2080 1242 2178 1295 lias
2230 1242 2512 1312 Origenes,
2556 1244 2651 1296 sed
2699 1256 2888 1296 onmes
2922 1255 2987 1295 ex
3043 1250 3279 1308 tempore
3326 1236 3653 1307 profuderit.

2082 1332 2326 1388 llomilize
2372 1333 2427 1386 in
2469 1330 2689 1396 Lucam,
2741 1340 2878 1385 teste
2934 1328 3261 1397 Hieronymo
3303 1329 3355 1382 in
3421 1325 3658 1395 Prologo

2086 1440 2197 1479 sua:
2233 1424 2715 1493 interpretationis,
2751 1421 2888 1476 fetus
2908 1429 2990 1474 est
3016 1420 3267 1488 juvenilis
3286 1418 3490 1482 astatis,
3518 1428 3575 1472 et
3607 1418 3656 1469 in

2078 1516 2191 1570 otio
2230 1514 2448 1585 quidem
2485 1530 2547 1568 ac
2599 1523 2811 1568 secreto
2844 1522 3158 1582 conceptus,
3192 1521 3250 1565 ut
3282 1511 3338 1564 in
3379 1510 3656 1579 publicum

2080 1606 2276 1660 deinde
2311 1606 2588 1659 ederetur.
2627 1603 3007 1657 Continuatam
3042 1617 3173 1670 ergo
3211 1603 3319 1657 illic
3350 1601 3518 1656 Luca:
3560 1616 3657 1655 ex-

2080 1697 2400 1767 positionem
2442 1695 2871 1759 animadvertas,
2919 1705 3279 1765 praaterquam
3316 1693 3370 1747 in
3426 1708 3528 1747 sex
3562 1706 3657 1760 po-

2082 1787 2300 1843 stremis
2335 1785 2596 1851 homiliis,
2639 1801 2758 1854 quae
2785 1800 2851 1839 ex
2880 1785 3127 1854 ampliori
3162 1798 3386 1838 numero
3406 1784 3660 1837 videntur

2082 1890 2372 1949 excerptas.
2407 1878 2689 1937 Prioribus
2722 1879 2826 1932 illis
2850 1878 3070 1947 triginta
3103 1877 3275 1932 tribus
3302 1877 3514 1933 similes
3536 1886 3660 1931 sunt

2081 1969 2315 2023 bomilia:
2349 1970 2401 2024 in
2439 1970 2678 2038 psalmos
2708 1984 2897 2032 xxxvr,
2921 1984 3110 2022 xxmt
3136 1978 3190 2021 et
3212 1982 3445 2027 xxxvnt,
3464 1976 3521 2020 et
3545 1966 3659 2019 dum

2080 2065 2134 2117 in
2163 2063 2458 2123 Canticum,
2503 2073 2558 2115 et
2604 2075 2798 2115 novem
2856 2062 2910 2114 iu
2953 2059 3191 2114 Iudices.
3247 2059 3661 2128 Extemporales

2081 2166 2258 2208 autem
2297 2154 2551 2217 hotniliaa,
2598 2153 2859 2221 quoniam
2905 2151 3061 2220 juxta
3118 2150 3355 2219 episcopi
3410 2148 3661 2219 praescri-

2080 2260 2253 2317 ptum,
2301 2256 2356 2300 et
2404 2247 2743 2315 designatum
2790 2246 2858 2300 ab
2906 2259 2972 2297 eo
3004 2253 3377 2313 argumentum
3412 2258 3481 2297 ac
3512 2241 3660 2296 Scri-

2081 2351 2254 2411 ptura:
2278 2338 2455 2394 locum
2489 2338 3010 2407 pronuntiabantur,
3036 2336 3241 2390 idcirco
3269 2344 3483 2389 certum
3518 2336 3661 2389 hunc

2080 2432 2322 2485 ordinem
2369 2431 2681 2499 neutiquam
2743 2438 2955 2493 tenent;
2999 2428 3092 2482 sed
3134 2430 3187 2481 in
3224 2430 3474 2481 eamdem
3519 2441 3665 2493 saepe

2081 2527 2393 2594 perieopam
2429 2524 2715 2594 geminatae
2751 2520 3117 2589 reperiuntur,
3157 2517 3543 2587 praetermissis
3576 2527 3661 2568 lo-

2084 2620 2152 2672 tis
2187 2617 2479 2685 capitibus,
2511 2614 2755 2685 diligenti
2784 2613 3114 2681 caateroquin
3162 2613 3546 2665 observatio-te
3607 2620 3665 2664 el

2082 2709 2443 2779 explicatione
2495 2706 2693 2776 dignis.
2752 2704 2920 2772 llujus
2967 2705 3185 2774 generis
3231 2703 3491 2756 videntur
3536 2716 3663 2755 esse

2083 2800 2404 2870 superstites
2431 2799 2485 2853 in
2524 2809 2757 2866 quatuor
2800 2798 3010 2867 priores
3079 2795 3433 2851 Pentateucbi
3493 2794 3669 2849 libros

2085 2892 2353 2952 bomiliae,
2383 2900 2438 2945 et
2475 2906 2595 2960 qua:
2627 2891 2677 2943 in
2708 2890 2907 2944 librum
2951 2887 3117 2944 Josue
3142 2898 3383 2950 exstant,
3416 2902 3576 2954 quas,
3604 2897 3667 2938 nt

2084 2984 2158 3035 ait
2195 2980 2422 3035 Rufinus
2455 2981 2723 3049 interpres
2774 2980 2825 3033 in
2865 2979 3131 3050 Prologo:
3165 2997 3183 3029 ι
3210 2980 3287 3033 Ex
3329 2989 3573 3046 tempore
3604 2979 3667 3031 in

409 3072 580 3125 tiones
608 3081 819 3141 oportet
856 3072 995 3135 ﬁeri,
1028 3087 1148 3125 cum
1206 3073 1321 3140 ipse
1372 3072 1506 3126 liber
1554 3074 1980 3145 (Apocalypseos)
2011 3100 2051 3155 ο
2088 3073 2319 3127 ECcIesia
2348 3072 2625 3141 peroravit
2652 3072 3005 3125 Adamantius
3054 3086 3241 3125 senex.
3273 3089 3291 3121 ι
3325 3068 3498 3138 Hujus
3522 3084 3667 3138 quo-

406 3165 717 3235 propositus
767 3164 926 3218 fuerit
968 3163 1120 3217 nobis
1159 3165 1225 3219 ad
1250 3165 1641 3233 exponendum.
1673 3185 1691 3217 ι

480 3253 570 3309 ιν.
618 3256 884 3310 Caeterum
948 3272 1138 3325 magna
1180 3257 1231 3310 in
1290 3256 1684 3325 distinguendis
1732 3255 1982 3327 Origenis

408 3345 649 3403 homiliis
695 3349 996 3405 adhibenda
1042 3350 1357 3418 dijudicatio
1377 3360 1493 3415 est;
1536 3349 1671 3403 alias
1692 3351 1834 3402 enim
1869 3366 1979 3403 me-

416 3440 582 3495 ditate
614 3443 951 3511 conscriptas
976 3442 1164 3509 edidit,
1187 3443 1322 3495 alias
1352 3458 1413 3495 ex
1448 3451 1690 3508 tempore
1714 3442 1978 3496 recitavit.

411 3530 592 3600 Longe
624 3531 814 3597 levior,
866 3548 951 3587 me
999 3532 1201 3600 judice,
1243 3534 1431 3586 barum
1467 3534 1794 3599 auctoritas;
1854 3549 1982 3601 gra-

410 3623 528 3677 vior
574 3623 781 3677 illarum
834 3624 1185 3679 existimatio.
1226 3624 1496 3694 Quidquid
1528 3624 1980 3693 extemporalium

413 3712 757 3768 bomiliarum
782 3727 1046 3784 superest,
1078 3725 1192 3785 post
1229 3715 1627 3785 sexagesimum
1667 3715 1843 3768 astatis
1869 3731 1982 3791 suae

436 3888 695 3905 -I_—
710 3896 715 3903 ι

2085 3180 2189 3233 que
2215 3164 2431 3233 generis
2460 3178 2582 3216 esse
2616 3162 2835 3215 videtur
2858 3163 3018 3216 unica
3060 3162 3148 3216 illa
3181 3162 3232 3215 in
3258 3158 3276 3212 l
3303 3161 3441 3230 Reg.
3472 3175 3595 3228 cap.
3640 3161 3663 3212 ι

2087 3268 2141 3309 et
2163 3256 2222 3318 2,
2251 3265 2309 3307 et
2336 3255 2439 3308 alia
2472 3255 2536 3308 de
2563 3254 3025 3325 Eugastrimytbo.
3058 3269 3220 3323 quam
3252 3253 3462 3324 primus
3495 3252 3674 3307 edidit

2088 3343 2195 3398 Leo
2228 3343 2475 3409 Allatius,
2513 3354 2567 3396 et
2598 3360 2716 3411 qua:
2752 3352 3044 3414 supersunt
3078 3346 3133 3397 in
3160 3342 3386 3406 Isaiam,
3419 3345 3475 3396 in
3523 3341 3677 3396 Jcrc-

2087 3438 2272 3502 miam,
2303 3446 2357 3489 et
2395 3437 2453 3488 in
2491 3434 2838 3493 Ezechielem.
2883 3435 2977 3489 lla:
3011 3444 3190 3490 autem
3222 3434 3456 3489 subinde
3488 3450 3519 3488 a
3549 3445 3673 3487 stu-

2089 3528 2259 3581 diosis
2293 3528 2448 3596 juxta
2498 3527 2801 3595 Scriptura:
2839 3527 3085 3581 ordinem
3128 3526 3367 3580 collecta:
3408 3536 3466 3580 et
3487 3527 3673 3594 dispo-

2089 3621 2207 3672 sita:
2244 3629 2390 3673 sunt.
2420 3617 2597 3687 Atque
2646 3621 2761 3673 haec
2796 3634 2894 3672 nos
2945 3633 3136 3687 magna
3186 3618 3673 3673 verisimilitudine

2089 3711 2232 3765 ducti
2262 3709 2646 3779 conjectamus,
2675 3726 2780 3765 nou
2810 3709 3099 3779 praefracte
3132 3710 3453 3765 asserimus.

1711 4045 2365 4135 APPENDIX.

1236 4243 1411 4307 Libri
1457 4242 1724 4320 Origeni
1770 4240 1957 4314 falso,
2006 4240 2107 4302 vel
2151 4242 2522 4305 dubitanter
2565 4237 2845 4317 ascripti.

414 4541 457 4597 I.
494 4541 883 4621 ‘flndcfaclum
907 4545 989 4621 sit
1023 4554 1077 4598 ut
1114 4544 1358 4621 Origenis
1402 4561 1594 4621 nomen
1624 4538 2074 4621 lplera’quensib't:
2120 4534 2614 4621 scriptionesofalso
2655 4533 2956 4621 ascireriut,
2989 4530 3372 4621 ιιρενζὶέίιτλξιλ

487 4614 632 4687 libris
662 4600 859 4687 iii_.lol),
882 4600 1268 4687 deqttet'elttslo
1308 4618 1545 4687 ipsorum,
1576 4600 1876 4687 interprete.
2144 4600 3190 4687 posteriorein.“Job‘gomutcutaricaly.
3229 4600 3666 4687 Delion-menig-

489 4687 568 4737 rio
618 4685 670 4737 in
726 4671 989 4740 Marcum.
1022 4685 1083 4741 V.
1123 4671 1374 4739 Homiliis
1407 4686 1463 4739 in
1496 4671 1760 4747 diversos;
1796 4680 1882 4736 Vl.
1920 4671 2157 4733 [familia
2186 4695 2303 4747 qua:
2329 4678 2381 4729 iu
2417 4679 2593 4729 codice
2634 4674 2887 4728 Vaticano
2928 4675 3254 4733 inscribitur,
3297 4672 3393 4737 Τίς
3421 4676 3455 4725 d
3487 4671 3664 4731 σωζόο

497 4772 680 4800 μενοι»
716 4756 1019 4800 πληύηηπ»
1041 4773 1056 4800 _-
1094 4756 1201 4800 \‘Il-
1236 4756 1462 4800 Schnlii:
1502 4756 1553 4800 in
1585 4756 1896 4800 Orationem
1930 4750 2287 4800 Dominicatu.
2315 4760 2363 4800 et
2390 4746 2623 4800 Canticis
2666 4745 2733 4798 Β.
2769 4743 3021 4800 Virqinis.
3049 4741 3325 4795 Zacharia-
3382 4752 3435 4795 et
3477 4741 3665 4795 Simeo-

489 4772 680 4824 μενος
716 4756 1056 4821 πλούσιος;
1094 4756 1201 4809 Vll.
1236 4756 1462 4810 Scltolit's
1502 4756 1553 4808 in
1585 4756 1896 4809 Orationem
1930 4751 2287 4811 Dominicam,
2315 4760 2363 4801 et
2390 4751 2623 4800 Canticis
2666 4751 2733 4798 Β.
2773 4751 3021 4810 Virginis,
3049 4751 3325 4821 Zacharia-
3382 4752 3435 4795 et
3477 4751 3663 4819 Simeo-

491 4827 593 4879 nis.
645 4824 781 4878 VIII.
809 4825 886 4879 De
919 4825 1170 4879 Lamenta
1205 4825 1464 4895 Origenis.
1500 4823 1590 4877 ΙΧ.
1626 4825 1850 4893 Dialogo
1881 4824 1945 4895 de
1984 4821 2282 4895 orthodgaia
2321 4819 2442 4895 ﬁde.
2469 4816 2538 4869 Χ.
2578 4815 2943 4895 Alio-quodam
2975 4825 3173 4895 uetusto
3198 4813 3431 4895 dialogo.
3470 4811 3563 4864 XI.
3592 4811 3663 4863 Lt-

490 4897 641 4949 bellis
680 4897 752 4949 De
783 4898 1100 4952 lueresibus.
1134 4895 1243 4952 XII.
1283 4884 1357 4952 De
1391 4896 1762 4966 singularitate
1788 4884 2141 4957 clericorum,
2172 4884 2420 4944 XllLDe
2455 4887 2772 4954 astrolabio,
2806 4894 2857 4939 et
2888 4884 2974 4954 ,De
2999 4884 3293 4948 breviario,
3332 4894 3380 4937 et
3432 4896 3663 4937 moue

487 4969 553 5021 de
585 4966 865 5021 calecltesi.

1999 5060 2072 5072 -ι

490 5217 539 5274 l.
580 5217 1087 5273 Demonstravimus
1139 5216 1262 5270 libri
1309 5214 1534 5271 secundi
1587 5224 1780 5283 quarto
1818 5211 1994 5280 capite
2026 5215 2072 5273 ι)
2100 5207 2323 5262 incertis
2353 5215 2403 5258 et
2437 5204 2635 5272 ignotis
2682 5202 2995 5259 auctoribus
3036 5202 3291 5271 profecta:
3337 5197 3660 5253 lucubratio-

422 5330 676 5385 magnum
723 5311 1013 5381 aliquando
1065 5312 1117 5364 in
1162 5309 1404 5364 Ecclesia
1464 5319 1520 5363 et
1546 5308 1772 5375 ;illustre
1799 5305 1986 5371 {fuisse

426 5407 676 5471 Origenis
715 5420 943 5470 nomen;
992 5418 1163 5473 eoque
1206 5392 1372 5457 etiam
1437 5416 1505 5455 ex
1554 5398 1985 5453 adversariorum

422 5493 858 5547 contentionibus
886 5506 941 5546 et
974 5492 1257 5552 conviciis,
1285 5488 1431 5558 quod
1476 5488 1586 5542 fere
1620 5487 1751 5540 alias
1791 5501 1986 5539 usuve‘

426 5586 545 5641 nire
567 5585 726 5650 solet,
756 5584 1017 5639 illustrius
1043 5582 1305 5638 evasisse.
1338 5578 1699 5649 llinclfactum
1726 5585 1806 5631 est
1836 5586 1893 5631 ut
1920 5575 1988 5631 ab

500 5740 543 5775 "
576 5740 595 5796 l
626 5740 751 5797 Cor.
779 5756 816 5810 t,
857 5738 911 5797 ᾗ.
987 5738 1216 5809 3’Apoc.
1256 5752 1349 5804 xu,
1376 5735 1427 5791 3.

2094 5317 2195 5356 nes
2260 5299 2552 5360 nonnullm,
2617 5298 2692 5352 sic
2756 5310 3010 5365 tanquam
3065 5294 3353 5362 projettitii
3414 5294 3656 5347 infantes.

2096 5394 2305 5448 clarum
2354 5391 2608 5457 Origenis
2685 5406 2878 5443 nomen
2926 5388 3027 5440 sibi
3073 5386 3304 5439 libenter
3353 5384 3653 5438 aseiverint.

2099 5496 2489 5549 nonnunquam
2524 5479 2688 5533 etiam
2740 5477 2996 5547 operibus
3034 5477 3147 5529 suis
3197 5482 3502 5527 metuentes
3543 5472 3660 5526 serio

2099 5586 2289 5647 ptores
2332 5570 2566 5639 subdoli,
2601 5570 2919 5627 ementitum
2963 5565 3109 5623 hunc
3140 5575 3499 5637 praetexentes
3544 5565 3658 5619 tim-
