3838 6222
147 284 337 343 1273
1360 281 1663 340 ORIGENU

1980 274 2337 334 APPENDIX.
3355 274 3496 330 ηπ

145 404 325 470 lum,
382 406 707 459 Adamantii
757 405 954 460 fatuam
998 405 1165 461 veluti
1216 404 1361 459 lnrto
1408 402 1812 472 subripuerint;
1845 404 1893 461 Α
1929 398 2120 455 beatus
2149 396 2436 453 duodecim
2466 396 2656 451 diebus
2690 409 2853 464 supra
2897 403 3068 450 testas
3107 392 3368 464 pollineas
3399 410 3494 447 ex-

148 497 541 566 bibliupola:
585 501 746 553 etiam
800 501 1070 554 mercibus
1103 499 1214 553 suis
1240 498 1579 551 venditandis
1602 502 1811 564 empto-
1919 502 2128 559 tensus,
2164 493 2323 547 tertia
2347 492 2557 547 decima
2596 492 2683 547 die
2714 500 2800 545 est
2831 498 3265 552 consummatus,
3298 487 3497 555 aliique

155 604 307 641 rem
354 590 644 653 hiantem,
694 589 874 643 fucata
923 590 1021 643 hac
1060 588 1418 655 inscriptione
1468 585 1805 640 induxerint.
1912 585 2183 640 innumeri
2240 587 2417 640 sancti
2480 595 2751 657 martyres
2810 584 3005 638 eodem
3057 583 3216 638 modo
3265 591 3493 638 mortem

154 677 298 731 Has
338 680 590 747 quidem
633 679 704 733 ob
756 694 948 734 causas
996 678 1290 746 aliquando
1331 675 1627 745 contigisse
1660 687 1808 739 reor,
1915 688 2262 735 transeuntes
2298 680 2655 733 consummati
2699 688 2844 733 sunt.
2872 697 2891 730 ι
2941 679 3015 732 Ex
3074 677 3271 747 quibus
3315 679 3498 747 conje-

156 777 231 819 ιιι
307 766 382 819 in
460 767 709 837 Οτῖεειιὶε
759 768 1016 822 mmmam
1067 767 1233 837 Spurii
1286 765 1605 821 ῐηιιιείθΐίηι
1651 762 1817 829 “illi?
1912 783 2059 826 ctura
2092 774 2259 827 ducor
2287 773 2353 826 ad
2386 773 2767 841 suspicandum
2789 773 2968 841 operis
3006 772 3173 839 hujus
3211 781 3493 827 auctorem

155 867 230 911 at
294 856 682 929 frequentius
718 861 881 914 etiam
936 860 1077 914 idem
1122 858 1374 913 evenisse
1430 866 1560 925 puto
1609 868 1671 907 ve

1976 880 1979 916 :
2018 878 2083 917 eo
2111 879 2230 917 esse
2256 879 2453 933 genere
2485 865 2834 927 Arianorum,
2873 863 2965 932 qui
2998 862 3221 917 Luciani
3251 863 3492 932 discipu-

160 949 585 1006 librariorum
636 953 945 1016 oscitantis,
976 951 1190 1005 nomina
1220 948 1527 1003 nominibus
1559 961 1809 1001 commu-
1911 952 1991 1007 los
2019 968 2137 1007 sese
2155 954 2563 1021 promebantur,
2586 965 2640 1008 et
2657 954 2978 1010 Lucianisia;
3004 956 3107 1009 dici
3126 954 3399 1009 amabant.
3421 955 3497 1009 De

161 1044 505 1107 tanlium;
537 1044 622 1097 vel
660 1058 724 1097 ex
771 1043 1085 1098 criticorun-
1143 1041 1390 1102 audacia.
1440 1039 1654 1106 quidvis
1704 1038 1808 1092 sibi
1912 1044 2084 1099 Itisita
2112 1044 2436 1113 Epiphanius
2456 1047 2585 1099 liter.
2610 1048 3089 1117 uxvi,cap.5:0t
3108 1047 3327 1119 μὲνγὰρ
3347 1046 3495 1101 ἄλλοι

158 1134 376 1192 licere
421 1138 485 1191 in
517 1137 719 1191 litteris
748 1137 1074 1205 pntantium.
1111 1133 1227 1189 lluc
1254 1133 1482 1188 accessit
1506 1131 1650 1201 quod

1980 1154 2018 1189 ιν
2055 1136 2345 1209 Ἀρειανῶν
2373 1138 2480 1190 τῶν
2506 1138 2613 1192 ἀπὸ
2634 1139 2939 1193 Λουκιανοῦ
2959 1157 3043 1204 τε,
3076 1142 3170 1193 καὶ
3188 1140 3496 1212 Ὡριγένους

159 1228 379 1282 rimas
470 1226 727 1299 Origenis
785 1228 1115 1298 scriptiones
1173 1226 1415 1279 studiose
1468 1222 1675 1277 abolent

1980 1229 2180 1283 δόντων
2214 1230 2313 1299 τὴν
2342 1229 2638 1301 πρόφασιν,
2675 1232 2961 1300 γεγονότες
2990 1230 3377 1305 ἆμαᾊστερίῳ
3390 1234 3495 1285 τινὶ

161 1320 387 1390 ipsius
432 1320 777 1375 adversariis
826 1330 882 1373 et
928 1317 1337 1381 defensoribus;
1384 1316 1469 1370 bis
1501 1314 1677 1385 quidet

1979 1322 2022 1374 τὸ
2054 1322 2326 1390 σοφιστῶν
2360 1323 2495 1387 ὄντι,
2526 1324 2817 1378 ἐκπεσόντι
2851 1342 2911 1378 τε
2955 1326 3015 1378 ὲν
3061 1324 3141 1397 τῷ
3167 1324 3393 1396 διωγμῷ
3417 1324 3495 1396 τῷ

160 1416 312 1482 ejus
356 1430 620 1480 errores,
651 1414 760 1469 illis
810 1424 869 1469 ut
901 1412 1159 1483 przeclara
1194 1409 1312 1477 ejus
1340 1423 1505 1478 opera
1551 1407 1675 1462 iuvit

1978 1416 2005 1465 :‘t
2035 1413 2379 1485 Μαξιμιανοῦ
2425 1415 2699 1484 γεγονότι.
2763 1435 2781 1467 ι
2810 1417 2911 1470 Alii
2945 1416 3089 1470 enim
3138 1431 3207 1470 ex
3254 1417 3494 1479 Ariauis,

162 1508 508 1573 celarent;
542 1507 740 1562 multas
778 1506 898 1560 vice
928 1519 1088 1560 versa
1143 1501 1549 1559 lucubrationes
1597 1500 1811 1567 utrique
1913 1506 1979 1559 iis
2011 1506 2099 1575 qni
2145 1523 2173 1560 a
2214 1507 2450 1562 Lnriano
2478 1517 2532 1563 et
2561 1508 2794 1578 Origene
2821 1510 3129 1564 doctrinam
3164 1524 3318 1564 suam
3340 1524 3497 1565 acce-

167 1601 449 1671 paribns
485 1602 552 1655 de
580 1600 761 1654 causis
801 1598 1005 1652 nomini
1060 1597 1227 1667 ipsius
1278 1595 1655 1649 subdiderunt.
1699 1590 1810 1646 Nus
1912 1607 2129 1667 perant,
2165 1600 2437 1667 conjuncti
2487 1602 2699 1655 Asterio
2748 1602 2959 1656 cuidam
2998 1602 3065 1656 de
3099 1618 3261 1673 grege
3304 1602 3494 1672 sophi—

164 1708 331 1749 ναι-ο
362 1702 673 1762 postquam
704 1690 1159 1760 Origenianorum
1215 1688 1540 1754 scriptorum
1581 1700 1808 1739 exatnen
1846 1749 1885 1762 _
1924 1694 2157 1751 starum,
2192 1688 2281 1756 qui
2312 1689 2365 1742 in
2399 1690 2770 1757 persecutione
2810 1689 3123 1744 Maximiani
3149 1706 3177 1743 a
3214 1690 3316 1746 lide
3343 1690 3494 1746 defe-

174 1749 384 1841 semei
440 1749 903 1852 sus-cepimusrad
943 1790 1187 1835 nostram
1238 1780 1514 1850 pertinere
1555 1775 1809 1830 duximus
1846 1749 1887 1804 Β
1914 1786 2084 1832 cerat.
2112 1749 2509 1849 rQuapropter
2537 1780 2747 1845 Ariani,
2779 1780 2972 1834 deinde
3005 1780 3327 1835 anianistie
3362 1797 3498 1834 nun-

169 1893 430 1942 cnram,
472 1892 601 1933 suos
630 1876 677 1931 ei
712 1875 850 1930 fetus
877 1874 1142 1944 legitimos
1176 1874 1481 1936 restituere,
1506 1870 1650 1939 quod
1676 1868 1809 1923 hac-
1912 1869 2093 1937 cupati
2140 1879 2287 1934 sunt,
2325 1877 2382 1922 nt
2428 1880 2654 1939 apparet
2703 1886 2769 1925 ex
2834 1870 3001 1924 Mario
3036 1871 3316 1927 Victorino
3348 1873 3444 1927 lib.
3476 1890 3493 1929 ι

182 1980 378 2025 tenus
452 1968 737 2031 fecimus;
759 1966 1129 2035 supposititios
1180 1979 1311 2019 vero
1355 1980 1422 2018 ex
1448 1963 1565 2034 ejus
1611 1962 1809 2017 familia
1912 1960 2160 2013 adversus
2188 1961 2441 2014 Arianos.
2473 1961 2573 2027 Qui
2609 1974 2788 2016 autem
2814 1961 3122 2017 Coluthiani
3148 1963 3487 2033 appellaban-

172 2076 545 2133 segregare,
573 2059 717 2129 quod
740 2058 1051 2127 Appendice
1083 2058 1182 2113 ista
1224 2057 1418 2111 facturi
1456 2071 1664 2110 sumus.
1916 2060 2024 2114 tur,
2059 2067 2163 2105 non
2200 2067 2229 2104 a
2264 2050 2504 2106 Luciauo
2546 2052 2636 2107 illo
2684 2062 2972 2108 traxerunt
3021 2070 3237 2122 nomen,
3288 2067 3346 2108 ut
3374 2058 3495 2125 opi-

260 2155 338 2207 ll.
396 2150 469 2204 ln
526 2150 718 2204 Latina
784 2146 1037 2218 Origenis
1089 2149 1327 2203 editione
1381 2148 1577 2213 duplex
1638 2160 1809 2216 genus
1924 2142 2035 2194 uati
2067 2151 2188 2195 sunt
2218 2142 2462 2211 quidam,
2495 2141 2591 2198 sed
2634 2157 2663 2195 a
2707 2142 2939 2199 Colutho
2981 2146 3338 2199 haeresiarcha
3380 2144 3493 2199 Arii

171 2244 765 2301 Commentariorum
803 2242 858 2293 in
916 2241 1105 2292 librum
1154 2237 1256 2293 Job
1309 2241 1595 2308 reperitur.
1654 2237 1811 2291 Prius
1910 2231 2083 2293 socio,
2106 2230 2258 2298 cujus
2303 2232 2922 2303 meminitlEpiphanius
2962 2235 3091 2289 hwr.
3118 2250 3267 2298 uix,
3292 2250 3413 2303 cap.
3439 2234 3493 2289 ‘2.

179 2341 243 2394 in
301 2349 438 2393 tres
500 2337 795 2391 discretum
841 2342 922 2386 est
962 2332 1150 2397 libros,
1197 2340 1251 2387 et
1308 2332 1414 2386 duo
1463 2332 1641 2400 priora
1689 2328 1809 2384 Jobi
1916 2325 2334 2393 Distinguantur
2375 2340 2540 2396 porro
2576 2325 2630 2381 hi
2661 2326 2990 2383 Lucianistae
3040 2329 3105 2382 ab
3148 2329 3268 2382 aliis
3310 2326 3499 2382 Lucia-

178 2432 393 2501 capita
472 2445 598 2485 cum
648 2429 793 2482 tertii
851 2424 1099 2494 portione
1148 2424 1545 2494 complectitur,
1595 2425 1663 2478 ab
1730 2425 1811 2476 in-
1914 2417 2094 2482 nistis,
2130 2416 2353 2472 Luciani
2407 2418 2690 2487 cujusdam
2723 2419 3051 2488 antiquioris
3111 2429 3167 2474 et
3209 2419 3498 2475 Marcionis

179 2533 360 2580 certo
400 2522 715 2589 interprete
744 2518 1044 2573 Latinitate
1074 2516 1341 2572 redditum
1373 2534 1387 2570 :
1416 2517 1684 2586 posterius
1728 2525 1809 2568 to-
1916 2508 2193 2577 discipulis
2227 2547 2242 2571 ,
2275 2508 2425 2575 cujus
2468 2509 2719 2565 haeresim
2751 2510 3089 2580 Epiphanius
3135 2512 3493 2581 persequitur.

185 2627 321 2671 tum
384 2612 751 2683 persequitur
774 2610 892 2666 Jobi
924 2611 1142 2675 librum,
1174 2619 1226 2663 et
1250 2608 1501 2663 brevibus
1534 2622 1810 2662 commeu-
1914 2598 2249 2668 Scriptorem
2306 2602 2465 2653 trium
2521 2599 2784 2654 librorum
2854 2602 2911 2653 in
2971 2598 3190 2663 Jobum,
3237 2599 3494 2654 Latinum

186 2706 435 2761 tariolis
486 2705 720 2775 (scholia
767 2720 933 2775 prope
967 2703 1195 2774 dixeris)
1229 2703 1476 2772 exponit,
1504 2712 1558 2756 ei
1587 2698 1808 2755 Juachi-
1909 2691 2187 2744 existimat
2208 2689 2485 2755 Erasmus,
2517 2704 2750 2759 cumque
2773 2705 2896 2745 esse
2924 2690 3283 2746 Maximinum
3313 2692 3497 2746 hario-

186 2818 358 2858 ηιυη,
463 2798 783 2853 perimam“
850 2799 1201 2867 interpretem
1284 2794 1467 2850 habet,
1552 2791 1808 2864 Spurium
1911 2781 2070 2846 latur,
2115 2781 2268 2850 cujus
2312 2791 2529 2835 exstant
2559 2782 2955 2852 disputationes
3010 2798 3132 2836 cum
3163 2783 3493 2853 Augustino.

188 2906 526 2963 utrumque
573 2908 732 2962 opus,
773 2900 828 2946 et
867 2891 1264 2946 emendicatum
1315 2886 1565 2957 Origenis
1616 2902 1808 2939 nomen
1917 2871 2145 2927 ‘Fllisse
2180 2871 2456 2938 ιθίίηιηηο
2498 2871 2695 2942 ίηίὶυίῐν
2743 2874 3005 2942 ίηρτίιηίε
3043 2875 3157 2943 ipse
3182 2875 3367 2944 ονετίε
3392 2892 3487 2946 8'"

190 2988 347 3041 falso
397 2985 651 3053 jactans.
696 2982 902 3036 Prioris
931 2992 1082 3036 certe
1114 2980 1285 3051 Stylus
1326 2977 1642 3047 Origeniani
1691 2994 1706 3030 ι

1977 2982 2029 3019 is
2064 2966 2264 3019 indicat
2288 2984 2300 3019 :
2324 2966 2412 3019 vix
2442 2965 2588 3019 enim
2620 2966 2910 3035 quisquam
2952 2966 3023 3020 ita
3048 2968 3340 3021 commode
3374 2982 3493 3020 Ver-

192 3079 416 3133 similis
466 3087 591 3141 esi;
644 3078 836 3130 Clebul‘
874 3075 1071 3143 quippe
1107 3075 1242 3126 ariis
1288 3072 1540 3127 omnm-ia:
1588 3070 1804 3139 tigni-is;
1842 3131 1879 3143 Α
1914 3060 1974 3114 tit
1999 3058 2207 3123 Graeca,
2241 3067 2298 3111 ut
2329 3059 2503 3112 oratio
2531 3057 2719 3112 Latina
2749 3074 2853 3112 non
2921 3059 3095 3128 sapiat
3122 3057 3318 3113 alicubi
3342 3074 3494 3113 suam

193 3170 417 3239 quales
451 3172 509 3221 in
545 3166 705 3220 tomis
738 3165 912 3219 nullas
952 3164 1188 3217 admittit
1221 3162 1504 3234 Origenes,
1536 3177 1642 3215 nun
1674 3160 1810 3213 mul-
1837 3131 1880 3188 (ἶ
1912 3154 2200 3221 ori-ginem.
2253 3150 2648 3219 Interpretatur
2700 3152 2969 3205 interdum
3022 3149 3242 3204 Grzecas
3308 3164 3493 3216 voces,

196 3272 288 3315 tas
352 3262 413 3311 in
463 3256 725 3311 liomiliis.
771 3257 1047 3323 Discrepat
1077 3270 1291 3323 quoque
1332 3254 1655 3309 sententiis:
1687 3268 1809 3306 nam
1913 3246 2008 3300 sed
2036 3246 2109 3299 ita
2147 3253 2205 3298 ut
2237 3243 2491 3298 Latinum
2523 3256 2831 3313 agnoscas:
2862 3242 3023 3295 veluti
3056 3257 3178 3295 cum
3207 3240 3367 3294 docet
3397 3255 3496 3293 nos

195 3353 306 3406 lib.
333 3366 374 3405 ιι
412 3348 703 3404 Christum
736 3347 813 3400 ait
842 3346 1167 3416 praedicasse
1193 3345 1366 3398 tribus
1394 3343 1552 3397 annis
1577 3352 1632 3397 et
1655 3342 1813 3395 dimi-
1915 3335 2048 3404 quid
2081 3342 2136 3387 cl
2166 3334 2342 3402 qualis
2366 3334 2437 3386 sit
2459 3333 2800 3388 adamantus.
2836 3349 2856 3382 ι
2886 3331 2976 3385 Sic
3000 3345 3058 3384 se
3099 3331 3260 3384 habet
3292 3330 3382 3384 ille
3414 3330 3495 3383 lo-

198 3440 337 3505 dio;
401 3451 538 3490 cum
592 3434 850 3504 Origenes
900 3435 993 3487 lib.
1053 3450 1104 3488 tv
1142 3433 1280 3501 Περὶ
1323 3431 1544 3501 ἀρχῶν,
1603 3447 1714 3499 cap.

1985 3425 2112 3480 s“:
2156 3442 2176 3476 ι
2204 3425 2442 3479 Adamas
2477 3440 2607 3479 vero
2641 3424 3023 3493 interpretatur
3062 3438 3126 3477 ex
3170 3421 3356 3477 Graca
3389 3422 3496 3476 litt-

198 3540 368 3579 nunt.
409 3522 473 3588 5,
516 3532 570 3577 et
601 3523 785 3577 homil.
824 3523 913 3589 '52,
954 3522 1009 3575 in
1034 3520 1192 3588 Lua,
1230 3538 1373 3575 anno
1405 3524 1665 3575 duntaxat
1706 3537 1813 3575 uno
1912 3534 2036 3589 gna,
2075 3516 2434 3581 indomabilis,
2471 3515 2794 3581 inflexibilis,
2855 3516 3295 3577 incomminutus,
3327 3532 3347 3566 ι
3376 3523 3485 3568 etc.

201 3631 339 3668 cum
372 3614 596 3680 aliquot
644 3613 923 3667 mensibus
956 3612 1005 3665 id
1037 3612 1279 3666 muneris
1304 3611 1578 3666 Christum
1611 3611 1814 3666 obiisse
1913 3610 2126 3665 Addere
2170 3618 2380 3678 poterat
2417 3616 2472 3662 et
2517 3607 2743 3661 altcrmu
2783 3622 2942 3675 supra
2989 3622 3019 3659 a
3063 3607 3218 3659 nobis
3247 3607 3498 3675 deprom-

204 3708 394 3761 dieat.
431 3706 565 3758 Post
591 3706 805 3759 Arianae
856 3705 1128 3759 haareseos
1162 3713 1408 3757 exortqu
1441 3703 1729 3773 prodiisse,
1761 3714 1815 3757 et
1919 3712 2091 3771 ptum,
2124 3716 2231 3770 quo
2279 3700 2416 3753 ludit
2448 3700 2501 3753 in
2546 3712 2682 3753 voce
2715 3696 3010 3763 Luciaims,
3045 3712 3277 3766 eumque
3309 3713 3339 3751 a
3368 3698 3484 3754 luce

207 3799 283 3854 ab
306 3798 535 3852 Aria-no
583 3798 799 3865 quidem
850 3795 1017 3851 fuisse
1070 3796 1328 3863 scriptum
1364 3794 1650 3848 manifeste
1699 3795 1815 3849 lirec
1915 3795 2117 3848 dictum
2144 3794 2353 3849 scribit.
2382 3793 2606 3848 Erasmo
2638 3793 2846 3846 assensi
2874 3801 2999 3845 sunt
3030 3790 3299 3844 Robertus
3322 3790 3497 3845 Cocus

206 3886 561 3944 evincunt“
590 3904 604 3941 :
635 3905 653 3937 ι
682 3886 807 3956 Tria
849 3900 1053 3939 cornua
1094 3886 1220 3937 fecit
1271 3882 1519 3938 diabolus
1545 3882 1600 3936 iu
1628 3890 1812 3952 typum
1920 3887 1971 3940 in
2005 3886 2267 3950 Censura,
2305 3896 2360 3941 et
2388 3886 2699 3939 Edmnndns
2743 3884 3057 3938 Albertinus
3111 3883 3163 3937 in
3212 3896 3376 3952 Opere
3416 3882 3497 3937 De

211 3990 391 4050 atque
458 3982 688 4048 lignram
754 3979 1037 4048 trionyma:
1092 3977 1238 4031 illius
1304 3986 1493 4038 sectae,
1548 3976 1817 4044 triumque
1916 3988 2243 4033 sacramento
2300 3977 2655 4031 Eucherium
2679 3977 2744 4030 ³⁷.
2785 3976 2890 4030 Sed
2937 3977 3061 4044 quis
3118 3975 3294 4029 nescit
3328 3975 3498 4028 inter.

213 4073 461 4126 deornm
513 4067 755 4133 literesis,
813 4084 932 4137 qua:
983 4069 1296 4122 universum
1326 4069 1513 4120 urbem
1570 4076 1729 4121 terra:

1981 4083 2131 4125 etmn
2171 4071 2478 4132 audaciam,
2514 4080 2798 4122 auctorum
2834 4066 3180 4120 sernmnihus
3224 4081 3320 4120 sua
3347 4082 3497 4120 com-

214 4165 453 4218 modum
520 4163 863 4215 tenebrarum
921 4161 1168 4229 replevit,
1202 4175 1322 4229 quae
1375 4159 1614 4226 Patrem,
1646 4170 1699 4212 et
1729 4158 1816 4212 Fi~
1920 4174 2104 4217 menta
2140 4164 2485 4232 interponere
2524 4159 2863 4215 amantium?
2912 4158 3159 4214 Graecum
3191 4175 3313 4215 esse
3362 4160 3497 4213 scri-

215 4255 385 4317 lium,
425 4263 486 4306 et
516 4253 775 4321 Spiritum
807 4262 1056 4305 sanctum
1089 4251 1382 4319 aliquando
1418 4260 1676 4319 tanquam
1708 4260 1817 4303 tres
1920 4267 2135 4329 prorem
2189 4257 2381 4325 probat,
2442 4255 2760 4324 interpretis
2817 4252 3101 4323 Prologus,
3137 4268 3244 4320 quo
3299 4251 3497 4305 librum

218 4349 381 4412 colit,
430 4361 821 4415 nonnunquam
881 4360 1045 4398 unum
1101 4343 1312 4407 adorat,
1361 4343 1734 4411 qnetnadmodt

1981 4366 2068 4405 mc
2101 4351 2313 4421 aliquos
2352 4360 2478 4403 ante
2512 4363 2569 4403 se
2601 4347 2797 4403 Latine
2830 4347 3059 4399 vertisse
3105 4345 3289 4398 tradit.
3319 4345 3497 4399 Prolo-

217 4441 554 4495 Graacorum
600 4438 779 4507 lingua
826 4446 1179 4500 memoratur,
1223 4433 1439 4501 Triada,
1482 4433 1562 4487 vel
1621 4432 1733 4487 Hou

1981 4461 2046 4498 tm
2072 4460 2102 4498 a
2132 4444 2369 4497 librariis
2409 4442 2741 4511 suppositum
2800 4438 3006 4492 divinat
3064 4437 3339 4500 Erasmus,
3375 4436 3497 4488 iml-

221 4532 376 4587 δίοτιι
440 4528 607 4581 lam"
669 4544 798 4597 ενεο
845 4527 1130 4580 Trimulus
1180 4536 1409 4589 εθοιίιιηο
1438 4534 1490 4578 ει
1541 4525 1815 4590 Ιιωτθδίιιι»
1848 4525 1883 4530 ”
1924 4538 1991 4593 lis
2034 4536 2118 4591 vel
2164 4536 2367 4590 levibus
2400 4533 2765 4605 argumentis;
2798 4540 3134 4600 repugnante
3161 4530 3325 4583 etiam
3374 4529 3496 4600 Styli

223 4633 398 4690 εηιιυθ
455 4620 829 4674 ίιιίίάθιίιίιιθιη
872 4618 986 4686 iam
1036 4618 1168 4671 ⁰¹ί¹¹¹
1218 4621 1287 4671 (ιθ
1320 4618 1478 4683 Ιοιιῖζθ
1523 4616 1817 4686 ἀθδίῧιιίιηε
1924 4631 2207 4699 utriusque
2257 4627 2630 4698 congruentia.
2688 4624 2921 4678 Ell‘renis
2978 4621 3242 4692 profecto,
3291 4621 3490 4675 iterum

220 4713 652 4767 versutissimus
677 4711 765 4765 ille
795 4712 1045 4765 diabolus
1077 4710 1178 4763 tria
1212 4725 1414 4763 cornua
1452 4708 1597 4762 Illisil
1626 4710 1690 4761 ad
1717 4706 1819 4763 Job
1924 4719 2068 4784 dico,
2105 4728 2160 4773 ει
2202 4717 2439 4789 proiecta
2480 4716 2691 4771 Emsmi
2747 4714 3046 4776 [gmw-itas,
3093 4723 3339 4765 velorum
3385 4711 3492 4765 Pa-

221 4805 677 4874 depredandnm.
859 4819 1090 4873 namque
1129 4802 1294 4857 etiam
1347 4818 1489 4856 nunc
1514 4813 1817 4855 memorata
1924 4823 2067 4867 [rum
2104 4811 2306 4880 scripta
2348 4809 2603 4863 inanibus
2659 4807 2772 4862 suis
2806 4806 3132 4875 conjecmﬁs
3184 4805 3256 4858 ita
3298 4805 3499 4874 ρει-ηιξ.

222 4899 509 4967 trionytna
546 4897 771 4951 haresis
816 4897 1117 4966 praesertim
1150 4898 1424 4965 praedatur
1449 4906 1612 4964 atque
1642 4910 1738 4963 exp

1982 4906 2173 4968 :entis,
2211 4914 2273 4956 ut
2304 4902 2405 4956 nisi
2440 4900 2860 4955 contraivisseut
2902 4899 3259 4966 posteriorum
3292 4896 3498 4951 theolo-

221 4997 355 5058 gnat
387 4988 727 5045 Ecclesium.
758 5010 775 5040 ι
816 4989 1038 5043 Luciani
1076 4989 1332 5059 martyris
1351 5004 1471 5042 cum
1510 4989 1668 5043 laude
1703 5003 1819 5042 me-
1922 5012 2112 5065 gomm
2162 4995 2357 5060 studia,
2392 4994 2479 5047 vix
2521 5003 2725 5047 certum
2787 4990 2989 5060 aliquid
3036 4992 3101 5043 de
3144 4989 3501 5045 adolescentis

218 5080 401 5145 minit,
440 5078 706 5150 Origenis
739 5081 1071 5150 temporibus
1096 5082 1265 5135 multo
1300 5082 1657 5136 recentioris:
1692 5100 1711 5132 σ
1743 5082 1819 5136 Ita
1936 5087 2195 5143 Ecclesia:
2243 5087 2489 5141 doctrina
2524 5094 2764 5140 statuere
2812 5097 3108 5153 possemus.
3142 5082 3341 5137 Scribit
3371 5081 3503 5136 Pos-

222 5183 650 5226 consumtnatus
689 5184 796 5236 est,
828 5172 1083 5241 inquit”,
1116 5174 1307 5227 beatus
1357 5183 1519 5240 atque
1554 5174 1820 5240 gloriosus
1934 5181 2157 5236 sevinus
2212 5179 2267 5233 in
2314 5178 2514 5248 Appur.
2559 5193 2784 5231 sacrant.
2844 5177 2896 5231 in
2948 5176 3177 5239 Hilario,
3225 5176 3503 5230 dubitasse

230 5262 537 5324 LuClallusv
558 5263 769 5319 Ιυείάιιε
804 5266 936 5330 Vlla,
966 5264 1171 5317 Ιυείάυδ
1195 5272 1249 5318 ει
1273 5264 1397 5328 ﬁde.
1422 5264 1633 5319 ὶιιυίάυε
1652 5266 1818 5319 elialu
1928 5271 2234 5334 nonnullos,
2270 5285 2449 5324 annon
2481 5268 2689 5323 llilario
2744 5270 3012 5323 tribuendi
3041 5278 3222 5323 essent
3254 5267 3307 5320 hi
3342 5268 3504 5320 Cum-

236 5358 544 5411 tolerantiae
576 5362 1065 5415 consummatione.
1103 5361 1184 5414 Oh
1219 5361 1319 5414 hoc
1363 5362 1507 5414 enim
1549 5359 1822 5417 Lucianus
1929 5365 2203 5420 mentarii.
2242 5364 2295 5417 Id
2343 5363 2389 5418 si
2436 5362 2557 5433 quis
2591 5363 2797 5425 credet,
2840 5361 3099 5415 Hilariani
3155 5376 3278 5414 eum
3311 5360 3507 5413 chara-

230 5449 657 5517 cognominatus
711 5460 814 5518 est,
863 5462 1120 5520 tanquam
1178 5452 1411 5517 lucidus,
1454 5463 1546 5505 aut
1605 5454 1823 5522 proprio
1930 5455 2096 5509 cteris
2137 5455 2352 5523 penitus
2380 5454 2626 5525 ignarum
2679 5466 2797 5507 esse
2833 5467 3055 5506 necesse
3096 5460 3197 5504 est.
3230 5451 3505 5503 Adversus

236 5539 441 5597 lumine
487 5544 594 5601 sibi
642 5545 883 5615 fulgens,
921 5555 1013 5598 aut
1048 5544 1169 5597 aliis
1207 5544 1414 5600 lucens.
1448 5542 1549 5598 ilic
1591 5560 1825 5615 namque
1930 5548 2162 5604 Arianos
2195 5562 2406 5603 summa
2453 5562 2576 5602 cum
2615 5546 2772 5602 laude
2815 5545 3032 5616 scripsit
3073 5543 3332 5610 Hilarius,
3372 5559 3505 5614 quo-

266 5780 274 5789 .
312 5705 504 5792 ".Lib‘.
541 5727 581 5773 ι,
626 5727 677 5791 p.
704 5712 969 5791 870.'cnl.
1000 5714 1067 5792 ἓξ
1114 5786 1121 5792 .
1162 5711 1207 5744 ³⁸
1237 5709 1446 5792 Liba",
1503 5731 1554 5786 p.
1589 5713 1716 5783 885,
1765 5730 1782 5771 (

2065 5716 2112 5748 ³⁸
2142 5714 2259 5772 Lib.
2296 5732 2359 5785 ιι,
2410 5728 2464 5785 p.
2512 5713 2636 5781 88‘},
2672 5714 2777 5771 col.
2805 5713 2853 5768 1.
2932 5712 2974 5744 ³⁷
3009 5708 3271 5767 Edmund.
3307 5705 3501 5763 Alber-

242 5780 339 5833 tin.
370 5777 424 5831 in
455 5777 714 5838 Exmniue
734 5785 990 5841 testimau.
1027 5783 1175 5855 Orig.
1203 5800 1320 5854 cap.
1357 5786 1407 5839 1.
