3794 6222
376 202 514 257 {275

1660 202 1718 259 P.
1763 202 2079 258 DANIELIS
2120 203 2355 261 llUETlI

3548 210 3691 261 {37$

378 342 494 377 rum
548 326 649 379 iste
690 326 1006 392 partiarium
1058 342 1116 381 se
1162 329 1365 398 prodit.
1421 329 1500 381 Ad
1543 330 1657 385 lucc
1715 330 1849 383 nihil
1899 331 1949 382 in
1981 332 2031 390 Α
2063 328 2258 398 Rejieit
2288 347 2380 384 eos
2417 331 2651 400 scriptor
2676 332 2878 400 operis,
2912 333 2999 402 qui
3034 331 3141 387 Deo
3175 332 3505 386 humanam
3551 335 3689 398 ﬁgu-

376 414 635 469 Genesim
670 417 955 485 scripsisse
995 418 1166 473 fertur
1216 419 1476 484 llilarius,
1509 422 1560 474 in
1591 437 1750 486 quam
1783 437 1841 476 se
1873 422 1953 474 lu-

375 510 637 563 cubrasse
672 510 852 579 aliqua
881 521 1114 565 testatur
1145 514 1247 567 iste
1264 523 1476 568 auctor.
1512 514 1771 567 Eamde
1800 528 1952 577 vero,

373 610 435 657 ut
479 612 535 655 et
582 602 781 657 librum
834 602 979 666 Jobi,
1022 604 1205 659 multis
1258 613 1584 673 exposuerat
1650 606 1950 675 Origenes;

378 696 519 751 unde
560 696 684 750 data
726 695 956 751 fortasse
987 699 1201 752 occasio
1251 699 1376 752 libri
1416 700 1573 754 istius
1614 700 1737 753 huic
1777 700 1951 754 ascri-

376 789 572 855 hendi;
615 805 738 845 cum
780 794 1084 859 prresertim
1144 792 1197 844 in
1236 792 1524 861 allegorias
1569 808 1952 861 nonnunquam

377 893 652 938 excurrat.
683 885 875 954 Arguit
899 886 1153 939 Erasmus
1183 901 1246 939 ex
1286 886 1475 939 borum
1507 885 1765 939 librormu
1797 884 1951 938 clau-

378 976 497 1029 sula
548 991 650 1029 non
712 976 938 1030 ulterius
980 993 1322 1047 progressum
1379 977 1547 1031 fuisse
1604 978 1950 1045 scriptorem,

388 1065 518 1121 licet
555 1068 640 1121 vix
670 1078 829 1137 caput
873 1068 989 1123 Jubi
1037 1071 1253 1125 tertium
1298 1072 1579 1140 attigerit:
1608 1086 1635 1124 a
1669 1087 1772 1142 qua
1802 1074 1958 1141 equi-

377 1160 497 1213 dem
529 1162 799 1215 sententia
837 1180 942 1215 non
977 1166 1191 1218 recedo.

448 1253 533 1310 Ill.
575 1252 935 1311 Posteriorem
967 1256 1430 1312 Commentariun)
1466 1262 1518 1314 in
1545 1258 1646 1315 Job
1698 1275 1729 1315 e
1756 1258 1959 1314 Biblio-

380 1343 550 1397 theca!
597 1344 779 1413 Regia
827 1348 1103 1403 cmlicibus
1135 1349 1422 1405 Perionius
1481 1351 1670 1405 Latina
1706 1353 1956 1405 oratione

378 1435 617 1489 donavit.
655 1436 769 1491 Alia
802 1455 1017 1508 qmque
1059 1442 1184 1495 alibi
1234 1445 1586 1512 reperiuntur
1612 1444 1731 1513 ejus
1770 1458 1960 1498 exem-

380 1524 569 1589 plaria.
627 1525 791 1582 Multo
842 1535 1022 1585 murus
1076 1530 1329 1602 Origenis
1400 1534 1547 1586 illum
1602 1549 1723 1588 esse
1785 1535 1954 1598 dicas,

379 1633 540 1687 quam
585 1622 794 1689 priores
848 1624 1013 1683 libros
1061 1636 1212 1680 tres:
1245 1644 1366 1681 nam
1429 1642 1605 1697 neque
1662 1638 1954 1692 tomornm,

379 1728 553 1783 neque
600 1715 940 1770 homiliarum
967 1763 980 1785 ,
1018 1733 1194 1787 neQue
1244 1720 1574 1773 scholiorum
1620 1722 1819 1791 stylum
1860 1737 1949 1775 sa-

381 1810 495 1876 pit;
541 1824 712 1880 neque
744 1812 964 1866 divertit
1009 1830 1235 1882 usquam
1282 1815 1334 1866 in
1372 1815 1681 1885 allegorias,
1715 1826 1772 1869 et
1815 1826 1958 1870 totus

375 1913 459 1955 est
504 1903 555 1956 in
601 1906 990 1973 perscrutando
1021 1905 1217 1959 littera:
1249 1921 1437 1969 sensu,
1470 1917 1524 1959 nt
1560 1923 1765 1961 meram
1798 1923 1958 1976 para-

380 1995 621 2062 phrasim
674 2011 795 2051 esse
841 1997 1012 2051 dicas.
1066 1998 1268 2052 Mosem
1316 1999 1436 2053 libri
1480 1998 1582 2053 Job
1636 2001 1955 2069 scriptorem

377 2102 499 2141 esse
557 2088 755 2141 asserit
801 2088 851 2141 in
899 2088 1131 2159 Prologo
1162 2108 1175 2144 :
1203 2101 1257 2145 at
1304 2094 1452 2159 prior
1506 2093 1956 2147 Commentarios

378 2179 629 2232 eumdem
665 2195 691 2232 a
728 2179 885 2245 Jobo,
920 2182 1007 2235 vel
1055 2181 1174 2235 Johi
1222 2184 1415 2238 amicis
1457 2184 1724 2255 Syrorqu
1778 2185 1957 2255 lingua

385 2270 674 2338 scriptum,
713 2287 741 2325 a
787 2271 971 2343 Moyse
1011 2273 1063 2326 in
1108 2273 1426 2329 llebraicam
1462 2276 1701 2345 linguam
1737 2292 1961 2332 conver-

383 2377 501 2416 sum
548 2365 729 2418 tradit.
774 2364 923 2420 Unde
970 2365 1203 2419 elltcitur
1232 2368 1553 2421 alterutrum
1598 2371 1787 2424 saltem
1824 2388 1960 2440 Opus

382 2454 636 2523 Origenis
663 2472 768 2510 non
793 2471 930 2512 esse.
965 2456 1223 2511 Neutrum
1269 2474 1395 2513 vero
1433 2461 1552 2529 ejus
1580 2477 1698 2514 esse
1731 2462 1961 2515 eﬂieitur

377 2562 445 2599 ex
489 2562 554 2601 co
600 2550 743 2617 quod
789 2546 984 2601 librum
1024 2546 1143 2602 Jobi
1187 2548 1370 2619 Moyse
1419 2553 1787 2618 antiquiorem
1837 2568 1956 2607 esse

383 2640 548 2691 t-radit
588 2639 726 2693 libro
767 2654 815 2692 γι
863 2651 1048 2691 contra
1080 2638 1246 2705 (1913.,
1275 2656 1423 2694 num.
1456 2642 1547 2706 Η,
1578 2653 1632 2695 et
1654 2645 1798 2712 quod
1828 2643 1958 2698 Plii-

378 2726 586 2781 lucalia:
632 2728 808 2797 capite
857 2728 911 2792 5,
941 2730 1111 2783 libros
1155 2732 1418 2786 duntaxat
1446 2735 1689 2802 quinque
1714 2734 1953 2806 Moysem

382 2820 671 2889 reliquisse
705 2819 939 2874 aﬂirmat
988 2821 1122 2893 (l6).
1162 2824 1294 2878 Cum
1332 2826 1584 2895 Origenis
1633 2830 1955 2883 sententiam

378 2912 447 2967 de
504 2913 773 2966 sideribus
834 2929 995 2982 supra
1054 2916 1503 2984 exploraremus,
1552 2918 1958 2976 observavimus

2067 439 2179 474 ram
2210 422 2473 493 alliugunt
2506 442 2517 477 :
2548 440 2667 477 eam
2704 425 2951 479 liazresim
2993 427 3193 481 acriter
3219 425 3385 478 ultus
3422 432 3523 477 est
3552 422 3687 478 Ori-

2075 528 2259 583 genes.
2291 516 2410 582 Quo
2433 518 2593 571 modo
2624 517 2840 587 angelos
2880 519 3129 573 custodes
3162 517 3423 572 admittit
3457 526 3685 576 auctor.

2066 607 2305 661 admittit
2344 618 2397 662 et
2437 608 2718 678 Origenes.
2760 610 3037 664 Christum
3067 610 3417 680 patriarchis
3446 618 3510 662 et
3556 624 3687 677 pro—

2064 700 2244 768 phetis
2276 699 2487 755 Veteris
2518 701 2853 757 Testamenti
2876 703 3208 772 apparuisse,
3242 710 3423 770 atque
3452 701 3535 754 ita
3566 718 3685 753 tne-

2057 792 2319 849 diatorem
2354 793 2447 848 Dei
2476 802 2531 848 et
2565 793 2845 847 hominum
2881 795 2983 849 hoc
3023 804 3269 863 tempore
3311 793 3507 848 fuisse
3556 796 3683 862 epi-

2059 893 2221 939 natur
2263 896 2484 950 auctor;
2531 887 2788 957 Opinatur
2843 899 2899 941 et
2946 886 3225 957 Origenes.
3292 887 3500 941 Astris
3561 888 3683 939 vim

2057 991 2177 1031 esse
2206 980 2570 1049 σημαντικήν,
2604 995 2706 1034 non
2734 978 3157 1051 ἀποτελεστικήν
3187 979 3387 1034 deﬁnit
3429 988 3677 1038 auctor;

2060 1066 2249 1121 deﬁnit
2282 1078 2338 1123 et
2381 1069 2669 1139 Origenes.
2722 1067 2907 1123 Facile
2952 1070 3132 1138 itaque
3183 1081 3512 1123 consensus
3581 1067 3682 1122 ille

2060 1162 2239 1215 lucum
2278 1160 2425 1216 fecit.

2130 1253 2550 1322 Suhjunguntnr
2593 1254 2644 1309 in
2703 1253 2911 1309 Grzccis
2964 1255 3289 1323 quihusdam
3344 1254 3677 1315 codicibus,

2060 1350 2190 1403 etin
2232 1349 2408 1413 prima
2458 1346 2792 1403 Geuebrardi
2826 1349 3061 1403 editione
3116 1347 3357 1401 lintnilize
3393 1356 3677 1413 quatuor,

2061 1456 2180 1508 qua:
2214 1440 2469 1508 quoniam
2496 1439 2868 1509 Chrysostomi
2924 1453 3043 1492 esse
3096 1438 3468 1506 deprehensa:
3517 1450 3675 1500 sunt,

2064 1534 2117 1586 in
2156 1531 2562 1586 recentioribus
2605 1532 2931 1586 editionibus
2958 1531 3173 1585 fuerunt
3201 1529 3642 1600 pratermissaa.

2135 1625 2339 1681 Przeter
2370 1627 2643 1695 geminum
2677 1625 2824 1678 illum
2857 1624 3325 1679 Commentarium
3365 1626 3425 1679 in
3458 1626 3675 1679 librum

2061 1719 2206 1784 Jobi,
2241 1720 2435 1774 scribit
2477 1719 2802 1774 Laurentius
2848 1718 3162 1773 llutulridus
3201 1721 3252 1772 in
3297 1718 3565 1786 Epistola
3605 1722 3676 1772 ad

2063 1813 2353 1865 Antonium
2399 1811 2631 1874 Canum,
2664 1826 2783 1879 qua:
2840 1810 3167 1865 Erasmianze
3218 1810 3495 1879 Origenis
3556 1813 3675 1865 edi-

2064 1904 2196 1958 tioni
2226 1904 2447 1973 praeﬁxa
2476 1914 2582 1968 est,
2614 1902 2996 1972 Hieronymum
3028 1902 3359 1958 Frobenium
3386 1914 3447 1958 et
3504 1903 3673 1956 Nico-

2065 1997 2205 2051 Iaum
2235 1998 2604 2067 Episc0pium,
2636 2012 2664 2050 a
2695 1999 2888 2065 quibus
2918 1998 3067 2064 prelo
3095 1996 3392 2051 commissa
3423 2008 3523 2051 est
3556 1998 3671 2051 hate

2067 2094 2257 2158 editio,
2293 2090 2767 2145 adnotatiunculas
2814 2090 3071 2157 quasdam
3104 2089 3155 2141 in
3183 2086 3387 2143 Jobum
3425 2091 3483 2143 ei
3525 2090 3671 2143 inse.

2066 2202 2184 2242 rere
2212 2185 2470 2245 noluisse.
2500 2183 2645 2251 quod
2688 2182 2980 2251 perbreves
3026 2191 3209 2235 essent
3238 2221 3253 2243 ,
3295 2192 3356 2233 et
3394 2180 3668 2250 Origenis

2062 2277 2279 2348 genium
2313 2290 2377 2329 ac
2407 2274 2606 2342 stylmn
2632 2287 2820 2341 parum
2848 2270 3089 2327 redolere
3120 2272 3294 2327 doctis
3316 2271 3665 2340 quibusdam

2064 2368 2395 2421 viderentur.

2134 2458 2223 2512 IV.
2285 2460 2341 2510 In
2400 2457 2765 2525 manuscripto
2808 2454 3150 2509 Bibliotheca:
3210 2453 3402 2523 Regia:
3473 2453 3665 2508 codice

2066 2567 2262 2607 nomen
2316 2550 2570 2619 Origenis
2624 2548 2844 2617 pra-fert
2895 2556 3049 2600 vetus
3077 2546 3572 2600 Commentarium
3612 2547 3661 2597 in

2066 2643 2418 2714 Evangeliqu
2464 2639 2655 2693 Marci.
2706 2639 2925 2710 Legitur
2985 2653 3199 2707 quoque
3249 2638 3303 2691 in
3369 2636 3659 2692 Possevini

2063 2738 2333 2805 Apparatu
2358 2733 2401 2764 ³⁸
2430 2733 2615 2786 haberi
2660 2732 2710 2785 in
2740 2728 3029 2786 Oxouiensi
3062 2730 3398 2784 Bibliotheca
3437 2730 3661 2798 Corpo-

2066 2831 2140 2883 ris
2169 2828 2400 2891 Christi,
2441 2825 2696 2896 Origenis
2731 2841 2866 2895 Opus
2906 2826 3123 2892 aliquod
3147 2827 3201 2877 in
3240 2824 3519 2878 Marcum.
3549 2825 3655 2878 Cu-

2057 2921 2293 2989 jusmodi
2345 2920 2415 2974 sit
2465 2920 2607 2972 istud
2658 2933 2793 2988 opus
2831 2918 3080 2985 equidem
3130 2916 3345 2983 ignoro.
3391 2916 3558 2983 Quod
3588 2916 3653 2967 ad

382 3007 618 3061 animata
656 3024 778 3063 esse
812 3010 984 3078 ipsum
1018 3013 1335 3067 censuisse:
1368 3025 1555 3067 contra
1597 3014 1683 3069 hic
1721 3016 1953 3084 scriptor
1981 3030 2025 3090 ρ
2065 3011 2289 3081 Regium
2348 3018 2560 3071 attinet,
2618 3009 2891 3063 nonnullm
2930 3009 2982 3062 in
3020 3023 3085 3061 eo
3134 3007 3437 3075 allegoriae,
3484 3007 3652 3060 multa

381 3099 572 3155 stellas
623 3101 806 3155 animo
848 3117 1039 3157 carere
1093 3103 1300 3158 diserte
1351 3116 1650 3159 asseverat.
1711 3106 1957 3161 Meminit

380 3200 639 3260 prreterca
695 3191 1114 3249 Mauicb:e0rum
1177 3207 1230 3250 et
1268 3196 1492 3251 Luciani
1537 3200 1819 3269 martyris,
1866 3202 1956 3269 qui

380 3285 613 3353 Origene
664 3285 887 3340 luerunt
927 3290 1282 3345 recentiores.
1328 3290 1540 3344 Alicubi
1570 3306 1698 3345 vero
1731 3294 1800 3345 ita
1848 3295 1959 3347 αἱς-

382 3380 516 3434 serit
556 3400 568 3435 :
608 3400 625 3431 ι
652 3381 836 3448 Neque
878 3397 1008 3450 ergo
1040 3382 1328 3451 ὁμοούσιον
1357 3383 1557 3452 aliquid
1606 3385 1723 3451 ejus
1756 3395 1859 3453 est,
1909 3388 1959 3440 id

378 3482 484 3536 est,
521 3471 758 3541 ejusdem
781 3473 1068 3536 essentize;
1102 3489 1224 3525 eum
1255 3474 1397 3527 enim
1426 3477 1647 3530 interire
1677 3492 1780 3529 non
1806 3494 1961 3546 po.~sc

381 3564 618 3618 diximus
651 3580 666 3617 :
702 3579 878 3632 neque
926 3563 1203 3635 ὁμούσιον,
1236 3564 1286 3619 id
1334 3575 1439 3627 est,
1491 3568 1648 3622 unius
1673 3572 1957 3629 essentim:

380 3656 687 3725 comparari
728 3658 872 3710 enim
923 3672 1029 3710 non
1072 3667 1292 3726 potest;
1332 3676 1349 3709 ι
1380 3668 1435 3711 et
1481 3659 1589 3712 alio
1624 3658 1780 3714 loco:
1811 3679 1829 3711 ι
1860 3662 1962 3714 Re-

382 3751 493 3805 cita
544 3753 658 3804 inec
718 3757 771 3802 tu
820 3763 941 3802 cum
990 3749 1200 3816 judicio
1239 3749 1378 3817 apud
1434 3749 1899 3806 Ilomoousiastas.
1937 3773 1956 3805 ι

381 3842 587 3909 Quibus
622 3841 853 3909 aliisque
900 3840 1274 3907 compluribus
1315 3842 1549 3895 Arianus
1597 3858 1720 3897 esse
1766 3846 1962 3898 intelli-

382 3948 529 4008 g.tur
560 3954 572 3988 :
607 3950 754 3998 nam,
791 3944 848 3987 ut
898 3934 975 3987 ait
1003 3933 1338 4002 Epiphanius
1382 3935 1510 3988 luer.
1536 3951 1684 3999 Lm,
1717 3952 1838 4007 cap.
1873 3938 1961 4003 70,

387 4044 492 4081 non
531 4024 957 4089 UllllJJillllllilliS
1003 4026 1228 4079 odorem
1270 4025 1463 4094 refugit
1519 4042 1766 4094 serpens,
1801 4044 1961 4097 quam

385 4137 572 4175 vocem
625 4118 912 4189 ὁμοουσίου
955 4119 1119 4173 Arius
1170 4118 1545 4173 aversabatur.
1602 4120 1963 4186 Quamobrem

384 4213 693 4270 Catlrolicns
728 4210 1256 4265 llomoousiastornm
1288 4212 1504 4263 nomine
1531 4211 1732 4265 Ariani
1778 4215 1967 4267 tradu—

384 4308 604 4360 cebaut.
644 4303 717 4358 Ex
777 4304 966 4357 eodem
1032 4302 1199 4371 igitur
1251 4302 1578 4356 Arianorum
1625 4302 1964 4371 Lueiauista-

2061 3105 2404 3173 Origenianze
2446 3103 2708 3157 doctrina:
2742 3102 2940 3164 allinia,
2973 3114 3093 3168 quae
3135 3100 3186 3151 in
3229 3098 3645 3154 Obscrvationi-

2070 3196 2173 3249 bus
2224 3196 2290 3249 ad
2320 3194 2787 3249 Commentariun)
2843 3193 2895 3245 in
2948 3190 3259 3246 Matt/ratum
3312 3191 3644 3255 notavimus,

2065 3288 2354 3357 Origenem
2401 3286 2657 3339 videntur
2710 3296 2993 3340 auctorem
3047 3284 3313 3339 indit-are.
3353 3284 3466 3339 Sed
3508 3286 3643 3337 levia

2065 3382 2197 3443 lucc,
2233 3390 2405 3448 przeut
2432 3394 2495 3431 ea
2526 3388 2651 3432 sunt
2678 3392 2795 3447 qua:
2819 3377 3158 3431 contrarium
3193 3377 3465 3444 probant;
3496 3391 3642 3431 sum-

2064 3490 2148 3527 ma
2179 3473 2301 3543 styli
2327 3471 2711 3538 discrepantia,
2747 3480 3002 3524 constans
3031 3469 3280 3537 Origenis
3309 3469 3643 3523 consuetudo

2066 3566 2119 3618 in
2151 3564 2597 3624 Commentariis,
2631 3564 2711 3617 vel
2744 3579 2839 3630 per
2877 3571 3073 3624 tomos,
3107 3560 3190 3613 vel
3225 3576 3322 3630 per
3368 3560 3636 3625 homilias,

2064 3658 2149 3711 vel
2185 3672 2280 3726 per
2327 3657 2535 3711 scholia
2590 3655 2921 3725 digerendis,
2952 3668 3184 3723 quorum
3218 3654 3285 3707 ad
3319 3653 3523 3706 nullum
3552 3669 3639 3722 ge.

2068 3767 2170 3805 nus
2205 3751 2572 3819 expositiones
2612 3749 2729 3804 ista:
2779 3748 2969 3803 referri
3022 3758 3285 3818 possunt;
3342 3762 3465 3800 nam
3513 3762 3637 3816 pro-

2068 3844 2276 3897 lixitate
2326 3842 2530 3896 scholia
2577 3851 2862 3910 superant,
2909 3857 2941 3895 a
2988 3840 3151 3895 tomis
3184 3850 3546 3909 superantur;
3575 3840 3637 3893 ab

2069 3935 2387 3989 homiletico
2441 3948 2571 3988 vero
2637 3948 2839 4001 genere
2895 3933 3113 4003 penitus
3160 3932 3433 3987 dilferunt.
3492 3933 3635 3986 Adde

2069 4027 2313 4095 proliteri
2343 4026 2680 4092 Scriptorem
2717 4025 2902 4093 operis
2940 4026 3055 4093 ipso
3088 4026 3263 4090 initio,
3296 4027 3632 4078 redacturmn

2068 4136 2191 4174 sese
2226 4121 2278 4173 in
2325 4136 2490 4173 unum
2538 4134 2756 4188 corpus,
2786 4134 2907 4187 qua?
2938 4120 3003 4173 ab
3033 4118 3288 4173 Ecclesiae
3331 4120 3632 4173 doctoribus

2070 4212 2305 4280 sparsim
2336 4212 2390 4265 in
2438 4211 2583 4265 hunc
2629 4210 3035 4280 Evangelistam
3093 4211 3311 4264 fuerant
3350 4210 3628 4270 adnotata;

2073 4320 2195 4357 cum
2226 4304 2382 4358 multi
2416 4306 2467 4357 in
2504 4303 2812 4357 Matthaeutn
2855 4313 2909 4355 et
2933 4301 3223 4369 Joannem,
3253 4302 3409 4370 pauci
3451 4302 3502 4354 in
3531 4300 3629 4355 Lu-

388 4412 504 4452 rum
538 4409 735 4465 genere
766 4393 952 4455 fuerit,
989 4407 1151 4461 equo
1180 4393 1418 4461 scriptor
1471 4408 1634 4462 supra
1682 4397 1963 4449 memorati
2002 4375 2043 4428 θ
2072 4414 2216 4459 cam,
2260 4398 2390 4452 nulli
2441 4399 2655 4468 penitus
2717 4398 2769 4451 in
2827 4396 3065 4449 Marcum
3118 4396 3183 4449 ad
3234 4411 3391 4449 suum
3435 4404 3632 4463 tempus

385 4488 569 4555 operis
598 4486 653 4539 in
681 4484 897 4549 Jobum,
927 4483 1128 4553 quippe
1162 4482 1254 4551 qui
1283 4482 1505 4537 Luciani
1532 4485 1790 4554 martyris
1813 4501 1965 4554 :Bque

387 4579 715 4635 meminerit.
790 4578 882 4631 Sic
931 4588 1113 4630 autem
1161 4577 1452 4644 existimo;
1509 4579 1963 4646 quemadmodum

385 4673 731 4728 sublevanda:
796 4669 1158 4723 lsraelitarum
1188 4669 1510 4733 calamitati,
1541 4670 1664 4722 dum
1688 4669 1966 4741 [Egyptio-

388 4784 505 4822 rum
557 4765 819 4820 servitute
870 4771 1272 4831 premerentur,
1327 4762 1523 4817 librum
1560 4760 1661 4816 Job
1709 4778 1737 4815 a
1785 4761 1966 4832 Moyse

388 4860 647 4927 scriptum
673 4863 959 4908 autumant
986 4854 1233 4923 plerique
1258 4871 1271 4917 ;
1298 4853 1371 4906 ita
1403 4853 1689 4922 tnttltiplici
1716 4853 1784 4907 ab
1811 4855 1965 4907 Aria-

391 4951 476 5004 nis
514 4946 923 5001 Commentario
965 4947 1216 5000 eumdem
1272 4944 1445 4999 fuisse
1505 4945 1857 5010 illustratum,
1905 4962 1969 5000 ac

391 5039 663 5108 frequenti
713 5037 944 5092 lectione
993 5038 1312 5099 contritum,
1363 5035 1543 5090 solatii
1595 5038 1794 5105 gratia,
1843 5053 1967 5090 cum

395 5138 463 5191 ab
494 5135 745 5191 ECCIesia
788 5133 1050 5186 catholica
1106 5134 1466 5187 auathematis
1496 5141 1552 5185 et
1594 5134 1843 5186 censuris
1886 5148 1972 5185 ur-

391 5236 672 5297 gerentur.
731 5224 1003 5291 Quzerenti
1053 5233 1232 5283 autem
1296 5223 1424 5275 mihi
1484 5237 1969 5292 erquonamargu-

392 5329 574 5375 mento
630 5319 771 5373 liber
811 5319 912 5370 iste
947 5315 1169 5385 Origeni
1205 5316 1545 5383 adjudicatus
1571 5325 1674 5380 est,
1710 5315 1965 5369 nonnulla

391 5412 442 5467 iu
482 5428 551 5467 eo
606 5420 966 5466 occurrerunt
1016 5408 1361 5479 Origeuianze
1410 5408 1673 5463 doctrinae
1715 5408 1967 5476 vestigia,

390 5521 510 5574 qua}
535 5508 600 5560 ad
625 5506 726 5559 alia
756 5520 861 5560 non
889 5504 1023 5559 satis
1048 5512 1313 5557 attentum
1347 5501 1605 5558 lectorem
1637 5501 1967 5557 fefellerunt.

464 5600 507 5630 ³⁸
537 5601 808 5653 l’ossevin.
850 5596 1044 5665 Appar.
1075 5598 1126 5649 in
1157 5594 1400 5664 Origene.

2074 4491 2420 4559 scripserint.
2474 4489 2726 4544 Profecto
2774 4505 2879 4541 non
2944 4488 3098 4541 inulti
3158 4498 3283 4541 ante
3352 4485 3629 4555 Origeucm

2075 4582 2411 4650 scripserant
2448 4580 2500 4633 in
2539 4579 2850 4633 Matthaeum
2889 4590 2941 4632 et
2984 4577 3275 4641 Joannem;
3332 4586 3491 4644 atque
3530 4576 3631 4629 bare

2075 4676 2380 4745 sequiorem
2409 4674 2753 4742 Origenianis
2794 4673 3123 4739 temporibus
3155 4677 3367 4722 aetatem
3406 4669 3628 4737 sapiunt.

2080 4769 2135 4822 Si
2169 4768 2345 4821 minus
2392 4765 2455 4819 ad
2506 4766 2843 4835 eripiendum
2878 4762 3094 4831 Origeni
3142 4760 3337 4814 librum
3374 4761 3511 4812 hunc
3543 4774 3629 4810 va-

2072 4855 2562 4924 leritcOnjectur-ze,
2606 4856 2887 4909 atvalebit
2930 4863 3082 4908 certe
3128 4851 3376 4906 codicum
3407 4860 3629 4903 veterum

2072 4952 2360 5014 dissensio,
2390 4966 2618 5018 quorum
2671 4949 2833 5015 aliqui
2888 4947 3089 5002 Victori
3136 4945 3472 4999 Antiocheno
3522 4959 3627 4997 eum

2076 5045 2353 5109 tribuunt;
2396 5044 2696 5112 cujusmodi
2749 5052 2833 5097 est
2876 5043 3012 5095 liber
3041 5041 3256 5108 quidam
3306 5038 3629 5092 Bibliotheca".

2076 5134 2277 5205 liegiae,
2315 5134 2616 5203 cujusmodi
2657 5143 2712 5186 et
2744 5132 2835 5187 ille
2881 5132 2981 5186 l'uit
3015 5130 3284 5185 Theodori
3311 5128 3512 5184 Peltani
3542 5131 3628 5183 So-

2077 5228 2292 5282 cietatis
2338 5227 2463 5283 Jcsu
2518 5227 2776 5296 theologi,
2834 5227 2924 5297 qui
2983 5224 3450 5279 Commentarium
3505 5223 3627 5276 istud

2080 5318 2274 5374 Latine
2311 5336 2339 5373 a
2380 5335 2437 5374 se
2468 5321 2736 5374 redditum
2778 5320 2877 5373 sub
2906 5316 3143 5373 Victoris
3170 5315 3390 5370 nomine
3416 5314 3626 5382 publiea-

2077 5414 2180 5466 vit.
2240 5410 2384 5466 Idem
2445 5412 2536 5467 alii
2583 5412 2783 5483 Cyrillo
2827 5410 3196 5465 Alexandrino
3236 5408 3451 5462 codices
3481 5406 3624 5462 ascrin

2082 5502 2249 5569 bunt;
2301 5505 2601 5575 cujusmodi
2639 5504 2803 5561 etiam
2856 5503 2994 5559 alter
3050 5500 3399 5557 Bibliotheca}
3452 5496 3621 5571 Regia.

466 5696 574 5767 (ιδ)
616 5695 745 5751 Vide
781 5708 908 5751 tom.
932 5710 959 5748 v
994 5695 1301 5751 Conuucnt.
1346 5695 1399 5748 in
1423 5693 1605 5764 10am,
1641 5709 1787 5753 num.
1812 5694 1865 5760 2,
1896 5710 1947 5764 p.
1984 5692 2073 5746 95.
