3794 6222
210 285 364 339 -νὶῗἹ

1398 259 1989 346 ORIGENIANORUM
2033 290 2396 348 APPENDIX.

3346 290 3485 345 19.78

222 402 337 456 Nec
382 401 554 457 titulis
602 403 773 458 solum
824 403 1112 459 diversitas
1148 404 1305 466 inest,
1349 392 1455 458 sed
1489 400 1611 460 libri
1642 408 1804 461 etiam
1836 412 1881 467 Α
1914 406 2042 461 dere
2073 408 2232 462 solet.
2281 406 2461 463 Nihilo
2502 406 2673 477 magis
2700 420 2820 461 ctnn
2856 402 3107 473 Origenis
3142 402 3485 473 dogmatibus

216 493 528 547 contextni.
569 493 625 547 ln
659 494 946 549 Codicibus
974 495 1220 559 Victoris,
1250 495 1332 549 vel
1358 493 1549 565 Cyrilli
1589 497 1807 551 nomine

221 586 530 654 inscriptis.
590 585 902 656 Origenem,
968 589 1281 652 Eusebium,
1334 587 1806 659 Chrysostomnm,

218 678 624 746 Apollinarium
697 692 752 737 et
819 682 1164 739 Theodorum
1229 683 1461 745 citatos;
1542 681 1809 735 Catharos

222 786 360 825 vero
387 773 669 828 lnereticos
699 775 1015 843 perstrictus
1061 774 1301 841 reperias
1334 782 1533 842 :atqne
1567 773 1680 827 hazc
1710 786 1806 825 no—

219 864 396 924 mina.
428 864 641 934 aliaque
689 867 881 929 multa,
908 882 1060 921 erasa
1090 865 1332 921 offendas
1370 866 1437 920 ab
1479 867 1808 933 exemplari-

222 952 333 1007 bus
376 969 498 1023 quae
545 972 738 1011 nomen
773 957 1030 1024 Origenis
1061 957 1114 1010 in
1148 956 1327 1013 fronte
1356 966 1570 1027 gerunt.
1597 957 1727 1024 Qure
1761 959 1805 1013 si

223 1047 354 1112 quis
399 1063 526 1102 casn
564 1050 855 1120 contigisse
895 1058 1066 1118 putet,
1094 1064 1284 1117 parum
1331 1051 1421 1105 ille
1463 1050 1806 1104 librariorum

222 1136 513 1191 audaciam
548 1141 902 1209 perspexerit.
940 1141 1069 1195 Mihi
1107 1155 1233 1194 vero
1274 1155 1396 1193 cum
1427 1150 1577 1193 certo
1598 1151 1812 1195 constet

222 1226 692 1282 Commentario-ii
728 1232 869 1284 istud
905 1248 1010 1286 non
1049 1247 1168 1287 esse
1205 1231 1476 1303 Origenis,
1517 1232 1809 1286 verisimile

232 1316 294 1367 Iit
340 1318 407 1370 ab
445 1318 510 1371 iis
549 1317 717 1374 fuisse
762 1320 1172 1388 interpolatum,
1224 1331 1278 1374 et
1324 1320 1377 1374 in
1426 1320 1806 1388 Origenianam

231 1407 665 1464 lucusrationem
714 1428 990 1477 recnsum,
1033 1427 1143 1482 quo
1192 1412 1408 1468 facilius
1465 1411 1698 1468 lectores
1724 1413 1807 1468 vel

224 1507 504 1565 emptores
533 1502 964 1556 nancisceretur.

296 1583 417 1641 Jam
463 1604 593 1644 vero
644 1590 719 1642 uti
771 1592 970 1659 potius,
1018 1590 1245 1655 Victori,
1299 1607 1369 1645 an
1426 1591 1649 1663 Cyrillo,
1709 1592 1809 1646 tri-

223 1680 501 1735 buendum
543 1682 613 1735 sit
654 1683 795 1737 istud
831 1682 1299 1739 Commentarium
1346 1685 1670 1754 dijudicare,
1704 1686 1805 1740 etsi

1914 499 2183 569 congruit.
2219 500 2380 555 Docet
2412 499 2674 569 Origenes
2698 498 2920 553 homilia
2966 496 3033 549 14
3064 498 3117 549 in
3152 493 3344 548 Lucam
3373 493 3486 547 Ma-

1911 590 2048 643 riam
2086 592 2287 659 apertis
2316 596 2453 647 uteri
2481 590 3026 647 claustrisChristum
3058 588 3226 643 fuisse
3242 588 3483 653 enixam,

1911 692 1969 735 ut
2001 698 2162 751 supra
2198 699 2295 738 suo
2327 683 2445 737 loco
2473 683 2674 737 dictum
2706 691 2789 735 est
2822 701 2833 734 :
2863 680 3132 735 contraria
3170 679 3351 732 omnia
3384 681 3486 732 hac

1911 772 2137 826 homilia
2183 783 2515 828 statuuntur.
2551 772 2716 825 Plane
2760 772 2942 839 itaque
2973 787 3076 823 non
3104 780 3187 823 est
3211 768 3482 838 Origenis.

1912 863 2163 917 Latinum
2222 865 2539 930 scriptorem
2566 861 2740 932 Stylus
2790 863 2987 929 arguit.
3040 860 3328 915 Auctorem
3357 858 3487 912 divi-

1916 963 2026 1017 net,
2054 955 2099 1008 si
2152 955 2273 1023 quis
2308 954 2563 1007 hariolari
2618 962 2785 1006 amat.
2842 952 3131 1022 Reperitnr
3162 952 3252 1006 illa
3286 952 3339 1006 in
3376 950 3478 1005 Le—

1910 1046 2180 1101 ctionario
2205 1047 2434 1114 quodam
2474 1045 2638 1099 veteri
2671 1045 3005 1098 bibliothecae
3039 1043 3233 1107 ltegim.

1979 1138 2048 1191 At
2094 1136 2358 1191 mirabilis
2406 1146 2491 1190 est
2548 1152 2734 1189 eorum
2794 1145 3005 1203 stupor,
3049 1136 3138 1202 qui
3187 1135 3481 1189 secundam

1912 1229 2191 1284 homiliam
2228 1226 2447 1299 Origeni
2498 1227 2918 1296 adjndicarunt;
2984 1243 3105 1281 nam
3159 1237 3352 1295 praeter
3376 1235 3486 1296 sty-

1918 1321 2027 1375 lum
2061 1320 2475 1389 aliOrigeniano
2501 1320 2663 1389 genio
2695 1320 3070 1383 abhorenlem,
3106 1328 3160 1373 et
3185 1318 3484 1372 clausulam

1910 1414 1979 1468 al)
2030 1412 2377 1483 Origenianis
2420 1412 2713 1475 diversam,
2771 1412 3097 1466 Maniclneos
3150 1420 3207 1465 et
3258 1410 3489 1464 Arianos

1916 1505 2172 1577 Origenis
2202 1505 2532 1574 temporibus
2558 1505 2892 1573 posteriores
2930 1504 3248 1557 nominatim
3301 1502 3488 1570 appel-

1910 1599 2005 1652 lat.
2056 1599 2251 1653 Filium
2302 1597 2441 1652 Patri
2498 1596 2782 1668 ὁμοούσιον
2844 1612 2966 1651 esse
3017 1596 3188 1661 dicit;
3254 1595 3487 1665 Dionysii

1912 1688 2254 1758 Areopagitie
2282 1703 2445 1757 opera
2488 1690 2639 1755 citat,
2671 1704 2791 1741 cum
2843 1686 3096 1757 Origenis
3119 1696 3250 1741 actas
3298 1689 3397 1741 hos
3426 1687 3491 1739 li-

223 1781 314 1825 est.
344 1784 539 1840 praeter
570 1774 903 1838 institutum,
936 1776 1111 1829 dicam
1157 1785 1336 1829 tamen
1391 1780 1571 1832 obiter
1603 1776 1807 1831 Victori
1842 1759 1882 1813 Β
1912 1780 2040 1835 bros
2074 1781 2306 1834 nomium
2337 1781 2577 1834 vidisset.
2618 1779 2858 1833 llahetur
2893 1782 3007 1834 haec
3042 1778 3261 1832 homilia
3292 1781 3344 1831 in
3377 1792 3493 1831 ma-

226 1862 606 1924 vr-risimilius,
634 1880 796 1933 quam
838 1866 1042 1936 Cyrillo
1100 1868 1301 1921 ascribi
1331 1886 1344 1922 :
1389 1884 1487 1924 nec
1516 1869 1661 1923 enim
1689 1870 1810 1924 Ori-

224 1968 421 2021 genem
455 1964 562 2007 tam
596 1957 790 2010 crebro
827 1966 1019 2012 testem
1054 1974 1083 2012 a
1131 1959 1332 2029 Cyrillo
1373 1960 1668 2026 laudatum,
1706 1977 1805 2015 nec

220 2045 604 2115 Chrysostomi
658 2059 968 2117 usurpatam
1010 2052 1077 2105 ab
1108 2066 1173 2105 eo
1224 2054 1602 2107 auctoritatem
1656 2054 1811 2108 facile

226 2139 552 2205 putaverint.
614 2139 689 2192 De
744 2140 973 2194 Victoris
1038 2151 1195 2196 aetate
1232 2144 1586 2213 qua'stionem
1647 2144 1809 2196 habet

229 2232 514 2298 Peltanus,
549 2242 603 2285 et
634 2231 850 2287 Juliano
892 2233 1256 2302 antiquiorem
1306 2250 1428 2288 esse
1476 2244 1648 2303 putat,
1689 2234 1809 2287 ideo

229 2325 380 2392 quod
410 2324 683 2378 decimum
719 2326 936 2379 tertium
961 2325 1127 2380 Marci
1159 2337 1321 2396 caput
1351 2342 1625 2397 eXponens
1682 2326 1803 2380 fun-

228 2420 485 2472 damenta
521 2419 700 2488 templi
752 2433 1036 2487 superesse
1066 2420 1245 2485 dicat;
1299 2435 1361 2475 ea
1412 2435 1540 2475 vero
1596 2418 1813 2475 Juliano

232 2510 539 2578 imperante
573 2509 738 2563 fuisse
788 2510 1019 2573 refossa,
1057 2508 1214 2577 juxta
1247 2509 1531 2580 Nieephori
1567 2513 1811 2565 testimo-

230 2600 385 2654 nium
435 2600 670 2668 :capite
730 2614 858 2653 vero
919 2602 1164 2669 sequenti
1213 2602 1476 2656 Catharos
1531 2602 1813 2657 haereticos

231 2690 505 2759 suggillet,
531 2706 759 2759 quorum
789 2693 1013 2748 hazresis
1049 2705 1176 2748 ante
1222 2695 1362 2750 hanc
1392 2704 1604 2750 aztatem
1638 2695 1814 2751 fuerat

235 2784 311 2836 ab
342 2785 581 2837 Ecclesia
611 2785 912 2855 proﬂigata.

312 2873 374 2931 V.
403 2876 560 2930 Circa
593 2877 864 2940 liomilias,
904 2892 1022 2945 qua:
1069 2876 1135 2929 In
1186 2877 1412 2929 diversos
1465 2876 1685 2932 inscribi
1731 2892 1817 2931 so-

240 2969 373 3032 lent,
403 2983 527 3023 ante
552 2972 733 3023 omnia
770 2973 1063 3023 notandum
1100 2981 1182 3022 est
1223 2971 1390 3024 fuisse
1424 2972 1566 3038 ipsas
1600 2985 1629 3022 a
1674 2969 1813 3022 Mer-

241 3063 353 3114 lino
380 3077 443 3114 ex
499 3062 662 3114 variis
704 3061 839 3115 locis
889 3061 1167 3122 collectas.
1200 3071 1253 3115 et
1283 3078 1347 3115 eo
1384 3061 1674 3115 collocatas
1719 3076 1811 3114 or-

239 3153 385 3216 dine,
412 3169 519 3222 quo
555 3156 693 3206 inter
738 3169 796 3206 se
832 3154 1104 3221 dispesitze
1135 3165 1450 3207 cernuntur.
1489 3152 1542 3206 Id
1592 3153 1704 3220 ipse
1761 3154 1810 3204 in
1845 3128 1888 3184 ο
1924 3172 2028 3209 non
2064 3152 2359 3207 clausulam

238 3244 475 3297 editione
508 3260 602 3296 sua
644 3246 709 3298 de
742 3246 805 3297 iis
840 3244 1098 3312 praefatus
1134 3254 1238 3298 est.
1273 3244 1425 3309 Quod
1477 3258 1814 3309 praeruonen-

242 3338 346 3390 dus
391 3338 488 3389 fuit
528 3339 718 3401 lector,
750 3355 818 3390 ne
869 3338 1101 3390 miretur
1155 3339 1428 3405 quomodo
1487 3337 1725 3401 diversa,
1761 3347 1815 3390 et

240 3444 431 3497 parum
476 3430 577 3484 sibi
618 3445 853 3497 congrua
892 3432 1131 3483 membra
1164 3430 1216 3483 in
1246 3446 1408 3483 unum
1450 3444 1647 3496 corpus
1684 3446 1817 3484 con-

240 3520 515 3576 ﬂuxerint.
570 3521 819 3593 Singulas
858 3539 999 3578 nunc
1051 3538 1294 3578 seorsum
1330 3537 1390 3576 ac
1418 3522 1692 3592 sigillatim
1724 3538 1817 3577 ex-

237 3616 528 3670 entiamus.

316 3708 495 3762 Prima
527 3710 593 3763 ab
632 3709 883 3778 Origcnis
906 3708 1050 3778 stylo
1085 3710 1301 3777 penitus
1322 3707 1495 3759 aliena
1528 3718 1609 3760 est
1638 3725 1651 3761 :
1682 3707 1815 3760 sim-

242 3804 362 3869 plex
390 3804 478 3857 ille
512 3812 667 3857 estet
704 3802 1004 3867 familiaris,
1029 3801 1262 3854 litteram
1307 3799 1541 3854 breviter
1572 3800 1817 3868 exponit,

243 3902 357 3947 tum
378 3895 574 3947 transit
596 3895 661 3947 ad
692 3893 981 3964 allegorias
1025 3902 1079 3945 et
1112 3892 1481 3962 tropologias;
1517 3893 1631 3946 haec
1654 3892 1818 3947 abun-

245 3988 340 4040 dat
361 3987 654 4041 schematis
678 3997 732 4041 et
760 3989 948 4056 tropis,
988 3988 1122 4042 ludit
1156 3990 1206 4040 in
1238 3987 1436 4049 verbis,
1464 3996 1519 4038 et.
1540 3986 1697 4039 aliter
1726 3989 1819 4040 de-

246 4081 410 4148 nique
440 4078 728 4145 clauditur,
758 4096 919 4149 quam
947 4080 1201 4134 homilias
1230 4091 1355 4132 suas
1386 4077 1648 4147 Origenes
1670 4077 1819 4130 clau-

1913 1875 2190 1944 nuscripto
2250 1873 2594 1927 Bibliotheca:
2654 1872 2835 1937 Regia:
2888 1871 3074 1927 codice
3131 1871 3273 1925 inter
3323 1869 3490 1923 multa

1916 1968 2198 2038 Augustini
2218 1966 2499 2037 opuscula.
2533 1966 2605 2020 De
2635 1976 2857 2019 auctore
2878 1976 3085 2019 certum
3112 1964 3245 2019 nihil
3267 1964 3495 2020 delinire

1919 2076 2158 2131 possum.

1985 2149 2061 2203 Ne
2085 2148 2296 2203 tertiam
2328 2146 2549 2215 quidem
2604 2147 2825 2217 Origeni
2856 2147 3118 2215 deputare
3156 2145 3356 2211 ausim,
3400 2161 3491 2202 re-

1914 2253 2186 2311 pugnante
2230 2241 2469 2294 clansnla
2506 2249 2559 2294 et
2587 2241 2730 2309 stylo
2776 2257 2789 2292 :
2825 2242 3073 2308 quamvis
3105 2240 3171 2293 ad
3212 2237 3494 2308 Origenia-

1915 2347 2041 2385 num
2099 2345 2347 2399 saporem
2402 2329 2629 2396 propius
2694 2328 2923 2382 accedat
2961 2344 3124 2395 quam
3176 2328 3492 2397 superiores

1914 2424 2067 2486 dine;
2112 2422 2373 2491 pauculas
2411 2421 2557 2475 enim
2618 2421 2881 2488 quasdam
2960 2421 3251 2489 allegorias
3306 2420 3487 2475 habet.

1914 2512 2109 2567 Prinne
2141 2522 2320 2565 tamen
2356 2511 2594 2564 similior
2610 2521 2874 2580 estquam
2898 2512 3174 2577 secundm,
3206 2511 3343 2565 adeo
3365 2527 3492 2566 cre-

1920 2607 2016 2661 bra
2055 2615 2136 2660 est
2173 2604 2360 2675 figuris
2383 2614 2439 2658 et
2471 2604 3012 2672 interrogationibus.
3048 2602 3301 2657 Latinum
3361 2606 3496 2658 scri-

1918 2707 2126 2766 ptorem
2179 2696 2349 2758 dicas,
2393 2702 2445 2747 et
2499 2692 2717 2762 quidem
2751 2693 3079 2762 Hieronymo
3112 2693 3490 2747 recentiorem.

1918 2789 2060 2843 Idem
2110 2796 2227 2842 esto
2261 2789 2325 2841 de
2359 2797 2548 2855 quarta
2574 2785 2791 2839 homilia
2813 2784 3102 2853 judicium,
3132 2800 3293 2853 quam
3331 2786 3492 2840 exhi-

1918 2880 2044 2935 bent
2076 2893 2289 2949 quoque
2321 2878 2659 2933 Lectionaria
2700 2876 2877 2946 Regia:
2901 2878 3267 2932 Bibliothecze.

1991 2973 2189 3027 Eadem
2214 2981 2269 3025 et
2301 2971 2547 3040 quintam
2575 2970 2854 3025 homiliam
2887 2970 3168 3035 exhibent,
3199 2982 3321 3038 qua:
3360 2965 3494 3021 nihil

1921 3062 2306 3134 Origenianum
2352 3062 2534 3131 habet,
2581 3077 2685 3115 non
2746 3061 2967 3131 stylum,
3016 3076 3121 3115 non
3183 3061 3492 3130 allegorias,

2404 3170 2418 3206 :
2459 3153 2634 3206 oratio
2668 3153 2907 3216 concisa,
2951 3152 3496 3223 «lissoliita,écmpa-

1920 3246 2171 3318 τισμένη.
2208 3246 2427 3299 Initium
2454 3245 2711 3309 homilia),
2743 3245 2882 3312 quod
2908 3244 3158 3313 Origcnis
3187 3246 3484 3300 doctrinam

1930 3344 2093 3410 sapit,
2126 3337 2416 3392 lectoribus
2445 3338 2718 3406 imposuit.
2746 3335 2874 3390 Vide
2903 3347 3104 3391 tomum
3137 3354 3169 3391 x
3207 3338 3261 3391 in
3302 3338 3496 3391 Matth.

1926 3450 2071 3488 nam.
2109 3432 2164 3496 t,
2192 3432 2411 3485 easdem
2449 3431 2562 3485 fere
2585 3430 2825 3499 reperies
2850 3431 3165 3485 sententias.
3206 3430 3358 3497 Quod
3388 3430 3495 3483 nisi

1926 3526 2087 3582 dubia
2111 3534 2255 3579 esset
2286 3523 2644 3593 lnterpretum
2675 3524 2828 3589 fides,
2876 3523 3192 3591 scriptorem
3247 3520 3495 3575 Latinum

1921 3618 2358 3689 essejudicarem
2383 3633 2449 3671 ex
2476 3617 2559 3671 his
2579 3616 2757 3671 verbis
2790 3635 2801 3669 :
2834 3633 2853 3666 ι
2886 3615 2999 3687 (l7)
3025 3615 3157 3671 Cum
3176 3631 3326 3684 ager,
3356 3626 3499 3684 quou

1926 3714 1979 3767 in
2012 3729 2076 3768 eo
2099 3712 2301 3780 aliquid
2359 3721 2573 3777 agatur,
2605 3711 2688 3765 vel
2731 3710 2855 3763 villa
2907 3726 2935 3763 a
2996 3708 3499 3764 circumvallationc

1923 3806 2129 3870 limitis,
2162 3807 2263 3859 hoc
2288 3812 2373 3858 est
2399 3804 2696 3857 munitione
2720 3802 2978 3857 custodiae
3019 3817 3213 3856 nomen
3268 3815 3497 3865 accepe-

1924 3901 2017 3962 rit,
2076 3912 2315 3967 congrue
2377 3896 2783 3965 dispensatione
2833 3895 3015 3949 carnis
3070 3894 3163 3948 illo
3221 3895 3500 3961 ingressus

1926 3991 2189 4045 asseritur
2215 3990 2495 4054 Dominus,
2527 4005 2635 4058 quo
2659 4005 2756 4059 per
2782 3988 2997 4042 deitatis
3033 3996 3242 4058 portam
3262 3986 3495 4040 circum-

1927 4084 2103 4137 dando
2135 4084 2416 4136 attrahens
2448 4084 2515 4135 ad
2550 4081 2923 4136 credulitatem
2977 4079 3306 4142 incredulos,
3333 4087 3387 4133 et
3412 4093 3498 4131 sa—

319 4259 435 4327 (l7)
468 4258 600 4313 Cum
637 4276 785 4328 ager,
822 4258 965 4327 quod
1015 4260 1070 4310 in
1108 4274 1166 4310 eo
1212 4257 1415 4325 aliquid
1473 4226 1688 4329 agatur,
1724 4267 1829 4312 etc.
1864 4269 1908 4323 ι)
1939 4270 2211 4329 poterant,
2245 4260 2368 4327 quia
2407 4274 2542 4329 quos
2590 4256 2911 4312 delictorum
2954 4259 3165 4311 sarcina
3220 4254 3496 4323 deprimit,

250 4330 376 4384 llzec
435 4330 627 4393 verba,
674 4327 847 4394 atque
923 4329 1314 4397 przecedcntia,
1380 4345 1398 4377 ι
1443 4327 1825 4395 Capharnaum

251 4416 485 4470 namque
516 4402 902 4468 interpretatur
944 4415 1068 4467 ager
1126 4397 1218 4470 vel
1255 4397 1379 4450 villa
1430 4398 1826 4470 consolationis.

246 4473 380 4525 Cum
398 4468 557 4539 ager,
599 4489 618 4521 ι
647 4480 782 4531 etc.,
824 4484 928 4520 non
965 4478 1181 4522 exstant
1209 4468 1260 4519 in
1295 4468 1546 4521 omnibus
1578 4468 1642 4539 iis
1668 4478 1830 4536 quot-

249 4550 381 4608 quot
417 4538 522 4593 vidi
560 4539 802 4607 antiquis
857 4539 1175 4591 homiliariis
1221 4554 1380 4591 manu
1432 4538 1692 4600 exaratis,
1745 4539 1832 4591 ubi

254 4614 444 4664 horum
484 4611 768 4663 verborum
795 4610 913 4662 loco
951 4608 1138 4672 legitur
1173 4622 1186 4658 :
1228 4626 1245 4657 ι
1291 4608 1399 4661 Cur
1444 4608 1513 4661 ibi
1551 4610 1834 4677 ingressus

252 4681 378 4733 est?
410 4678 637 4747 Propter
674 4681 772 4731 hoc.
800 4680 941 4746 quod
973 4689 1026 4731 et
1061 4678 1284 4747 invenit,
1310 4687 1362 4731 et
1390 4679 1572 4747 statim
1607 4678 1837 4730 manife-

253 4765 395 4802 stum
422 4746 531 4805 est.
558 4750 789 4802 Accessit
818 4748 885 4800 ad
912 4765 1029 4801 eum
1075 4746 1330 4800 Centurio
1359 4746 1577 4815 (Matth.
1608 4762 1724 4809 vm,
1755 4748 1832 4818 5).

252 4823 496 4874 Accessit
554 4836 713 4883 vere;
789 4836 891 4871 non
965 4819 1250 4883 dimidius,
1301 4821 1395 4871 sed
1445 4828 1590 4871 totus
1644 4836 1657 4871 :
1727 4834 1831 4873 non

257 4900 476 4957 aspectu
508 4891 748 4959 rorporis
772 4898 999 4951 tantum,
1042 4889 1206 4942 sedet
1234 4889 1425 4941 anima:
1456 4888 1789 4959 plenitudine
1818 4904 1829 4938 :

257 4978 360 5013 non
393 4960 527 5013 facie
561 4958 788 5025 tantum,
817 4962 981 5012 sedet
1015 4959 1360 5011 immaculato
1381 4961 1563 5011 corde.
1601 4977 1619 5007 ι
1662 4958 1754 5011 Sic
1780 4968 1836 5012 et

256 5030 407 5082 initio
431 5032 665 5084 ltomili:e
708 5047 803 5097 pro
830 5030 912 5082 his
938 5030 1117 5082 verbis
1146 5047 1158 5081 :
1191 5028 1573 5081 «Descendente
1616 5027 1744 5081 Jesu
1770 5031 1835 5082 dc

252 5111 442 5159 monte,
458 5113 644 5154 secuta?
658 5110 781 5153 sunt
799 5101 964 5151 turba:
982 5102 1158 5152 multa:
1175 5097 1535 5165 (Matth.vm,t
1549 5098 1587 5167 ).
1602 5098 1834 5151 Docente

263 5186 388 5223 vero
423 5170 650 5223 Domino
712 5174 761 5223 in
800 5181 1009 5230 monte,
1042 5169 1291 5236 discipuli
1329 5179 1486 5221 erant
1528 5185 1651 5222 cum
1694 5169 1832 5237 ipso,

255 5240 453 5308 quibus
478 5244 660 5293 datum
701 5252 817 5293 erat
856 5242 1091 5292 ctelcstts
1129 5240 1393 5291 doctrinze
1426 5254 1586 5293 nosse
1614 5250 1824 5292 scereta

256 5328 349 5379 per
377 5326 495 5378 qua:
543 5311 734 5363 salutis
772 5312 997 5363 scientia
1035 5311 1324 5362 hrutorum
1367 5312 1531 5361 corda
1578 5311 1831 5379 salirent,

261 5396 643 5447 t‘:t.".'0l'lltltt|tle
669 5381 839 5433 oculis
868 5394 963 5448 per
1004 5380 1291 5432 mundana:
1338 5378 1714 5433 delectationis
1748 5386 1833 5433 te-

258 5453 450 5503 nebras
495 5452 853 5518 caligantibus
906 5452 1095 5503 lucem.
1136 5448 1509 5518 patefacerent
1552 5451 1818 5502 Veritatis.

259 5521 409 5573 Unde
448 5532 503 5574 et
556 5517 813 5573 ltotttinus
858 5523 921 5572 ad
973 5534 1107 5572 eos:
1152 5517 1253 5572 Vos
1306 5524 1450 5582 estis,
1510 5521 1703 5586 inquit,
1746 5519 1827 5572 sul

254 5601 431 5653 terra’,
470 5607 556 5643 vos
583 5596 703 5643 estis
751 5600 805 5642 et
834 5591 1035 5641 luinina
1060 5591 1239 5641 mundi
1265 5589 1478 5657 (Matth.
1504 5604 1555 5650 v,
1598 5590 1685 5652 15,
1716 5590 1827 5658 14).

258 5661 412 5713 Nunc
435 5675 560 5713 vero
601 5662 961 5714 descendente
992 5676 1056 5711 eo
1087 5665 1153 5712 de
1184 5671 1386 5721 monte,
1432 5662 1598 5712 turbae
1631 5675 1831 5713 secuta:

256 5739 381 5786 sunt
400 5745 521 5784 eum
550 5746 561 5782 :
586 5731 637 5785 iu
666 5740 898 5785 tuentem
928 5730 1136 5784 scilicet
1163 5734 1457 5784 ascendere
1487 5745 1828 5801 nequaquam

1939 4328 2004 4382 ad
2042 4332 2429 4400 mysteriorum
2459 4328 2708 4400 Sublimia
2744 4328 2843 4381 nisi
2880 4332 3089 4400 abiecto
3135 4341 3495 4400 0i_iere_sc_an-

1938 4401 2067 4453 dere
2095 4396 2317 4453 minime
2351 4399 2550 4452 valent.
2582 4399 2786 4452 Idcirco
2809 4409 2860 4451 et
2896 4399 2989 4450 lilii
3030 4397 3191 4451 Israel
3244 4396 3497 4463 prirnitns

1941 4470 1993 4521 in
2029 4479 2263 4523 montem
2319 4470 2614 4523 ascendere
2653 4486 2756 4521 non
2789 4478 3039 4534 p0terant
3065 4468 3129 4518 ad
3174 4465 3495 4519 obviandum

1944 4540 2068 4614 Deo,
2096 4541 2216 4607 quia
2246 4539 2577 4614 {Egyptiaca
2591 4539 2803 4614 gravati
2849 4538 3264 4593 conversatione
3294 4549 3495 4614 priqpe-

1940 4611 2245 4670 dielianlur,
2277 4607 2367 4662 seu
2399 4610 2542 4660 solus
2563 4610 2791 4679 Moyses,
2823 4620 2960 4672 etc.;
3004 4627 3023 4657 ι
3061 4607 3497 4679 ιιιδεμηυδιιηΓΙιει-

1940 4680 2062 4733 bent
2100 4702 2110 4734 ε
2144 4681 2409 4734 «Det-erile
2431 4682 2479 4731 in
2503 4678 2682 4731 monte
2707 4681 2949 4741 Domino,
2970 4678 3214 4743 discipuli
3238 4684 3499 4728 venerunt

1938 4752 2004 4802 ad
2035 4765 2158 4803 eum
2196 4753 2334 4803 sicut
2375 4750 2600 4809 alacres,
2634 4752 2769 4801 sicut
2806 4749 3106 4811 domestici,
3138 4748 3279 4800 sicut
3308 4746 3493 4813 proxi-

1940 4821 2032 4883 Itti,
2067 4823 2210 4875 sicut
2246 4820 2401 4872 :ttnici
2436 4819 2515 4869 vel
2545 4820 2760 4875 fratres.
2786 4819 2908 4873 Ideo
2933 4819 3005 4871 ait
3047 4828 3099 4871 et
3138 4817 3397 4871 Domitius
3427 4815 3493 4867 atl

1937 4906 2031 4943 eos
2071 4910 2082 4943 :
2137 4889 2234 4944 Vos
2289 4892 2412 4942 estis
2457 4891 2538 4941 sal
2584 4900 2756 4955 teme,
2783 4900 2963 4951 et,vos
2993 4890 3115 4941 estis
3157 4888 3251 4940 tua:
3307 4885 3489 4937 mundi

1938 4960 2151 5028 (Matth.
2183 4960 2355 5024 v,15,
2400 4960 2510 5025 14).
2566 4959 2716 5013 lNunc
2746 4975 2873 5013 vero
2919 4960 3275 5011 tlescetiilettte
3325 4972 3389 5009 eo
3433 4958 3498 5007 tle

1938 5042 2142 5097 monte,
2179 5032 2348 5083 turba:
2386 5039 2584 5082 secuta:
2638 5039 2765 5083 sunt
2815 5046 2959 5093 eum,
3001 5044 3122 5095 quae
3165 5030 3215 5081 in
3263 5035 3495 5097 montem

1936 5095 2233 5156 ascendere
2265 5116 2367 5153 non
2416 5110 2707 5166 potuerunt
2740 5110 2797 5153 ut
2829 5101 2963 5169 pigri
3001 5101 3201 5168 populi,
3240 5095 3497 5169 tttrnegli-

1936 5181 2143 5237 gentes,
2179 5187 2235 5224 ut
2272 5170 2593 5239 imperfecti.
2626 5170 2699 5222 ita
2737 5181 2791 5223 et
2824 5166 2914 5223 lilii
2954 5166 3117 5223 Israel
3163 5168 3409 5239 primitus
3443 5166 3495 5216 in

1937 5251 2174 5295 montem
2210 5237 2503 5294 ascendere
2544 5256 2647 5292 non
2679 5242 2961 5294 valuerunt
3016 5260 3027 5293 :
3070 5247 3135 5293 ad
3165 5237 3491 5291 obviaudnm

1935 5312 2047 5365 Deo
2083 5327 2306 5381 pergere
2346 5327 2449 5363 non
2475 5319 2768 5378 potuerunt
2804 5323 3023 5378 propter
3052 5327 3201 5363 suam
3236 5306 3499 5381 irreligio-

1936 5376 2148 5436 sitalém
2181 5376 2235 5436 ἐι
2265 5376 2618 5448 itltpietatetn,
2654 5382 2746 5435 sed
2777 5376 2922 5435 solus
2952 5381 3183 5450 Moyses,
3217 5398 3235 5429 ι
3265 5388 3370 5430 etc.
3405 5376 3499 5428 Sic

1934 5451 2169 5519 denique
2215 5462 2267 5506 et
2310 5453 2447 5511 haec,
2489 5463 2543 5504 et
2588 5452 2708 5505 alia:
2760 5452 3025 5519 pleraeque
3076 5450 3327 5512 humilim,
3365 5461 3499 5512 quas

1941 5524 2041 5575 sub
2069 5523 2317 5590 Urigenis
2365 5522 2579 5575 nomine
2620 5520 2875 5575 Merlinus
2909 5522 3097 5581 edidit,
3139 5532 3497 5590 pueterquam

1934 5594 2078 5664 quod
2109 5586 2316 5664 mendis
2341 5594 2795 5664 ubiquescateut,
2843 5607 2907 5643 ac
2945 5586 3154 5664 lacunis
3205 5586 3501 5664 innumeris

1940 5663 2173 5723 inhiant,
2214 5662 2441 5729 plurima
2477 5663 2675 5715 habent
2722 5664 2924 5715 intexta
2953 5677 3076 5726 qua:
3110 5663 3162 5715 in
3199 5662 3499 5716 manuscri—

1935 5734 2040 5801 piis
2077 5732 2395 5787 liomiliariis
2424 5733 2581 5786 aliter
2607 5740 3082 5798 reprmseutantma
