3838 6222
321 253 458 308 1279

1592 250 1645 305 Ρ.
1691 250 2005 308 DANIELIS
2043 252 2277 308 HUETII

3438 262 3587 310 Νὴ)

324 375 515 428 uitatis
546 370 863 427 miraculum
887 382 1006 428 erat
1052 381 1292 427 acturus.
1325 390 1343 423 ι
1380 372 1421 427 A
1451 371 1637 442 prima:
1665 373 1898 428 homilia:
1927 381 1971 435 Α
2001 390 2296 446 synonyma
2320 412 2336 439 ,
2397 375 2730 435 antitheses,
2799 373 3120 439 allttsiones,
3177 372 3390 427 colores
3462 385 3585 428 arte

321 466 465 537 stylo
493 481 682 537 parum
717 467 987 521 dissentit.

391 558 552 613 Sexta
600 558 822 612 homilia
870 559 1080 628 primis,
1117 557 1311 621 tertize,
1346 564 1556 628 quartae
1616 572 1680 613 ac
1726 558 1895 627 quin-

320 659 407 715 tae,
433 650 526 704 sed
558 650 730 703 tertiae
754 650 1095 718 potissimum
1126 649 1317 705 similis
1360 659 1460 711 est.
1488 650 1651 722 stylo,
1687 652 1894 721 ﬁguris,

319 739 599 807 clausula;
637 745 776 795 unde
805 756 833 794 a
881 741 1075 795 Latino
1121 757 1337 813 quoque
1390 742 1609 796 homine
1637 743 1895 811 scriptam

320 832 669 887 arbitramur.
722 832 833 905 (l8)
860 832 969 888 Nec
1000 835 1159 889 aliter
1216 836 1283 889 de
1316 837 1543 905 septima
1568 835 1894 903 judicamns,

326 922 453 977 licet
481 924 717 978 clausula
746 934 950 980 careat.
999 926 1111 996 (l9)
1176 927 1478 998 Utramque
1538 936 1898 997 repraesentat

321 1014 694 1069 lectionarinm
735 1019 1003 1086 quoddam
1058 1018 1235 1089 [legite
1271 1019 1617 1074 Bibliotheca:
1666 1039 1680 1074 :
1722 1030 1777 1074 et
1817 1034 1899 1074 sc-

324 1109 545 1176 ptimatn
586 1110 801 1179 quidem
837 1112 939 1166 hoc
963 1112 1114 1166 initio
1154 1129 1167 1163 :
1206 1130 1225 1163 ι
1266 1112 1508 1177 Fratres,
1542 1112 1674 1166 dicit
1702 1113 1897 1182 aliquis

331 1213 398 1253 ex
430 1201 601 1266 vobis,
633 1199 732 1256 feci
763 1212 979 1271 peccata
1018 1205 1182 1258 nmlta
1208 1214 1264 1258 et
1300 1220 1492 1275 magna
1527 1222 1539 1257 :
1572 1214 1627 1260 et
1659 1206 1783 1276 quis
1824 1222 1891 1260 ex

322 1293 473 1346 vobis
501 1303 584 1346 est
620 1294 710 1362 qui
776 1311 879 1349 non
931 1298 1157 1365 peccet?
1189 1297 1269 1351 Tu
1332 1299 1439 1364 dic,
1501 1299 1682 1356 erravi
1731 1314 1895 1368 super

321 1399 510 1438 omnes
548 1387 816 1441 homines.
852 1388 1065 1443 Suﬂicit
1107 1390 1201 1444 tibi
1242 1390 1294 1445 in
1327 1392 1597 1448 sacrificio
1639 1392 1738 1447 ista
1766 1409 1894 1447 con-

324 1476 510 1531 fessio.
546 1479 641 1533 Dic
673 1489 727 1534 tu
760 1481 911 1549 prior
972 1482 1290 1551 iniquitates
1334 1491 1475 1551 tuas,
1524 1493 1582 1539 ut
1623 1485 1893 1555 jnstilice-

323 1567 398 1622 ris
427 1568 489 1620 ³⁸.
527 1570 803 1638 Cognosce
828 1582 898 1637 te,
922 1574 1171 1642 quoniam
1209 1586 1460 1642 peccator
1500 1590 1560 1631 es
1590 1593 1601 1626 ε
1630 1577 1769 1632 habe
1802 1580 1896 1631 tri-

330 1660 553 1726 stitiam,
591 1678 712 1717 cum
768 1666 1101 1720 converteris
1136 1684 1148 1719 :
1177 1679 1294 1721 esto
1330 1683 1393 1721 ac
1421 1669 1465 1722 si
1492 1670 1813 1738 desperatus
1834 1679 1890 1723 et

331 1764 594 1819 maestus;
626 1755 718 1807 sed
747 1766 800 1807 et
824 1755 1091 1825 lacrymas
1115 1769 1465 1827 compunctus
1492 1759 1724 1815 ell'unde.
1746 1762 1896 1815 Nun-

322 1844 450 1912 quid
484 1844 687 1913 aliquid
721 1847 867 1901 aliud
902 1846 1002 1901 fuit
1056 1848 1109 1901 in
1165 1852 1475 1915 meretrice,
1512 1868 1678 1921 quam
1726 1853 1897 1924 lacry-

320 1950 531 1989 tnarum
555 1936 783 1991 ellusio?
804 1947 859 1993 et
881 1953 945 1992 ex
980 1938 1081 1994 hac
1126 1940 1442 2009 profusione
1467 1944 1677 2007 invenit
1708 1948 1895 2015 praesi—

322 2025 492 2091 dium,
529 2035 583 2080 et
607 2037 829 2096 accepta
888 2029 1081 2083 fiducia
1112 2032 1341 2085 accessit
1365 2033 1431 2086 ad
1467 2034 1674 2089 fontem
1709 2036 1893 2090 Domi-

321 2130 447 2168 num
472 2113 677 2171 Jesum.
732 2117 838 2171 Sed
875 2120 1160 2174 veniamus
1193 2122 1256 2175 ad
1299 2138 1543 2181 causam.
1598 2126 1735 2192 Quid
1766 2144 1896 2198 ergo

318 2209 688 2276 evangelista?
727 2209 796 2264 Et
836 2212 957 2266 inde
999 2214 1255 2267 transiens
1316 2215 1572 2271 Dominus
1623 2217 1781 2274 Iesus
1837 2223 1893 2275 in

319 2308 491 2365 partes
521 2299 668 2369 Tyri,
700 2311 748 2354 et
775 2299 1010 2369 Sidonis,
1039 2312 1087 2355 et
1122 2319 1237 2356 ecce
1265 2304 1456 2359 mulier
1484 2305 1785 2360 Cltsnanaza
1824 2308 1892 2365 ⁸⁸.

322 2388 453 2442 Mira
490 2406 593 2453 res,
621 2406 653 2443 ο
683 2390 1022 2461 Evangelista
1050 2393 1063 2447 !
1104 2410 1124 2445 ›
1168 2392 1394 2464 Reliqua
1426 2407 1484 2452 ut
1509 2397 1561 2452 in
1588 2397 1747 2453 libris
1775 2399 1893 2453 edi-

322 2481 389 2533 tis
418 2493 682 2550 concepta
715 2492 863 2537 sunt.

389 2569 541 2637 Quod
576 2573 642 2626 de
692 2573 936 2643 proxime
966 2576 1423 2642 praecedentibus,
1457 2578 1598 2634 idem
1630 2581 1894 2638 sentimus

318 2661 385 2716 de
411 2663 638 2727 Octava,
664 2680 783 2734 qua:
813 2665 1097 2722 rhetoricis
1144 2670 1431 2740 pigmentis
1475 2686 1759 2742 perspersa
1790 2684 1894 2729 est.

326 2756 380 2810 ld
406 2758 590 2812 Olfecit
641 2757 918 2822 Merlinus,
951 2769 1006 2812 et
1038 2759 1290 2833 Origenis
1330 2760 1531 2832 stylum
1578 2770 1894 2832 neutiquam

324 2849 528 2903 referre
560 2864 679 2903 eam
719 2851 1000 2905 confessus
1032 2862 1131 2911 est,
1190 2868 1360 2923 seque
1412 2856 1513 2908 hoc
1572 2871 1683 2911 uno
1733 2872 1894 2926 argu-

322 2953 503 2995 mento
543 2943 744 2995 dudum
779 2941 1125 3012 Origenianis
1159 2946 1379 3013 scriptis
1405 2947 1721 3009 inseruisse,
1749 2950 1893 3018 qttod

1997 465 2245 536 quaesiti:
2310 480 2431 533 qua:
2483 465 2662 517 omnia
2725 463 3106 534 Origenianam
3170 462 3586 532 simplicitatem

1998 571 2108 609 non
2150 555 2390 624 sapiunt.
2442 553 2727 623 Alit-goria:
2751 567 3010 623 praeterea
3048 554 3227 617 nullae,
3264 552 3426 606 nullze
3464 562 3584 605 tro-

1998 645 2244 716 pologtae.
2277 646 2480 716 Siquid
2513 646 2827 715 conjectura
2874 647 3047 713 valeo,
3097 648 3427 717 scriptorem
3472 642 3588 700 La-

2002 740 2171 794 tinum
2202 739 2452 793 dixerim.

2071 835 2142 890 Ea
2173 844 2324 891 certe
2345 845 2427 890 est
2461 833 2670 903 primae,
2712 834 2906 896 tertiae,
2940 842 3167 902 quartas,
3198 832 3425 897 QlllllL‘B,
3451 847 3587 887 sex—

2000 938 2090 994 tae,
2124 929 2391 999 Septimm,
2422 939 2631 983 octavae
2682 937 2736 981 et
2766 927 2990 980 det-imm
3029 926 3384 992 congruentia
3434 925 3587 979 inter

2007 1036 2067 1075 se
2090 1029 2144 1074 et
2166 1018 2626 1088 similitudo,‘(20)
2656 1029 2714 1071 ut
2746 1032 2883 1087 pene
2912 1016 3183 1071 allirmare
3205 1016 3379 1070 ausim
3415 1018 3589 1071 unius

1997 1126 2116 1168 esse
2174 1127 2363 1166 omnes
2406 1122 2460 1164 et
2510 1111 2752 1179 ejusdem
2798 1111 3078 1175 auctoris;
3116 1120 3279 1176 atque
3317 1109 3455 1180 ejus,
3526 1120 3591 1163 ut

1997 1202 2130 1266 dixi,
2179 1201 2397 1256 Latini:
2444 1202 2675 1256 secunda
2745 1201 2968 1255 alterius
3045 1210 3125 1255 est
3202 1198 3503 1270 Scriptoris
3565 1217 3583 1253 :

1996 1307 2138 1346 nona
2190 1299 2418 1345 consula
2473 1301 2571 1354 est,
2610 1289 2808 1358 triplicl
2856 1289 3017 1343 trium
3069 1290 3396 1359 scriptormn
3458 1290 3584 1344 fra-

1995 1391 2236 1450 gmento.
2288 1382 2371 1436 Ab
2401 1379 2638 1449 Origene
2666 1390 2849 1433 antem
2886 1378 3028 1431 nulla
3073 1384 3285 1448 penitus
3330 1380 3587 1451 profecta

1996 1483 2100 1535 est,
2125 1483 2486 1541 prmterqnam
2520 1473 2666 1542 prior
2693 1471 2779 1524 illa
2816 1487 2971 1524 nume
3001 1472 3287 1539 particula.

2072 1570 2155 1623 Vl.
2190 1569 2414 1624 Michael
2445 1568 2752 1625 GhI-slerins
2790 1570 2840 1621 in
2871 1569 3190 1622 Prwfationc
3225 1567 3293 1622 ad
3343 1582 3475 1623 suos
3528 1568 3591 1621 in

2002 1662 2285 1716 Jeremiam
2316 1662 2776 1723 Commentarios,
2806 1677 2929 1729 cap.
2963 1661 3019 1722 7,
3052 1675 3265 1729 paragr.
3296 1660 3355 1724 4,
3391 1672 3590 1714 narrat

2001 1755 2051 1806 in
2094 1754 2354 1808 Vaticano
2406 1755 2639 1820 quodam
2688 1753 2879 1807 codice
2942 1753 3131 1807 Gra‘co
3186 1762 3431 1820 repertas
3476 1755 3590 1806 sibi

1998 1843 2250 1915 Origenis
2282 1845 2538 1899 homilias
2580 1846 2635 1897 in
2680 1843 2968 1898 Jeremiam
3004 1846 3231 1913 viginti;
3276 1859 3592 1911 earumque

1998 1936 2497 2003 postremam,'etsi
2555 1937 2607 1991 id
2662 1936 2932 1991 indicaret
2983 1937 3189 2003 titulus,
3230 1952 3587 2006 nequaquam

2000 2039 2179 2085 tamen
2209 2031 2273 2082 ad
2307 2029 2596 2099 Origenem
2627 2014 2979 2098 pertinuisse.
3014 2028 3297 2083 Salmcctit
3326 2038 3587 2097 postmo-

1997 2124 2121 2175 dum
2166 2137 2228 2176 ea
2259 2121 2372 2192 jam
2403 2122 2547 2176 edita
2581 2121 2931 2190 comperiisse
2960 2136 3019 2175 se
3053 2137 3159 2174 non
3190 2120 3448 2189 Origenis
3483 2121 3589 2173 lm-

2000 2212 2227 2273 tniliam,
2260 2213 2361 2265 sed
2403 2212 2665 2279 insignem
2713 2224 2834 2264 esse
2878 2209 3175 2264 Clementis
3217 2209 3587 2263 Alexandrini

1998 2302 2333 2367 Tractatum,
2367 2302 2519 2369 cujus
2564 2302 2934 2355 meminerunt
2980 2301 3262 2363 Eusebius,
3311 2299 3593 2370 Hierony.

1996 2411 2117 2451 Inus
2178 2404 2229 2450 et
2272 2394 2517 2458 Photius,
2550 2396 2747 2465 quippe
2800 2397 2873 2451 ita
2906 2394 3195 2465 inscriptus
3233 2393 3334 2448 fuit
3364 2411 3384 2449 :
3421 2394 3523 2460 Τίς
3555 2396 3594 2447 ό

1996 2487 2330 2557 σωζόμενος
2358 2489 2693 2553 πλούσιοςέ

2070 2577 2178 2634 Vll.
2206 2578 2420 2633 Scholia
2455 2580 2510 2634 in
2542 2579 2850 2634 Orationem
2889 2579 3237 2645 Dominicam,
3268 2589 3322 2633 et
3345 2577 3585 2633 Cantica

1996 2671 2059 2726 Β.
2094 2671 2350 2739 Virginis,
2374 2672 2652 2727 Zachariae
2697 2683 2752 2731 et
2778 2674 3047 2728 Simeonis
3080 2672 3271 2727 Graece
3304 2689 3428 2726 cum
3476 2688 3585 2727 sit;

2000 2764 2447 2833 interpretatione
2484 2764 2679 2818 Latina
2712 2764 2893 2830 tedidit
2945 2764 3237 2818 Federicus
3293 2763 3587 2828 Morellus,

2000 2858 2100 2913 Sttb
2130 2858 2349 2912 nomine
2376 2856 2643 2926 Origenis,
2670 2856 2807 2920 sive,
2832 2866 2889 2910 ut
2913 2857 3025 2925 ipse
3053 2856 3323 2923 apposuit,
3349 2856 3587 2909 alterius

1997 2949 2238 3005 dot-toris
2269 2948 2589 3021 συγχρὸνου,
2613 2962 2782 3016 eaque
2807 2962 2866 3001 se
2906 2962 2936 3001 e
2964 2947 3132 3001 veteri
3186 2948 3583 3014 manuscripto

323 3047 351 3084 a
371 3034 552 3085 multis
579 3044 801 3101 putetur
821 3049 945 3088 esse
965 3036 1297 3101 Adamantii,
1322 3048 1377 3090 et
1410 3038 1550 3091 inter
1581 3040 1695 3108 ejus
1729 3056 1891 3109 Opera
1921 3059 1965 3119 ο
1999 3041 2183 3097 codice
2210 3056 2274 3095 ex
2304 3041 2451 3095 Italis
2484 3039 2824 3094 bibliothecis
2859 3038 3103 3107 profecto
3136 3039 3419 3107 selegisse,
3472 3056 3583 3094 ex-

324 3134 538 3190 reperta
575 3125 667 3180 sit.
720 3124 851 3179 Eam
880 3136 1059 3179 autem
1094 3126 1236 3181 inter
1274 3143 1440 3197 opera
1484 3128 1621 3185 falso
1658 3133 1893 3203 ascripta

320 3210 648 3283 Hieronymo
676 3218 852 3283 posuit
876 3216 1147 3273 Victorius
1175 3228 1320 3273 tomo
1346 3237 1509 3277 nouo.

392 3304 621 3359 llontilia
655 3322 794 3360 nona
826 3310 1082 3364 membris
1107 3310 1281 3365 tribus
1312 3312 1363 3365 in
1394 3329 1557 3367 unmn
1595 3316 1895 3383 compactis

321 3396 553 3451 Conﬂata
589 3408 690 3453 est.
718 3398 850 3453 Pars
883 3401 1031 3468 prior
1054 3403 1186 3455 nihil
1212 3405 1355 3459 aliud
1384 3417 1466 3461 est
1501 3422 1661 3474 quant
1704 3407 1896 3476 Orige—

323 3487 474 3540 niani
510 3496 776 3541 tractatus
808 3492 1067 3545 triresimi
1100 3497 1279 3561 quarti
1329 3498 1380 3550 in
1432 3498 1739 3553 Mattluenm
1772 3516 1898 3568 por-

327 3579 431 3641 tio;
464 3578 602 3631 unde
635 3582 894 3634 nonnulla
932 3585 1182 3640 consulto
1213 3600 1483 3657 expuncta
1532 3599 1691 3655 sunt;
1747 3591 1897 3659 quod

326 3670 390 3723 its
422 3671 667 3725 doctrina
699 3674 880 3729 minus
903 3689 1032 3729 sana
1059 3680 1451 3734 contineretur.
1501 3680 1575 3735 Ea
1608 3698 1736 3736 vero
1771 3698 1897 3751 pars

323 3776 443 3829 quae
469 3764 535 3818 ab
560 3765 641 3818 his
659 3766 870 3820 orditur
894 3770 1078 3824 verbis
1111 3788 1124 3823 :
1159 3788 1178 3821 ι
1214 3773 1254 3824 Α
1295 3773 1565 3841 plerisque
1606 3775 1894 3829 conscien-

324 3852 397 3904 tia
422 3854 685 3923 accipitur
728 3868 1093 3925 peccatorum,
1128 3877 1147 3910 ι
1184 3870 1316 3924 etc.,
1350 3872 1403 3916 et
1435 3863 1486 3916 in
1538 3864 1604 3918 iis
1648 3864 1847 3917 desinit
1881 3882 1895 3919 :

330 3963 349 3995 ι
388 3944 523 3999 Miro
548 3948 700 4002 valde
728 3953 885 4003 modo
914 3952 1098 4019 paucis
1126 3954 1306 4007 verbis
1335 3969 1627 4022 expressus
1647 3966 1731 4010 est
1762 3957 1900 4026 ignis

326 4035 599 4100 gehennae,
631 4058 649 4090 ι
684 4040 962 4111 desumpta
992 4056 1163 4097 estex
1194 4044 1332 4098 libro
1365 4045 1898 4100 Commentariorum

329 4127 638 4199 Hieronymi
678 4132 731 4183 in
789 4132 1016 4188 Isaiam.
1077 4134 1301 4203 Reliqua
1345 4137 1704 4205 suppeditavit
1738 4147 1901 4208 caput

329 4218 414 4279 l7,
454 4220 573 4273 libri
609 4237 639 4273 v
695 4219 989 4276 Moralium
1021 4224 1268 4293 Gregorii
1301 4226 1501 4295 Magni.

397 4312 994 4387 Decimambomiliam
1049 4335 1153 4371 tmn
1204 4334 1326 4372 esse
1392 4318 1642 4389 Origenis
1696 4319 1878 4372 statim

1997 3135 2307 3201 scripsisse,
2331 3131 2675 3186 transtulisse
2698 3130 2958 3185 declarat.
2992 3129 3047 3185 lu
3078 3131 3191 3199 ipso
3224 3129 3584 3184 Scholiorutn

2002 3224 2157 3278 titulo
2205 3222 2394 3277 Cra-co
2450 3237 2642 3276 nomen
2674 3222 2926 3290 Origenis
2957 3222 3270 3289 neutiquam
3296 3220 3584 3284 olfendas,

1998 3315 2090 3369 sed
2120 3315 2246 3367 illud
2279 3316 2543 3367 duntaxat
2577 3330 2591 3363 :
2636 3314 2985 3382 Ἀνωνύμου
3018 3313 3243 3382 σχόλια
3269 3316 3360 3377 εἰς
3378 3314 3593 3381 εὐχὴν

1999 3404 2316 3474 κυριακήν.
2336 3405 2488 3462 Unde
2512 3406 2581 3460 ab
2603 3406 2719 3475 ipso
2738 3405 3166 3459 lllorello'nonnm
3180 3404 3431 3473 Origenis
3448 3422 3592 3472 snp-

2002 3499 2239 3567 positum
2270 3497 2536 3565 suspicor.
2571 3496 2714 3553 Bene
2746 3510 2877 3549 vero
2905 3506 2991 3550 est
3018 3498 3161 3566 quod
3192 3495 3412 3550 Petrum
3438 3496 3591 3550 Lao-

1998 3591 2273 3644 dicensem
2311 3588 2608 3657 legitimum
2643 3598 2923 3643 auctorem
2962 3604 3029 3641 ex
3069 3588 3419 3642 Bibliothecze
3475 3590 3592 3641 Pa-

2004 3693 2144 3735 trum
2180 3690 2327 3735 tomo
2354 3682 2533 3749 priore
2562 3683 2967 3749 cognoscimus,
3005 3682 3059 3736 in
3092 3697 3201 3750 quo
3221 3683 3425 3735 scholia
3464 3684 3589 3737 ha'c

1999 3775 2053 3826 in
2091 3771 2399 3825 Orationem
2428 3770 2759 3825 Dominicam
2814 3772 3004 3826 Latine
3037 3788 3297 3826 conversa
3323 3790 3450 3827 cum
3475 3775 3592 3829 illis

2004 3862 2263 3916 Germani
2296 3862 2623 3932 patriarchae
2666 3862 3133 3932 Constantinopoli
3178 3865 3472 3930 conjuncta
3526 3868 3587 3919 in

2003 3967 2165 4005 unum
2201 3961 2257 4006 et
2291 3954 2545 4020 permista
2577 3952 2951 4021 reperiuntur.
2977 3955 3139 4023 Atqui
3174 3954 3382 4009 Morelli
3406 3962 3587 4011 codex

2002 4042 2219 4097 Scholia
2253 4043 2309 4096 in
2344 4042 2564 4097 Cantica
2593 4045 2769 4099 eidem
2798 4045 3090 4109 tribuebat,
3129 4044 3219 4100 cui
3250 4057 3306 4100 et
3357 4047 3587 4102 Scholia

2002 4137 2057 4188 in
2084 4133 2392 4189 Orationem
2425 4136 2756 4190 Dominicam
2774 4154 2797 4202 ;
2822 4146 2877 4191 et
2921 4138 2974 4193 id
3027 4140 3352 4206 persuadere
3398 4154 3590 4210 potest

2001 4227 2127 4296 styli
2160 4227 2482 4281 similitudo.

2076 4318 2210 4371 VIII.
2236 4319 2315 4371 Ad
2354 4306 2514 4371 ﬁnem
2542 4318 2800 4374 librorum
2828 4321 2966 4390 Περὶ
3002 4320 3206 4391 ἀρχῶν
3245 4324 3408 4379 attexi
3440 4325 3589 4379 Solet

327 4406 887 4474 agnoscet,‘quisquis
926 4424 1086 4462 nares
1130 4410 1398 4463 habuerit.
1428 4411 1649 4463 Alienus
1672 4419 1757 4463 est
1782 4422 1896 4481 sty-
1932 4394 1975 4446 D
2010 4409 2239 4473 lihellus,
2272 4412 2360 4476 qui
2392 4409 2703 4463 Lameutum
2739 4410 2983 4481 Origenis
3039 4414 3371 4468 inscribitur.
3406 4414 3588 4485 Hujus

327 4494 410 4549 lus
443 4496 510 4549 ah
542 4496 793 4566 Origene,
828 4498 1000 4551 aliena
1036 4501 1302 4564 clausula,
1359 4502 1537 4555 aliena
1586 4501 1897 4564 schemata,

397 4592 442 4623 ”
471 4590 575 4647 lsa.
601 4609 752 4658 sun,
782 4593 871 4648 26.
948 4596 994 4627 ιθ
1028 4596 1216 4649 Matth.
1255 4612 1343 4657 xv,
1370 4595 1431 4648 2|
1453 4637 1469 4659 ,
1505 4595 1597 4649 22.

397 4711 509 4776 (18)
542 4710 650 4764 Nec
695 4713 848 4765 aliter
884 4714 948 4766 de
976 4715 1194 4777 septima
1235 4712 1560 4779 judicamns,
1608 4722 1714 4765 etc.
1753 4712 1893 4767 Male

328 4778 641 4842 hiciudirat
672 4782 916 4845 Iluetius,
955 4796 1011 4835 ut
1053 4800 1104 4835 ιιι
1140 4778 1275 4834 infra
1316 4784 1833 4837 demonstrabimus.

397 4850 509 4920 (19)
541 4847 824 4920 Utramque
874 4862 1230 4920 repra'seutat,
1280 4859 1383 4905 ctc.
1436 4852 1655 4904 Sextum
1706 4853 1893 4905 itidem

326 4923 427 4973 sub
457 4919 707 4980 Origenis
741 4919 980 4975 intunine
1039 4933 1423 4990 rrpru-sentaut
1479 4934 1712 4989 quatuor
1760 4937 1893 4975 mss.

331 5005 471 5057 quos
507 4990 735 5045 \‘.idinuts
761 4995 997 5050 codices.
1032 4994 1166 5043 alter
1193 4992 1545 5044 Mat-eriarutn
1570 4993 1778 5044 ordinis
1806 4993 1897 5045 Ci-

328 5061 666 5123 stt-rriensis,
703 5063 839 5116 alter
890 5063 1216 5115 cathedralis
1263 5062 1510 5114 ccrlesia:
1538 5061 1894 5127 Turonensis,

330 5139 386 5199 et
408 5130 511 5181 duo
543 5131 767 5183 vetustis
804 5133 890 5181 imi
922 5131 1201 5183 Thttatnci.
1267 5132 1677 5199 Reprzt-setttattt
1733 5134 1898 5184 etiam

331 5198 700 5252 Homiliarittm
724 5202 789 5253 :tl)
815 5201 1145 5253 Alcninnscu
1168 5198 1359 5252 Albino
1383 5201 1900 5267 1⁸Ἰιιιοριινιι11ριιιιιιιι,

330 5269 565 5323 Colonia!
596 5271 798 5322 editum
829 5289 968 5322 anno
1000 5271 1156 5333 1576,
1196 5288 1315 5335 pag.
1352 5272 1476 5329 liii,
1528 5271 1750 5322 alterum
1791 5270 1902 5323 Ilo-

330 5339 623 5391 mt'ltarium
658 5339 880 5393 Basileze
936 5342 1204 5406 vulgatum
1241 5359 1367 5395 anu.
1406 5342 1560 5401 H95,
1602 5340 1693 5395 fol.
1724 5341 1811 5405 «ill,
1851 5352 1906 5393 ct

330 5409 685 5479 Comhetisins
714 5409 1056 5463 Bibliothecat
1094 5412 1504 5463 concionutoriw
1536 5422 1663 5463 tum.
1704 5410 1745 5469 Ι.
1780 5427 1902 5479 pag.

334 5477 455 5531 740.
496 5477 644 5532 lianc
684 5497 895 5548 quoque
936 5482 1036 5533 sub
1078 5479 1232 5532 Beda:
1268 5482 1485 5532 nomine
1535 5481 1755 5533 exhibet
1784 5477 1906 5533 Vdo-

336 5565 494 5601 mnus
533 5561 716 5602 noster
760 5551 1053 5603 Martcnius
1084 5549 1341 5602 Thesauri
1383 5551 1639 5602 Anecdot.
1683 5560 1812 5601 tom.
1837 5548 1905 5612 V,

333 5619 438 5671 Col.
471 5618 595 5679 518,
653 5636 758 5671 ιιιιο
818 5619 1035 5683 Maioris
1096 5619 1400 5673 Mouasterii
1454 5635 1617 5684 prope
1659 5619 1906 5674 Turoucs

335 5689 523 5745 codice
555 5689 743 5760 fultus,
777 5693 866 5761 qui
904 5691 1059 5747 Beda:
1087 5706 1284 5745 nomen
1308 5691 1360 5745 in
1394 5691 1569 5745 fronte
1594 5690 1831 5758 prwlett.

2011 4502 2513 4572 interpretationem
2552 4502 2879 4575 Hieronymo
2913 4506 3103 4561 tribuit
3146 4506 3321 4562 Guido
3350 4506 3585 4563 Carme-

2069 4712 2182 4780 (2οι
2214 4709 2283 4764 Ut
2317 4727 2441 4770 pene
2470 4710 2730 4779 afﬁrmare
2764 4709 3117 4780 ausim_unius
3154 4726 3263 4762 esse
3287 4726 3490 4773 omnes,
3532 4725 3585 4764 et

2000 4778 2236 4851 ejusdem
2286 4778 2537 4839 auctoris,
2588 4790 2747 4851 atque
2776 4781 2891 4847 ejus
2928 4778 3316 4851 Latini.__Pene
3364 4783 3584 4834 erravit

2002 4848 2248 4914 l‘tuetins,
2277 4860 2438 4916 atque
2466 4851 2516 4903 'si
2551 4849 2706 4916 plane
2735 4864 2897 4902 ausus
2926 4859 3069 4903 esset
3090 4848 3382 4911 allirmare,
3413 4851 3584 4917 plane

2001 4932 2260 4977 errasset.
2290 4921 2419 4971 Nam
2450 4921 2669 4972 homilia
2694 4921 2976 4986 quaeinter
3008 4935 3101 4971 eas
3126 4919 3353 4984 septima
3383 4936 3582 4973 nume-

2002 5005 2174 5054 ratur,
2204 4991 2358 5056 cujns
2386 5000 2583 5042 tantam
2607 5004 2726 5041 eum
2756 4988 2874 5041 aliis
2889 4989 3295 5056 congruentiam
3332 4999 3389 5040 et
3414 4991 3579 5043 simi-

2006 5063 2284 5116 lttudittem
2316 5076 2436 5112 esse
2466 5062 2563 5119 ait,
2604 5058 2868 5125 ipsissitna
2906 5070 2989 5112 est
3020 5058 3255 5119 humilia,
3286 5059 3365 5109 vel
3395 5063 3583 5125 potius

2008 5149 2131 5199 pars
2147 5131 2378 5184 humilia-'3
2395 5132 2457 5182 de.
2474 5129 2798 5199 Chanautea,
2819 5127 3333 5199 qttam'Mabillouius
3352 5139 3406 5181 et
3423 5132 3578 5183 inulti

2009 5197 2128 5270 post
2154 5217 2274 5254 eum
2304 5200 2510 5270 Laut-en
2542 5200 2591 5251 iu
2613 5197 2924 5270 ἰδὼν-ψευδῆ
2950 5201 3219 5270 episcopo,
3246 5197 3335 5249 ali
3354 5204 3578 5269 pre-shy-

2014 5266 2159 5334 iero,
2187 5272 2277 5324 alii
2301 5269 2589 5323 Laurentio
2619 5266 2888 5333 Melliﬂno,
2922 5268 3007 5320 alit
3034 5266 3310 5320 Mediolam
3332 5270 3414 5319 nsi
3442 5266 3584 5322 falsi)

2018 5344 2354 5400 tribuerunt;
2396 5353 2557 5405 quam
2609 5352 2735 5389 vero
2766 5339 2995 5391 domnus
3021 5350 3204 5389 nus‘er
3231 5335 3584 5389 Montefalcu-

2013 5413 2134 5463 nius
2164 5412 2221 5464 ὃ.
2253 5411 2642 5478 Chrysostotno
2690 5406 2814 5473 jure
2873 5416 2926 5459 et
2983 5408 3177 5460 merito
3226 5407 3579 5478 adiudicavit.

2014 5480 2164 5534 Hanc
2204 5475 2629 5535 enim'contulit
2684 5478 2928 5531 eruditus
2959 5480 3037 5528 vir
3093 5492 3216 5530 cum
3268 5475 3461 5529 Graeco
3519 5477 3579 5531 S.

2011 5547 2387 5619 Chrysostomi
2449 5558 2726 5606 contexui.
2789 5559 2845 5600 et
2885 5546 3103 5619 reperit
3152 5559 3315 5614 atque
3351 5550 3584 5619 _tnomiit

2014 5616 2217 5673 meram
2257 5634 2375 5673 eam
2414 5634 2533 5670 csse
2559 5618 3081 5683 lltlt’t’pl‘eltllimtt‘lll,
3113 5633 3205 5669 seu
3253 5616 3433 5686 potius
3472 5616 3587 5672 fra-

2012 5700 2287 5759 gmentum
2315 5689 2549 5747 humilia:
2582 5688 2781 5743 Grata:
2812 5690 2875 5743 de
2902 5688 3223 5743 Chananaea.
