3838 6222
251 329 387 386 ίῖὂι

1409 338 1980 398 ORIGEMANORUM
2021 344 2391 404 AI‘PENDIX.

3371 353 3508 408 1282

253 449 371 513 lita,
434 450 487 503 in
542 451 733 506 haeresi
790 453 1265 524 Origenlstarum;
1328 459 1518 513 tribuit
1562 470 1617 514 et
1655 460 1820 514 editio
1848 468 1891 523 Α
1923 478 2009 515 ras
2056 466 2302 531 relatam,
2336 477 2391 520 et
2420 469 2569 538 operi
2602 485 2700 524 suo
2739 471 2878 539 Περὶ
2913 470 3068 540 ὕλης
3102 472 3385 526 intextam.
3414 472 3502 525 Fi-

242 540 479 608 Merlini,
504 553 558 598 et
582 546 749 599 codex
775 562 944 600 manu
963 559 1216 602 exaratos
1240 549 1587 606 Bibliothecm
1620 552 1819 622 Regiae.

240 633 350 687 Sed
382 648 573 692 contra
602 640 882 704 Erasmus,
911 659 930 693 ι
968 640 1288 695 Lamentum
1341 644 1466 710 hoc,
1496 646 1693 713 inquit,
1721 661 1822 701 nec

248 729 319 780 ab
348 728 587 799 Origene
620 733 884 800 scriptum
913 744 1016 798 est,
1061 751 1160 789 nec
1212 736 1279 789 ab
1328 736 1656 808 Hieronymo
1699 754 1822 793 ver-

241 835 387 883 sum,
415 822 511 875 sed
551 822 865 890 figmentum
898 836 981 880 est
1009 828 1236 897 alicujus
1285 830 1511 892 indocti,
1564 832 1656 900 qui
1701 842 1819 885 stu-

234 912 419 965 duerit
444 912 750 980 huiusmodi
777 916 962 970 colore
986 917 1278 987 Origenctu
1312 920 1596 974 infamare.
1640 922 1814 976 Simili

233 1003 472 1058 artiﬁcio
502 1004 770 1061 finxerunt
791 1009 1073 1076 epistolam
1100 1008 1412 1081 Hieronymi
1442 1012 1616 1077 titulo,
1639 1013 1814 1081 inqua

237 1094 563 1163 deplorabat
591 1100 734 1166 quod
755 1099 1047 1168 aliquando
1072 1118 1193 1155 cum
1230 1101 1460 1171 Origene
1488 1104 1803 1159 sensisset.»

239 1187 307 1239 Et
342 1187 590 1244 Gelasitts
623 1190 672 1242 in
706 1193 938 1245 concilio
972 1191 1220 1248 Rmnano
1251 1212 1264 1247 :
1306 1212 1325 1245 ι
1378 1194 1537 1249 Liber
1580 1197 1672 1265 qui
1717 1213 1813 1266 ap-

239 1279 473 1347 pellatur
502 1281 581 1334 De
609 1282 910 1346 poenitentia
949 1284 1211 1354 Origenis,
1253 1289 1616 1357 apocryphus.
1655 1308 1673 1340 ι
1712 1288 1811 1341 Mi-

227 1386 354 1424 rum
390 1372 571 1444 itaque
608 1376 726 1427 sine
767 1374 1023 1430 falsitatis
1055 1388 1177 1431 nota
1208 1395 1237 1432 a
1284 1379 1545 1449 theologis
1583 1379 1800 1449 quihus-

224 1463 353 1516 dam
407 1463 602 1517 librum
656 1466 799 1521 hunc
854 1483 1239 1537 nontmnquam
1318 1470 1370 1524 in
1436 1472 1805 1525 testimonium

224 1557 412 1619 citari,
445 1567 498 1612 et
533 1559 673 1612 inter
698 1560 930 1628 genuina
972 1560 1223 1630 Origenis
1249 1576 1415 1631 opera
1450 1579 1478 1616 a
1521 1546 1807 1618 Vincentio

224 1648 598 1705 Bellovacensi
638 1653 822 1720 reponi
854 1650 1008 1716 Spec.
1038 1653 1214 1708 doctr.
1240 1654 1333 1710 lib.
1362 1670 1516 1720 xvnt,
1554 1671 1675 1725 cap.
1713 1657 1801 1710 45.

224 1740 329 1794 llie
375 1755 504 1795 vero
574 1741 799 1796 ridenda
846 1752 931 1796 est
994 1744 1311 1799 heterodoxi
1356 1745 1637 1815 cujusdam
1698 1748 1798 1801 hu-

1924 557 2045 609 dem
2086 557 2169 610 his
2186 560 2443 613 conciliat
2464 563 2604 629 quod
2638 574 2822 616 narrat
2850 564 3226 619 Eusebiuslih.
3253 579 3304 618 γι
3337 562 3502 627 llist.,

1922 665 2041 718 cap.
2095 652 2186 712 '55,
2229 652 2299 707 ab
2330 654 2503 708 aetatis
2538 668 2648 708 suae.
2695 656 3038 725 praesbyteris
3080 672 3241 725 quam
3273 657 3501 725 plurima

1920 744 1987 798 de
2015 742 2250 813 Origene
2287 747 2507 817 scriptis
2541 746 2707 802 fuisse
2748 751 2943 803 tradita
2974 768 2987 816 ;
3030 762 3080 805 et
3112 753 3253 821 quod
3293 751 3500 819 Dialogi

1919 836 2154 905 scriptor
2187 854 2341 905 reges
2378 841 2639 909 quosdam
2670 840 2872 895 Christi
2919 843 3075 897 fidem
3109 843 3409 913 amplexos,
3447 852 3503 897 et

1920 929 2115 995 templa
2165 930 2505 984 ethnicorum
2547 947 2670 986 cum
2723 933 2879 985 idolis
2925 948 3111 988 eversa
3166 950 3501 990 commemo-

1918 1029 2033 1086 rat;
2090 1022 2223 1075 nihil
2286 1025 2430 1077 enim
2509 1025 2812 1092 hujusmodi
2867 1024 3116 1095 Origenis
3169 1028 3500 1096 temporibus

1915 1114 2177 1181 contigit,
2225 1116 2319 1168 sed
2367 1115 2703 1169 Constantini
2762 1135 2775 1171 :
2830 1118 2971 1171 unde
3022 1118 3238 1172 Maximi
3281 1128 3495 1173 aetatem

1914 1205 2089 1273 possis
2130 1206 2404 1276 colligere.
2440 1209 2558 1279 (2|)
2596 1208 2810 1264 Fefellit
2864 1211 3096 1265 fortasse
3145 1209 3401 1266 Basilium
3442 1219 3499 1266 et

1916 1294 2236 1366 Gregorium
2270 1298 2471 1369 Dialogi
2504 1301 2687 1354 titulus
2722 1317 2916 1355 nomen
2966 1303 3271 1356 Adamantii
3305 1301 3515 1371 praafe-.

1912 1401 2058 1448 rens,
2096 1388 2238 1455 quod
2276 1389 2328 1441 in
2364 1404 2429 1442 eo
2485 1391 2686 1457 primas
2730 1402 2909 1458 partes
2954 1399 3147 1446 tractet
3194 1389 3493 1461 Origenes;

1908 1480 2362 1546 quemadmodum
2424 1478 2574 1534 Laelii
2609 1490 2663 1534 et
2696 1481 2920 1537 Catonis
2950 1484 3167 1537 nomina
3201 1484 3496 1552 praferunt

1912 1568 2113 1634 Dialogi
2166 1572 2230 1623 de
2278 1572 2556 1638 amicitia;
2600 1582 2654 1626 et
2690 1574 2757 1628 de
2792 1584 3076 1629 senectute
3135 1590 3240 1629 non
3285 1578 3426 1644 quod
3461 1592 3491 1630 a

1907 1658 2115 1714 Catone
2191 1663 2274 1716 vel
2327 1662 2496 1717 Laelio
2545 1665 2730 1735 scripti
2779 1666 2908 1728 sint,
2957 1668 3051 1720 sed
3106 1667 3247 1735 quod
3306 1667 3493 1736 prima:

1908 1752 2039 1821 ipsis
2084 1762 2267 1822 partes
2317 1756 2646 1809 tribuantur.
2705 1756 3004 1811 Mirandum
3057 1772 3219 1827 porro
3255 1774 3358 1813 non
3409 1768 3495 1815 est

221 1831 314 1901 ius
343 1831 520 1886 artatis
552 1832 838 1899 supinitas,
863 1833 955 1902 qui
1006 1832 1327 1888 Lamentum
1373 1814 1593 1905 Origeni
1635 1837 1794 1890 ascri-

1909 1844 2380 1915 iuterloquentium
2425 1863 2779 1917 personarum
2812 1851 3028 1904 nomina
3067 1866 3241 1922 neque
3292 1853 3345 1906 in
3383 1854 3493 1908 Eu-

219 1934 403 1991 ptum,
435 1939 466 1978 a
495 1923 637 1980 libro
664 1924 740 1978 De
766 1926 1072 1995 pauitantia
1101 1925 1376 1982 diversum
1406 1928 1537 1997 quid
1557 1943 1679 1983 esse
1704 1944 1803 1999 pu-

219 2018 380 2071 tavit.

296 2109 384 2165 IX.
428 2108 710 2180 Dialogum
746 2108 824 2164 De
871 2109 1169 2165 orthodoxa
1205 2110 1332 2181 ﬁde,
1367 2112 1458 2182 qui
1507 2121 1562 2168 et
1611 2124 1800 2168 contra

226 2203 616 2260 Mareionistas
661 2204 881 2259 inscribi
908 2204 1064 2267 solet,
1091 2203 1310 2274 Origeni
1342 2206 1590 2261 tribuere
1613 2207 1802 2261 viden-

225 2305 320 2350 tur
344 2296 583 2351 Basilius
644 2305 701 2351 et
737 2295 1034 2364 Gregorius
1060 2295 1456 2373 Nazianzenus.
1487 2297 1619 2351 Cum
1656 2299 1798 2351 enim

211 2405 287 2444 ex
319 2389 574 2458 operibus
600 2404 748 2443 mere
809 2388 1151 2455 Origenianis
1188 2389 1539 2443 Philocaliam
1562 2390 1731 2444 confla
1745 2406 1800 2444 re

214 2496 284 2535 se
316 2480 548 2551 professi
586 2481 717 2544 sint,
754 2482 1116 2552 fragmentum
1146 2496 1176 2536 e
1207 2493 1361 2550 parte
1402 2484 1560 2537 tertia
1590 2483 1795 2552 Dialogi

214 2574 379 2629 istius
402 2576 780 2644 depromptum
811 2576 862 2628 in
897 2573 1251 2627 Philocaliam
1282 2575 1654 2644 coujecerunt.
1693 2576 1799 2629 Ita-

213 2682 329 2736 que
360 2667 508 2721 illum
542 2682 663 2722 esse
689 2666 940 2736 Origenis
969 2668 1267 2722 credidisse
1296 2668 1415 2721 illos
1447 2670 1795 2738 perspicuum

210 2771 325 2815 est.
358 2761 426 2814 At.
460 2758 734 2814 inducitur
757 2760 808 2813 in
843 2774 910 2814 eo
956 2759 1177 2830 Dialogo
1217 2759 1478 2829 Origenes
1514 2761 1795 2831 probatam

213 2852 274 2906 in
324 2851 566 2907 Ecclesia
619 2852 685 2905 de
738 2851 936 2906 tunicis
978 2838 1218 2920 pollicitis
1248 2853 1461 2917 Adami,
1495 2864 1551 2909 et
1580 2857 1645 2908 de
1675 2870 1796 2909 cor-

214 2960 351 3013 pore
380 2946 618 2998 humano
674 2953 730 2997 et
773 2944 975 3006 anima,
1012 2945 1188 3014 deque
1223 2946 1627 3001 resurrectione
1672 2962 1797 3002 sen-

211 3038 442 3093 tentiam
466 3051 846 3107 propugnans;
875 3052 995 3090 cum
1022 3038 1125 3090 alia
1151 3026 1389 3092 sensisse
1418 3038 1593 3105 ipsum
1627 3054 1793 3110 supra

1906 1938 2078 2001 sebio.
2128 1955 2302 2009 neque
2349 1940 2401 1993 in
2453 1940 2745 1995 Philocalia
2789 1958 3153 2014 comparere:
3202 1960 3324 1999 nam
3363 1962 3489 2003 cum

1906 2030 2143 2093 rubrica,
2182 2032 2358 2086 aliove
2382 2034 2566 2088 Colore
2606 2035 2865 2103 ejusmodi
2903 2036 3116 2090 nomina
3153 2047 3206 2093 et
3236 2037 3487 2095 lemmata

1903 2120 2141 2175 solerent
2172 2121 2457 2193 distingui,
2487 2138 2516 2177 a
2543 2124 2780 2179 librariis
2808 2141 3181 2195 saepenumero
3205 2130 3489 2187 distinctio

1903 2212 2019 2268 inec
2050 2215 2423 2283 omittebatur,
2444 2218 2525 2271 vel
2562 2234 2660 2287 per
2694 2219 2980 2284 incuriam,
3013 2222 3100 2275 vel
3136 2226 3315 2293 potius
3344 2227 3489 2294 quod

1902 2322 2022 2359 eam
2056 2307 2107 2360 in
2144 2310 2484 2363 commodius
2517 2309 2825 2377 rejicientes
2853 2323 3084 2382 tempus,
3117 2317 3332 2383 penitus
3366 2327 3487 2371 tau-

1903 2394 2046 2457 dem,
2107 2395 2356 2450 obliviosi
2410 2400 2609 2467 quippe
2664 2400 2928 2467 homines,
2978 2408 3483 2473 prmiermitterent.

1904 2483 2176 2552 Duplicem
2210 2487 2600 2543 lucubrationis
2641 2490 2799 2559 hujus
2835 2492 3334 2561 interpretationem
3375 2497 3483 2553 La-

1903 2576 2013 2629 tina
2057 2575 2389 2633 Genebrardi
2440 2580 2649 2649 profert
2700 2583 2886 2647 editio,
2936 2584 3163 2639 alteram
3213 2585 3479 2644 Joachimi

1901 2664 2453 2731 Periouii,Laurentii
2493 2670 2758 2725 llmnfridi
2790 2674 3040 2728 alteram.
3063 2676 3182 2730 Alia
3217 2688 3479 2747 prteterea

1899 2772 1927 2809 a
1961 2756 2168 2813 Joanne
2209 2760 2338 2815 Pico
2392 2775 2643 2816 senatore
2684 2762 2969 2820 Parisiensi
3009 2765 3292 2822 lucubrata
3339 2785 3485 2828 anno

1900 2846 2060 2913 1556,
2093 2864 2337 2904 seorsum
2364 2853 2507 2905 edita
2537 2863 2738 2909 exstat.

1971 2936 2040 2991 Χ.
2090 2939 2267 2993 Alium
2319 2955 2455 3006 suo,
2511 2940 2871 3013 Origenisque
2928 2947 3150 3005 nomine
3196 2949 3479 3021 Dialogum

1896 3040 2260 3099 supposuerat
2304 3031 2590 3089 haereticus
2631 3036 2870 3103 quidam,
2919 3052 3135 3093 omnem
3177 3041 3303 3096 licet
3355 3057 3478 3098 cum

212 3129 639 3185 ostenderimus.
695 3127 849 3184 Unde
898 3129 1088 3197 opella:
1133 3130 1292 3197 hujus
1344 3131 1584 3198 scriptor
1618 3132 1793 3186 neuti-
1819 3169 1861 3227 ϐ
1896 3136 1960 3177 e0
2007 3120 2209 3191 Ενιιθεί
2250 3121 2391 3177 [One
2442 3124 2543 3178 Sibi
2596 3126 2712 3180 V350
2744 3141 3094 3198 Collgl‘essum
3129 3146 3195 3187 ac
3233 3134 3478 3204 disputa-

210 3236 378 3289 qnam
424 3221 573 3275 credi
629 3229 827 3288 potest.
876 3218 1144 3273 Praeterea
1194 3219 1260 3273 ad
1309 3219 1468 3273 linem
1507 3218 1791 3289 fragmenti

211 3310 376 3379 hujus
406 3312 548 3380 quod
583 3309 897 3364 l’hilocalite
932 3311 1193 3364 insertum
1232 3319 1336 3372 est,
1364 3310 1617 3364 Scholion
1652 3312 1793 3366 istud

208 3404 441 3472 reperiri
468 3403 605 3458 solet
631 3419 644 3456 :
670 3402 855 3455 Ταῦτα
886 3402 993 3455 ἀπὸ
1030 3401 1123 3454 τοῦ
1154 3399 1198 3466 ξ’
1228 3400 1386 3468 λόγου
1407 3400 1508 3471 τῆς
1532 3403 1791 3456 Εὐσεϐίου

207 3494 306 3548 τοῦ
328 3495 613 3567 Παμφίλου
635 3494 1045 3564 Εὐαγγελικῆς
1061 3493 1565 3563 προπαρασκευῆς
1586 3512 1793 3567 παρεκ-

211 3588 494 3660 ϐέόληται.
530 3588 784 3659 Μαξίμου
815 3588 870 3640 δέ
901 3590 1060 3652 εἰσιν,
1083 3587 1157 3652 ὥς
1185 3604 1348 3659 φησιν
1376 3590 1406 3642 ὁ
1436 3589 1598 3652 αὐτὸς
1622 3590 1792 3643 Εὐσέ-

211 3683 352 3746 ϐιος,
375 3683 476 3736 οὐκ
504 3683 720 3753 ἀσήμου
755 3682 813 3733 ἐν
840 3683 954 3744 τοῖς
984 3682 1332 3752 Χριστιανοῖς
1386 3683 1749 3753 συγγραφέως
1774 3700 1788 3714 ο

209 3774 490 3839 αὑτολεξεὶ
529 3775 586 3828 δὲ
616 3774 843 3847 εὕρηται
873 3775 1046 3828 ταῦτα
1067 3775 1295 3846 κείμενα
1328 3776 1424 3829 καὶ
1458 3778 1514 3829 ὲν
1540 3775 1618 3846 τῷ
1659 3776 1792 3847 Ὠρι-

207 3868 401 3939 γένους
431 3868 568 3940 πρὸς
601 3866 1042 3938 Μαρκιωνιστὰς,
1089 3867 1182 3920 καὶ
1236 3866 1428 3930 ἄλλους
1476 3868 1787 3939 αἱρετικοὺς

206 3960 464 4031 διαλόγῳ,
490 3961 791 4031 Εὑτροπίου
840 3959 1172 4025 δικάζοντος,
1201 3960 1471 4029 Μεγεθίου
1504 3961 1561 4014 δὲ
1582 3960 1791 4014 ἀντιλέ-

206 4072 420 4125 γοντος.
453 4073 470 4105 ι
509 4054 633 4108 "th
656 4068 687 4107 e
712 4053 941 4122 septimo
984 4053 1121 4107 libro
1152 4053 1480 4123 Erangelicw
1526 4069 1791 4123 prwpam-

207 4148 370 4202 tionis
396 4146 609 4202 Eusebii
641 4146 907 4215 Pamphili
958 4145 1272 4215 deprompta
1314 4154 1463 4200 sunt.
1497 4143 1640 4201 Sunt
1690 4161 1787 4199 an-

211 4249 317 4293 tem
367 4239 606 4303 Maximi,
666 4248 724 4292 ut
773 4238 852 4291 ait
896 4237 1009 4306 ipse
1057 4236 1343 4302 Eusebius,
1387 4252 1491 4291 non
1536 4237 1786 4305 ignobilis

210 4332 357 4386 inter
408 4332 751 4387 Christianos
789 4329 1095 4399 scriptoris.
1138 4327 1384 4382 Totidem
1437 4344 1568 4383 vero
1608 4330 1787 4384 verbis

208 4422 415 4491 scripta
446 4436 508 4476 ea
542 4421 894 4475 inveniuntur
915 4419 966 4473 in
996 4418 1249 4489 Origenis
1273 4421 1534 4473 adversus
1555 4418 1787 4474 Marcio-

1902 3216 2102 3270 tionem
2158 3218 2537 3271 detrectasset.
2590 3216 2864 3273 Fictitiam
2918 3221 3266 3291 scriptionem
3332 3228 3480 3282 misit

1898 3306 2127 3361 Romam
2163 3307 2231 3361 ad
2268 3322 2398 3362 suos
2436 3308 2750 3378 discipulos,
2795 3314 3105 3385 passimque
3148 3318 3478 3373 dissemina-

1900 3401 1999 3462 vit.
2047 3410 2103 3455 et
2147 3401 2474 3464 Antiochiae,
2520 3403 2833 3471 priusquam
2874 3405 2998 3461 illuc
3039 3413 3320 3464 accederet
3354 3409 3479 3466 Ori-

1895 3508 2083 3563 genes,
2113 3494 2185 3548 ob
2220 3492 2411 3547 falsam
2439 3495 2721 3549 victoriam
2755 3496 2940 3553 inanes
2979 3501 3090 3569 egit
3119 3501 3421 3572 triumphos
3456 3522 3473 3559 :

1897 3600 2017 3637 tuo:
2057 3600 2186 3638 vero
2221 3593 2279 3639 ut
2320 3582 2496 3637 adfuit
2531 3585 2907 3651 Adamantius,
2954 3589 3188 3645 hominis
3223 3594 3475 3648 contudit

1893 3687 2260 3742 pl‘tilel'Vltllll,
2309 3687 2362 3729 et
2426 3676 2722 3730 vanitatem
2784 3680 3088 3735 manifestis
3135 3686 3473 3755 argumentis

1892 3778 2149 3823 COIIVlCll.

1965 3861 2057 3916 XI.
2095 3860 2257 3916 Falso
2286 3874 2503 3930 quoque
2531 3860 2833 3929 praescribit
2862 3862 2963 3917 sibi
2996 3878 3191 3919 nomen
3223 3862 3474 3935 Origenis

1891 3955 2101 4011 libellus
2146 3955 2394 4025 quidam,
2436 3955 2527 4023 qui
2576 3953 3017 4024 philosophorum
3060 3965 3237 4011 sectas
3280 3974 3343 4012 ac
3379 3960 3475 4013 do-

1891 4058 2073 4117 gmata
2125 4057 2396 4114 recenset,
2429 4057 2485 4101 et
2525 4046 2834 4119 Ὠριγένους
2866 4048 3297 4120 φιλοσοφούμενα
3339 4050 3478 4107 solet

1887 4139 2165 4210 appellari.
2200 4137 2414 4193 Primus
2460 4150 2639 4194 autem
2691 4140 2779 4194 hic
2824 4150 2911 4195 est
2964 4141 3103 4195 liber
3151 4144 3466 4210 grandioris

1886 4234 2089 4303 operis,
2123 4246 2231 4302 quo
2262 4232 2499 4287 haereses
2526 4246 2714 4287 omnes
2741 4232 3101 4288 confutandas
3134 4244 3324 4290 auctor
3361 4237 3468 4293 sibi

1886 4332 2279 4394 proposuerat,
2329 4324 2471 4392 quod
2535 4338 2600 4377 ex
2654 4324 2923 4392 dogmatis
2982 4324 3467 4392 philosophorum,

1889 4418 2169 4472 litercseon
2201 4425 2381 4484 pestes
2415 4414 2530 4469 fere
2567 4414 2818 4484 profecta!
2850 4415 2993 4481 sint;
3033 4414 3224 4483 hisque
3246 4418 3469 4471 convel~

208 4514 408 4577 nistas,
433 4513 681 4579 aliosque
712 4512 999 4565 bwreticos
1024 4510 1263 4579 Dialogo,
1294 4520 1486 4579 agente
1504 4511 1782 4582 Eutropio,
1815 4533 1861 4590 ι)
1892 4511 2068 4565 lendis
2106 4509 2252 4564 utilis
2307 4509 2378 4563 sit
2426 4507 2639 4562 illorum
2691 4508 3018 4562 confutatio.
3056 4507 3303 4561 Larvatre
3344 4509 3470 4565 huic

206 4607 532 4661 defendente
553 4605 843 4674 Megethio.
877 4622 894 4655 θ
922 4602 1134 4659 Revera
1162 4602 1424 4659 Eusebius
1454 4603 1592 4658 libro
1612 4620 1682 4658 vn
1709 4604 1783 4659 De

203 4710 490 4767 prwparat.
507 4696 790 4766 evangelia.
814 4695 1177 4765 fragmentum
1203 4696 1254 4750 id
1274 4696 1511 4761 exhibet,
1526 4706 1658 4753 etex
1674 4697 1784 4752 Ma-

208 4791 338 4844 ximi
376 4790 514 4844 libro
558 4789 698 4857 Περὶ
735 4788 889 4857 ὕλης
927 4803 1047 4844 sese
1077 4798 1381 4843 mutuatum
1432 4804 1552 4844 esse
1591 4791 1777 4845 tradit.

206 4881 358 4938 Utris
376 4892 556 4936 autem
582 4881 702 4952 plus
728 4883 1026 4936 habeamus
1057 4880 1778 4949 ﬁdei.BasilioetGregorio,

205 4989 340 5043 opus
364 4974 416 5029 id
438 4972 657 5044 Origeni
678 4972 1075 5037 tribuentibus;
1101 4987 1167 5026 an
1188 4972 1419 5027 Eusebio
1442 4974 1582 5027 idem
1614 4973 1774 5027 Maxi-

208 5084 294 5123 mo
317 5054 643 5137 assignanti,
684 5065 1067 5142 ambigendum
1099 5080 1208 5118 non
1243 5072 1326 5119 est
1355 5081 1367 5116 :
1396 5079 1538 5135 stepe
1581 5066 1781 5135 quippe

205 5160 537 5213 ostendimus
562 5157 829 5211 neminem
850 5156 901 5210 in
918 5156 1322 5225 perscrutaudis
1338 5154 1592 5226 Origenis
1618 5160 1781 5214 rebus

208 5261 415 5305 tantum
445 5251 760 5304 adhibuisse
787 5264 933 5303 cura;
965 5257 1021 5302 et
1043 5246 1298 5312 solertize,
1325 5256 1583 5316 quantam
1620 5248 1779 5303 adhi-

207 5344 623 5397 buitEusebius.
642 5341 967 5395 Verianlem
1006 5341 1182 5394 simile
1203 5350 1287 5395 est
1311 5339 1552 5393 habitam
1589 5354 1777 5395 revera

208 5435 373 5490 fuisse
406 5434 626 5505 Origeni
663 5449 783 5488 cum
820 5432 1105 5503 Megethio,
1144 5430 1348 5495 Marco,
1394 5431 1627 5500 aliisque
1663 5432 1775 5485 ha:-

207 5529 389 5583 reticis
419 5527 878 5583 concertationem
901 5542 917 5591 ;
939 5535 996 5579 at
1021 5540 1051 5579 a
1077 5523 1312 5579 Maximo
1329 5524 1525 5579 deinde
1549 5524 1601 5577 in
1633 5524 1779 5579 litte-

279 5688 388 5759 (21)
430 5686 639 5757 Fefellit
667 5685 893 5759 fortasse
920 5682 1187 5759 Basiliam
1214 5690 1275 5759 et_
1300 5679 1610 5759 Gregorium
1633 5679 1779 5759 _Dia-

206 5751 307 5828 logi
342 5751 541 5820 tituluii,
560 5751 821 5828 etc.'Vide
847 5771 965 5828 quia
985 5753 1224 5828 diximus
1246 5752 1311 5828 de
1341 5753 1505 5828 hocce
1532 5751 1775 5828 Dialogo,

209 5822 339 5885 tuin.
363 5829 403 5895 Ι,
428 5827 669 5895 Praefat.,
703 5842 821 5897 pag.
852 5825 941 5894 l2,
974 5824 1059 5894 l5,
1085 5825 1214 5880 etin
1246 5822 1615 5879 admonitione
1650 5822 1778 5878 huic

1889 4602 2173 4671 scriptioni
2223 4616 2509 4672 personam
2560 4600 2854 4655 detrahunt
2910 4599 2993 4652 vel
3049 4600 3209 4653 verba
3280 4600 3467 4657 isthmc

1888 4712 2009 4766 qua:
2041 4705 2258 4749 exstant
2282 4696 2333 4748 in
2366 4694 2628 4763 proannio
2659 4710 2671 4744 :
2699 4692 2883 4746 Ταῦτα
2900 4693 2957 4745 δὲ
2989 4692 3174 4765 ἔτερος
3198 4694 3298 4747 οὐκ
3317 4693 3472 4764 ἐλέγ-

1885 4786 1989 4853 ξει,
2025 4786 2058 4858 ἦ
2090 4786 2149 4839 τὸ
2175 4787 2233 4838 ὲν
2283 4783 2578 4855 Ἐκκλησία
2606 4783 2909 4854 παραδοθὲν
2937 4784 3089 4851 ἆγιον
3132 4784 3377 4856 Πνεῦμα,
3406 4778 3468 4839 οὗ

1884 4879 2244 4951 τυγχάνοντες
2294 4877 2558 4949 πρότερον
2583 4878 2633 4929 οἱ
2690 4876 2976 4929 ἀπόστολοι
3021 4876 3312 4947 μετέδοσαν
3354 4880 3467 4942 τοῖς

1884 4973 2060 5045 ὀρθῶς
2090 4960 2628 5024 πεπιστευκόσινοῶν
2657 4969 2815 5039 ἡμεῖς
2830 4966 3061 5038 διάδοχοι
3082 4968 3465 5038 τυγχάνοντες,

1884 5068 1984 5139 τῆς
2035 5083 2094 5119 τε
2144 5066 2314 5136 αὐτῆς
2345 5066 2567 5136 χάριτος
2611 5063 2950 5134 μετέχοντες,
2981 5064 3367 5135 ἀρχιερατείας
3406 5080 3468 5116 τε

1881 5160 1976 5213 καὶ
1994 5156 2359 5221 διδασκαλίας,
2390 5156 2485 5209 καὶ
2510 5155 2737 5226 φρουροὶ
2764 5156 2863 5226 τῆς
2896 5156 3219 5227 Ἐκκλησίας
3257 5156 3466 5228 λελογι-

1885 5252 2093 5323 σμένοι,
2110 5251 2210 5304 οὐκ
2224 5249 2487 5320 ὀφθαλμῷ
2498 5248 2850 5321 νυστάξομεν.
2869 5247 2916 5301 Η
2922 5266 2997 5304 ωε
3017 5260 3190 5304 autem
3207 5267 3309 5304 non
3331 5250 3468 5303 alius

1885 5352 2151 5414 caurguet,
2174 5359 2332 5412 quam
2361 5343 2589 5394 traditus
2616 5341 2671 5394 in
2698 5341 2934 5394 Ecclesia
2963 5341 3197 5410 Spiritus
3215 5351 3426 5394 sanctus
3446 5356 3465 5393 :

1884 5450 2035 5504 quem
2072 5448 2189 5485 cum
2221 5432 2467 5501 primitus
2497 5431 2815 5498 accepissent
2856 5430 3101 5499 apostoli,
3138 5429 3203 5481 iis
3232 5444 3467 5481 commu-

1886 5529 2132 5582 nicarunt
2172 5526 2264 5596 qui
2306 5532 2440 5579 recte
2488 5523 2553 5577 de
2582 5522 2690 5578 Deo
2729 5523 3017 5577 sentiebant
3051 5537 3069 5575 :
3101 5536 3325 5591 quorum
3371 5535 3465 5573 nos

1883 5680 2038 5747 operi
2098 5680 2319 5752 praefixa
2375 5694 2496 5751 pag.
2557 5678 2701 5747 800,
2753 5678 2853 5734 80l
2915 5687 2971 5734 et
3045 5676 3151 5733 802
3218 5677 3463 5748 ejusdem

1830 5765 1839 5770 '
1888 5752 2039 5809 Ionii.
