3838 6222
421 399 558 453 1°85

1199 393 1261 446 Ρ.
1306 393 1616 447 DANIELIS
1655 386 1882 447 HUETII
1928 389 2501 447 OHICENIANOBUM
2550 383 2911 441 APPENDIX.

3516 376 3627 430 ﬁfil

420 535 540 571 cum
572 532 899 571 successores
922 517 1108 582 simus,
1147 525 1197 568 et
1220 518 1452 585 ejusdem
1476 518 1662 585 gratia!
1690 516 1992 585 participes,
2027 520 2069 573 A
2100 514 2218 567 nius
2252 521 2526 567 auctorem
2571 523 2691 563 esse
2716 507 3050 577 Cyprianum
3087 500 3295 555 levibus
3334 512 3461 553 sane
3491 499 3633 550 ratio-

420 624 616 661 necnon
644 609 997 676 episcopatus,
1027 616 1076 661 et
1109 608 1423 676 magisterii,
1462 619 1509 661 et
1544 609 1781 661 custodes
1816 606 1994 660 Eccle-

418 700 511 751 sia:
540 700 791 765 reputati,
817 715 920 751 non
945 700 1108 753 oculis
1137 716 1230 769 per
1255 701 1552 753 socordiam
1571 700 1991 754 dormitabimus.

420 791 582 859 Atqui
624 806 723 845 nec
763 791 1019 846 Ecclesiae
1062 802 1246 849 custos
1295 792 1581 862 Origenes.
1635 807 1733 846 nec
1782 792 1994 861 episco-

420 898 519 950 pus
556 883 676 937 fuit.
728 882 1025 952 Episcopus
1067 893 1244 937 autem
1294 884 1393 938 fuit
1438 882 1788 953 Epiphanius,
1832 892 1885 936 et
1935 882 1997 935 li-

421 974 574 1028 brum
616 976 833 1045 scripsit
864 981 930 1030 de
979 978 1276 1031 baeresibus
1304 995 1317 1030 :
1346 977 1489 1029 unde
1518 992 1621 1029 non
1666 976 1838 1028 inanis
1864 989 1995 1029 con-

416 1068 627 1136 jectura
662 1069 894 1123 sumitur
936 1070 1038 1124 hoc
1082 1083 1219 1138 opus
1271 1069 1335 1122 ad
1391 1069 1564 1139 ipsum
1593 1082 1717 1122 esse
1759 1066 1997 1121 referen-

422 1157 568 1210 dum.

413 1255 417 1275 ‘
493 1248 603 1303 XII.
630 1246 891 1303 Libellum
931 1249 1007 1301 De
1030 1247 1400 1318 singularitate
1424 1246 1736 1301 clericorum
1773 1246 1992 1316 Origcni

422 1338 619 1392 addicit
648 1349 799 1394 vetns
833 1341 999 1394 codex
1038 1339 1214 1409 Regia:
1245 1339 1604 1393 Bibliotheca.
1635 1338 1907 1392 Addicunt
1944 1346 1999 1391 et

422 1430 717 1485 Landullus
752 1448 781 1484 a
816 1432 1078 1485 Columna
1133 1434 1185 1485 in
1241 1430 1519 1485 Breviario
1550 1430 1840 1494 historiali,
1892 1428 1995 1483 La-

423 1523 638 1576 ziardus
667 1519 1016 1587 Ctelestinus,
1056 1524 1366 1577 Antoninus
1417 1533 1471 1577 et
1514 1522 1829 1579 Vincentius
1885 1523 2000 1577 Bel-

423 1613 747 1677 lovacencis,
781 1629 916 1683 quos
950 1622 1196 1668 recenset
1234 1614 1536 1677 Pamelius;
1577 1622 1631 1666 et
1660 1614 1859 1682 quibus
1886 1614 1999 1679 ipse

423 1703 675 1770 succinit,
703 1719 822 1756 cum
869 1704 921 1756 in
954 1703 1277 1757 Prtefatione
1315 1704 1379 1756 ad
1412 1704 1627 1757 tertium
1656 1713 1857 1757 tomum
1892 1702 1996 1773 Cy-

424 1792 622 1861 priani,
654 1803 765 1846 tum
793 1793 847 1846 in
878 1802 1195 1863 argumento
1224 1791 1344 1845 libri
1368 1793 1506 1861 ejus,
1533 1802 1586 1845 et
1613 1792 1665 1845 in
1690 1793 1999 1846 adnotatio-

425 1885 586 1939 nibus
610 1886 675 1939 ad
711 1894 871 1953 caput
896 1885 1129 1953 primum
1161 1885 1284 1939 libri
1316 1883 1639 1939 Tertulliani
1694 1883 1771 1938 De
1819 1884 2002 1937 exltor-
2031 1864 2072 1918 Β

422 1978 616 2030 latione
646 1977 922 2030 castitatis.
972 1975 1079 2031 Sed
1112 1978 1372 2030 reclamat
1414 1975 1703 2041 Baronius,
1727 1976 1868 2045 quod
1898 1977 1998 2029 hoc

423 2081 587 2137 opere
632 2066 949 2122 fetninarum
994 2067 1407 2122 contubernium
1442 2066 1656 2120 clericis
1708 2066 2000 2120 interdica-

426 2168 546 2224 tur;
582 2174 704 2214 cum
731 2159 873 2211 inter
900 2158 1151 2212 tnulicrcs
1180 2169 1230 2210 et
1263 2159 1470 2229 puellas
1497 2157 1759 2225 Origenes
1784 2156 2000 2211 assidue

425 2251 496 2303 sit
531 2260 903 2304 conversatus.
947 2249 1111 2302 Addit
1157 2250 1207 2303 id
1244 2250 1407 2303 fuisse
1438 2264 1617 2303 causa:
1642 2265 1739 2304 cur
1767 2251 2000 2317 scriptus

427 2343 495 2395 ab
525 2342 846 2395 Adamantio
879 2340 979 2394 iste
1014 2340 1150 2394 liber
1176 2342 1419 2396 creditus
1468 2340 1559 2405 sit,
1597 2341 1741 2411 quod
1776 2350 1997 2409 sponta-

425 2447 582 2486 neam
635 2433 1025 2487 castrationem
1076 2448 1180 2487 non
1224 2434 1643 2503 itnprobaverit;
1693 2447 1856 2503 atque
1901 2436 2001 2487 boc

425 2525 567 2580 idem
617 2532 995 2596 argumentum
1051 2528 1333 2595 usurpavit
1381 2527 1653 2581 Pamelius
1698 2546 1711 2581 :
1750 2545 1767 2579 t
1813 2527 1997 2595 Atqui,

424 2618 600 2687 inquit
632 2618 916 2683 Baronius,
948 2618 1247 2672 debuerunt
1288 2619 1340 2672 hi
1374 2620 1686 2672 meminisse
1729 2619 1903 2688 aliqua
1934 2636 1998 2673 ex

425 2719 580 2780 parte
626 2709 897 2762 laudatum
938 2723 1152 2777 quoque
1207 2724 1236 2761 a
1291 2709 1518 2763 Domino
1565 2710 1800 2763 villicum
1852 2710 1995 2763 illum

422 2798 746 2868 iniquitatis,
774 2812 894 2852 cutn
924 2799 1123 2867 alioqui
1154 2799 1292 2851 idem
1323 2813 1512 2853 auctor
1536 2799 1601 2853 de
1647 2800 1730 2853 his
1762 2800 1851 2868 qui
1885 2801 2000 2854 lucc

424 2897 842 2958 perpetrarent,
898 2887 1003 2941 alio
1070 2886 1473 2942 Commentario
1524 2904 1581 2944 se
1640 2898 1998 2943 tractaturum

424 2977 707 3044 spondeat.
747 2994 766 3027 ι
815 2974 1011 3030 Utilius
1047 2977 1413 3046 respondisset
1440 2977 1723 3042 Baronius,
1761 2979 1805 3033 si
1828 2980 2000 3034 dixis-

425 3075 511 3121 set
539 3069 868 3123 exsectionis
889 3085 999 3123 sine
1020 3068 1308 3139 Origenem
1335 3072 1673 3141 paenituisse,
1695 3082 1749 3126 et
1776 3087 1803 3125 a
1839 3072 1999 3126 simili

428 3157 674 3215 facinore
705 3160 940 3228 reliquos
975 3161 1335 3216 absterruisse
1381 3162 1437 3214 in
1479 3161 1901 3218 Commentariis
1931 3163 1996 3217 ad

431 3250 777 3320 Evangelium
834 3250 1093 3306 Matthaai.
1148 3252 1302 3318 Quod
1341 3268 1470 3323 ergo
1521 3254 1573 3307 in
1627 3265 1999 3325 argumentum

430 3353 711 3397 traxerunt
746 3346 1009 3408 nonnulli,
1044 3356 1103 3398 ut
1142 3346 1336 3398 librum
1379 3345 1455 3399 De
1498 3347 1868 3415 singularitate
1899 3348 2002 3403 cle-

430 3431 660 3484 ricorum
701 3433 915 3502 Origeni
962 3435 1318 3501 ascriberent,
1352 3436 1494 3505 quod
1527 3452 1716 3504 nempe
1758 3437 2002 3491 volunta-

432 3525 566 3577 riam
621 3524 936 3594 genitalium
1003 3527 1422 3595 amputationem
1479 3544 1586 3582 non
1643 3533 2001 3600 damnaverit,

430 3610 660 3681 idipsum
705 3614 903 3668 indicio
936 3615 1066 3668 mihi
1098 3624 1183 3668 est
1209 3615 1409 3669 librum
1440 3631 1544 3670 non
1567 3632 1693 3672 esse
1716 3618 1997 3690 Origenis;

428 3707 628 3776 quippe
654 3722 814 3777 quem
837 3710 995 3764 annis
1018 3711 1412 3779 provectiorem
1440 3710 1699 3767 facinoris
1727 3712 1777 3766 in
1806 3715 1999 3782 juven-

430 3799 562 3852 tntis
591 3800 773 3854 calore
796 3800 1016 3855 admissi
1044 3802 1380 3872 paenituerit.
1409 3803 1641 3858 Baronio
1662 3821 1727 3859 ex
1754 3805 2003 3877 Origenis

432 3888 639 3943 familia
673 3891 840 3945 fetum
874 3894 1018 3948 hunc
1062 3895 1351 3963 depellenti
1400 3897 1724 3968 astipulatur
1751 3900 2000 3954 codicum

430 3981 719 4050 dissensio,
760 3998 990 4053 quorum
1031 3986 1123 4040 alii
1169 3986 1525 4058 Hieronymo,
1560 3990 1858 4059 Augustino
1889 3991 2001 4056 alii,

431 4075 677 4142 plerique
719 4074 990 4144 Cypriano
1037 4079 1333 4148 assignant.
1388 4079 1647 4136 Erasmus
1696 4083 1762 4137 ad
1801 4083 2001 4137 calcem

430 4165 552 4220 libri
600 4167 883 4235 Augustini
917 4167 991 4220 De
1046 4169 1177 4221 bono
1229 4171 1507 4225 viduitatis
1536 4185 1554 4222 :
1582 4190 1601 4223 ι
1641 4172 2000 4241 Sequebatur,

429 4258 631 4326 inquit,
662 4259 765 4313 hoc
796 4260 914 4315 loco
940 4260 1150 4315 libellus
1175 4261 1249 4315 De
1276 4263 1643 4332 singularitate
1674 4265 2001 4331 clericorum,

429 4354 525 4419 qui
554 4352 714 4407 toties
735 4360 789 4405 et
811 4351 1151 4423 Hieronymi,
1177 4364 1231 4407 et
1253 4355 1506 4425 Cypriani
1539 4357 1753 4410 nomine
1774 4373 2005 4414 excusus

430 4452 534 4509 est,
568 4459 689 4498 cum
722 4447 935 4515 phrasis
969 4462 1068 4499 nec
1097 4446 1502 4516 HierOnymum,
1524 4462 1623 4503 nec
1651 4449 2001 4518 Cyprianum,

2097 604 2258 658 nibus
2285 601 2568 658 contendit
2596 618 2611 655 :
2644 614 2822 668 neque
2846 610 2968 650 eum
2993 599 3175 646 movet
3201 590 3323 660 styli
3355 587 3630 652 disparitas,

2096 695 2238 765 quod
2278 709 2384 748 non
2413 693 2661 747 eumdem
2694 703 2910 758 semper
2945 684 3068 752 styli
3098 692 3335 737 tenorem
3362 678 3635 749 Cyprianus

2099 787 2419 841 servaverit.
2762 816 2777 828 -

2170 877 2222 929 In
2255 888 2360 929 tam
2391 877 2651 939 obscura,
2684 884 2939 944 tanquam
2980 880 3329 926 controversa
3368 868 3637 938 quastione

2097 977 2304 1021 certum
2350 967 2551 1036 aliquid
2599 976 2840 1019 statuere
2881 964 3097 1018 diﬂicile
3143 973 3242 1017 est.
3276 959 3520 1031 Cypriani
3550 953 3634 1010 non

2098 1075 2218 1113 esse
2262 1059 2405 1113 istud
2436 1075 2571 1127 opus
2594 1059 2833 1111 clamant
2874 1056 3119 1110 barbara:
3161 1054 3243 1107 ha:
3270 1067 3447 1115 voces,
3477 1050 3630 1117 cujus-

2100 1154 2240 1206 tnodi
2294 1153 2464 1205 nullas
2519 1153 2569 1205 in
2617 1165 2751 1219 puro
2804 1165 2867 1203 ac
2923 1158 3067 1201 terso
3114 1145 3367 1217 Cypriani
3419 1155 3639 1196 sermone

2101 1241 2433 1295 nauciscaris
2488 1259 2500 1293 :
2563 1259 2581 1290 ι
2640 1238 3199 1300 Constitutionarios,
3263 1233 3634 1303 rcpulsorium,

2100 1329 2464 1397 vulgaritatis,
2522 1327 2878 1391 ﬂuxurarum,
2941 1326 3297 1395 probrositas,
3356 1322 3639 1393 participia,

2099 1420 2349 1483 adnnari,
2397 1418 2679 1481 vanificat,
2720 1427 3043 1487 egestosatn,
3092 1417 3426 1480 intintetuus,
3475 1429 3643 1483 procu-

2103 1514 2300 1576 rativa,
2333 1511 2632 1577 absentari,
2652 1509 3030 1580 conjugalitas,
3065 1509 3380 1577 parentalis,
3404 1526 3424 1557 ι
3452 1508 3643 1575 aliaque

2099 1603 2352 1672 plurima.
2392 1602 2522 1668 Quis
2563 1612 2928 1657 monstrorum
2961 1600 3221 1672 ejusmodi
3257 1608 3526 1668 parentem
3553 1598 3643 1665 Cy-

2101 1697 2350 1766 prianum
2379 1696 2563 1750 dicat?
2593 1697 2955 1750 Arianismutn
2986 1705 3246 1765 prtetcrea
3272 1696 3383 1748 haec
3404 1691 3641 1760 sapiunt:

2100 1787 2161 1844 Si
2206 1788 2447 1843 Christus
2477 1805 2783 1859 comparare
2824 1790 3046 1858 seipsum
3085 1804 3246 1841 ausus
3295 1797 3368 1839 est
3412 1785 3533 1849 Deo,
3567 1786 3643 1851 qui

2100 1882 2173 1933 ait
2206 1894 2223 1932 :
2254 1879 2417 1933 Pater
2457 1880 2629 1948 maior
2655 1897 2735 1934 me
2780 1892 2854 1934 est
2902 1895 2919 1933 :
2957 1892 3047 1932 aut
3076 1880 3124 1933 si
3148 1878 3367 1945 apostoli
3397 1891 3643 1946 caa’quare

2099 1975 2400 2042 semetipsos
2449 1974 2567 2026 ausi
2621 1984 2739 2027 sunt
2790 1971 2998 2026 Christo
3047 1971 3113 2025 “.
3158 1970 3421 2040 Rapinatn
3475 1982 3644 2034 nempe

2100 2064 2418 2130 arbitratur,
2446 2064 2719 2118 Christum
2754 2078 2875 2118 esse
2898 2063 3156 2132 aequalem
3190 2062 3294 2115 Deo
3314 2060 3392 2125 “;
3429 2068 3643 2113 tantum-

2099 2170 2206 2225 que
2268 2156 2597 2210 discriminis
2653 2156 2935 2211 Christum
2994 2158 3135 2209 inter
3183 2164 3238 2209 et
3294 2154 3462 2207 Deum
3517 2166 3643 2211 esse.

2099 2258 2360 2316 quantum
2387 2246 2660 2315 apostolos
2705 2247 2848 2302 inter
2884 2258 2938 2302 et
2962 2248 3255 2302 Christum.
3286 2243 3641 2315 Primigenia“:

2100 2351 2154 2394 et
2190 2343 2424 2395 nativam
2475 2340 2908 2397 lucabrationem
2963 2342 3135 2413 stylus
3187 2342 3315 2405 olet,
3354 2356 3460 2394 non
3505 2342 3645 2393 inter-

2103 2436 2487 2503 pretationem,
2528 2449 2647 2504 quaa
2686 2438 2911 2489 astricta
2946 2436 3058 2488 fere
3086 2446 3167 2487 est
3198 2443 3253 2487 et
3293 2442 3558 2487 contorta.
3586 2430 3645 2485 Ea

2101 2543 2228 2581 vero
2258 2536 2341 2581 est
2370 2527 2661 2596 scriptoris
2692 2528 2995 2591 barbaries,
3041 2536 3092 2578 ut
3124 2526 3458 2580 hellenismis
3494 2526 3644 2579 locum

2100 2619 2317 2673 dedisse
2348 2620 2569 2673 minime
2599 2620 2850 2674 mirabile
2890 2619 2980 2683 sit,
3011 2619 3100 2687 qui
3143 2627 3220 2672 tot
3256 2618 3579 2687 stribligines
3598 2633 3645 2670 ac

2101 2709 2399 2763 dictionum
2450 2718 2699 2779 portenta
2754 2710 2996 2763 admisit.
3058 2710 3242 2779 Spirat
3281 2718 3462 2762 tamen
3497 2708 3648 2761 felicia

2095 2801 2501 2871 juvenescentis
2544 2800 2799 2855 Ecclesiae
2829 2811 3089 2870 tempora,
3140 2801 3276 2855 adeo
3309 2811 3370 2855 ut
3427 2800 3469 2853 si
3498 2800 3648 2852 minus

2104 2894 2252 2947 illum
2286 2893 2595 2963 Hieronymi
2646 2903 2700 2948 et
2744 2894 3029 2963 Augustini
3067 2909 3180 2949 arvo
3226 2895 3557 2962 superiorem
3585 2894 3649 2945 di-

2102 3002 2310 3049 camus,
2336 2989 2478 3057 quod
2503 2990 2840 3057 probabilius
2862 3004 2982 3044 esse
3011 3000 3165 3060 puto,
3194 3005 3297 3045 non
3331 2988 3502 3043 multo
3526 2998 3650 3042 certe

2104 3076 2411 3132 inferiorem
2444 3079 2607 3133 liccat
2644 3081 2921 3137 arbitrari.

2174 3170 2463 3240 Reperitur
2488 3174 2705 3235 quidem
2738 3173 2880 3227 inter
2910 3172 3046 3227 falso
3085 3173 3311 3242 ascripta
3344 3172 3651 3243 Hieronymo

2103 3279 2263 3330 opera
2308 3264 2550 3333 Epistola
2582 3266 2649 3317 ad
2678 3264 2946 3319 Oceanum
2974 3266 3041 3320 de
3068 3267 3175 3319 vita
3204 3265 3546 3329 clericorum,
3574 3266 3651 3318 sed

2104 3355 2347 3425 Sulpicio
2414 3356 2619 3411 Severo
2692 3359 2987 3424 recentior,
3050 3359 3247 3428 quippe
3311 3375 3438 3427 quas
3502 3359 3650 3412 sancti

2102 3448 2316 3502 Martini
2368 3446 2546 3503 Vitam
2603 3451 2672 3504 ab
2724 3464 2790 3503 eo
2844 3451 3101 3519 scriptam
3163 3453 3370 3505 laudet.
3427 3452 3651 3523 Ejusdem

2103 3532 2216 3594 fere
2270 3555 2333 3594 ea
2392 3550 2478 3595 est
2529 3543 2829 3611 argumenti
2881 3557 2943 3596 ac
2988 3543 3156 3597 altera
3212 3545 3325 3598 haec
3384 3560 3506 3615 quae
3549 3544 3651 3600 Ori-

2102 3631 2221 3701 geni
2288 3631 2598 3701 afﬁngitur,
2670 3644 2728 3687 ut
2789 3634 2832 3688 si
2898 3635 3021 3703 quis
3086 3636 3232 3689 illam
3302 3653 3375 3692 ex
3432 3641 3529 3693 hac
3576 3654 3653 3692 cx-

2104 3734 2345 3790 pressam
2381 3724 2547 3788 dicat,
2571 3722 2845 3791 conjector
2875 3740 2979 3779 non
3018 3725 3230 3796 ineptus
3271 3730 3447 3783 videri
3485 3731 3647 3800 possit.

2175 3810 2313 3867 Xlll.
2372 3811 2547 3870 Josias
2575 3815 2867 3883 Simlerus,
2920 3828 2975 3874 et
3037 3818 3315 3875 Conradus
3370 3821 3571 3875 Frisios
3610 3823 3652 3873 in

2108 3902 2350 3973 Epitome
2400 3907 2741 3965 Bibliotltecw
2780 3910 3115 3969 Gesnerianae
3162 3926 3391 3970 narrant
3431 3916 3652 3986 Origenis

2103 3998 2299 4054 librum
2344 4001 2423 4056 De
2456 4004 2746 4058 astrolabio
2794 4006 2847 4060 in
2890 4006 3145 4061 Vaticana
3196 4009 3522 4064 bibliotheca
3555 4024 3652 4062 scr-

2105 4094 2244 4147 vari.
2303 4095 2625 4164 Arguntenti
2684 4098 2841 4166 hujus
2900 4102 3251 4169 scriptionem
3320 4104 3393 4159 ab
3446 4102 3651 4171 Origene

2103 4184 2302 4238 exiisse
2332 4199 2514 4250 nemo,
2541 4188 2682 4255 quod
2711 4190 2904 4254 sciam,
2935 4189 3133 4245 litteris
3156 4192 3422 4260 prodidit.
3448 4191 3522 4245 Ne
3542 4192 3649 4259 quid

2106 4284 2282 4328 tamen
2316 4276 2711 4333 inconsiderate
2754 4280 3121 4349 decernerem,
3159 4285 3348 4337 curavi
3388 4282 3650 4338 Vaticanns

2104 4370 2427 4438 perlustrari
2472 4373 2694 4439 forulos,
2742 4376 2947 4432 indices
2990 4378 3160 4432 evolvi
3208 4398 3222 4432 :
3262 4380 3474 4434 nullum
3521 4379 3651 4449 plane

2106 4460 2207 4513 hoc
2236 4461 2392 4517 titulo
2435 4463 2628 4518 librum
2671 4465 2780 4520 illic
2818 4468 3041 4537 reperiri
3090 4471 3356 4538 perlatum
3387 4482 3473 4526 est
3497 4473 3556 4525 ad
3583 4485 3649 4522 me

434 4549 534 4589 nec
570 4536 930 4631 Augustinum
986 4536 1231 4591 referat:
1281 4539 1509 4607 proinde
1554 4555 1659 4593 non
1703 4551 1787 4594 est
1832 4542 2001 4596 visunt
2035 4560 2078 4616 Ῑ)
2108 4555 2177 4602 ab
2206 4552 2417 4617 amicis,
2448 4556 2646 4621 quibus
2688 4557 2738 4610 id
2778 4559 2977 4627 negotii
3008 4536 3279 4615 dederam.
3316 4563 3467 4617 Inter
3495 4561 3647 4631 Spuria

430 4640 497 4681 co
552 4642 788 4695 praesens
838 4629 1087 4683 volumen
1142 4646 1389 4685 onerare.
1440 4651 1460 4685 ι
1520 4633 1878 4691 Bellarminus
1926 4636 2001 4690 De

430 4718 609 4784 script.
665 4718 957 4775 ecclesiast.
1010 4722 1060 4774 in
1117 4720 1428 4792 Cypriano,
1501 4738 1672 4793 neque
1725 4725 1997 4795 Origenis,

430 4824 604 4875 neque
634 4808 911 4878 Cypriani,
951 4813 1045 4866 sed
1094 4812 1273 4868 Latini
1324 4825 1501 4870 tamen
1554 4819 1836 4887 scriptoris
1876 4833 2001 4875 esse

430 4909 636 4954 censet.
670 4900 938 4956 Pamelius
972 4913 1177 4968 autem,
1201 4914 1256 4958 et
1280 4914 1402 4973 post
1430 4920 1553 4961 eum
1586 4907 1809 4964 Rivetus
1830 4911 1900 4977 "',
1932 4928 1997 4968 ex

428 4987 764 5045 hellenismis
792 4993 1118 5060 quibusdam
1159 4997 1415 5065 suspicati
1452 5008 1580 5054 sunt
1618 5015 1648 5054 e
1674 5000 1865 5057 Graeco
1890 5003 1994 5058 La-

432 5081 546 5135 tine
573 5096 695 5135 esse
718 5097 1067 5141 conversum.
1110 5085 1339 5157 Subjicit
1377 5090 1646 5147 Pamelius
1681 5109 1906 5151 censere
1938 5111 1998 5151 se

427 5186 749 5227 conversum
804 5176 906 5229 hoc
941 5192 1077 5246 opus
1116 5180 1226 5249 jam
1262 5183 1384 5236 inde
1428 5182 1498 5236 ab
1525 5194 1683 5239 aetate
1718 5186 1998 5256 Cypriani,

429 5266 499 5319 ob
536 5265 814 5320 schemata
860 5276 916 5321 et
954 5269 1184 5337 phrases
1224 5271 1341 5339 ejus
1366 5274 1565 5330 aetatis.
1598 5276 1800 5331 Contra
1826 5276 1996 5333 Baro-

502 5517 560 5595 2
588 5518 792 5595 _Baron.
841 5537 931 5595 an.
976 5523 1109 5593 233,
1154 5538 1274 5595 cap.
1323 5527 1414 5593 4'5,
1467 5530 1558 5587 44.

427 5586 480 5624 ⁸⁵
505 5589 729 5661 Philipp.
768 5609 826 5659 tt,
853 5594 906 5651 6.
986 5596 1029 5627 ⁸⁸
1071 5586 1354 5654 Ριιδειὲνίιι.
1396 5586 1462 5658 ad
1491 5586 1696 5658 calcem
1738 5586 1934 5675 Appar.

1648 5533 1694 5565 δ’
1736 5534 1913 5618 Hivet.
1958 5534 2145 5594 Critic.
2208 5559 2349 5598 sacr.
2385 5545 2477 5602 lib.
2513 5562 2574 5613 tt,
2608 5562 2725 5618 cap.
2766 5550 2832 5606 13
2860 5560 2913 5605 et
2958 5551 3046 5607 15.

2100 4642 2305 4713 itaque,
2332 4656 2387 4701 et
2419 4646 2557 4702 falso
2586 4649 2758 4704 aﬂicta
2792 4651 3012 4723 Origeni
3042 4669 3203 4723 opera
3240 4655 3390 4710 istud
3422 4658 3647 4709 amande-

2105 4746 2211 4791 tur.
2256 4737 2400 4792 Idem
2445 4750 2631 4809 aperte
2669 4742 2897 4799 deﬁnire
2950 4762 3055 4800 non
3082 4748 3252 4801 ausim
3298 4749 3370 4803 de
3408 4748 3646 4802 Brecian‘a

2102 4826 2370 4897 Origenis,
2414 4832 2555 4899 quod
2593 4833 2645 4886 in
2677 4833 2972 4891 Caesenatis
3016 4837 3360 4893 bibliotheca:
3394 4839 3641 4907 Catalogo.

2102 4918 2170 4972 ab
2216 4918 2543 4991 Hieronymo
2590 4938 2911 4980 conversum
2952 4928 3136 4983 haberi
3179 4931 3377 4985 scribit
3426 4931 3643 4985 Passeri-

2104 5026 2205 5065 nus
2234 5010 2313 5077 ";
2351 5027 2523 5080 neque
2560 5016 2627 5070 de
2657 5016 2935 5079 Sermone,
2972 5021 3062 5089 qui
3088 5018 3166 5075 De
3197 5023 3458 5077 catechesi
3488 5022 3644 5077 inscri-

2103 5112 2227 5172 plus
2247 5116 2351 5166 est,
2378 5116 2432 5159 et
2463 5106 2516 5160 in
2554 5106 3023 5180 Heidelbergensis
3055 5112 3399 5168 bibliotheca:
3418 5114 3641 5175 Catatogo

2103 5194 2171 5248 ab
2218 5197 2405 5249 eodem
2457 5210 2771 5256 recensetur
2806 5220 2819 5257 :
2856 5206 3102 5273 quamvis
3156 5206 3273 5261 haec
3324 5208 3459 5261 mihi
3516 5205 3641 5258 Valde

2104 5296 2349 5356 suspecta
2380 5287 2509 5343 sint.

3149 5553 3203 5622 ⁸³,
3225 5553 3381 5609 Joan.
3436 5571 3539 5618 ιη’,
3567 5550 3637 5608 ΞΒ.
