3838 6222
169 385 272 440 19.8

178 538 2971 576 Ἢ

948 383 1373 441 EXCERPTUM
1414 385 1505 440 ΕΧ
1545 387 1608 443 G.
1652 385 1850 442 BULLI
1894 386 2040 441 DEF.
2080 388 2261 442 FIDE!
2300 389 2619 447 ΝΙΟΑΞΝᾸΞ.

3274 396 3409 449 ηδϐ

3016 553 3309 578 -..’“-¹-“’--.-.-.““
3179 554 3391 580 ΜΔ·

3083 567 3309 578 _—_._.._.

1346 715 1995 828 EXCERPT
2014 718 2209 831 UM

1742 953 1824 996 EX

1101 1111 1861 1227 GEORGII
1932 1112 2468 1226 BELLI

1473 1325 1741 1387 PBESB.
1789 1324 1946 1385 ANG
1958 1326 2103 1387 LIC.

868 1504 1636 1597 DEFENSIONE
1715 1504 2044 1593 FIDEI
2126 1504 2694 1596 NICIENIE.

1266 1697 1420 1769 (Cap.
1450 1696 1543 1764 IX,
1575 1694 1653 1749 De
1682 1692 1809 1748 Filii
1839 1692 1919 1760 τῷ
1947 1696 2293 1769 ὀμοουσίφ.)

157 1993 407 2065 Origenis
440 1992 737 2047 doctrinam
770 1991 835 2073 de
880 1990 1012 2073 iiii
1050 1988 1143 2042 Dei
1184 2005 1322 2069 'cera
1365 1987 1639 2066 divinitate
1698 1985 1911 2066 omnino
1961 1985 2307 2073 catholicam.
2336 1996 2385 2068 et
2441 1986 2678 2069 Nicama:
2736 1989 2862 2059 ﬁdei
2915 1990 3070 2073 plane
3098 2009 3400 2073 consonant

221 2059 414 2134 fuisse,
446 2066 702 2132 pra'cipue
724 2078 787 2117 ea:
816 2062 1112 2136 indubitata
1147 2059 1286 2136 eius,
1326 2070 1375 2111 et
1430 2059 1680 2136 maxime,
1704 2059 2027 2136 incorrupto,
2068 2068 2221 2128 atque
2254 2060 2318 2111 ab
2360 2060 2472 2127 ipso
2491 2062 2607 2128 jam
2643 2077 2760 2114 sene
2790 2064 3108 2116 accuratiori
3127 2064 3401 2135 diligentia

210 2127 528 2203 elucubroto
563 2127 727 2203 Opere
752 2143 941 2187 contra
962 2130 1201 2198 Celsum,
1238 2130 1349 2197 fuse
1376 2142 1425 2184 et
1456 2129 1741 2182 luculenter
1773 2127 2087 2183 ostenditur.

211 2449 241 2521 ᾗ
272 2448 312 2505 Ι.
371 2448 526 2503 Dictu
583 2450 778 2504 mirum
810 2456 915 2513 est,
971 2461 1132 2516 quam
1182 2459 1343 2513 super
1403 2444 1560 2512 hujus
1615 2441 1716 2496 viri
1748 2446 1791 2504 Α
1820 2440 2053 2497 versiam
2086 2442 2345 2496 Arianam
2385 2443 2628 2514 scripsit,
2663 2459 2785 2499 cum
2817 2445 2968 2516 prius
3000 2444 3167 2501 fuerit
3210 2445 3397 2518 Orige-

143 2541 585 2613 πολυθρυλλήτου
630 2543 900 2605 doctrina,
956 2541 1009 2595 in
1065 2548 1246 2608 partes
1280 2540 1497 2601 iverint,
1558 2547 1720 2606 atque

142 2633 419 2686 acerrime
458 2635 596 2688 inter
643 2649 703 2690 se
746 2633 1023 2702 digladiati
1078 2632 1281 2686 fuerint
1330 2631 1560 2700 theologi
1613 2645 1718 2700 qua

143 2731 384 2786 veteres,
420 2738 525 2791 qua
571 2725 920 2778 recentiores.
980 2721 1051 2777 Ut
1083 2723 1149 2776 de
1199 2722 1471 2776 veteribus
1521 2720 1716 2783 solum,

146 2828 353 2869 memor
394 2816 625 2869 instituti
666 2817 793 2882 mei,
835 2831 1019 2885 agam;
1082 2830 1145 2868 ex
1193 2815 1259 2869 iis
1294 2815 1381 2869 alii
1428 2814 1716 2882 Origenem

146 2902 211 2955 ad
240 2904 443 2957 ctelum
479 2919 648 2973 usque
684 2904 933 2958 laudibus
984 2903 1277 2969 extoilunt;
1311 2904 1400 2956 alii
1438 2904 1608 2973 ipsmn
1662 2912 1720 2957 ut

144 2996 443 3061 pessimum
492 2995 947 3059 haeresiarcham,
1004 2998 1245 3064 adeoque
1287 2997 1523 3047 omnium
1583 3008 1720 3061 pene

148 3088 458 3151 haarcsium,
504 3090 799 3156 praesertim
838 3104 957 3157 qua:
998 3087 1250 3142 Ecclesiae
1290 3087 1447 3140 ﬁdem
1497 3086 1564 3141 de
1613 3083 1713 3140 SS.

144 3176 408 3235 'l‘rinitate
439 3191 710 3249 Spectant,
761 3180 964 3235 fontem
1018 3189 1074 3235 et
1138 3178 1531 3248 scaturriginem
1582 3176 1715 3231 diris

144 3270 431 3323 devovent.
488 3268 592 3323 Sed
650 3270 963 3324 Catholicos
1002 3271 1145 3339 quod
1198 3271 1393 3323 attinet
1445 3269 1715 3333 doctores,

144 3359 234 3426 qui
267 3360 521 3427 Origenis
549 3369 708 3414 attatc
739 3362 1028 3416 viciniorcs
1058 3362 1211 3415 luere
1236 3400 1252 3425 ,
1288 3362 1459 3430 major
1482 3372 1537 3415 et.
1562 3362 1718 3431 longe

144 3451 320 3516 potior
346 3453 452 3506 fuit
482 3468 735 3507 numerus
757 3468 885 3508 eoru
899 3472 970 3518 nl,
1013 3454 1102 3521 qui
1136 3454 1233 3522 ipsi
1262 3452 1533 3522 astipulati
1564 3462 1711 3507 sunt.

142 3540 449 3596 Alexander
494 3541 1022 3613 llierosolymitanus
1060 3582 1075 3606 ,
1134 3542 1479 3597 'l'heoctistus
1534 3542 1715 3597 Caesa-

145 3633 359 3699 riensis,
394 3634 682 3705 Dionysius
733 3635 1132 3689 Alexandrinus
1164 3633 1513 3689 Firmilianus
1538 3634 1717 3689 Caesa-

144 3723 365 3788 riensis,
392 3724 687 3797 Gregorius
713 3727 1182 3798 Tltaumaturgus,
1227 3738 1281 3782 et
1316 3727 1711 3793 Athenodorus,

1821 2534 1906 2587 nis
1976 2534 2321 2589 adversarius
2375 2535 2812 2604 inlensissimus;
2892 2555 3049 2593 suum
3111 2540 3397 2610 aliquando

1818 2623 1999 2677 odium
2025 2623 2293 2693 deposuit,
2329 2641 2392 2680 ac
2429 2627 2647 2682 tandem
2697 2629 2837 2684 inter
2882 2631 2999 2700 ejus
3038 2632 3397 2690 admiratores

1818 2730 2013 2769 nomen
2034 2732 2188 2770 suum
2217 2719 2458 2787 protiteri
2489 2735 2593 2772 non
2624 2722 2861 2775 erubuit.
2896 2723 3135 2792 Denique
3165 2722 3396 2782 Rufinus

1819 2808 1870 2876 (ει
1894 2806 2152 2863 Cassiano
2184 2808 2276 2864 lib.
2338 2825 2412 2863 vn
2452 2809 2527 2863 De
2577 2811 2840 2867 incarnat.
2878 2815 3070 2876 dictus,
3135 2818 3395 2887 quidquid

1819 2902 1885 2954 de
1923 2901 2035 2970 ipso
2079 2900 2339 2969 judicavit
2369 2904 2589 2972 sequior
2616 2916 2772 2969 aetas,
2826 2924 2844 2955 ι
2871 2906 3193 2963 Christiana:
3219 2911 3393 2977 philo-

1818 2991 2022 3059 sophice
2075 2993 2190 3057 vir,
2247 2994 2388 3048 haud
2434 2999 2831 3051 contemnenda
2900 3000 3394 3058 ecclesiasticorum

1817 3081 2097 3137 doctorum
2122 3086 2332 3154 portio;
2383 3105 2402 3137 ι
2448 3086 2600 3156 cujus
2623 3089 3036 3145 sanctimoniam
3084 3093 3198 3159 ipse
3228 3097 3391 3150 etiam

1818 3171 2187 3246 Hieronymus
2222 3176 2507 3246 aliquando
2534 3181 2761 3233 summis
2798 3180 3051 3239 laudibus
3083 3186 3297 3251 extulit,
3328 3198 3388 3241 ut

1816 3281 1880 3320 ex
1908 3268 2133 3338 epistola
2184 3267 2300 3334 ejus
2333 3270 2540 3339 quinta,
2591 3271 2659 3325 ad
2700 3270 3063 3339 Florentium,
3113 3279 3388 3347 constat),

1817 3360 2070 3429 Origenis
2126 3362 2426 3416 acerrimus
2484 3362 2888 3434 hyperaspistes
2940 3366 3068 3432 fuit;
3142 3379 3201 3422 ut
3256 3371 3388 3424 nihil

1817 3452 1993 3505 dicam
2024 3452 2092 3505 de
2124 3453 2424 3507 innumeris
2455 3469 2550 3522 per
2577 3453 2870 3524 Egyptum
2903 3457 3164 3525 dispersis
3200 3475 3390 3513 mona-

1817 3543 1956 3607 chis,
1990 3544 2081 3612 qui
2109 3545 2342 3598 maxima
2375 3544 2622 3613 Origenis
2654 3548 2719 3600 de
2746 3562 2909 3603 causa
2942 3564 3062 3603 cum
3088 3549 3388 3621 Theophila

1816 3633 2180 3689 Alexandrino
2215 3637 2510 3690 certamina
2551 3638 2809 3692 inierunt.

1892 3721 2008 3793 §ll.
2048 3724 2101 3778 In
2145 3725 2249 3779 hoc
2302 3735 2451 3781 tanto
2515 3738 2787 3782 tantormn
2846 3731 3087 3784 virorum
3134 3734 3380 3797 dissensu

142 3812 395 3885 Origeuis
425 3820 709 3887 coaetanei,
746 3821 918 3889 ipsum
949 3821 1000 3874 in
1028 3822 1261 3875 maximo
1286 3821 1459 3889 pretio
1500 3836 1712 3888 semper
1743 3803 1784 3858 Β
1812 3815 2101 3880 optandum
2124 3826 2265 3879 erat.
2306 3828 2362 3871 υι
2414 3834 2481 3872 ex
2535 3819 2780 3883 ίιιΙίιιίιίεο
2824 3836 2944 3889 quae
2991 3823 3381 3883 Chalcenterus

143 3908 492 3966 habuerunt:
529 3920 582 3965 et
644 3923 752 3968 tota
807 3912 1117 3976 Palaestina,
1166 3912 1387 3975 Arabia,
1433 3912 1710 3967 Phoenicia

141 4010 193 4052 et
238 4002 443 4057 Achaia
494 4018 711 4057 causam
761 4003 1010 4075 Origenis
1066 4005 1324 4058 adversus
1385 4004 1709 4058 Demetrium

141 4087 562 4145 Alexandrinum
593 4105 1017 4163 propugnnrunt.
1052 4093 1303 4148 Eamdem
1324 4093 1516 4148 deinde
1554 4094 1708 4147 tutati

142 4190 265 4233 sunt
324 4182 639 4251 Pamphilus
702 4194 907 4255 martyr
957 4194 1011 4239 et
1065 4184 1326 4240 Eusebius
1363 4184 1711 4239 Caesariensis

139 4284 233 4338 per
253 4273 566 4343 Apologiam
597 4291 689 4329 sex
717 4275 884 4330 libros
920 4277 1278 4344 complexam,
1333 4291 1557 4345 quorum
1591 4276 1711 4330 uui-

138 4378 234 4419 cus
285 4377 549 4436 superest.
590 4368 735 4421 Alios
785 4384 1004 4437 qunque
1064 4368 1241 4437 magni
1286 4369 1523 4423 nominis
1564 4370 1709 4425 viros

138 4460 447 4529 complures
489 4461 708 4515 Eusebii
742 4463 1077 4530 temporibus
1116 4462 1404 4532 Apologias
1440 4478 1538 4532 pro
1576 4461 1702 4517 Ori~

138 4564 271 4616 gene
296 4554 576 4622 scripsisse
611 4555 773 4609 tradit
799 4553 1021 4609 Photius
1047 4556 1167 4609 cod.
1202 4571 1390 4610 cum.
1420 4556 1705 4626 Origenem

137 4656 300 4709 porro
331 4654 585 4714 tanquam
632 4646 912 4701 catholica:
961 4647 1081 4700 ﬁdei
1132 4649 1395 4701 adversus
1429 4648 1706 4710 haeresim,

136 4749 254 4802 qua:
284 4750 470 4806 postea
505 4740 704 4793 Ariana
747 4740 893 4795 dicta
929 4738 1052 4803 luit,
1082 4753 1360 4794 strenumu
1394 4755 1706 4810 propugna-

138 4833 308 4881 torem
366 4828 604 4882 laudavit
654 4844 880 4900 magnus
931 4830 1266 4883 Athanasius
1325 4830 1379 4883 in
1435 4829 1571 4885 libro
1630 4828 1708 4883 De

135 4916 353 4972 decretis
399 4920 634 4974 Nicena:
663 4922 870 4990 synodi.
922 4919 1014 4974 His
1046 4920 1417 4976 accensendus
1453 4920 1707 4992 Didymus

134 5006 530 5066 Alexandrinus
558 5014 677 5081 (vir
737 5012 986 5075 celebris,
1023 5028 1131 5081 quo
1168 5013 1427 5081 magistro
1457 5024 1518 5065 se
1543 5026 1696 5065 usum

136 5100 333 5166 saepius
379 5101 736 5173 Hieronymus
789 5103 1096 5173 gloriatur),
1161 5103 1251 5171 qui
1313 5116 1410 5168 pro
1472 5100 1703 5167 Origene

136 5192 538 5263 Apologeticum
567 5196 756 5259 edidit,
788 5206 843 5251 et
875 5195 1028 5250 Titus
1059 5194 1373 5250 Bostrorum
1397 5197 1704 5263 episcopus,

134 5297 185 5337 et
209 5286 591 5358 Gregoriorum
629 5289 806 5343 nobile
851 5304 971 5357 par,
1012 5286 1385 5341 Nazianzenus
1422 5295 1477 5340 et
1511 5285 1707 5355 NySse-

138 5396 256 5445 nus,
284 5392 337 5435 et
364 5382 602 5439 Joannes
633 5382 1176 5449 Hierosolymitanus,
1212 5378 1448 5434 assiduis
1477 5394 1598 5432 eam
1629 5378 1697 5431 ob

138 5485 246 5524 rem
299 5472 583 5542 Epiphauii
652 5486 708 5529 et
759 5474 1067 5543 Hieronymi
1116 5472 1331 5541 probris
1395 5470 1701 5524 lacessitus.

1732 5147 1775 5203 C

136 5560 433 5621 Methodius
459 5583 705 5637 quoque,
752 5568 842 5637 qui
885 5567 976 5620 diu
1022 5573 1148 5619 ante
1188 5574 1429 5619 exortam
1488 5575 1704 5616 contro-
1754 5605 1766 5617 .

206 5678 314 5754 (ξ’-2)
353 5678 423 5735 Ut
453 5685 610 5754 facile
634 5684 905 5754 conjiciat,
930 5691 1146 5754 iquanto
1186 5679 1377 5754 majori
1422 5687 1535 5745 post
1580 5692 1693 5744 ejus

138 5749 329 5802 obitum
376 5749 737 5823 conﬁdentia,v
768 5765 875 5809 etc.
929 5749 1058 5827 Vide
1082 5751 1482 5827 _Pt‘:nl:atio‘n_e_m
1546 5758 1692 5827 homo.

139 5830 319 5875 nostro
334 5816 494 5889 priori
520 5816 816 5895 przelix'am,
852 5840 972 5895 pag.
997 5822 1052 5890 2,
1079 5823 1112 5878 5
1135 5830 1193 5879 et
1224 5820 1280 5887 4,
1312 5821 1401 5875 ubi
1422 5820 1537 5874 haec
1558 5816 1693 5872 Bulli

1813 3907 1902 3962 ille
1930 3908 2288 3973 elucubravit,
2339 3911 2556 3977 scriptis
2588 3910 2743 3979 plura
2791 3914 2857 3966 ad
2895 3928 2994 3967 nos
3039 3918 3384 3974 devertissent

1812 3998 2020 4067 integra
2056 4011 2112 4054 et
2147 3999 2382 4067 illibata;
2414 4002 2557 4055 unde
2602 4003 2736 4072 ipsi,
2785 4005 2961 4058 neutri
2989 4008 3125 4074 parti
3159 4008 3379 4075 addicti,

1810 4091 1877 4143 de
1924 4091 2040 4160 ejus
2087 4091 2330 4145 doctrina
2396 4094 2595 4147 certius
2640 4093 2938 4160 dijudicare
2996 4098 3379 4166 potuissemus.

1808 4185 1907 4237 Ast
1955 4181 2129 4253 (proh
2170 4183 2406 4253 dolor!)
2463 4198 2529 4238 ex
2590 4184 2744 4239 libris
2802 4183 3048 4255 Origenis
3099 4192 3381 4258 quosdam,

1809 4272 1935 4325 dum
1960 4273 2006 4327 is
2028 4272 2202 4326 adhuc
2225 4274 2453 4337 viveret,
2492 4290 2520 4327 a
2547 4275 2898 4330 maleleriatis
2928 4279 3236 4336 hominibus
3262 4298 3383 4337 cor-

1811 4372 1998 4431 ruptos
2056 4372 2218 4431 atque
2268 4363 2656 4431 interpolatos;
2729 4374 2785 4419 et
2852 4368 3050 4436 scripta
3124 4373 3380 4426 nonnulla

1808 4456 1980 4509 aliena
2019 4468 2242 4524 prorsus
2266 4469 2329 4509 ac
2358 4455 2544 4524 spuria
2589 4458 2691 4510 sub
2731 4457 2848 4523 ejus
2878 4462 3095 4515 nomine
3137 4463 3383 4518 celebra-

1809 4548 2014 4602 tissimo
2034 4544 2178 4601 edita
2212 4546 2383 4600 fuisse
2426 4547 2538 4617 ipse
2574 4558 2913 4616 conquestus
2944 4560 3029 4603 est
3057 4551 3109 4604 in
3140 4553 3381 4620 Epistola

1809 4640 1876 4693 ad
1916 4638 2179 4709 quosdam
2229 4637 2613 4692 Alexandriam
2665 4640 2891 4709 scripta.
2947 4640 3060 4711 (22)
3109 4640 3175 4696 Ut
3215 4642 3381 4698 facile

1807 4731 2087 4800 conjicias,
2122 4739 2333 4799 quanto
2358 4732 2546 4797 majori
2568 4732 2825 4801 postcjus
2846 4734 3053 4787 obitum
3095 4738 3380 4792 conlide

1810 4824 1881 4878 tia
1933 4824 2020 4878 isti
2064 4824 2405 4878 tenebrioncs
2452 4823 2503 4877 id
2549 4839 2720 4890 genus
2761 4824 2999 4881 facinora
3036 4842 3381 4897 perpetrave-

1809 4915 1948 4979 rint,
1977 4922 2125 4967 certe
2156 4912 2601 4982 Origenianorum
2646 4929 2869 4984 operum
2898 4932 3025 4985 pars
3070 4918 3227 4988 longe
3263 4937 3382 4975 tua-

1807 5005 1949 5057 xima
1990 5004 2101 5073 jam
2156 5004 2372 5071 penitus
2420 5005 2820 5059 interciderunt
2864 5025 2877 5060 :
2924 5022 3150 5077 quaeque
3214 5012 3374 5067 hodie

1808 5105 2115 5164 supersunt,
2179 5109 2264 5159 ea,
2319 5096 2550 5164 demptis
2605 5108 2787 5150 contra
2833 5095 3040 5152 Celsum
3101 5101 3274 5170 libris,
3324 5115 3379 5159 et.

1808 5185 2076 5255 excerptis
2105 5185 2453 5254 quibusdam,
2489 5202 2608 5255 qua:
2637 5185 2935 5242 Pnilocalia
2968 5205 3245 5257 vocantur,
3278 5194 3376 5248 La-

1808 5278 1915 5332 tine
1944 5287 2148 5331 tantum
2174 5278 2526 5342 exstiterunt,
2557 5278 2738 5348 idque,
2775 5289 2834 5333 ut
2860 5295 2928 5334 ex
2974 5286 3138 5336 certis
3166 5284 3376 5340 indiciis

1804 5378 2037 5433 constat,
2065 5369 2289 5422 multum
2314 5370 2383 5423 ab
2411 5369 2795 5439 interpretibus
2837 5372 3161 5442 interpolata
3213 5386 3375 5445 atque

1804 5462 2085 5516 innnutata
2112 5477 2127 5513 :
2164 5461 2335 5515 donec
2368 5477 2539 5531 nuper
2567 5462 2905 5518 clarissimus
2940 5464 3124 5519 Daniel
3148 5466 3374 5523 Huetius

1802 5554 2105 5627 ὲξηγητικά
2130 5552 2378 5624 Origenis
2406 5569 2511 5608 non
2541 5568 2707 5623 pauca
2744 5569 2810 5608 ex
2852 5571 2981 5610 mss.
3034 5555 3223 5611 Graece
3253 5560 3372 5613 edi-

1801 5677 1854 5723 et
1883 5668 2054 5722 Huetii
2080 5667 2346 5723 sententia
2392 5667 2459 5720 de
2507 5667 2900 5722 adulteratione
2945 5668 3205 5723 librorum
3248 5670 3369 5726 Ori-

1800 5743 1951 5809 genis
1991 5750 2110 5810 post
2128 5740 2244 5808 ejus
2292 5738 2498 5794 obitum
2546 5739 2613 5794 ab
2672 5738 2940 5795 hwrcticis
2996 5739 3138 5797 facta
3183 5743 3368 5798 conlu-

1802 5820 1961 5866 tatur.
