1919 3111
218 199 288 228 1237

929 195 1140 226 EXCERPTUM

1777 195 1844 223 1258

218 260 266 286 dit.
280 258 350 292 Quin
368 265 402 286 eo
421 257 530 286 nomine
549 258 582 286 de
606 258 778 294 φιλαρχαίδις
800 259 925 286 omnibus
939 267 1007 294 prte—
1022 261 1044 289 Α
1059 258 1159 292 quique
1172 256 1240 284 adeo
1254 256 1368 290 genuina
1387 255 1446 290 ejus
1464 255 1566 290 scripta
1588 262 1603 282 a
1623 255 1725 289 spuriis
1746 257 1845 290 optime

217 305 289 332 clare
307 305 420 332 meritus
436 305 471 332 sit
484 305 525 331 vir
544 305 728 338 doctissimus,
745 313 825 333 nemo
836 306 886 333 nisi
901 306 1007 333 invidus

217 351 384 378 diﬁitebitur.
407 350 479 377 ldem
506 356 594 378 tamen
617 350 733 378 Huetius
750 352 892 386 proﬁtetur
910 351 1005 386 Orige-

217 396 289 423 niim.
309 396 355 423 lib.
372 403 413 427 ttt,
432 403 491 430 esp.
507 395 533 427 l,
554 403 629 422 num.
646 396 674 428 5,
691 396 741 423 sibi
766 404 827 424 esse
850 396 1005 429 verisimile,

220 451 229 467 ί
241 441 378 476 Quotquot
394 442 478 468 libros
493 440 618 475 Origenis
630 443 662 468 ad
678 449 726 469 nos
750 441 857 469 fortuna
874 443 1003 469 transmi-

216 489 263 519 sit,
278 488 390 515 violatos
410 496 480 517 esse.
508 494 535 514 at
559 495 607 515 eos
622 489 804 523 potissimum,
831 489 878 523 qui
908 494 1007 523 preter

199 535 383 561 ‘notariorum
398 535 544 569 σφάλματα
567 540 594 562 et
625 535 813 564 haereticorum
833 535 1006 563 adulteratio-

219 589 276 614 nes,
293 582 470 615 interpretum
487 581 569 608 etiam
583 581 808 609 hallucinaliones
823 586 850 609 et
865 581 1005 615 perﬁdiam

217 633 369 656 senserunt.
386 638 395 654 ι
428 628 581 662 Excipere,
607 629 632 655 ui
660 629 749 660 fallor,
774 628 904 655 debuerat
923 629 1006 655 libros

217 680 310 701 contra
339 673 463 705 Celsum;
483 675 582 708 quippe
609 682 679 709 quos
705 678 804 709 praeter
834 674 1005 701 librariorum

218 720 377 755 σφάλματα.
389 727 402 746 a
415 720 513 753 quilms
530 720 593 746 tmlli
611 725 730 746 veterqu
751 719 812 746 libri
827 727 938 754 prorsus
957 720 1007 746 im-

217 771 314 790 munes
329 769 403 796 sunt,
421 764 501 790 aliam
523 764 693 790 violatiouem
720 764 865 792 notabilem
891 765 1007 792 subiisse

218 816 308 841 nemo,
328 809 400 844 quod
416 810 511 841 sciam,
531 809 663 836 hactenus
678 811 832 844 suspicattts
847 811 939 837 fuerit.

252 854 322 890 §Ill.
338 855 470 882 Caeterum
491 855 514 882 si
534 855 623 881 omnia
640 854 765 890 Origenis
785 856 896 890 scripta,
921 863 1007 891 eaque

217 908 285 935 pura
297 905 323 928 et
336 901 503 935 ineorrupta,
531 900 611 927 hodie
633 905 790 932 exstarent;
816 901 888 928 haud
914 901 1004 928 omnia

218 951 307 973 tamen
323 954 392 973 vera:
404 953 435 972 ac
449 946 572 980 genuinte
594 945 653 978 ejus
675 946 817 981 sententiae
837 945 1007 973 declaranda:

217 992 318 1026 pariter
333 992 506 1019 inservirent.
522 991 778 1019 Scilicetvariorutn
794 992 913 1019 auctoris
927 991 1007 1018 πολυ-

216 1037 324 1073 γράφου
349 1044 462 1072 operttm
488 1037 595 1064 diversa
622 1037 693 1064 foret
711 1038 788 1065 ratio.
802 1038 858 1073 (25)
871 1037 937 1065 Nam
955 1038 1006 1065 alia

216 1084 250 1110 ad
278 1082 379 1110 atuicos
411 1087 517 1110 secreto
536 1082 657 1117 scripsit,
679 1090 739 1117 quae
760 1083 847 1110 lucem
872 1091 1005 1117 nunquam

218 1129 312 1156 visura
328 1129 468 1164 speravit;
486 1129 512 1155 in
533 1128 632 1163 quibus
653 1128 738 1156 libere
755 1136 787 1156 ac
806 1136 874 1163 pene
890 1129 1007 1163 sceptice

217 1174 357 1207 disseruit,
378 1182 410 1201 ac
427 1175 586 1209 plerumque
608 1181 661 1200 non
680 1179 734 1201 tam
755 1181 832 1200 suam
854 1180 956 1201 certam
975 1182 1008 1201 ac

217 1221 355 1248 deﬁnitam
376 1222 540 1248 sententiam
551 1240 559 1252 ,
575 1227 656 1254 quam
673 1220 716 1248 vel
732 1219 846 1247 aliorutn
860 1220 1007 1247 ratiocina-

219 1268 317 1300 tiones,
330 1267 373 1295 vel
395 1275 460 1295 suos
481 1268 614 1303 quosdatn
636 1267 778 1301 scrupulos
791 1274 823 1294 ac
838 1267 1007 1294 dubitatinn-

216 1314 304 1346 cuias,
318 1313 351 1340 ad
367 1313 511 1340 clarioretn
524 1314 650 1341 veritatis
672 1313 894 1345 elucidationem,
910 1321 1008 1348 propo-

217 1359 282 1387 suit.
313 1358 371 1386 Alia
394 1359 452 1393 ipse
475 1359 502 1386 in
525 1359 661 1394 publictttn
689 1359 798 1391 emisit,
830 1360 889 1386 sive
912 1364 1006 1386 contra

217 1405 350 1437 inﬁdeles,
362 1405 418 1432 sive
428 1405 558 1432 adversus
589 1405 740 1438 haereticos,
766 1412 814 1432 seu
839 1406 956 1440 denique
975 1404 1008 1433 ad

218 1451 408 1478 instruendam
432 1451 537 1485 plebem
557 1451 759 1484 Christianam;
779 1452 804 1478 in
823 1452 942 1486 quibus.
967 1452 1008 1478 via

218 1497 281 1523 trita
296 1503 328 1523 ac
341 1500 399 1523 tuta
413 1495 552 1526 incedens.
572 1502 708 1530 receptam
724 1496 751 1523 in
771 1496 891 1523 Ecclesia
914 1496 1008 1523 catho-

217 1542 297 1569 licam
320 1541 467 1569 doctrinam
481 1541 628 1568 studiosius
641 1541 761 1568 tradidit.
778 1541 877 1568 Deinde
886 1541 936 1568 alia
949 1549 1007 1576 pro-

217 1591 345 1621 perauter
359 1587 502 1618 dictitavit,
522 1587 573 1613 alia
588 1587 753 1622 diligentiori
775 1595 840 1614 cura
862 1587 1003 1615 elucubra-
1019 1606 1040 1634 ο

216 1632 266 1659 vit.
284 1631 404 1666 Denique
416 1631 468 1658 alia
486 1631 527 1667 (ut
541 1632 631 1659 lluetii
645 1631 735 1659 verbis
751 1633 822 1665 utar)
839 1639 923 1659 senex
935 1631 1006 1659 Ada-

217 1679 346 1711 mantius,
362 1678 469 1713 ingenio
483 1686 530 1713 per
544 1683 653 1706 aetatem
673 1678 758 1714 magis
773 1678 898 1710 subacto,
916 1678 1007 1705 elima-

217 1725 275 1757 vit;
289 1724 340 1751 alia
357 1724 487 1753 etferente
503 1732 563 1752 sese
577 1725 605 1752 in
622 1725 772 1760 juventutis
793 1729 859 1753 aestu
883 1724 1007 1752 fecundi-

219 1775 276 1798 tate
290 1771 421 1806 profudit.
439 1771 477 1799 De
491 1771 590 1806 quibus
602 1771 733 1806 praeclare
744 1772 811 1799 dixit
826 1771 1007 1807 Hieronymus

218 1815 245 1844 in
254 1816 368 1851 Prologo
379 1816 412 1843 ad
429 1816 648 1844 Commentarios
659 1817 686 1844 iu
703 1816 814 1850 Lucam,
827 1816 970 1851 Origenem
979 1817 1005 1844 iu

216 1861 379 1897 quibusdam
391 1862 566 1889 Tractatibus
583 1872 593 1888 ‹
605 1863 683 1897 qttasi
696 1870 807 1897 puerutn
824 1862 885 1889 talis
900 1862 1004 1894 ludere;

218 1908 271 1935 alia
285 1915 346 1935 esse
360 1907 448 1935 virilia
474 1908 533 1942 ejus
556 1913 584 1936 et
611 1909 759 1936 senectutis
776 1909 857 1936 seria.
871 1918 879 1934 ι
909 1908 1006 1944 Negari

217 1957 308 1980 autetu
337 1960 389 1979 non
419 1958 516 1986 potest,
547 1952 613 1987 quin
638 1952 765 1988 Origenis
789 1952 947 1987 sulfragium
970 1953 1004 1980 de

217 1998 351 2025 catholica
378 1998 503 2025 doctrina
530 1999 585 2033 peti
618 1999 716 2026 debeat
739 2005 773 2026 ex
808 1999 842 2026 iis
874 1999 1008 2033 prmcipue

217 2043 341 2077 scriptis,
352 2050 413 2078 qua:
431 2043 548 2078 publicis
570 2044 663 2071 usibus
682 2044 741 2079 ipse
765 2044 928 2077 destinavit;
948 2052 1008 2079 quae

218 2089 336 2123 cogitate
364 2094 392 2116 et
422 2094 526 2117 attente
562 2090 785 2125 exaravit:qu:e
813 2091 929 2125 denique
951 2091 1006 2125 jam

218 2142 311 2167 senex.
332 2140 360 2163 et
372 2136 451 2170 longo
475 2144 564 2163 rerum
581 2145 631 2163 usu
654 2141 683 2164 et
704 2138 869 2172 experientia
897 2137 1008 2165 edoctus

217 2182 380 2216 composuit.
393 2181 551 2216 Huiusmodi
566 2187 640 2215 sunt,
652 2184 772 2210 Omnium
783 2190 930 2217 consensu,
945 2183 1008 2211 libri

217 2232 280 2255 octo
299 2232 391 2254 contra
408 2227 513 2254 Celsum
533 2227 704 2262 Epicureum.
719 2228 824 2263 Quippe
840 2229 865 2256 in
878 2229 921 2256 his
934 2237 1010 2256 corn-

1058 308 1160 331 norunt
1170 303 1337 335 discernere,
1352 302 1423 334 mihi
1444 302 1660 337 suppeditarunt.
1690 302 1731 329 Ex
1748 302 1846 336 quibus

1056 350 1183 377 omnibus
1198 356 1278 383 spero
1293 348 1359 381 fore,
1376 353 1405 375 ut
1419 348 1503 375 lector
1514 348 1641 375 cordatus
1650 347 1724 374 clare
1737 347 1845 375 tandem

1057 396 1214 431 perspiciat,
1235 403 1316 430 quam
1341 396 1505 430 impotenter
1527 395 1554 421 in
1579 394 1726 429 Origenem
1746 396 1845 421 debac-

1056 443 1152 470 chatus
1165 443 1199 468 sit
1215 441 1352 473 Petavius,
1369 441 1432 468 dum
1448 441 1484 467 ita
1506 440 1540 467 de
1559 440 1637 467 Patre
1654 440 1713 474 (vel
1727 440 1847 467 inimicis

1053 488 1208 522 judicibus)
1223 487 1394 514 sanctissimo
1417 491 1499 520 atque
1519 485 1704 513 eruditissimo
1726 486 1848 513 scribere

1057 541 1108 560 non
1131 539 1173 560 est
1198 533 1323 559 veritus:
1345 541 1353 557 t
1370 533 1406 558 De
1429 531 1555 567 Origene,
1570 541 1579 557 ι
1606 532 1694 567 inquit
1718 531 1849 558 Petavius

1059 578 1095 605 De
1106 577 1201 604 Trinit.
1218 578 1263 606 lib.
1282 585 1300 610 ι,
1318 585 1378 612 cap.
1403 577 1446 610 12,
1467 586 1542 604 num.
1564 577 1590 609 9,
1619 586 1629 603 ι
1644 582 1763 609 constat,
1787 585 1849 604 eum

1057 625 1091 652 de
1109 623 1178 651 Filio
1191 632 1222 651 ac
1240 625 1342 658 Spiritu
1360 629 1462 651 sancto
1487 624 1568 659 impie
1590 624 1763 658 absurdeque
1784 631 1848 650 sen—

1056 672 1135 699 sisse.
1146 681 1155 696 ι
1173 671 1204 698 Ει
1222 671 1300 704 paulo
1312 675 1373 704 post
1385 678 1458 697 num.
1472 671 1505 697 lt)
1521 680 1527 697 :
1549 680 1559 696 ι
1574 670 1704 705 Origenes
1724 674 1754 696 ut
1771 675 1851 696 aetate

1060 717 1153 744 Arium
1181 717 1340 747 antecessit,
1371 717 1409 743 sic
1437 717 1573 750 impietate
1598 724 1660 750 par;
1687 716 1744 742 imo
1775 716 1849 749 in;pii

1059 762 1195 797 dogmatis
1213 768 1305 788 auctor
1325 762 1360 787 illt
1380 762 1438 787 fuit.
1451 772 1459 786 ι
1480 762 1509 787 Et
1522 763 1619 794 passim
1635 762 1699 788 alibi
1714 761 1850 795 ejusmodi

1057 808 1179 835 convicia
1205 807 1231 834 itt
1261 807 1495 841 Origcncmjacit.
1527 808 1652 834 Fortasse
1680 807 1851 834 existimarit

1056 853 1172 883 Jesuila.
1186 861 1216 881 se
1234 853 1362 887 religione
1375 862 1421 879 sua
1438 854 1470 879 ad
1488 854 1511 879 id
1525 853 1683 879 obslrictutn
1701 852 1808 883 fuisse,
1825 857 1850 877 ut

1058 900 1094 927 ita
1106 899 1260 927 venerando
1276 899 1347 925 Patri
1368 900 1557 930 malediceret;
1574 900 1644 932 quod
1660 898 1770 925 scilicet
1789 897 1851 925 Ori-

1058 954 1138 982 genes
1153 950 1180 973 et
1195 945 1353 981 Origenistzc
1366 954 1425 972 cuin
1441 945 1608 979 dogmatibus
1627 945 1683 971 suis
1693 944 1818 971 damnati
1827 949 1851 970 et

1058 991 1292 1020 anathematismis
1303 992 1421 1018 confossi
1451 991 1550 1017 fuerint
1565 991 1621 1025 (24)
1645 991 1670 1017 in
1691 991 1794 1024 quinta
1810 998 1853 1025 sy-

1058 1040 1139 1066 nodo.
1157 1037 1258 1065 Verum
1278 1046 1331 1064 lion
1352 1038 1460 1064 defuere
1483 1037 1533 1063 viri
1557 1037 1676 1063 illustres
1694 1045 1710 1063 e
1728 1037 1851 1064 Romana

1059 1085 1177 1113 Ecclesia
1217 1083 1364 1120 (Joannem
1396 1084 1487 1110 Picum
1507 1082 1723 1109 lllirandulauum
1774 1082 1845 1113 dico,

1057 1131 1188 1158 Iacobum
1228 1130 1370 1157 Merlinum
1405 1130 1618 1156 Victuruicnscm
1638 1149 1646 1160 ,
1681 1129 1851 1155 Dcsidcrinm

1059 1177 1200 1203 Erastuum
1216 1176 1427 1203 Roterodatnum
1439 1195 1446 1205 ,
1468 1175 1572 1201 Sixtum
1589 1175 1753 1206 Sencttsem,
1773 1174 1852 1201 Clau-

1058 1224 1132 1249 dium
1146 1223 1331 1257 Espencteum.
1351 1222 1502 1248 Gilbcrtum
1530 1221 1738 1247 Genebrardum
1759 1226 1790 1247 et
1808 1220 1852 1247 Pc-

1060 1274 1129 1297 trutn
1144 1268 1326 1301 llalloxinm),
1343 1268 1386 1301 qui
1405 1267 1471 1293 nihil
1486 1268 1536 1293 sibi
1557 1272 1711 1293 metuentes
1731 1274 1745 1291 a
1764 1266 1852 1298 quinti

1059 1314 1167 1342 concilii
1183 1313 1428 1343 anathematismis,
1458 1313 1601 1346 Origenem
1623 1320 1676 1338 non
1694 1312 1778 1338 modo
1797 1313 1853 1338 sine

1060 1361 1158 1395 probro
1174 1361 1322 1390 nominare,
1340 1360 1423 1385 sedet
1435 1359 1522 1392 palatii
1538 1364 1684 1393 aperteque
1704 1358 1853 1385 defendere

1061 1407 1118 1434 ausi
1134 1411 1206 1434 sunt.
1226 1405 1358 1433 Nimirum
1384 1410 1457 1431 recte
1479 1405 1635 1438 judicarunt
1654 1404 1723 1436 isti,
1749 1405 1786 1430 ab
1811 1404 1851 1431 illa

1060 1454 1162 1489 synodo
1189 1459 1242 1479 non
1258 1457 1311 1479 tam
1325 1453 1409 1485 ipsum
1428 1451 1580 1485 Ot'igenem,
1597 1456 1642 1476 aut
1658 1450 1783 1484 genuina
1798 1449 1853 1477 Ori-

1059 1500 1137 1535 genis
1159 1499 1268 1533 placita,
1292 1506 1373 1531 quam
1390 1497 1617 1531 perniciosissima
1642 1496 1689 1523 illa
1710 1497 1850 1530 dogmata,

1059 1545 1093 1572 de
1116 1544 1249 1571 'l‘riuitate
1279 1543 1442 1578 ἑτερουσίῳ,
1470 1542 1503 1569 de
1528 1542 1699 1575 phantastica
1730 1542 1853 1576 corporis

1061 1591 1259 1619 resurrectione
1281 1598 1342 1625 qua:
1360 1590 1385 1616 in
1402 1588 1561 1615 adulleratis
1584 1588 1713 1622 Origenis
1743 1589 1853 1622 scriptis

1057 1638 1275 1667 continerentur,
1313 1643 1407 1669 quaeve
1435 1633 1556 1660 nonnulli
1586 1632 1780 1666 Origenistte,
1809 1632 1853 1666 qui

1057 1688 1228 1714 vocarentur,
1249 1682 1335 1717 magni
1353 1681 1423 1707 illius
1445 1680 1561 1706 nominis
1581 1679 1736 1713 patrocinio
1761 1678 1854 1705 defen-

1057 1729 1171 1761 derent,
1195 1728 1368 1755 anathemate
1388 1726 1565 1753 condetnnata
1585 1725 1677 1752 fuisse.
1709 1724 1853 1751 Damnavit

1057 1775 1165 1811 quidem
1180 1774 1299 1810 synodus
1317 1781 1367 1800 una
1383 1781 1444 1799 cum
1459 1773 1518 1800 istis
1542 1776 1568 1799 et
1589 1771 1727 1806 paradoxa
1752 1771 1801 1797 illa
1826 1773 1854 1797 de

1056 1820 1271 1856 prteexsistentia
1299 1820 1462 1850 animarum,
1491 1817 1524 1844 de
1550 1818 1630 1844 astris
1653 1822 1680 1843 et
1707 1816 1854 1843 elementis

1058 1868 1195 1898 animatis,
1212 1870 1280 1897 etc.,
1303 1873 1362 1899 qua:
1381 1872 1443 1891 vere
1461 1864 1585 1898 Origenis
1612 1863 1688 1890 fuere
1704 1872 1711 1888 :
1727 1863 1778 1889 sed
1805 1864 1853 1890 ista

1058 1912 1197 1940 damnavit
1211 1915 1316 1938 tantum
1330 1915 1359 1936 ut
1377 1910 1440 1936 falsa
1463 1915 1489 1937 et
1506 1909 1690 1944 perabsurda,
1719 1917 1776 1935 non
1794 1914 1853 1935 tan.

1058 1965 1139 1992 quam
1164 1956 1310 1987 haeretica;
1337 1956 1388 1982 nisi
1415 1955 1563 1982 accesserit
1591 1954 1737 1989 prmfracta
1768 1954 1852 1981 animi

1058 2003 1216 2035 obstinatio,
1232 2007 1260 2030 et
1270 2002 1411 2030 catholicas
1425 2002 1566 2028 sententia:
1587 2006 1763 2033 contemptus
1783 2010 1791 2027 :
1809 2001 1852 2034 qui

1058 2054 1088 2077 ιιι
1102 2048 1137 2076 ab
1151 2049 1208 2083 ipso
1224 2048 1340 2083 Origene
1354 2048 1446 2083 procul
1468 2047 1562 2079 abfuit,
1583 2047 1618 2073 ita
1639 2047 1664 2073 ιιι
1686 2046 1854 2081 Origenistis

1058 2095 1195 2130 plerisque
1206 2094 1319 2121 nimium
1333 2101 1363 2120 se
1375 2093 1503 2128 prodidit.
1522 2091 1575 2120 Sed
1598 2091 1708 2119 tandem
1735 2092 1774 2119 ad
1797 2100 1853 2120 rem

1059 2142 1145 2177 ipsattt
1159 2141 1331 2169 accedamus.

1094 2186 1108 2222 ς
1126 2186 1170 2213 ιν.
1184 2186 1212 2214 ιιι
1224 2186 1300 2213 libris
1320 2190 1411 2212 contra
1424 2183 1529 2211 Celsum
1545 2183 1624 2210 toties
1638 2183 1777 2217 Origenes
1790 2191 1853 2211 vere

1059 2232 1190 2264 divinam,
1213 2231 1264 2258 hoc
1277 2234 1330 2262 est,
1346 2229 1507 2260 increatatn,
1531 2228 1675 2259 inﬁnitam,
1695 2229 1851 2263 incompte

218 2281 328 2302 munem
345 2274 563 2302 Christianorum
578 2275 742 2306 doctrinam,
763 2275 892 2302 adversus
908 2276 1008 2302 instru-
1024 2274 1045 2302 D
1061 2276 1231 2308 hensibilem,
1243 2275 1439 2303 immutabilem
1452 2274 1531 2303 Verbi
1544 2280 1572 2301 et
1584 2274 1712 2303 Filii.Dei
1725 2280 1851 2302 naturam

218 2321 369 2348 ctissimum
385 2320 525 2355 religionis
545 2325 644 2348 nostrze
664 2322 768 2347 hostem
784 2326 932 2356 propugnat
949 2331 955 2349 :
975 2322 1002 2349 bi

219 2374 327 2394 smnnto
346 2368 467 2394 auctoris
479 2367 580 2398 studio.
602 2368 719 2394 maxima
740 2368 904 2402 eruditione,
929 2369 1008 2403 idque

219 2413 254 2440 ab
268 2413 326 2447 ipso
341 2413 397 2448 jam
415 2414 593 2448 sexagenario
607 2413 702 2448 majori
719 2413 769 2449 (ut
779 2414 878 2441 diserte
893 2419 1009 2442 testatur

219 2458 352 2486 Eusebius
368 2460 438 2486 Hist.
458 2459 603 2486 ecrlesiast.
627 2460 675 2487 lib.
694 2467 732 2491 Vl,
754 2467 814 2495 cap.
832 2460 890 2495 56)
915 2461 1009 2488 elucu-

220 2504 292 2532 brati
308 2504 393 2532 fuere.
407 2504 501 2540 Itaque
517 2513 550 2533 ex
565 2506 608 2533 his
616 2506 838 2541 prmcipttelibris
850 2507 1006 2534 testimonia

221 2558 281 2578 mea
294 2552 441 2586 proferam,
465 2551 564 2586 quibus
590 2552 759 2580 Catholicum
792 2553 876 2580 fuisse
902 2553 928 2580 in
957 2554 1008 2581 hoc

220 2597 334 2625 articulo
346 2597 490 2632 Origenem
505 2598 646 2625 ostendam
663 2608 670 2625 :
685 2598 815 2633 subjectis
824 2603 928 2626 tantum
942 2599 1008 2627 locis

220 2643 392 2677 quibusdam,
415 2650 475 2678 quae
497 2651 530 2671 ex
548 2643 608 2670 aliis
629 2644 712 2678 ipsius
739 2644 851 2678 scriptis
878 2643 1006 2672 catholici

221 2689 356 2722 doctores,
366 2689 412 2725 qui
423 2689 549 2725 Origcnis
557 2690 723 2725 temporibus
733 2691 913 2726 proximiores
923 2690 1010 2724 fuere,

257 2780 312 2815 (ἓὸ)
329 2779 399 2807 Nam
415 2780 469 2807 alia
485 2781 520 2807 ad
533 2781 633 2808 amicos
643 2787 740 2808 secreto
759 2782 876 2816 scripsit,
899 2787 953 2809 etc.
972 2781 1010 2810 De

221 2815 265 2843 his
283 2816 462 2850 Hieronymus
481 2816 507 2842 iit
529 2817 641 2849 epistola
654 2816 699 2849 65,
714 2817 746 2843 ad
762 2816 965 2844 Pammachium
983 2822 1011 2845 et

220 2850 369 2884 Oceanum,
384 2856 518 2887 t_estatnr,
548 2852 693 2887 Origenem
726 2853 752 2878 in
785 2853 897 2887 epistola
928 2860 1010 2886 quam

222 2887 375 2924 scripsitad
388 2885 548 2917 Fabianum.
560 2885 748 2924 penitentiam
767 2885 866 2924 egisse,
884 2885 1011 2924 curitalia

221 2921 372 2955 scripserit,
396 2925 424 2949 ct
447 2921 749 2953 causatnltemeritatis
781 2923 808 2950 in
836 2923 1011 2951 Ambrosium

1059 2323 1189 2355 declarat,
1205 2326 1244 2354 ut,
1262 2322 1285 2349 si
1301 2323 1392 2349 omnia
1408 2322 1460 2348 huc
1474 2321 1625 2355 spectantia
1641 2320 1741 2347 vellem
1767 2321 1852 2348 addu-

1058 2377 1131 2402 cere.
1147 2369 1206 2402 ejus
1225 2368 1410 2404 Syutagmatis
1431 2375 1493 2402 pars
1516 2375 1612 2402 magna
1630 2367 1698 2395 mihi
1719 2368 1851 2395 transcri~

1059 2416 1145 2443 benda
1162 2414 1242 2443 foret.
1257 2414 1350 2449 itaque
1369 2422 1402 2442 ex
1416 2421 1448 2441 eo
1465 2421 1549 2449 opere
1569 2413 1628 2440 loca
1652 2418 1761 2440 tantum
1780 2413 1849 2441 sele-

1058 2462 1145 2491 ctiora
1164 2461 1288 2496 quaedam
1316 2459 1497 2494 proferemus.
1528 2458 1556 2486 In
1581 2459 1650 2486 libro
1673 2467 1680 2485 l
1707 2459 1742 2486 de
1768 2459 1849 2493 “agis

1058 2515 1091 2535 ex
1106 2507 1218 2535 Oriente
1240 2506 1266 2533 in
1288 2504 1409 2533 Judzeam
1431 2504 1618 2535 venientibus,
1644 2503 1678 2531 ad
1706 2505 1848 2532 visendum

1058 2553 1171 2587 Regem,
1187 2559 1266 2588 quem
1285 2551 1362 2579 stella
1381 2551 1490 2578 insolita
1518 2550 1658 2582 indicavit,
1674 2557 1782 2585 agens.
1810 2551 1846 2576 sic

1059 2599 1177 2633 loquitur
1192 2605 1266 2624 num.
1284 2597 1328 2626 60.
1342 2605 1405 2632 pag.
1415 2597 1467 2623 575
1486 2605 1493 2623 :
1510 2596 1642 2632 Φέροντες
1659 2596 1712 2631 μὲν
1729 2596 1814 2632 δῶρι,
1830 2596 1845 2622 Et

1058 2644 1108 2679 (ἶν’
1141 2642 1227 2674 οὕτως
1256 2642 1398 2677 ὀνομάσω)
1429 2641 1548 2677 σννθέτῳ
1574 2640 1626 2666 τινὶ
1655 2641 1688 2667 ἐκ
1712 2640 1783 2667 Θεοῦ
1805 2641 1847 2667 2:".

1057 2688 1203 2726 ἀνθρώπου
1230 2687 1327 2724 θνητοῦ
1350 2688 1551 2724 προσήνεγκαν,
1569 2686 1692 2722 σύμϐολα
1717 2687 1779 2722 μὲν,

1058 2780 1197 2812 retulisse,
1211 2779 1283 2813 quod
1294 2784 1401 2807 secreto
1414 2779 1487 2807 edita
1499 2778 1526 2806 in
1544 2777 1680 2814 publicum
1691 2777 1844 2813 protulerit.

1058 2816 1193 2845 GEORGIUS
1210 2815 1325 2842 BULLus.

1095 2852 1151 2886 ('24)
1166 2850 1197 2877 In
1209 2850 1301 2886 quinto
1312 2849 1426 2886 synodo.
1445 2849 1497 2886 seu
1511 2849 1599 2886 potius
1617 2848 1644 2875 in
1661 2849 1716 2886 alia
1727 2883 1732 2886 _
1745 2847 1842 2886 synodo

1059 2882 1293 2920 Cohstantiuopoli
1312 2882 1414 2920 habita,
1427 2882 1520 2918 quinta
1540 2885 1583 2911 illa
1600 2883 1746 2920 anteriori.
1761 2882 1767 2884 “
1783 2882 1842 2909 Vide

1063 2922 1161 2951 Valesii
1189 2920 1273 2949 Notas
1301 2920 1336 2948 ad
1359 2919 1506 2956 Evagriutn
1528 2927 1590 2955 pag.
1618 2920 1681 2947 ιιι.
1719 2919 1762 2947 lo.
