3794 6222
219 342 360 397 19.39

1206 345 1295 389 es
1348 309 1420 376 (ἓ.
1461 328 1669 390 num
1712 328 1861 388 DEF.
1903 326 2080 387 FlDEl
2122 330 2447 390 NICIENE.

3310 334 3442 382 ιὲεηο

211 460 422 529 βασιλεί
450 458 540 511 τὸν
563 416 781 529 χρυσὸν,
810 458 884 522 ὡς
910 458 965 511 δὲ
990 456 1360 528 τεθνηξομένῳ
1386 449 1486 524 τὴν
1511 456 1769 527 σμύρναν,

1886 469 2023 515 rum,
2046 452 2203 507 dictis
2241 452 2533 520 Scripturae
2572 450 2710 505 locis
2758 450 3126 515 abutentium;
3174 465 3443 519 quamque

210 552 289 615 ὡς
330 551 388 603 δὲ
428 550 546 620 Θεῷ
566 551 657 603 τὸν
681 549 993 603 λιϐανωτόν·
1029 551 1063 603 i.
1095 563 1147 605 e.
1184 568 1198 603 :
1232 568 1249 600 ι
1281 548 1539 602 Fcrentes
1562 550 1698 601 dnna
1727 548 1775 601 ci

210 641 305 708 qui
340 637 765 708 componebatur
789 640 980 709 (utsic
1011 640 1229 708 loquar)
1256 655 1321 693 ex
1354 638 1462 692 Deo
1485 652 1538 693 et
1564 638 1779 693 homine

210 734 454 792 mortali,
480 731 720 803 symbola
747 732 1084 797 obtulerunt;
1115 746 1303 785 aurum
1334 740 1592 800 tanquam
1643 734 1776 799 regi,

208 833 270 877 ut
299 825 559 877 morituro
594 825 896 892 myrrham,
922 831 980 876 ut
1003 823 1111 877 Deo
1137 824 1280 876 thus.
1314 839 1341 873 ο
1372 821 1470 876 Ubi
1499 822 1551 875 in
1577 822 1776 876 Christi

202 928 441 982 persona
488 914 731 984 agnoscit
774 923 830 967 et
869 912 1139 967 hominem
1185 912 1466 965 mortalem
1507 922 1563 965 et
1616 914 1777 965 Deum

204 1006 615 1070 immortalem,
666 1006 751 1060 cui
800 1006 972 1060 honos
1030 1006 1245 1060 divinus
1292 1004 1468 1058 thuris
1509 1005 1779 1057 oblatione

205 1097 341 1151 olim
368 1096 612 1151 exhiberi
667 1096 880 1159 solitus,
927 1095 1206 1151 debeatur.
1251 1095 1347 1149 Cui
1394 1093 1638 1164 geminus
1694 1104 1779 1148 est

212 1186 387 1252 locus,
422 1186 514 1254 qui
548 1186 599 1240 in
629 1186 820 1240 eodem
862 1184 1026 1249 libro,
1051 1183 1292 1253 pauculis
1316 1185 1613 1254 interiectis
1637 1187 1780 1254 pagi-

202 1277 318 1342 nis,
350 1277 589 1332 occurrit
621 1294 635 1330 :
668 1275 756 1329 ubi
784 1274 945 1331 Celso
973 1274 1263 1329 ludenteiu
1297 1276 1611 1344 sanguincm
1650 1274 1776 1329 Jesu

204 1368 495 1440 profusum
534 1369 588 1421 in
620 1381 805 1430 cruce,
845 1380 909 1419 ac
940 1366 1171 1428 dicente,
1233 1384 1252 1417 ι
1277 1382 1382 1420 non
1426 1364 1591 1421 fuisse
1631 1367 1775 1422 illum

197 1477 498 1527 cruorem,
560 1460 737 1529 qualis
805 1460 944 1515 divis
1007 1462 1145 1515 solet
1207 1475 1329 1515 esse
1389 1462 1646 1522 heatisu
1703 1462 1773 1514 ita

202 1553 775 1624 respondetOrigenes
808 1569 956 1606 num.
987 1552 1075 1618 66,
1105 1568 1225 1622 pag.
1260 1553 1385 1617 580,
1414 1555 1510 1608 581
1546 1554 1776 1625 εἨμεῖς

196 1648 267 1701 δὲ
305 1646 452 1717 αὑτῷ
489 1646 830 1709 πιστεύοντες
883 1645 1078 1715 Ἰησοῦ,
1110 1647 1235 1716 περὶ
1276 1647 1372 1717 μὲν
1400 1647 1500 1717 τῆς
1532 1648 1589 1699 ὲν
1627 1645 1776 1717 αὑτῷ

204 1740 484 1809 θειότητος
511 1740 720 1808 λέγοντι
740 1756 752 1769 ·
789 1737 928 1807 Ἐγώ
946 1738 1063 1806 ειμι
1082 1739 1120 1806 ἠ
1143 1737 1301 1805 ὁδὸς,
1332 1739 1429 1792 καὶ
1446 1740 1483 1807 ἡ
1504 1737 1771 1805 ἀλήθεια,

197 1830 310 1884 καὶ
343 1832 381 1898 ἡ
405 1828 539 1897 ζωὴ,
581 1831 673 1883 καὶ
700 1830 754 1882 εί
785 1847 837 1883 τι
867 1827 1075 1894 τούτοις
1123 1830 1515 1902 παραπλήσιον.
1548 1831 1681 1903 Περὶ
1717 1831 1774 1884 δὲ

201 1922 325 1986 τοῦ,
352 1924 433 1976 ὅτι
466 1924 524 1975 ὲν
559 1922 880 1993 ἀνθρωπίνῳ
904 1920 1115 1992 σώματι
1162 1918 1229 1992 ἦν
1266 1921 1436 1974 ταῦτα
1480 1922 1770 1990 φασκόντι·

214 2015 347 2068 Νῦν
364 2013 433 2066 δὲ
450 2012 669 2081 ζητεῖτέ
678 2031 755 2082 με
778 2013 1121 2086 ἀποκζεῖναι
1134 2014 1462 2081 ἁνθρωπον,
1476 2013 1647 2080 ὅστις
1661 2014 1776 2084 τὴν

194 2106 501 2173 ἀλήθειαν
513 2107 657 2177 ὑμῖν
681 2106 1013 2175 λελάληκαο
1030 2105 1279 2159 ambat-6v
1308 2123 1359 2158 τι
1382 2106 1571 2177 χρῆμά
1596 2124 1775 2179 φαμεν

203 2201 371 2255 αὐτὸν
390 2202 689 2270 γεγονέναι·
716 2202 753 2254 i.
778 2216 851 2266 e.,
873 2220 892 2253 ι
916 2200 1023 2255 Nos
1046 2216 1175 2255 vero
1203 2202 1301 2269 ipsi
1324 2198 1447 2255 Jesu
1469 2202 1771 2266 credentes,

212 2294 281 2348 (le
312 2295 590 2349 divinitate
625 2293 841 2363 quidem
875 2307 995 2361 qua;
1036 2293 1086 2345 in
1127 2307 1193 2347 eo
1238 2301 1355 2346 erat
1383 2293 1581 2347 dicenti
1614 2312 1627 2347 :
1662 2292 1772 2364 Ego

188 2401 322 2438 sum
352 2386 455 2449 ria,
477 2386 667 2439 veritas
689 2397 737 2439 et
766 2387 868 2438 vita
889 2386 956 2448 “,
1002 2393 1057 2437 et
1093 2385 1138 2438 si
1171 2386 1297 2453 quid
1321 2395 1405 2439 est
1437 2385 1519 2439 his
1557 2386 1731 2440 simile
1757 2403 1770 2439 :

198 2475 273 2530 de
302 2489 530 2543 corpore
560 2490 689 2529 vero
726 2480 775 2528 in
818 2490 926 2545 quo
957 2486 1073 2530 erat
1106 2477 1343 2530 lrnnano
1373 2478 1451 2530 sic
1487 2477 1726 2545 loquenti
1756 2496 1771 2533 :

202 2564 367 2620 Nunc
397 2581 479 2619 me
496 2567 732 2634 queritis
770 2566 1060 2634 interﬁcere
1083 2566 1364 2627 hominem.
1389 2570 1477 2636 qui
1505 2570 1772 2623 ueritatem

196 2659 346 2712 vobis
402 2658 605 2712 locutus
651 2675 766 2711 sum
796 2660 883 2711 "’z
918 2660 1092 2713 aimus
1132 2673 1253 2712 eum
1310 2659 1475 2714 fuisse
1517 2661 1770 2730 quiddam

192 2752 624 2820 compositum.»
664 2750 786 2804 Mox
835 2752 1034 2816 dicitp.
1071 2751 1164 2805 581
1199 2750 1477 2805 Christum
1510 2753 1766 2807 habuisse

195 2840 473 2913 Θειότερόν
499 2859 551 2895 τι
587 2845 645 2895 ὲν
682 2842 757 2912 τῷ
796 2841 1109 2912 βλεπομένῳ
1142 2841 1430 2913 ἀνθρώπῳ,
1473 2843 1610 2915 ὅπερ
1648 2838 1716 2916 ἦν
1745 2846 1773 2898 ὁ

200 2933 428 3000 αιιοίως
460 2932 587 2995 Υίὸς
638 2932 793 2994 Θεοῦ,
827 2932 958 2995 Θεὸς
995 2931 1184 3001 Λόγος,
1226 2932 1362 2985 Θεοῦ
1390 2932 1634 3004 δύναμις,
1680 2936 1773 2988 καὶ

200 3021 343 3074 Θεοῦ
362 3022 538 3090 σοφία⁸
562 3024 596 3073 i.
615 3036 689 3083 e.,
716 3021 1009 3085 «Quiddam
1034 3022 1264 3074 divinius
1281 3022 1379 3075 sub
1407 3023 1639 3076 humana
1660 3037 1773 3090 spe-

204 3113 331 3175 cie,
376 3112 515 3180 quod
558 3122 676 3163 erat
711 3111 917 3179 proprie
976 3109 1067 3162 Dei
1111 3110 1309 3171 Filius,
1346 3112 1483 3165 Deus
1516 3111 1768 3174 Verbum,

200 3207 381 3259 virtus
419 3204 787 3274 sapientiaque
831 3203 945 3261 Dei.
988 3221 1005 3252 ι
1058 3201 1123 3255 Ει
1170 3212 1289 3271 post
1342 3203 1767 3271 aliquammulta,

197 3296 477 3351 Christum
505 3296 737 3364 appellat
767 3310 913 3347 num.
938 3295 1025 3357 68,
1062 3309 1117 3362 p.
1150 3295 1272 3357 585,
1302 3295 1431 3347 Θεὸν
1467 3298 1523 3347 ὲν
1556 3296 1768 3368 ἀνθρω-

202 3386 346 3456 πίνῳ
398 3386 631 3454 φανέντα
690 3384 901 3456 σώματι
963 3387 1048 3438 ἐπ’
1091 3385 1378 3456 εὐεργεσίᾳ
1444 3385 1536 3438 τοῦ
1584 3387 1769 3453 γένους

199 3478 381 3547 ἡμῶν.
408 3496 425 3529 r
451 3479 615 3531 Deum
649 3486 994 3546 apparentem
1024 3477 1077 3530 in
1100 3479 1336 3531 humano
1354 3492 1599 3546 corpore,
1632 3490 1687 3532 ut
1716 3482 1767 3533 in

203 3576 450 3623 nostrum
472 3585 643 3640 genus
675 3581 959 3625 exerceret
986 3570 1417 3625 beneﬁcentiam.
1457 3588 1476 3620 ι

277 3658 305 3731 ς
330 3659 395 3714 ν.
419 3659 477 3714 1η
507 3661 643 3714 lihro
665 3662 901 3716 secundo
930 3661 1106 3715 citatis
1136 3659 1328 3715 Cenes.
1353 3676 1388 3721 ι,
1420 3659 1491 3714 26
1525 3677 1539 3714 :
1572 3658 1767 3716 Facia-

200 3766 321 3803 mus
373 3750 629 3804 hominem
685 3753 755 3804 ad
804 3752 1085 3821 imaginem
1132 3765 1178 3804 et
1231 3751 1626 3803 similitudinem
1673 3771 1767 3805 no-

196 3852 408 3905 stram;
456 3850 509 3895 ct
555 3841 726 3894 locum
780 3841 993 3896 Davidis
1034 3843 1225 3911 psalm.
1267 3858 1492 3905 exuuii,
1548 3843 1771 3909 ὕειμεε

194 3934 362 3999 dixit,
404 3944 452 3987 et
497 3933 639 4002 facta
680 3943 820 3997 sunt,
857 3936 966 4002 ipse
1009 3936 1267 3989 mandavit
1312 3945 1358 3987 et
1394 3946 1570 3989 creata
1606 3949 1767 3999 sum;

198 4026 298 4080 Dei
326 4028 489 4081 fuisse
518 4026 707 4079 Filium
732 4040 795 4079 ac
826 4026 1175 4093 Sermonem,
1213 4029 1297 4081 cui
1333 4030 1403 4081 ita
1442 4030 1649 4083 locutus
1688 4042 1771 4083 est

196 4131 267 4171 ac
294 4119 546 4186 praecepit
570 4118 708 4171 Deus
733 4116 917 4180 Pater,
947 4120 1045 4172 hac
1067 4123 1274 4173 ratione
1303 4121 1510 4189 colligit
1539 4136 1683 4173 num.
1712 4122 1764 4179 9,

197 4223 326 4278 pag.
369 4210 511 4264 393:
540 4211 602 4261 El
631 4209 738 4279 γὰρ
763 4208 1063 4263 ἐνετείλατο
1084 4212 1111 4263 ὁ
1133 4211 1283 4275 Θεὸς,
1322 4214 1414 4264 καὶ
1451 4210 1670 4282 ἐκτίσθη
1702 4211 1769 4263 τά

195 4306 683 4377 δημιουργήματαο
711 4306 794 4368 τὶς
819 4304 905 4368 ἂν,
934 4306 1070 4359 κατά
1101 4306 1162 4358 τὸ
1185 4306 1416 4376 ἀρέσκον
1447 4306 1523 4375 τῷ
1553 4324 1767 4377 προφη-

1882 542 2158 598 sententia“:
2182 541 2606 604 Catholicorum,
2647 557 2712 597 ex
2755 555 2919 612 Opere
2968 542 3257 596 creationis
3306 543 3444 596 divi-

1882 634 2103 687 nitatem
2162 630 2282 687 Filii
2343 633 2740 693 asserentium,
2796 634 2862 688 ad
2919 634 3176 688 amussim
3244 650 3442 690 conve-

1882 725 2012 786 niat,
2038 723 2231 778 oculati
2258 738 2445 777 omnes
2474 723 2676 778 vident.
2732 723 2934 779 ibidem
2975 725 3131 779 docet
3178 724 3442 796 Origenes

1884 818 1975 872 Dei
2002 817 2160 871 Verbi
2196 817 2532 871 divinitatem
2553 831 2648 885 per
2669 817 3097 874 incarnationem
3125 821 3438 889 neutiquam

1880 909 2046 964 fuisse
2094 910 2169 962 ita
2231 908 2716 978 circumscriptam,
2749 918 2809 964 ut
2850 924 3114 981 nusquam
3150 911 3236 965 illa
3297 922 3442 967 esset

1878 1011 2031 1055 extra
2060 997 2188 1054 .lcsu
2227 1014 2422 1068 corpus
2471 1009 2524 1053 et
2560 1000 2830 1066 animam;
2863 1006 2955 1056 sed
3002 1017 3123 1059 esse
3170 1002 3440 1074 fuisseque

1879 1106 2093 1159 semper
2131 1092 2401 1160 φθάνοντα
2457 1092 2758 1162 πανταχοῦ,
2794 1093 2982 1163 ubique
3032 1105 3355 1163 prwsentem.
3383 1096 3443 1150 lt!

1878 1198 2006 1238 vero
2038 1198 2105 1238 ne
2135 1189 2255 1253 quis
2288 1185 2338 1238 in
2382 1183 2752 1240 Cerinthianaa
2808 1186 3029 1243 haeresis
3083 1191 3439 1255 patrocinium

1879 1278 2139 1339 traheret,
2170 1291 2294 1331 mox
2324 1277 2620 1346 subiungit,
2650 1294 2774 1347 pag.
2803 1278 2942 1333 39:5:
2970 1279 3437 1352 Ταῦταδὲφαμεν,

1875 1366 1937 1420 οὗ
1968 1366 2289 1439 χωρίζοντες
2314 1367 2405 1422 τὸν
2432 1368 2560 1421 Υίὸν
2595 1368 2686 1422 τοῦ
2726 1368 2861 1423 Θεοῦ
2924 1370 3032 1424 ἀπὸ
3081 1370 3175 1424 τοῦ
3244 1372 3437 1443 Ἰησοῦ*

1875 1458 1933 1511 ἒν
1960 1459 2066 1529 γὰρ
2088 1459 2319 1529 μάλιστα
2351 1459 2490 1530 μετά
2516 1460 2615 1531 τὴν
2643 1462 2952 1533 οἰκονομίαν
2984 1462 3270 1534 γεγένηται
3306 1464 3441 1534 πρὸς

1873 1550 1965 1603 τὸν
2008 1550 2177 1618 Λόγον
2212 1550 2303 1603 τοῦ
2342 1550 2475 1605 Θεοῦ
2499 1552 2532 1623 η
2556 1551 2699 1624 ψυχὴ
2724 1553 2817 1606 καὶ
2840 1553 2902 1606 τὸ
2929 1553 3085 1623 σῶμα
3110 1552 3205 1607 τοῦ
3246 1555 3439 1626 Ἰησοῦ,

1877 1641 1929 1694 id
1953 1649 2055 1705 est,
2090 1659 2108 1691 ι
2147 1639 2272 1694 Haec
2307 1650 2485 1695 autem
2533 1657 2639 1696 non
2698 1657 2763 1697 eo
2815 1657 2844 1696 a
2886 1642 3044 1698 nobis
3094 1644 3235 1698 dicta
3291 1658 3438 1703 sunt.

1875 1729 2015 1800 quod
2047 1745 2359 1801 separemus
2391 1748 2420 1786 a
2460 1731 2587 1788 Jesu
2628 1732 2821 1788 Filium
2850 1734 2981 1799 Dei;
3028 1750 3240 1791 summe
3296 1738 3438 1790 enim

1807 1808 1850 1863 Β
1880 1821 2028 1876 unita
2058 1821 2211 1878 fuere
2238 1833 2359 1893 post
2388 1824 2843 1893 dispensationem
2863 1828 3040 1881 anima
3065 1827 3191 1885 Jesu
3216 1843 3443 1899 corpus-

1877 1928 1983 1984 que
1997 1930 2117 1969 cum
2140 1914 2318 1971 Verbo
2340 1916 2455 1971 Dei.
2487 1937 2509 1968 ι
2534 1917 2730 1988 Ecquis
2764 1933 2893 1975 vero
2919 1932 3207 1992 utramque
3234 1922 3439 1979 Christi

1876 2013 2146 2069 naturam,
2174 2015 2231 2061 et
2278 2006 2567 2076 utriusque
2597 2017 2803 2064 natum
2838 2012 3089 2065 unionem
3137 2013 3439 2083 hypostati-

1874 2111 1992 2155 eam
2041 2097 2214 2165 magis
2260 2098 2540 2154 Catholica
2584 2099 2856 2169 explicare
2900 2103 3104 2171 potuit,
3162 2118 3322 2173 quam
3372 2106 3439 2159 ab

1874 2186 2110 2258 Origene
2158 2188 2307 2246 hisce
2334 2189 2385 2243 in
2416 2188 2549 2246 locis
2573 2191 2772 2246 factum
2794 2192 2916 2247 est?
2941 2192 3062 2247 Mox
3088 2194 3282 2249 ihidem
3312 2211 3440 2251 cor-
3494 2198 3503 2209 ‘

1874 2292 1974 2345 pus
2003 2276 2207 2332 Christi
2254 2278 2384 2333 dicit
2432 2294 2581 2333 num.
2617 2278 2707 2344 10,
2761 2278 2853 2334 τὸν
2883 2281 3097 2353 ἀληθῶς
3148 2284 3273 2337 ναὸν
3302 2284 3436 2339 Θεοῦ

1872 2367 1967 2422 τοῦ
2011 2368 2207 2438 Λόγου,
2237 2369 2333 2423 καὶ
2377 2370 2475 2442 τῆς
2522 2370 2735 2441 σοφίας,
2768 2373 2864 2427 καὶ
2916 2376 3014 2446 τῆς
3066 2375 3352 2447 ἀληθείας,
3384 2378 3439 2434 id
3508 2436 3516 2445 α

1872 2464 1993 2522 est,
2053 2477 2074 2512 ι
2115 2458 2313 2514 Verum
2344 2461 2601 2530 templum
2634 2463 2726 2519 Dei
2759 2463 2943 2531 Verbi,
2976 2468 3223 2525 veritatis
3261 2481 3318 2526 et
3346 2486 3437 2527 sa-

1873 2549 2123 2618 pientiae;
2172 2569 2191 2603 ι
2226 2552 2369 2621 (ιιιηά
2395 2551 2589 2618 Judaai,
2630 2553 2900 2624 lapideum
2920 2558 3013 2615 Dei
3040 2561 3294 2632 templum
3318 2564 3437 2633 plus

1872 2643 2008 2697 satis
2033 2656 2373 2709 venerantes,
2410 2657 2874 2718 contempserunt.

1944 2733 1975 2807 ᾗ
2009 2736 2094 2791 Vl.
2122 2736 2178 2791 In
2208 2736 2348 2793 libro
2372 2742 2531 2795 tertio
2565 2742 2841 2812 ohjicienti
2890 2745 3214 2805 Christianis
3252 2751 3438 2822 Celso,

1872 2842 2023 2883 num.
2054 2828 2145 2895 41,
2169 2844 2222 2898 p.
2269 2832 2397 2895 475,
2428 2832 2555 2898 474,
2588 2852 2611 2887 ‹
2660 2839 2802 2906 quod
2838 2837 3022 2893 Jesum
3060 2844 3273 2898 mortali
3312 2861 3435 2900 cor-

1870 2932 2002 2987 pore
2036 2930 2375 2978 constantem
2402 2927 2626 2981 credant
2651 2942 2772 2984 esse
2823 2931 3013 2998 Deum,
3041 2934 3201 3005 idque
3226 2939 3310 3006 pie
3333 2939 3436 2995 sibi

1874 3009 2160 3065 videantur
2192 3011 2405 3081 facere;
2444 3034 2463 3066 ι
2496 3016 2569 3071 ita
2594 3022 2882 3086 respondet
2909 3020 3171 3093 Origenes
3205 3045 3220 3081 :
3249 3028 3435 3084 Ἲστωο

1876 3116 1972 3153 σαν
2019 3102 2069 3154 οἱ
2114 3103 2499 3171 ἐγκαλοῦντες,
2540 3106 2623 3160 ὅτι
2661 3106 2720 3161 δν
2760 3110 2859 3179 μὲν
2899 3113 3187 3184 νομίζομεν
3219 3117 3309 3169 καὶ
3342 3135 3434 3170 πε-

1873 3191 2142 3261 πείσμεθα
2163 3194 2399 3267 ἀρχῆθεν
2425 3192 2561 3251 εἶναι
2599 3199 2730 3253 Θεὸν
2764 3202 2857 3255 καὶ
2886 3202 3011 3256 Υίὸν
3038 3204 3193 3268 Θεοῦ,
3226 3201 3379 3272 οὗτος
3407 3206 3436 3261 ὅ

1868 3284 2155 3354 αὒτολὸγος
2186 3288 2300 3340 ἐστὶ
2336 3290 2488 3359 καὶὴ
2527 3290 2821 3360 αὑτοσοφία
2858 3294 2951 3346 καὶ
2995 3297 3027 3366 ἡ
3057 3297 3435 3370 αὑτοαλήθεια·

1868 3378 1929 3429 τὸ
1962 3378 2019 3431 δὲ
2045 3378 2235 3449 θνητὸν
2271 3380 2433 3433 αὑτοῦ
2482 3380 2660 3452 σῶμα,
2704 3383 2797 3435 καὶ
2846 3382 2944 3453 τὴν
2994 3386 3341 3459 ἀνθρωπίνην
3378 3392 3436 3443 ὲν

1869 3470 2017 3541 αὐτῷ
2066 3471 2261 3542 ψυχὴν,
2322 3475 2386 3544 τῇ
2421 3473 2556 3543 πρὸς
2610 3477 2813 3529 ἐκεῖνον
2866 3479 2926 3529 οὐ
2979 3479 3139 3548 μόνον
3190 3482 3435 3552 κοινωνίᾳ

1868 3564 2006 3618 ἀλλά
2037 3566 2132 3619 καὶ
2160 3565 2347 3619 ὲνὼσει
2377 3567 2470 3619 καὶ
2513 3568 2829 3638 ἀνακράσει,
2882 3570 2950 3622 τὰ
2998 3570 3437 3644 μέγιστάοφαμεν

1868 3656 2310 3728 προσειληφέναι,
2342 3660 2548 3729 καὶτῆς
2580 3661 2790 3714 ἐκείνου
2816 3661 3089 3732 θειότητος
3116 3681 3436 3735 κεκοινωνη-

1869 3751 2005 3803 κότα
2044 3752 2123 3814 εἰς
2166 3750 2297 3804 Θεὸν
2354 3751 2803 3823 μεταϐεϐηκέναι,
2831 3753 2878 3807 id
2904 3764 3007 3818 est,
3053 3773 3072 3806 σ
3110 3756 3297 3812 Sciant
3348 3760 3433 3812 isti

1870 3842 2246 3895 criminatores
2286 3843 2426 3897 hunc
2470 3840 2651 3898 Jesum
2678 3883 2696 3909 ,
2740 3860 2899 3914 quem
2945 3846 3014 3899 ab
3061 3847 3212 3901 initio
3268 3850 3433 3905 Deum

1870 3931 2072 4002 Deique
2100 3933 2291 3987 Filium
2321 3948 2441 3988 esse
2489 3935 2757 3992 credimus
2776 3976 2790 3999 ,
2821 3937 2993 4004 ipsum
3024 3951 3146 3992 esse
3175 3938 3432 4003 Verbum,

1870 4027 2041 4093 ipsam
2074 4028 2376 4089 veritatem,
2414 4026 2581 4093 ipsam
2610 4028 2972 4096 sapientiam:
3004 4039 3254 4083 caeterum
3292 4045 3433 4085 mor-

1870 4118 1976 4172 tale
2014 4118 2130 4186 ejus
2158 4134 2358 4187 corpus
2399 4128 2454 4172 et
2491 4120 2781 4179 humanam
2830 4120 2880 4172 in
2916 4135 2983 4175 eo
3022 4123 3257 4175 animam
3292 4122 3435 4177 illius

1872 4209 2033 4265 Verbi
2067 4228 2171 4265 non
2210 4211 2380 4265 solum
2409 4214 2919 4277 communicatione,
2959 4214 3053 4268 sed
3086 4214 3247 4277 etiam
3279 4214 3434 4268 unio-

1869 4319 1939 4358 ne
1972 4314 2027 4358 et
2057 4306 2425 4373 permistione,
2460 4304 2694 4359 maxima
2723 4320 2952 4375 quisque
2980 4305 3211 4361 diclmus
3275 4320 3433 4361 acce-

196 4397 339 4468 τικῷ
358 4398 652 4468 Πνεῦματι,
680 4397 763 4468 εἴη
781 4398 809 4449 ὁ
824 4398 919 4467 τὴν
936 4397 1263 4467 τηλικαύτην
1285 4398 1376 4449 τοῦ
1398 4398 1606 4469 Ματρὸς
1623 4400 1769 4452 ἐντο-

1874 4395 2032 4463 pisse,
2058 4403 2113 4449 et
2142 4395 2476 4449 divinitatem
2514 4396 2686 4465 ipsius
2718 4398 3121 4466 participantia,
3172 4398 3224 4451 in
3264 4397 3431 4452 Deum

196 4489 300 4559 λὴν
320 4488 668 4559 ἐκπληρῶσαι
696 4489 961 4558 δυνηθεὶς,
999 4489 1031 4559 ἢ
1081 4489 1109 4540 ὁ
1150 4488 1237 4556 (ἵν’
1269 4487 1439 4549 οὕτως
1479 4488 1763 4561 ὀνομάσῳ)

1874 4487 2166 4541 ονοείεεθ.»
2228 4487 2392 4555 Cujus
2447 4489 2813 4555 responsionis
2853 4489 2918 4554 (si
2958 4489 3087 4557 quid
3121 4488 3296 4557 video)
3347 4488 3433 4541 hic

198 4580 443 4650 ἔμψυχος
489 4578 644 4647 λόγος
691 4579 785 4632 καὶ
825 4579 1051 4647 ἀλήθεια
1070 4579 1369 4649 τυγχάνων,
1410 4579 1461 4632 itl
1509 4589 1611 4643 est,
1641 4598 1661 4631 ‹
1704 4580 1761 4635 Si

1874 4594 2063 4634 sensus
2109 4578 2425 4633 manifestus
2459 4590 2544 4633 est
2589 4593 2604 4629 :
2652 4580 2733 4632 An
2767 4578 2899 4633 illud
2929 4593 3025 4632 vos
3056 4576 3364 4640 conturbat,
3400 4595 3433 4632 ο

196 4672 347 4725 enim
401 4671 674 4724 mandavit
706 4669 878 4731 Deus,
925 4680 979 4725 et
1021 4674 1253 4725 COntlitte
1292 4681 1415 4725 sunt
1463 4682 1759 4734 creaturae;
1870 4672 2197 4740 philosophi,
2230 4673 2370 4741 quod
2434 4686 2532 4725 nos
2583 4670 2871 4724 Christiani
2924 4669 3194 4724 Christum
3237 4669 3433 4723 Serva-

197 4760 325 4833 quis
343 4761 495 4831 juxta
516 4763 836 4816 sententiam
852 4764 1150 4831 prophetici
1179 4763 1413 4831 Spiritus
1434 4773 1618 4832 posset
1645 4778 1767 4818 esse
1873 4774 2044 4818 torem
2077 4777 2339 4828 nostrum,
2371 4763 2583 4817 mortali
2610 4777 2835 4830 corpore
2870 4771 3233 4825 constantem,
3266 4761 3431 4815 Deum

199 4854 335 4909 tanti
380 4855 589 4922 paterni
640 4854 875 4907 mandati
911 4865 1219 4917 exsecutor,
1258 4871 1417 4923 quam
1471 4855 1578 4919 ille,
1609 4858 1765 4910 utsic
1872 4855 2139 4909 dicimus?
2188 4855 2329 4915 lino,
2380 4853 2665 4921 ringamini
2708 4854 2855 4918 licet,
2905 4854 3052 4907 illum
3109 4853 3271 4907 Deum
3313 4868 3432 4907 esse

198 4944 409 5014 loquar,
438 4944 705 4997 animatus
724 4944 840 5012 ejus
863 4958 1043 4997 sermo
1076 4954 1131 4997 et
1157 4946 1397 4999 veritas?
1430 4964 1450 4997 ι
1484 4946 1762 5011 Quibusiu
1874 4945 2202 5001 atlirmamus
2261 4945 2589 5012 ipsissimum
2618 4962 2633 5009 ;
2682 4958 2873 5013 nempe
2927 4944 3099 5013 ipsam
3144 4947 3429 5007 rationem,

200 5038 384 5091 verbis
422 5036 611 5089 Filium
644 5035 733 5087 Dei
762 5050 790 5087 a
833 5034 990 5088 rebus
1025 5038 1221 5089 creatis
1254 5038 1504 5091 omnibus
1541 5039 1768 5105 apertis-
1866 5038 2036 5107 ipsam
2071 5043 2376 5099 veritatem,
2412 5038 2580 5105 ipsam
2612 5038 2932 5104 sapientiam
2958 5054 2971 5088 :
2996 5037 3123 5104 quin
3146 5045 3202 5089 et
3232 5037 3282 5088 in
3316 5046 3432 5088 tan-

199 5128 338 5183 sime
363 5126 676 5196 distinguit;
707 5126 834 5194 quin
871 5126 1087 5181 etclare
1111 5126 1267 5179 docet
1289 5142 1422 5196 opus
1439 5130 1728 5182 creationis
1748 5169 1762 5191 ,
1866 5139 1977 5183 tum
2009 5130 2200 5194 Deum,
2235 5142 2293 5183 ut
2322 5146 2428 5185 non
2454 5144 2741 5184 vereamur
2764 5128 2968 5189 dicere,
2997 5128 3114 5197 ejus
3143 5128 3305 5181 etiam
3339 5128 3431 5179 hu-

200 5221 276 5276 illi
322 5220 411 5275 Dei
454 5219 591 5275 Filio
628 5234 658 5272 a
698 5218 861 5272 Patre
916 5233 1014 5273 suo
1070 5220 1489 5281 demandatum,
1530 5229 1762 5273 'tautum

200 5313 415 5377 luisse,
473 5323 659 5384 utpote
717 5312 914 5367 divina:
971 5310 1377 5379 omnipotentis:
1442 5310 1759 5379 proprium,

199 5418 261 5462 ut
321 5408 506 5477 perlici
572 5405 883 5474 neutiquam
937 5405 1173 5474 potuerit
1224 5403 1325 5458 nisi
1380 5403 1449 5457 ab
1505 5416 1604 5464 eo,
1669 5403 1760 5471 qui

198 5500 272 5555 sit
299 5499 411 5568 ipse
452 5499 548 5553 Dei
588 5497 766 5552 Patris
812 5512 987 5551 sermo
1035 5512 1098 5550 ac
1143 5496 1363 5550 veritas.
1419 5493 1548 5561 Quae
1598 5494 1762 5547 ratio-

197 5592 405 5647 cinatio
455 5605 615 5659 quam
661 5588 847 5659 procul
887 5590 1045 5643 distet
1098 5603 1125 5639 a
1170 5596 1349 5640 mente
1398 5586 1762 5639 Ariomanita—

271 5768 492 5821 “io-tn.
530 5782 638 5828 xlv,
662 5765 713 5820 6.
768 5742 833 5795 Ὶ⁶⁷
857 5762 1013 5818 Joan.
1043 5779 1162 5827 vm,
1192 5764 1281 5818 40.

556 5862 823 5920 PATROL.
868 5861 983 5920 Gn.
1032 5858 1227 5919 XVII.

1864 5234 2079 5272 manam
2120 5231 2387 5283 naturam,
2420 5235 2520 5288 per
2568 5220 2822 5273 unionem
2882 5233 3004 5274 cum
3048 5218 3251 5282 divina,
3297 5233 3432 5286 quo-

1865 5309 2152 5364 dammodo
2185 5310 2487 5364 deitieatam
2520 5326 2662 5366 esse.
2708 5310 2951 5365 Notanda
2978 5309 3065 5370 hic
3104 5318 3189 5363 est
3232 5308 3430 5361 locutio

1863 5402 2083 5455 omnino
2142 5400 2451 5466 Platonica,
2514 5401 2820 5470 αὑτολόγος,
2871 5399 3246 5471 αὐτοαλήθεια.
3297 5398 3428 5452 Nam

1866 5493 2017 5549 Plato
2034 5492 2367 5563 αὐτοαγαθόν
2399 5494 2554 5559 dixit,
2578 5495 2721 5564 quod
2747 5505 2829 5548 est
2858 5506 2986 5547 vere
3016 5508 3079 5546 ac
3107 5507 3201 5560 per
3247 5505 3305 5545 se
3336 5492 3431 5544 bo.

1866 5600 1993 5640 num
2017 5602 2032 5645 ;
2065 5586 2191 5639 illud
2220 5587 2500 5655 epitheton
2524 5585 2821 5639 attribuens
2844 5584 2942 5639 soli
2969 5597 3097 5637 vero
3126 5597 3190 5636 ac
3220 5596 3429 5635 summo

2998 5855 3066 5914 hi
