3838 6222
485 312 612 372 1291

1896 314 2319 371 EXCERPTUM

3583 319 3681 371 1292

484 440 614 499 lico,
663 452 689 487 ιι
742 450 853 505 quo
888 435 974 492 ille
1007 436 1099 489 τὸν
1127 438 1297 505 Λόγον
1334 434 1547 505 longius
1581 436 1851 506 spcrabat.
1902 435 2053 504 Atqui

2168 434 2361 505 κούρου
2397 434 2503 487 θεοὶ
2526 476 2539 499 ,
2568 432 2804 487 σύνθετοι
2838 431 2897 498 ἐξ
2916 432 3133 502 ἀτόμων
3153 430 3524 502 τυγχάνοντες,
3548 435 3622 487 καὶ
3639 436 3682 488 τὸ

481 530 765 595 Origenes,
797 537 1052 597 tauquam
1084 544 1149 581 ex
1186 528 1493 582 Christiana
1560 526 1888 581 Platonicam
1937 527 2058 595 phi-

487 620 795 689 losophiam
841 621 1138 689 corrigens,
1170 621 1334 673 etiam
1368 620 1459 672 τὸν
1490 619 1660 687 Λόγον
1700 620 1815 673 sive
1863 618 2057 672 Filium

485 710 575 762 Dei
606 711 952 779 αὑτοσοφίαν,
986 711 1395 781 αὐτοαλήθειαν,
1426 727 1490 765 ac
1535 712 1759 781 proinde
1787 712 2059 779 αὐτοαγα-

485 803 575 856 θόν
596 804 717 872 jure
753 805 944 859 merito
971 804 1072 858 dici
1103 818 1258 872 posse
1290 805 1623 872 pronuntiat.
1653 802 1918 857 Caeterum
1951 818 2059 856 non

488 908 595 961 est,
630 897 772 967 quod
800 896 1000 951 fratres
1034 897 1203 951 nostri
1225 896 1546 956 Lutherani.
1572 896 1662 965 qui
1699 894 1882 949 nescio
1901 909 2061 962 quam

483 988 739 1045 humana:
764 990 816 1044 in
844 988 1072 1044 Christo
1109 1000 1318 1044 uatum
1350 990 1708 1059 ubiqttitatem
1743 986 2059 1055 defendunt,

489 1094 555 1136 ex
585 1082 666 1137 his
690 1081 937 1150 Origenis
968 1080 1145 1136 verbis
1178 1082 1469 1150 quidquam
1515 1096 1691 1135 causa?
1735 1096 1847 1135 sua:
1901 1094 2061 1134 acce-

486 1174 616 1227 dere
642 1174 995 1227 arbitrentur.
1024 1174 1160 1227 Nam
1185 1174 1238 1227 in
1272 1173 1413 1236 loco,
1470 1188 1631 1242 quem
1674 1187 1741 1226 ex
1788 1172 1926 1227 libro
1972 1186 2061 1227 se-

483 1267 667 1318 cundo
705 1265 861 1319 modo
888 1264 1232 1331 adduximus,
1256 1274 1445 1333 aperte
1486 1265 1642 1317 docet
1683 1262 1946 1333 Origenes
1969 1264 2061 1317 τὸν

485 1354 642 1424 λόγον
688 1356 761 1409 ita
812 1369 935 1410 cum
972 1358 1212 1410 humana
1245 1356 1449 1411 Christi
1475 1367 1669 1410 natura
1709 1356 2061 1426 cuujunctum

480 1464 629 1513 esse,
664 1459 720 1502 ut
749 1450 912 1503 etiam
940 1463 1093 1502 extra
1129 1448 1255 1504 Iesu
1284 1451 1520 1503 animam
1563 1463 1865 1519 corpusque
1920 1449 2064 1504 exsi-

480 1549 631 1607 stat;
663 1556 727 1595 ac
747 1539 808 1592 τὸ
841 1541 1028 1609 ubique
1048 1556 1158 1595 esse
1192 1542 1244 1595 in
1271 1541 1438 1596 solam
1466 1542 1804 1596 divinitatem
1844 1556 2062 1611 compc-

488 1646 626 1688 tere.
652 1632 792 1698 Quin
850 1641 904 1686 et
946 1633 997 1687 in
1029 1632 1131 1688 hoc
1171 1634 1288 1702 ipso
1333 1634 1453 1689 loco
1498 1648 1622 1687 mox
1646 1643 1765 1703 post
1792 1634 1955 1688 verba
1985 1633 2062 1687 al-

487 1726 619 1790 lata,
644 1725 785 1793 quod
816 1724 881 1777 de
920 1723 1272 1791 permistione
1317 1723 1568 1778 humanae
1608 1723 1662 1777 iu
1712 1722 1930 1778 Christo
1965 1738 2060 1777 na-

2161 527 2284 579 ὃσον
2320 525 2411 577 ἐπὶ
2440 527 2503 595 τῇ
2538 524 2791 576 συστάσει
2827 522 3102 586 ἀναλυτοὶ,
3132 522 3583 592 πραγματεύονται
3612 526 3681 588 τὰς

2162 617 2518 687 φθοροποιοὺς
2567 618 2802 687 ἀτόμους
2824 616 3193 670 ἀποσείεσθαι.
3234 615 3393 668 Ἀλλά
3436 616 3520 668 καὶ
3554 618 3680 671 ὁτῶν

2162 709 2400 762 Στοῖκῶν
2421 709 2572 772 Θεὸς,
2598 709 2692 763 ἆτε
2729 708 2887 779 σῶμα
2908 709 3212 778 τυγχάνων,
3253 709 3341 759 ὁτὲ
3391 707 3485 777 μὲν
3524 709 3680 778 ἠγεμο-

2161 800 2309 852 νικὸν
2337 799 2448 869 ἔχει
2488 799 2588 870 τὴν
2628 800 2757 871 ὅλην
2790 800 2999 864 οὐσίαν,
3025 800 3151 853 ὅταν
3195 802 3229 869 ἡ
3289 797 3579 869 ἐκπύρωσις

2161 893 2250 945 ὁτὲ
2282 895 2373 944 ἐπὶ
2399 892 2597 963 μέρους
2624 892 2831 960 γίνεται
2876 893 3074 963 αὐτῆς,
3120 893 3248 944 ὅταν
3285 894 3318 962 ἡ
3353 892 3679 963 διακόσμησις·

2160 985 2279 1038 οὐδὲ
2299 986 2409 1057 γάρ
2434 985 2746 1055 δεδύνηνται
2775 980 2920 1040 οὗτοι
2963 986 3239 1057 τρανῶσαι
3266 986 3365 1055 τὴν
3396 986 3599 1057 φυσικὴν
3615 987 3682 1038 τοῦ

2161 1077 2297 1131 Θεοῦ
2320 1077 2546 1143 ἔννοιαν,
2572 1076 2646 1140 ὡς
2676 1079 2851 1150 πάντη
2895 1078 3192 1148 ἀφθάρτου,
3236 1080 3328 1131 καὶ
3374 1079 3533 1132 ἁπλοῦ
3560 1121 3572 1142 ,
3607 1082 3679 1132 καὶ

2161 1171 2477 1235 ἀσυνθέτου,
2520 1174 2613 1226 καὶ
2658 1173 2985 1244 ἀδιαιρέτου.
3020 1173 3093 1225 Τὸ
3141 1173 3198 1226 δὲ
3250 1173 3597 1244 καταϐεϐηκδς
3626 1176 3684 1236 εἰς

2162 1266 2480 1338 ἀνθρώπους
2526 1268 2583 1319 ὲν
2618 1271 2798 1339 μορφῇ
2836 1266 2969 1319 Θεοῦ
3004 1265 3239 1338 ὑπῆρχε,
3268 1267 3361 1320 καὶ
3417 1266 3498 1319 διὰ
3543 1266 3687 1335 φιλαν-

2162 1359 2409 1433 θρωπίαν
2455 1360 2647 1412 ἑαυτὸν
2702 1360 2991 1423 ἐκένωσεν,
3028 1359 3116 1411 ἵνα
3151 1359 3459 1429 χωρηθῆναι
3508 1359 3583 1411 ὑπ’
3622 1360 3685 1410 ἀν-

2162 1448 2395 1521 θρώπων
2432 1450 2631 1521 δυνηθῇ
2658 1467 2671 1481 ³
2708 1452 2767 1504 οὑ
2799 1451 2969 1521 δήπου
3020 1450 3063 1503 δ’
3098 1449 3155 1513 ἐξ
3201 1449 3402 1518 ἀγαθοῦ
3446 1453 3517 1514 εἰς
3560 1451 3692 1504 κακὸν

2163 1540 2383 1609 γέγονεν
2440 1538 2586 1611 αὐτῷ
2616 1539 2908 1610 μεταϐολὴ,
2950 1557 3004 1595 κ.
3039 1556 3091 1593 τ.
3124 1538 3173 1593 λ.
3223 1538 3275 1592 id
3322 1547 3424 1601 est,
3468 1556 3485 1588 ι
3514 1539 3580 1591 Ad
3606 1540 3689 1590 hzec

2161 1632 2295 1686 satis
2352 1647 2671 1701 responsum
2705 1635 2846 1698 erit,
2906 1640 2963 1684 ut
3009 1630 3139 1684 mihi
3187 1630 3422 1693 videtur,
3452 1629 3495 1682 si
3542 1629 3692 1683 dixero

2161 1723 2432 1792 quomodo
2464 1724 2517 1777 in
2546 1723 2753 1777 sanctis
2782 1722 3084 1791 Scripturis
3120 1722 3420 1791 accipiatur
3445 1722 3689 1775 descensus

491 1824 625 1869 tura:
656 1830 777 1870 cum
814 1813 989 1867 divina
1019 1812 1250 1877 dixerat,
1278 1814 1350 1867 ita
1381 1813 1495 1883 ipse
1535 1811 1796 1883 Origenes
1856 1814 2059 1869 diserte
2088 1794 2135 1855 Β
2164 1814 2257 1870 Dei
2291 1816 2356 1869 ad
2387 1816 2637 1871 homines
2672 1833 2686 1869 :
2728 1815 2793 1869 ad
2827 1830 2987 1885 quem
3045 1815 3192 1869 nulla
3237 1815 3531 1869 mutatione
3586 1829 3692 1883 opus

472 1907 749 1976 ‘eXplicat,
806 1911 865 1958 ut
932 1903 1067 1957 nihil
1124 1904 1268 1958 aliud
1324 1919 1382 1959 se
1431 1904 1663 1960 voluisse
1721 1904 2060 1976 profiteatur,

488 2016 652 2069 quam
703 2013 920 2055 carnem
954 1998 1083 2054 Jesu
1112 1997 1494 2067 glorificatam,
1524 1997 1746 2053 mutatis
1785 1996 2063 2067 qualitati.

476 2092 590 2146 bus
624 2092 780 2147 talem
812 2107 932 2147 esse
957 2093 1245 2153 redditam,
1281 2089 1496 2159 qualem
1542 2089 1769 2145 decebat
1816 2088 2063 2146 habitare

486 2184 546 2240 in
580 2200 792 2240 summo
827 2185 1052 2247 aethere,
1082 2182 1214 2237 nihil
1268 2183 1591 2238 retinentem
1640 2182 1874 2238 carnalis
1909 2183 2062 2237 infir-

486 2278 695 2333 mitatis
733 2277 1050 2345 congenilaa.
1086 2274 1264 2346 Lege,
1297 2276 1343 2331 si
1378 2284 1553 2340 vacat,
1594 2291 1714 2344 quae
1755 2275 1895 2344 apud
1940 2274 2062 2331 Ori-

487 2383 681 2438 genem
731 2376 1031 2437 sequuntur
1072 2383 1087 2418 :
1129 2379 1229 2436 ego
1269 2378 1301 2421 e
1356 2364 1674 2420 diverticulo
1714 2366 1767 2419 in
1793 2366 1933 2421 viam
1980 2381 2063 2421 re-

488 2460 612 2515 deo.

558 2549 585 2620 §
612 2549 717 2603 Vll.
744 2551 801 2604 In
837 2549 978 2603 libro
993 2560 1187 2620 quarto
1214 2551 1490 2605 inducitur
1515 2547 1707 2605 Celsus
1738 2548 2057 2620 Epicureus,

488 2642 751 2696 adversus
773 2640 1204 2696 Christianorum
1232 2642 1296 2696 de
1326 2642 1418 2695 Dei
1455 2640 1576 2695 Filii
1611 2642 1663 2695 in
1706 2649 1882 2697 terras
1940 2642 2062 2696 des-

487 2748 652 2788 censu
691 2742 744 2788 et
772 2732 1137 2804 ὲνσαρκώσει,
1192 2734 1499 2788 doctrinam
1543 2737 1686 2788 hunc
1737 2734 1790 2788 in
1840 2734 2057 2790 modum

486 2827 769 2894 disputans
809 2840 959 2880 num.
995 2824 1085 2889 ﬂ,
1134 2840 1258 2895 pag.
1295 2825 1419 2895 5l0,
1483 2844 1503 2877 ι
1538 2826 1682 2881 Deus
1732 2838 1814 2882 est
1863 2827 2058 2894 bonus,

465 2917 730 2987 ‘pulcher,
766 2916 915 2982 felix,
956 2927 1011 2971 et
1050 2916 1413 2987 pulcherrima
1473 2920 1785 2988 optimaque
1829 2920 2054 2990 specie:

484 3010 532 3064 is
586 3009 629 3063 si
684 3009 1036 3063 descenderet
1083 3010 1149 3063 ad
1219 3011 1486 3077 homines,
1530 3021 1590 3066 ut
1641 3022 1880 3067 mutetur
1923 3028 2060 3083 opus

480 3110 599 3167 est;
629 3100 923 3153 mutabitur
954 3110 1132 3154 autem
1164 3116 1194 3155 e
1224 3102 1365 3157 bono
1394 3103 1446 3157 in
1478 3103 1701 3169 malum,
1737 3120 1768 3159 e
1827 3105 2056 3175 pulchro

461 3192 541 3246 ‘in
573 3201 860 3259 turpem,e
892 3189 1047 3245 lclice
1078 3192 1133 3244 in
1166 3192 1463 3257 infelicem,
1507 3208 1572 3248 ex
1624 3195 1829 3262 optimo
1877 3196 1929 3249 in
1963 3211 2057 3251 ne-

478 3283 828 3353 quissimum.
868 3281 1002 3348 Quis
1051 3284 1131 3337 sic
1165 3298 1224 3337 se
1274 3293 1538 3339 mutatum
1588 3286 1842 3355 cuperet?
1897 3286 2056 3343 Certe

464 3372 711 3427 ‘mutatio
762 3374 877 3426 bzec
935 3382 991 3426 et
1041 3371 1454 3428 transformatio
1508 3376 1654 3429 cadit
1693 3378 1743 3429 in
1777 3377 2053 3433 hominem

472 3462 768 3517 mortalem
811 3478 825 3513 :
860 3462 1153 3517 immortali
1184 3479 1313 3518 vero
1345 3480 1557 3536 semper
1584 3466 1771 3522 eodem
1804 3470 1967 3524 modo
1996 3484 2056 3525 se

456 3553 685 3608 “habere
717 3554 991 3608 convenit.
1016 3552 1160 3623 Ergo
1194 3570 1467 3625 nunquam
1509 3558 1650 3611 Deus
1680 3560 1837 3613 talem
1880 3571 2054 3615 muta—

481 3646 685 3700 tionem
714 3645 1002 3715 reciperet.
1045 3664 1063 3697 ι
1092 3644 1211 3701 Jam
1249 3647 1295 3701 si
1344 3647 1607 3719 Origenes
1646 3650 1785 3705 idem
1821 3653 1887 3707 de
1914 3653 2053 3709 Filio

464 3736 577 3791 Dei
607 3737 887 3803 sensisset,
923 3738 1066 3806 quod
1101 3747 1285 3808 postea
1310 3740 1493 3807 Arius,
1524 3756 1685 3810 quam
1744 3742 1903 3799 facile
1958 3760 2053 3815 po-

478 3828 675 3882 tuisset
714 3828 872 3896 hujus
900 3832 1204 3899 argumenti
1251 3831 1427 3901 ipsum
1482 3831 1890 3890 fundamentum
1927 3839 2053 3893 sub-

462 3920 737 3973 vertere?
766 3934 872 3974 uno
900 3921 1109 3975 scilicet
1130 3924 1294 3976 verbo
1326 3924 1554 3980 dicendo
1604 3942 1780 3997 neque
1820 3944 1911 3996 se,
1956 3946 2052 3986 ne-

478 4027 585 4079 que
620 4013 922 4068 Catholicos
946 4012 1286 4070 Christianos
1320 4017 1402 4071 sui
1456 4021 1715 4089 temporis
1753 4024 2051 4081 credidisse

458 4102 678 4157 'Filium
734 4104 826 4158 Dei
860 4119 983 4159 esse
1034 4121 1220 4161 revera
1279 4108 1446 4163 Deum
1496 4111 1884 4168 immutabilem
1913 4133 1927 4181 ;
1956 4116 2049 4170 sed

460 4193 639 4263 plane
663 4197 920 4252 statuisse
948 4206 1253 4252 creaturam
1285 4199 1433 4254 illum
1456 4214 1598 4266 esse,
1625 4220 1653 4256 a
1702 4205 1812 4259 Deo
1862 4207 2050 4262 alienae

476 4298 543 4338 ac
569 4299 790 4353 prorsus
814 4288 1088 4343 mutabilis
1117 4299 1345 4345 naturas.
1379 4290 1484 4347 Sed
1543 4294 1700 4365 longe
1758 4298 1937 4363 aliter,
1992 4311 2049 4353 et

458 4372 623 4428 'Salt'a
653 4376 873 4430 omnino
909 4376 1309 4434 Catltolicorum
1364 4381 1672 4452 hypothesi,
1704 4386 1768 4440 de
1801 4388 1920 4442 Filii
1955 4390 2046 4445 Dei

2162 1914 2266 1971 est,
2312 1914 2372 1960 ut
2419 1904 2611 1963 Celsus
2652 1914 2810 1976 putat
2870 1920 2970 1960 nos
3000 1905 3233 1974 opinari,
3263 1921 3361 1960 nec
3406 1906 3689 1971 versionein

2163 1999 2362 2054 malum
2394 2000 2606 2064 ebono,
2636 2009 2777 2054 aute
2802 1998 3028 2070 pulchro
3055 1999 3108 2053 in
3138 2010 3371 2069 turpem,
3399 2013 3542 2053 aute
3569 1999 3693 2053 lclice

2162 2091 2216 2146 in
2255 2092 2525 2147 infelicem
2551 2132 2567 2158 ,
2610 2100 2703 2147 aut
2738 2108 2805 2147 ex
2858 2092 3062 2162 optimo
3094 2092 3145 2146 in
3183 2094 3581 2162 nequissimum.
3610 2090 3691 2144 lm-

2163 2182 2438 2237 mutabilis
2467 2184 2611 2238 enim
2652 2184 2706 2238 in
2739 2199 2832 2240 sua
2863 2185 3099 2240 essentia
3122 2200 3372 2250 manens,
3406 2186 3693 2240 condescen-

2118 2263 2131 2270 ’
2161 2276 2241 2332 dit
2277 2275 2439 2331 rebus
2459 2274 2711 2329 humanis
2739 2275 3076 2343 providentia
3103 2285 3159 2330 et
3177 2276 3587 2345 dispensatione.
3610 2274 3691 2327 Nos

2161 2376 2310 2422 certe
2360 2381 2392 2420 θ
2445 2365 2618 2420 sacris
2682 2365 2880 2419 litteris
2942 2365 3107 2419 Deum
3170 2365 3559 2420 immutabilem
3602 2380 3694 2417 esse

2161 2456 2553 2522 discimus,ubi
2581 2456 2775 2526 legitur
2812 2470 2830 2510 :
2870 2455 2947 2509 Tu
2975 2465 3147 2510 autem
3178 2457 3288 2525 ipse
3316 2457 3468 2523 es“;
3492 2468 3573 2511 et:
3600 2453 3692 2508 Non

2160 2553 2408 2605 immutor
2428 2549 2498 2607 ".
2552 2548 2769 2620 Epicuri
2814 2563 2943 2603 vero
2969 2548 3041 2603 dii
3075 2563 3139 2603 ex
3177 2549 3374 2603 atomis
3429 2548 3694 2618 compositi,

2160 2652 2214 2699 et
2245 2642 2471 2713 proinde
2507 2640 2899 2697 constitutione
2954 2654 3053 2695 sua
3102 2639 3474 2702 dissolubiles,
3534 2639 3695 2692 habent

2159 2735 2300 2804 quod
2331 2743 2515 2803 agant,
2542 2734 2666 2788 dum
2703 2732 2825 2789 illas
2857 2743 3085 2799 atomos,
3112 2748 3232 2801 quae
3266 2734 3584 2803 corporibus
3602 2746 3697 2784 cor-

2159 2826 2460 2897 ruptionem
2488 2824 2749 2892 efﬁciunt,
2770 2825 3065 2879 excutiant.
3104 2823 3211 2879 Nec
3234 2839 3397 2879 secus
3426 2824 3693 2879 Stoicorum

2162 2920 2321 2987 Deus,
2364 2928 2544 2989 utpote
2571 2932 2793 2987 corpus,
2837 2919 3111 2973 interdum
3178 2933 3332 2971 mens
3365 2927 3452 2971 est
3495 2932 3606 2986 qua:
3634 2926 3695 2969 te.

2159 3020 2267 3068 tam
2318 3013 2554 3081 possidet
2607 3010 2989 3073 substantiam,
3024 3024 3149 3064 cum
3210 3010 3281 3065 sit
3340 3008 3695 3079 conﬂagratio;

2159 3104 2431 3159 interdum
2462 3118 2590 3158 vero
2616 3119 2682 3159 ex
2707 3111 2860 3173 parte
2886 3101 3054 3171 ipsius
3083 3102 3403 3157 substantia:
3426 3110 3700 3172 generatur,

2157 3212 2278 3251 cum
2313 3196 2386 3251 sit
2416 3195 2601 3250 mundi
2630 3196 2922 3252 ordinatio.
2956 3196 3046 3250 Isti
3101 3195 3243 3249 enim
3295 3209 3409 3249 non
3446 3200 3703 3264 potuerunt

2154 3288 2369 3359 quidem
2418 3288 2564 3343 clare
2619 3290 2713 3343 Dei
2762 3298 3007 3342 naturam
3076 3287 3410 3358 intelligere,
3461 3285 3598 3355 quod
3645 3283 3705 3336 sit

2153 3381 2374 3435 omnino
2413 3381 2863 3449 incorruptibilis,
2914 3381 3165 3449 simplex,
3220 3395 3321 3434 uec
3378 3378 3701 3448 compositus,

2153 3488 2254 3528 nec
2296 3472 2601 3527 divisibilis.
2640 3472 2694 3526 id
2725 3483 2905 3527 autem
2946 3474 3089 3543 quod
3137 3473 3203 3526 ad
3230 3472 3485 3526 homines
3512 3470 3705 3525 descen-

2153 3565 2253 3628 dit,
2283 3564 2338 3618 t'r.
2373 3564 2543 3633 forma
2578 3565 2743 3617 Dei”
2776 3565 3051 3632 substitit,
3106 3573 3159 3618 et
3217 3575 3447 3633 propter
3496 3574 3701 3615 amorem

2152 3655 2369 3711 humani
2396 3655 2613 3725 generis
2644 3656 2878 3724 seipsum
2909 3656 3228 3721 exinauivit,
3270 3666 3331 3709 ut
3384 3664 3568 3724 posset
3597 3668 3699 3708 eon-

2151 3746 2256 3816 cipi
2288 3746 2355 3800 ab
2390 3746 2741 3810 hominibus,
2796 3749 3001 3817 absque
3050 3748 3159 3801 ulla
3213 3757 3396 3802 tamen
3438 3746 3705 3800 mutatione

2150 3851 2215 3892 ex
2238 3837 2378 3893 bono
2410 3840 2461 3892 in
2499 3838 2723 3903 malum,
2766 3857 2785 3888 ι
2818 3848 2923 3893 etc.
2973 3838 3102 3892 Post
3155 3837 3336 3907 aliqua
3375 3838 3561 3893 subdit
3591 3835 3704 3889 Ada-

2152 3932 2385 3986 mantius
2417 3946 2568 3987 num.
2605 3931 2691 3993 15,
2734 3946 2787 3998 p.
2835 3931 2961 3994 511,
2988 3930 3051 3982 El
3086 3929 3143 3982 δὲ
3183 3930 3277 3983 καὶ
3330 3929 3497 3999 σῶμα
3546 3926 3703 3994 θνητὸν

2151 4024 2244 4077 καὶ
2265 4023 2443 4093 ψυχὴν
2499 4023 2842 4094 ἀνθρωπίνην
2878 4021 3158 4076 ἀναλαϐὼν
3209 4023 3238 4075 ὁ
3280 4022 3555 4085 ἀθάνατος
3598 4018 3703 4079 Θεδς

2150 4115 2340 4184 Λόγος,
2370 4116 2517 4169 δοκεῖ
2545 4116 2622 4185 τῷ
2654 4116 2845 4187 Κέλσῳ
2877 4116 3230 4171 ἀλλάττεσθαι
3277 4117 3380 4170 καὶ
3437 4112 3701 4187 μεταπλάτ-

2148 4208 2361 4261 τεσοαι⁸
2396 4208 2734 4278 μανθανέτω,
2765 4209 2844 4261 ὅτι
2876 4210 2903 4262 ό
2934 4209 3103 4277 Λόγος
3130 4212 3194 4280 τῇ
3226 4210 3392 4282 οὐσίᾳ.
3427 4208 3596 4281 μένων
3626 4204 3702 4259 A6-

2148 4320 2262 4371 γος,
2287 4302 2438 4355 οὐδὲν
2466 4303 2563 4372 μὲν
2594 4304 2792 4374 πάσχει
2816 4296 2890 4356 ὧν
2922 4302 3122 4373 πάσχει
3150 4303 3209 4355 τὸ
3236 4303 3408 4374 σῶμα
3433 4303 3468 4373 ἢ
3506 4304 3537 4373 ἡ
3565 4298 3697 4368 ψυχή’

2148 4394 2597 4463 συγκαταϐαίνων
2615 4395 2659 4447 δ’
2683 4396 2794 4449 ἐσθ’
2822 4396 2909 4449 ὅτε
2942 4395 3019 4467 τῷ
3043 4395 3116 4466 μὴ
3140 4394 3433 4465 δυναμένῳ
3460 4392 3614 4447 αὑτοῦ
3628 4389 3700 4451 τὰς

472 4474 671 4520 natura
725 4482 851 4522 vere
895 4468 1076 4523 divina
1128 4480 1184 4525 et
1240 4472 1709 4537 incommutabili.
1755 4486 2045 4549 respondet

2155 4484 2520 4556 μαρμαρυγὰς
2544 4486 2638 4538 καὶ
2656 4485 2753 4556 τὴν
2791 4486 3148 4557 λαμπρότητα
3174 4485 3271 4555 τῆς
3307 4484 3585 4555 θειότητος
3610 4480 3698 4551 βλέ-

454 4558 737 4627 ‘0rigenes
787 4562 871 4614 his
906 4563 1083 4618 verbis
1113 4583 1124 4617 :
1178 4568 1336 4620 Δοκεῖ
1363 4569 1425 4639 δή
1474 4587 1564 4639 μοι
1600 4573 1734 4642 πρὸς
1757 4576 1929 4629 ταῦτα
1957 4577 2045 4629 λέ-

469 4649 662 4717 γεσθαι
699 4651 765 4703 τὰ
818 4652 1022 4718 δέοντα,
1084 4657 1470 4732 διηγησαμένῳ
1526 4665 1623 4736 τὴν
1656 4667 1714 4717 ὲν
1754 4670 1873 4731 ταῖς
1899 4670 2040 4741 Γρα-

454 4742 595 4807 ιφαίς
630 4741 927 4813 λεγομένην
950 4748 1249 4802 κατάϐασιν
1274 4751 1407 4804 Θεοῦ
1431 4753 1566 4823 πρὸς
1598 4755 1664 4808 τὰ
1692 4756 2005 4829 ἀνθρώπινα
2024 4778 2037 4790 ο

468 4833 547 4893 εἰς
596 4833 661 4902 ἣν
700 4836 759 4885 οὑ
809 4837 1108 4909 μεταϐολῆς
1168 4841 1314 4912 αὐτῴ
1345 4842 1455 4907 δεῖ,
1494 4844 1569 4908 ὡς
1633 4847 1840 4912 Κέλσος
1894 4853 2043 4921 ἡμᾶς

453 4923 637 4976 ὀἴεται
662 4924 855 4993 λέγειν,
886 4928 1007 4981 οὔτε
1036 4933 1239 5001 τροπῆς
1272 4935 1369 5004 τῆς
1392 4933 1451 4999 ἐξ
1483 4936 1686 5004 ἀγαθοῦ
1712 4940 1791 5003 εἰς
1850 4942 2039 5007 κακὸν,

464 5013 500 5083 ἦ
531 5015 592 5066 ἐκ
608 5015 772 5067 καλοῦ
809 5020 886 5081 είς
920 5021 1163 5094 αἰσχρὸν,
1206 5024 1237 5092 ἢ
1269 5023 1327 5088 ἐξ
1361 5026 1703 5097 εὐδαιμονίας
1752 5034 1832 5094 εἰς
1875 5050 2040 5086 κακο-

451 5101 767 5173 δαιμονίαν,
807 5108 838 5179 ἢ
903 5110 965 5161 ὲκ
1016 5110 1109 5162 τοῦ
1155 5112 1379 5182 ἀρίστου
1431 5118 1509 5180 είς
1546 5118 1607 5169 τὸ
1652 5122 2035 5191 πονηρότατον·

467 5196 643 5265 μένων
696 5198 803 5269 γὰρ
847 5203 911 5270 τῇ
964 5202 1119 5273 οὐσίᾳ
1176 5206 1463 5275 ἄτρεπτος,
1502 5213 1919 5279 συγκαταϐαίνει
1970 5220 2034 5286 τῇ

450 5288 692 5361 ’προνοίᾳ
718 5292 810 5343 καὶ
845 5295 911 5363 τῇ
933 5294 1214 5367 οἰκονομίᾳ
1239 5302 1352 5362 τοῖς
1386 5300 1749 5371 ἀνθρωπίνοις
1782 5306 2059 5377 πράγμαπ

452 5398 567 5434 ¹σιν.
607 5381 796 5452 Ἡμεῖς
830 5383 926 5453 μὲν
948 5380 1039 5439 οὖν
1062 5387 1157 5438 καὶ
1188 5390 1256 5441 τὰ
1293 5390 1409 5443 θεῖα
1436 5393 1475 5443 Γ
1481 5394 1743 5464 ράμματα
1770 5398 2037 5467 παρίστα-

461 5490 563 5542 μεν
596 5474 863 5543 ἄτρεπτον
911 5476 1135 5544 λέγοντα
1161 5480 1251 5532 τὸν
1293 5482 1445 5547 Θεὸν,
1478 5484 1535 5536 ἐν
1564 5502 1622 5538 τε
1658 5487 1757 5557 τῷ,
1790 5489 1873 5541 Σὺ
1906 5489 1973 5541 δὲ
2004 5491 2036 5544 ὃ

446 5567 639 5631 αὐτὸς
664 5564 740 5621 εἶ·
770 5570 861 5622 καὶ
876 5571 934 5624 ἐν
949 5570 1046 5642 τῷ,
1078 5574 1197 5627 Οὐκ
1224 5574 1575 5645 ἠλλοίωμαι·
1609 5579 1658 5631 οξ
1686 5578 1741 5631 δὲ
1768 5581 1861 5634 τοῦ
1890 5582 2036 5635 Ἐπι-

522 5775 571 5807 ⁴³
602 5776 743 5832 l’sal.
779 5794 849 5842 Cl,
889 5778 978 5839 98.
1055 5779 1099 5815 δ’
1128 5781 1359 5839 Malach.
1398 5799 1479 5853 Ill,
1510 5783 1562 5839 6.
1642 5785 1684 5817 '°
1714 5785 1952 5849 Philipp.
1986 5803 2044 5856 ιι,
2086 5787 2140 5845 6.

2152 4592 2274 4628 πειν
2306 4615 2320 4639 ,
2386 4576 2550 4627 οἱονεὶ
2600 4574 2735 4646 σάρξ
2775 4576 3027 4643 γίνεται,
3077 4575 3414 4645 σωματικῶς
3478 4572 3697 4641 λαλούμε-

2151 4684 2259 4730 νος,
2288 4668 2342 4721 id
2382 4676 2501 4732 est,
2540 4687 2559 4719 ι
2596 4668 2749 4734 Quod
2797 4668 2843 4721 si
2903 4668 3136 4722 Verbqu
3180 4666 3326 4721 Deus
3391 4665 3693 4721 immortalis.

2151 4762 2273 4831 quia
2297 4776 2499 4830 corpus
2526 4761 2756 4817 mortale
2799 4762 3145 4829 animamque
3174 4760 3485 4821 humanam
3528 4772 3695 4814 assum-

2149 4854 2336 4922 pserit,
2380 4853 2536 4909 Celso
2587 4854 2792 4908 idcirco
2843 4852 3112 4907 immutari
3177 4851 3447 4907 videatur
3488 4870 3501 4905 :
3563 4853 3693 4905 disci:

2150 4945 2381 4999 Verbum
2413 4961 2632 5001 manere
2671 4944 2904 5001 Verbum
2937 4960 3032 4999 sua
3085 4943 3429 5009 substantia,
3475 4958 3569 4999 nec
3612 4940 3689 5008 pali

2146 5052 2334 5092 eorum
2365 5040 2683 5109 quidquam,
2716 5054 2836 5109 qua:
2876 5053 3071 5105 corpus
3127 5047 3219 5092 aut
3250 5040 3448 5092 anima
3496 5040 3685 5105 patitur;

2147 5130 2583 5187 condescendere
2610 5141 2789 5186 tamen
2822 5131 3091 5185 interdum
3130 5146 3234 5185 non
3263 5131 3582 5186 valentibus
3606 5126 3688 5194 eius
3762 5174 3763 5193 ,

2146 5222 2445 5276 claritatem
2496 5236 2559 5275 ac
2616 5223 2960 5291 splendorem
3021 5222 3329 5278 divinitatis
3378 5224 3606 5283 obtueri,
3648 5232 3687 5267 ac
3762 5220 3763 5291 ἶ

2146 5312 2308 5367 veluti
2348 5327 2567 5367 carnem
2598 5311 2821 5374 factum,
2861 5312 3006 5381 loqui
3052 5314 3445 5382 corporaliter.
3482 5334 3502 5368 ι
3545 5312 3689 5367 Dicant

2146 5404 2355 5457 cordati
2404 5418 2591 5459 omnes
2614 5445 2629 5470 ,
2668 5419 2733 5457 an
2767 5404 2882 5458 haec
2913 5413 3037 5458 sunt
3070 5405 3233 5458 verba
3287 5407 3596 5477 scriptoris.
3624 5399 3687 5469 qui

2151 5512 2171 5545 ι
2207 5494 2396 5548 Arium
2426 5496 2697 5565 impietate
2712 5495 3005 5565 superavit,
3038 5496 3285 5565 adeoque
3322 5498 3485 5568 impii
3511 5499 3688 5565 dogma-

2146 5585 2215 5641 tis
2238 5596 2427 5643 auctor
2454 5586 2528 5644 illi
2552 5586 2733 5662 fuit.)
2765 5584 2986 5644 Scilicet
3018 5586 3168 5645 clare
3202 5586 3298 5644 hic
3343 5588 3512 5647 docet
3547 5588 3688 5654 Orige-
