3838 6222
176 385 311 442 ’1295

1184 380 1275 436 EX
1312 383 1376 438 ϐ.
1418 381 1617 438 BULLI
1657 382 1805 437 DEF.
1847 377 2025 438 FIDEI
2064 382 2386 439 NICAENIE.

3270 384 3411 441 59.9!-

184 517 273 557 ues
292 500 381 556 τὸν
408 500 581 571 Λόγον
605 501 720 557 sive
737 500 936 557 Filium
973 501 1065 557 Dei
1093 517 1213 558 esse
1250 502 1418 559 Deum
1453 506 1738 559 immorta-

1845 522 1932 558 τον
1958 506 2226 576 ὑπεροχὴν
2254 505 2361 558 τῶν
2392 500 2757 575 νομιζομένων
2783 503 2947 573 ἀξίων
2997 510 3414 578 προσκυνεῖσθαι

181 592 297 657 lem,
340 592 643 647 substantia
695 606 790 648 sua
848 593 1259 656 immutabilem,
1283 606 1337 647 et
1379 605 1647 663 quatenus
1678 596 1732 649 in

181 683 341 739 forma
373 685 466 738 Dei
506 686 770 751 subsistit,
789 684 942 755 juxta
981 703 1102 741 cum
1137 686 1297 743 Patre
1320 699 1525 741 natura:
1556 689 1732 742 omni-

182 791 247 830 no
288 776 736 846 incorruptibilis,
787 779 1063 848 simplicis,
1121 795 1220 834 nec
1266 781 1597 848 compositm,
1634 796 1733 835 nec

180 866 474 921 divisibilis.
510 869 799 938 Aliquanto
844 880 963 937 post
996 870 1060 923 ad
1113 870 1270 922 aliam
1310 872 1447 924 Celsi
1474 872 1732 937 objectio-

180 970 318 1017 nem,
370 959 539 1025 priori
604 960 814 1013 aliiuem
846 1002 860 1024 ,
916 976 1276 1028 I'CSpOIISlII‘IlS
1314 1003 1328 1024 ,
1380 962 1457 1015 sic
1504 963 1730 1023 orditur,

179 1062 320 1102 num.
350 1049 437 1113 l8,
474 1064 595 1117 pag.
632 1052 928 1123 51Ξ;Πρὸς
960 1052 1115 1105 τοῦτο
1148 1051 1342 1121 λέγοιτ’
1378 1053 1441 1107 ἂν
1464 1093 1479 1118 ,
1510 1055 1586 1124 πῆ
1638 1054 1733 1125 μὲν

180 1137 301 1206 περὶ
329 1138 426 1206 τῆς
458 1139 549 1190 τοῦ
584 1138 726 1192 Θείου
749 1142 919 1209 Λόγου
950 1140 1162 1209 φύσεως
1200 1142 1350 1205 δντος
1375 1142 1508 1195 Θεοῦ
1529 1161 1540 1172 ·
1681 1144 1736 1197 δὲ

178 1224 300 1296 περὶ
326 1228 422 1297 τῆς
456 1228 627 1297 Ἰησοῦ
654 1228 850 1299 ψυχῆς.
884 1231 937 1284 id
979 1240 1079 1295 εει,
1116 1250 1134 1281 ι
1174 1232 1252 1285 Ad
1294 1233 1393 1288 hoc
1420 1235 1736 1302 responderi

177 1330 367 1388 potest,
393 1321 768 1390 distinguendo
816 1323 978 1376 divini
1033 1321 1195 1376 Verbi
1253 1334 1501 1379 naturam
1537 1366 1552 1390 ,
1606 1341 1727 1395 qum

178 1408 314 1465 Deus
332 1422 433 1475 est,
462 1410 660 1466 etJesu
703 1414 958 1468 animam.
993 1434 1010 1465 ι
1050 1414 1210 1469 Vides
1235 1416 1322 1469 hic
1373 1417 1539 1485 ipsam
1581 1418 1737 1471 Verbi

176 1512 421 1557 naturam
464 1504 653 1568 Deum,
689 1506 801 1559 sive
830 1505 1063 1559 Verbum
1116 1516 1305 1560 natura
1342 1507 1506 1561 Deum
1540 1508 1739 1563 diserte

178 1594 300 1647 dici.
334 1594 429 1647 Cui
466 1595 657 1648 similis
707 1594 954 1661 Origenis
991 1597 1143 1651 locus
1191 1599 1391 1653 citatur
1444 1601 1495 1654 in
1553 1612 1737 1656 catena

178 1684 508 1739 Dalthasaris
528 1684 772 1741 Corderii
806 1688 861 1740 in
878 1687 1063 1756 Joan.,
1085 1691 1149 1745 ad
1183 1706 1301 1759 cap.
1341 1707 1379 1757 ι,
1408 1706 1549 1747 vers.
1574 1694 1623 1757 l,
1650 1695 1739 1748 ubi

174 1773 339 1829 Filius
368 1776 459 1830 Dei
484 1778 551 1830 ab
573 1777 801 1847 Origene
827 1779 1026 1833 dicitur
1061 1782 1089 1833 6
1116 1783 1452 1853 Δημιουργδς
1483 1782 1576 1837 τοῦ
1609 1803 1740 1839 παν-

1842 595 1990 666 παρά
2016 596 2076 647 τὸ
2107 595 2213 648 τῶν
2238 594 2545 665 σπινθήρων
2572 596 2665 649 καὶ
2711 596 2817 649 τῶν
2846 596 3050 668 λύχνων
3077 599 3190 667 φῶς
3209 617 3221 629 ·
3246 600 3415 662 οὕτως

1840 686 1886 736 οἱ
1913 684 2221 753 νοήσαντες,
2266 684 2384 745 πῶς
2414 686 2442 737 6
2474 685 2603 747 Θεὸς
2653 685 2767 755 φῶς
2826 688 2965 739 ἐστι·
3021 688 3415 747 καταλαϐόντες

1840 776 1918 839 δὲ,
1955 777 2071 841 πῶς
2102 779 2130 830 6
2163 777 2289 841 Υἱὸς
2314 777 2406 830 τοῦ
2432 777 2565 830 Θεοῦ
2598 778 2712 847 φῶς
2745 779 2994 850 ἀληθινόν
3016 781 3185 843 ἐστιν,
3208 780 3235 833 ὅ
3257 780 3406 848 φωτὶ

1843 865 1923 930 ζει
1982 868 2159 923 πάντα
2210 870 2495 940 ἄνθρωπον
2546 870 2835 941 ἐρχόμενον
2894 874 2973 935 εἰς
3027 870 3119 925 τὸν
3174 873 3413 941 κόσμον⁶

1845 960 2117 1023 συνιέντες
2153 959 2208 1012 δὲ
2241 960 2354 1022 καὶ,
2391 960 2507 1023 πῶς
2534 954 2686 1023 οὗτός
2735 978 2864 1030 φησι
2911 962 2998 1026 τὸ,
3034 962 3173 1032 Ἐγώ
3202 966 3317 1032 εἰμι
3350 961 3413 1016 n‘

1842 1046 1968 1114 φῶς
1997 1048 2101 1101 τοῦ
2129 1052 2359 1118 κόσμου
2390 1051 2508 1102 ὀὐκ
2534 1050 2598 1103 ἂν
2620 1051 2850 1119 εὐλόγως
2874 1054 3302 1123 προσκυνήσαιεν
3326 1066 3413 1106 τον

1843 1137 2003 1189 οἱονεὶ
2026 1137 2227 1207 βραχὺν
2262 1138 2551 1210 σπινθῆρα,
2574 1139 2811 1209 ὡς·πρὸς
2841 1140 2953 1208 φῶς
2982 1141 3072 1194 τὸν
3100 1142 3249 1207 Θεὸν,
3283 1142 3414 1213 ἁληι

1845 1226 1990 1279 οινοῦ
2023 1227 2216 1293 φωτὸς,
2253 1229 2309 1280 ὲν
2331 1227 2483 1299 ἡλίῳ,
2520 1228 2623 1280 καὶ.
2648 1226 2866 1299 σελήνῃ,
2898 1230 2990 1281 καὶ
3020 1229 3259 1299 ἄστροιςο
3325 1230 3415 1282 καὶ

1843 1319 1941 1369 οὐκ
1963 1318 2312 1387 ἀτιμάζοντες
2340 1336 2401 1387 γε
2434 1318 2500 1370 τά
2533 1318 2829 1389 τηλικαῦτα
2850 1319 2943 1371 τοῦ
2977 1319 3111 1372 Θεοῦ
3154 1320 3415 1392 δημιουρο

1844 1410 2063 1477 γήματα
2114 1407 2233 1460 ούδὲ
2299 1408 2691 1478 Ἀναξαγορίως
2755 1408 2969 1479 μύδρων
3019 1409 3280 1481 διάπυρον
3330 1409 3415 1461 λέι

1844 1516 2031 1567 γοντες
2081 1497 2216 1552 εἶναι
2269 1501 2359 1552 τὸν
2404 1500 2573 1569 ἥλιον,
2609 1501 2702 1554 καὶ
2753 1501 3001 1571 σελήνην,
3034 1502 3127 1555 καὶ
3158 1502 3415 1573 ἀστέρας,

1844 1591 2065 1643 τοιαῦτά
2100 1607 2277 1661 φαμεν
2306 1590 2433 1659 περὶ
2467 1592 2637 1661 ἡλίου,
2686 1591 2780 1643 καὶ
2817 1592 3064 1662 σελήνης,
3123 1593 3216 1645 καὶ
3253 1592 3416 1645 ἀστέι

1851 1695 1956 1752 ρων
1975 1698 1987 1710 ·
2010 1680 2122 1734 ἀλλ’
2148 1680 2523 1750 αἰσθανόμενοι
2551 1698 2613 1748 γε
2635 1682 2733 1752 τῆς
2762 1683 2952 1753 άφάτῳ
2981 1684 3221 1755 ὑπεροχῇ
3245 1685 3416 1756 ύπερ-

1847 1772 2073 1843 εχούσης
2106 1774 2378 1841 θειότητος
2419 1773 2511 1826 τοῦ
2539 1773 2694 1837 Θεοῦ,
2729 1773 2807 1825 ἔτι
2835 1774 2890 1826 δὲ
2927 1774 3018 1827 καὶ
3046 1776 3139 1828 τοῦ
3174 1778 3417 1845 Μονογεο

174 1866 285 1933 τδς,
316 1868 595 1938 τυγχάνων
624 1869 755 1931 Θεὸς
783 1870 953 1938 Λόγος
981 1874 1101 1926 κατ’
1134 1874 1341 1939 οὐσίαν,
1383 1893 1400 1925 ι
1438 1876 1527 1930 ille
1560 1890 1738 1931 rerum
1770 1865 1813 1920 Β
1841 1868 1964 1931 νοῦς
1996 1866 2159 1921 αὐτοὖ
2189 1867 2543 1938 ὑπερέχοντος
2571 1868 2638 1921 τὰ
2662 1868 2844 1925 λοιπά.
2874 1868 2930 1922 Μ
2961 1878 3064 1936 εει,
3100 1887 3118 1921 ί
3139 1870 3205 1924 Et
3229 1886 3419 1940 quem-

175 1956 416 2009 omnium
472 1955 771 2024 Conditor,
828 1961 917 2027 qui
977 1971 1059 2015 est
1105 1964 1398 2017 secundum
1456 1966 1742 2019 essentiam

179 2048 317 2103 Deus
350 2047 606 2105 Verbum.
639 2067 657 2103 ι
698 2051 830 2118 Quis
855 2066 982 2106 vero
1012 2066 1079 2106 ex
1113 2053 1332 2111 Arianis
1391 2056 1606 2121 dixerit,
1654 2056 1745 2111 Fi-

172 2138 300 2192 lium
326 2153 447 2195 esse
478 2143 590 2211 ipsa
615 2158 713 2197 sua
765 2145 1000 2199 essentia
1059 2160 1121 2200 ac
1172 2146 1473 2201 substantia
1531 2148 1744 2203 Deum?

172 2230 394 2289 Scilicet
425 2235 529 2290 hoc
586 2236 714 2290 illud
751 2237 926 2305 ipsum
953 2246 1057 2303 est,
1100 2239 1243 2307 quod
1278 2239 1535 2295 adversus
1556 2238 1740 2294 Arium

173 2332 482 2379 statuerunt
510 2325 700 2382 Patres
732 2325 955 2393 Nieaeni,
1014 2343 1208 2398 nempe
1237 2328 1434 2384 Filium
1468 2330 1563 2385 Dei
1625 2345 1743 2386 esse

174 2416 283 2471 Deo
314 2417 620 2488 ὁμοούσιον.

242 2508 270 2581 §
313 2509 447 2565 VIII.
480 2511 535 2564 In
587 2512 723 2568 libro
772 2512 965 2581 quinto
1026 2514 1291 2569 rationem
1349 2513 1602 2579 reddens,
1646 2530 1745 2569 cur

167 2601 467 2658 Christiani
496 2603 688 2659 Filium
721 2604 837 2672 Dei,
869 2622 975 2660 non
1016 2605 1181 2660 solem
1214 2646 1230 2672 ,
1266 2606 1449 2661 lunam
1497 2607 1745 2662 stellasve

172 2694 492 2750 adoratione
548 2708 941 2765 prosequantur
976 2736 990 2761 ,
1040 2699 1110 2750 ita
1170 2698 1389 2751 disserit
1452 2716 1600 2752 num.
1653 2699 1740 2763 10,

164 2801 220 2856 ι).
255 2787 361 2841 584
384 2807 395 2840 :
428 2788 502 2840 Ού
525 2788 704 2841 τοίνυν
738 2785 805 2859 ἦν
830 2787 1050 2856 εύλογον
1068 2790 1192 2852 τοὺς
1213 2790 1553 2860 διδαχθέντας
1578 2808 1744 2861 μεγα-

165 2878 379 2947 λοφυῶς
400 2880 851 2951 ύπεραναϐαἱνειν
872 2880 1045 2934 πάντα
1076 2880 1143 2933 τὰ
1175 2881 1236 2950 δη
1246 2900 1365 2951 μιου
1376 2884 1476 2952 ργή
1486 2900 1740 2951 ματα,....

167 2972 475 3036 ἀσκοῦντας
504 2973 643 3042 ἔχειν
663 2974 760 3043 τῆν
787 2972 1043 3043 λαμπρὰν
1063 2974 1156 3025 καὶ
1185 2974 1497 3045 ἀμάραντον
1532 2974 1742 3043 σοφίαν,

165 3067 199 3136 ἣ
233 3065 326 3118 καὶ
364 3063 717 3134 ἀνειληφότα,
769 3065 935 3135 αὐτὴν
962 3062 1126 3117 οὖσαν
1178 3064 1515 3137 ἀπαύγασμα
1570 3066 1745 3135 φωτὸς

164 3158 341 3210 ἀϊδίου
369 3175 381 3185 ·
418 3156 830 3226 καταπλαγῆναι
864 3158 923 3209 τὸ
945 3157 1197 3229 αἰσθητὸν
1232 3157 1401 3227 ἡλίου,
1439 3159 1531 3211 καὶ
1592 3158 1745 3229 σελή-

164 3268 285 3321 νης,
326 3251 423 3303 καὶ
481 3251 691 3321 ἄστρων
735 3250 849 3319 φῶς
905 3251 996 3302 ἐπὶ
1034 3250 1314 3313 τοσοῦτον,
1365 3250 1503 3303 ὥστε
1549 3250 1637 3303 διά
1687 3252 1745 3303 τὸ

162 3342 425 3414 αἰσθητὸν
478 3341 592 3410 φῶς
644 3342 863 3394 ἐκείνων
912 3342 1129 3411 νομίσαι
1176 3344 1399 3405 ἑαυτοὺς
1453 3342 1601 3396 κάτω
1642 3360 1744 3395 που

163 3432 332 3500 εἶναι,
363 3435 586 3505 ἔχοντας
619 3434 949 3502 τηλικοῦτον¹
968 3434 1152 3503 νοητὸν
1182 3433 1431 3501 γνώσεως
1458 3435 1571 3503 φῶς
1591 3476 1604 3497 ,
1654 3436 1747 3488 καὶ

163 3528 284 3597 φῶς
309 3525 598 3599 ἀληθινὸν,
638 3527 730 3578 καὶ
780 3526 894 3593 ερῶς
925 3525 1017 3577 τοῦ
1052 3526 1276 3595 κόσμου,
1337 3528 1429 3579 καὶ
1485 3528 1597 3595 φῶς
1642 3527 1747 3580 τῶν

166 3621 501 3690 ἀνθρώπων,
530 3620 802 3681 κάκείνοις
832 3621 1226 3689 προσκυνῆσαι.
1262 3618 1316 3671 ld
1350 3628 1431 3673 est
1454 3661 1469 3682 ,
1508 3639 1523 3669 ι
1570 3620 1748 3687 Itaque

166 3729 275 3766 non
309 3712 547 3767 decebat
573 3727 685 3770 eos.
718 3711 810 3779 qui
864 3709 1167 3763 didicerant
1220 3725 1480 3779 generose
1533 3724 1743 3764 omnem

157 3810 480 3852 creaturam
522 3798 928 3862 transcendere,
1080 3800 1579 3868 contendebantque
1627 3809 1744 3853 st-u-

156 3890 265 3943 diis
297 3888 645 3944 ferventibus
683 3888 747 3942 ad
780 3890 1283 3945 imntarcescibilem
1349 3892 1491 3946 illam
1531 3893 1748 3960 sapien-

156 3981 316 4044 tiam,
354 3989 451 4032 aut
473 3980 582 4047 jam
616 3990 968 4048 perceperant
996 3996 1137 4045 eam,
1182 3996 1321 4047 eaut,
1362 3986 1600 4052 inquam,
1627 4000 1746 4054 qua:

153 4083 384 4127 aeterna:
419 4071 555 4124 lucis
582 4071 831 4139 splendor
877 4082 997 4137 est;
1033 4074 1416 4143 obstupescere
1466 4077 1530 4131 ad
1597 4077 1745 4141 solis,

152 4164 305 4219 lunze
369 4162 758 4231 stellarumque
794 4163 973 4217 lumen
1008 4166 1284 4228 sensibile,
1323 4167 1372 4219 in
1427 4176 1654 4230 tantum,
1688 4178 1747 4223 ut

149 4265 460 4325 prOpterea
491 4266 548 4304 se
574 4252 863 4307 interiores
894 4254 1309 4318 existimarent;
1350 4270 1472 4309 eum
1519 4257 1616 4323 ipsi
1649 4258 1745 4310 ha-

149 4348 327 4401 beant
375 4355 589 4401 tantam
650 4344 824 4397 lucem
886 4344 1503 4414 intelligibilem,lucem
1541 4362 1743 4412 veram,

149 4438 339 4494 lucem
378 4437 593 4500 mundi,
620 4436 792 4490 lucem
846 4436 1157 4503 hominum;
1191 4453 1360 4506 eaque
1383 4438 1690 4492 adorarent.
1719 4458 1743 4489 ν

1843 1960 2128 2014 admodum
2161 1959 2249 2014 isti
2282 1961 2595 2015 adoratores
2619 1960 2771 2025 solis,
2806 1961 2945 2015 lunae
2994 1961 3414 2032 stellarumque,

1842 2059 1897 2103 et
1922 2049 2278 2105 admiratores
2328 2065 2514 2105 eorum
2569 2051 2830 2120 luminis,
2884 2068 3157 2122 nunquam
3220 2056 3417 2109 adora-

1843 2150 1964 2196 rent
1997 2142 2284 2197 scintillam
2317 2142 2454 2210 ignis
2475 2152 2566 2197 aut
2590 2143 2861 2199 lucernam
2893 2146 2945 2199 in
2973 2154 3135 2211 terra,
3175 2147 3418 2202 videntes

1844 2232 2341 2302 incomparabiliter
2405 2234 2834 2303 prmeellentiora
2868 2275 2885 2301 ,
2950 2251 3177 2307 quorum
3229 2237 3417 2293 lumen

1842 2324 2157 2380 adoratione
2192 2326 2412 2396 dignum
2447 2328 2803 2382 existimant:
2861 2327 2933 2382 ita
2977 2329 3068 2397 qui
3105 2329 3418 2396 intelligunt

1843 2420 2109 2488 quomodo
2143 2418 2287 2474 Deus
2317 2418 2497 2475 lumen
2539 2420 2632 2486 sit,
2660 2431 2716 2474 et
2765 2420 3035 2489 quomodo
3071 2419 3240 2475 Filius
3293 2420 3413 2489 ejus

1842 2510 1932 2564 lux
1963 2526 2090 2565 vera
2117 2512 2210 2577 sit,
2246 2512 2521 2566 illustraus
2562 2527 2776 2567 omnem
2825 2513 3102 2568 hominem
3168 2515 3220 2567 in
3265 2516 3451 2569 hunc°

1844 2603 2099 2657 mundum
2154 2603 2460 2658 venientem
2494 2602 2563 2667 δι,
2615 2612 2669 2657 et
2715 2602 3025 2672 intelligunt
3082 2604 3246 2657 etiam
3286 2604 3415 2657 illud

1844 2694 1959 2763 ejus
1982 2694 2203 2758 dictum,
2232 2694 2345 2763 Ego
2376 2711 2490 2748 sum
2517 2695 2608 2749 lux
2637 2696 2905 2758 mundi",
2937 2695 3203 2749 immerito
3219 2696 3413 2750 adora-

1846 2794 1966 2837 reut
1999 2798 2222 2852 parvam
2255 2784 2399 2839 velut
2424 2786 2712 2840 scintillam
2755 2801 2895 2840 vera:
2927 2786 3085 2851 lucis,
3115 2788 3160 2841 si
3214 2788 3281 2841 ad
3330 2788 3417 2841 lu-

1844 2890 1966 2929 men
1996 2875 2127 2930 illud
2156 2876 2299 2945 quod
2336 2875 2477 2931 Deus
2510 2886 2594 2931 est
2617 2876 2948 2941 conferatur,
2989 2893 3110 2947 qua:
3161 2879 3214 2932 in
3279 2879 3418 2943 sole.

1845 2967 1972 3021 luna
1995 2976 2051 3021 et
2079 2968 2242 3022 astris
2276 2966 2507 3022 exsistit.
2541 2967 2656 3022 Non
2682 2978 2859 3023 autem
2905 2971 3046 3038 quod
3097 2981 3417 3025 contemna—

1846 3072 1967 3113 mus
1993 3066 2102 3112 tam
2131 3060 2347 3129 egregia
2389 3059 2487 3114 Dei
2542 3075 2730 3130 opera.
2756 3069 2848 3115 aut
2894 3061 3030 3117 sicut
3057 3064 3413 3133 Anaxagoras

1847 3143 2063 3212 globum
2098 3144 2325 3215 ignitum
2357 3146 2523 3201 solem
2555 3148 2948 3213 existimemus,
2978 3159 3112 3204 utet
3143 3150 3321 3204 lunattt
3363 3162 3419 3206 et

1772 3217 1813 3273 (ί
1850 3244 1995 3290 astra
2030 3245 2261 3301 caetera;
2301 3238 2420 3291 ideo
2451 3238 2566 3292 haec
2606 3240 2671 3293 de
2693 3239 2822 3303 sole,
2861 3239 2986 3293 luna
3014 3250 3068 3295 et
3120 3243 3281 3296 astris
3308 3258 3417 3297 ca!-

1851 3330 1982 3381 tcris
2004 3327 2279 3382 dicimus:
2331 3330 2424 3383 sed
2454 3331 2596 3399 quod
2637 3346 2994 3401 agnoscamus
3039 3333 3132 3386 Dei
3187 3342 3241 3385 et
3295 3333 3418 3389 Filii

1847 3417 1963 3485 ejus
1996 3421 2258 3490 unigeniti
2293 3419 2642 3475 inenarrabili
2672 3425 2984 3491 praestantia
3020 3425 3421 3493 praecellentem

1847 3506 2206 3574 divinitatem,
2238 3524 2356 3578 quae
2383 3520 2577 3564 czrtera
2606 3512 2787 3567 omnia
2816 3512 2970 3582 longe
2993 3525 3112 3582 post
3160 3530 3217 3569 se
3266 3515 3419 3569 relin-

1848 3600 1982 3668 quit.
2033 3619 2051 3650 ι
2091 3600 2253 3666 Quid,
2293 3618 2498 3671 quazso,
2529 3604 2595 3657 ad
2626 3604 3010 3658 declarandum
3055 3620 3238 3661 veram
3298 3607 3415 3660 Filii

1849 3691 2207 3758 divinitatem,
2234 3695 2317 3748 his
2337 3694 2594 3749 disertius
2627 3696 2729 3748 diei
2766 3696 2975 3763 potuit?
3000 3697 3133 3751 Nam.
3162 3713 3419 3767 expresse

1849 3783 1937 3837 hic
1998 3784 2158 3838 tradit
2196 3783 2483 3853 Origenes,
2517 3784 2710 3838 Filium
2752 3802 2872 3840 eum
2904 3786 3063 3840 Patre
3087 3802 3206 3842 esse
3228 3802 3415 3841 verum

1851 3875 1979 3930 illud
2030 3875 2235 3943 lumen,
2269 3878 2411 3944 quod
2444 3876 2582 3931 Deus
2614 3888 2727 3939 est,
2758 3877 2847 3932 cui
2875 3878 3066 3931 collata
3106 3893 3285 3945 parva)
3337 3878 3424 3931 in-

1850 3978 1967 4023 star
2005 3966 2252 4023 scintillae
2285 3976 2369 4021 est
2400 3967 2513 4037 ipsa
2538 3968 2669 4023 solis
2700 3968 2808 4022 lux.
2837 3967 2936 4035 Qui
2964 3980 3018 4023 et
3045 3969 3179 4023 Filio
3197 3970 3420 4039 perinde

1851 4074 1913 4112 ac
1951 4057 2097 4111 Patri
2137 4073 2397 4126 expresse
2447 4059 2635 4112 tribuit
2698 4059 3046 4114 inenarrabili
3099 4062 3413 4131 praestantia

1847 4150 2243 4220 praecellentem
2281 4150 2615 4206 divinitltem
2650 4190 2664 4213 ,
2730 4165 2849 4218 qua:
2914 4162 3189 4207 creaturas
3228 4167 3418 4207 omnes

1851 4244 2172 4296 immensum
2220 4253 2462 4313 superat.
2493 4242 2716 4297 Demum
2760 4243 2884 4297 hinc
2913 4243 3105 4296 iterum
3150 4242 3420 4297 concludit

1850 4334 2015 4388 Deum
2050 4335 2263 4389 Patrem
2301 4335 2527 4405 ejusque
2551 4334 2885 4402 unigenitum
2941 4332 3159 4395 Filium,
3222 4334 3418 4401 spretis

1849 4437 2110 4495 quantum
2144 4429 2210 4481 ad
2238 4427 2605 4481 adoratiouem
2640 4426 2853 4491 attinet,
2898 4424 3043 4487 sole,
3077 4426 3221 4488 luna,
3255 4436 3417 4478 ca‘te—

150 4530 257 4585 liic
286 4539 488 4599 aperte
521 4528 647 4582 dicit
680 4527 944 4597 Origenes
1000 4527 1333 4596 Sapientiam
1388 4530 1501 4583 sive
1550 4529 1744 4583 Filium
1776 4553 1822 4607 ι)
1856 4520 2039 4588 risque
2063 4518 2183 4573 NB“
2214 4519 2531 4581 luminibus»
2560 4517 2705 4572 50'05
2731 4518 2946 4585 (ηειιιρθ
2976 4518 3029 4569 in
3062 4518 3266 4569 υηίιθιθ
3297 4515 3419 4581 Sui-

146 4622 249 4677 Dei
273 4636 406 4676 esse
437 4620 617 4673 lucem
645 4617 789 4671 illam
823 4634 1027 4682 veram,
1071 4619 1244 4672 lucem
1278 4620 1483 4685 mundi,
1530 4628 1740 4676 aeterna:

1856 4613 1992 4665 ritus
2013 4612 2214 4675 sancti,
2240 4613 2381 4680 quod
2419 4610 2531 4679 ipse
2559 4609 2820 4679 Origenes
2853 4609 2979 4663 alibi
3015 4609 3277 4680 agnoscit)
3333 4612 3417 4664 di-

146 4711 293 4765 ιυρίε
334 4708 723 4779 splendorem;
748 4721 906 4775 quem
938 4707 1273 4771 Christiani,
1311 4708 1570 4777 neglectis
1608 4709 1745 4774 δοιθ,
1854 4704 1980 4758 vino
2008 4703 2149 4757 cultu
2177 4702 2521 4756 honorandos
2549 4717 2689 4756 esse.
2724 4702 2923 4757 Ibidem
2950 4741 2967 4766 ,
3013 4700 3202 4770 paucis
3244 4702 3415 4756 inter-

146 4803 309 4864 luna,
347 4798 679 4866 caeterisque
716 4799 835 4851 caeli
870 4798 1188 4861 luminibus,
1221 4798 1341 4853 ideo
1374 4798 1573 4862 colant,
1605 4800 1740 4868 quod

1848 4796 2029 4864 jectis,
2052 4794 2126 4848 ait
2152 4793 2410 4857 nttm.12,
2448 4809 2499 4863 p.
2524 4791 2649 4856 586,
2683 4794 2845 4845 Deum
2888 4791 3097 4845 Patrem
3131 4807 3234 4845 non
3270 4809 3420 4845 tom-

144 4894 336 4948 edocti
375 4892 498 4944 sint
534 4890 583 4943 in
618 4890 766 4942 cultu
798 4905 893 4943 suo
917 4905 1130 4944 euntem
1155 4901 1462 4944 creaturam
1484 4905 1740 4959 generose

1852 4886 1964 4948 κῶς
2002 4884 2258 4948 localiter,
2296 4892 2480 4953 utpote
2506 4884 2861 4948 immensum,
2889 4896 3065 4952 neque
3092 4881 3210 4937 loco
3248 4883 3419 4937 inelu-

146 4979 585 5040 transcendere.
619 4979 768 5034 Unde
800 4978 1295 5033 manifestissimum
1328 4989 1409 5035 est
1431 4981 1745 5049 neutiquam
1851 4994 1992 5041 sum,
2024 4976 2118 5031 sed
2150 4974 2523 5046 προνοητικῶς
2552 4990 2643 5042 per
2682 4974 3060 5043 providentiam
3084 4975 3415 5031 condescen--

142 5095 274 5134 cum
309 5076 454 5129 Ario
490 5073 788 5125 somniasse
816 5072 1132 5140 Origenem,
1168 5071 1360 5125 Filium
1393 5073 1481 5126 Dei
1513 5072 1653 5125 inter
1682 5070 1749 5124 τὰ
1850 5069 1977 5122 dere
2014 5066 2320 5121 hominibus
2350 5080 2447 5133 pro
2476 5080 2577 5119 sua
2611 5065 2887 5119 bonitate:
2922 5062 3118 5118 Filium
3162 5079 3290 5119 vero
3324 5066 3417 5119 Dei

140 5166 631 5245 δημιουργήματα
666 5166 779 5219 sive
830 5181 914 5219 res
967 5176 1182 5220 creatas
1232 5166 1557 5219 censendum
1607 5180 1748 5219 esse.
1850 5176 1955 5214 non
2006 5158 2176 5213 solum
2211 5166 2338 5210 tunc
2367 5172 2487 5209 cum
2522 5157 2662 5209 inter
2700 5156 2945 5209 homines
2969 5156 3209 5225 degeret,
3236 5158 3328 5210 sed
3360 5167 3415 5208 et

142 5267 289 5320 Rem
330 5263 487 5315 hanc
512 5259 689 5311 adhuc
718 5257 1038 5311 lueulentius
1075 5256 1484 5324 explicatpanlo
1514 5266 1632 5324 post
1669 5256 1751 5310 his
1848 5262 2058 5316 semper
2103 5248 2218 5301 suis
2246 5248 2431 5301 adesse
2475 5247 2789 5316 discipulis;
2851 5256 2905 5301 el
2957 5264 3287 5317 quanquam.
3350 5264 3418 5302 ΘΓ(

140 5357 339 5413 verbis
380 5365 540 5405 num.
571 5351 654 5413 ll,
692 5367 743 5418 p.
781 5350 884 5402 585
918 5350 1065 5402 εΚαὶ
1093 5348 1278 5419 ὥσπερ
1306 5350 1375 5413 οἱ,
1403 5348 1488 5400 διὰ
1526 5349 1585 5400 τὸ
1633 5347 1740 5416 φῶς

1852 5340 2056 5393 inﬁnita
2094 5353 2219 5408 erga
2275 5338 2566 5391 humanum
2606 5354 2771 5408 genus
2827 5340 3111 5404 charitate,
3158 5340 3415 5405 dignatus

138 5446 425 5518 αἰσθητὸν
484 5444 578 5495 καὶ
634 5442 881 5513 οὐράνιον
921 5437 1079 5501 εἷναι,
1126 5439 1552 5508 προσκυνοῦντες
1572 5440 1740 5508 ἥλιον,

1857 5441 1941 5484 est
1976 5431 2135 5483 etiam
2172 5430 2411 5491 τοπικῶς
2470 5431 2748 5484 nobiseum
2798 5431 2851 5483 in
2905 5442 3176 5499 assumpta
3226 5440 3417 5484 natura

96 5536 101 5553 ¹
138 5541 241 5594 καὶ
275 5536 549 5604 σελήνην,
581 5534 674 5584 καὶ
702 5532 892 5600 ἄστρα,
924 5531 1021 5583 οὐκ
1050 5531 1113 5582 ἂν
1138 5531 1570 5599 προσκυνήσαιεν
1603 5545 1740 5579 σττιν⁴

1857 5526 2086 5579 humana
2123 5525 2364 5591 versari;
2402 5535 2580 5579 tamen
2628 5527 2849 5579 omnino
2906 5524 3183 5595 πανταχοῦ
3231 5526 3419 5594 ubique

136 5632 297 5704 Θῆρα
331 5623 539 5695 πυρὸς,
561 5624 596 5695 ἢ
623 5623 810 5693 λύχνον
842 5623 933 5675 ἐπὶ
961 5623 1335 5693 γῆς,όρῶντες
1363 5623 1460 5691 τὴν
1490 5622 1740 5694 ἀσύγκρι·

1853 5628 2171 5687 praesentem
2231 5633 2369 5674 esse.
2418 5617 2621 5685 Quibus
2654 5618 2863 5688 positis,
2902 5619 3094 5674 deinde
3119 5634 3245 5691 .pro
3274 5618 3419 5674 cultu

215 5831 267 5865 ”
302 5827 478 5884 Joau.
520 5838 559 5891 ι,
584 5825 634 5881 9.
699 5827 744 5858 ⁸¹
770 5824 921 5880 Joau.
954 5840 1067 5889 vut,
1102 5823 1190 5879 12.
