3794 6222
381 350 519 403 1295

1821 346 2184 401 Ελιλειιρίυ
2197 345 2247 401 Μ

3500 342 3524 393 1
3535 342 3640 395 Ξίὶΰ

382 466 552 519 solius
609 465 702 519 Dei
764 463 943 520 Patris
998 465 1222 535 ejusque
1275 464 1534 535 unigeniti
1589 463 1733 530 Filii,
1766 474 1953 519 contra
1987 479 2030 527 Α
2059 466 2214 527 Θεὸν,
2246 464 2457 519 nescire
2491 479 2592 518 non
2630 470 2842 535 poterat
2884 461 3140 525 Sandius,
3186 460 3523 516 luculentam
3561 478 3645 512 rc-

381 556 752 609 adorationem
790 556 1051 609 luminum
1091 554 1393 610 caelestium
1420 594 1435 617 ,
1474 556 1544 607 ita
1604 555 1961 609 ratiocinatnr

385 647 615 701 ibidem:
640 647 868 699 Ἄτοπον
889 646 944 699 δέ
968 647 1103 710 ἐστι,
1147 646 1240 699 τοῦ
1270 644 1653 715 πληρώσαντος
1683 645 1774 697 τὸν
1803 647 1963 717 οὐρα-

382 738 492 801 νὸν,
526 738 619 790 καὶ
634 736 730 808 τὴν
756 738 879 808 γῆν,
904 739 997 791 καὶ
1012 738 1275 801 εἰπόντος,
1298 736 1442 805 Οὐχὶ
1461 736 1566 790 τὸν
1588 736 1845 804 οὐρανὸν
1865 737 1961 789 καὶ

382 830 499 895 τὴν
519 827 635 898 γῆν
658 828 773 898 ἐγὼ
790 829 997 897 πληρῶ
1012 845 1029 893 ;
1045 829 1205 898 λέγει
1223 829 1459 896 Κύρίος,
1478 829 1627 891 ὄντος
1646 828 1762 897 μεθ’
1786 827 1962 898 ἡμῶν,

385 922 479 974 καὶ
521 920 747 990 πλησίον
786 923 917 992 ἡμῖν
970 922 1325 991 τυγχάνοντος
1376 919 1635 989 (πιστεύω
1667 920 1774 990 γὰρ
1818 917 1965 989 αὐτῷ

388 1009 621 1079 λέγοντι,
646 1012 789 1077 Θεὸς
814 1009 1053 1079 ἑγγίζων·
1073 1009 1187 1078 ἐγώ
1204 1012 1340 1078 εἰμι,
1368 1007 1463 1061 καὶ
1493 1010 1562 1061 οὺ
1586 1008 1730 1072 Θεὸς
1749 1007 1966 1074 rrde

386 1106 511 1168 θεν,
544 1102 707 1171 λέγει
736 1102 991 1171 Κύριος),
1023 1100 1203 1172 ζητεῖν
1236 1098 1487 1169 εὔχεσθαι
1508 1098 1585 1169 τῷ
1609 1097 1683 1167 μὴ
1711 1096 1965 1165 φθάνοντι

384 1192 481 1247 ἐπὶ
525 1193 593 1246 τὰ
634 1194 927 1263 σύμπαντα
977 1191 1191 1262 ήλίῳ,ἢ
1234 1192 1452 1262 σελήνῃ,
1474 1191 1508 1260 ἡ
1533 1207 1637 1241 τινι
1663 1188 1772 1241 τῶν
1807 1188 1966 1241 ἀστέ-

388 1303 521 1357 ρων,
555 1286 605 1339 id
632 1295 735 1352 est,
776 1303 795 1336 ι
828 1285 1139 1338 Absurdum
1184 1294 1361 1336 autem
1393 1290 1570 1347 esset,
1606 1296 1726 1335 cum
1764 1280 1832 1346 is,
1874 1279 1967 1349 qui

388 1378 586 1437 caelum
633 1386 685 1431 et
716 1386 912 1431 terram
950 1378 1136 1444 implet
1172 1415 1187 1440 ,
1217 1374 1425 1436 dicens,
1458 1371 1650 1427 Nonne
1694 1372 1879 1425 coelum
1918 1379 1966 1425 et

388 1479 584 1524 terram
616 1485 708 1539 ego
726 1467 909 1534 impleo
931 1468 957 1520 ἲ
991 1469 1063 1519 ait
1093 1465 1443 1528 Dominus“;
1478 1464 1631 1519 nobis
1677 1473 1872 1534 praesto
1895 1464 1965 1517 sit

388 1566 445 1610 et
477 1558 529 1610 in
560 1556 804 1626 proximo
830 1552 1150 1624 '(credimus
1206 1556 1350 1609 enim
1413 1554 1650 1618 dicenti,
1703 1552 1841 1606 Deus
1876 1570 1968 1621 ap-

374 1651 745 1721 pmpinquans
773 1667 865 1720 ego
896 1667 1036 1715 sum,
1062 1667 1165 1703 non
1208 1649 1346 1704 Deus
1386 1649 1730 1718 longinquus,
1766 1649 1844 1700 ait
1865 1647 1971 1701 Do-

395 1746 571 1797 mitius
613 1743 683 1815 ")
730 1758 991 1812 quaerere,
1053 1743 1139 1796 cui
1186 1751 1308 1795 vota
1367 1740 1558 1806 facias,
1595 1755 1699 1794 non
1754 1752 1968 1805 semper

2065 558 2409 627 sponsionem
2460 556 2758 610 reddidisse
2784 553 2871 607 Cl.
2912 553 3158 607 lluetium
3195 553 3513 621 Origenian.
3550 552 3641 605 lib.

2067 664 2127 712 ιι,
2155 660 2342 716 quiest.
2368 645 2423 710 ‘2,
2456 662 2604 699 num.
2630 646 2722 711 Q5,
2756 659 2873 714 pag.
2909 643 3031 707 l5l,
3068 662 3086 694 ι
3117 642 3403 711 Origenes,
3439 644 3643 710 inquit,

2069 754 2189 791 cum
2220 736 2414 790 Filium
2443 734 2671 804 appellat
2696 716 2923 803 γενητὸν
2951 734 3105 797 Θεόν,
3143 734 3219 787 sic
3261 734 3453 801 accipe
3495 752 3508 785 :
3558 735 3645 799 qui

2066 828 2386 899 principium
2421 827 2501 880 sui
2550 827 2709 878 habet
2761 835 2816 879 et
2864 824 3158 878 exsistendi
3205 824 3466 875 initium;
3512 822 3647 874 Filio

2067 921 2279 989 quidem
2320 932 2603 973 commune
2638 926 2718 971 est
2764 932 2884 970 cum
2935 918 3153 980 creatis,
3186 916 3266 968 sui
3307 914 3647 983 principium

2067 1028 2129 1066 ac
2156 1010 2417 1080 originem
2454 1008 2674 1069 habere,
2713 1007 3000 1061 emanandi
3042 1017 3217 1060 autem
3245 1022 3311 1060 ex
3354 1006 3454 1060 illo
3500 1006 3648 1072 prin-

2068 1104 2208 1174 cipio
2235 1118 2295 1156 ac
2330 1101 2623 1171 prodeundi
2668 1098 2805 1152 ratio
2848 1098 3005 1167 plane
3045 1099 3256 1152 diversa
3295 1109 3380 1151 est
3409 1115 3426 1150 :
3461 1098 3645 1166 prodit

2068 1195 2211 1249 enim
2251 1188 2420 1246 Filius
2457 1205 2552 1261 per
2582 1189 2987 1259 generationem
3026 1199 3321 1253 attentam;
3371 1187 3649 1257 prodeunt

2068 1295 2265 1340 creatae
2295 1300 2381 1337 res
2415 1298 2510 1352 per
2551 1280 2930 1352 temporariam
2977 1280 3432 1335 creationem.....
3470 1278 3650 1347 Atque

2070 1375 2143 1429 ita
2188 1374 2354 1428 Filius
2400 1372 2504 1426 dici
2552 1380 2729 1442 potest
2777 1369 3077 1439 ἀγένητος,
3127 1371 3215 1438 qui
3263 1373 3333 1425 ab
3369 1368 3485 1422 alio
3538 1382 3645 1447 non

2070 1467 2236 1522 habet
2272 1476 2329 1519 ut
2365 1466 2469 1533 sit,
2496 1480 2686 1533 nempe
2731 1471 2981 1532 tanquam
3023 1478 3157 1531 Opus
3191 1478 3284 1517 seu
3329 1479 3419 1517 res
3474 1462 3652 1527 facta,

2070 1556 2152 1611 vel
2206 1565 2458 1625 tanquam
2516 1570 2603 1609 res
2652 1564 2876 1609 creata:
2908 1565 2962 1609 et
2991 1554 3250 1622 γενητός,
3295 1554 3387 1622 qui
3440 1554 3514 1606 ab
3551 1552 3655 1607 alio

2072 1648 2234 1703 habet
2274 1657 2330 1699 ut
2359 1647 2452 1711 sit,
2490 1661 2683 1715 nempe
2717 1654 2969 1714 tanquam
3004 1660 3090 1700 res
3138 1647 3319 1715 genita
3352 1656 3413 1699 et
3460 1644 3653 1698 Filius.

2073 1740 2162 1794 Sic
2190 1740 2483 1809 Origenes,
2518 1739 2607 1807 qui
2650 1736 2879 1807 γενητὸν
2924 1736 3062 1789 Θεόν
3101 1736 3402 1806 appellasse
3458 1736 3653 1792 Filium

381 1834 601 1904 vubique
651 1814 974 1907 praesentem
1026 1833 1227 1899 solem,
1268 1833 1447 1887 lunam
1487 1843 1581 1887 aut
1614 1830 1820 1887 stellam
1875 1829 1970 1882 ali-
1997 1814 2041 1868 Β
2073 1831 2557 1891 insimulatur,.....
2582 1828 2776 1882 Filium
2823 1837 3000 1881 tamen
3032 1824 3299 1897 ἀγένητον
3345 1838 3511 1881 vocat
3560 1828 3650 1883 lib.

380 1941 577 1996 quam.
617 1944 636 1977 ι

466 2015 603 2087 ςιχ.
635 2013 690 2068 ln
718 2014 855 2069 libro
878 2023 1031 2068 sexto
1052 2013 1290 2068 divinam
1322 2026 1545 2081 prorsus
1578 2021 1741 2081 alque
1761 2011 1971 2064 increa-

378 2118 502 2163 tam
535 2108 655 2163 Filii
690 2107 781 2162 Dei
816 2116 1061 2161 naturam
1080 2106 1262 2161 verbis
1292 2105 1441 2159 hisce
1469 2104 1612 2157 oumi
1638 2103 1756 2157 luce
1780 2103 1972 2157 clario-

398 2199 552 2253 ribus
585 2197 873 2252 conﬁrmat
933 2209 1083 2250 num.
1113 2194 1202 2262 1⁸1,
1242 2209 1364 2265 pag.
1388 2192 1498 2249 645
1529 2211 1541 2247 :
1592 2192 1729 2246 Οὔτε
1750 2193 1856 2264 γὰρ
1881 2193 1972 2247 τὸν

380 2289 654 2362 -ὰγὲνητον
696 2289 790 2342 καὶ
837 2287 1017 2359 πάσης
1074 2284 1308 2358 γενητῆς
1357 2285 1572 2355 φύσεως
1632 2285 1972 2357 πρωτότοκον

391 2384 515 2437 κατ’
539 2382 694 2449 ἀξίαν
718 2380 914 2434 εἰδέναι
938 2398 1020 2443 τις
1040 2379 1282 2443 δύναται,
1312 2377 1386 2443 ὡς
1428 2382 1456 2433 ὁ
1497 2380 1763 2450 γεννήσας
1814 2378 1973 2431 αὐτὸν

380 2474 615 2545 Πατὴρ,
645 2471 768 2525 οὔτε
804 2472 896 2524 τὸν
939 2470 1177 2541 Πατέρα,
1216 2470 1293 2534 ὡς
1338 2473 1367 2523 ὁ
1390 2470 1630 2541 ἔμψυχος
1664 2470 1833 2537 Λόγος
1880 2470 1974 2523 καὶ

394 2564 558 2633 σοφία
592 2561 755 2616 αὐτοῦ
784 2565 877 2615 καὶ
904 2562 1152 2633 ἀλήθεια,
1184 2562 1235 2615 id
1262 2572 1365 2628 est,
1414 2581 1432 2611 ι
1470 2562 1653 2629 Neque
1677 2563 1819 2615 enim
1849 2576 1972 2616 eum

395 2658 487 2727 qui
519 2656 691 2711 factus
718 2670 823 2709 non
847 2664 951 2719 est,
977 2667 1029 2708 et
1058 2665 1265 2707 natura:
1286 2654 1462 2709 omnis
1489 2652 1646 2708 factae
1669 2662 1752 2708 est
1782 2654 1976 2723 primo-

399 2750 631 2820 genitus,
667 2750 953 2820 quisquam
992 2762 1090 2816 pro
1112 2746 1377 2817 dignitate
1411 2754 1589 2815 potest
1622 2761 1807 2814 nosse,
1834 2748 1973 2803 sicut

386 2839 557 2896 Pater
589 2841 705 2910 ipse
752 2840 842 2909 qui
892 2840 1121 2909 genuit:
1169 2853 1344 2909 neque
1389 2838 1605 2894 Patrem
1667 2839 1971 2909 quisquam,

397 2933 537 2988 sicut
567 2933 864 2988 animatum
890 2932 1009 3002 ejus
1046 2932 1302 2996 Verbum,
1340 2934 1542 2987 veritas
1574 2943 1629 2987 et
1650 2934 1969 3003 sapientia»

386 3025 583 3093 Hisce,
610 3026 853 3096 inquam,
887 3024 1070 3079 verbis
1114 3022 1397 3091 Origenes,
1448 3033 1705 3093 tanquam
1759 3023 1813 3079 in
1845 3039 1975 3079 con-

394 3133 548 3173 sessu
577 3116 794 3171 Patrum
826 3115 1169 3171 Nicanorum
1200 3117 1315 3183 ipse
1342 3115 1455 3183 jam
1501 3116 1757 3181 sedisset,
1789 3127 1972 3170 contra

395 3172 587 3262 :Arium
613 3209 812 3262 diserte
855 3206 1190 3276 pronuntiat,
1221 3172 1417 3260 'Filidm
1465 3207 1558 3262 Dei
1587 3208 1706 3261 οὐδὲ
1728 3172 1971 3278 ποιητὸν,
2002 3172 2047 3234 C

397 3299 519 3351 οὐδὲ
575 3298 813 3362 κτιστύν,
854 3314 1015 3367 neque
1069 3297 1291 3365 factum,
1331 3314 1492 3367 neque
1545 3309 1777 3351 creatum
1810 3314 1971 3352 esse:

400 3392 551 3462 (nam
580 3401 871 3457 utrumque
900 3389 1276 3459 complectitur
1292 3404 1389 3445 suo
1416 3388 1620 3443 ambitu
1647 3404 1752 3444 vox
1780 3389 1977 3460 ἀγένη-

400 3482 534 3545 τος)
566 3481 728 3551 :quin
758 3489 814 3534 et
834 3479 1046 3535 Patrem
1070 3490 1123 3535 et
1154 3477 1348 3534 Filium
1378 3481 1479 3536 sibi
1517 3481 1742 3536 invicem
1775 3482 1977 3552 pariter

386 3573 937 3643 eomprehensibiles,
955 3574 1216 3628 creaturis
1235 3588 1365 3627 vero
1384 3574 1633 3628 omnibus
1651 3589 1874 3643 prorsus
1892 3576 1975 3629 in-

403 3662 917 3733 comprehensibiles
930 3678 1073 3728 esse,
1089 3677 1343 3734 expresse
1361 3665 1712 3735 docet.Hujus
1725 3678 1902 3722 autem
1922 3669 1979 3723 il-

401 3761 588 3815 lustris
634 3759 735 3815 loci
783 3759 947 3813 ictum
985 3769 1043 3813 ut
1069 3761 1264 3815 evadat
1293 3761 1560 3827 Sandius,
1592 3763 1743 3833 lingit
1775 3772 1976 3818 textum

404 3849 657 3920 Origenis
685 3849 1065 3919 interpolatum
1091 3850 1179 3905 hic
1207 3868 1268 3906 ac
1292 3854 1640 3921 depravatum
1672 3868 1808 3911 esse.
1836 3874 1853 3907 ι
1881 3854 1980 3909 Pe—

404 3942 607 4007 tavius,
654 3940 829 4010 inquit
877 3940 970 3994 lib.
1004 3938 1080 3994 De
1108 3942 1347 4010 scriptor.
1392 3942 1676 3999 ecclesiast.
1725 3959 1847 4014 pag.
1887 3946 1977 4007 '55,

406 4037 604 4108 probat
636 4036 726 4091 lib.
768 4051 787 4091 ι
830 4034 904 4089 De
946 4034 1159 4096 Trinit.,
1204 4048 1323 4102 cap.
1347 4033 1403 4097 3,
1451 4049 1602 4088 num.
1631 4034 1664 4089 5
1693 4043 1750 4089 et
1790 4034 1823 4088 6
1864 4036 1979 4104 (seu

403 4129 583 4199 potius
607 4142 723 4196 cap.
752 4126 807 4192 4,
838 4142 987 4182 num.
1014 4125 1047 4180 6
1072 4135 1126 4179 et
1156 4125 1231 4193 7),
1261 4126 1436 4180 locum
1464 4125 1733 4195 Origenis,
1764 4127 1979 4195 quando

404 4216 501 4275 lib.
530 4232 580 4271 vt
622 4226 803 4270 contra
853 4213 1081 4280 Celsum,
1122 4214 1315 4268 Filium
1349 4215 1609 4285 ἀγένητον
1653 4223 1830 4280 vocet,
1861 4231 1981 4272 esse

405 4305 808 4377 interpolatum,
853 4319 919 4363 eo
955 4306 1097 4377 quod
1137 4306 1466 4375 Epiphanius
1514 4310 1703 4362 meres.
1731 4306 1982 4378 Origeuis

394 4398 764 4467 reprehendat
807 4412 962 4462 eum,
1006 4398 1146 4465 quod
1184 4398 1235 4450 in
1280 4398 1699 4453 Commentariis
1739 4399 1805 4453 ad
1839 4401 1981 4469 psal-

405 4506 553 4545 mum
583 4506 619 4554 ι,
643 4490 838 4544 Filium
874 4489 1075 4584 dixerit
1096 4489 1328 4560 γενητὸν
1364 4489 1556 4545 Deum.
1584 4510 1603 4543 ι
1639 4491 1743 4546 Sed
1773 4509 1879 4547 non
1909 4494 1979 4547 ibi
2017 4530 2058 4584 Β

396 4584 559 4648 dicit,
594 4583 787 4636 nedum
818 4581 1014 4650 probat
1042 4579 1312 4649 Petavius,
1356 4581 1530 4636 locum
1564 4584 1703 4637 hunc
1729 4584 1979 4653 Origenis

409 4674 785 4744 interpolatum
829 4687 949 4728 esse
986 4689 999 4726 :
1046 4688 1219 4742 neque
1265 4675 1309 4728 si
1359 4675 1434 4727 ita
1480 4675 1708 4730 dixisset
1740 4674 1977 4742 Jesuita,

407 4767 587 4835 magni
620 4767 935 4819 aestimanda
980 4774 1122 4817 esset
1154 4763 1269 4831 eius
1318 4778 1567 4820 censura.
1616 4765 1752 4819 Nam
1806 4767 1979 4822 Graeci

402 4858 625 4912 codices
660 4871 791 4911 mss.
815 4870 1025 4918 omnes,
1059 4865 1321 4924 quotquot
1353 4857 1559 4927 uspiam
1593 4858 1793 4927 reperti
1830 4868 1977 4923 sunt,

407 4966 530 5005 cum
569 4950 791 5003 excusm
813 4948 1210 5017 exemplaribus
1240 4950 1327 5003 hic
1366 4950 1728 5003 consentiunt.
1761 4950 1826 5004 Et
1856 4966 1980 5005 sen-

398 5040 574 5095 ‘tentia
607 5039 765 5109 hujus
798 5038 905 5093 loci
944 5038 1165 5092 omnino
1197 5049 1563 5093 consentanea
1590 5046 1675 5093 est
1704 5040 1973 5093 constanti

406 5131 665 5186 doctrinae
706 5130 896 5184 borum
938 5138 1121 5180 contra
1148 5127 1355 5181 Celsum
1390 5127 1674 5193 librorum,
1701 5128 1754 5181 in
1788 5129 1980 5197 quibus

392 5224 667 5294 =Origenes
698 5222 893 5277 Filium
938 5222 1036 5276 Dei
1071 5235 1101 5275 e
1133 5235 1295 5275 censu
1333 5220 1441 5274 τῶν
1473 5220 1974 5292 δημιουργημάτων

403 5319 608 5387 passim
634 5315 836 5371 diserte
869 5314 1082 5380 eximit,
1119 5322 1178 5367 ut
1207 5328 1273 5366 ex
1316 5314 1642 5368 testimoniis
1677 5312 1786 5382 jam
1818 5329 1978 5382 supra

403 5423 434 5461 a
471 5406 624 5462 nobis
662 5406 937 5474 productis
972 5405 1159 5474 liquet.
1201 5403 1280 5457 Ad
1321 5403 1374 5457 id
1415 5418 1543 5458 vero
1568 5404 1710 5473 quod
1744 5417 1811 5456 ex
1854 5402 1981 5473 Epi-

403 5499 605 5564 phanio
631 5497 814 5565 objicit
853 5496 1123 5561 Petavius,
1163 5509 1361 5563 nempe
1395 5494 1681 5565 Origenem
1718 5494 1770 5549 in
1817 5495 1978 5549 Com-

407 5591 675 5646 mentario
707 5590 772 5645 ad
802 5589 1060 5659 psalmum
1088 5605 1126 5654 ι,
1162 5586 1359 5645 Filium
1392 5585 1480 5640 Dei
1509 5587 1712 5641 dixisse
1747 5588 1973 5657 γενητὸν

477 5762 733 5823 "Jerem.
770 5784 924 5833 “In,
964 5764 1051 5824 ⁸24.
1126 5770 1174 5802 ⁵³
1208 5769 1341 5828 ibid.
1366 5767 1455 5825 Ἡ).
1534 5771 1577 5802 ⁵⁵
1618 5769 1770 5827 Jouu.
1805 5787 1841 5835 ι,
1875 5772 1925 5823 1.

2070 1938 2120 1976 vt
2151 1933 2332 1991 contra
2360 1921 2520 1983 Cels.,
2559 1936 2706 1974 num.
2734 1920 2821 1973 Π.
2852 1939 2869 1971 ι
2901 1919 3064 1973 Paulo
3089 1931 3210 1989 post
3236 1920 3351 1973 haec
3372 1919 3660 1991 subjungit

2071 2009 2211 2063 idem
2242 1989 2471 2063 liuetins
2497 2025 2546 2075 p.
2577 2008 2717 2063 152:
2747 2027 2766 2061 ι
2794 2006 2926 2062 Cum
2958 2007 3152 2061 Filium
3178 2008 3314 2062 dixit
3337 1989 3657 2080 (Origenes)

2070 2101 2330 2173 γενητὸν,
2359 2102 2411 2156 id
2468 2102 2568 2155 sibi
2606 2100 2811 2167 voluit,
2860 2099 3059 2155 habere
3106 2101 3277 2170 ipsum
3331 2101 3417 2154 sui
3458 2102 3662 2171 princi-

2073 2195 2250 2265 pium;
2282 2202 2468 2248 contra
2518 2192 2875 2265 Hieronymus
2918 2193 3199 2263 exposuit,
3246 2207 3373 2247 esse
3426 2194 3657 2250 factum.

2073 2286 2274 2354 Nempe
2306 2286 2384 2340 sic
2410 2284 2569 2339 verba
2597 2284 2847 2353 Oz‘igenis
2878 2285 2932 2338 in
2968 2287 3258 2354 pessimum
3294 2302 3529 2342 sensum
3559 2298 3664 2341 tra-

2075 2380 2205 2434 bere
2256 2379 2489 2433 amabat.
2539 2378 2612 2431 Ita
2656 2378 2982 2448 Epiphanius
3020 2381 3208 2435 haeres.
3252 2396 3407 2443 un,
3456 2396 3583 2451 cap.
3610 2382 3662 2444 8,

2076 2471 2225 2526 vocis
2266 2470 2491 2541 γενητός
2534 2486 2686 2524 usum
2734 2472 2787 2525 in
2824 2471 2946 2526 aliis
2990 2474 3341 2540 probaturum
3387 2488 3456 2528 se
3500 2474 3662 2537 dicit,

2076 2562 2129 2615 in
2168 2562 2397 2629 Origene
2430 2564 2710 2617 damnare.
2744 2580 2762 2613 ι
2801 2560 2960 2617 Plura
2995 2563 3097 2617 hac
3126 2564 3192 2617 de
3225 2579 3284 2618 re
3335 2566 3486 2633 apud
3524 2564 3664 2619 liue-

2077 2655 2208 2709 tium
2248 2653 2444 2708 ibidem
2487 2655 2647 2725 legas.
2689 2657 2797 2724 Ego
2841 2659 2907 2710 ad
2949 2656 3116 2712 libros
3177 2656 3438 2726 Origenis
3482 2669 3665 2710 contra

2077 2746 2283 2801 Celsum
2315 2747 2491 2802 redeo.
2523 2746 2578 2800 In
2617 2749 2806 2803 eodem
2850 2748 2989 2804 libro
3042 2759 3197 2803 sexto
3229 2749 3440 2804 dicenti
3477 2750 3660 2812 Celso,

2078 2838 2242 2893 Deum
2292 2854 2463 2907 neque
2519 2840 2728 2895 ratione
2778 2853 2899 2895 esse
2948 2841 3547 2911 comprehensibilcm,
3593 2844 3667 2893 sie

2078 2932 2365 3003 respondet
2408 2932 2668 3001 Origenes
2700 2951 2844 2990 num.
2872 2934 2962 2998 65,
3004 2949 3127 3005 pug.
3165 2934 3268 2988 682
3300 2953 3313 2987 :
3341 2933 3667 2987 Διαστέλλοο

2080 3042 2177 3096 μαι
2212 3025 2273 3078 τὸ
2307 3024 2741 3095 σημαινόμενον,
2782 3026 2871 3079 καί
2918 3044 3091 3097 φημι,
3128 3029 3175 3079 εἰ
3236 3026 3339 3096 μὲν
3397 3026 3552 3095 λόγῳ
3594 3044 3672 3094 τῳ

2079 3118 2137 3169 ὲν
2170 3119 2320 3188 ἡμῖν,
2365 3119 2473 3172 εῐτε
2507 3120 2564 3171 ὲν
2597 3118 2843 3189 διαθέτῳ,
2879 3117 2989 3170 εἴτε
3030 3118 3125 3171 καὶ⁸
3166 3118 3526 3188 προφορικῴ·

2080 3211 2237 3279 ἡμεῖς
2284 3212 2558 3282 φήσομεν,
2604 3212 2685 3264 ὅτι
2732 3212 2830 3264 οὐκ
2866 3210 3013 3263 ἔστιν
3064 3211 3280 3279 ὲφικτὸς
3332 3210 3416 3281 τῷ
3459 3211 3607 3279 λόγῳ
3644 3210 3674 3261 ὸ

2077 3300 2227 3365 Θεός.
2257 3302 2319 3354 Εἰ
2353 3302 2406 3355 δὲ
2440 3304 2727 3373 νοήσαντες
2756 3302 2834 3365 τὸ,
2867 3302 2961 3354 Ἐν
2987 3300 3144 3370 ἀρχῇ
3167 3298 3245 3371 ἦν
3270 3304 3303 3353 ὀ
3331 3303 3546 3370 Λόγος,
3573 3302 3673 3355 καὶ

2080 3397 2112 3447 ό
2138 3397 2327 3463 Λόγος
2350 3391 2427 3463 ἦν
2452 3394 2601 3463 πρὸς
2631 3393 2797 3460 Θεὸν,
2816 3395 2910 3447 καὶ
2942 3394 3085 3458 Θεὸς
3112 3391 3188 3465 ἦν
3214 3396 3245 3446 ό
3269 3394 3492 3462 Λόγος·
3529 3396 3675 3446 ἁπο-

2080 3485 2413 3555 φαινόμεθα,
2467 3487 2548 3538 ὅτι
2598 3486 2772 3556 τούτῳ
2822 3484 2899 3554 τῷ
2952 3484 3094 3555 λόγῳ
3161 3486 3382 3554 ὲφικτός
3440 3488 3593 3538 ἐστιν
3646 3487 3677 3538 ὁ

2082 3577 2239 3639 Θεός.
2284 3576 2338 3631 ld
2378 3589 2495 3641 est,
2535 3596 2552 3628 ι
2601 3578 2877 3645 Distingue
2917 3579 3272 3648 signiﬁcatum
3320 3590 3375 3632 et
3426 3582 3584 3642 dico,
3628 3582 3673 3632 si

2084 3668 2409 3737 intelligatur
2449 3671 2516 3724 de
2566 3671 2791 3736 ratione,
2820 3686 2942 3740 quae
2988 3671 3073 3724 vel
3115 3671 3315 3725 inserta
3353 3682 3443 3726 est
3489 3674 3673 3735 nobis,

2080 3760 2164 3815 vel
2195 3776 2225 3815 e
2262 3763 2416 3817 nobis
2447 3778 2505 3816 se
2547 3762 2744 3826 exerit,
2777 3762 2880 3816 hac
2912 3777 3017 3815 non
3048 3776 3170 3816 esse
3218 3763 3386 3816 Deum
3417 3778 3671 3833 compre-

2081 3851 2420 3907 hensibilem.
2473 3852 2567 3906 Sin
2614 3853 2679 3907 de
2713 3851 2824 3918 illa,
2875 3869 2995 3922 qua:
3032 3861 3149 3906 erat
3191 3854 3251 3920 in
3285 3854 3589 3922 principio,
3623 3866 3675 3907 et

2082 3952 2200 3999 erat
2226 3944 2366 4013 apud
2412 3945 2578 3999 Deum
2601 3983 2618 4011 ,
2655 3952 2710 3998 et
2752 3943 2868 4013 ipsa
2916 3952 3036 3998 erat
3070 3946 3205 4001 Deus
3228 3946 3300 4009 ⁵³,
3333 3945 3519 3999 aitnus
3570 3947 3674 4000 hac

2083 4036 2249 4091 Deum
2292 4050 2414 4091 esse
2446 4036 3013 4106 comprehensibilem.
3044 4056 3075 4089 ι·
3114 4036 3333 4092 Scilicet
3383 4040 3529 4093 Deus
3566 4039 3673 4092 nisi

2083 4140 2112 4179 a
2150 4128 2288 4193 Deo;
2327 4127 2470 4195 quod
2505 4126 2770 4182 inﬁnitum
2798 4137 2902 4192 est,
2935 4127 3039 4182 nisi
3065 4128 3131 4181 ab
3166 4127 3382 4181 inﬁnito
3416 4142 3676 4197 compre-

2083 4217 2241 4271 hendi
2296 4233 2400 4271 non
2448 4226 2660 4286 potest;
2717 4217 2859 4272 unde
2906 4218 3153 4286 sequitur
3197 4217 3290 4270 τὸν
3340 4218 3530 4286 λόγον,
3580 4220 3671 4289 qui

2085 4307 2251 4362 Deum
2295 4307 2471 4361 valeat
2511 4307 2999 4375 comprehendere,
3052 4308 3223 4377 ipsum
3272 4322 3401 4363 esse
3455 4308 3669 4367 Deum;

2085 4399 2227 4466 quod
2256 4407 2308 4452 et
2351 4398 2402 4451 in
2437 4399 2685 4453 terminis
2714 4396 2976 4466 Origenes
3004 4412 3124 4451 cum
3169 4397 3380 4452 Joanne
3432 4414 3671 4468 evange-

2087 4490 2206 4544 lista
2256 4490 2507 4545 allirmat.
2560 4489 2728 4556 Quam
2779 4490 2883 4544 hoc
2934 4488 3192 4560 Origenes
3242 4492 3665 4558 pronuntiatum

2086 4584 2303 4640 Arianae
2356 4583 2703 4653 blaSphemire
2737 4596 2803 4635 ex
2845 4582 3113 4637 diametro
3156 4592 3459 4652 repugnet,
3516 4598 3671 4639 nemo

2087 4676 2286 4745 estqui
2315 4691 2418 4731 non
2447 4677 2640 4731 videat.
2672 4678 2817 4733 Dixit
2844 4679 2985 4732 enim
3015 4678 3176 4731 Arius
3216 4678 3267 4730 in
3290 4660 3455 4731 'libro
3487 4677 3671 4731 Thalia

2087 4768 2346 4836 inscripto
2388 4769 2689 4834 (referente
2734 4770 3035 4823 Athanasio
3081 4770 3133 4822 in
3182 4768 3275 4822 lib.
3305 4768 3387 4821 De
3426 4771 3668 4837 synod.),

2100 4856 2359 4911 ’Δδύνατα
2404 4857 2518 4928 Υἱῷ
2570 4860 2660 4912 τὸν
2697 4860 2936 4930 Πατέρα,
2984 4858 3310 4928 ἐξιχνιάσαι,
3356 4853 3476 4920 οἷός
3526 4860 3668 4909 ἐστιν

2087 4950 2172 5019 ἐφ’
2212 4952 2437 5004 ἑαυτοῦο
2478 4952 2640 5015 αὐτὸς
2685 4951 2794 5023 γὰρ
2841 4954 2869 5004 ό
2920 4953 3047 5015 Υἱὸς
3096 4952 3192 5022 τὴν
3231 4949 3431 5002 ἑαυτοῦ
3483 4950 3665 5002 οὐσίαν

2085 5045 2185 5097 οὐκ
2234 5039 2392 5109 οἶδεν,
2432 5044 2482 5097 id
2521 5054 2601 5098 est
2636 5083 2651 5107 ,
2700 5063 2719 5095 ι
2748 5044 3009 5098 Possibile
3053 5045 3194 5097 enim
3246 5057 3357 5096 non
3389 5050 3481 5094 est
3537 5039 3665 5093 Filio

2088 5134 2418 5202 inveStigare
2474 5133 2710 5196 Patrem,
2770 5134 2947 5202 qualis
2994 5133 3048 5186 in
3106 5132 3285 5201 seipso
3337 5140 3449 5195 est,
3500 5129 3667 5185 Filius

2097 5225 2292 5293 quippe
2327 5240 2478 5279 suam
2527 5226 2641 5294 ipse
2683 5225 2973 5279 essentiam
3024 5238 3128 5277 non
3178 5222 3349 5277 novit.
3383 5241 3403 5273 ι
3446 5221 3545 5275 His
3575 5235 3665 5290 ge~

2087 5318 2231 5367 mina
2270 5323 2415 5377 sunt,
2450 5329 2570 5382 qua:
2598 5322 2718 5382 post
2779 5312 3183 5381 aliquammulta
3215 5312 3267 5366 in
3299 5312 3497 5366 eodem
3534 5312 3666 5366 libro

2085 5419 2142 5458 vr
2177 5416 2358 5457 contra
2392 5404 2619 5467 Celsum,
2650 5420 2798 5459 num.
2827 5404 2917 5470 68,
2949 5420 3001 5474 p.
3033 5402 3157 5469 684,
3190 5413 3537 5473 sequuntur:
3572 5402 3665 5465 Τίς

2085 5493 2141 5547 δὲ
2187 5494 2342 5558 ἄλλος
2382 5494 2551 5547 σῶσαι
2589 5495 2682 5548 καὶ
2720 5497 3086 5568 προσαγαγεῖν
3117 5493 3194 5565 τῷ
3240 5495 3333 5547 ἐπὶ
3374 5496 3515 5548 πᾶσι
3551 5494 3669 5563 Θεῷ

2083 5587 2302 5641 δύναται
2329 5588 2426 5660 τὴν
2462 5586 2554 5641 τοῦ
2595 5587 2879 5660 ἀνθρώπου
2916 5588 3113 5660 ψυχὴν,
3150 5589 3184 5660 ἢ
3229 5590 3260 5641 ὁ
3293 5588 3427 5653 Θεὸς
3467 5590 3669 5656 Am;
