3794 6222
220 350 247 404 1
263 349 368 402 ΞῙΠ

1232 346 1321 402 ex
1366 329 1433 391 ϐ.
1477 339 1679 402 BL'LLI
1719 347 1866 405 uer.
1908 347 2080 401 FIDEI
2116 345 2434 400 Nlti/ENJ'J.

3308 341 3443 396 1295

216 462 365 523 ὕστις
420 463 477 512 ὲν
518 460 658 530 ἀρχῇ
698 460 835 531 πρὸς
872 460 964 512 τὸν
1007 459 1135 512 Θεὸν
1180 459 1273 524 ὣν,
1315 458 1403 512 διὰ
1434 461 1560 524 τοὺς
1599 462 1788 530 κολλη-

1895 460 2104 513 labatur
2157 472 2335 512 autem
2390 459 2459 512 ob
2510 456 2748 511 laetitiam
2803 456 2977 511 Patris
3024 456 3077 510 in
3115 454 3445 524 perfectione

215 552 411 614 Οέντας
441 553 507 621 τῇ
541 552 701 621 σαρκὶ
728 553 821 604 καὶ
871 553 1193 623 γενομένους
1218 555 1353 620 ὅπερ
1383 550 1539 623 σὰρξ,
1570 555 1784 621 ἐγένετο

215 644 388 712 σὰρξ,
440 643 526 695 ἵνα
574 642 794 714 χωρηθῇ
843 642 946 695 ὑπὸ
998 643 1104 695 τῶν
1156 643 1229 714 μὴ
1266 643 1575 712 δυναμένων
1623 644 1783 699 αὐτὸν

216 730 441 798 βλέπειν
482 729 614 783 καθὸ
653 732 822 799 Λόγος
880 727 978 801 ἦν,
1028 732 1121 783 καὶ
1175 732 1309 800 πρὸς
1370 732 1501 784 Θεὸν
1556 728 1645 803 ἦν,
1691 733 1784 786 καὶ

216 821 351 883 θεὸς
384 817 468 891 ἦν,
510 822 561 875 id
597 830 710 884 εει,
744 840 762 872 ι
785 822 913 887 Quis
959 823 1101 876 enim
1150 823 1286 877 alius
1337 824 1510 878 valeat
1544 840 1781 891 servare,

216 920 275 962 et
309 914 373 963 ad
415 914 577 963 Deum
626 910 750 978 Opt.
800 911 940 965 Max.
990 912 1279 964 humanam
1335 914 1571 965 animam
1612 914 1783 966 addu-

216 1015 369 1060 cere,
408 1015 567 1067 quam
608 999 746 1053 Deus
795 1000 1065 1053 Verbum?
1104 1001 1191 1068 qui
1248 1017 1368 1053 cum
1422 1005 1471 1054 iu
1524 1003 1785 1072 principio

224 1092 366 1158 apud
402 1090 568 1143 Deum
602 1101 765 1156 esset,
802 1101 1019 1159 propter
1047 1092 1194 1145 carui
1225 1096 1554 1145 cohaerentes
1583 1102 1637 1146 et
1667 1110 1785 1147 car-

224 1181 377 1234 nales
414 1196 539 1233 earn
571 1179 745 1233 lactus
778 1191 881 1245 est,
918 1191 975 1235 ut
1010 1192 1290 1249 caperetur
1319 1184 1385 1236 ab
1420 1182 1504 1245 iis,
1535 1197 1563 1235 a
1592 1183 1786 1251 quibus

219 1272 422 1339 alioqui
469 1289 536 1325 ne
568 1272 733 1325 videri
768 1271 985 1339 quidem
1016 1282 1243 1339 poterat,
1277 1273 1328 1326 iu
1360 1283 1618 1341 quantum
1656 1274 1784 1326 Ver-

224 1364 351 1416 bum
381 1372 528 1427 erat,
568 1371 622 1416 et
670 1364 807 1432 apud
843 1362 1005 1416 Deum
1056 1373 1202 1426 erat,
1246 1374 1299 1417 et
1349 1364 1485 1417 Deus
1531 1375 1646 1418 erat
1672 1366 1780 1417 ⁵⁸.»

226 1454 465 1522 Denique
491 1453 750 1522 Origenes
780 1470 902 1507 mox
942 1455 1137 1507 ibidem
1176 1455 1368 1510 Filium
1397 1457 1527 1509 dicit
1569 1457 1787 1523 perinde

225 1559 291 1599 ac
347 1544 555 1600 Patrem
614 1562 863 1614 maguum
932 1561 1091 1615 atque
1149 1548 1782 1616 incotnprebeusihilem;

223 1650 352 1700 qum
390 1643 446 1687 et
482 1633 694 1688 Patrem
743 1649 865 1688 cum
905 1635 1177 1703 unigenito
1210 1634 1343 1688 Filio
1372 1636 1531 1689 etiam
1580 1636 1785 1705 magni-

226 1724 466 1778 tudinem
494 1739 644 1778 suam
683 1726 1112 1780 communicasse
1144 1725 1394 1781 afﬁrmat.
1428 1727 1600 1781 Verba
1645 1726 1785 1780 iulra

224 1814 574 1868 commodiori
605 1813 723 1869 loco
750 1815 961 1885 integre
993 1817 1363 1873 recitabimus.

304 1901 331 1973 §
365 1902 430 1957 Χ.
480 1902 659 1969 Vides,
692 1904 883 1970 lector,
928 1914 984 1958 ut
1025 1904 1283 1975 Origenes
1322 1907 1373 1959 in
1419 1906 1572 1961 libris
1603 1916 1785 1961 contra

226 1993 435 2049 Celsum
466 1993 574 2064 (qui
605 2010 672 2050 ex
697 1996 949 2051 omnibus
1005 1998 1120 2067 ejus
1147 1999 1366 2067 scriptis
1390 2001 1630 2053 onmium
1667 2015 1789 2053 con-

225 2099 411 2149 sensu,
480 2087 713 2140 maxime
758 2088 997 2155 genuini,
1039 2089 1156 2156 puri
1201 2098 1253 2142 et
1290 2090 1584 2159 incorrupti
1629 2090 1786 2159 sunt)

224 2191 410 2230 veram
458 2178 574 2232 Filii
611 2179 942 2234 divinitatem
993 2179 1185 2248 saepius
1241 2190 1404 2249 atque
1453 2181 1788 2248 apertissime

226 2268 531 2322 conﬁrmet.
581 2268 713 2335 Quis
759 2269 869 2339 jam
923 2271 1311 2338 suspicaretur,
1352 2287 1417 2327 ex
1468 2272 1617 2326 hisce
1660 2274 1789 2341 ipsis

228 2363 382 2415 libris
406 2377 466 2415 ea
502 2362 677 2429 colligi
712 2362 982 2430 potuisse,
1029 2377 1146 2430 quae
1186 2363 1397 2416 Arianae
1443 2364 1791 2433 blasphemiae

226 2454 514 2524 Origeuem
557 2453 754 2509 favisse
794 2455 1173 2509 ostenderent?
1208 2453 1462 2510 Petavius
1509 2466 1684 2511 tamen
1714 2457 1791 2511 De

231 2548 420 2604 Trinit.
468 2549 559 2602 lib.
598 2566 643 2613 I,
696 2563 815 2617 cap.
847 2548 913 2615 4,
963 2565 1111 2602 nutu.
1138 2549 1193 2613 5,
1233 2550 1285 2603 id
1330 2549 1517 2620 objicit
1573 2550 1790 2621 Origeui

235 2651 490 2708 tauquam
518 2640 879 2694 Ariauismum
910 2641 1143 2709 sapiens,
1174 2642 1315 2711 quod
1348 2642 1398 2696 iu
1432 2642 1570 2698 libro
1597 2659 1649 2697 vt
1678 2660 1793 2698 con-

227 2742 315 2783 tra
344 2730 570 2794 Celsum,
606 2747 755 2785 num.
784 2730 872 2796 60,
910 2747 1029 2801 pag.
1055 2732 1178 2794 678,
1207 2733 1483 2802 scripserit
1510 2752 1522 2787 :
1556 2734 1659 2787 Τὸν
1694 2737 1792 2806 μὲν

227 2821 510 2894 προπχῶς
548 2822 877 2893 δημιουργὸν
914 2817 1051 2875 εἶναι
1089 2821 1180 2876 τὸν
1219 2824 1347 2877 Υἱὸν
1389 2824 1481 2877 τοῦ
1524 2824 1659 2878 Θεοῦ
1693 2824 1794 2878 Λό-

226 2930 355 2983 γον,
404 2913 497 2966 καὶ
552 2913 790 2984 ὡσπερεὶ
834 2913 1129 2984 αὐτουργὸν
1166 2913 1258 2966 τοῦ
1314 2914 1552 2984 κόσμου·
1593 2915 1683 2969 τὸν
1736 2915 1794 2969 δὲ

224 3005 449 3077 Πατέρα
478 3004 572 3058 τοῦ
601 3004 772 3075 Λόγου
797 3004 875 3076 τῷ
904 3005 1325 3076 προστεταχέναι
1352 3006 1429 3078 τῷ
1460 3005 1573 3077 Υἱῷ
1601 3005 1791 3061 ἑαυτοῦ

224 3096 406 3166 Λόγῳ,
438 3096 657 3167 ποιῆσαι
690 3096 779 3150 τὸν
827 3097 1049 3168 κόσμον,
1090 3093 1228 3152 εἶναι
1262 3097 1491 3170 πρώτως
1536 3098 1795 3169 δημιουρ-

226 3186 420 3255 γρνᾸιΙ
451 3198 566 3254 εει,
596 3206 613 3239 ‹
641 3187 951 3243 Proximum
978 3190 1157 3243 mundi
1184 3190 1430 3259 opiﬁcem
1454 3204 1572 3243 esse
1600 3189 1790 3242 Filimn

230 3281 327 3335 Dei
362 3280 614 3346 Verbum,
648 3280 739 3349 qui
770 3278 914 3334 velut
945 3296 1039 3349 per
1067 3295 1125 3336 se
1165 3282 1421 3335 mundum
1471 3281 1585 3348 ipse
1636 3280 1800 3335 fabri-

227 3371 410 3426 carit:
440 3370 650 3425 Patrem
700 3386 828 3426 vero
866 3371 1049 3437 Verbi,
1091 3387 1156 3427 eo
1191 3373 1324 3441 ipso,
1356 3373 1495 3441 quod
1536 3371 1672 3427 Filio
1702 3386 1799 3426 suo

226 3473 395 3530 atque
432 3460 609 3516 Verbo
639 3461 866 3532 jusserit
907 3464 1161 3518 mundum
1205 3462 1403 3527 facere,
1432 3478 1552 3520 esse
1599 3466 1800 3531 prima-

230 3554 375 3608 rium
424 3555 736 3622 opiﬁcem.»
794 3556 900 3611 Sed
954 3555 1222 3624 quomodo
1286 3555 1400 3608 base
1452 3554 1796 3624 intelligenda

229 3646 361 3712 sint,
405 3645 515 3712 jam
552 3660 709 3714 supra
757 3647 968 3701 ostendi
1001 3647 1066 3700 de
1113 3645 1298 3700 lrenaei
1333 3646 1578 3701 doctrina
1632 3661 1799 3715 agens

233 3735 394 3801 hujus
437 3736 693 3791 sectionis
735 3752 854 3807 cap.
884 3735 939 3799 5,
974 3750 1122 3789 num.
1148 3734 1212 3802 6,
1252 3750 1359 3805 quo
1404 3736 1661 3789 lectorem
1711 3749 1796 3789 re-

233 3826 406 3879 mitto.
440 3825 600 3881 Certe
624 3842 651 3879 a
691 3826 847 3880 Patre
884 3836 1132 3895 tauquam
1161 3840 1370 3881 summo
1408 3826 1601 3895 Opiﬁce
1638 3825 1792 3895 quasi

233 3916 554 3985 imperante,
590 3932 685 3985 per
712 3916 908 3971 Filium
959 3916 1135 3970 Patris
1164 3917 1461 3986 jussionem
1495 3932 1557 3971 ac
1602 3917 1795 3969 volun-

235 4016 400 4060 tatem
426 4019 806 4075 exsequentem
838 4014 1034 4063 creata'
1052 4007 1215 4063 fuisse
1243 4010 1459 4074 omnia;
1486 4009 1619 4063 adeo
1641 4009 1792 4063 Aria-

234 4112 364 4150 num
403 4106 635 4164 nonest,
675 4108 732 4152 ut
759 4100 922 4153 etiam
951 4100 1203 4155 catholici
1246 4100 1515 4166 doctores,
1558 4101 1646 4169 qui
1677 4109 1799 4169 post

232 4187 524 4241 c0ncilium
566 4187 839 4243 Nicaenum
889 4190 1149 4254 vixerunt,
1189 4190 1388 4260 quique
1422 4190 1637 4244 Arianae
1684 4191 1796 4244 ba:-

235 4277 376 4330 resis
412 4278 658 4332 acerrimi
702 4280 1105 4350 impugnatores
1139 4280 1310 4345 fuere,
1338 4282 1536 4350 passim
1579 4280 1706 4335 illud
1744 4283 1795 4333 in

232 4367 453 4437 scriptis
482 4370 594 4424 suis
616 4369 882 4426 amrmare
917 4387 1021 4427 non
1062 4371 1171 4426 sint
1198 4372 1377 4438 veriti,
1410 4381 1467 4425 ut
1503 4372 1697 4424 ibidem
1730 4386 1796 4425 ex

1884 550 2087 616 mundi,
2115 561 2169 604 et
2204 550 2253 603 iu
2287 548 2407 602 (iliis
2443 548 2714 601 hominum
2748 547 3001 600 hetantis.
3046 544 3318 615 Scriptum
3358 554 3444 600 est

1884 641 2023 694 enim
2052 660 2064 694 :
2094 639 2157 692 Et
2182 642 2306 693 vidit
2338 639 2470 692 Deus
2492 638 2614 706 quia
2644 638 2777 690 bona
2804 649 2919 690 sunt
2943 637 3006 689 ⁸⁷.
3049 636 3265 691 Placere
3294 635 3442 690 Patri

1883 746 2043 798 opera
2061 748 2153 784 sua
2172 732 2386 801 gaudet,
2411 744 2508 782 pan
2533 742 2593 783 se
2611 744 2677 781 ex
2694 743 2978 783 PRJECEPTO
3001 744 3119 783 ειυς
3148 744 3402 784 errecn.
3417 746 3438 780 ι

1885 822 2013 889 Qua:
2044 830 2310 889 postrema
2342 818 2527 873 llilarii
2562 820 2749 884 verba,
2785 819 2885 873 loci
2918 817 3248 887 Origeniani.
3281 835 3440 886 quem

1884 910 2054 979 carpit
2095 908 2369 974 Petavius,
2405 909 2720 962 sententiam
2767 909 2926 977 plene
2953 909 3281 976 exprimunt.
3310 907 3442 962 lllud

1884 1017 2044 1070 porro
2084 1001 2379 1054 notandum
2419 1010 2533 1063 est,
2582 1000 2866 1067 Origeuem
2921 1001 3120 1053 dictum
3152 1014 3331 1064 suum,
3378 1015 3445 1055 ne

1886 1094 2131 1160 cuiquam
2182 1092 2546 1145 duriusculum
2601 1093 2889 1154 videretur,
2952 1104 3205 1159 expresse
3271 1090 3446 1145 emol-

1885 1182 2029 1235 liisse
2082 1182 2354 1245 adverbio,
2398 1182 2638 1252 ὠσπερεί
2688 1180 2841 1234 velut.
2879 1178 3070 1247 Filius,
3114 1181 3319 1249 inquit,
3365 1189 3448 1237 est

1886 1273 2160 1342 proximus
2192 1273 2372 1325 mundi
2412 1272 2612 1340 opifex,
2643 1271 2729 1340 qui
2768 1271 2905 1324 velut
2954 1284 3051 1340 per
3095 1284 3153 1325 se
3192 1271 3449 1326 mundum

1887 1365 1999 1434 ipse
2028 1363 2308 1419 fabricarit
2336 1383 2350 1417 :
2383 1379 2484 1432 qua
2534 1362 2786 1416 c.mtione
2820 1362 2982 1417 dubio
3027 1362 3217 1431 procul
3261 1377 3448 1417 occur-

1889 1470 2007 1510 rere
2035 1454 2202 1509 voluit
2231 1471 2416 1509 eorum
2451 1454 2647 1517 errori,
2677 1454 2763 1521 qui
2807 1452 2980 1507 Patris
3014 1463 3066 1506 et
3100 1453 3218 1506 Filii
3268 1454 3321 1508 in
3355 1469 3449 1509 eoo

1886 1548 2004 1600 dent
2061 1549 2347 1600 creatiOuis
2418 1562 2579 1614 opere
2636 1545 2920 1599 illiilV‘iSillll
2986 1543 3266 1615 ἐνέργειαν
3342 1562 3449 1600 non

1888 1641 2221 1707 agnoverint.
2255 1639 2356 1692 Sed
2389 1655 2493 1707 quo
2527 1637 2742 1691 tandem
2784 1639 2974 1691 evadet
3021 1639 3134 1691 haec
3165 1637 3451 1692 scholastio

1889 1745 2075 1783 eorum
2136 1731 2504 1799 theologorum
2554 1728 2606 1782 iu
2659 1728 2943 1783 censendis
3007 1738 3247 1783 veterum
3290 1730 3448 1785 dictis

1819 1810 1861 1865 Β
1891 1824 2111 1877 audacia
2154 1839 2217 1878 ac
2255 1823 2576 1877 temeritas?
2626 1821 2769 1876 Sane
2802 1823 2844 1875 si
2888 1823 2953 1884 is,
2985 1823 3074 1890 qui
3121 1823 3318 1877 dixerit
3348 1821 3451 1878 Pa-

1888 1925 2044 1977 trem,
2076 1934 2181 1985 qua
2226 1916 2381 1969 Pater
2423 1924 2525 1979 est,
2560 1915 2872 1983 primarium
2904 1930 3022 1968 esse
3066 1916 3248 1968 umndi
3295 1916 3451 1985 cpiti.

1887 2024 2024 2071 cem,
2049 2012 2137 2077 qui
2173 2010 2284 2061 lucc
2315 2007 2561 2061 universa
2593 2022 2685 2074 per
2716 2005 2907 2058 Filium
2940 2019 3097 2058 suum
3121 2006 3446 2073 condiderit,

1887 2116 1985 2168 pro
2023 2101 2224 2154 Ariano
2269 2100 2546 2154 habendus
2595 2107 2709 2162 est;
2761 2098 2843 2149 vix
2886 2098 2953 2152 ab
2992 2098 3281 2151 Arianismi
3329 2097 3450 2153 labe

1890 2206 2055 2260 purus
2081 2191 2183 2245 erit
2212 2191 2323 2259 ipse
2351 2189 2565 2252 Paulus,
2597 2191 2648 2242 in
2690 2187 2852 2257 Epist.
2885 2194 2907 2242 ι
2939 2190 3006 2242 ad
3037 2189 3296 2253 Corinth.,
3326 2205 3448 2258 cap.

1888 2301 2006 2348 vut,
2038 2300 2179 2339 vers.
2204 2286 2257 2349 b’,
2301 2284 2367 2337 de
2417 2282 2676 2351 partibus,
2721 2291 2778 2334 ut
2825 2282 2897 2334 ita
2934 2281 3140 2349 loquar,
3176 2279 3352 2335 Patris
3399 2289 3454 2336 et

1890 2376 2011 2430 Filii
2053 2377 2104 2429 in
2139 2391 2316 2429 rerum
2349 2373 2623 2428 creatione
2656 2383 2708 2425 et
2748 2373 3121 2435 renovatione,
3160 2373 3237 2427 sic
3273 2372 3451 2425 dis<e-

1893 2483 2054 2523 rens:
2093 2486 2111 2519 ι
2142 2466 2301 2521 Nobis
2335 2481 2471 2520 unus
2518 2477 2600 2520 est
2636 2466 2773 2519 Deus
2809 2463 2986 2526 Pater,
3024 2479 3051 2517 a
3097 2479 3205 2533 quo
3250 2469 3452 2529 omnia,

1893 2569 1948 2614 et
1977 2574 2074 2613 nos
2104 2559 2155 2612 in
2205 2558 2318 2627 ipso
2359 2575 2372 2611 :
2419 2566 2473 2611 et
2505 2570 2642 2610 unus
2692 2555 2948 2609 Demiuus
2982 2552 3138 2609 Jesus
3184 2554 3452 2619 Christus,

1894 2662 1990 2718 per
2019 2662 2174 2717 quem
2204 2648 2405 2712 omnia,
2434 2656 2488 2701 et
2517 2661 2614 2701 nos
2646 2660 2739 2713 per
2770 2646 2963 2712 ipsum.
2996 2663 3013 2695 ι
3055 2643 3188 2697 Nam
3238 2644 3365 2697 illud
3396 2643 3458 2709 ἐξ

1894 2734 1976 2806 οὗ,
2005 2756 2036 2793 a
2063 2756 2182 2807 quo,
2220 2752 2439 2792 causam
2480 2736 2789 2806 primariam
2834 2737 3087 2789 denotare
3117 2733 3458 2787 manifestum

1894 2839 1996 2884 est.
2027 2828 2177 2883 Unde
2209 2837 2263 2881 et
2295 2827 2605 2881 Theodorus
2646 2825 2781 2880 Beza
2815 2826 2879 2879 ad
2918 2825 3093 2880 locum
3140 2826 3253 2879 haec
3286 2825 3458 2879 adno-

1896 2928 2012 2974 tat:
2050 2937 2068 2970 ι
2101 2917 2233 2975 Cum
2268 2919 2427 2972 Pater
2472 2933 2500 2969 a
2546 2916 2684 2970 Filio
2727 2916 3091 2983 distinguitur,
3128 2915 3200 2969 illi
3251 2915 3456 2983 princi-

1896 3012 2041 3083 pium
2089 3010 2399 3064 tribuitur.)
2440 3007 2656 3061 Scilicet
2687 3009 2797 3061 [nec
2844 3007 3021 3060 omnia
3055 3008 3276 3059 omnino
3313 3005 3454 3059 rele-

1900 3104 2062 3155 renda
2091 3110 2211 3155 sunt
2235 3099 2300 3152 ad
2335 3098 2476 3152 illam
2506 3096 2624 3149 Filii
2655 3096 3144 3149 subordinatiouem
3174 3110 3274 3162 qua
3312 3094 3458 3147 Patri

1899 3202 1954 3246 ut
1982 3191 2188 3246 auctori
2223 3205 2318 3245 suo
2344 3189 2455 3259 (hic
2485 3190 2677 3241 iterum
2707 3188 2837 3255 ipsis
2868 3185 3052 3240 Hilarii
3082 3185 3260 3238 verbis
3290 3182 3458 3251 utor),

1896 3282 2167 3353 subjectus
2214 3290 2325 3345 est,
2373 3280 2436 3332 de
2483 3294 2586 3349 qua
2623 3279 2860 3331 sectione
2904 3286 3091 3344 quarta
3128 3274 3302 3329 fusius
3337 3290 3463 3343 age-

1897 3388 2033 3427 mus.
2067 3367 2410 3438 Quid?vquod
2444 3367 2494 3420 in
2537 3368 2653 3435 ipso
2684 3364 2938 3436 Symbolo
2984 3362 3194 3418 Niczeno
3237 3366 3463 3416 credere

1894 3461 2163 3533 iubemur,
2204 3460 2378 3529 primo
2415 3476 2432 3508 ι
2467 3457 2519 3510 in
2559 3471 2719 3509 unum
2773 3454 2937 3507 Deum
2980 3452 3192 3507 Patrem
3220 3454 3463 3522 Omnipo-

1898 3563 2097 3608 tentem
2147 3553 2386 3606 omnium
2438 3548 2727 3602 visibilium
2760 3554 2814 3600 et
2856 3543 3206 3599 invisibiliuin
3254 3553 3465 3596 creato-

1899 3659 2011 3698 rem
2057 3660 2071 3697 :
2126 3642 2317 3698 deinde
2378 3641 2428 3693 in
2486 3653 2647 3693 unum
2714 3635 2993 3691 Dominum
3050 3634 3234 3690 Jesum
3289 3634 3464 3689 Cbri—

1896 3746 2062 3799 stum,
2087 3745 2216 3797 etc.,
2257 3748 2350 3803 per
2380 3746 2539 3800 quem
2580 3730 2759 3785 omnia
2799 3727 2939 3783 facta
2985 3736 3128 3781 sunt.
3154 3747 3175 3779 ι
3206 3726 3341 3781 Puto
3372 3725 3464 3778 Ni-

1896 3843 2072 3883 caenos
2103 3826 2310 3889 Patres,
2342 3826 2441 3877 nisi
2472 3824 2525 3877 iu
2559 3820 2895 3876 tecumenico
2920 3820 3301 3874 convenissent
3334 3834 3464 3873 con-

1896 3920 2042 3984 cilio,
2071 3919 2156 3973 cui
2190 3917 2341 3971 nel’as
2369 3917 2439 3969 sit
2465 3914 2862 3979 contradicere,
2896 3920 3116 3981 prepter
3145 3912 3256 3964 haec
3292 3911 3459 3973 dicta,

1897 4026 2075 4066 acrem
2099 4009 2299 4064 Petavii
2326 4007 2544 4063 Jesuita:
2567 4018 2852 4060 censuram
2880 4005 2965 4056 vix
2990 4016 3245 4057 evasuros
3273 4000 3458 4056 fuisse.

1898 4103 1969 4159 Ut
1996 4101 2185 4171 paucis
2218 4115 2327 4154 rem
2360 4109 2525 4153 tctam
2561 4097 2909 4166 complectar,
2935 4096 3022 4163 qui
3060 4095 3251 4149 dixerit
3295 4095 3459 4148 Deum

1898 4194 2132 4259 Patrem,
2178 4202 2430 4259 tanquam
2477 4188 2682 4243 fontem
2731 4187 3031 4241 divinitatis
3067 4188 3307 4255 adeoque
3353 4202 3466 4241 om-

1898 4288 2044 4341 nium
2088 4285 2457 4353 operationum
2498 4282 2805 4336 divinarum
2857 4281 3156 4347 originem,
3204 4297 3231 4332 a
3283 4281 3459 4349 seipso

1898 4392 1994 4447 per
2025 4376 2215 4431 Filium
2264 4390 2418 4429 suum
2474 4373 2729 4427 mundum
2770 4371 3093 4433 condidisse,
3140 4386 3201 4424 ac
3242 4373 3464 4439 proinde

235 4458 357 4527 ipso
401 4458 620 4516 Petavio
668 4464 1026 4518 Ostendimus.
1078 4463 1441 4533 Scriptoribus
1493 4464 1655 4517 isthic
1700 4464 1794 4516 ad-
1828 4492 1874 4547 Β
1905 4484 2083 4523 rerum
2134 4467 2373 4520 omnium
2424 4464 2734 4532 primarium
2780 4479 2901 4518 esse
2947 4462 3234 4531 opiﬁcem,
3289 4476 3369 4515 uas
3416 4465 3461 4515 is

234 4550 408 4606 ductis
449 4552 580 4607 libet
620 4555 706 4609 hic
748 4571 910 4607 unum
957 4554 1216 4607 Hilarium
1256 4555 1566 4623 adjungere,
1614 4554 1703 4624 qui
1739 4553 1792 4607 in

238 4644 376 4697 ldiro
415 4659 466 4697 tv
498 4644 569 4698 De
610 4645 797 4698 Trinit.
832 4661 998 4715 agens
1047 4648 1113 4701 de
1152 4648 1330 4701 verbis
1374 4648 1476 4700 illis
1526 4645 1718 4700 Geues.
1746 4661 1758 4697 l
1782 4685 1797 4709 ,

231 4735 327 4799 ‘26,
353 4733 638 4790 Faciamus
668 4737 926 4790 hominem
961 4737 1029 4789 ad
1060 4737 1337 4805 imaginem
1365 4746 1615 4800 nostram,
1650 4744 1793 4801 etca;

236 4826 317 4880 sic
357 4827 589 4896 loquitur
627 4844 677 4897 p.
704 4829 827 4890 859,
860 4829 1001 4884 840:
1044 4847 1061 4881 ι
1090 4828 1192 4884 Per
1215 4830 1267 4884 id
1295 4830 1437 4898 quod
1466 4830 1666 4883 dictum
1695 4838 1797 4893 est,

238 4914 525 4971 Faciamus
567 4920 857 4982 hominem,
891 4936 957 4975 ex
993 4936 1056 4976 eo
1088 4923 1238 4991 origo
1273 4930 1373 4993 est,
1400 4935 1466 4975 ex
1509 4935 1613 4987 quo
1658 4919 1802 4985 capit

236 5015 293 5060 et
331 5023 543 5063 sermo:
577 5012 626 5064 iu
657 5026 720 5067 eo
755 5028 880 5067 vero
913 5014 1053 5081 quod
1090 5015 1227 5067 Deus
1274 5011 1339 5065 ad
1374 5013 1656 5081 imaginem
1710 5010 1802 5065 Dei

239 5100 367 5155 facit
420 5100 730 5167 hominem,
785 5103 1119 5172 signiﬁcatur
1174 5104 1336 5157 etiam
1376 5102 1444 5165 is,
1492 5116 1587 5170 per
1642 5116 1800 5168 quem

238 5203 640 5246 consummatur
692 5194 953 5261 operatio.
983 5210 1002 5244 ι
1062 5192 1127 5245 Ει
1175 5193 1330 5261 paulo
1380 5203 1535 5262 post:
1574 5212 1589 5243 ι
1626 5194 1681 5246 ln
1735 5206 1800 5249 eo

240 5283 381 5349 quod
417 5284 628 5346 dicitur,
656 5282 962 5348 Faciamus,
997 5292 1051 5337 et
1074 5283 1244 5349 jussio
1275 5294 1586 5352 exaequatur
1615 5294 1669 5337 et
1716 5283 1799 5337 l‘a-

239 5384 407 5429 ctum.
428 5394 447 5426 ι
485 5374 548 5427 Ει
578 5390 700 5429 mox
732 5376 924 5428 iterum
955 5376 1020 5430 de
1058 5372 1331 5443 Sapientia
1380 5375 1494 5429 sive
1526 5374 1658 5429 Filio
1708 5374 1800 5429 Dei

242 5463 387 5519 Patri
433 5481 529 5521 suo
569 5467 898 5536 aggaudente
944 5466 999 5520 in
1044 5466 1332 5522 creationis
1364 5466 1640 5534 operibus,
1689 5467 1804 5521 hate

244 5556 443 5611 habet:
481 5574 499 5608 ι
527 5556 755 5612 Causam
783 5557 977 5612 laetitia:
1020 5572 1127 5612 suae
1154 5556 1424 5626 Sapientia
1458 5557 1640 5612 docuit
1668 5575 1682 5613 :
1715 5556 1805 5612 lte-

318 5754 361 5786 "
402 5752 551 5810 Joau.
583 5772 620 5820 ι,
659 5759 703 5811 ι.
780 5757 821 5803 ετ
862 5757 992 5812 Gen.
1024 5774 1060 5825 ι,
1096 5757 1173 5825 Ιυ,
1206 5757 1603 5828 l3,18,2l,23.

1900 4561 2112 4613 Ariante
2166 4557 2386 4610 hmresis
2439 4555 2749 4624 neutiquam
2799 4551 3121 4608 incusaudus
3176 4563 3256 4605 est
3304 4571 3316 4604 :
3364 4554 3465 4605 nisi

1902 4666 2031 4705 vero
2064 4650 2299 4719 antiquis
2331 4648 2585 4703 Ecclesia:
2622 4646 2874 4701 Patribus
2904 4646 3192 4712 universis,
3223 4648 3466 4711 adeoque

1904 4742 2037 4812 ipsis
2107 4741 2456 4809 scriptoribus
2508 4738 2880 4800 Θεοπνεύστοις
2941 4737 3231 4791 Ariauismi
3287 4738 3462 4789 dicam

1906 4832 2201 4901 impingere
2237 4831 2481 4885 velimus.
2512 4830 2616 4885 Sed
2663 4830 2789 4882 illud
2825 4829 3038 4880 domum
3080 4828 3293 4882 Ariame
3327 4835 3469 4880 esset

1907 4923 2272 4990 blasphemiae,
2319 4923 2362 4975 si
2396 4922 2517 4989 quis
2547 4922 2789 4983 doceret,
2818 4919 3030 4972 Patrem
3070 4919 3182 4972 hare
3216 4919 3467 4972 universa

1904 5013 2245 5067 constituisse
2273 5028 2367 5080 per
2396 5012 2609 5079 Filium,
2645 5021 2900 5080 tanquam
2932 5026 3027 5079 per
3052 5010 3467 5064 instrumentum

1906 5105 2007 5159 sibi
2036 5115 2375 5167 extraneum,
2402 5114 2493 5159 aut
2528 5114 2782 5174 tanquam
2816 5118 2910 5171 per
2940 5104 3193 5155 virtutem
3231 5102 3468 5170 aliquam

1905 5207 2030 5251 ante
2072 5206 2265 5251 caetera
2312 5198 2494 5250 omnia
2541 5207 2815 5255 creatam,
2862 5203 3024 5263 atque
3070 5193 3137 5246 ab
3172 5193 3339 5262 ipsius
3382 5206 3469 5246 es-

1907 5289 2076 5344 sentia
2112 5290 2340 5343 alienam
2369 5308 2380 5342 :
2416 5303 2537 5358 qua:
2565 5289 2810 5356 impietas
2846 5295 3079 5341 mentem
3114 5284 3369 5355 Origenis
3404 5298 3472 5337 ne

1909 5392 2006 5446 per
2035 5379 2301 5431 somnium
2337 5379 2551 5445 quidem
2584 5393 2818 5447 unquam
2852 5376 3038 5443 subiit,
3071 5384 3129 5428 ut
3167 5388 3231 5426 ex
3268 5372 3400 5427 locis
3438 5386 3466 5424 a

1910 5468 2063 5523 nobis
2089 5468 2332 5535 superius
2358 5468 2600 5522 adductis
2637 5469 2823 5537 liquet.

1987 5557 2139 5631 ιλιι.
2172 5559 2277 5615 Sed
2312 5570 2366 5615 et
2393 5560 2495 5614 alia
2526 5559 2770 5629 quaedam
2811 5560 2863 5612 in
2899 5557 3026 5627 ipsis
3054 5560 3239 5609 contra
3263 5550 3469 5607 Celsum
