3794 6222
382 334 514 382 1⁸399

1823 326 2247 382 EXCERPTUM

3477 322 3617 377 ιδου

379 442 530 498 libris
578 455 701 497 atro
751 442 957 499 calculo
1007 450 1159 496 notat
1211 452 1265 497 et
1320 457 1448 495 veru
1519 443 1788 513 transﬁgit
1834 444 1947 511 ipse
1976 451 2023 503 Λ
2052 444 2117 496 ab
2148 441 2472 511 Epiphanio,
2508 440 2748 508 adeoque
2791 438 2857 492 ab
2901 438 3019 508 ipso
3052 437 3351 493 Athanasio
3378 440 3615 492 ostendit

379 531 620 594 lluetins,
646 547 711 587 ex
735 534 929 602 quibus
953 548 1050 587 nos
1079 536 1347 602 praecipua
1372 535 1740 588 discutiemus.
1768 534 1951 590 Primo

379 626 593 679 adducit
626 624 849 679 Huetius
899 624 1210 694 Origenian.
1256 626 1349 679 lib.
1397 641 1431 678 ll
1454 668 1467 689 ,
1501 635 1691 694 quzest.
1716 624 1773 689 2,
1805 641 1949 679 num.

378 716 429 775 5.
467 714 673 784 p.116,
715 726 966 783 tanquam
1018 717 1195 770 solutu
1245 716 1579 777 difﬁciliora,
1627 716 1789 769 verba
1829 715 1953 771 Ori-

378 805 528 873 genis
558 806 648 860 lib.
678 821 765 859 vin
796 817 976 859 contra
1006 806 1232 865 Celsum.
1272 821 1421 863 num.
1451 806 1517 858 η
1548 824 1559 858 :
1585 806 1646 859 Ei
1684 806 1739 859 δέ
1769 823 1853 869 τις
1889 807 1952 857 ὲκ

380 896 580 951 τούτων
626 897 1149 969 περισπασθήσεται,
1184 899 1257 968 μή
1291 915 1364 967 πη
1388 898 1787 969 αὑτομολοῦμεν
1818 897 1953 969 πρὸς

379 988 507 1051 τοὺς
534 988 893 1060 ἀναιροῦντας
921 989 1012 1041 δύο
1062 985 1199 1041 εἶναι
1240 989 1563 1053 ὑποστάσεις
1604 991 1820 1061 Πατέρα
1860 992 1952 1043 καὶ

380 1074 527 1127 Υἱόν·
551 1077 896 1147 ἐπιστησάτω
922 1076 1029 1147 τῷν
1060 1073 1169 1131 Ἦν
1192 1077 1260 1129 δὲ
1293 1077 1533 1131 πάντων
1564 1077 1679 1131 τῶν
1710 1094 1951 1134 πιστευ-

380 1166 616 1220 σάντων
636 1169 673 1235 ἡ
704 1168 916 1238 καρδία
948 1170 1044 1223 καὶ
1070 1172 1105 1236 ἡ
1128 1170 1298 1238 ψυχὴ
1312 1171 1441 1239 μία,
1476 1172 1562 1224 ἵνα
1592 1172 1841 1246 θεωρήσῃ
1870 1174 1947 1227 τό·

392 1260 534 1330 Ἐγὼ
570 1262 666 1314 καὶ
706 1261 909 1329 Πατὴρ
952 1262 1023 1315 ἓν
1065 1263 1273 1328 ἐσμεν,
1310 1264 1359 1317 id
1398 1274 1497 1328 est,
1536 1284 1553 1316 ι
1586 1265 1732 1331 Quod
1762 1268 1803 1321 si
1832 1269 1952 1336 quis

380 1352 467 1406 his
494 1361 668 1407 motus
702 1355 975 1408 verebitur
1008 1369 1072 1408 ne
1104 1356 1240 1408 torte
1273 1356 1694 1427 transfugiamus
1724 1360 1791 1413 ad
1829 1375 1944 1423 eos,

379 1444 476 1512 qui
507 1454 705 1513 negant
738 1445 870 1499 duas
894 1460 1013 1499 esse
1044 1447 1359 1516 bypostases
1390 1448 1603 1502 Patrem
1637 1460 1687 1503 et
1714 1450 1905 1505 Filium
1933 1471 1945 1506 :

379 1536 563 1590 audiat
608 1537 766 1601 illud,
803 1535 934 1590 Erat
988 1546 1161 1590 autem
1217 1542 1447 1592 omnium
1496 1542 1819 1595 credentium
1863 1560 1952 1596 eor

378 1642 539 1679 unum
578 1635 627 1679 et
678 1642 783 1678 una
812 1627 989 1678 animo
1013 1627 1091 1692 l"i;
1146 1638 1202 1680 ut
1250 1629 1644 1695 contempletur
1700 1630 1827 1682 illud
1868 1631 1951 1684 di-

378 1727 545 1779 ctum,
573 1715 685 1786 Ego
706 1726 753 1770 et
773 1715 934 1770 Pater
959 1733 1120 1769 unum
1149 1734 1328 1771 sumus
1346 1718 1446 1771 ⁸⁸.»
1476 1718 1540 1772 Ει
1559 1720 1749 1773 deinde
1773 1739 1786 1773 :
1814 1720 1950 1792 Θρη-

382 1810 644 1880 σκεὺομεν
669 1806 762 1863 οὖν
786 1810 876 1861 τὸν
899 1810 1115 1881 Πατέρα
1138 1811 1235 1879 τῆς
1263 1810 1536 1881 ἀληθείας,
1579 1813 1671 1866 καὶ
1707 1812 1798 1865 τὸν
1826 1814 1950 1867 Υἱδν

377 1900 474 1972 τὴν
509 1900 787 1971 ἀλήθειαν,
826 1902 952 1953 ὄντα
989 1901 1081 1953 δύο
1112 1904 1176 1971 τῇ
1209 1903 1501 1955 ὑποστάσει
1544 1904 1860 1975 πράγματα,
1894 1905 1951 1959 ἓν

378 1990 434 2043 δὲ
459 1993 522 2061 τῇ
558 1992 811 2061 ὁμονοίᾳ,
849 1993 941 2044 καὶ
967 1995 1033 2062 τῇ
1067 1994 1352 2062 συμφωνίᾳ
1372 2033 1385 2056 ,
1435 1996 1529 2047 καὶ
1561 2000 1624 2066 τῇ
1665 1998 1950 2067 ταύτότητι

377 2083 474 2136 τοῦ
514 2083 865 2154 βουλήματος,
910 2086 960 2139 id
997 2094 1101 2149 est,
1148 2104 1164 2135 ι
1192 2084 1376 2155 Itaque
1423 2087 1667 2157 religiose
1726 2090 1953 2146 colimus

378 2173 590 2227 Patrem
624 2174 897 2237 veritatis,
929 2183 981 2227 et
1013 2176 1288 2229 veritatem
1321 2175 1533 2243 Filium,
1569 2179 1703 2234 duos
1731 2180 1948 2248 quidem

377 2266 672 2335 hypostasi,
699 2280 863 2321 unum
910 2281 1036 2321 vero
1086 2269 1374 2321 concordia
1395 2310 1409 2330 ,
1452 2285 1736 2337 consensu,
1762 2272 1949 2325 volun-

377 2354 608 2423 tatisque
639 2356 939 2411 identitate.
964 2375 982 2408 ι
1019 2359 1097 2410 Ad
1138 2374 1258 2425 qua:
1299 2361 1411 2413 haec
1460 2362 1683 2415 adnotat
1721 2365 1805 2416 vir
1848 2366 1945 2418 do-

376 2446 689 2501 ctissimus:
731 2466 749 2497 ι
788 2446 1000 2502 Patrem
1045 2461 1099 2503 et
1139 2448 1330 2503 Filium
1370 2453 1475 2506 duo
1519 2468 1640 2508 esse
1691 2455 1770 2507 ait
1817 2457 1948 2510 ὑπο-

378 2538 596 2600 στάσει,
645 2554 809 2592 unum
848 2554 1117 2595 consensu
1159 2552 1215 2596 et
1261 2545 1571 2599 concordia.
1602 2548 1762 2615 Atqui
1817 2548 1947 2600 ὑπό-

378 2647 565 2694 στασις
602 2645 699 2699 pro
729 2631 886 2701 οὐσίᾳ
928 2632 1121 2700 priscis
1157 2635 1484 2702 temporibus
1534 2638 1735 2692 solebat
1790 2654 1947 2692 usur—

376 2722 489 2789 pari
520 2722 588 2775 ab
630 2722 857 2776 ethnicis
888 2733 940 2776 et
975 2723 1296 2780 Christianis
1344 2725 1722 2799 (Hieronymus
1746 2770 1760 2791 ,
1792 2732 1942 2799 epist.

375 2813 466 2876 57,
489 2814 555 2867 ad
600 2813 861 2884 Damas.)‘
886 2815 1017 2868 Tota
1056 2817 1392 2891 szecnlarinm
1434 2820 1732 2873 litterarum
1761 2822 1945 2876 schola

377 2904 508 2957 nihil
556 2904 700 2959 aliud
738 2905 1035 2957 ὑπόστασιν
1085 2905 1186 2958 nisi
1235 2907 1422 2961 οὑσίαν
1458 2910 1628 2964 novit.
1669 2908 1740 2962 lta
1793 2927 1942 2965 sum-

376 3006 601 3065 pserunt
628 2996 827 3052 Nicasni
858 2998 1061 3061 Patres,
1095 3001 1166 3053 ita
1201 2999 1570 3056 Sardicenses.
1606 3001 1683 3056 lta
1714 3015 1769 3057 et
1802 3019 1944 3057 sum-

1982 1782 2024 1838 Β

2054 535 2303 589 Petavius
2337 534 2412 587 De
2455 532 2645 586 Trinil.
2681 530 2776 583 lib.
2809 544 2879 597 tv,
2911 544 3031 597 cap.
3065 532 3121 594 1,
3155 544 3303 583 num.
3332 530 3386 593 2,
3418 529 3472 582 5.
3520 528 3618 582 De-

2053 626 2214 694 nique
2245 626 2407 695 (quod
2447 639 2560 678 rem
2602 634 2843 677 nostram
2892 621 3113 689 prapins
3144 622 3396 689 spectat),
3428 634 3619 675 vocem

2052 716 2399 779 ὑποστάσεως
2442 715 2727 784 aliquoties
2770 730 2798 768 a
2841 714 3035 782 priscis
3075 713 3331 767 Ecclesiae
3382 712 3623 767 doetori-

2050 810 2172 873 bus,
2202 810 2366 863 etiam
2398 809 2488 878 qui
2519 807 2811 863 concilium
2858 806 3139 860 Nicaenum
3187 814 3619 869 antecesserunt,

2053 916 2151 971 pro
2193 900 2565 964 subsistentia,
2610 899 2693 952 vel
2726 912 2825 967 pro
2869 912 2927 951 re
2968 895 3223 965 singulari
3268 910 3364 965 per
3392 910 3453 950 se
3494 895 3625 950 sub-

2052 993 2299 1051 sistente.
2327 1006 2447 1060 quae
2498 991 2550 1044 in
2588 990 2748 1043 rebus
2780 988 3051 1042 intellectu
3082 986 3321 1055 pra‘ditis
3366 985 3507 1038 idem
3540 995 3626 1039 est

2051 1084 2192 1155 quod
2238 1098 2487 1152 persona,
2537 1081 2789 1151 usurpari
2841 1080 3023 1134 multis
3070 1076 3332 1145 exemplis
3379 1085 3622 1130 constat.

2052 1174 2414 1229 Tertullianns
2443 1173 2494 1228 in
2536 1173 2674 1227 libro
2714 1175 2958 1225 adversus
2992 1168 3325 1234 Prax.,cum
3367 1180 3625 1221 asserere

2053 1266 2220 1321 voluit
2247 1266 2369 1321 Filii
2402 1265 2803 1320 subsistentiam
2840 1271 3028 1316 contra
3072 1274 3165 1315 eos
3196 1258 3287 1328 qui
3337 1257 3487 1311 illum
3540 1255 3626 1310 di-

2052 1358 2300 1412 stinetam
2332 1371 2452 1411 esse
2482 1371 2513 1410 a
2542 1354 2704 1409 Patre
2749 1367 3032 1423 personam
3062 1351 3349 1419 negabant,
3385 1344 3628 1400 aliirmat

2052 1449 2248 1503 Filium
2296 1448 2390 1502 Dei
2437 1461 2554 1501 esse
2612 1464 2634 1498 α
2662 1444 3018 1501 substantiam
3065 1450 3119 1494 et
3161 1454 3273 1494 rem
3321 1436 3630 1491 substanti-

2052 1556 2194 1594 vam.
2222 1558 2242 1591 ι
2293 1537 2384 1594 Sic
2422 1553 2541 1607 cap.
2600 1537 2632 1591 7
2674 1550 2688 1589 :
2734 1554 2753 1587 ι
2805 1536 2964 1603 Ergo,
3000 1533 3200 1601 inquis,
3243 1531 3338 1585 das
3382 1529 3629 1598 aliquam

2052 1629 2411 1686 substantiam
2436 1643 2555 1683 esse
2584 1641 2907 1691 sermonem,
2951 1623 3152 1692 Spiritu
3177 1631 3231 1676 et
3266 1620 3483 1689 Sophia:
3512 1628 3626 1672 tra-

2052 1725 2254 1780 ditione
2297 1720 2702 1778 constructam?
2731 1719 2906 1789 plane.
2940 1716 3055 1770 Non
3092 1718 3170 1769 vis
3197 1730 3317 1770 eum
3363 1714 3626 1768 substan-

2057 1816 2221 1870 tivum
2262 1815 2463 1869 habere
2494 1814 2546 1866 in
2584 1827 2660 1877 re,
2708 1826 2802 1880 per
2846 1809 3164 1864 substantia:
3208 1807 3626 1877 proprietatem,

2055 1915 2113 1959 ut
2157 1919 2243 1961 res
2270 1916 2324 1959 et
2351 1918 2580 1974 persona
2608 1902 2849 1971 quaedam
2893 1900 3063 1953 videri
3107 1900 3290 1967 possit,
3324 1907 3379 1951 et
3413 1898 3489 1951 ita
3534 1911 3632 1950 ca-

2053 1999 2164 2067 piat
2198 1996 2463 2051 secundus
2495 2010 2523 2047 a
2571 1993 2679 2047 Deo
2728 1992 3051 2046 constitutus
3089 1992 3223 2043 duos
3256 1988 3491 2053 eﬁicere,
3525 1988 3629 2042 Pa-

2056 2102 2191 2144 trem
2218 2099 2271 2143 et
2306 2089 2519 2152 Filium,
2547 2087 2714 2140 Deum
2742 2093 2797 2139 et
2834 2098 3159 2138 sermonem.
3185 2082 3320 2149 Quid
3347 2090 3432 2135 est
3469 2080 3625 2135 enim

2052 2182 2200 2237 dices
2232 2196 2436 2245 sermo,
2465 2181 2566 2234 nisi
2597 2193 2695 2233 vox
2727 2187 2782 2232 et
2816 2191 2983 2231 sonus
3008 2176 3138 2239 oris,
3170 2184 3223 2228 et
3250 2174 3415 2241 (sicut
3447 2188 3633 2240 grann-

2052 2274 2235 2329 matici
2290 2271 2525 2342 tradunt)
2587 2286 2681 2325 aer
2726 2269 2980 2335 offensus,
3028 2266 3371 2338 intelligibilis
3416 2267 3628 2331 auditu,

2050 2376 2303 2420 cazterum
2329 2380 2556 2419 vacuum
2597 2364 2781 2418 nescio
2810 2362 3038 2431 quid,‘et
3068 2362 3246 2425 inane,
3275 2367 3329 2412 et
3369 2358 3627 2425 incorpo—

2050 2457 2201 2511 rale?
2243 2460 2311 2510 At
2355 2470 2453 2525 ego
2498 2454 2631 2508 nihil
2678 2454 2797 2507 dico
2838 2454 2902 2507 de
2947 2452 3055 2505 Deo
3101 2451 3258 2503 inane
3300 2460 3358 2502 et
3394 2463 3625 2501 vacuum

2048 2548 2265 2618 prodire
2308 2547 2574 2617 potuisse,
2618 2553 2675 2600 ut
2719 2560 2823 2598 non
2855 2544 2921 2597 de
2960 2542 3105 2597 inani
3148 2550 3202 2596 et
3234 2554 3405 2594 vacuo
3439 2539 3629 2609 prola-

2050 2655 2162 2696 tum
2198 2659 2210 2695 :
2258 2656 2355 2695 nec
2396 2654 2585 2695 carere
2627 2638 2951 2703 substantia,
2995 2637 3135 2705 quod
3185 2636 3249 2690 de
3298 2645 3451 2687 tanta
3500 2634 3632 2688 sub—

2047 2733 2241 2787 stantia
2286 2732 2568 2803 processit,
2595 2750 2614 2782 »
2664 2739 2769 2784 etc.
2815 2729 3019 2783 Rursus
3064 2742 3182 2796 cap.
3224 2726 3313 2790 26,
3346 2727 3415 2781 de
3450 2725 3632 2780 Patris

2046 2836 2097 2878 et
2138 2823 2257 2878 Filii
2314 2823 2662 2877 distinctione
2714 2836 2904 2889 agens,
2953 2819 3033 2873 sic
3082 2817 3318 2887 loquitur
3363 2832 3379 2868 :
3420 2832 3438 2866 ι
3482 2815 3631 2870 Deus

2048 2915 2137 2969 Dei
2179 2922 2433 2983 tanquam
2471 2912 2805 2966 substantiva
2842 2925 2948 2972 res,
3009 2925 3117 2962 non
3149 2908 3252 2961 erit
3294 2908 3407 2977 ipse
3441 2906 3624 2969 Deus;

2045 3007 2139 3059 sed
2181 3005 2441 3058 hactenus
2493 3003 2662 3065 Dens,
2723 3001 2845 3069 quia
2884 3015 2949 3053 ex
3004 2999 3170 3065 ipsius
3217 2997 3310 3052 Dei
3371 2997 3631 3051 substan-

376 3089 545 3157 psisse
577 3087 861 3159 Origenem
905 3091 1195 3146 verisimile
1221 3100 1366 3146 est.»
1402 3092 1718 3162 Respondeo
1763 3098 1937 3167 primo
1964 3115 2007 3173 α
2044 3098 2137 3160 tia,
2174 3111 2294 3165 qua:
2324 3101 2377 3149 et
2416 3093 2750 3149 substantiva
2795 3107 2879 3146 res
2918 3101 3071 3154 est,»
3122 3099 3223 3144 etc.
3276 3088 3399 3143 Mox
3453 3100 3625 3157 negat

378 3194 541 3235 voces
588 3181 883 3244 ὑπόστασις
919 3192 970 3236 et
1005 3183 1159 3235 οὐσία
1200 3184 1393 3250 priscis
1433 3186 1761 3253 temporibus
1796 3190 1945 3244 varie

378 3277 646 3336 usurpatae
680 3270 848 3331 fuere,
888 3271 1079 3325 saltem
1118 3287 1147 3324 a
1173 3271 1531 3339 Christianis.
1565 3274 1784 3330 Scilicet
1814 3293 1946 3333 non-

378 3373 652 3427 nunquam
700 3360 993 3424 ὑπόστασις
1036 3376 1135 3431 pro
1166 3376 1231 3415 eo
1260 3364 1401 3431 quod
1442 3378 1540 3419 nos
1585 3366 1773 3419 οὐσίαν
1812 3369 1947 3423 dici-

376 3464 519 3515 mus,
548 3458 608 3504 ut
632 3450 751 3504 vice
778 3466 934 3506 versa
966 3468 1065 3507 vox
1103 3453 1261 3510 οὐσία
1288 3468 1387 3524 pro
1415 3470 1481 3509 eo
1510 3459 1653 3524 quod
1685 3473 1782 3514 nos
1813 3460 1947 3512 ὑπὸι

378 3557 564 3595 στασιν
590 3542 937 3611 appellamus,
968 3543 1037 3599 ab
1076 3545 1204 3614 ipsis
1238 3555 1459 3618 accepta
1506 3548 1608 3602 fuit
1644 3569 1655 3602 :
1698 3566 1947 3605 nonnun-

376 3648 536 3702 quam
561 3633 859 3687 ὑπόστασιν
897 3635 1149 3691 dixerunt
1176 3648 1413 3703 veteres,
1447 3640 1611 3693 etiam
1642 3642 1731 3711 qui
1763 3645 1945 3698 conci-

376 3724 507 3779 lium
538 3725 808 3780 Nicaanum
846 3735 1273 3795 antecesserunt,
1301 3730 1443 3798 quod
1476 3747 1572 3786 nos
1619 3733 1780 3789 hodie
1822 3750 1945 3803 per-

379 3830 570 3870 sonam
598 3817 710 3871 sive
750 3817 1152 3873 subsistentiam
1193 3820 1541 3888 appellamus.
1588 3821 1786 3879 Vocem
1816 3827 1947 3879 ὑπο-

378 3908 619 3973 στάσεως
650 3925 747 3979 pro
775 3924 839 3963 eo
864 3910 1008 3980 quod
1038 3926 1138 3966 nos
1180 3912 1368 3966 οὐσίαν
1409 3914 1659 3981 dicimus,
1687 3932 1717 3969 a
1747 3918 1943 3987 priscis

376 4006 699 4074 quandoque
731 4007 978 4076 usurpari
1029 4022 1135 4061 non
1189 4010 1350 4064 modo
1401 4010 1708 4078 conﬁtetur,
1759 4015 1852 4068 sed
1890 4024 1944 4068 et

374 4098 655 4152 contendit
703 4097 945 4152 Huetius.
976 4098 1296 4168 Quanquam
1349 4100 1430 4171 (ut
1480 4117 1663 4157 verum
1715 4104 1943 4174 ingenue

375 4187 592 4258 fatear),
642 4204 747 4243 non
791 4191 1004 4243 memini
1064 4208 1147 4245 me
1183 4206 1369 4247 vocem
1427 4194 1498 4247 ita
1549 4206 1859 4265 usurpatam
1910 4214 1939 4252 a

373 4283 638 4351 scriptore
672 4282 848 4351 aliquo
890 4284 1189 4349 Catliolico,
1222 4286 1288 4339 de
1335 4283 1436 4339 SS.
1470 4284 1737 4342 Trinitate
1768 4288 1941 4343 disse-

374 4382 559 4438 rente,
603 4381 728 4426 ante
767 4374 1053 4428 concilium
1112 4375 1424 4441 Niczenum,
1477 4386 1572 4430 aut
1629 4378 1939 4447 aliquandiu

2049 3187 2366 3258 sapientiam
2409 3194 2463 3239 et
2512 3184 2905 3254 providentiam
2951 3197 3070 3238 esse
3113 3200 3193 3237 res
3236 3183 3631 3247 substantivas,

2049 3289 2141 3333 aut
2185 3277 2525 3339 substantias,
2570 3276 2671 3329 hoc
2708 3284 2809 3338 est,
2848 3272 3191 3335 ὑποστάσεις.
3231 3272 3449 3326 Scilicet
3491 3273 3633 3327 hanc

2047 3370 2296 3440 loquendi
2338 3370 2564 3422 formam
2593 3382 2658 3420 ex
2695 3365 2901 3421 Grmcis
2936 3364 3189 3418 Patribus
3231 3364 3454 3417 omnino
3483 3380 3632 3416 sum-

2047 3462 2219 3530 psisse
2248 3459 2457 3512 videtur
2490 3457 2800 3512 Graecorum
2832 3455 2921 3510 ille
2959 3456 3217 3521 imitator,
3250 3453 3503 3508 Graecam
3539 3470 3634 3507 vo-

2047 3568 2162 3608 cem
2195 3553 2492 3605 ὑπόστασιν
2536 3549 2725 3604 Latine
2755 3548 3107 3602 substantiam
3154 3559 3208 3601 et
3239 3563 3343 3600 rem
3375 3552 3631 3599 substan-

2046 3646 2203 3698 tivam
2241 3654 2494 3699 vertens:
2535 3657 2656 3697 cum
2708 3639 2906 3708 alioqui
2956 3638 3156 3703 Latini,
3195 3638 3356 3692 etiam
3410 3636 3632 3691 Tertul.

2044 3735 2174 3790 liani
2203 3746 2382 3800 aetate,
2420 3749 2573 3790 suum
2620 3733 2854 3788 habuere
2901 3731 3250 3793 vocabulum,
3292 3746 3401 3798 quo
3444 3731 3629 3784 subsi-

2045 3827 2297 3882 stentiam
2353 3828 2405 3879 in
2464 3825 2643 3880 divina
2688 3824 2922 3878 essentia
2973 3824 3375 3892 exprimerent,
3431 3837 3629 3889 nempe

2046 3933 2229 3972 vocem
2271 3932 2528 3986 persome,
2573 3929 2690 3983 qua:
2726 3914 3012 3983 aliquoties
3057 3915 3109 3967 in
3147 3913 3331 3967 eodem
3380 3913 3523 3966 libro
3562 3914 3632 3965 ab

2046 4010 2160 4077 ipso
2192 4007 2525 4062 Tertulliano
2564 4016 2869 4076 usurpatur.
2906 4004 3247 4073 Hippolytus,
3280 4000 3627 4056 Tertulliano

2044 4111 2201 4155 mtate
2237 4100 2508 4170 proximus
2552 4107 2604 4153 et
2635 4096 2865 4166 Origene
2918 4096 3215 4165 antiquior,
3258 4094 3311 4147 in
3357 4094 3476 4147 loco
3530 4108 3624 4147 su-

2044 4196 2226 4264 perius
2253 4210 2282 4247 a
2317 4194 2470 4249 nobis
2501 4191 2715 4245 laudato
2746 4190 2791 4220 ⁸⁶
2817 4190 2892 4243 ait
2935 4204 3149 4243 carnem
3184 4188 3296 4242 sive
3328 4189 3628 4241 humanam

2045 4288 2098 4341 in
2138 4288 2355 4342 Christo
2387 4298 2630 4339 naturam
2664 4298 2758 4351 per
2798 4298 2856 4336 se
2886 4296 2989 4335 non
3034 4280 3350 4343 subsistere,
3383 4279 3482 4333 sed
3520 4296 3539 4329 ι
3570 4279 3623 4331 in

2047 4378 2223 4433 Verbo
2256 4379 2456 4432 habere
2481 4376 2577 4449 τὴν
2604 4374 2917 4436 ὑπόστασιν,
2953 4373 3055 4426 hoc
3085 4382 3185 4434 est,
3219 4371 3273 4423 in
3303 4369 3479 4423 Verbo
3504 4368 3625 4421 sub-

372 4477 516 4535 poSt,
550 4464 759 4534 legisse.
790 4465 1116 4519 Vocabulum
1149 4482 1277 4521 vero
1303 4468 1488 4522 οὐσίαν
1522 4470 1590 4523 ab
1625 4470 1812 4525 iisdem
1847 4488 1941 4540 pro
1976 4454 2019 4507 D
2047 4464 2259 4518 sistere.
2286 4483 2305 4513 ι
2353 4463 2637 4531 Dionysius
2681 4462 3112 4524 Alexandrinus,
3157 4458 3407 4528 Origenis
3458 4458 3622 4510 disci-

374 4574 441 4613 eo
486 4559 627 4627 quod
672 4573 772 4612 nos
820 4557 1114 4612 ὑπόστασιν
1150 4558 1501 4628 appellamus,
1556 4577 1939 4632 nonnunquam

373 4650 544 4720 accipi
594 4650 957 4705 certissimum
989 4660 1091 4705 est.
1123 4651 1214 4705 Sic
1273 4650 1483 4707 Pierius
1514 4661 1718 4725 martyr
1743 4664 1797 4709 et
1827 4671 1944 4723 pre-

374 4744 578 4813 sbyter,
616 4741 880 4810 Pamphili
920 4742 1170 4813 martyris
1188 4755 1504 4814 praeceptor,
1536 4760 1655 4799 cum
1687 4746 1751 4800 de
1782 4746 1943 4802 Patre

374 4839 430 4883 et
468 4830 602 4883 Filio
632 4831 897 4885 catholico
934 4845 1085 4885 more
1132 4832 1378 4896 sentiret,
1428 4832 1642 4888 Patrem
1676 4842 1852 4889 tamen
1886 4846 1941 4891 et

373 4919 567 4975 Filium
596 4921 781 4983 οὐσίας
809 4931 864 4974 et
894 4921 1084 4989 φύσεις
1117 4922 1250 4975 duas
1273 4936 1394 4977 esse
1427 4924 1658 4989 dicebat,
1694 4935 1749 4978 ut
1780 4924 1941 4979 refert

372 5011 602 5067 Photius
634 5011 776 5066 Bibl.
824 5012 947 5066 cod.
975 5028 1123 5077 cxrx,
1172 5016 1302 5069 usia:
1335 5024 1389 5069 et
1437 5026 1637 5070 natura:
1685 5018 1945 5073 vocabulo

374 5104 691 5172 bypostasim
720 5104 1054 5173 signiﬁcans,
1089 5114 1145 5159 ut
1172 5121 1238 5160 ex
1271 5106 1713 5161 antecedentibus
1736 5117 1788 5162 et
1818 5123 1945 5162 con-

372 5196 725 5263 sequentibus
760 5205 1007 5251 constare
1031 5198 1159 5253 dicit
1188 5200 1327 5253 idem
1358 5197 1598 5252 Photius.
1629 5198 1720 5253 Sic
1758 5216 1942 5255 vocem

372 5286 536 5356 φύσις
588 5289 729 5356 (quae
777 5289 975 5359 alioqui
1030 5290 1235 5345 latioris
1282 5300 1367 5345 est
1417 5291 1852 5361 signiﬁcationis,
1888 5302 1945 5347 ut

370 5394 476 5433 vox
535 5381 730 5445 οὐσία,
780 5398 809 5432 a
859 5379 1138 5435 Clemente
1200 5382 1564 5437 Alexandrino
1624 5395 1941 5455 usurpatum

372 5469 541 5527 fuisse
578 5488 738 5542 supra
785 5472 1192 5529 observavimus
1232 5488 1353 5541 cap.
1382 5473 1435 5535 6,
1484 5490 1631 5528 num.
1663 5474 1717 5529 6.
1771 5477 1946 5545 Atque

371 5560 559 5614 eodem
590 5575 752 5616 sensu
784 5560 1101 5616 vocabulum
1130 5562 1302 5631 accipi
1331 5577 1360 5615 a
1388 5562 1649 5633 Gregorio
1678 5561 1942 5636 Nysseno,

2043 4556 2220 4624 pulus,
2251 4556 2303 4607 in
2334 4554 2682 4623 responsione
2715 4553 2781 4605 ad
2808 4551 3155 4620 quaastionem
3187 4558 3435 4617 quartam
3469 4548 3617 4600 Pauli

2045 4645 2385 4699 Samosateni
2448 4644 2513 4697 de
2565 4645 2734 4697 tribus
2798 4640 3038 4711 personis
3096 4640 3150 4694 ὃ.
3199 4638 3487 4691 Trinitatis
3545 4639 3621 4692 sic

2049 4736 2283 4806 loquitur
2321 4735 2433 4807 (‘23)
2477 4754 2488 4788 :
2538 4735 2602 4786 Αἱ
2648 4734 2755 4801 ιδύο
2804 4730 3127 4793 ὑποστάσεις
3156 4729 3484 4800 ἀχώριστοι,
3529 4729 3619 4781 καὶ

2042 4829 2103 4881 τὸ
2154 4828 2513 4883 ἑνυπόστατον
2544 4826 2636 4879 τοῦ
2694 4824 2906 4895 Πατρὸς
2961 4821 3211 4892 Πνεῦμα,
3258 4822 3286 4873 ὃ
3330 4815 3405 4891 ἦν
3449 4822 3507 4874 ἐν
3545 4820 3618 4890 τῷ

2055 4920 2186 4990 Υιῷ,
2222 4920 2277 4973 id
2309 4931 2420 4984 est,
2474 4939 2493 4971 ι
2524 4919 2649 4972 Duae
2703 4919 3021 4988 bypostases
3071 4914 3281 4981 (Patris
3320 4914 3531 4967 scilicet
3566 4922 3616 4965 et

2051 5015 2193 5086 Filii)
2230 5012 2616 5084 inseparabiles
2647 5020 2791 5077 sunt,
2819 5019 2873 5065 et
2903 5010 3199 5064 subsistens
3240 5007 3420 5061 Patris
3450 5006 3615 5076 Spiri-

2051 5116 2157 5171 tus,
2184 5106 2272 5175 qui
2307 5115 2425 5159 erat
2456 5104 2506 5157 in
2542 5102 2697 5157 Filio.
2726 5121 2747 5154 ›
2780 5104 2956 5170 Atque
2997 5115 3059 5154 ex
3096 5102 3196 5153 hoc
3230 5098 3468 5168 Dionysii
3498 5097 3615 5149 Ale-

2047 5197 2293 5254 xandrini
2332 5197 2454 5249 loco
2483 5194 2705 5249 omnino
2735 5193 3054 5262 explicanda
3087 5190 3212 5244 mihi
3243 5191 3459 5243 videtur
3497 5204 3613 5242 sen-

2049 5288 2214 5341 tentia
2255 5286 2607 5357 cognominis,
2649 5294 2703 5339 et
2753 5284 3008 5338 comtanei
3059 5282 3174 5350 ejus
3221 5279 3465 5351 Dionysii
3508 5279 3611 5335 Ro-

2048 5380 2192 5433 mani
2234 5400 2247 5433 :
2293 5381 2381 5447 qui
2431 5379 2484 5432 in
2535 5377 2771 5448 Epistola
2842 5388 3030 5431 contra
3089 5374 3427 5429 Sabellianos
3481 5373 3613 5442 apud

2044 5470 2394 5524 Athanasium
2430 5467 2568 5539 (26),
2601 5479 2885 5538 postquam
2925 5468 3068 5536 ipsos
3112 5465 3480 5523 refutaverat.
3528 5478 3613 5516 eos

2040 5563 2233 5617 deinde
2282 5562 2579 5633 redarguit,
2625 5562 2713 5631 qui
2759 5560 3012 5615 deitatem
3048 5559 3304 5614 secabant
3348 5558 3432 5621 εἰς
3467 5558 3612 5628 τρεῖς

443 5674 491 5707 ⁸⁸
531 5678 648 5729 Act.
697 5693 772 5739 rv,
820 5676 909 5732 52.
984 5677 1030 5709 "
1069 5676 1223 5734 Joan.
1265 5695 1332 5744 x,
1365 5679 1456 5733 '50.
1531 5680 1578 5712 ⁶⁰
1628 5696 1749 5751 cap.
1796 5681 1849 5754 8,
1878 5696 2024 5739 num.
2058 5682 2112 5736 5.

449 5764 563 5837 (25)
602 5765 920 5824 Tbeodoret.
953 5768 1094 5825 Hist.
1123 5770 1277 5839 θεώ,
1306 5771 1395 5826 lib.
1423 5786 1467 5839 ι,
1497 5787 1611 5843 cap.
1645 5773 1698 5827 4.

2094 5771 2406 5851 ςὲϐὶᾹιιηη.
2427 5770 2498 5827 De
2517 5768 2758 5838 sumNic.
2784 5770 2930 5832 Dec"
2953 5768 3141 5832 1)ιῖἹὶ
3161 5769 3245 5825 ed-
3267 5766 3606 5825 Paris-im-
