3794 6222
192 336 329 393 1501

1213 328 1301 383 11x
1336 320 1408 378 ε.
1466 296 1672 379 BL’LLi
1722 321 1874 379 per.
1917 317 2098 376 FlDEl
2137 314 2460 373 ximam.

3318 301 3453 359 L302

198 452 606 529 μεμερισμένας
659 449 987 513 ὑποστάσεις
1046 446 1149 501 «in
1196 455 1306 499 tres
1355 429 1563 497 divisas
1610 443 1780 513 hypo-

1915 455 1979 492 ex
2011 436 2272 506 episcopi,
2301 431 2402 502 qui
2432 446 2498 486 ex
2537 426 2743 499 synodo
2768 419 3197 479 Antiochenaad
3228 416 3451 471 Paulum

194 556 437 599 stases.1
508 542 761 596 Petavius
830 540 1049 608 quidem
1110 536 1185 590 De
1251 533 1485 593 Trinit.,
1548 531 1640 587 lib.
1688 548 1771 598 ιν,

196 652 247 690 ε.
289 637 339 697 l,
378 634 405 705 ᾗ
442 633 494 699 5,
521 648 585 687 eo
620 631 673 685 in
706 631 823 685 loco
856 644 1037 683 vocem
1070 627 1364 681 ὑπόστασιν
1394 638 1492 694 pro
1521 623 1676 696 οὐσίᾳ
1720 625 1774 677 in

199 724 521 797 generaliori
598 720 986 791 signiﬁcatione
1064 719 1190 788 poni
1262 718 1463 783 voluit;
1539 717 1670 780 hoc,
1720 722 1779 768 ut

203 818 455 881 arbitror,
478 824 796 886 argumento
830 814 896 866 ad
929 813 980 867 id
1012 812 1283 875 inductus,
1314 814 1454 880 quod
1489 808 1777 877 Dionysius

202 908 505 962 dissensum
552 921 705 961 suum
756 906 824 959 ab
873 904 938 958 iis
992 902 1327 973 profiteatur,
1376 900 1470 971 qui
1521 900 1777 954 deitatem

206 1001 259 1054 in
302 1010 409 1054 tres
459 1001 777 1070 hypostases
824 996 1155 1051 dividebant.
1199 993 1304 1048 Sed
1347 993 1448 1047 hoc
1498 992 1633 1046 nihil
1675 1000 1778 1046 est.

206 1092 392 1162 Neque
425 1091 568 1145 enim
601 1090 924 1159 simpliciter
949 1102 1044 1142 eos
1090 1086 1272 1155 culpat
1304 1084 1612 1155 Dionysius,
1649 1098 1781 1138 con-

210 1195 295 1239 tra
327 1200 466 1255 quos
501 1184 760 1252 disputat,
796 1180 940 1251 quod
983 1189 1092 1234 tres
1130 1178 1184 1233 in
1226 1178 1428 1232 deitate
1466 1177 1787 1247 hypostases

211 1278 536 1344 statuerint;
589 1275 685 1331 sed
726 1275 852 1329 ideo
881 1282 1090 1327 tantum
1122 1271 1266 1340 quod
1314 1270 1636 1342 hypostases
1668 1270 1789 1325 illas

215 1378 327 1421 tres
385 1382 505 1423 esse
564 1365 973 1438 μεμερισμένας
1039 1380 1057 1414 ι
1099 1362 1337 1416 divisam
1401 1361 1783 1416 existimarint.

214 1461 369 1527 Quod
422 1474 544 1513 mox
596 1459 792 1512 ibidem
842 1458 1052 1527 plenius
1104 1454 1382 1525 exprimit,
1426 1453 1551 1506 dum
1601 1468 1787 1507 rursus

214 1554 433 1609 eosdem
466 1551 753 1606 bam-lices
780 1550 1033 1605 divisisse
1063 1548 1140 1602 ait
1173 1547 1510 1602 divinitatem
1541 1548 1620 1609 εἰς
1642 1548 1789 1617 τρεῖς

217 1647 542 1710 ὑποστάσεις
575 1644 749 1710 ξένας,
802 1643 1045 1716 ἀλλήλων
1078 1640 1393 1697 παντάπασι
1442 1638 1788 1711 κεχωρισμέ-

216 1755 342 1803 ναςο
381 1757 399 1790 ι
430 1738 484 1791 in
533 1747 642 1791 tres
696 1736 1017 1807 bypostases
1059 1732 1397 1803 peregrinas,
1449 1731 1517 1785 ab
1564 1730 1788 1783 invicem

218 1828 442 1883 omnino
472 1834 767 1894 separatas.
794 1844 812 1877 1
850 1824 1091 1879 Pessime
1130 1824 1297 1894 igitur
1344 1823 1508 1877 verba
1554 1818 1791 1890 Dionysii
1826 1810 1865 1864 Β

220 1920 407 1977 Graeca
451 1919 641 1973 Latine
687 1917 921 1972 reddidit
969 1915 1220 1970 Petavius
1255 1933 1275 1969 ι
1300 1915 1584 1969 distinctas
1619 1913 1791 1983 hypo-

221 2024 418 2069 stases.
444 2032 463 2065 1
504 2013 778 2066 Adversus
807 2012 905 2065 lios
932 2010 1217 2066 haereticos
1241 2008 1437 2063 deinde
1463 2006 1653 2061 statuit
1673 2005 1794 2057 Dio-

227 2103 432 2175 nysius,
457 2102 695 2175 ἡνῶσθαι
729 2101 804 2171 τῷ
845 2100 963 2172 Θεῷ
987 2100 1093 2154 τῶν
1118 2099 1251 2154 ὅλων
1278 2098 1369 2151 τὸν
1420 2097 1559 2151 θεῖον
1603 2096 1794 2164 Λόγον,

228 2195 617 2266 ὲμφιλοχωρεῖν
659 2194 716 2248 δὲ
760 2193 836 2265 τῷ
868 2191 1005 2263 Θεῷ,
1041 2192 1135 2245 καὶ
1163 2189 1529 2244 ἐνδιαιτᾶσθαι
1557 2189 1618 2242 τὸ
1644 2188 1799 2257 ἅγιον

227 2286 475 2357 Πνεῦμα,
517 2285 699 2339 «ιιιιίτί
752 2285 992 2339 omnium
1035 2284 1145 2339 Deo
1182 2284 1275 2337 Dei
1318 2280 1594 2347 Verbum;
1643 2290 1696 2335 et
1746 2280 1797 2332 in

227 2383 416 2437 eodem
451 2380 657 2435 haerere
691 2379 1004 2449 versarique
1032 2376 1292 2446 Spiritum
1337 2382 1584 2429 sanctum
1610 2392 1664 2426 :1
1702 2373 1801 2425 hoc

229 2483 336 2537 est,
390 2474 710 2542 liypostases
769 2478 880 2526 tres
948 2469 1157 2523 divinas
1217 2482 1314 2536 per
1368 2464 1800 2536 inexplicabilem

229 2566 518 2635 quamdam
550 2560 919 2635 περιχώρησιν
952 2562 1139 2615 intime
1162 2560 1267 2615 sibi
1304 2559 1534 2613 invicem
1574 2557 1800 2624 conjun-

230 2665 349 2709 ctas
395 2668 536 2719 esse,
576 2663 632 2707 et
679 2667 799 2707 sese
849 2661 1034 2704 mutuo
1087 2648 1243 2719 quasi
1292 2649 1581 2710 iuinieare,
1627 2644 1699 2697 ita
1749 2648 1804 2694 ut

233 2747 402 2801 altera
428 2748 496 2801 ab
531 2747 700 2800 altera
737 2747 1049 2812 neutiquam
1086 2738 1326 2812 separari
1358 2738 1547 2810 poSsit.
1581 2734 1696 2802 Qua
1737 2735 1805 2789 de

232 2852 293 2891 re
320 2837 542 2891 interius
572 2836 723 2905 plura
756 2835 1019 2889 dicemus.
1048 2831 1255 2887 Locum
1291 2839 1474 2884 autem
1512 2829 1653 2882 hunc
1683 2825 1806 2881 Dio—

234 2928 376 2998 tiysii
412 2928 641 3003 Romani
678 2930 887 2996 integre
925 2925 1151 2980 citatum
1195 2922 1384 2977 videas
1413 2918 1570 2988 hujus
1606 2919 1805 2973 sectio-

236 3021 323 3074 nis
355 3020 419 3074 de
455 3019 570 3073 Filii
603 3018 678 3090 τῷ
709 3016 1000 3089 ὁμοονσίῳ,
1036 3031 1156 3085 cap.
1198 3015 1286 3079 11,
1322 3028 1470 3067 ιιιιιιι.
1526 3010 1576 3065 l.
1623 3007 1807 3077 Itaque

236 3126 359 3165 cum
396 3113 683 3183 Dionysius
713 3110 992 3164 Romanus
1022 3114 1202 3177 negat,
1236 3105 1287 3159 in
1317 3103 1517 3159 deitate
1552 3111 1661 3155 tres
1688 3114 1808 3153 esse

237 3205 560 3278 bypostases
611 3205 811 3259 divisas
866 3218 928 3258 ac
975 3209 1279 3270 separatas;
1332 3198 1473 3252 idem
1522 3194 1809 3258 manifeste

235 3298 427 3360 Voluit,
459 3298 602 3365 quod
635 3296 771 3349 alter
810 3293 1118 3366 Dionysius,
1152 3306 1274 3345 cum
1307 3287 1561 3353 allirmat,
1594 3286 1808 3339 Patrem

237 3400 294 3445 et
325 3390 520 3444 Filium
550 3404 670 3444 esse
708 3391 841 3443 duas
888 3389 1207 3459 bypostases
1251 3382 1474 3437 minime
1506 3389 1807 3450 separatas,

239 3492 297 3538 et
345 3481 607 3552 Spiritum
647 3488 895 3536 sanctum
938 3489 1155 3547 quoque
1201 3472 1518 3547 liypostasin
1576 3485 1696 3526 esse
1758 3470 1811 3524 in

239 3573 360 3644 ipso
410 3572 547 3627 Filiu
588 3573 1017 3632 subsistentem,
1065 3567 1310 3635 adeoque
1355 3579 1529 3633 neque
1575 3578 1605 3617 a
1648 3562 1808 3627 Filio,

241 3681 416 3735 neque
444 3681 474 3719 a
507 3665 665 3719 Patre
695 3662 1041 3730 disjunctam.
1080 3661 1347 3715 Nimirum
1381 3668 1606 3728 uterque
1642 3658 1810 3729 hypo-

242 3771 463 3814 staseou
489 3757 891 3813 distinctionem
937 3756 988 3809 in
1022 3752 1307 3809 divinitate
1332 3751 1535 3821 pariter
1567 3750 1813 3820 agnovit;

246 3863 473 3921 uterque
518 3850 838 3904 divisionem
888 3860 943 3904 et
998 3844 1399 3916 separationem
1455 3843 1815 3913 hypostaseon

246 3945 449 4014 pariter
485 3943 721 4013 negavit.
759 3940 853 3997 His
896 3955 1025 3996 vero
1056 3938 1413 3995 clarissimam
1456 3936 1632 3990 lucem
1661 3933 1821 3988 aﬂert

257 4036 397 4093 alter
429 4035 669 4105 Dionysii
710 4033 1061 4087 Alexandrini
1101 4031 1272 4097 locus,
1316 4030 1516 4085 citatus
1565 4041 1595 4081 a
1632 4025 1822 4094 Magno

252 4128 446 4182 Basilio
474 4128 526 4182 in
565 4128 703 4181 libro
728 4126 803 4179 De
827 4122 1028 4191 Spiritu
1054 4134 1260 4187 sancto,
1290 4136 1412 4190 cap.
1441 4118 1533 4184 ‘29,
1586 4118 1673 4172 ubi
1703 4118 1824 4170 Dio-

250 4222 466 4292 nysium
515 4220 662 4274 illum
716 4217 918 4272 inducit
959 4217 1038 4271 sic
1084 4215 1139 4269 in
1204 4214 1379 4269 media
1432 4227 1528 4266 sua
1575 4211 1827 4278 Apologia

249 4322 437 4369 contra
460 4309 792 4362 Sabellianos
807 4309 1163 4375 disputantem
1179 4303 1289 4376 (27)
1313 4303 1408 4356 :Ei
1426 4302 1501 4372 τῷ
1518 4303 1663 4372 τρεῖς
1689 4294 1827 4352 εἶναι

248 4404 349 4467 τὰς
382 4404 726 4465 ὑποστάσεις,
780 4400 1192 4470 μεμερισμένας
1238 4390 1375 4447 εἷναι
1410 4393 1649 4461 λέγουσι,
1684 4392 1831 4462 τρεῖς

1878 531 2287 584 Sainosatenuni
2319 525 2582 593 scripsere
2606 517 2887 588 epistolam
2909 513 3040 586 (28),
3065 514 3116 566 in
3136 512 3247 579 ipsa
3266 517 3454 563 contra

1876 622 2126 677 eumdem
2164 618 2389 673 Paulum
2440 626 2493 668 et
2539 612 2859 672 Sabellium,
2896 619 3096 679 negant
3126 602 3319 657 Filium
3363 599 3455 652 Dei

1876 728 1998 768 esse
2028 711 2207 765 Patris
2236 708 2542 777 ἐπιστήμην
2575 701 2963 765 ἀνυπόστατον,
3000 715 3019 749 t
3042 693 3323 750 scientiam
3359 703 3457 757 per

1879 821 1937 860 se
1971 804 2189 858 minime
2214 801 2630 854 subsistentem.
2661 815 2678 847 1
2715 794 2778 848 Et
2811 792 3007 846 ibidem
3041 789 3213 858 ipsum
3245 784 3335 837 Dei
3363 782 3455 836 Fi-

1881 900 2007 951 lium
2040 897 2225 950 dicunt
2255 895 2346 948 Dei
2376 891 2554 945 Patris
2584 889 2865 959 ἐνέργειαν
2897 882 3075 949 ζῶσαν
3099 879 3192 934 καὶ
3215 873 3459 946 ὑφεστῶο

1885 1008 2035 1052 cratim
2064 988 2312 1041 virtutem
2338 986 2603 1038 viventem
2639 997 2700 1033 ac
2725 978 3127 1032 subsistentem.
3150 991 3168 1023 1
3196 969 3327 1039 Quis
3354 968 3456 1035 igi-

1885 1095 1972 1138 tur
2006 1082 2215 1135 dubitet
2267 1080 2395 1149 quin
2445 1077 2496 1130 lii
2537 1072 2776 1143 episcopi
2817 1069 3007 1125 Filium
3059 1078 3274 1134 quoque
3304 1061 3461 1129 dixe-

1885 1178 1993 1232 rint
2023 1174 2316 1228 ὑπόστασιν
2352 1187 2380 1225 a
2414 1170 2573 1224 Patre
2617 1162 2976 1221 distinctam?
3000 1157 3303 1216 Praesertim
3333 1168 3458 1208 cum

1887 1268 2175 1339 Dionysius
2206 1262 2600 1318 Alexandrinus
2626 1258 2865 1327 ejusdem
2892 1252 3075 1308 saeculi
3099 1245 3460 1321 emundata.-

1889 1379 1972 1419 σιν
2022 1371 2074 1415 et
2122 1361 2183 1413 τὸ
2222 1357 2587 1415 ὲννπόστατον
2628 1364 2881 1421 tanquam
2925 1349 3064 1403 idem
3104 1340 3463 1414 signiﬁcantia

1888 1455 2183 1524 usurparit,
2221 1462 2279 1506 ut
2306 1466 2372 1506 ex
2398 1450 2518 1503 loco
2551 1461 2713 1516 supra
2740 1444 2904 1497 allato
2932 1441 3127 1511 liquet.
3156 1434 3464 1492 Alexander

1887 1549 2170 1616 episcopus
2199 1542 2617 1602 Alexandrinus,
2644 1538 2695 1593 in
2724 1534 2963 1606 epistola
3007 1532 3073 1585 ad
3100 1527 3465 1586 Alexandrum

1889 1615 2541 1703 Constantinopolitanum
2570 1637 2696 1682 ante
2723 1626 2986 1697 synodum
3017 1622 3293 1675 Niczenam
3327 1615 3466 1670 scri-

1891 1742 2000 1802 pta.
2038 1729 2229 1784 eodem
2256 1740 2416 1779 sensu
2458 1736 2645 1777 vocem
2676 1718 2953 1786 accepisse
2986 1715 3222 1778 videtur,
3249 1710 3373 1763 dum
3402 1711 3470 1761 ad

1897 1824 2055 1878 verba
2092 1819 2317 1875 Joannis
2358 1815 2703 1886 evangelista
2745 1813 2951 1879 Evang.
2984 1822 3106 1876 cap.
3159 1821 3201 1867 ι.
3244 1817 3383 1857 vers.
3421 1800 3468 1861 ι.

1898 1917 2011 1971 haec
2043 1913 2229 1968 scribit
2249 1911 2361 1983 (29)
2386 1930 2397 1964 :
2419 1911 2529 1979 Την
2554 1907 2661 1978 γὰρ
2681 1905 2974 1975 ἰδιότροπον
2994 1897 3157 1953 αὑτοῦ
3175 1894 3472 1949 ὑπόστασιν

1898 2008 2179 2077 ἐδήλωσεν,
2208 2003 2399 2067 εἰπὼν,
2416 2004 2510 2055 Ἐν
2530 1997 2686 2070 ἀρχῇ
2712 1994 2792 2067 ἦν
2814 1999 2845 2049 ό
2868 1996 3078 2062 Λόγος,
3102 1989 3199 2043 καὶ
3227 1991 3259 2041 ὁ
3279 1987 3470 2054 Λόγος

1896 2097 1974 2169 ἦν
1992 2099 2139 2167 πρὸς
2161 2098 2265 2151 τὸν
2288 2097 2456 2158 Θεόν,
2481 2113 2500 2145 1
2522 2094 2572 2146 id
2590 2099 2704 2146 est:
2727 2108 2744 2141 ι
2773 2087 2997 2156 Proprio
3027 2085 3471 2169 modoconstano

1901 2162 2007 2244 tem
2031 2162 2161 2257 'ejus
2192 2185 2355 2257 (Filii)
2399 2181 2728 2255 liypostasim
2772 2171 3118 2244 significavit,
3154 2168 3362 2230 dicens,
3397 2162 3465 2217 In

1899 2281 2152 2351 principio
2180 2289 2289 2332 erat
2329 2275 2569 2339 Verbum,
2604 2280 2650 2325 et
2688 2268 2910 2323 Verbum
2943 2274 3052 2318 erat
3083 2264 3227 2329 apud
3248 2257 3469 2310 Deum.1

1904 2349 1991 2443 Et,
2020 2375 2062 2429 si
2096 2372 2290 2441 Magno
2324 2369 2543 2431 Basilio,
2590 2366 2769 2435 potius
2810 2376 2972 2429 quam
3024 2369 3229 2425 nupero
3260 2349 3477 2407 Jesuitm

1904 2440 2144 2531 Petavio,
2178 2440 2310 2519 lides
2340 2459 2582 2516 habenda
2612 2459 2705 2522 sit,
2738 2454 2926 2511 eodem
2954 2464 3116 2504 sensu
3148 2440 3475 2500 vocabulum

1906 2559 2304 2619 intellexerunt,
2352 2554 2509 2623 juxta
2546 2548 2824 2617 antiquum
2866 2543 3081 2599 Scilicet
3136 2539 3188 2592 in
3236 2532 3477 2589 Ecclesia

1906 2666 2085 2715 usum,
2125 2648 2316 2703 Patres
2348 2645 2574 2708 Nicmni,
2608 2654 2730 2696 cum
2780 2640 2833 2692 in
2867 2632 3119 2707 Symbolo
3164 2628 3481 2683 anathema-

1908 2746 2145 2798 tizarunt
2183 2754 2307 2802 eos,
2339 2737 2432 2807 qui
2473 2736 2715 2790 dicerent
2758 2729 2954 2784 Filium
3003 2740 3122 2781 esse
3174 2720 3233 2786 ἐξ
3286 2719 3481 2790 ἑτέρας

1907 2832 2254 2895 ὑποστάσεως
2302 2829 2335 2900 ἢ
2371 2828 2578 2892 οὑσιας,
2616 2842 2635 2876 ι
2659 2840 2727 2881 ex
2770 2822 2872 2875 alia
2907 2814 3181 2890 liypostasi
3218 2814 3331 2867 sive
3355 2810 3483 2864 sub-

1908 2927 2106 2983 stantia
2141 2944 2161 2977 1
2201 2937 2365 2993 quam
2394 2919 2593 2974 Patris.
2622 2916 2755 2971 Nam
2781 2911 3013 2966 Basilius
3048 2910 3100 2962 in
3144 2902 3367 2975 epistola
3390 2902 3481 2964 78,

1910 3018 2153 3072 referens
2196 3011 2511 3068 Marcellum
2546 3011 2919 3079 Ancyranum,
2957 3011 3009 3055 et
3052 2999 3189 3052 alios
3223 2994 3483 3065 quosdam

1913 3109 2229 3167 Sabellianae
2260 3105 2499 3160 fautores
2524 3102 2770 3164 haeresis,
2799 3114 2861 3153 ex
2895 3096 3001 3150 illis
3035 3089 3237 3147 Nic-.eni
3266 3085 3486 3141 concilii

1910 3203 2087 3258 verbis
2116 3198 2477 3271 patrocinium
2507 3193 2858 3265 quaesivisse;
2893 3186 3082 3241 οὐσίαν.
3108 3192 3160 3239 ει
3192 3181 3489 3235 ὑπόστασιν

1912 3305 2071 3366 negat
2096 3262 2162 3347 ἐκ
2191 3262 2557 3363 παραλλήλοὺ,
2581 3295 2636 3342 ει
2670 3296 2930 3354 tanquam
2957 3282 3096 3334 idem
3119 3262 3492 3346 signiﬁcantes

1912 3403 2077 3444 voces
2110 3402 2141 3440 a
2176 3383 2424 3439 Patribus
2454 3380 2725 3435 adliibitas
2753 3378 2941 3431 fuisse.
2963 3372 3114 3441 Quod
3147 3371 3251 3425 hac
3284 3368 3493 3421 ratione

1912 3479 2103 3549 probat
2132 3496 2147 3531 :
2178 3477 2239 3529 Ei
2265 3474 2374 3547 γὰρ
2405 3473 2556 3545 μίαν.
2585 3471 2677 3525 καὶ
2702 3469 2800 3541 τὴν
2838 3467 3005 3538 αὐτὴν
3036 3462 3494 3537 ὲδὴλοὺνέννοιαν

1914 3574 1971 3629 αἱ
1999 3572 2191 3643 φωναὶ,
2218 3569 2300 3631 τίς
2328 3565 2485 3637 χρεία
2508 3560 2575 3635 ἦν
2604 3556 3089 3630 ὲκατέρωνςᾋλλὰ
3114 3554 3393 3625 δῆλονὸτι,
3418 3550 3495 3611 ὡς

1914 3665 2022 3719 τῶν
2064 3664 2159 3733 μὲν
2184 3659 2529 3733 ἀρνουμένων
2556 3655 2617 3709 τὸ
2649 3655 2714 3707 ὲκ
2737 3652 2835 3723 τῆς
2866 3649 3052 3711 οὐσίας
3086 3645 3224 3699 εἶναι
3250 3644 3352 3698 τοῦ
3380 3644 3496 3701 Παι-

1917 3757 2063 3828 τρὸς,
2091 3753 2200 3807 τῶν
2254 3752 2312 3806 δὲ
2340 3750 2606 3820 λεγόντων
2638 3744 2761 3800 οὔτε
2807 3748 2871 3797 ὲκ
2906 3742 3002 3813 τῆς
3046 3739 3253 3800 οὑσίας,
3292 3735 3407 3789 ἀλλ’
3438 3733 3499 3798 ἐξ

1918 3848 2084 3919 ἄλλης
2116 3847 2258 3909 τινὸς
2300 3844 2648 3904 ὑποστάσεως
2667 3857 2679 3869 ·
2711 3837 2884 3900 οὑτως
2914 3833 3198 3905 ἀμφότερα
3236 3831 3311 3893 ὡς
3346 3827 3500 3883 ἀλλόν

1919 3957 2048 4013 τρια
2083 3937 2175 3995 τοῦ
2214 3930 2664 4006 ἐκκλησιαστικοῦ
2699 3929 3045 4003 φρονήματος
3093 3922 3495 3995 ἀπηγόρευσαν.

1923 4034 1977 4088 ld
2025 4042 2131 4096 est,
2187 4050 2205 4083 ι
2236 4030 2291 4085 Si
2328 4043 2490 4083 unam
2527 4036 2580 4081 et
2616 4025 2862 4081 eamdem
2891 4030 3004 4075 rem
3053 4017 3500 4087 signilicaverunt

1924 4142 2087 4182 voces
2122 4125 2250 4191 illae,
2277 4124 2407 4193 quid
2440 4119 2710 4175 attinebat
2742 4114 2901 4173 simul
2932 4108 3371 4167 illasadliiberi?
3391 4106 3501 4161 Sed

1925 4220 2269 4290 perspicuum
2324 4225 2431 4275 est,
2470 4229 2536 4269 eo
2579 4211 2720 4281 quod
2760 4209 2849 4264 alii
2906 4212 3168 4275 negarent
3210 4201 3409 4258 Filium
3471 4212 3504 4251 e

1929 4310 2232 4364 substantia
2263 4322 2385 4362 esse
2418 4306 2630 4370 Patris;
2669 4302 2760 4356 alii
2793 4313 2969 4370 neque
3004 4298 3219 4366 exejus
3249 4296 3504 4349 substan-

1935 4401 2028 4465 tia,
2082 4410 2135 4453 et
2186 4414 2251 4453 ex
2292 4397 2400 4450 alia
2449 4398 2669 4462 insuper
2724 4390 3002 4461 liypostasi
3043 4401 3166 4442 esse
3220 4386 3501 4439 dicerent:

250 4498 357 4555 εἰσι
388 4495 489 4549 κᾶν
545 4494 622 4564 μὴ
671 4492 916 4555 Θέλωσιν,
946 4490 979 4560 ἢ
1009 4490 1108 4559 τὴν
1139 4487 1289 4541 θείαν
1314 4484 1518 4556 Τριάδα
1553 4482 1800 4541 παντελῶ

1936 4500 2217 4559 utramque
2250 4486 2366 4542 illos
2393 4487 2702 4555 opinionem
2734 4492 2991 4550 tanquam
3022 4480 3254 4532 alienam
3287 4490 3316 4527 a
3343 4487 3507 4528 sensu

251 4588 612 4650 ἁνελέτωσαν,
646 4586 699 4639 id
732 4593 833 4651 est,
894 4600 913 4634 ι
944 4582 1001 4634 Si
1042 4596 1106 4635 eo
1149 4580 1294 4648 quod
1333 4587 1446 4632 tres
1475 4586 1604 4631 sunt
1635 4589 1826 4645 perso-

252 4695 356 4745 nae,
386 4681 586 4733 divisas
629 4690 750 4731 esse
793 4675 1003 4736 dicunt,
1058 4682 1168 4727 tres
1216 4680 1343 4726 sunt
1383 4670 1597 4725 etiamsi
1634 4667 1829 4729 nolint,

253 4783 349 4831 aut
373 4772 609 4826 divinam
642 4769 965 4822 Trinitatem
1014 4780 1239 4835 prorsus
1271 4779 1302 4819 e
1346 4763 1523 4818 medio
1565 4761 1775 4815 tollant.
1809 4779 1827 4811 1

255 4868 465 4933 Quibus
495 4880 562 4920 ex
594 4863 771 4918 verbis
799 4871 985 4930 aperte
1012 4857 1304 4927 colligitur,
1353 4856 1491 4924 apud
1522 4852 1835 4909 Catliolicos

257 4958 497 5030 Dionysii
525 4966 682 5011 aztate
709 4965 884 5009 ratum
914 4963 970 5008 et
1003 4952 1169 5007 ﬁxum
1200 4948 1329 5005 illud
1360 4947 1551 5009 fuisse,
1582 4955 1692 4998 tres
1717 4958 1834 4998 esse

260 5054 316 5109 in
349 5050 547 5105 divinis
577 5049 928 5118 bypostases;
967 5043 1305 5100 Sabellianos
1334 5054 1465 5093 vero
1503 5044 1569 5091 ex
1622 5037 1709 5090 illa
1740 5036 1836 5107 by-

260 5143 472 5214 pothesi
518 5141 775 5209 consequi
807 5139 1152 5193 existimasse
1204 5144 1313 5188 tres
1356 5146 1478 5187 esse
1520 5130 1837 5200 liypostases

259 5237 498 5298 divisas;
537 5242 721 5303 utpote
770 5233 859 5301 qui
904 5240 1013 5285 tres
1046 5229 1331 5284 distinctas
1365 5237 1623 5295 personas
1656 5220 1708 5275 in
1751 5233 1838 5272 es-

258 5327 435 5381 St'lllia
478 5326 658 5380 divina
699 5326 905 5392 absque
953 5320 1220 5376 divisione
1256 5317 1613 5372 subsistentes
1662 5319 1839 5365 mente

260 5422 360 5477 sua
389 5421 675 5492 concipere
705 5419 1083 5490 nequiverunt.
1118 5415 1269 5470 llanc
1298 5421 1473 5467 autem
1498 5422 1839 5475 consequen-

267 5518 395 5569 tiam
431 5516 651 5570 omnino
683 5515 933 5583 rejiciunt
967 5512 1125 5566 ambo
1169 5507 1407 5580 Dionysii
1439 5507 1491 5559 in
1523 5506 1653 5558 locis
1679 5518 1837 5571 supra

263 5607 534 5663 adductis.
585 5606 902 5676 Pergamus.
965 5601 1208 5674 Dionysii
1269 5599 1552 5669 utriusque
1602 5592 1841 5665 aequales

340 5718 453 5790 (εγ)
482 5718 540 5772 s.
575 5717 756 5772 Basilii
782 5725 910 5771 tom.
938 5713 1002 5777 ιι,
1041 5730 1093 5785 ρ.
1125 5714 1251 5782 558,
1277 5713 1406 5768 edit.
1435 5709 1605 5766 Paris.
1640 5705 1796 5761 1637.

342 5813 454 5884 ('28)
490 5814 625 5871 mm.
660 5811 775 5868 PP.
802 5823 927 5869 toni.
956 5810 1043 5866 x1.

1930 4578 2298 4636 ecclesiastico
2337 4573 2607 4643 reiecisse.
2656 4592 2673 4623 1
2719 4570 2875 4624 Libet
2910 4583 3036 4623 vero
3076 4566 3165 4621 hic
3195 4564 3373 4619 obiter
3408 4577 3502 4616 ar-

1933 4682 2181 4743 gumenta
2218 4669 2512 4740 przecipua,
2548 4663 2747 4734 quibus
2782 4665 2921 4717 hanc
2956 4661 3026 4713 M.
3078 4658 3260 4711 Basilii
3291 4664 3509 4711 senten-

1939 4767 2066 4820 tiam
2094 4762 2399 4818 convellere
2429 4758 2683 4814 Petavius
2719 4764 2946 4809 conatus
2972 4761 3055 4807 est
3076 4750 3153 4803 De
3171 4749 3389 4814 Trinit.,
3414 4747 3507 4801 lib.

1939 4873 2016 4923 1v,
2056 4872 2177 4926 cap.
2211 4854 2267 4920 2,
2318 4868 2469 4908 num.
2507 4850 2564 4915 6,
2612 4847 2802 4919 paucis
2852 4845 2919 4899 ad
2958 4857 3187 4899 examen
3230 4850 3509 4896 revocare.

1947 4968 1965 5000 ι
1994 4950 2199 5016 Primo,
2259 4947 2459 5016 inquit,
2502 4950 2691 4997 contra
2753 4938 2925 4993 solum
2967 4936 3081 4991 Arii
3112 4940 3307 5005 dogma
3352 4933 3514 5003 Sym-

1942 5040 2048 5094 boli
2082 5037 2376 5092 clausulam
2411 5033 2683 5090 addidisse
2739 5030 2931 5085 Patres
2980 5026 3184 5096 liquido
3230 5032 3466 5078 constat.
3492 5040 3511 5073 1

1945 5132 2189 5186 P0teram
2236 5131 2577 5197 interrogare
2635 5124 2940 5184 Petavium,
2997 5120 3141 5174 unde
3202 5118 3255 5173 id
3316 5116 3520 5184 liquido

1945 5222 2192 5279 constet?
2223 5220 2380 5275 Certe
2411 5218 2773 5289 liquidissima.
2819 5221 3057 5275 constat,
3106 5210 3296 5264 Patres
3337 5209 3388 5259 in
3421 5221 3520 5260 suo

1948 5317 2203 5391 Symbolo
2252 5330 2558 5385 quanquam
2604 5314 2717 5367 Arii
2774 5312 2970 5379 dogma
3018 5306 3285 5374 praacipue
3342 5303 3521 5368 impn-

1946 5390 2115 5480 gnare
2147 5407 2498 5469 intenderim,
2542 5405 2771 5458 aliorum
2812 5412 2987 5454 tamen
3038 5398 3274 5450 haereses
3321 5390 3522 5444 alicubi

1950 5501 2337 5572 perstringere.
2381 5499 2473 5553 Sic
2515 5513 2639 5551 cum
2674 5495 2942 5549 deﬁniunt
2983 5504 3078 5558 per
3125 5485 3321 5540 Filium
3382 5482 3521 5534 facta

1947 5594 2117 5648 fuisse
2165 5593 2371 5658 omnia,
2440 5605 2544 5643 non
2581 5587 2834 5650 Ariauos,
2877 5581 3077 5652 quippe
3110 5577 3202 5646 qui
3239 5575 3343 5628 hoc
3382 5588 3522 5627 nun-

2024 5702 2138 5773 (‘29)
2171 5702 2499 5759 Tlieodoret.
2557 5697 2753 5754 Eccles.
2783 5694 2908 5751 ltist.
2940 5691 3036 5747 lib.
3071 5703 3108 5756 ι,
3137 5701 3264 5756 cap..
3291 5683 3346 5741 4.
