3794 6222
359 314 496 367 ιῖοῦ

1788 309 2217 368 EXCERPTUM

3448 314 3588 371 {303

346 446 506 499 quam
549 431 827 501 negarint;
876 433 970 487 sed
1021 433 1322 499 Ebiouaaos,
1365 434 1751 500 Artemonitas,
1804 435 1905 490 Sa-
1934 438 1981 492 Α
2010 429 2219 485 Seleuc.
2240 429 2490 495 recitata,
2506 428 2619 483 haec
2637 428 2690 482 in
2710 428 2988 484 liuehabet
3012 427 3155 501 :(Hl)
3171 430 3589 499 Τοὺςδὲλέγον-

348 520 774 586 mosatenianos,
820 530 875 576 et
912 521 1148 591 ejusdem
1185 533 1411 579 moneta:
1458 524 1591 580 alios
1624 525 1909 582 hareticos

347 608 568 665 feriunt.
619 611 726 667 Sed
770 622 907 679 esto,
942 613 1237 668 clausulam
1285 615 1440 668 istam
1496 625 1684 669 contra
1738 615 1908 669 solum

344 701 672 758 Arianorum
697 702 889 775 dogma
919 720 947 757 a
976 704 1223 761 Patribus
1251 706 1485 759 additam
1540 705 1704 761 fuisse
1746 705 1910 778 (quod

345 792 692 848 verissimum
743 809 862 850 esse
906 795 1093 866 puto);
1149 796 1276 866 quid
1347 798 1497 851 tum?
1531 799 1776 865 tAriani,
1824 799 1909 852 in-

351 884 466 951 quit
491 883 767 949 Petavius,
812 901 919 939 non
953 886 1256 941 docuerunt
1313 887 1509 943 Filium
1542 890 1610 942 ab
1647 890 1749 943 alia
1783 905 1911 959 per-

351 990 483 1029 sona
522 991 682 1045 quam
718 975 893 1032 Patris
931 978 1192 1046 originem
1244 980 1490 1033 traxisse.
1516 1000 1533 1033 ι
1572 980 1909 1050 Respondeo,

355 1080 526 1135 neque
566 1066 817 1122 docuisse
863 1067 1184 1121 Arianorum
1237 1071 1569 1139 quempiam,
1613 1071 1809 1127 Filium
1847 1087 1915 1129 ex

354 1158 457 1212 alia
488 1160 788 1215 substantia
814 1160 1075 1230 originem
1106 1163 1356 1229 traxisse,
1381 1164 1422 1218 si
1452 1164 1620 1234 rigide
1644 1177 1699 1220 et
1727 1178 1916 1224 exacte

354 1249 499 1319 loqui
550 1250 797 1306 velimus.
848 1252 1043 1307 Verum
1086 1263 1145 1306 ut
1179 1268 1367 1309 omnes
1412 1256 1598 1311 Ariani
1652 1268 1918 1328 negarunt

356 1340 551 1396 Filium
597 1356 629 1397 e
658 1342 958 1398 substantia
990 1342 1164 1399 Patris
1197 1358 1412 1412 natum;
1446 1348 1516 1401 ita
1548 1349 1764 1416 quidam
1803 1351 1916 1405 ullo

357 1436 516 1492 modo
541 1449 607 1491 ex
634 1436 750 1504 ipso
775 1437 952 1501 Patre,
981 1438 1094 1492 sive
1124 1452 1188 1491 ex
1219 1439 1494 1510 hypostasi
1521 1438 1696 1495 Patris
1730 1450 1915 1494 natum

358 1527 506 1582 illum
538 1525 703 1583 fuisse
727 1538 1111 1595 pernegarunt.
1143 1527 1361 1585 Scilicet
1403 1534 1517 1583 dum
1550 1531 1699 1586 fuere
1737 1532 1785 1585 in
1806 1534 1915 1600 pri-

358 1620 461 1672 mis
492 1619 945 1672 Ariomanitarum
969 1618 1169 1673 classes
1195 1636 1207 1673 :
1240 1620 1328 1673 alii
1366 1620 1669 1674 fatebantur
1697 1622 1915 1691 quidem

359 1710 551 1765 Filium
583 1727 649 1766 ex
678 1711 791 1781 ipsa
821 1710 995 1765 Patris
1026 1712 1302 1782 hypostasi
1332 1712 1584 1780 peculiari
1631 1714 1786 1766 modo
1823 1728 1920 1766 na-

363 1812 472 1855 tum
506 1779 710 1865 fuisse,‘
727 1816 829 1856 non
861 1811 920 1855 ut
948 1811 1154 1857 caetera:
1200 1814 1482 1865 creaturae,
1524 1818 1588 1857 ex
1640 1804 1806 1859 nihilo
1837 1804 1916 1857 la-
1951 1779 1996 1837 Β

361 1901 539 1955 ctum;
576 1893 670 1947 sed
714 1892 981 1961 negabant
1022 1903 1199 1947 tamen
1235 1892 1426 1946 Filium
1470 1908 1537 1947 ex
1578 1893 1754 1947 Patris
1790 1896 1919 1948 sub-

361 1983 555 2037 stantia
584 1985 949 2053 progenitum;
987 1986 1238 2040 virtutem
1276 1986 1645 2039 tantummodo
1681 1987 1920 2054 aliquam

362 2083 640 2141 paternam
686 2076 833 2128 illum
878 2090 997 2130 esse
1046 2076 1421 2129 existimantes
1452 2118 1468 2143 ,
1523 2089 1633 2130 non
1688 2086 1925 2147 paternas

361 2167 675 2220 substantiae
706 2167 1037 2237 ἀπόρροιαν
1070 2168 1159 2222 alii
1204 2184 1271 2222 ne
1313 2184 1374 2223 ex
1425 2169 1540 2237 ipso
1572 2167 1732 2223 Patre
1765 2184 1926 2239 pecu-

364 2262 480 2314 liari
527 2261 683 2317 modo
712 2265 950 2333 genitum
999 2262 1166 2319 fuisse
1213 2263 1409 2317 Filium
1458 2265 1781 2331 faterentur;
1833 2267 1925 2320 sed

362 2354 518 2420 plane
545 2368 610 2409 ex
642 2370 750 2411 non
779 2358 1160 2412 exsistentibus
1199 2356 1418 2423 factum,
1446 2366 1503 2412 ut
1530 2368 1738 2415 caetera:
1770 2375 1925 2415 crea-

365 2455 515 2509 turae,
544 2446 772 2501 rotunde
802 2447 1235 2515 pronuntiarunt.
1262 2446 1477 2504 Priores
1504 2448 1578 2503 illi
1605 2448 1927 2507 Semiariani

365 2537 491 2591 dicti
543 2536 712 2600 fuere,
744 2552 970 2606 quorum
1013 2540 1341 2594 sententiam
1372 2578 1387 2604 ,
1419 2554 1486 2594 ex
1518 2540 1756 2610 ipsorum
1801 2558 1928 2596 con-

365 2626 602 2682 kssione
627 2629 764 2697 apud
784 2628 1141 2699 Epiphanium
1172 2632 1362 2687 lizeres.
1390 2646 1591 2698 Lxxm,
1627 2648 1772 2686 num.
1804 2633 1842 2688 2
1876 2642 1929 2688 et

364 2736 543 2790 seqq,
586 2722 665 2776 sic
691 2722 876 2791 paucis
905 2724 1107 2791 optime
1140 2723 1433 2793 explicavit
1463 2724 1588 2779 alibi
1624 2726 1740 2794 ipse
1775 2723 1930 2780 Peta-

366 2814 485 2866 vius
517 2813 600 2868 his
624 2814 799 2868 verbis
827 2832 841 2868 :
875 2814 1012 2880 tibi,
1058 2815 1233 2884 inquit
1278 2815 1351 2869 De
1385 2813 1576 2869 Trinit.
1621 2816 1713 2872 lib.
1741 2833 1781 2882 ι,
1808 2832 1926 2885 cap.

367 2905 456 2971 t0,
485 2921 631 2961 num.
687 2906 753 2973 7,
796 2907 960 2961 multa
1004 2907 1271 2962 catholico
1309 2907 1541 2979 dogmati
1570 2924 1729 2978 quam
1760 2910 1926 2963 simil-

367 2998 493 3052 lima
531 2998 832 3067 proferunt.
858 2996 912 3052 lu
948 2999 1135 3067 primis
1159 2999 1297 3065 quod
1328 2998 1522 3053 Filium
1574 3008 1771 3071 negant
1800 3016 1925 3055 esse

366 3098 694 3156 creaturam,
729 3104 793 3144 eo
819 3090 961 3157 quod
989 3105 1148 3145 verus
1176 3090 1248 3145 sit
1270 3091 1440 3146 Filius
1469 3106 1487 3143 :
1516 3107 1578 3146 ac
1607 3106 1733 3146 vera
1764 3106 1919 3161 gene-
1953 3124 1995 3182 ε

368 3180 579 3235 ratione
608 3183 922 3250 productus,
968 3196 1072 3235 non
1106 3183 1311 3252 tr0pica
1342 3184 1451 3246 illa,
1483 3198 1587 3251 qua
1616 3194 1813 3239 creata;
1840 3201 1928 3240 res

368 3289 397 3323 ει
426 3272 533 3325 Deo
555 3273 749 3342 genitae
772 3272 1021 3325 dicuntur
1051 3291 1067 3327 :
1098 3274 1189 3326 sed
1218 3288 1345 3327 vere
1370 3288 1488 3327 esse
1506 3272 1743 3327 Patrem.
1761 3273 1931 3340 Quem

368 3371 425 3414 et
464 3377 530 3415 ex
580 3376 699 3416 sese
739 3363 989 3432 genuisse
1034 3362 1233 3416 Filium
1289 3364 1548 3429 fatentur,
1598 3365 1758 3435 idque
1804 3376 1931 3421 ante

371 3468 587 3508 omnem
625 3453 1029 3523 cogitationem,
1068 3462 1124 3507 et
1164 3469 1353 3509 omnes
1404 3457 1659 3523 rationes,
1696 3472 1749 3512 et
1799 3468 1933 3511 tem-

369 3559 523 3615 pora,
546 3555 600 3600 et
626 3544 841 3599 szecula.
870 3543 995 3600 Haec
1022 3555 1150 3600 sunt
1174 3547 1356 3616 specie
1383 3548 1497 3617 ipsa
1529 3547 1853 3618 plausibilia,
1881 3560 1934 3604 et

373 3637 440 3691 ad
488 3638 806 3693 catholicam
856 3640 1243 3707 professionem
1292 3655 1452 3710 quam
1500 3644 1743 3711 proxime
1782 3658 1936 3699 acce-

372 3727 527 3782 dunt.
556 3730 662 3784 Sed
685 3730 835 3785 deest
869 3739 1047 3787 tamen
1085 3733 1188 3786 hoc
1215 3731 1342 3797 illis,
1374 3733 1429 3788 in
1468 3749 1574 3803 quo
1614 3734 1735 3790 fidei
1773 3736 1937 3790 robur

370 3830 638 3889 caputque
665 3822 942 3887 consistit,
990 3825 1131 3893 quod
1174 3825 1366 3879 Filium
1407 3828 1471 3879 ὲκ
1498 3827 1596 3898 τῆς
1626 3826 1814 3890 οὐσίας
1846 3841 1938 3895 ge-

373 3912 544 3967 nitum
585 3927 614 3966 a
656 3912 817 3968 Patre
861 3928 984 3968 esse
1024 3931 1128 3969 non
1178 3917 1539 3983 confitentur,
1585 3918 1683 3972 sed
1730 3920 1794 3970 ὲκ
1840 3919 1938 3987 τῆς

373 4005 685 4076 ὁμοιότητος
747 4006 839 4059 τοῦ
898 4008 1142 4079 Πατρὸς,
1203 4025 1268 4062 ea:
1329 4011 1673 4065 similitudine
1727 4010 1937 4073 Patris;

373 4110 566 4163 nempe
589 4096 834 4167 ἐνεργείᾳ
858 4101 1171 4169 γεννητικῇ,
1220 4101 1423 4153 actione
1457 4108 1505 4154 et
1545 4100 1817 4170 efﬁcientia
1852 4116 1940 4168 ge-

376 4186 551 4241 nitali.
592 4186 866 4257 Siquidem
908 4188 1122 4243 Patrem
1158 4193 1303 4244 aiunt
1337 4192 1518 4246 varias
1565 4192 1805 4245 actiones
1838 4194 1937 4244 ha—

375 4277 525 4342 bere,
559 4293 718 4330 unam
751 4279 1029 4349 κτιστικὴν
1068 4282 1390 4347 creatricem,
1424 4282 1644 4336 alteram
1693 4298 1940 4352 γεννητι-

377 4366 479 4437 κὴν
505 4370 914 4436 generatricem,
954 4385 1073 4439 qute
1118 4372 1361 4441 producit
1407 4372 1632 4438 Filium,
1679 4382 1789 4426 tum
1838 4388 1940 4427 non

2008 542 2107 586 τας
2130 523 2185 590 ἐξ
2212 522 2311 576 οὐκ
2337 522 2506 576 ὄντων
2543 522 2635 575 τὸν
2670 521 2814 585 Υῐὺν,
2844 521 2878 591 ἢ
2910 521 2968 584 ἐξ
2996 522 3185 593 ἐτέρας
3212 523 3584 587 ὑποστάσεως,

2012 617 2106 670 καὶ
2138 616 2212 685 μὴ
2247 616 2310 667 ὲκ
2340 612 2434 666 τοῦ
2462 613 2620 676 Θεοῦ,
2645 610 2783 683 [καὶ]
2815 608 2882 681 ἦν
2910 612 3039 664 ποτὲ
3067 613 3154 665 ὅτε
3182 615 3281 665 οὐκ
3307 610 3395 682 ἦν,
3425 614 3584 667 ἀλλο-

2009 708 2191 779 τρίους
2219 702 2357 759 οἶδεν
2384 708 2417 777 ἡ
2452 704 2709 775 καθολικὴ
2726 702 3036 773 Ἐκκλησία.
3053 703 3108 756 ω
3133 714 3237 767 est,
3262 704 3398 758 (Eos
3422 719 3590 775 porro

2012 799 2104 869 qui
2136 798 2319 851 dicunt
2351 796 2545 850 Filium
2581 810 2647 850 ex
2675 811 2781 849 nou
2810 796 3213 862 exsistentibus,
3238 797 3354 851 sive
3381 811 3448 850 ex
3478 796 3592 850 alia

2012 888 2312 960 hypostasi,
2341 896 2395 941 et
2438 902 2542 941 non
2584 901 2651 941 ex
2686 886 2795 941 Deo
2824 901 2965 954 esse,
2996 896 3049 941 et
3092 887 3192 941 iuit
3227 897 3437 958 tempus
3477 904 3592 957 quo

2015 982 2250 1034 tmndutn
2296 988 2413 1033 erat
2457 977 2643 1045 Filius,
2674 977 2879 1032 alienos
2922 993 2951 1031 a
2985 993 3044 1032 se
3088 987 3275 1032 censet
3314 979 3591 1033 catholica

2014 1066 2274 1121 Ecclesia.
2304 1083 2323 1115 ι
2358 1065 2553 1118 Eadem
2579 1065 2737 1134 plane
2762 1063 3016 1119 exhibent
3042 1062 3327 1121 Confessio
3351 1081 3450 1136 per
3474 1066 3591 1120 Eu-

2019 1155 2260 1221 doxium,
2291 1153 2632 1224 Martyrium,
2680 1164 2735 1209 et
2773 1155 2909 1209 alios
2946 1156 3003 1208 in
3048 1154 3252 1209 Italiam
3302 1158 3493 1224 missa,
3536 1166 3595 1211 et

2016 1246 2300 1301 Confessio
2328 1246 2665 1311 Sirmiensis,
2692 1262 2809 1315 qua:
2834 1250 2971 1319 apud
3003 1248 3360 1302 Athanasium
3389 1249 3592 1303 ibidem

2017 1349 2343 1407 sequuntur.
2395 1340 2554 1394 Vides
2600 1349 2777 1394 autem
2811 1340 2917 1405 hic,
2946 1341 3179 1396 Arianos
3216 1340 3335 1396 illos
3362 1355 3598 1408 negaSse

2016 1428 2235 1491 Filium,
2282 1443 2350 1483 ex
2381 1430 2548 1484 nihilo
2595 1441 2862 1495 creatum,
2910 1432 3025 1486 sive
3059 1432 3293 1497 factum;
3329 1443 3384 1485 et
3418 1432 3598 1485 fassus

2020 1516 2184 1571 fuisse
2200 1516 2397 1571 Filium
2416 1516 2475 1585 ἐξ
2500 1518 2848 1582 ὑποστάσεως
2874 1538 2893 1570 c
2920 1536 2986 1574 ex
3010 1521 3283 1588 bypostasi
3305 1540 3325 1572 ι
3363 1521 3457 1575 Dei
3490 1520 3599 1573 Pa-

2023 1612 2140 1676 tris,
2164 1609 2277 1664 sive
2303 1624 2370 1663 es
2402 1610 2518 1677 ipso
2562 1611 2671 1665 Deo
2705 1623 2886 1665 natum
2918 1629 2932 1665 :
2961 1628 3082 1667 cum
3124 1623 3301 1668 tamen
3345 1615 3600 1669 certissi-

2022 1717 2165 1753 tuum
2198 1702 2268 1755 sit
2310 1704 2528 1756 eosdem
2575 1704 2857 1759 haereticos
2899 1720 3174 1774 nunquam
3219 1706 3420 1771 fassus,
3464 1722 3603 1761 nun-

2024 1806 2183 1857 quam
2207 1790 2447 1847 fassuros
2472 1793 2635 1849 fuisse
2660 1794 2850 1849 Filium
2866 1795 2924 1862 ἐξ
2939 1797 3124 1860 οὐσίας
3145 1815 3162 1847 ι
3185 1814 3214 1853 e
3238 1799 3545 1852 substantia
3570 1817 3596 1850 ι

2023 1880 2201 1936 Patris
2226 1887 2587 1953 progenitum.
2616 1885 2779 1940 llecte
2803 1888 2981 1957 itaque
3004 1900 3170 1958 atque
3194 1891 3404 1944 erudite
3436 1906 3603 1945 voces

2024 1975 2317 2038 ὑπόστασις
2340 1987 2394 2030 et
2416 1976 2573 2031 οὐσία
2609 1978 2661 2031 in
2689 1978 2942 2048 Symbolo
2974 1980 3191 2035 Nicaeno
3215 1983 3466 2036 distinxit
3492 1982 3601 2035 Ba-

2023 2065 2221 2119 silius:
2252 2074 2457 2120 temere
2505 2082 2633 2121 vero
2682 2084 2924 2138 prorsus,
2978 2071 3410 2125 observationem
3448 2072 3598 2125 illam

2025 2156 2204 2225 magni
2237 2157 2478 2211 doctoris
2506 2159 2712 2226 carpsit
2742 2156 2945 2213 Jesuita
2974 2161 3248 2215 Petavius.
3284 2161 3439 2226 Quod
3468 2176 3605 2215 vero

2025 2246 2089 2298 ad
2122 2245 2305 2300 Basilii
2336 2248 2622 2312 rationem,
2647 2264 2861 2316 nempe,
2894 2249 3083 2305 Patres
3116 2250 3361 2306 Nicaanos
3402 2253 3455 2306 in
3487 2264 3600 2307 tam

2025 2338 2171 2393 brevi
2213 2338 2486 2408 Symbolo,
2519 2343 2652 2395 duas
2690 2342 2820 2395 istas
2864 2358 3024 2398 voces
3049 2344 3207 2398 simul
3245 2345 3600 2399 adhibiturus

2025 2446 2131 2484 non
2178 2432 2363 2498 fuisse,
2403 2435 2449 2489 si
2498 2435 2685 2488 eadem
2732 2444 2873 2491 esset
2924 2437 3203 2492 ambarum
3240 2438 3603 2509 significatio,

2025 2526 2602 2592 respondetPetavius;
2630 2528 2679 2581 id
2703 2527 2861 2583 facile
2886 2529 3165 2584 refellitur.
3201 2548 3219 2581 ι
3268 2530 3347 2593 Si,
3396 2530 3603 2599 inquit,

2025 2611 2210 2668 Basilii
2248 2616 2351 2669 ista
2410 2618 2550 2671 ratio
2603 2619 2827 2683 valeret,
2874 2633 2940 2673 ne
2981 2620 3111 2673 illud
3144 2620 3361 2688 quidem
3412 2632 3604 2688 repre-

2028 2708 2305 2763 hensionis
2355 2720 2553 2777 expers
2593 2708 2754 2775 foret,
2802 2712 2943 2781 quod
2986 2712 3037 2765 in
3076 2714 3262 2765 eodem
3314 2712 3607 2782 Symbolo,

2026 2814 2147 2852 cum
2174 2798 2363 2854 Patres
2392 2801 2677 2867 dixissent,
2712 2803 2969 2857 damnare
3011 2819 3070 2857 se
3117 2803 3254 2867 illos,
3286 2804 3381 2872 qui
3430 2803 3611 2857 fuisse

2028 2890 2318 2957 aliquando
2347 2901 2621 2959 putarent,
2651 2893 2862 2961 quando
2892 2908 2996 2947 non
3043 2902 3159 2949 erat
3187 2885 3378 2958 Filius,
3408 2895 3606 2948 statim

2028 2980 2080 3034 id
2123 2980 2439 3048 subjiciunt,
2486 2984 2627 3049 quod
2681 2984 2817 3038 idem
2868 2984 3154 3053 signiﬁcat,
3204 2994 3259 3038 et
3304 2995 3608 3055 antequam

2028 3082 2363 3138 nasceretur,
2396 3088 2501 3126 non
2546 3083 2705 3128 erat:
2734 3088 2940 3128 necnon
2994 3076 3117 3145 quia
3164 3090 3232 3128 ex
3275 3075 3438 3129 nullis
3464 3077 3605 3130 sub-

2029 3165 2297 3220 stantibus
2325 3165 2497 3221 factus
2547 3177 2649 3221 est.
2681 3185 2701 3218 ›
2736 3166 2841 3221 Sed
2887 3182 3019 3236 nego
3064 3168 3223 3221 verba
3276 3168 3362 3222 illa
3412 3180 3614 3223 iante-

2030 3271 2191 3326 quam
2223 3269 2553 3323 nasceretur,
2579 3271 2685 3312 non
2716 3268 2856 3321 erat,
2880 3276 2898 3309 ι
2949 3258 3088 3311 idem
3120 3273 3341 3325 prorsus
3388 3258 3608 3327 signiﬁ-

2031 3360 2181 3411 care,
2211 3347 2351 3415 quod
2385 3349 2587 3417 priora,
2644 3366 2665 3398 ι
2691 3350 3046 3416 eratquando
3090 3364 3197 3402 non
3237 3358 3375 3402 erat.
3403 3366 3425 3399 ι
3462 3346 3611 3401 Nam

2032 3441 2178 3508 prior
2219 3442 2484 3495 sententia
2523 3439 2645 3495 Filii
2682 3439 3014 3495 exsistentia:
3061 3440 3271 3493 initium
3316 3439 3615 3495 indefinite

2036 3531 2253 3594 tribuit;
2298 3530 2467 3584 altera
2500 3541 2751 3598 punctum
2785 3532 2979 3601 ipsum,
3008 3542 3065 3584 ut
3106 3532 3178 3585 ita
3212 3530 3408 3595 dicam,
3456 3531 3607 3585 iuitii

2035 3621 2177 3675 illius
2197 3622 2463 3690 designat.
2488 3622 2746 3691 Equidem
2769 3636 2961 3678 sensus
2991 3624 3042 3677 in
3071 3621 3248 3675 verbis
3286 3621 3616 3689 posteriori-

2035 3712 2135 3765 bus
2162 3712 2312 3778 latet,
2341 3714 2433 3781 qui
2479 3713 2642 3766 etiatn
2671 3713 2874 3767 Petavii
2913 3729 3134 3768 acumen
3180 3712 3346 3782 fugit;
3375 3710 3611 3780 quinam

2036 3818 2166 3858 vero
2197 3805 2285 3858 ille
2311 3804 2402 3869 sit,
2434 3803 2573 3858 infra
2627 3806 2975 3859 commodiori
3020 3807 3135 3859 loco
3170 3804 3287 3859 fuse
3318 3804 3615 3873 explicabi-

2039 3912 2179 3949 mus.
2232 3896 2414 3965 Neque
2459 3912 2646 3951 verum
2688 3898 2853 3951 estin
2900 3900 3080 3952 verbis
3124 3898 3615 3966 consequentibus,

2044 3989 2210 4056 iqnia
2268 4002 2334 4041 ex
2385 3988 2546 4041 nullis
2593 3988 2961 4043 substantibus
3003 3988 3176 4044 factus
3220 3998 3367 4051 est,»
3414 4003 3615 4044 rursus

2041 4078 2179 4131 idem
2216 4079 2371 4146 plane
2412 4080 2602 4148 repeti.
2630 4079 2764 4133 Nam
2793 4096 2859 4133 ex
2893 4095 3054 4147 grege
3097 4080 3423 4133 Arianorum
3451 4078 3615 4135 fuere

2041 4171 2282 4223 nonnulli
2326 4171 2467 4237 (ipso
2508 4172 2725 4225 Petavio
2748 4171 2875 4224 alibi
2904 4172 2954 4224 id
2982 4170 3226 4240 notante)
3255 4185 3389 4239 quos
3418 4182 3610 4239 postea

2040 4261 2430 4333 Psathyrianos
2454 4262 2751 4332 appellatos
2782 4261 2951 4317 fuisse
2994 4263 3182 4318 scribit
3226 4263 3280 4315 in
3327 4277 3379 4316 tv
3406 4262 3501 4317 lib.
3532 4261 3614 4315 De

2044 4357 2228 4410 hwres.
2259 4356 2651 4420 Theodoretus,
2696 4356 2786 4425 qui
2817 4365 2874 4409 ut
2904 4356 3119 4409 Patrem
3146 4354 3426 4410 exstitisse
3466 4369 3613 4408 sem-

379 4461 625 4515 eamdem
652 4463 841 4517 οὐσίαν
869 4467 921 4518 in
952 4475 1181 4534 utroque
1217 4482 1335 4522 esse
1366 4476 1631 4530 statuunt,
1662 4469 1755 4521 sed
1802 4467 1936 4521 duas
1968 4464 2014 4517 D
2045 4464 2158 4517 μετ’
2190 4448 2264 4501 ita
2305 4446 2498 4501 Filium
2526 4460 2739 4513 semper
2781 4447 2846 4499 ab
2879 4460 2944 4500 εί)
2969 4457 3211 4499 "eam"
3245 4443 3415 4497 fuisse
3461 4444 3612 4498 dice‘

377 4549 523 4605 inter
550 4566 609 4605 se
636 4554 859 4609 similes.
882 4574 899 4606 ι
930 4555 1222 4626 Utramque
1253 4557 1433 4626 itaque
1468 4557 1755 4612 factionem
1784 4558 1939 4610 Aria—

378 4655 573 4695 norum
593 4640 995 4701 feriuntPatres
1015 4646 1216 4701 Nicaani
1246 4649 1298 4701 in
1330 4649 1508 4702 verbis
1535 4648 1660 4715 illis,
1690 4648 1748 4715 ἐξ
1769 4648 1935 4720 ἄλλης

380 4731 749 4797 ὑποστάσεως,
780 4735 814 4805 ἢ
852 4737 1065 4801 οὐσίας·
1103 4753 1292 4805 nempe
1322 4748 1431 4791 tum
1457 4740 1592 4804 illos,
1626 4741 1717 4808 qui
1745 4741 1938 4795 Filium

380 4840 445 4877 ex
478 4840 705 4893 persona
744 4827 916 4883 Patris
942 4830 1055 4882 sive
1080 4843 1147 4882 ex
1180 4830 1294 4899 ipso
1324 4828 1485 4883 Patre
1519 4830 1627 4883 ullo
1652 4831 1811 4884 modo
1844 4845 1939 4883 na-

382 4927 494 4970 tum
516 4916 682 4972 fuisse
708 4921 992 4989 negabant,
1023 4932 1074 4975 et
1111 4937 1176 4975 ex
1214 4921 1378 4975 nihilo
1418 4922 1618 4976 factum
1641 4923 1895 4976 dicebant
1922 4940 1935 4975 :

381 5021 494 5065 tum
519 5009 680 5063 etiam
708 5025 822 5074 eos,
874 5012 965 5080 qui
1017 5012 1208 5067 Filium
1256 5030 1321 5067 ex
1354 5014 1467 5082 ipso
1497 5014 1653 5068 Patre
1685 5016 1939 5084 peculiari

381 5100 540 5153 modo
569 5109 749 5152 natum
795 5117 915 5154 cum
942 5102 1266 5169 faterentur;
1319 5114 1493 5157 tamen
1534 5103 1592 5169 ἐξ
1629 5104 1817 5167 οὐσίας
1854 5124 1874 5155 ι
1912 5120 1942 5158 e

381 5190 684 5279 sybstantia
723 5209 741 5241 ι
772 5190 949 5247 Patris
990 5195 1343 5264 progenitum,
1402 5208 1466 5248 ac
1516 5196 1740 5263 proinde
1792 5195 1940 5249 Patri

382 5274 663 5353 ὁξιοούσιον
694 5274 1073 5354 periiegabant.
1119 5284 1188 5339 Ut
1234 5301 1344 5338 rem
1388 5297 1538 5339 extra
1568 5302 1780 5340 omnem
1816 5303 1944 5341 con-

385 5375 659 5427 troversia:
702 5375 877 5430 aleam
926 5393 1143 5445 ponam,
1185 5376 1451 5433 confessio
1481 5379 1803 5432 Arianorum
1850 5393 1946 5446 per

384 5464 594 5530 Marini,
640 5467 977 5522 Theodorum
1012 5482 1065 5523 et
1106 5469 1340 5524 Marcum
1383 5470 1665 5524 Constanti
1720 5470 1946 5537 impera-

389 5561 488 5612 tori
520 5562 715 5627 oblata,
742 5564 809 5617 ab
853 5564 1150 5619 Athanasio
1196 5564 1291 5618 lib.
1344 5563 1417 5617 De
1458 5565 1657 5634 synodo
1683 5566 1847 5618 Arim.
1896 5575 1943 5617 et

458 5676 566 5743 (50)
588 5678 721 5747 Yide
754 5679 1012 5733 Athanas.
1040 5690 1167 5733 tom.
1195 5680 1234 5745 l,
1270 5697 1323 5747 p.
1352 5680 1470 5734 895.

2041 4550 2161 4593 rent
2189 4557 2204 4592 :
2233 4537 2364 4591 nihil
2407 4538 2549 4591 enim
2602 4538 2743 4607 apud
2783 4535 2946 4590 Deum
2998 4536 3142 4589 aliud
3184 4548 3305 4589 esse
3345 4535 3609 4603 gignere,

2042 4649 2201 4702 quam
2230 4646 2434 4686 creare.
2463 4629 2555 4683 lsti
2585 4644 2689 4685 non
2715 4630 2965 4683 dixerunt
2986 4627 3153 4682 fuisse
3192 4627 3415 4696 quando
3440 4626 3611 4681 Filius

2041 4741 2145 4778 non
2192 4735 2307 4778 erat
2340 4743 2353 4777 ;
2383 4723 2632 4777 dixerunt
2658 4730 2836 4775 tamen
2859 4721 3051 4774 Filium
3090 4734 3153 4774 ex
3196 4734 3303 4774 non
3331 4720 3608 4775 exsisten-

2040 4816 2183 4869 tibus
2206 4815 2425 4868 factum.

2115 4928 2381 4991 Caeterum
2416 4930 2577 4983 etiam
2611 4928 2856 4984 Gelasius
2885 4928 3182 4999 Cyzicenus
3215 4928 3268 4982 in
3296 4928 3436 4982 actis
3479 4941 3608 4982 eou-

2046 5020 2156 5075 cilii
2191 5019 2392 5074 Nisa-ni
2423 5031 2562 5091 part.
2607 5038 2667 5085 ιι,
2696 5037 2817 5091 cap.
2850 5021 2916 5075 12
2942 5038 3006 5075 ex
3037 5022 3198 5074 totius
3228 5019 3424 5090 synodi
3464 5034 3612 5073 man-

2048 5114 2172 5164 dato
2206 5128 2268 5165 ac
2313 5112 2530 5167 decreto
2576 5116 2983 5183 respondentem
3033 5111 3251 5165 ilosium
3285 5111 3513 5174 inducit,
3548 5124 3609 5162 ac

2048 5202 2249 5272 Τριάδα
2297 5205 2643 5256 ὑποστάσεων
2692 5204 3069 5274 praedicantem
3100 5220 3114 5255 :
3144 5202 3288 5271 quod
3334 5213 3389 5255 et
3434 5211 3611 5270 postea

2051 5310 2142 5362 per
2179 5296 2461 5350 Leontium
2513 5299 2823 5368 episcOpum
2880 5298 3066 5351 Patres
3106 5295 3436 5364 profitentur
3482 5295 3605 5347 ibid.

2051 5403 2167 5455 cap.
2204 5388 2292 5440 9.1.
2329 5387 2464 5443 [line
2480 5390 2798 5445 Anastasius
2831 5389 3037 5443 Sinaita
3069 5390 3120 5442 in
3154 5386 3357 5456 Ὀδῆγ.
3385 5384 3607 5455 cap.2l,

2050 5480 2267 5544 Scripsit
2283 5479 2527 5535 Nicaanos
2558 5482 2746 5537 Patres
2769 5481 3041 5536 definiisse
3058 5481 3205 5551 τρεῖς
3221 5473 3607 5531 εἷναιὺποστά-

2050 5583 2181 5630 σεις.
2207 5570 2324 5637 ἦτοι
2350 5572 2612 5641 πρόσωπα
2640 5572 2731 5625 ἐπὶ
2768 5571 2863 5642 τῆς
2890 5570 3049 5641 ἁγίας
3076 5570 3169 5625 καὶ
3193 5567 3481 5639 ὁμοουσίου
3498 5564 3607 5637 (51)
3672 5587 3676 5590 ~

462 5748 573 5809 (31)
611 5746 823 5816 Bullus,
854 5750 929 5802 De
955 5749 1081 5802 Filii
1113 5749 1188 5816 τῷ
1225 5746 1531 5818 σὺνιιῖδίῳ,
1564 5767 1681 5818 cap.
1710 5750 1943 5818 2,1num.
1968 5752 2001 5806 9.
2025 5758 2077 5807 et
2100 5766 2249 5818 seqq.
