3838 6222
190 329 333 386 Ιόἱῗΰ

1208 324 1300 379 EX
1340 324 1403 379 G.
1442 324 1641 378 BULLI
1680 324 1832 380 DEF.
1876 324 2052 378 FIDEI
2088 324 2414 381 ΝΙΕᾸΞΝᾸΞ.

3283 320 3416 375 1506

186 445 439 519 Τριάδος,
474 444 526 498 id
549 452 652 509 est,
692 462 710 496 ι
734 441 871 496 Tres
906 455 1026 496 esse
1051 442 1390 512 bypostases.
1428 443 1541 495 sive
1575 457 1757 503 perso-
1787 450 1830 504 Α
1860 440 2036 494 cabali
2070 456 2224 494 nsum
2267 447 2323 494 et
2365 437 2813 506 significationem
2848 438 3207 491 retinuerunt.
3246 435 3420 501 Quem

185 552 289 593 nas
314 537 365 591 in
401 544 585 591 sancta
621 542 674 587 et
704 532 1141 588 consubstantiali
1174 532 1463 584 Trinitate.
1486 551 1505 581 ι
1551 531 1749 584 Horum

184 624 564 680 auctoritatem
600 624 926 691 contempsit
977 621 1251 685 Petavius,
1307 622 1374 675 iis
1428 623 1635 676 scilicet
1664 639 1754 676 ar-

185 717 459 789 gumentis
491 715 681 779 fretus,
720 714 913 782 quibus
947 729 1005 767 se
1031 713 1213 767 Basilii
1247 714 1570 767 sententiam
1608 713 1755 768 refu-

187 817 334 862 tasse
368 807 563 863 frustra
593 806 871 876 gloriatur.
909 805 1066 859 Certe
1110 805 1372 859 Eusebius
1404 805 1753 860 Caesariensis

184 899 303 973 (qui
332 900 538 969 synodo
570 898 798 952 Nicmaae
829 897 1092 961 interfuit,
1130 912 1343 965 quoque
1377 912 1532 951 nemo
1562 899 1754 952 melius

182 993 469 1063 antiquum
508 990 657 1044 vocis
703 989 1051 1051 ὑποστάσεως
1098 989 1148 1040 in
1198 987 1431 1042 Ecclesia
1471 1004 1625 1041 usum
1666 989 1754 1043 in-

183 1084 413 1155 tellexit)
439 1084 489 1138 in
518 1083 714 1137 litteris
755 1085 868 1135 suis
899 1083 965 1136 ad
998 1082 1332 1136 Eustatltium
1360 1080 1751 1134 Antiochenam

181 1176 475 1248 (referente
500 1176 722 1230 Socrate
750 1173 955 1232 Ercles.
988 1175 1113 1229 hist.
1143 1175 1235 1230 lib.
1270 1191 1309 1237 I.
1346 1190 1465 1242 cap.
1500 1174 1591 1243 23)
1623 1190 1754 1227 con-

178 1271 357 1324 fessus
387 1278 466 1323 est
496 1268 852 1322 ὲνυπόστατόν
903 1284 961 1319 τε
999 1267 1094 1319 καὶ
1120 1266 1486 1337 ἐνυπάρχοντα
1516 1267 1603 1319 τὸν
1626 1266 1752 1319 rem

176 1358 320 1416 εἶναι
350 1361 445 1414 τοῦ
488 1360 643 1421 Θεοῦ,
673 1360 768 1414 ἕνα
812 1376 871 1412 τε
923 1359 1054 1411 Θεὸν
1097 1361 1154 1411 ὲν
1189 1361 1367 1430 τρισὶν
1395 1360 1751 1412 ὑποστάσεσιν

176 1451 340 1517 εἶναι,
377 1454 552 1518 idest,
584 1471 601 1504 ι
626 1452 818 1506 Filium
858 1451 950 1505 Dei
988 1452 1256 1518 propriam
1309 1450 1639 1520 liypostasim
1699 1460 1751 1503 et

174 1544 582 1598 Subsistentiam
621 1542 843 1605 habere,
888 1540 1167 1608 Deumque
1210 1540 1261 1592 in
1298 1540 1468 1593 tribus
1499 1539 1751 1610 hyposta-

175 1634 330 1688 sibus
358 1650 520 1687 nnum
554 1647 695 1687 esse.
722 1651 740 1683 ι
772 1634 946 1696 Atque
980 1632 1083 1685 hoc
1115 1645 1276 1684 sensu
1312 1630 1428 1683 sine
1454 1628 1751 1683 oflensione

175 1726 425 1795 usurpari
463 1734 860 1794 perseverasset
884 1723 965 1792 (ut
994 1723 1253 1791 arbitror)
1283 1738 1385 1776 vox
1429 1724 1745 1786 ὑπόστασις.

1854 548 2007 584 nsum
2038 547 2133 585 sua
2176 530 2389 584 tandem
2419 530 2744 585 auctoritate
2766 528 3111 583 continuavit
3134 528 3420 581 concilium

1852 621 2498 689 Constantinopolitanum
2524 623 2753 688 primum
2785 621 2836 672 in
2873 621 3033 686 epist.
3062 618 3252 689 synod.
3283 619 3422 687 apud

1855 713 2247 769 Tbeodoretum
2287 713 2484 767 Ercles.
2517 714 2642 766 hist.
2671 714 2765 767 lib.
2802 727 2853 776 ν,
2881 712 3015 778 lcap.
3054 712 3108 765 9.
3153 710 3419 764 Cancrum

1851 806 2035 859 Ariani
2065 805 2277 859 tandem
2316 804 2477 858 etiam
2508 819 2690 857 vocem
2728 802 3096 865 ὑποστάσεως,
3144 818 3247 853 una
3294 816 3415 853 cum

1851 898 2036 961 οὐσίας
2081 896 2356 958 vocabulo,
2389 911 2419 949 e
2462 895 2718 964 symbolis
2763 894 2875 949 suis
2916 893 3268 960 abjiciendam
3315 892 3417 945 de-

1852 1006 2091 1046 crevere.
2124 991 2259 1042 Nam
2289 990 2340 1043 in
2365 989 2701 1042 confessione
2724 984 3187 1054 Constantinopoli
3207 984 3410 1051 scripta

1852 1081 1920 1135 ab
1946 1082 2160 1144 Acacio,
2192 1080 2430 1134 Eudoxio
2453 1079 2700 1146 a‘liisque,
2726 1075 2814 1143 qui
2840 1073 3202 1128 Seleuciensis
3224 1070 3417 1141 synodi

1851 1176 2068 1228 decreto
2129 1172 2395 1237 damnati,
2459 1172 2524 1223 ad
2593 1171 2965 1237 imperatorem
3020 1166 3418 1235 confugerunt,

1850 1282 2016 1335 prope
2047 1267 2201 1318 linem
2230 1266 2307 1317 sic
2323 1263 2582 1317 definiunt
2601 1281 2613 1314 :
2632 1260 2741 1332 (53)
2762 1261 2833 1313 Τὸ
2849 1260 2903 1313 δὲ
2924 1258 3203 1330 δνοματῆς
3215 1256 3439 1323 οὐσίας,

1850 1361 1986 1431 ὅπερ
2014 1358 2375 1428 ἁπλούστερον
2410 1358 2517 1410 ἀπὸ
2545 1358 2653 1409 τῶν
2686 1356 2939 1427 Πατέρων
2977 1354 3155 1423 ἐτέθη,
3190 1350 3417 1421 ἀγνοού-

1854 1469 2014 1521 μενον
2034 1450 2092 1504 se
2120 1452 2231 1513 τοῖς
2264 1450 2431 1512 λαοῖς,
2466 1448 2758 1502 σκάνδαλον
2793 1447 2975 1517 ἔφερε,
3020 1444 3153 1498 διότι
3187 1442 3318 1513 μηδὲ
3362 1442 3420 1495 αἱ

1849 1543 2062 1614 Γραφαὶ
2080 1543 2235 1596 τοῦτο
2248 1542 2606 1613 περιέχουσιν,
2621 1541 2782 1612 ἤρεσε
2804 1557 2870 1591 πε
2880 1535 3426 1610 ριαιρεθῆναι.--Καὶ

1848 1636 1957 1708 γ’ὰρ
1988 1636 2109 1689 οὐδὲ
2140 1636 2341 1705 ὀφείλει
2382 1635 2676 1696 ὑπόστασις
2718 1633 2845 1703 περὶ
2894 1632 3108 1702 Πατρὸς
3141 1630 3233 1683 καὶ
3261 1630 3417 1693 Υἱού,

1849 1732 1941 1783 καλ¹
1969 1728 2124 1797 ἁγίου
2150 1727 2461 1798 Πνεὺματος
2491 1724 2872 1797 όνομάζεσὺαισ
2901 1725 3084 1795 ὅμοιον
3107 1724 3163 1777 δὲ
3192 1723 3424 1792 λέγομεν

175 1819 282 1872 nisi
330 1818 511 1871 Ariani
544 1817 715 1885 ipsam
759 1815 908 1868 abusi
959 1814 1187 1867 fuissent
1234 1813 1297 1866 ad
1346 1814 1742 1882 propagandam

1852 1821 1921 1889 τῷ
1952 1820 2127 1891 Πατρλ⁸
2156 1819 2249 1872 τὸν
2283 1818 2432 1871 Υἱόν.
2466 1817 2518 1871 Id
2562 1826 2665 1879 est,
2701 1835 2720 1868 ι
2753 1816 2955 1870 Nomen
2985 1831 3145 1884 porro
3173 1814 3426 1867 substan-

173 1909 426 1964 bairesim
475 1924 651 1973 suam,
687 1922 783 1976 pro
824 1917 1015 1960 natura
1052 1921 1116 1959 ac
1168 1906 1467 1959 substantia
1500 1905 1551 1957 in
1585 1918 1748 1973 gene-

173 2001 364 2055 raliori
399 1999 793 2065 significatione
826 1999 1174 2067 accipientes.
1228 2012 1292 2052 ac
1341 1998 1595 2050 docentes
1640 1995 1745 2049 Pa-

176 2103 317 2148 trem
354 2102 411 2146 et
441 2091 633 2146 Filium
677 2092 806 2144 duas
839 2107 959 2145 esse
1005 2092 1342 2162 hypostases,
1375 2091 1478 2143 hoc
1513 2099 1614 2154 est,
1648 2105 1745 2141 na-

175 2193 328 2237 turas
366 2198 430 2237 ac
462 2183 789 2237 substantias
824 2183 1087 2248 diversas,
1120 2197 1149 2235 a
1182 2197 1241 2236 se
1283 2182 1513 2235 invicem
1547 2181 1749 2234 discre-

171 2285 391 2344 pantes.
419 2275 692 2331 Adversus
725 2276 824 2330 hos
851 2275 994 2329 enim
1030 2275 1281 2329 catholici
1311 2276 1560 2329 doctores
1601 2273 1747 2327 aliiv-

172 2375 399 2421 marunt
430 2366 481 2419 in
514 2364 745 2419 concilio
779 2364 1111 2429 Sardiccnsi,
1157 2362 1332 2416 Patris
1360 2371 1415 2415 et
1456 2362 1576 2416 Filii
1619 2362 1748 2430 μίαν

171 2472 297 2511 esse
329 2456 647 2511 ὑπόστασιν.
676 2456 842 2525 Digna
867 2467 1014 2520 sunt,
1041 2471 1158 2522 qua:
1188 2472 1216 2509 a
1243 2457 1401 2509 nobis
1426 2455 1511 2509 hic
1544 2454 1750 2508 descri-

171 2549 375 2602 bantur
402 2547 618 2602 Patrum
665 2548 1064 2603 Sardicensium
1098 2548 1255 2600 verba
1291 2548 1392 2601 hac
1432 2547 1499 2601 de
1531 2560 1589 2599 re
1635 2545 1749 2617 (5‘2)

173 2638 230 2692 in
261 2638 485 2708 epistola
518 2654 612 2694 sua
650 2639 905 2709 synodica
936 2640 1071 2707 apud
1104 2638 1501 2692 Theodoretum
1547 2638 1745 2692 Eccles.

174 2730 322 2783 "ist.
354 2730 443 2783 lib.
476 2746 532 2791 tt.
569 2746 689 2798 cap.
722 2730 793 2784 8:
825 2730 898 2782 Τὸ
923 2730 1028 2782 τῶν
1062 2728 1350 2799 αἱρετικῶν
1378 2727 1627 2799 σύστημα
1659 2746 1749 2796 φι-

171 2823 397 2883 λονικεϊ,
432 2823 721 2893 διαφόρους
756 2818 893 2875 εἶναι
918 2823 1016 2886 τὰς
1062 2821 1387 2884 ὑποστάσεις
1418 2820 1508 2874 τοῦ
1539 2820 1752 2891 Πατρδς

172 2916 270 2968 καὶ
298 2914 393 2968 τοῦ
440 2915 567 2967 Υἱοῦ
609 2916 701 2968 καὶ
748 2914 842 2968 τοῦ
895 2915 1050 2982 ἁγίου
1090 2912 1426 2982 Πνεὺματος,
1475 2914 1569 2965 καὶ
1614 2908 1750 2965 εἶναι

173 3006 616 3076 κεχωρισμένας·
662 3008 823 3077 ἡμεῖς
868 3005 925 3059 δὲ
965 3005 1166 3077 ταύτην
1213 3004 1624 3075 παρειλήφαμεν
1657 3002 1751 3056 καὶ

171 3096 549 3167 δεδιδάγμεθα,
589 3096 683 3150 καὶ
728 3096 931 3167 ταύτην
972 3097 1165 3167 ἔχομεν
1209 3096 1305 3167 τὴν
1335 3095 1626 3167 καθολικὴν
1658 3095 1753 3149 κει.)⁵

172 3187 535 3258 ἀποστολικὴν
584 3187 878 3258 παράδοσιν
928 3188 1021 3240 καὶ
1072 3188 1257 3240 πίστιν
1300 3189 1393 3240 καὶ
1442 3186 1751 3257 ὁμολογίαν,

175 3279 306 3349 μίαν
339 3274 476 3332 εἶναι
529 3279 845 3341 ὑπόστασιν,
877 3279 942 3349 ἦν
989 3279 1141 3333 αὑτολ⁴
1183 3281 1232 3333 οἱ
1277 3279 1540 3350 αἱρετικοὶ
1565 3278 1752 3332 οὐσίαν

172 3370 658 3443 προσαγορεύουσι,
672 3370 764 3424 τοῦ
782 3372 993 3442 Πατρὸς
1004 3372 1097 3426 καὶ
1118 3372 1209 3425 τοῦ
1223 3371 1354 3425 Υἱοῦ
1371 3371 1464 3424 καὶ
1477 3370 1572 3424 τοῦ
1594 3370 1751 3438 ἁγίου

172 3464 513 3536 Πνεύματος.
545 3463 597 3518 Id
624 3472 725 3527 est,
749 3482 767 3515 ι
796 3464 1179 3518 Ιηιαξτθιίοοιιιιιη
1217 3463 1378 3517 factio
1404 3462 1754 3531 pertinaciter

171 3562 468 3619 asseverat,
497 3553 671 3607 Patris
704 3568 767 3605 ac
798 3551 918 3606 Filii
961 3562 1013 3605 et
1042 3552 1275 3621 Spiritus
1301 3552 1472 3606 sancti
1504 3551 1750 3605 diversas

171 3657 296 3695 esse
319 3642 661 3713 hypostases,
699 3655 729 3695 a
764 3656 825 3696 se
857 3642 1085 3696 invicem
1142 3649 1439 3708 separatas.
1466 3639 1576 3694 Nos
1616 3654 1743 3694 vero

173 3734 319 3789 banc
356 3748 386 3787 a
417 3734 711 3803 majoribus
741 3733 1048 3801 accepimus
1082 3749 1144 3787 ac
1176 3733 1483 3797 didicimus,
1520 3741 1575 3786 et
1609 3733 1751 3787 hanc

174 3837 422 3883 tenemus
468 3828 789 3882 catholicam
830 3836 993 3897 atque
1025 3826 1370 3895 apostolicam
1407 3825 1748 3879 traditionem

172 3930 230 3975 et
265 3921 421 3973 iidem
464 3935 528 3974 ac
578 3921 984 3989 professionem,
1028 3934 1189 3972 unam
1226 3931 1346 3971 esse
1389 3916 1742 3987 hypostasim,

172 4025 335 4077 quam
367 4011 465 4080 ipsi
499 4010 737 4064 haretici
768 4008 1127 4064 substantiam
1157 4006 1451 4077 appellant,
1484 4006 1657 4060 Patris
1686 4021 1749 4059 ac

171 4102 299 4158 Filii
330 4112 383 4157 et
415 4102 652 4173 Spiritus
678 4103 875 4157 sancti.
900 4121 917 4153 ι
958 4099 1056 4154 llic
1084 4100 1272 4154 Patres
1301 4100 1503 4154 diserte
1530 4112 1748 4152 monent

172 4193 484 4254 sepatrem.
505 4193 699 4248 Filium
724 4204 774 4247 et
797 4192 1055 4259 Spiritum
1079 4201 1323 4246 sanctum
1358 4190 1486 4262 μίαν
1508 4190 1746 4243 ὑπόστα-

176 4303 264 4339 σιν
309 4286 507 4341 dixisse
551 4301 616 4340 eo
653 4295 857 4339 tantum
903 4300 1087 4351 sensu,
1122 4298 1229 4352 quo
1273 4283 1512 4338 haeretici
1560 4297 1745 4337 vocem

174 4378 471 4431 ὑπόστασιν
503 4394 600 4446 pro
619 4378 776 4449 οὐσίᾳ
806 4386 1129 4445 acceperunt
1153 4394 1167 4429 :
1194 4375 1559 4445 significantes
1585 4374 1745 4427 nimi-

174 4487 296 4525 rum
338 4486 396 4524 se
436 4469 595 4524 alium
628 4470 744 4538 ejus
781 4469 1025 4523 vocabuli
1076 4482 1314 4528 sensum,
1367 4467 1507 4535 apud
1537 4478 1746 4521 veteres

174 4561 433 4617 Ecclesia:
481 4562 729 4615 doctores
777 4560 1071 4615 catholicos
1116 4570 1390 4629 receptum
1450 4559 1671 4629 (quippe
1715 4573 1745 4612 a

175 4654 371 4723 quibus
397 4662 714 4721 usurpatum
744 4651 908 4705 fuerit
929 4667 1024 4720 pro
1052 4665 1282 4720 persona
1308 4650 1423 4704 sive
1444 4649 1745 4704 subsisten-

177 4746 276 4814 tia)
339 4760 445 4799 non
490 4745 785 4811 ignorasse,
837 4759 1067 4812 eumque
1114 4741 1358 4797 iubentes
1403 4741 1746 4810 amplexuros

176 4835 366 4901 fuisse,
398 4850 463 4890 ac
490 4835 748 4900 fassuros,
782 4834 934 4901 juxta
984 4835 1140 4888 istam
1176 4834 1324 4888 vocis
1352 4833 1743 4900 acceptionem,

178 4938 293 4982 tres
319 4942 440 4982 esse
472 4928 523 4981 in
567 4927 845 4981 divinitate
887 4940 1150 4995 personas
1184 4926 1298 4980 sive
1340 4925 1742 4980 subsistentias.

179 5021 317 5075 Hinc
355 5029 533 5074 tamen
570 5030 754 5073 natum
787 5017 951 5072 fuisse
993 5026 1206 5071 constat
1240 5017 1391 5071 triste
1423 5016 1549 5070 illud
1583 5017 1748 5071 disci-

178 5115 347 5177 dium,
372 5113 515 5180 quod
544 5110 886 5180 postmodum
912 5109 1149 5164 Orientis
1172 5109 1412 5177 adeoque
1436 5107 1744 5164 Occidentis

178 5205 452 5259 Ecclesias
482 5204 737 5263 turbavit,
777 5204 843 5256 de
879 5217 981 5255 una
1016 5201 1130 5256 sive
1169 5202 1336 5255 tribus
1366 5200 1746 5271 hypostasibus

180 5298 376 5351 divinis
412 5317 424 5351 :
458 5297 581 5351 dum
637 5296 844 5349 scilicet
902 5295 992 5347 alii
1047 5309 1166 5347 cum
1218 5293 1467 5347 Patribus
1522 5294 1737 5347 concilii

180 5388 514 5443 Sardicensis
564 5387 711 5455 loqui
755 5397 1033 5448 amarunt;
1080 5386 1170 5439 alii
1228 5401 1353 5440 vero
1394 5395 1629 5440 veterem
1652 5400 1747 5438 vo-

248 5590 359 5661 {59.)
388 5589 453 5645 In
476 5588 697 5657 epistola
723 5604 821 5661 sua
862 5588 1117 5661 synodico
1144 5589 1286 5661 apud
1321 5586 1720 5661 Theodoretum.

180 5656 282 5713 Seu
320 5656 571 5727 potiusin
600 5656 907 5728 Appendice
950 5659 1015 5709 ad
1039 5658 1315 5725 epistolam
1340 5672 1368 5709 a
1403 5656 1724 5723 quibusdam

182 5731 410 5797 adjecta.
432 5727 933 5798 reliquisépiscopis
960 5728 1392 5780 reclamantibus.
1416 5728 1545 5798 Vide
1567 5727 1730 5798 Allia-

182 5796 297 5857 ωε.
323 5804 481 5872 epist.
509 5796 762 5873 synodica
790 5801 853 5856 ad
873 5800 1263 5856 Antiochonses
1288 5814 1407 5869 pag.
1435 5796 1555 5862 37b,
1596 5796 1706 5852 edit

1854 1913 1960 1971 tiae.
1989 1911 2129 1979 quod
2159 1910 2455 1978 simplicius
2479 1924 2509 1961 a
2544 1906 2791 1963 Patribus
2816 1906 3040 1966 editum,
3073 1913 3127 1957 et
3170 1905 3422 1974 ignotum

1851 2004 2082 2074 populis,
2115 2000 2426 2057 scandalum
2474 1999 2661 2060 aﬂ‘ert;
2708 1996 2966 2066 quoniam
2994 1995 3043 2048 in
3089 1991 3426 2048 sacrislitte-

1854 2099 1927 2151 ris
1973 2112 2079 2149 non
2128 2095 2455 2156 continetur,
2502 2092 2705 2161 placuit
2746 2091 2812 2145 de
2856 2089 3034 2143 medio
3081 2083 3425 2141 tolli.—lmo

1854 2204 1921 2243 ne
1940 2188 2231 2249 ὑπόστασις
2254 2185 2466 2254 quidem
2491 2185 2555 2237 de
2575 2183 2755 2247 Patre,
2774 2182 2911 2236 Filio
2936 2191 2991 2235 et
3011 2179 3213 2247 Spiritu
3238 2185 3425 2233 sancto

1854 2278 2119 2332 nominari
2158 2277 2338 2330 debet.
2371 2273 2612 2327 Similem
2655 2282 2832 2326 autem
2873 2270 3101 2324 dicimus
3150 2267 3295 2321 Patri
3335 2266 3427 2320 Fi-

1855 2371 2005 2429 lium.
2041 2390 2059 2421 ι
2088 2378 2194 2424 etc.
2220 2365 2335 2433 Quo
2361 2365 2576 2419 decreto
2599 2363 2781 2417 Ariani
2807 2361 2880 2416 illi
2912 2362 3119 2430 priores
3153 2374 3279 2414 suas
3302 2373 3428 2413 con-

1853 2461 2137 2523 fessiones,
2178 2460 2231 2513 in
2269 2460 2465 2527 quibus
2506 2457 2780 2518 dixerant,
2815 2452 3012 2509 Filium
3052 2451 3261 2505 etiamsi
3305 2465 3411 2503 non

1851 2558 1911 2623 ἐξ
1932 2559 2139 2621 οὐσίας,
2166 2566 2342 2610 tamen
2369 2553 2427 2619 ἐξ
2460 2552 2809 2616 ὑποστάσεως
2841 2551 2933 2606 Dei
2969 2549 3146 2604 Patris
3186 2549 3428 2619 genitum

1854 2666 1993 2714 esse,
2020 2650 2240 2703 omnino
2267 2647 2628 2703 resciderunt.

1921 2738 2289 2793 2°Przemissa
2344 2739 2446 2791 bac
2495 2734 2782 2789 admodum
2836 2733 3063 2802 prolixa,
3112 2747 3287 2801 neque
3335 2740 3421 2784 ta-

1852 2848 1973 2888 men
2017 2832 2134 2885 utili
2173 2831 2369 2895 minus,
2393 2829 2785 2883 dissertatione
2826 2826 3060 2897 generali
3090 2825 3159 2879 de
3185 2824 3419 2893 lautiquo

1852 2940 1950 2978 usu
1988 2921 2355 2978 ecclesiastico
2403 2936 2593 2976 vocum
2639 2919 2798 2973 οὐσία
2831 2928 2887 2971 et
2928 2917 3227 2980 ὑπόστασις
3254 2932 3267 2944 ·
3295 2926 3415 2969 tan-

1854 3016 1975 3070 dem
2015 3016 2082 3069 ad
2120 3014 2410 3083 Origenem
2476 3011 2657 3065 redeo.
2704 3009 2925 3064 Certum
2973 3019 3056 3062 est
3105 3007 3424 3062 vocabulum

1854 3110 2150 3172 ὑπόστασις
2184 3107 2324 3177 apud
2354 3107 2528 3174 ipsum
2561 3104 2642 3159 vel
2674 3119 2776 3174 pro
2806 3103 3155 3158 subsistentia
3197 3102 3279 3157 vel
3329 3116 3426 3170 pro

1854 3217 1911 3258 re
1939 3199 2201 3270 singulari
2252 3207 2307 3254 et
2362 3197 2662 3255 individua.
2707 3211 2803 3265 per
2829 3210 2890 3251 se
2922 3194 3268 3259 subsistente,
3308 3208 3427 3262 qua:

1854 3296 1909 3351 in
1942 3296 2006 3350 iis
2029 3311 2147 3365 qua:
2177 3290 2455 3348 intellectu
2485 3289 2709 3359 praedita
2739 3298 2887 3353 sunt,
2911 3287 3054 3341 idem
3085 3296 3169 3340 est
3194 3301 3258 3340 ac
3283 3285 3426 3354 quod

1854 3401 2140 3457 personam
2184 3386 2345 3440 hodie
2408 3384 2657 3448 dicimus,
2730 3380 2927 3451 passim
2983 3378 3254 3448 usurpari.
3315 3375 3426 3429 imo

1854 3493 1959 3531 non
2000 3474 2228 3530 memini
2265 3487 2350 3528 me
2389 3473 2600 3541 uspiam
2650 3485 2836 3525 vocem
2870 3469 3027 3523 aliter
3057 3469 3124 3524 ab
3162 3469 3300 3537 ipso,
3333 3466 3421 3521 ubi

1852 3566 1922 3620 de
1946 3564 2225 3619 Trinitate
2266 3562 2531 3630 loquitur,
2572 3568 2847 3629 acceptam
2896 3557 3108 3628 legisse.
3158 3557 3311 3613 Unde
3347 3560 3426 3610 vir

1852 3671 2078 3727 magnus
2118 3654 2270 3722 Hugo
2302 3653 2522 3710 Grotius
2573 3652 2629 3706 in
2676 3650 2827 3706 Notis
2879 3651 2948 3704 ad
3000 3648 3163 3704 Joan.
3216 3664 3336 3716 cap.
3378 3666 3429 3714 l,_

1852 3764 1994 3804 vers.
2016 3746 2073 3813 2,
2102 3755 2155 3801 et
2188 3744 2359 3813 Epist.
2391 3747 2457 3797 ad
2492 3741 2761 3806 Hebrwos,
2792 3756 2910 3809 cap.
2940 3755 2981 3805 ι,
3013 3755 3158 3796 vers.
3192 3740 3247 3804 5,
3283 3738 3425 3793 aliir-

1853 3850 1966 3893 mat
2003 3854 2125 3892 eam
2154 3836 2301 3891 vocis
2324 3834 2679 3897 ὑποστάσεως
2705 3832 3157 3903 signiﬁcationem
3199 3830 3267 3885 ab
3297 3830 3424 3885 Ori-

1849 3943 1984 3998 gene
2014 3928 2247 3998 primum
2279 3923 2440 3994 (quod
2470 3932 2651 3977 tamen
2718 3936 2903 3976 verum
2953 3935 3074 3976 esse
3117 3935 3222 3973 non
3268 3918 3425 3990 puto)

1857 4037 1922 4075 cx
1949 4017 2242 4073 Platonicis
2295 4016 2347 4070 in
2396 4014 2649 4068 Ecclesia:
2682 4029 2836 4067 nsum
2871 4013 3167 4067 traductam
3217 4011 3405 4069 fuisse.

1847 4111 1929 4165 Ad
1980 4110 2155 4164 locum
2198 4108 2267 4162 ab
2315 4106 2510 4161 Huetio
2558 4115 2801 4159 notatum
2844 4102 2987 4172 quod
3038 4102 3252 4166 attinet,
3288 4102 3429 4155 nihil

1849 4200 2189 4257 manifestius
2231 4212 2392 4266 quam
2441 4195 2729 4265 Origenem
2779 4194 2851 4249 ibi
2902 4192 3171 4248 aliirmare
3204 4192 3421 4247 Patrem

1846 4302 1902 4348 et
1938 4291 2131 4349 Filium
2156 4290 2290 4345 duos
2314 4304 2436 4345 esse
2457 4289 2524 4359 τῇ
2553 4284 2851 4339 ὑποστάσει
2883 4285 3071 4341 eodem
3100 4301 3284 4347 sensu,
3309 4299 3429 4353 quo.

1847 4384 2108 4450 hatretici,
2158 4397 2293 4451 quos
2340 4381 2537 4435 ibidem
2601 4378 2950 4450 perstringit,
3005 4378 3058 4431 id
3129 4386 3429 4446 negarunt._

1850 4473 2080 4542 Quinam
2131 4485 2260 4527 vero
2304 4472 2391 4526 isti
2426 4471 2450 4525 1
2495 4469 2690 4524 Procul
2735 4470 2901 4523 dubio
2944 4467 3187 4522 Noetiani
3217 4475 3272 4521 et
3302 4466 3422 4531 alii,

1850 4565 1941 4634 qui
1969 4564 2135 4618 Deum
2177 4576 2295 4616 esse
2331 4558 2752 4632 μονοπρόσωπον
2804 4558 3133 4623 docuerunt,
3183 4573 3246 4611 ac
3291 4568 3411 4611 tan-

1848 4664 1962 4711 tum
2012 4653 2138 4725 μίαν
2186 4651 2505 4717 ὑπόστασιν,
2556 4652 2661 4706 hoc
2698 4660 2806 4712 est.
2851 4666 3137 4719 personam
3169 4666 3327 4704 unam
3362 4651 3429 4711 ill,

1849 4747 2132 4803 divinitate
2156 4754 2513 4811 agnoverunt.
2570 4742 2722 4809 Quod
2761 4759 2886 4797 vero
2924 4753 3183 4811 przcterea
3214 4743 3404 4808 objicit

1849 4838 2074 4893 Huetius
2101 4837 2404 4908 Origenian.
2439 4835 2531 4889 lib.
2561 4850 2621 4899 II,
2650 4847 2843 4903 qurest.
2872 4833 2924 4896 2,
2953 4849 3103 4887 num.
3134 4833 3188 4900 ὅ,
3214 4834 3419 4901 p.116,
3494 4828 3503 4845 ³

1848 4928 2159 4999 Origenem,
2187 4944 2308 4983 cum
2344 4943 2506 4981 unum
2549 4941 2673 4981 esse
2718 4926 3006 4981 concordia
3052 4934 3106 4980 et
3145 4941 3421 4981 consensu.

1847 5022 2046 5077 dixerit.
2075 5021 2291 5075 Patrem
2352 5030 2407 5074 et
2442 5019 2659 5083 Filium,
2692 5020 2851 5072 aliam
2882 5032 3097 5073 omnem
3136 5018 3304 5072 videri
3334 5034 3415 5071 re-

1849 5115 2064 5183 spuisse
2090 5114 2351 5167 unitatem
2376 5155 2391 5175 ,
2436 5113 2487 5165 id
2510 5126 2641 5165 sane
2686 5111 2819 5165 levis
2848 5122 2933 5166 est
2968 5113 3243 5165 momenti.
3282 5111 3414 5164 Nam

1847 5205 1938 5273 qui
1984 5212 2189 5258 tantum
2220 5205 2478 5259 unitatem
2519 5218 2813 5257 consensus
2840 5203 2979 5257 inter
3002 5203 3219 5259 Patrem
3250 5215 3301 5256 et
3326 5203 3414 5257 Fi-

1848 5296 2000 5360 lium,
2032 5296 2211 5365 aliquo
2252 5296 2304 5350 in
2360 5295 2480 5351 loco
2524 5295 2798 5365 exprimit,
2838 5312 2942 5350 non
2986 5298 3168 5364 statim
3209 5297 3252 5349 is
3284 5311 3413 5348 cen-

1851 5389 2050 5444 sendus
2080 5397 2180 5455 est,
2213 5403 2425 5444 omnem
2469 5388 2625 5441 aliam
2684 5391 2943 5443 unitatem
3000 5405 3221 5457 prorsus
3254 5388 3410 5457 igno~

1832 5587 2003 5641 Paris.
2032 5588 2273 5644 Bonus.

1835 5658 2018 5784 wgﬁ:
2046 5660 2478 5799 Alpngogthanas.
2506 5658 2584 5715 De
2609 5660 2793 5731 sgnod.
2831 5657 3057 5715 Arimin.
3112 5667 3160 5712 et
3207 5654 3411 5717 Selene.

1956 5770 1966 5783 .
2026 5772 2037 5797 ,
2114 5773 2123 5783 .
2272 5772 2284 5785 .
