3838 6222
412 323 545 378 I307

1835 331 2058 386 EXCER
2068 332 2255 388 PTUM

3536 336 3665 390 1508

411 455 582 496 russe.
611 442 815 496 Deinde
842 442 1092 513 Origenis
1146 448 1419 502 sexcentis
1472 448 1595 503 aliis
1635 448 1687 502 in
1729 451 1862 505 locis
1889 450 1993 504 Pa-
2022 458 2069 512 Α
2096 452 2249 507 Nocti
2280 455 2485 517 schola,
2512 455 2601 522 qui
2636 454 2869 519 dicebat,
2892 452 3146 524 Spiritum
3172 464 3416 509 sanctum
3442 469 3475 507 a
3510 454 3661 509 Patre

413 546 550 586 trem
576 544 629 587 et
654 533 846 590 Filiqu
877 537 1219 605 ὁμοουσίους,
1249 539 1292 593 si
1331 555 1444 594 rem
1469 557 1589 608 quae
1621 557 1751 596 voce
1782 543 1987 613 signiﬁ—

412 634 590 687 catur,
629 636 867 695 spectes,
905 630 1153 698 agnovit;
1186 632 1383 700 saepius
1429 634 1594 685 etiam
1641 633 1693 686 in
1721 634 1991 698 terminis,

414 727 475 770 ut
519 716 835 787 loquuntur,
892 720 954 772 τὸ
998 721 1284 792 ὁμοοὺσιον
1318 723 1600 777 confessus
1644 732 1744 789 est,
1792 725 1994 779 citante

420 809 702 881 Pamphilo
734 825 971 885 martyre
996 856 1010 880 ,
1063 826 1117 870 et
1163 826 1459 871 attestante
1500 818 1713 871 Ruﬁno.
1749 817 1892 873 Idem
1929 819 1994 873 de

416 902 743 969 Novatiano,
786 907 899 960 sive
962 918 1188 963 auclore
1231 909 1353 963 libri
1411 909 1483 963 De
1542 912 1797 965 Trinitate
1852 912 1996 967 inter

416 1010 583 1064 opera
614 996 958 1065 Tertulliani,
990 1015 1148 1068 quem
1173 1002 1242 1054 ob
1275 1001 1507 1055 similem
1545 1002 1872 1057 locutionem
1899 1018 1997 1057 no-

419 1095 499 1141 tat
525 1085 755 1142 Huetius
786 1090 984 1144 ibidem
1015 1107 1123 1160 quo
1151 1108 1335 1162 supra,
1377 1109 1476 1147 suo
1524 1093 1643 1149 loco
1697 1095 1997 1150 luculenter

417 1180 722 1236 ostendam.
752 1180 922 1236 Porro
947 1181 1217 1253 Origenes
1246 1193 1392 1239 tomo
1436 1187 1613 1256 primo
1652 1187 1707 1240 in
1735 1186 1996 1242 Joannem

417 1268 487 1325 de
516 1271 929 1339 Valentinianis,
967 1275 1321 1346 ejusdemque
1349 1278 1536 1332 farina!
1573 1279 1696 1334 aliis
1725 1280 1997 1336 haereticis

421 1362 653 1428 locutus,
706 1365 776 1419 ait
812 1382 960 1420 nttm.
1014 1366 1105 1429 ‘23,
1152 1383 1271 1438 pag.
1317 1369 1410 1434 25,
1439 1369 1509 1423 26
1542 1389 1552 1423 :
1582 1371 1832 1442 Χρῶνται
1874 1370 1988 1442 τῷ·

433 1453 825 1523 Ἐξηρεύξατο
854 1460 893 1525 ὴ
925 1459 1137 1527 καρδία
1156 1478 1276 1529 μου
1289 1463 1475 1531 λόγον
1498 1463 1739 1531 ἀγαθὸν,
1763 1464 1997 1533 οἰόμενοι

422 1546 703 1617 προφορὰν
759 1550 1051 1619 πατρικὴν,
1090 1551 1253 1603 οἱονεὶ
1306 1552 1363 1604 ὲν
1404 1552 1693 1616 συλλαϐαῖς
1739 1553 1998 1623 κειμένην

420 1632 558 1690 εῖναι
605 1639 695 1693 τὸν
732 1640 859 1694 Υἱὸν
880 1641 973 1694 τοῦ
1008 1641 1165 1705 Θεοῦ,
1206 1644 1301 1694 καὶ
1331 1644 1471 1697 κατὰ
1492 1645 1650 1698 τοῦτο
1681 1646 1996 1709 ὑπόστασιν,

420 1733 594 1803 αὐτῷ,
615 1736 661 1786 εἰ
692 1736 938 1807 ἀκριϐῶς
974 1738 1153 1792 αὐτῶν
1199 1738 1621 1807 πυνθανοίμεθα,
1652 1740 1711 1791 οὐ
1741 1738 1996 1803 διδόασιν,

2096 557 2150 601 et
2196 545 2333 600 Filio
2370 546 2675 600 nullatenus
2720 546 2954 610 differre,
3003 549 3095 601 sed
3142 547 3202 600 τὸ
3240 547 3369 601 αὐτὸ
3399 543 3548 599 εἶναι
3591 546 3663 619 τῷ

2095 639 2294 710 Πατρί,
2332 654 2603 708 ι-ιποτειιε
2631 640 2768 693 idem
2804 654 2921 692 esse
2944 639 3086 706 quod
3133 637 3307 705 Pater,
3340 659 3357 690 ι
3394 639 3662 694 referente

2098 730 2295 785 ibidem
2334 732 2451 800 ipso
2485 729 2735 799 Origene.
2768 731 3041 783 Adversus
3072 730 3211 782 hunc
3236 730 3484 782 ostendit
3511 745 3577 783 eo
3610 730 3659 782 in

2098 818 2215 873 loco
2257 818 2542 884 Origenes,
2582 819 2724 887 quod
2759 818 2877 871 sine
2922 819 3291 872 controversia
3335 818 3535 872 Matth.
3570 835 3661 885 xu,

2102 910 2193 977 32,
2221 909 2499 964 distinctio
2548 910 2855 963 declaretur
2906 907 3142 978 Spiritus
3190 912 3362 964 sancti
3414 926 3442 962 a
3486 910 3659 975 Filio;

2101 1002 2337 1071 indeque
2368 1002 2644 1056 concludit
2680 1001 2942 1069 Spiritum
2992 1011 3237 1055 sanctum
3289 1013 3345 1055 ut
3378 1011 3433 1055 et
3470 1002 3663 1057 Filium

2098 1096 2283 1160 etiam,
2317 1110 2346 1149 a
2379 1095 2539 1149 Patre
2565 1110 2791 1164 persona
2826 1094 3062 1148 diﬁ'erre.
3108 1093 3239 1146 Tum
3276 1094 3578 1163 subiungit,
3616 1103 3667 1148 et

2099 1202 2180 1249 se,
2208 1197 2261 1240 et
2286 1188 2426 1242 alios
2455 1187 2767 1241 Catholicus
2813 1185 3058 1249 credere,
3097 1184 3333 1248 Patrem,
3378 1184 3584 1238 Filium
3616 1195 3668 1238 et

2106 1278 2369 1349 Spiritum
2415 1289 2665 1333 sanctum
2717 1294 2838 1334 esse
2898 1280 3045 1348 τρεῖς
3092 1276 3441 1341 ὑποστάσεις,
3501 1295 3521 1327 ι
3565 1286 3669 1333 tres

2099 1371 2499 1427 Subsistentias.
2534 1391 2552 1423 ι
2596 1370 2859 1424 Nimirum
2888 1369 3182 1433 ὑπόστασις
3210 1370 3348 1439 apud
3378 1369 3668 1439 Origenem

2100 1465 2212 1517 fere
2238 1473 2548 1518 constanter
2574 1463 2840 1533 signiﬁcat
2875 1464 2985 1517 sive
3013 1464 3414 1516 subsistentiam
3447 1461 3503 1514 in
3548 1460 3670 1515 abs-

2102 1569 2296 1623 tracto,
2348 1561 2461 1614 sive
2511 1573 2621 1611 rem
2676 1557 3003 1627 singularem
3036 1566 3090 1609 et
3123 1555 3453 1608 individuam
3485 1569 3585 1621 per
3616 1568 3673 1608 se

2103 1650 2503 1710 subsistentem.
2553 1665 2671 1719 qua:
2719 1648 2774 1702 in
2818 1649 2905 1713 iis,
2956 1662 3075 1715 qua:
3118 1647 3227 1699 vita
3284 1657 3339 1700 et
3394 1645 3672 1699 intellectu

2103 1744 2337 1811 gaudent
2390 1742 2470 1812 (ut
2499 1743 2695 1810 saepius
2722 1738 2876 1810 dixi),
2916 1738 3057 1791 idem
3093 1750 3176 1792 est
3219 1739 3358 1807 quod
3406 1752 3661 1805 persona.

423 1824 535 1879 οὐδ’
575 1826 760 1880 οὐσίαν
799 1829 962 1882 αὐτοῦ
998 1831 1405 1901 σαφηνίζουσιν.
1456 1829 1508 1882 Id
1545 1840 1656 1898 est,
1710 1848 1728 1880 ι
1769 1829 2002 1884 Utuntur

2118 1833 2211 1888 Sed
2272 1850 2529 1904 quorsum
2581 1835 2729 1887 hisce
2790 1833 3043 1887 lectorem
3100 1832 3414 1901 ambagibus
3463 1831 3672 1883 detine-

425 1917 571 1971 dicto
608 1919 715 1985 illo,
744 1919 1014 1974 Eructavir
1063 1939 1152 1977 cor
1213 1940 1383 1977 meum
1430 1926 1636 1977 verbum
1696 1925 1885 1977 bonum
1913 1925 1997 1978 είς

429 2010 808 2065 existimantes
877 2012 1071 2067 Filium
1143 2014 1234 2069 Dei
1295 2025 1572 2085 paternam
1644 2017 1998 2085 prolationem

427 2114 569 2166 esse,
602 2113 856 2171 tanquam
889 2105 940 2158 in
984 2106 1213 2173 syllabis
1237 2110 1470 2175 positam
1499 2126 1512 2161 :
1567 2109 1706 2162 unde
1746 2109 2003 2178 byposta-

428 2197 511 2251 sin
557 2198 653 2259 illi,
697 2200 741 2253 si
785 2210 1041 2254 accurate
1090 2201 1234 2268 ipsos
1283 2203 1695 2271 interrogemus,
1745 2216 1848 2254 non
1894 2202 2004 2253 tri-

432 2286 622 2348 buunt,
654 2302 829 2356 neque
855 2289 1215 2343 substantiam
1247 2291 1366 2359 ejus
1390 2290 1700 2359 explanant.
1740 2310 1758 2342 ι
1798 2289 1892 2344 llic
1927 2291 1998 2344 fa-

432 2385 574 2430 tetur
602 2378 826 2432 I‘Iuetius
858 2380 1050 2433 ibidem
1085 2397 1190 2448 quo
1220 2397 1403 2447 supra,
1444 2380 1748 2449 Origeninn.
1791 2398 1842 2450 p.
1876 2382 1999 2449 116,

434 2467 734 2522 ὑπόστασιν
768 2471 836 2523 ab
864 2469 1022 2540 οὐσίᾳ
1046 2472 1305 2539 distingui
1338 2471 1553 2538 quidem
1584 2489 1597 2535 ;
1635 2473 1726 2524 sed
1758 2472 1855 2537 ait,
1895 2488 2001 2526 non

433 2561 572 2614 sumi
620 2576 717 2628 pro
764 2578 1009 2627 persona,
1055 2564 1149 2617 sed
1198 2564 1562 2620 subsistentia.
1614 2561 1806 2616 Verum
1865 2564 2004 2632 apud

435 2663 685 2719 veteres,
727 2655 816 2708 ubi
843 2655 911 2709 de
940 2654 1208 2709 Trinitate
1246 2655 1562 2723 loquuntur,
1615 2655 1765 2725 quid,
1798 2671 2002 2723 quaeso,

436 2743 615 2798 diﬂ‘ert
673 2760 901 2814 persona
949 2760 977 2799 a
1020 2746 1432 2800 subsistentia?
1487 2746 1745 2799 Nimirum
1800 2747 1893 2809 illi,
1948 2754 2006 2799 ut

435 2848 587 2889 recte
626 2837 933 2891 observavit
965 2838 1218 2893 Petavius
1258 2837 1333 2891 De
1362 2839 1577 2905 Trim‘l.,
1606 2839 1697 2892 lib.
1732 2853 1804 2901 tv,
1842 2854 1889 2892 c.
1941 2839 2006 2902 5,

435 2942 581 2979 num.
615 2926 668 2990 6,
705 2945 724 2977 ι
752 2929 1155 2982 subsistentiam
1200 2946 1221 2979 ι
1272 2942 1366 2995 pro
1395 2939 1680 2992 concreto,
1710 2929 1850 2997 quod
1892 2928 1998 2982 dici

436 3019 593 3078 solet.
630 3020 845 3072 nomine
872 3028 1239 3086 sumpserunt,
1281 3029 1337 3072 et
1369 3035 1488 3073 cum
1532 3036 1758 3086 persona
1807 3019 2001 3075 confu-

2105 1926 2263 1979 nius?
2298 1926 2483 1979 Exstat
2524 1925 2672 1979 locus
2698 1926 2748 1978 in
2786 1925 2991 1980 Graecis
3036 1924 3286 1992 Origenis
3323 1923 3671 1977 Commenta-

2104 2018 2199 2072 riis
2239 2018 2306 2071 ab
2333 2019 2447 2084 ipso
2492 2017 2686 2070 lluetio
2715 2017 2900 2080 editis,
2950 2015 3041 2084 qui
3088 2024 3327 2068 nostram
3360 2013 3673 2081 Origeniani

2103 2124 2295 2164 sensus
2378 2108 2874 2179 interpretationem
2961 2108 3300 2177 apertissime
3363 2106 3672 2159 conﬁrmet.

2105 2200 2236 2254 Nam
2270 2210 2413 2253 tomo
2438 2216 2467 2252 x
2515 2200 2565 2251 in
2590 2197 2868 2258 Joannem,
2899 2212 3044 2249 num.
3076 2195 3165 2256 2|,
3199 2210 3318 2263 pag.
3346 2193 3481 2257 199,
3516 2205 3673 2261 quos-

2105 2296 2224 2347 dam
2252 2301 2400 2344 notat
2431 2290 2688 2360 Origenes
2723 2291 2939 2358 (nempe
2999 2303 3065 2339 ex
3115 2284 3417 2349 Noetianis)
3446 2325 3462 2346 ,
3490 2284 3579 2352 qui
3611 2298 3670 2337 ex

2106 2385 2240 2439 locis
2274 2384 2568 2452 Scriptura).
2601 2381 2922 2449 quibusdam
2955 2379 3090 2431 male
3140 2378 3430 2430 intellectis
3471 2375 3672 2429 ostendi

2106 2477 2508 2536 existimarunt,
2546 2474 2618 2544 μὴ
2653 2473 2931 2544 διαφέρειν
2960 2470 3036 2540 τῷ
3063 2468 3280 2540 ἀριθμῷ
3302 2468 3397 2520 τὸν
3438 2466 3564 2519 rm
3592 2463 3672 2517 τοῦ

2107 2568 2338 2639 Πατρὸς,
2390 2567 2503 2620 ἀλλ’
2546 2564 2624 2627 ἓν,
2652 2566 2711 2617 οὐ
2749 2564 2907 2635 μόνον
2948 2562 3125 2631 οὐσίᾳ,
3160 2558 3294 2612 ἀλλὰ
3332 2559 3435 2611 καὶ
3470 2560 3675 2609 ὑποχει-

2110 2661 2255 2730 μὲνῳ
2292 2660 2654 2728 τυγχάνοντας
2698 2654 3055 2725 ἀμφοτέρους,
3088 2650 3229 2704 κατά
3251 2666 3406 2711 τινας
3444 2647 3675 2707 ἐπινοίας

2107 2752 2417 2823 διαφόρους,
2453 2751 2512 2804 οὐ
2558 2749 2674 2801 κατ’
2707 2746 3001 2801 ὑπόστασιν
3040 2745 3290 2813 λέγεσθαι
3340 2742 3573 2811 Πατέρα
3598 2740 3675 2793 τὸν

2122 2844 2269 2897 Υἱόν·
2309 2844 2497 2906 idest,
2530 2861 2547 2892 ι
2576 2839 2812 2893 Numero
2841 2853 2942 2891 non
2980 2836 3195 2889 dilferre
3227 2834 3427 2887 Filium
3460 2832 3671 2891 aPatre,

2110 2938 2204 2993 sed
2237 2946 2523 3004 utrumque
2552 2947 2714 2986 unum
2764 2945 2867 2984 non
2922 2930 3080 2981 modo
3119 2925 3452 2993 substantia,
3497 2925 3587 2978 sed
3627 2930 3676 2974 et

2113 3027 2354 3096 Subiecta
2383 3025 2732 3085 exsistentes,
2777 3020 3073 3074 secumlum
3124 3018 3387 3087 quasdam
3440 3016 3676 3070 notiones

436 3111 648 3165 derunt.
687 3111 885 3165 Deinde
911 3112 964 3165 in
993 3111 1110 3165 loco
1131 3110 1400 3181 Origenis,
1447 3128 1604 3179 quem
1654 3113 1997 3182 reprehendit
2036 3148 2081 3207 ο
2114 3123 2380 3180 diversas,
2405 3132 2511 3172 non
2554 3116 2848 3170 secundum
2883 3111 3224 3183 bypostasin,
3256 3110 3484 3164 Patrem
3519 3120 3571 3162 et
3600 3105 3673 3159 Π

436 3201 685 3269 Huetius,
731 3204 1030 3273 accipiatur
1077 3206 1242 3277 igitur
1286 3205 1580 3268 ὑπόστασις
1626 3220 1722 3273 pro
1759 3224 1777 3256 ι
1831 3208 2008 3260 subsi—

435 3296 657 3361 Stentia,
686 3316 704 3348 ι
744 3306 802 3351 ut
833 3298 1081 3353 dicantur
1114 3298 1276 3351 Pater
1307 3307 1362 3352 et
1411 3297 1577 3352 Filius
1610 3297 1716 3351 duo
1756 3300 1823 3368 τῇ
1870 3298 2004 3350 ὑπο-

439 3398 630 3452 στάσει
673 3415 692 3447 ι
726 3397 1111 3453 subsistentia:
1151 3416 1169 3449 ι
1208 3413 1274 3450 an
1304 3397 1590 3466 quisquam
1619 3394 1928 3449 Catholicus
1952 3395 2003 3447 id

439 3489 661 3559 culpet?
692 3488 803 3543 lmo
832 3505 1014 3545 nonne
1047 3490 1345 3545 haareticus
1371 3498 1475 3551 est,
1526 3488 1617 3557 qui
1672 3488 1877 3558 neget?
1918 3486 2017 3541 Ve-

440 3596 561 3636 rum
608 3581 789 3636 acrius
820 3582 1052 3652 insurgit
1086 3582 1314 3638 Huetius
1374 3582 1682 3651 Origem‘an.
1732 3590 1922 3649 quaest.
1956 3593 2013 3643 ιι,

445 3690 597 3728 num.
648 3673 703 3742 5,
754 3690 877 3745 pag.
925 3675 1052 3729 H'l.
1116 3693 1134 3727 ι
1188 3674 1351 3741 Quid,
1397 3675 1595 3742 inquit,
1648 3672 2016 3727 defensionem

443 3768 690 3837 pr'ebere
728 3782 991 3822 conamur
1025 3768 1265 3839 Origeui,
1297 3782 1418 3821 cum
1454 3782 1609 3819 suam
1646 3766 1759 3834 ipse
1785 3778 2004 3817 causam

442 3862 635 3931 prodat
687 3873 817 3916 tom.
871 3878 909 3915 tt
954 3863 1009 3915 in
1059 3860 1245 3924 ,Μυκη
1302 3874 1448 3913 num.
1493 3858 1548 3923 5,
1599 3873 1722 3928 pag.
1767 3855 1856 3920 61,
1921 3854 2011 3909 ubi

442 3955 729 4023 quemdam
798 3955 1115 4023 impugnans
1159 3953 1586 4023 δογματίζοντα,
1634 3949 1767 4020 μηδὲ
1824 3947 2013 3999 οὐσίαν

444 4044 566 4099 τινὰ
611 4045 744 4097 ἰδίαν
792 4045 1087 4114 ὑφεστάναι
1131 4046 1224 4097 τοῦ
1265 4044 1421 4114 ἁγίου
1468 4042 1783 4114 Πνεύματος
1829 4041 2020 4110 ἑτέραν

448 4138 600 4207 παρὰ
626 4136 714 4189 τὸν
744 4137 961 4207 Πατέρα
1010 4138 1103 4191 καὶ
1146 4138 1236 4190 τὸν
1278 4137 1404 4187 Υἱόν
1430 4154 1442 4165 ·
1470 4144 1590 4203 post
1623 4134 1797 4201 aliqua
1836 4132 2020 4185 addit:

460 4227 649 4298 Ἡμεῖς
675 4229 853 4299 μέντοι
893 4247 957 4297 γε
990 4232 1136 4303 τρεῖς
1181 4227 1507 4289 ὑποστάσεις
1548 4224 1855 4295 πειθόμενοι
1894 4240 2024 4292 τυγ-

454 4321 664 4395 χάνειν,
713 4323 804 4375 τὸν
852 4321 1073 4394 Πατέρα
1128 4321 1221 4372 καὶ
1273 4320 1402 4371 Υίὸν
1448 4318 1542 4371 καὶ
1586 4317 1738 4386 ἆγιον
1778 4315 2024 4386 Πνεῦμα,

453 4435 507 4472 κ.
537 4435 591 4469 τ.
620 4416 697 4485 λ.,
734 4418 782 4469 id
810 4429 913 4480 εει,
938 4435 955 4466 ι
1002 4414 1108 4468 Nos
1142 4423 1318 4467 autem
1342 4413 1430 4481 qui
1468 4423 1577 4465 tres
1620 4424 1879 4478 personas
1906 4422 2026 4461 esse

2116 3214 2243 3267 lium
2269 3210 2398 3264 dici.
2440 3228 2459 3261 ι
2519 3208 2723 3275 Quibus
2764 3208 2875 3275 ipse
2914 3205 3204 3275 respondet
3236 3221 3249 3256 :
3280 3201 3528 3256 Λεκτέον
3558 3198 3677 3267 πρὸς

2115 3305 2310 3367 αὐτοὺς
2337 3302 2551 3375 πρῶτον
2583 3300 2680 3372 μὲν
2725 3300 2911 3371 ἕτερον
2940 3295 3079 3351 εἶναι
3113 3297 3202 3350 τὸν
3229 3296 3353 3348 Υίὸν
3397 3296 3557 3365 παρὰ
3598 3291 3680 3343 τὸν

2116 3401 2357 3470 Πατέρα,
2389 3397 2483 3451 καὶ
2505 3397 2585 3450 ὅτι
2615 3396 2823 3466 ἀνάγκη
2854 3396 2944 3448 τὸν
2982 3393 3108 3446 Υἱόν
3138 3392 3346 3463 Πατρὸς
3372 3388 3520 3445 εἶναι
3546 3389 3679 3455 Υἱὸν,

2117 3498 2211 3551 καὶ
2237 3495 2328 3549 τὸν
2357 3492 2576 3562 Πατέρα
2614 3490 2744 3543 Υἱοῦ
2779 3488 3018 3559 Πατέρα,
3048 3488 3096 3539 id
3124 3498 3225 3550 est,
3285 3504 3303 3537 ι
3353 3484 3443 3538 Ad
3486 3484 3582 3538 hos
3608 3481 3680 3535 di-

2118 3590 2346 3644 cendum
2387 3587 2580 3654 primo,
2606 3583 2770 3637 alium
2800 3595 2920 3635 esse
2953 3578 3149 3632 Filium
3184 3592 3213 3629 ιι
3240 3576 3426 3639 Patre,
3464 3586 3521 3628 et
3547 3574 3675 3643 quod

2120 3678 2432 3735 necessario
2476 3675 2642 3729 Filius
2677 3673 2749 3727 sit
2788 3671 2964 3725 Patris
3014 3668 3207 3729 Filius,
3248 3679 3302 3722 et
3359 3667 3529 3722 Pater
3574 3663 3677 3719 Filii

2121 3772 2391 3828 sitPater.
2429 3788 2446 3819 ι
2502 3766 2596 3820 Hic
2645 3764 2800 3818 οὐσία
2843 3772 2897 3816 et
2938 3762 3231 3824 ὑπόστασις
3279 3759 3434 3813 clare
3490 3759 3670 3813 distin-

2124 3875 2382 3937 guuntur,
2438 3860 2595 3931 plane
2642 3854 3095 3927 quemadmodum
3129 3871 3157 3905 a
3190 3853 3342 3905 nobis
3401 3852 3565 3905 hodie
3596 3849 3677 3910 ﬁt;

2124 3967 2178 4011 et
2233 3954 2483 4025 Origenis
2532 3952 2870 4018 aliorumque
2913 3945 3311 4001 Catholicorum
3355 3943 3619 3997 sententia
3652 3955 3678 3991 a

2125 4046 2388 4101 Noetiana
2417 4050 2673 4097 accurate
2713 4036 3137 4093 discriminatur.
3170 4032 3450 4086 Docebant
3485 4031 3671 4085 Catho-

2128 4140 2211 4193 lici
2242 4137 2455 4190 Patrem
2478 4144 2531 4188 et
2558 4132 2749 4187 Filium
2782 4144 2944 4183 unum
2982 4127 3197 4197 quidem
3230 4140 3351 4179 esse
3377 4120 3665 4178 substantia

2135 4230 2259 4300 (hoc
2314 4236 2419 4291 est,
2475 4222 2849 4297 ὁμοουσιους),
2903 4220 2995 4273 sed
3045 4219 3316 4289 hypostasi
3349 4224 3406 4269 et
3461 4214 3675 4281 subiecto

2130 4322 2295 4374 duos:
2330 4324 2517 4371 contra
2553 4313 2789 4368 haeretici
2823 4309 3239 4373 contendebant,
3267 4306 3488 4359 Patrem
3518 4314 3569 4357 et
3597 4300 3671 4354 Fi-

2133 4412 2261 4465 limn
2298 4426 2403 4463 non
2451 4409 2611 4460 modo
2675 4401 2999 4463 substantia,
3050 4399 3143 4453 sed
3198 4399 3362 4450 etiam
3426 4388 3674 4466 bypostasi

449 4509 689 4575 Patrem,
720 4509 913 4563 Filium
942 4519 996 4561 et
1028 4508 1292 4576 Spiritum
1346 4515 1591 4558 sanctum
1640 4504 1884 4571 persuasi
1934 4516 2028 4555 su-
2058 4490 2103 4545 D
2134 4518 2297 4557 unum
2338 4515 2483 4562 esse,
2522 4514 2584 4551 ac
2614 4507 2817 4549 tantum
2840 4493 3134 4549 secundum
3167 4490 3414 4543 diversas
3457 4487 3673 4542 notiones

454 4618 595 4666 mus,
641 4614 786 4657 ιρις.
822 4601 1024 4667 Quibus
1054 4600 1324 4669 significat
1351 4598 1418 4651 ab
1462 4612 1527 4651 eo
1574 4596 1666 4665 qui
1710 4594 1923 4648 unicam
1964 4593 2017 4645 in

450 4694 720 4749 Trinitate
742 4694 928 4747 οὐσίαν
989 4691 1161 4761 ponit,
1202 4706 1261 4744 se
1291 4689 1603 4755 dissentire,
1639 4695 1693 4741 et
1738 4693 1849 4740 tres
1893 4687 2026 4738 ὑπο-

451 4791 672 4853 στάσεις
734 4790 1041 4851 admittere,
1108 4787 1210 4840 hoc
1272 4794 1374 4847 est,
1444 4794 1552 4837 tres
1610 4781 1820 4843 οὐσίας.
1886 4778 2022 4834 Nam

453 4883 500 4940 si
547 4884 835 4956 ἰδιότητας,
902 4885 1004 4937 hoc
1057 4890 1163 4947 est,
1221 4894 1481 4949 personas
1540 4877 1871 4947 signiﬁcaret
1926 4889 2028 4928 vox

455 4979 805 5045 ὑποστάσεις,
840 4980 1149 5047 neutiquam
1181 4977 1515 5044 exprimeret
1544 4974 1844 5028 dissensum
1875 4984 2033 5025 suum

458 5073 530 5128 ab
553 5087 641 5138 eo,
665 5072 756 5141 qui
788 5072 949 5125 unius
975 5069 1163 5132 οὐσίας
1204 5068 1527 5122 Trinitatem
1574 5079 1693 5120 esse
1741 5063 1979 5119 volebat.
2009 5079 2025 5113 ι

461 5165 649 5235 Atqui,
681 5165 902 5234 inquam
932 5179 1054 5233 ego,
1095 5179 1160 5218 ex
1186 5163 1288 5217 hoc
1319 5161 1439 5215 loco
1471 5158 1604 5214 nihil
1651 5156 1794 5209 aliud
1851 5155 2030 5222 colligi

464 5265 664 5327 potest,
721 5270 882 5324 quam
935 5254 1325 5316 adversarium,
1392 5266 1553 5320 quem
1615 5247 1690 5303 ibi
1755 5248 2035 5315 impugnat

461 5349 744 5421 Origenes,
777 5347 961 5412 οὐσίας
994 5347 1210 5402 nomine
1249 5343 1577 5416 bypostasim
1602 5342 1713 5395 sive
1743 5352 2035 5408 personam

464 5441 824 5506 intellexisse,
851 5440 992 5509 quod
1022 5450 1077 5494 et
1103 5438 1172 5493 ab
1205 5437 1324 5490 aliis
1355 5434 1559 5499 multis,
1588 5434 1751 5488 etiam
1793 5430 2037 5487 Catholi-

467 5538 569 5601 cis,
589 5535 815 5603 factum,
842 5550 1004 5606 supra
1035 5532 1393 5589 ostendimus.
1421 5529 1641 5584 Scilicet
1668 5526 2037 5588 adversarius,

464 5639 656 5685 contra
684 5643 845 5698 quem
881 5629 1119 5698 disputat
1164 5623 1237 5682 ibi
1286 5622 1574 5695 Origenes,
1610 5619 1711 5675 fuit
1754 5633 1940 5675 revera
1974 5632 2037 5673 ex

545 5812 583 5843 θ’
613 5808 752 5866 Psal.
791 5823 930 5875 μιν,
960 5807 1009 5862 1.

2134 4599 2245 4653 sive
2272 4603 2564 4663 conceptus
2596 4601 2809 4645 nostros
2844 4585 3122 4655 distingui,
3154 4594 3319 4653 atque
3355 4583 3466 4636 alio
3490 4584 3670 4649 jrespe-

2135 4699 2221 4745 ctu
2251 4702 2394 4742 llllllC
2416 4664 2669 4748 Patrem,
2705 4697 2845 4736 nunc
2880 4681 2983 4733 alio
3017 4678 3211 4733 Filium
3252 4676 3385 4730 dici.
3430 4673 3522 4727 llis
3548 4680 3671 4725 certe

2136 4782 2271 4837 nihil
2301 4778 2661 4833 manifestius.
2693 4775 2844 4841 Quod
2873 4788 3000 4827 vero
3027 4773 3094 4825 de
3130 4769 3355 4837 antiquo
3391 4767 3535 4820 vocis
3560 4763 3669 4816 ὑπο-

2141 4875 2384 4936 στάσεως
2414 4873 2463 4925 in
2487 4870 2687 4924 divinis
2705 4884 2802 4921 usu
2829 4864 3221 4927 ecclesiastico,
3258 4861 3431 4915 fusius
3476 4858 3669 4912 fortasse

2136 4982 2299 5037 quam
2354 4966 2631 5035 proposita
2667 4960 2900 5030 obiectio
2948 4956 3265 5027 postularet,
3319 4948 3667 5007 disseruerim;

2137 5062 2216 5125 id,
2251 5060 2325 5113 uti
2352 5072 2532 5127 spero,
2580 5056 2720 5109 haud
2763 5052 3049 5107 molestum
3090 5049 3196 5102 erit
3226 5046 3414 5101 lectori
3462 5043 3666 5100 cordate,

2137 5153 2227 5223 qui
2260 5166 2443 5204 secum
2473 5149 2653 5202 animo
2684 5141 3037 5214 reputaverit,
3063 5154 3225 5210 quam
3265 5139 3355 5194 hic
3402 5152 3505 5191 non
3543 5131 3665 5187 modo

2142 5222 2172 5300 a
2206 5246 2363 5315 vulgo
2396 5243 2789 5310 theologorum,
2845 5235 2938 5291 sed
2981 5236 3141 5287 etiam
3176 5244 3207 5283 a
3236 5231 3373 5285 viris
3402 5222 3665 5284 eruditissi-

2143 5340 2247 5392 mis
2275 5344 2386 5389 tota
2413 5335 2498 5387 via
2537 5341 2768 5386 erretur.

2222 5428 2250 5499 §
2285 5427 2402 5483 Xll.
2437 5423 2693 5493 Sequitur
2723 5422 2824 5476 alia
2860 5418 3035 5474 liuetii
3065 5415 3298 5487 obiectio
3334 5413 3668 5499 desumptacx

2149 5494 2333 5576 veibis
2370 5517 2618 5585 Origenis
2675 5516 2769 5570 lib.
2814 5528 2907 5567 vtu
2950 5521 3134 5565 contra
3200 5506 3365 5569 Cela,
3413 5519 3553 5558 num.
3602 5494 3668 5555 14.

2147 5630 2199 5685 p.
2228 5612 2353 5679 752,
2390 5626 2580 5681 nempe
2619 5608 2765 5663 hisce
2796 5606 3013 5661 εἘστω
3037 5604 3113 5669 δὲ,
3151 5600 3301 5664 τινὰς
3329 5598 3401 5663 ὡς
3422 5598 3480 5651 ἐν
3513 5588 3671 5663 πλήθει
