3838 6222
140 357 277 411 1509

1158 357 1249 413 EX
1288 359 1354 414 (ἶ.
1396 358 1597 415 BULLl
1638 357 1789 415 DEF.
1830 359 2008 415 FIDE]
2047 359 2368 418 NICA'INE.

3233 365 3370 418 15111

140 473 522 539 πιστευόντων,
554 473 647 528 καὶ
674 474 976 546 δεχομένων
1004 476 1315 546 διαφωνίαν,
1347 476 1437 531 διὰ
1466 477 1566 549 τὴν
1582 494 1708 548 προ-

1828 481 1901 549 [ui
1937 481 2192 535 mundum
2223 479 2483 546 condidit,
2518 479 2709 534 Filium
2741 496 2754 545 ;
2788 480 2881 535 sed
2911 478 3028 547 ejus
3061 479 3368 546 Dominmn,

140 566 362 619 πέτειαν
394 565 742 619 ὑποτίθεσθαι
764 566 853 618 τὸν
888 567 1114 637 Σωτῆρα
1148 563 1286 620 εἶναι
1326 568 1415 621 τὸν
1447 570 1540 623 ἐπὶ
1574 570 1707 621 πᾶσι

138 657 272 712 Θεόν
296 674 310 688 ·
339 656 451 711 ἀλλ’
474 655 588 709 οὔτι
616 674 679 726 γε
696 659 855 728 ἡμεῖς
877 657 1201 721 τοιοῦτον,οἱ
1232 660 1539 730 πειθόμενοι
1564 659 1710 729 αὐτῷ

139 746 372 815 λέγοντι,
402 748 454 799 '0
477 747 702 815 Πατὴρ,
727 750 759 801 ό
784 747 1026 816 πέμψας
1050 765 1142 816 με,
1153 748 1366 817 μείζω*
1377 751 1495 819 μοῦ
1514 752 1706 815 ἐστιν,

142 841 197 894 id
230 848 343 895 est:
372 856 391 889 ι
418 839 551 892 Esto
579 851 759 893 autem
788 853 896 894 non
926 839 1113 894 deesse
1141 841 1421 909 quosdam,
1446 850 1506 894 ut
1529 842 1579 894 in
1603 850 1709 894 tam

144 942 434 983 numerosa
470 927 807 981 credentium
836 926 1201 991 multitudine,
1224 928 1314 997 qui
1344 929 1711 997 discrepantes

144 1019 217 1072 ab
257 1018 381 1072 aliis
428 1026 632 1073 temere
678 1016 971 1083 aﬂirmeut,
1011 1019 1154 1087 quod
1211 1017 1467 1076 Servator
1510 1019 1580 1073 sit
1619 1018 1712 1073 ille

144 1110 520 1164 universorum
551 1110 731 1164 Deus:
776 1113 1051 1166 nos.certe
1079 1110 1181 1162 hoc
1214 1125 1317 1164 non
1349 1108 1597 1176 facimus,
1620 1109 1709 1179 qui

147 1203 421 1258 credimus
444 1202 546 1272 ipsi
572 1201 797 1266 dicenti,
831 1201 991 1256 Pater
1013 1203 1102 1271 qui
1130 1202 1269 1255 misit
1299 1218 1399 1267 me,
1433 1202 1604 1272 major
1632 1218 1712 1256 me

146 1305 223 1348 est
258 1295 327 1345 “.
362 1313 381 1347 ι
421 1294 499 1348 Ad
529 1308 647 1363 qua:
672 1294 787 1347 haec
814 1294 1038 1347 adnotat
1058 1293 1130 1347 cl.
1153 1293 1375 1347 Huetius
1401 1291 1710 1364 Origenian.

146 1386 246 1441 lib.
274 1401 332 1452 ιι,
374 1395 565 1455 quaest.
606 1385 662 1451 2,
710 1400 861 1438 num.
893 1385 944 1448 7,
996 1400 1118 1455 pag.
1147 1385 1241 1438 121
1276 1403 1334 1439 :t
1367 1385 1715 1441 Allirmabaut

144 1476 366 1547 quidam
412 1474 687 1530 Christum
735 1489 856 1529 esse
906 1475 1283 1528 universorum
1331 1475 1519 1535 Deum,
1557 1475 1714 1542 idque

144 1582 275 1621 vere
317 1575 371 1621 et
410 1565 729 1621 orthodoxe.
776 1563 1020 1619 Pertinet
1063 1564 1193 1619 illud
1233 1578 1362 1619 sane
1388 1565 1452 1617 ad
1477 1565 1712 1619 divinam

147 1654 352 1711 Christi
388 1664 664 1719 naturam,
711 1668 815 1707 non
855 1654 920 1707 ad
965 1654 1276 1707 humanam.
1331 1652 1500 1723 Negat
1551 1667 1715 1707 econ-

150 1746 323 1800 trario
407 1742 667 1814 Origenes
739 1742 1081 1798 Servatorem
1148 1757 1267 1797 esse
1341 1745 1711 1797 universorum

1809 586 1983 638 eoque
2049 573 2408 640 superiorem,
2488 585 2661 638 eoque
2725 571 2939 623 nomine
2999 571 3371 624 universorum

1810 662 2002 717 Deum.
2043 662 2186 715 Sane
2215 663 2282 716 de
2318 662 2404 716 his
2435 661 2522 730 agi
2549 662 2603 715 in
2636 661 3075 716 antecedentibus
3100 672 3153 715 et
3181 677 3374 716 conse—

1808 753 2099 820 quentibus
2136 753 2480 807 manil‘estum
2509 762 2613 806 est.
2646 753 2822 806 Secun
2850 759 2918 814 lo,
2947 754 3085 817 quod
3111 752 3373 820 Origenes

1810 843 1864 897 in
1891 842 2009 898 loco
2043 844 2206 897 citato
2238 844 2387 907 dicit,
2412 842 2606 897 Filium
2637 844 2801 897 etiam
2826 858 2930 911 qua
2957 843 3097 897 Deus
3122 852 3207 896 est
3248 842 3375 912 (hoc

1811 945 1914 1000 est,
1944 935 2086 990 Deus
2115 952 2181 991 ex
2210 934 2340 1006 Deo)
2371 936 2532 991 Patre
2566 935 2830 990 minorem
2881 950 3000 989 esse
3062 936 3225 1005 (quod
3290 949 3375 987 re-

1811 1025 2096 1094 prehendit
2132 1024 2431 1094 lluetius);
2478 1023 2636 1092 plane
2672 1022 2989 1078 catholicum
3016 1038 3161 1086 esse,
3214 1031 3375 1091 atque

1812 1114 1977 1168 etiam
2028 1129 2059 1167 a
2118 1114 2389 1180 Patribus,
2434 1114 2527 1184 qui
2577 1123 2699 1183 post
2755 1112 3032 1168 Nicaenum
3084 1112 3372 1167 concilium

1810 1203 2066 1257 Arianam
2091 1204 2337 1259 haeresim
2355 1205 2619 1260 acerrime
2642 1204 3044 1274 impugnarunt,
3071 1203 3374 1267 defensum,

1814 1294 1952 1349 infra
1982 1295 2047 1348 ad
2080 1297 2371 1351 sectionem
2401 1296 2458 1361 4,
2490 1312 2608 1365 cap.
2639 1296 2694 1358 2,
2734 1310 2884 1350 num.
2912 1295 2965 1360 6,
3009 1296 3373 1349 ostendenms.

1814 1386 1918 1442 Ubi
1943 1389 2104 1442 etiam
2139 1388 2569 1443 luculentissime
2598 1387 2972 1457 probabinms,
3005 1386 3297 1455 Origenem
3319 1385 3376 1439 in

1816 1479 1964 1534 libris
2006 1490 2191 1533 contra
2211 1480 2440 1547 Celsum,
2461 1496 2583 1534 cum
2619 1482 2784 1535 Deum
2820 1478 3034 1533 Patrem
3058 1479 3177 1532 κατ’
3198 1478 3380 1531 αἰτίαν

1814 1571 1950 1625 Filio
1982 1570 2238 1641 majorem
2262 1571 2538 1635 statuerit,
2576 1570 2715 1624 κατὰ
2744 1569 2903 1639 φύσιν
2942 1580 3118 1623 tamen
3163 1569 3377 1623 Patrem

1814 1676 1870 1720 et
1894 1663 2084 1718 Filium
2116 1678 2272 1732 pares
2293 1663 2512 1717 omnino
2534 1678 2653 1719 esse
2700 1672 2754 1717 et
2792 1661 3027 1729 mquales
3069 1661 3375 1730 agnovisse.

1887 1757 2076 1828 §Xlll.
2104 1756 2287 1811 Tertio
2322 1756 2669 1824 reprehendit
2713 1755 2937 1810 Huetius
2980 1754 3141 1807 verba
3187 1751 3379 1822 Orige-

152 1837 343 1899 Deum,
380 1836 521 1903 quod
558 1834 680 1887 inde
708 1833 919 1902 prohat,
952 1834 1074 1901 quia
1098 1834 1260 1888 Patre
1292 1836 1468 1887 minor
1496 1835 1587 1898 sit,
1626 1834 1716 1903 qui

1828 1848 1902 1900 uis
1936 1848 1986 1900 in
2033 1846 2167 1899 libro
2196 1861 2226 1897 v
2252 1857 2432 1899 contra
2462 1845 2693 1909 Celsum,
2725 1845 2812 1898 ubi
2851 1846 2928 1898 sic
2956 1844 3145 1899 scribit
3177 1859 3229 1898 ιι.
3272 1843 3334 1896 11
3363 1861 3375 1895 :

146 1938 237 1983 est
267 1928 647 1982 universorum
682 1926 842 1979 Deus.
875 1927 1075 1979 Divinte
1118 1941 1245 1996 ergo
1274 1926 1474 1981 Christi
1519 1935 1719 1979 natura:

144 2021 385 2076 detrahit
409 2033 714 2088 supremam
737 2017 880 2072 illam
896 2017 1127 2087 Οεότητα
1140 2032 1298 2086 supra
1318 2033 1403 2071 res
1422 2018 1718 2080 universas,

143 2122 203 2168 et
245 2113 389 2166 Patri
447 2111 694 2176 addicit;
745 2110 1073 2179 proindeque
1137 2108 1353 2178 μεγέθει
1393 2108 1521 2174 τινί,
1566 2120 1619 2162 et
1663 2122 1721 2163 ut

148 2204 319 2258 Deum
356 2205 483 2268 Deo,
520 2203 841 2257 inferiorem
870 2201 1015 2254 Patri
1055 2201 1249 2253 Filium
1282 2201 1487 2263 statuit,
1526 2216 1630 2254 non
1663 2210 1720 2255 ut

149 2297 423 2349 hominem
461 2294 587 2348 Deo.
619 2313 636 2345 ι
669 2296 772 2348 Sed
816 2295 867 2346 l°
901 2293 1217 2362 gravissime
1244 2302 1391 2346 errat
1416 2293 1496 2345 vir
1525 2293 1722 2347 doctis-

149 2392 321 2444 simus
348 2389 513 2460 (quod
545 2404 677 2459 pace
701 2390 819 2455 ejus
846 2387 1121 2456 dixerim),
1163 2387 1215 2440 in
1255 2402 1319 2440 eo
1372 2386 1513 2456 quod
1549 2395 1718 2454 putet,

153 2497 293 2550 quos
336 2481 424 2534 hic
476 2480 795 2548 perstringit
837 2476 1116 2547 Origenes,
1171 2491 1296 2529 vere
1335 2486 1389 2528 et
1426 2477 1721 2529 orthodoxe

153 2573 473 2636 afﬁrmasse,
526 2571 717 2623 Filium
762 2584 884 2622 esse
927 2569 1301 2621 universorum
1356 2569 1542 2621 Deum.
1588 2566 1719 2620 Nam

151 2666 360 2716 diserte
392 2662 631 2729 loquitur
660 2660 922 2727 Origenes
959 2659 1023 2711 de
1053 2659 1241 2725 paucis
1276 2658 1599 2728 quibusdam
1638 2660 1721 2710 in-

157 2765 242 2809 ter
269 2754 627 2818 Christianos,
655 2752 744 2819 qui
783 2753 833 2803 iu
863 2767 927 2804 eo
961 2751 1102 2818 quod
1128 2749 1484 2815 afﬁrmabant,
1530 2764 1561 2803 a
1584 2748 1723 2817 ireliv

154 2861 261 2914 qua
293 2843 628 2898 credentium
658 2858 676 2891 ι
709 2855 992 2893 numerosa
1028 2838 1394 2902 multitudine,
1426 2858 1443 2890 ι
1483 2840 1581 2893 hoc
1621 2847 1723 2903 est,

158 2951 191 2988 a
246 2933 514 2989 catholica
572 2930 771 2985 Christi
830 2929 1071 2982 Ecclesia
1126 2927 1527 2995 discrepabant.
1586 2926 1725 2993 Quin

157 3026 350 3088 etiam,
380 3026 424 3079 si
453 3022 829 3078 antecedentia
858 3030 913 3073 et
943 3022 1337 3090 consequentia
1377 3021 1517 3089 apud
1547 3020 1727 3090 Orige-

159 3134 286 3172 nem
313 3116 528 3187 legeris,
560 3115 862 3184 comperies
910 3129 1027 3182 quae
1058 3112 1126 3165 ibi
1171 3111 1359 3166 Celsus
1404 3112 1723 3165 Christianis

162 3210 369 3279 objicit,
423 3223 543 3263 esse
594 3182 813 3261 omnino
854 3223 921 3260 ex
970 3206 1351 3259 haereticorum
1398 3202 1591 3258 fabulis
1634 3182 1793 3258 de-C

160 3312 397 3368 sumpta.
441 3299 672 3364 Quinam
726 3312 851 3350 vero
903 3296 1016 3360 isti,
1046 3293 1147 3363 ;qui
1209 3293 1560 3356 heterodoxe,
1604 3302 1660 3346 et
1695 3309 1725 3346 a

162 3394 439 3451 communi
486 3392 919 3445 Christianorum
966 3402 1234 3443 consensu
1272 3388 1550 3450 abeuntes,
1581 3385 1725 3440 alIir-

160 3497 379 3541 tnarunt
408 3486 750 3540 Servalorem
784 3498 903 3537 esse
926 3483 1099 3551 ipsum
1121 3481 1494 3534 universorum
1520 3479 1728 3546 Deum]

162 3580 300 3635 Puto
328 3579 613 3633 haereticos
648 3575 941 3643 designari,
973 3573 1061 3643 qui
1104 3572 1351 3642 Origenis
1396 3571 1728 3639 temporibus

163 3674 551 3728 Noetianorum
585 3668 943 3739 appellatione
988 3667 1379 3728 noscebantur,
1419 3664 1510 3732 qui
1564 3662 1727 3717 doce-

161 3768 295 3823 bant
324 3764 519 3819 Filium
551 3777 670 3819 esse
698 3764 870 3832 ipsum
908 3760 1073 3814 Deum
1100 3758 1339 3822 Patrem,
1387 3756 1477 3827 qui
1520 3754 1731 3825 διακρι-

160 3855 330 3920 τικῶς
378 3856 587 3911 solebat
643 3855 710 3906 ab
759 3851 879 3920 ejus
918 3849 1016 3905 aevi
1070 3848 1361 3903 Catholicis
1399 3850 1426 3900 ὁ
1464 3845 1556 3899 ἐπὶ
1598 3846 1731 3899 πᾶσι

162 3949 319 4013 θεός,
358 3967 375 3998 ι
415 3946 791 4000 universorum
830 3943 969 3997 Deus
1002 3959 1021 3992 ι
1058 3940 1337 4011 appellari.
1372 3938 1532 3993 Certe
1566 3938 1731 3993 Justi-

165 4055 269 4095 nus
304 4037 478 4092 verbis
510 4051 611 4089 nou
648 4034 991 4088 absimilihus
1017 4034 1066 4087 id
1106 4049 1272 4101 genus
1324 4033 1727 4097 haereticorum,

163 4132 271 4185 alio
303 4130 519 4184 nomine
555 4129 729 4196 ip~ius
772 4135 931 4179 tetate
974 4125 1334 4193 cognitorum,
1390 4123 1606 4191 impiam
1637 4137 1729 4177 ve—

163 4226 371 4282 saniam
404 4225 455 4277 in
502 4220 754 4291 Apologia
790 4234 908 4289 qua:
960 4218 1156 4271 dicitur
1198 4215 1428 4269 secunda
1483 4215 1567 4268 his
1618 4229 1735 4267 ver-

166 4319 251 4373 bis
284 4324 432 4370 notat
461 4330 577 4383 pag.
610 4313 676 4366 96
695 4330 706 4363 :
724 4313 785 4363 Oi.
812 4310 918 4379 γὰρ
949 4309 1037 4361 τὸν
1063 4308 1186 4359 Υἱὸν
1204 4306 1418 4377 Πατέρα
1438 4306 1733 4374 φάσκοντες

164 4405 324 4467 εἶναι,
369 4406 696 4475 ἐλέγχονται,
751 4405 885 4473 μήτε
941 4401 1031 4454 τὸν
1089 4400 1306 4469 Πατέρα
1362 4400 1730 4468 ἐπιστάμενοι,

1831 1941 1887 1991 'O
1903 1936 2089 2009 Σωτὴρ
2110 1936 2266 2007 ἡμῶν
2283 1936 2377 1990 καὶ
2400 1935 2625 2005 Κύριος,
2652 1937 2885 1999 ἀκούσας
2913 1937 3061 1998 ποτὲ,
3085 1934 3381 1988 Διδάσκαλε

1818 2028 2010 2097 ἀγαθὲ,
2046 2028 2382 2096 ἀναπέμπων
2410 2028 2503 2079 τὸν
2535 2028 2761 2095 λέγοντα
2793 2026 2950 2079 τοῦτο
2988 2027 3080 2079 ἐπὶ
3120 2027 3210 2078 τὸν
3258 2026 3383 2077 ἑαυ-

1819 2120 1912 2173 τοῦ
1930 2119 2165 2189 Πατέρα,
2184 2120 2333 2189 φησι,
2358 2119 2417 2172 Τί
2429 2136 2504 2187 με
2521 2118 2715 2186 λέγεις
2742 2119 2963 2187 ἀγαθόν
2978 2135 2994 2181 ;
3011 2116 3209 2181 οὐδεὶς
3238 2116 3382 2184 ἀγα-

1820 2214 1923 2278 θὸς
1952 2216 2003 2265 εἰ
2025 2215 2109 2281 μὴ
2143 2208 2248 2277 εἷς.
2284 2215 2315 2266 ὀ
2341 2211 2481 2276 Θεὸς
2503 2215 2534 2265 ό
2562 2210 2781 2277 Πατήρ.
2802 2210 2970 2280 Εἴπερ
3002 2208 3213 2261 6351:0171:s
3234 2207 3386 2261 εὐλό-

1824 2325 1954 2375 γως,
1998 2307 2072 2369 ὡς
2094 2306 2257 2359 εἰκὼν
2284 2307 2381 2375 τῆς
2406 2305 2739 2375 ἁγαοὸτητος
2774 2304 2869 2356 τοῦ
2900 2302 3033 2355 Θεοῦ
3076 2303 3381 2372 τυγχάνων,

1822 2400 2039 2470 εἴρηκεν
2074 2399 2101 2449 ὁ
2136 2397 2262 2459 Υἱὸς
2294 2398 2391 2465 τῆς
2432 2397 2650 2464 ἀγάπης
2680 2394 2771 2447 τοῦ
2808 2396 3017 2465 Πατρός
3039 2412 3051 2423 ·
3116 2395 3232 2458 πῶς
3265 2393 3386 2464 οὐχὶ⁵

1822 2490 2181 2561 εὐλογώτερον
2209 2489 2272 2542 ἂν
2302 2491 2411 2551 τοῖς
2433 2487 2825 2559 προσκυνοῦσιν
2861 2482 3013 2539 εἶπεν
3041 2485 3209 2556 ἥλιος,
3233 2486 3298 2539 Τί
3318 2502 3384 2556 με

1828 2584 2180 2653 προσκυνεῖςι
2209 2581 2427 2646 Κύριον
2443 2578 2553 2647 γὰρ
2578 2578 2683 2632 τὸν
2706 2579 2852 2631 Θεόν
2876 2592 2991 2631 σου
3031 2576 3384 2644 προσκυνή-

1823 2690 1970 2739 σεις·
1994 2691 2044 2726 κ.
2062 2690 2113 2724 τ.
2132 2672 2179 2724 λ.
2200 2672 2255 2724 1d
2278 2671 2675 2734 est,tServat0r
2694 2678 2873 2723 noster
2898 2678 2953 2722 et
2982 2668 3259 2731 Dominus,
3287 2682 3383 2735 ap-

1822 2765 2047 2835 pellatus
2072 2763 2358 2832 aliquando
2380 2772 2676 2831 praeceptor
2692 2763 2885 2826 bonus,
2906 2763 2971 2815 ad
2994 2760 3205 2814 Patrem
3233 2776 3388 2814 suum

1824 2854 2104 2907 remittens
2129 2866 2249 2904 etun
2277 2851 2364 2918 qui
2395 2865 2453 2903 se
2483 2849 2559 2902 sic
2585 2849 2959 2918 appellaverat,
2989 2849 3175 2916 inquit,
3249 2846 3387 2912 Quid

1823 2962 1903 2997 me
1929 2945 2057 2996 dicis
2097 2944 2335 2997 bonum?
2370 2957 2513 2993 nemo
2552 2940 2714 2992 bonus
2745 2940 2844 2992 nisi
2881 2957 3011 2992 unus
3046 2940 3110 3003 ⁸³,
3200 2952 3393 3005 nempe

1825 3035 1965 3088 Deus
1995 3033 2172 3088 Pater.
2217 3031 2369 3098 Quod
2397 3031 2444 3085 si
2472 3031 2524 3083 id
2562 3030 2779 3092 merito,
2809 3039 2867 3082 ut
2904 3030 3078 3099 imago
3133 3028 3392 3082 bonitatis

1829 3125 1944 3188 Dei,
1970 3124 2105 3179 dixit
2132 3124 2360 3178 dilectus
2389 3121 2569 3175 Patris
2607 3120 2794 3184 Filius,
2842 3135 3020 3173 annon
3060 3120 3258 3186 justius
3310 3119 3390 3173 sol

1826 3218 2030 3271 diceret
2056 3216 2170 3271 suis
2200 3214 2605 3277 adoratoribus,
2641 3212 2768 3280 quid
2810 3226 2894 3265 me
2940 3210 3170 3265 adores?
3209 3209 3391 3262 Domi-

1827 3330 1951 3367 tium
1990 3311 2155 3365 Deum
2184 3322 2333 3362 tuum
2369 3307 2617 3360 adorabis
2636 3306 2703 3368 “,
2738 3323 2755 3355 ι
2787 3312 2890 3357 etc.
2915 3303 2993 3356 Ad
3018 3317 3134 3370 quae
3160 3302 3272 3355 haec
3290 3302 3392 3354 ad-

1828 3412 1979 3455 notat
2009 3402 2093 3455 vir
2122 3399 2467 3454 doctissimus
2507 3396 2817 3466 Origenian.
2864 3395 2961 3448 lib.
3001 3410 3061 3458 ιι,
3101 3403 3296 3462 quaest.
3333 3391 3393 3458 2,

1830 3508 1978 3544 tium.
2013 3489 2101 3554 15,
2132 3503 2253 3557 pag.
2292 3486 2392 3541 126
2423 3499 2438 3542 :
2467 3504 2485 3536 ι
2527 3484 2826 3538 Bonitatem
2881 3483 3062 3545 illam,
3115 3497 3236 3552 quae
3275 3482 3387 3537 Deo

1828 3581 1973 3635 Patri
1996 3579 2267 3643 convenit,
2304 3578 2522 3632 Christo
2555 3575 2815 3640 detrahit,
2865 3590 2968 3628 non
3006 3582 3209 3627 tantum
3244 3588 3405 3645 qua-9

1832 3681 1985 3725 tenus
2009 3668 2168 3722 homo
2194 3677 2297 3731 est,
2328 3666 2421 3721 sed
2454 3666 2616 3719 etiam
2643 3675 2907 3732 quatenus
2953 3663 3131 3733 imago
3158 3674 3243 3718 est
3290 3665 3392 3718 bo-

1832 3760 2013 3814 uitatis
2063 3758 2180 3824 Dei,
2222 3758 2326 3811 hoc
2383 3766 2486 3821 est,
2536 3762 2802 3824 quatenus
2836 3762 2921 3809 est
2959 3753 3118 3808 Deus.
3151 3771 3171 3806 ι
3223 3753 3396 3821 Quasi

1830 3852 2038 3908 scilicet
2082 3850 2333 3906 Christus
2376 3848 2547 3903 etiam
2596 3856 2860 3915 quatenus
2905 3845 3065 3899 homo
3115 3854 3227 3911 est,
3290 3861 3398 3901 non

1831 3942 2093 4012 singulari
2146 3941 2356 3995 ratione
2399 3947 2545 3993 esset
2596 3938 2851 3993 bonitatis
2880 3936 2973 3991 Dei
3024 3939 3222 4005 imago.
3267 3936 3405 4003 Quis

1832 4052 1961 4089 vero
1984 4036 2189 4098 credat,
2220 4032 2510 4101 Origenem
2545 4030 2743 4100 stupidi
2797 4030 2932 4084 adeo
2974 4028 3171 4097 ingenii
3208 4028 3395 4094 fuisse,

1834 4138 1893 4183 ut
1946 4143 2054 4182 non
2107 4124 2456 4189 intellexerit,
2491 4133 2695 4178 textum
2754 4121 2903 4175 illum
2947 4120 3299 4192 evangelista:
3331 4124 3402 4175 ad

1832 4221 2032 4277 Christi
2083 4217 2429 4287 οἰκονομίαν,
2484 4215 2536 4269 in
2591 4224 2864 4284 assumpta
2914 4223 3115 4267 natura
3166 4214 3403 4267 humana

1833 4322 2159 4383 susceptam,
2184 4309 2404 4364 omnino
2436 4305 2746 4376 pertinere?
2781 4306 2889 4359 Iino
2916 4305 3178 4375 Origenes
3201 4304 3399 4359 ibidem

1834 4404 2036 4456 diserte
2060 4406 2260 4460 monet,
2293 4411 2352 4449 se
2380 4395 2652 4449 Christum
2679 4395 2749 4447 ita
2776 4395 3082 4463 loquentem
3119 4394 3403 4459 inducere,

170 4499 296 4573 μήθ’
315 4500 394 4551 ὃτι
416 4498 558 4552 ἐστὶν
588 4496 714 4559 Υἱὸς
742 4494 817 4564 τῷ
851 4490 1022 4564 Πατρὶ
1047 4491 1154 4545 τῶν
1186 4492 1319 4544 ὅλων
1346 4492 1725 4559 γινώσκοντεςε

1840 4503 2091 4561 tanquam
2130 4487 2482 4562 παράδειγμα
2515 4487 2828 4553 exemplum,
2880 4487 3024 4556 quod
3064 4486 3270 4540 scilicet
3312 4486 3407 4539 ho-

166 4593 226 4655 ὃς
283 4591 373 4644 καὶ
404 4589 573 4657 Λόγος
618 4585 961 4658 πρωτότοκος
1012 4582 1086 4635 ὢν
1136 4582 1226 4635 τοῦ
1261 4580 1417 4645 Θεοῦ,
1470 4583 1561 4633 καὶ
1605 4581 1734 4645 Θεὸς

169 4683 422 4754 ὑπάρχει,
454 4681 502 4733 id
535 4689 617 4733 est
644 4698 657 4732 :
693 4697 711 4728 ι
748 4677 845 4744 Qui
874 4679 1013 4729 enim
1040 4674 1227 4728 Filium
1261 4674 1473 4727 Patrem
1508 4688 1628 4726 esse
1653 4672 1735 4726 di-

168 4786 319 4839 cunt,
358 4773 764 4841 comperiuntur
792 4784 968 4838 neque
999 4767 1211 4820 Patrem
1248 4766 1412 4830 scire,
1448 4780 1619 4832 neque
1645 4763 1736 4817 Fi-

170 4863 303 4917 lium
358 4859 505 4913 Patri
566 4859 946 4912 universorum
1009 4871 1132 4909 esse
1182 4869 1386 4908 nosse:
1441 4854 1554 4922 qui,
1594 4854 1735 4922 quod

172 4952 408 5005 Verbum
450 4951 538 5004 Dei
595 4950 1012 5018 primogenitum
1071 4948 1161 5013 sit,
1215 4946 1354 5000 Deus
1409 4948 1571 5000 etiam
1624 4947 1737 5015 ipse

173 5053 277 5099 est.
307 5062 325 5095 i
366 5042 462 5098 Ubi
498 5057 607 5094 ιιιιιι
635 5041 829 5095 Filium
858 5056 888 5093 a
919 5040 1079 5094 Patre
1131 5039 1504 5094 universarum
1545 5038 1737 5091 distiu-

175 5137 308 5207 guit,
342 5145 395 5190 et
429 5150 548 5188 esse
588 5134 761 5202 ipsum
794 5134 959 5187 Deum
990 5132 1207 5187 Patrem
1234 5141 1424 5185 contra
1455 5129 1737 5183 haereticos

178 5238 376 5294 negat:
408 5234 520 5279 tum
546 5227 705 5278 etiam
730 5222 949 5287 Filium,
974 5225 1196 5292 perinde
1226 5239 1288 5277 ac
1310 5223 1547 5286 Patrem,
1574 5222 1739 5277 Deum

175 5332 364 5371 revera
423 5331 562 5378 esse,
602 5324 790 5384 utpote
835 5330 901 5369 ex
952 5316 1065 5384 ipso
1111 5316 1219 5369 Deo
1269 5314 1427 5369 Patre
1478 5315 1741 5383 genitum,

179 5410 446 5479 agnoscit.
488 5408 757 5463 Fortassis
789 5424 917 5463 vero
946 5408 1317 5471 Marcionitas,
1343 5415 1399 5462 et
1427 5405 1532 5459 alia
1568 5405 1619 5459 id
1650 5419 1742 5474 ge-

178 5516 283 5557 nus
310 5502 589 5557 hominum
622 5511 888 5566 monstra,
940 5502 992 5555 in
1036 5500 1164 5569 ,loco
1203 5500 1367 5554 citato
1407 5498 1532 5552 ierit
1559 5496 1744 5567 Orige-

178 5610 298 5663 nes,
328 5596 420 5666 qui
443 5596 708 5651 docebant
732 5594 1079 5650 Servatorem
1121 5607 1231 5648 non
1274 5605 1394 5647 esse
1430 5589 1528 5645 Dei
1556 5588 1741 5659 illius,

238 5784 303 5839 ;⁶³
333 5783 493 5842 .loan.
541 5798 655 5854 xiv,
692 5781 785 5840 28.
858 5781 1106 5857 "ﬂare.
1135 5780 1293 5846 x,18;
1326 5777 1459 5838 Luc.
1489 5792 1647 5839 xvut.
1685 5774 1772 5832 l9.

1842 4584 2094 4648 minibus,
2134 4582 2250 4650 ipse
2276 4578 2521 4633 Christus
2554 4578 2693 4629 inter
2730 4577 2975 4631 homines
3001 4587 3265 4639 versatus,
3295 4593 3396 4630 ex-

1841 4677 2029 4729 hibere
2052 4672 2238 4727 voluit.
2275 4670 2426 4738 Quod
2467 4671 2510 4723 si
2561 4670 2828 4729 daremus,
2886 4666 3174 4737 Origeuem
3222 4668 3292 4721 ibi
3326 4668 3408 4721 lo-

1840 4768 1929 4836 qui
1966 4767 2030 4820 de
2074 4764 2293 4819 Christo
2346 4772 2610 4830 quatenus
2641 4758 2781 4813 Deus
2813 4769 2914 4821 est,
2963 4760 3208 4827 equidem
3250 4771 3402 4813 recte

1840 4858 2036 4912 dicitur
2055 4855 2222 4909 Filius
2242 4857 2416 4922 imago
2439 4851 2690 4903 bonitatis
2721 4860 2972 4918 paterna»,
2994 4850 3270 4917 athequata
3298 4850 3408 4902 sci-

1840 4949 1963 5002 licet
1990 4959 2045 5001 et
2074 4944 2350 5014 perfecta;
2395 4954 2448 4996 et
2484 4952 2663 4995 tamen
2705 4950 2972 5009 quatenus
3022 4939 3193 4992 Patris
3229 4940 3411 5007 imago

1842 5049 1949 5101 est,
1985 5054 2089 5091 non
2123 5038 2237 5105 ipse
2270 5033 2454 5099 Pater,
2487 5035 2590 5088 hoc
2623 5042 2728 5096 est,
2765 5041 3034 5101 quatenus
3067 5047 3133 5086 ex
3182 5043 3413 5100 paterno

1844 5131 1991 5184 fonte
2013 5129 2308 5184 bonitatem
2343 5142 2519 5192 suam,
2557 5136 2615 5178 ut
2643 5132 2697 5179 et
2730 5137 2923 5179 caetera
2962 5124 3157 5178 divinae
3200 5133 3412 5176 naturae

1846 5221 2130 5283 attributa,
2157 5219 2400 5286 adeoque
2426 5219 2595 5285 ipsam
2624 5217 2858 5270 divinam
2895 5226 3145 5269 naturam
3184 5215 3401 5269 deriva-

1845 5324 1952 5368 tam
1985 5312 2162 5375 habet,
2191 5320 2351 5379 atque
2379 5310 2431 5364 in
2464 5309 2701 5363 secundo
2725 5308 2877 5377 signo
2910 5307 3137 5377 originis
3173 5306 3273 5375 (ut
3327 5305 3404 5359 lo-

1844 5412 2083 5473 quuntur
2110 5400 2449 5467 scholastici)
2493 5400 2744 5452 deitatem
2800 5398 3039 5466 possidet
3069 5414 3082 5460 ;
3118 5396 3258 5449 haud
3294 5396 3398 5447 tui-

1846 5511 1947 5549 nus
1978 5505 2123 5549 recte
2152 5510 2214 5548 ea
2248 5493 2453 5547 ratione
2490 5491 2634 5547 Patri
2686 5492 2886 5559 primas
2927 5489 3163 5543 tribuere
3206 5487 3407 5557 potuit.

1847 5587 1999 5653 Quod
2027 5602 2244 5642 veroex
2286 5585 2404 5639 istis
2455 5582 2637 5638 verbis
2675 5582 2877 5653 colligit
2921 5581 3167 5645 Huetius,
3213 5592 3435 5672 nempe.

1848 5772 2074 5849 “‘Deut.
2103 5787 2183 5832 γι.
2216 5770 2281 5831 15
2309 5787 2326 5830 ι
2369 5768 2565 5827 Matth.
2598 5783 2669 5825 tv.
2728 5765 2814 5821 to.
