3838 6222
455 325 582 381 l3”

1866 338 2291 398 EXCERPTUM

3561 342 3669 395 13H.

455 447 745 511 Origettem
772 446 999 501 omnino
1035 448 1336 505 bonitatem
1369 451 1541 518 illam,
1572 468 1693 523 qua:
1727 454 1834 509 Deo
1881 456 2026 512 Patri
2058 464 2104 520 Α
2132 458 2416 529 Origenem
2453 458 2649 511 Filium
2703 472 2952 513 manasse
2990 458 3056 512 de
3105 458 3197 512 Dei
3248 457 3567 520 substantia,
3609 460 3669 512 sic

454 539 749 603 convenit,
799 538 1023 594 Christo
1072 543 1412 609 detraxisse,
1466 560 1529 599 ac
1578 548 1814 603 sensisse
1864 549 2027 619 (quod

461 643 585 681 mox
624 629 821 682 ibidem
853 630 983 685 dicit
1012 631 1152 685 idem
1180 630 1458 703 Huetius),
1511 635 1704 689 Filium
1750 652 1871 691 esse
1905 649 2029 692 tan-

463 734 576 777 tum
606 732 845 793 paterna:
872 723 1134 780 bonitatis
1162 726 1483 793 particulam
1522 736 1577 781 et
1622 743 1807 781 auram
1840 744 2030 798 quam-

461 813 585 866 dam
639 812 1052 882 imperfectam;
1091 831 1121 869 a
1157 826 1342 869 mente
1380 817 1547 885 ipsius
1580 817 1829 888 Origenis
1874 836 2032 889 pror-

457 918 549 959 sus
574 907 808 959 a'ltennm
842 922 963 961 esse
1024 906 1092 978 (si
1120 909 1280 962 modo
1331 924 1487 964 mens
1520 926 1583 964 ac
1617 913 1882 965 sententia
1917 913 2034 982 ejus

455 1011 522 1049 ex
551 996 705 1051 libris
734 1010 916 1051 contra
942 997 1154 1052 Celsum
1185 1001 1501 1054 aestimanda
1529 1000 1644 1071 sit),
1669 1003 2031 1056 certissimum

460 1099 567 1141 est.
602 1088 736 1141 Nam
778 1104 901 1144 cum
939 1090 992 1143 in
1031 1090 1163 1145 locis
1212 1106 1241 1144 a
1291 1093 1445 1146 nobis
1484 1094 1733 1162 superius
1784 1094 2033 1150 adductis

456 1179 605 1235 clare
636 1181 827 1235 doceat
858 1181 1139 1251 Origenes,
1168 1182 1366 1237 Filium
1397 1199 1537 1249 esse,
1574 1185 1805 1254 perinde
1831 1202 1894 1239 ac
1927 1185 2034 1239 Pa-

457 1279 620 1335 trem,
659 1289 844 1327 verum
880 1271 1071 1338 Deum,
1120 1276 1443 1342 increatum,
1504 1278 1887 1343 immortalem,
1938 1280 2033 1332 im-

460 1363 793 1427 mutabilem,
833 1365 1247 1435 impassibilem,
1272 1365 1628 1433 immensum,
1658 1369 1859 1439 ubique
1890 1384 2031 1437 prae-

456 1466 690 1520 sentem,
718 1466 876 1525 atque
903 1457 1268 1527 undequaque
1326 1460 1543 1514 beatum
1592 1471 1646 1515 et
1686 1461 2024 1530 perlectum;

456 1563 563 1615 qua
602 1548 647 1601 is
701 1550 910 1603 ratione
956 1551 1132 1620 patuit
1178 1552 1230 1603 in
1279 1552 1470 1605 eodem
1510 1553 1648 1607 libro
1705 1553 2032 1617 bonitatem,

458 1653 579 1706 qua:
616 1638 761 1693 Patri
790 1642 1067 1707 convenit,
1102 1642 1262 1709 Filio,
1282 1657 1385 1710 qua
1419 1644 1555 1697 Deus
1583 1654 1687 1709 est,
1711 1646 2035 1701 detrahere?

462 1728 570 1784 Sed
599 1746 764 1800 supra
820 1749 969 1786 num.
999 1734 1053 1797 6,
1088 1735 1251 1789 etiam
1297 1738 1680 1791 Adamantium
1731 1738 2034 1792 audivimus

461 1822 626 1877 inlib.
658 1840 717 1877 ιιι
776 1837 963 1878 contra
1003 1826 1163 1895 Cels.,
1199 1845 1348 1882 num.
1387 1830 1475 1891 41,
1512 1832 1803 1895 dicentem,
1835 1831 2031 1885 Filium
2064 1810 2105 1864 Β

461 1913 555 1967 Dei
585 1930 705 1969 esse
727 1916 819 1970 τὸν
847 1918 1157 1988 αὐτολόγον,
1197 1922 1291 1974 καὶ
1310 1922 1407 1993 τὴν
1429 1922 1777 1992 αὑτοσοφίαν,
1814 1924 1908 1977 καὶ
1936 1923 2034 1995 τὴν

461 2006 874 2079 αὐτοαλήθειαν,
914 2011 964 2065 id
990 2022 1075 2066 est
1133 2031 1151 2064 ι
1186 2014 1355 2081 ipsam
1384 2017 1518 2087 (sive
1550 2016 2031 2089 absolutissimum)

460 2099 608 2153 illam
640 2103 928 2169 rationem,
971 2103 1142 2173 ipsam
1185 2105 1331 2158 illam
1366 2108 1711 2176 sapientiam,
1758 2109 1926 2178 ipsam
1971 2109 2034 2163 il-

471 2192 574 2244 lam
606 2194 911 2250 veritatem.
966 2215 983 2248 ι
1019 2196 1214 2263 Quidni
1263 2198 1428 2268 igitur
1466 2199 1634 2255 Filius
1678 2202 1887 2256 dicatur
1919 2203 2033 2272 ipsa

461 2283 575 2337 sive
610 2285 1008 2341 absolutissima
1067 2290 1299 2356 bonitas,
1356 2308 1461 2347 non
1502 2294 1759 2349 bonitatis
1807 2294 2036 2362 alicujus

461 2377 759 2439 superioris
788 2379 1050 2446 particula
1099 2392 1262 2450 atque
1304 2398 1435 2435 aura
1482 2385 1728 2452 quaedam
1783 2386 2038 2454 imperfe-

463 2468 591 2520 cta?
622 2467 841 2522 Scilicet
877 2472 1117 2524 onmium
1171 2473 1554 2527 attributorum
1604 2476 1910 2529 divinorum
1942 2492 2039 2545 par

470 2570 555 2613 est
584 2561 741 2614 ratio.
775 2560 865 2615 Sic
892 2562 1108 2616 inlibro
1158 2579 1189 2614 v
1238 2575 1425 2618 contra
1467 2565 1697 2631 Celsum,
1749 2582 1897 2622 num.
1944 2568 2035 2634 59,

468 2664 593 2720 pag.
622 2649 749 2715 608,
781 2653 922 2706 unde
960 2653 1073 2707 haec
1102 2654 1416 2710 criminatio
1466 2658 1749 2726 desumpta
1787 2667 1888 2725 est,
1939 2660 2039 2713 ite-

466 2756 586 2795 rum
612 2742 875 2812 Origenes
906 2743 1103 2797 Filium
1140 2747 1271 2800 dicit
1312 2747 1403 2801 τὸν
1450 2748 1761 2818 αὐτολόγον,
1809 2752 1904 2804 καὶ
1940 2750 2039 2823 τὴν

466 2835 819 2906 αὐτοσοφίαν,
851 2838 943 2890 καὶ
969 2838 1066 2911 τὴν
1093 2840 1592 2913 αὐτοδικαιοσύνην,
1624 2844 1673 2896 id
1698 2852 1801 2909 est,
1828 2862 1845 2894 ι
1870 2845 2039 2911 ipsam

467 2927 612 2980 illam
672 2932 961 2997 rationem,
1014 2933 1185 3001 ipsam
1243 2934 1389 2988 illam
1451 2936 1800 3005 sapientiam,
1866 2935 2039 3004 ipsam

468 3019 612 3073 illant
636 3020 923 3089 justitiam.
955 3040 974 3073 ι
1013 3021 1070 3075 In
1112 3038 1234 3091 quae
1265 3023 1515 3095 Origenis
1540 3026 1654 3080 loca
1679 3028 1925 3097 quisquis
1953 3027 2037 3081 lu-

467 3110 743 3164 culentmn
798 3114 1247 3165 commentarium
1294 3116 1461 3183 cupit,
1512 3117 1669 3169 adeat
1708 3116 2043 3170 M.Athana-

468 3200 606 3255 sium
643 3203 694 3256 in
727 3202 979 3257 Oratione
1012 3216 1194 3257 contra
1226 3217 1398 3274 gentes
1424 3206 1559 3276 (3L),
1592 3208 1679 3260 ubi
1706 3207 1783 3261 sic
1808 3207 1875 3261 de
1902 3208 2039 3262 Filio

474 3294 565 3348 Dei
591 3295 779 3350 scribit
814 3316 827 3351 :
872 3296 1113 3367 Δύναμις
1154 3299 1270 3350 ἐστι
1318 3297 1412 3350 τοῦ
1460 3298 1692 3370 Πατρὸς,
1741 3299 1834 3352 καὶ
1864 3299 2041 3369 σοφία,

471 3386 567 3443 καὶ
593 3385 768 3453 λόγος,
800 3385 862 3438 οὐ
888 3386 1027 3441 κατὰ
1062 3386 1292 3458 μετοχὴν
1324 3387 1495 3440 ταῦτα
1537 3387 1635 3451 ὢν,
1680 3390 1802 3442 οὐδὲ
1848 3390 2045 3458 ἔξωθεν

470 3477 867 3548 ἐπιγινομένων
899 3477 1106 3532 τούτων
1152 3478 1300 3548 αὐτῷ
1340 3478 1482 3532 κατὰ
1526 3481 1653 3543 τοὺς
1704 3480 1868 3534 αὑτοῦ
1926 3500 2047 3553 μετ-

472 3566 715 3636 έχοντας,
765 3569 858 3621 καὶ
903 3569 1288 3641 σοφιζομένους
1319 3570 1385 3623 δι’
1435 3570 1621 3635 αὐτοῦ,
1646 3572 1737 3625 καὶ
1763 3571 2041 3641 δυνατοὺς,

472 3658 564 3714 καὶ
596 3657 845 3727 λογικοὺς
874 3662 933 3714 ὲν
958 3660 1107 3731 αὐτῷ
1137 3662 1456 3732 γινομένους
1490 3679 1503 3692 ⁸
1558 3662 1675 3715 ἀλλ’
1724 3664 2041 3734 αὐτοσοφία,

472 3751 789 3820 αὑτολόγος,
820 3753 1184 3825 αὑτοδύναμις
1216 3754 1319 3808 ἰδία
1354 3753 1445 3806 τοῦ
1464 3754 1675 3824 Πατρός
1692 3756 1858 3821 ἐστιν,
1882 3757 2044 3810 αὐτο-

473 3841 610 3911 φῶς,
650 3842 1028 3915 αὑτοαλήθεια,
1067 3843 1533 3914 αὐτοδικαιοσύνη,
1581 3844 1904 3916 αὑτοαρετήο
1952 3845 2046 3899 καὶ

477 3933 577 4011 μὲν
618 3936 711 3987 καὶ
743 3936 1050 4007 χαρακτὴρ,
1092 3936 1183 3989 καὶ
1217 3936 1580 4005 ἀπαύγασμα,
1608 3936 1701 3988 καὶ
1725 3935 1886 3988 εἰκών
1906 3952 1918 3963 ·
1952 3937 2047 3989 καὶ

474 4023 746 4077 συνελόντι
789 4026 1016 4096 φράσαι,
1060 4026 1272 4097 καρπὸς
1322 4026 1636 4088 παν-τέλειος
1683 4025 1773 4078 τοῦ
1835 4026 2046 4097 Πατρὸς

476 4115 731 4186 ὑπάρχει,
760 4117 854 4168 καὶ
886 4116 1044 4185 μόνος
1069 4116 1214 4169 ἐστὶν
1249 4116 1398 4181 Υἱὸς,
1435 4114 1596 4167 εἰκὼν
1630 4114 2047 4185 ἀπαράλλακτος

477 4205 573 4258 τοῦ
606 4204 837 4278 Πατρός.
882 4204 937 4260 ld
968 4218 1085 4272 est,
1120 4224 1137 4257 ι
1176 4205 1422 4266 Potentia
1466 4216 1645 4259 autem
1697 4204 1875 4260 Patris
1914 4206 2048 4260 dici-

477 4307 585 4364 tur,
628 4308 682 4352 et
733 4299 999 4367 sapientia
1047 4309 1101 4353 et
1136 4299 1294 4365 ratio,
1351 4314 1456 4354 non
1508 4298 1631 4353 ideo
1679 4303 1820 4368 quod
1866 4298 2046 4367 aliqua

474 4402 684 4450 tantum
718 4409 785 4448 ex
817 4405 969 4462 parte
1005 4394 1230 4448 istarmn
1260 4408 1441 4449 rerum
1472 4395 1904 4449 communionem
1932 4394 2047 4450 adi-

2137 562 2390 618 tanquam
2419 551 2593 604 lucem
2628 549 2695 604 de
2721 552 2853 614 sole,
2891 562 3053 619 atque
3078 550 3317 620 ejusdem
3347 565 3469 604 esse
3498 566 3557 603 ac
3590 549 3669 602 Pa-
3705 584 3717 595 .

2136 652 2271 695 trem
2297 643 2635 707 substantiae,
2665 642 2788 710 quia
2839 642 2929 696 lux
2959 642 3196 710 ejusdem
3242 652 3323 696 est
3359 643 3669 705 substantia,

2134 732 2285 799 cujus
2328 733 2443 799 sol;
2495 742 2549 787 et
2580 747 2767 785 rursus
2792 731 2985 785 Filium
3017 748 3045 786 a
3079 732 3253 786 Patris
3300 732 3590 786 substantia
3631 743 3671 785 et

2133 821 2413 875 divinitate
2436 836 2786 890 segregasse;
2823 822 2947 890 quia
2997 830 3055 875 ut
3098 837 3127 874 a
3158 822 3267 875 sole
3302 837 3396 890 per
3436 819 3673 875 ellluvium

2135 913 2377 981 profecta
2415 922 2497 967 est
2526 913 2639 979 lux,
2673 925 2877 967 secreta
2915 915 2981 966 ab
3015 928 3079 968 eo
3111 925 3162 967 et
3187 915 3417 983 seposita
3461 914 3559 967 dici
3600 929 3673 981 po-

2137 1015 2276 1069 test;
2314 1015 2574 1075 praterea
2615 1005 2778 1060 Patre
2808 1005 3122 1060 inferiorem
3159 1022 3277 1061 esse
3330 1007 3546 1069 Filium,
3572 1007 3673 1074 quia

2134 1099 2216 1152 sol
2258 1098 2374 1153 luce
2408 1097 2640 1153 nobilior
2670 1106 2755 1152 est
2785 1108 2841 1152 et
2889 1099 3150 1167 dignitate
3184 1098 3450 1165 superior.
3483 1116 3501 1147 ›
3530 1097 3676 1150 Antea

2134 1203 2199 1244 ex
2223 1190 2412 1243 eodem
2453 1190 2615 1243 simili
2651 1191 2718 1245 ab
2777 1190 3008 1258 Origene
3072 1200 3328 1258 usurpato
3370 1188 3671 1256 collegerat,

2136 1295 2283 1332 num.
2319 1279 2408 1342 12,
2447 1294 2566 1349 pag.
2606 1277 2730 1344 ΗΖ),
2767 1298 2785 1331 ι
2811 1279 3131 1333 Trinitatem
3156 1281 3222 1334 ab
3249 1278 3483 1349 Origene
3509 1280 3557 1331 in
3574 1294 3678 1348 par-

2139 1377 2217 1421 tes
2248 1378 2474 1432 seclam,
2494 1379 2548 1423 et
2575 1370 2822 1423 essentia:
2846 1385 2907 1423 ac
2929 1370 3221 1423 divinitatis
3249 1370 3567 1439 quibusdam
3590 1368 3681 1423 vel-

2137 1461 2210 1513 uti
2244 1461 2498 1530 gradibus
2522 1461 2828 1515 distinctam
2866 1461 3044 1516 fuisse.
3098 1482 3116 1514 ι
3150 1461 3346 1517 Verum
3364 1463 3465 1517 hoc
3496 1472 3681 1517 nonest

2136 1552 2300 1623 (quod
2332 1552 2482 1607 salvo
2504 1552 2713 1607 honore
2743 1553 2841 1605 viri
2888 1552 3247 1607 laudatissitni
3289 1555 3495 1607 dictum
3524 1551 3684 1623 velim)

2139 1646 2253 1715 ipsa
2288 1644 2629 1715 Origenianze
2669 1646 2929 1700 doctrinae
2963 1646 3258 1715 penetralia
3311 1645 3541 1701 scrutari
3566 1663 3580 1709 ;
3606 1645 3685 1699 sed
3778 1652 3779 1671 ‘

2139 1752 2199 1790 ea
2236 1736 2415 1804 potius
2446 1736 2629 1790 rimari
2664 1746 2719 1790 et
2754 1737 3042 1806 suspicari,
3084 1737 3149 1791 de
3183 1738 3386 1805 quibus
3427 1738 3538 1806 ipse
3579 1736 3684 1793 Ori-

2135 1841 2298 1897 genes
2329 1842 2395 1881 ne
2435 1840 2529 1896 per
2573 1827 2839 1881 somnium
2870 1827 3084 1895 quidem
3144 1842 3380 1894 unquam
3437 1826 3683 1894 cogitavit.

2138 1914 2336 1970 Fateor
2388 1916 2794 1986 generationem
2848 1915 2965 1969 Filii
3022 1931 3090 1970 ex
3135 1914 3297 1970 Patre
3353 1916 3605 1969 illustrari
3634 1919 3685 1969 ab

2136 2007 2575 2076 Origene,etiam
2606 2007 2658 2058 in
2689 2005 2843 2060 libris
2877 2018 3061 2059 contra
3096 2006 3325 2070 Celsum,
3357 2007 3686 2061 similitudine

2136 2100 2272 2153 radii
2306 2100 2429 2153 sive
2483 2098 2784 2168 splendoris
2815 2114 2845 2152 a
2899 2101 3033 2163 sole,
3071 2100 3185 2153 sive
3237 2100 3341 2152 alio
3376 2116 3600 2169 corpore
3624 2100 3686 2151 lu-

2139 2193 2280 2257 cido,
2310 2190 2557 2261 projecti.
2589 2189 2695 2246 Sed
2719 2192 2847 2260 quid
2882 2184 3032 2244 tum?
3065 2191 3255 2244 Annon
3292 2190 3488 2244 Patres
3527 2194 3687 2243 catho-

2136 2284 2225 2337 lici
2260 2299 2471 2350 omnes,
2511 2293 2620 2336 tam
2662 2284 2753 2352 qui
2788 2292 2933 2347 ante,
2968 2299 3127 2351 quam
3155 2283 3246 2351 qui
3276 2292 3397 2350 post
3427 2283 3686 2335 concilium

2138 2375 2412 2429 Nicaznum
2432 2374 2788 2444 scripserunt,
2811 2375 3000 2429 eodem
3025 2375 3186 2428 simili
3220 2376 3299 2428 usi
3329 2376 3508 2428 sunt?
3533 2373 3689 2426 Nonne

2139 2469 2237 2537 ipsi
2279 2467 2469 2523 Patres
2514 2467 2737 2532 Nicceni,
2769 2467 2929 2536 idque
2972 2467 3023 2520 in
3067 2468 3178 2536 ipso
3214 2468 3466 2537 symbolo
3507 2482 3597 2520 suo
3626 2466 3689 2516 di-

2140 2572 2363 2625 xerunt,
2399 2562 2592 2617 Filium
2648 2561 2813 2615 Deum
2863 2576 2927 2613 ex
2963 2560 3121 2613 Patre
3174 2560 3283 2613 Deo
3331 2561 3515 2623 nasci,
3553 2569 3603 2611 ut
3632 2559 3689 2608 Iu-

2142 2672 2260 2709 mcn
2290 2657 2355 2709 de
2384 2655 2636 2709 lumine?
2670 2653 2734 2707 Et
2758 2653 2887 2722 quid
2921 2654 3134 2705 demtnn
3183 2652 3445 2721 Epistolze
3499 2652 3561 2703 ad
3608 2650 3687 2702 lle-

2128 2749 2312 2801 ‘bracos
2343 2747 2524 2801 divino
2557 2746 2810 2814 scriptori
2863 2744 2973 2806 liet,
3007 2745 3098 2812 qui
3145 2759 3249 2796 non
3278 2743 3490 2797 veritus
3520 2752 3595 2795 est
3623 2741 3688 2793 Fi-

2143 2839 2268 2892 lium
2302 2838 2394 2892 Dei
2430 2851 2746 2905 nuncupare
2801 2835 3146 2904 ἀπαύγασμα
3174 2834 3272 2903 τῆς
3297 2829 3462 2902 δόξης
3487 2831 3574 2882 τοῦ
3599 2829 3687 2881 Πι-

2139 2930 2297 3002 τρός,
2335 2929 2657 2999 splendorem
2695 2938 2927 2997 paterna:
2958 2926 3161 2996 gloriw,
3216 2940 3335 2993 cap.
3394 2939 3440 2988 ι,
3474 2937 3606 2975 vers.
3634 2919 3689 2973 5?

2147 3021 2258 3074 Duo
2292 3028 2436 3073 certe
2476 3019 2793 3088 porismata,
2832 3033 2950 3086 qua:
2975 3032 3040 3073 ex
3071 3019 3173 3070 hac
3197 3014 3601 3083 comparatione
3620 3010 3689 3063 de-

2094 3151 2111 3169 .
2154 3111 2323 3175 ducit,
2349 3109 2676 3179 Origenique
2718 3108 2926 3179 allingit
2954 3107 3207 3173 lluetius,
3246 3121 3275 3157 a
3308 3115 3501 3159 mente
3526 3100 3689 3169 Orige-

2148 3206 2231 3257 nis
2253 3203 2471 3258 omnino
2507 3201 2679 3255 aliena
2708 3210 2853 3257 sunt.
2891 3200 3131 3255 Primum
3150 3208 3250 3258 est,
3275 3196 3480 3250 Filium
3504 3212 3532 3249 a
3562 3194 3691 3248 Patre

2147 3297 2307 3349 dividi
2337 3304 2393 3350 et
2414 3296 2657 3365 separari
2692 3305 2749 3349 ut
2779 3306 2987 3365 partem
3026 3294 3219 3348 divince
3240 3291 3498 3346 essentia:
3532 3304 3561 3343 a
3584 3297 3691 3349 tota,
3778 3314 3779 3365 ξ

2147 3388 2390 3457 adeoque
2428 3386 2523 3441 Dei
2566 3387 2865 3441 essentiam
2905 3388 2955 3439 in
2986 3393 3169 3455 partes
3199 3396 3407 3436 seetam
3440 3397 3575 3435 esse.
3607 3375 3692 3433 Sed

2146 3480 2268 3546 quis
2298 3478 2506 3541 credat,
2536 3476 2780 3547 Origeni,
2814 3477 2931 3530 viro
2977 3490 3110 3529 sane
3156 3490 3258 3529 non
3311 3474 3559 3537 indocto,
3604 3481 3692 3524 tam

2150 3568 2410 3622 insulsam
2446 3568 2837 3638 blasphemiam
2878 3567 3067 3620 venire
3094 3565 3145 3620 in
3175 3572 3416 3619 mentem
3442 3560 3693 3633 potuisse?

2147 3660 2369 3727 Quoties
2425 3675 2554 3715 vero
2596 3662 2646 3714 iu
2692 3660 2909 3727 scriptis
2963 3659 3077 3713 suis
3108 3659 3264 3713 istam
3328 3655 3693 3728 blasphemiam

2147 3765 2405 3819 expresse
2439 3752 2745 3820 repudiavit
2774 3750 3161 3804 Adamantius!
3193 3747 3281 3803 Sic
3327 3752 3416 3817 (ut
3452 3749 3551 3800 alia
3604 3747 3692 3796 loca

2146 3852 2399 3898 sexcenta
2430 3840 2701 3912 omittam)
2736 3842 2789 3895 in
2813 3841 2952 3895 libro
2998 3855 3052 3894 tv
3088 3850 3266 3893 contra
3289 3840 3464 3903 Cels.,
3494 3854 3629 3892 num.
3655 3838 3693 3895 ι,

2148 3951 2269 4005 pag.
2296 3933 2400 3989 5l0
2439 3933 2621 4003 (quem
2672 3934 2849 3989 locum
2883 3934 2993 4004 jam
3043 3946 3205 3999 supra
3238 3931 3289 3984 in
3343 3930 3453 3984 hoc
3506 3931 3693 3997 capite,

2149 4044 2294 4082 num.
2329 4028 2384 4093 7,
2419 4028 2690 4096 integrum
2720 4025 3066 4093 adduximus)
3100 4023 3398 4093 Epicureos
3432 4032 3483 4076 et
3515 4022 3694 4075 Stoicos

2149 4120 2360 4186 irridet,
2403 4122 2547 4188 quod
2595 4133 2701 4172 non
2748 4117 3019 4186 potuerint
3052 4114 3328 4187 τρανῶσαι
3353 4116 3456 4185 τὴν
3488 4110 3691 4181 φυσικὴ-ι

2146 4211 2239 4265 τοῦ
2274 4210 2409 4264 Θεοῦ
2435 4210 2657 4273 ἔννοιαν,
2687 4208 2761 4273 ὡς
2784 4209 2958 4279 πάντη
2995 4207 3274 4278 ἀφθάρτου
3300 4246 3313 4269 ,
3376 4208 3477 4260 καὶ
3526 4203 3691 4266 ἁπλοῦ,

2148 4305 2242 4359 καὶ
2276 4302 2587 4368 ἀσυνθέτου,
2633 4303 2727 4356 καὶ
2776 4300 3101 4372 ἀδιαιρέτου,
3138 4301 3186 4351 id
3218 4310 3321 4360 est,
3359 4317 3381 4349 ι
3418 4299 3569 4352 Clare
3617 4295 3689 4348 Dei

2151 4402 2401 4445 naturam
2438 4392 2763 4461 intelligere,
2792 4405 2979 4458 nempe
3026 4391 3165 4459 quod
3199 4390 3241 4443 is
3272 4390 3342 4443 sit
3398 4390 3609 4443 omnino
3631 4388 3690 4438 in-

477 4489 731 4559 piscatur,
774 4497 865 4541 aut
891 4488 989 4541 ista
1012 4488 1225 4541 aliunde
1249 4487 1347 4556 ipsi
1373 4488 1786 4556 supervenirent
1812 4504 1826 4553 ;
1856 4501 2042 4555 quem-
2076 4490 2119 4543 D
2149 4483 2537 4554 corruptibilis,
2559 4492 2614 4537 et
2662 4481 2913 4551 simplex,
2948 4497 3044 4536 nec
3070 4482 3428 4550 compositus,
3462 4495 3556 4534 nec
3582 4477 3679 4531 diris

475 4580 762 4632 admodum
820 4579 910 4646 qui
984 4580 1156 4649 ipsius
1203 4586 1328 4631 sunt
1363 4581 1673 4648 participes,
1718 4594 1812 4648 per
1865 4580 2041 4649 ipsum

477 4672 776 4739 sapientes,
829 4681 1080 4738 potentes
1123 4685 1186 4724 ac
1220 4670 1514 4725 rationales
1554 4668 1857 4725 eiliciuntur
1897 4685 1913 4724 :
1950 4670 2045 4725 sed

476 4773 760 4833 propterea
789 4764 929 4832 quod
961 4764 1031 4817 sit
1060 4763 1175 4832 ipsa
1210 4763 1495 4832 sapientia,
1552 4763 1662 4831 ipsa
1720 4763 1878 4829 ratio,
1931 4764 2044 4832 ipsa

476 4854 695 4921 propria
721 4855 962 4923 potentia
993 4854 1191 4922 Patris,
1225 4856 1337 4924 ipsa
1366 4853 1480 4918 lux,
1521 4853 1634 4922 ipsa
1673 4854 1894 4920 veritas,
1927 4854 2041 4924 ipsa

470 4945 705 5014 justitia,
752 4946 867 5015 ipsa
911 4946 1104 5010 virtus,
1147 4956 1202 5002 et
1243 4948 1544 5008 character,
1582 4956 1637 5001 et
1678 4945 1952 5015 splendor,
1985 4955 2043 5001 et

478 5039 656 5107 imago
707 5037 919 5093 Patris:
948 5048 1024 5104 et,
1074 5051 1132 5093 ut
1176 5041 1342 5093 verbo
1388 5039 1585 5106 dicam,
1620 5037 1826 5092 fructus
1868 5036 2044 5093 Patris

479 5132 833 5197 undecunque
880 5129 1172 5197 perfectus,
1208 5144 1272 5184 ac
1298 5129 1444 5185 solus
1485 5128 1677 5194 Filius,
1720 5139 1775 5183 et
1809 5128 2046 5183 invaria-

479 5223 606 5278 bilis
641 5224 817 5292 imago
844 5222 1042 5277 Patris.
1075 5242 1093 5273 ι

552 5311 733 5384 θχιν.
760 5312 1061 5369 Doctissimi
1083 5311 1259 5367 lluetii
1282 5311 1505 5380 vestigia
1529 5311 1705 5365 adhuc
1724 5326 1933 5382 premo,
1948 5310 2040 5380 qui

478 5423 558 5473 se,
604 5409 785 5461 missis
830 5407 1187 5477 ambagibus,
1228 5407 1343 5475 ipsa
1389 5406 1728 5475 Origeniante
1776 5405 2037 5459 doctrina:

480 5500 772 5569 penetralia
797 5510 1163 5556 scrutaturqu
1195 5499 1489 5570 professus,
1532 5506 1681 5553 notat
1728 5496 2040 5567 Origenian.

481 5592 576 5651 lib.
614 5606 677 5659 ιι,
707 5603 897 5662 quaest.
933 5590 988 5657 2,
1026 5606 1172 5645 num.
1226 5590 1316 5656 24,
1374 5604 1497 5661 pag.
1532 5588 1653 5656 152,
1689 5605 1707 5640 ι
1753 5587 2045 5644 credidisse

552 5798 663 5868 (Tit)
698 5798 849 5854 Tom.
886 5796 924 5864 l,
957 5813 1007 5866 ιι.
1041 5797 1126 5854 Eil.

2152 4575 2343 4628 sibilis.
2381 4593 2402 4625 ι
2444 4572 2562 4628 Mox
2607 4573 2753 4627 addit
2784 4572 2975 4625 Filiqu
3014 4572 3103 4625 Dei
3155 4573 3207 4625 in
3242 4571 3420 4626 forma
3455 4571 3565 4633 Dei,
3603 4570 3683 4622 hoc

2152 4675 2255 4731 est,
2288 4664 2341 4719 in
2363 4664 2601 4719 essentia
2632 4663 2810 4718 divina
2839 4664 3155 4729 subsistere,
3197 4663 3431 4732 proinde
3458 4673 3511 4715 et
3538 4662 3683 4729 ipsum

2146 4756 2300 4828 juxta
2322 4771 2444 4812 cum
2474 4755 2633 4810 Patre
2654 4755 3038 4810 immutabilem
3064 4770 3206 4811 esse.
3241 4753 3387 4809 Nihil
3412 4763 3582 4809 autem
3613 4766 3683 4805 ex-

2152 4849 2393 4920 pressius
2434 4848 2559 4902 huic
2584 4857 2894 4903 commento
2916 4855 3197 4917 repugnat,
3226 4861 3389 4914 quam
3416 4846 3572 4900 verba
3592 4839 3683 4896 0τὶ-

2150 4942 2324 5011 genis,
2371 4954 2489 5009 qua:
2549 4954 2617 4994 ex
2658 4938 2749 4993 lib.
2786 4953 2822 4992 ιι
2875 4954 2992 5005 ευρ.
3040 4936 3228 4999 Joan.,
3266 4950 3387 5004 pag.
3453 4933 3552 4997 92,
3584 4930 3683 4984 citat

2150 5031 2461 5101 Pamphilus
2494 5032 2545 5084 in
2570 5030 2788 5101 Apoleg.
2820 5045 3009 5098 nempe
3035 5030 3181 5082 haec:
3206 5047 3223 5078 ι
3252 5026 3568 5095 Unigenitus
3585 5037 3681 5088 ergo

2152 5124 2295 5179 Deus
2318 5124 2562 5179 Salvator
2590 5134 2776 5178 noster
2825 5123 2973 5177 solus
3017 5138 3045 5175 a
3079 5121 3241 5175 Patre
3276 5131 3579 5190 generatus,
3606 5132 3679 5169 na-

2151 5229 2274 5273 tura
2304 5227 2357 5273 et
2395 5232 2501 5271 non
2532 5216 2820 5284 adoptione
2846 5216 3012 5271 Filius
3049 5222 3149 5269 est.
3205 5212 3376 5267 Natus
3425 5224 3591 5266 autem
3632 5221 3677 5257 rx

2152 5310 2266 5379 ipsa
2302 5310 2479 5365 Patris
2520 5319 2720 5375 mente,
2775 5309 2915 5363 sicut
2965 5307 3215 5361 voluntas
3265 5322 3334 5361 ex
3369 5315 3566 5360 mente.
3593 5298 3678 5353 Non

2151 5403 2297 5455 enim
2328 5401 2614 5456 divisibilis
2657 5412 2744 5456 εει
2789 5403 2965 5454 divina
3006 5409 3223 5463 natura,
3276 5398 3329 5452 id
3360 5406 3463 5462 est,
3495 5390 3713 5462 ingenili.

2153 5492 2351 5557 Patris,
2387 5503 2441 5547 ut
2478 5503 2726 5562 putemus
2749 5494 2833 5547 vel
2864 5493 3158 5553 divisione,
3213 5490 3293 5544 vel
3341 5486 3681 5542 imminutione
3705 5471 3721 5501 "

2154 5587 2471 5643 substantiae
2528 5587 2662 5654 ejus,
2715 5584 2906 5642 Filium
2936 5600 3056 5641 esse
3111 5582 3473 5654 progenitum.
3509 5597 3527 5630 ι
3582 5572 3681 5630 Vide
