3838 6222
146 336 302 396 1515

1173 332 1265 389 EX
1303 332 1367 388 G.
1408 329 1610 387 BULLI
1650 330 1799 387 DEF.
1843 330 2017 385 FlDEl
2058 328 2383 384 NlC/ENE.

3230 318 3393 377 ‘lSll

168 455 329 523 hujus
361 466 507 524 cap.,
531 465 682 507 num.
720 449 811 514 19,
838 448 891 504 in
920 447 1046 503 line.
1069 447 1150 502 Ad
1176 448 1409 502 alterum
1436 445 1614 500 Huetii
1637 461 1731 502 co-
1756 452 1809 511 Α
1835 444 1955 515 Θεῷ
1978 460 1994 477 ο
2027 444 2079 498 id
2107 452 2214 505 est.
2255 461 2275 494 ι
2310 442 2418 496 Sed
2448 454 2611 494 unum
2641 432 2836 505 Deum,
2864 448 2918 493 et
2948 438 3066 507 ejus
3109 434 3304 493 Filium
3335 453 3393 492 at

170 546 445 602 rollarium
482 545 630 614 quod
663 544 877 609 attinet,
915 555 1109 610 nempe
1163 539 1359 593 Filium
1404 540 1471 593 ab
1501 538 1736 610 Origene

166 639 327 694 Patre
353 636 663 692 inferiorem
719 635 905 700 statui,
946 633 1087 688 infra
1139 646 1237 687 suo
1266 631 1384 685 loco
1441 631 1736 686 evidentis-

164 730 303 784 sime
333 728 637 791 ostendam,
676 741 950 795 nunquam
975 724 1230 778 statuisse
1253 722 1561 793 Origenem,
1589 722 1733 776 Patri

165 817 363 872 Filium
395 832 516 872 esse
541 817 799 886 imparem
827 814 980 884 juxta
1022 813 1338 879 essentiam,
1376 812 1471 867 sed
1528 820 1735 865 tantum

167 911 394 981 originis
425 918 693 977 respectu,
729 921 922 975 nempe
961 915 1227 973 quatenus
1250 903 1409 957 Pater
1437 911 1521 957 est
1550 913 1739 956 auctor

168 1012 224 1058 et
255 1000 573 1071 principium
609 998 756 1052 Filii.
788 996 962 1050 Verbo
996 997 1196 1060 dicam,
1240 994 1507 1064 Origenes
1541 992 1738 1063 aliique

170 1093 425 1149 catholici
466 1092 653 1145 Patres
682 1089 858 1144 simile
888 1088 1015 1142 illud
1051 1088 1180 1143 solis
1229 1098 1282 1143 et
1329 1087 1487 1150 radii,
1521 1086 1657 1140 lucis
1685 1097 1739 1138 et

171 1184 474 1254 splendoris
504 1192 844 1253 usurpantes,
881 1182 995 1235 haec
1051 1189 1256 1234 tantum
1311 1179 1619 1247 significare
1645 1192 1739 1232 vo-

170 1275 404 1341 luerunt,
441 1289 613 1343 neque
641 1274 787 1327 aliud
814 1272 1108 1342 quidquam
1149 1271 1283 1340 ipsis
1308 1270 1360 1323 in
1391 1280 1625 1324 mentem
1646 1285 1739 1323 ve-

171 1370 253 1425 nit
281 1388 294 1423 :
324 1369 377 1421 1°
408 1366 623 1422 Patrem
652 1383 767 1422 esse
797 1366 979 1436 πηγὴν
1003 1364 1272 1434 θεότητος,
1314 1383 1333 1415 ι
1374 1362 1574 1418 fontem
1606 1363 1739 1417 divi-

172 1462 381 1526 nitatis,
419 1480 438 1512 ›
469 1459 921 1529 quemadmodum
956 1458 1036 1513 sol
1070 1456 1188 1511 fons
1210 1464 1296 1510 est
1334 1454 1637 1522 splendoris
1670 1470 1737 1509 ex

172 1555 288 1623 ipso
307 1554 489 1607 emissi
515 1569 529 1618 ;
568 1551 624 1603 2⁸
646 1550 837 1603 Filium
863 1563 983 1603 esse
1008 1548 1246 1617 ejusdem
1272 1557 1479 1599 naturae
1519 1561 1581 1598 ac
1609 1543 1740 1598 sub-

170 1646 401 1705 Stantiaz,
433 1642 587 1712 cujus
614 1650 698 1695 est
745 1639 938 1705 Pater;
970 1647 1155 1708 utpote
1184 1638 1251 1691 de
1288 1638 1400 1705 ipsa
1450 1636 1629 1690 Patris
1654 1650 1741 1690 es-

170 1737 346 1791 sentia
396 1735 656 1804 genitum,
711 1743 768 1787 ut
824 1732 1004 1785 lumen
1068 1745 1134 1784 ex
1194 1729 1397 1785 lumine
1427 1739 1651 1791 manat;
1685 1730 1740 1782 3°

172 1828 376 1882 Filium
406 1824 719 1895 neu'tiquam
753 1841 781 1879 a
814 1824 974 1879 Patre
1014 1838 1112 1877 suo
1142 1822 1373 1876 divisum
1408 1837 1472 1877 ac
1521 1837 1744 1893 separa-
1773 1803 1815 1859 Β

175 1928 288 1972 tum
315 1918 613 1980 exsistere;
643 1915 1099 1985 quemadmodum
1134 1928 1233 1967 nec
1266 1913 1447 1967 radius
1502 1928 1533 1967 a
1585 1913 1699 1968 sole
1723 1955 1739 1980 ,

172 2024 275 2063 nec
305 2008 557 2076 splendor
580 2023 608 2060 a
646 2007 765 2059 luce
788 2004 1110 2073 disjttngitur
1135 2021 1149 2070 ;
1184 2004 1242 2057 4⁸
1289 2005 1520 2072 denique
1545 2003 1740 2059 Filium

174 2100 291 2154 sine
315 2099 635 2152 alteratione
685 2106 739 2151 et
768 2097 1124 2150 diminutione
1152 2095 1349 2149 divinae
1382 2097 1635 2149 essentia:
1674 2108 1743 2148 ex

174 2191 341 2246 Putre
365 2190 535 2244 nasci.
564 2188 826 2258 Equidem
865 2188 963 2242 hos
998 2187 1163 2240 animi
1211 2188 1381 2240 nostri
1424 2196 1741 2255 conceptus,

175 2285 246 2338 de
272 2282 546 2338 adoranda
578 2281 925 2350 generatione
946 2277 1068 2332 Filii
1091 2278 1204 2341 Dei,
1231 2279 1425 2330 mirum
1446 2277 1497 2330 in
1530 2278 1745 2332 modum

174 2374 392 2441 adjuvat
420 2372 716 2427 similitudo
752 2371 891 2434 ista;
928 2370 1069 2423 unde
1090 2378 1144 2424 et
1174 2384 1202 2422 a
1235 2368 1488 2422 Patrihus
1514 2365 1748 2423 Nicaznis

176 2466 233 2520 in
263 2466 376 2533 ipsa
401 2463 741 2518 confessione
777 2477 873 2516 sua
912 2461 1149 2515 adhihita
1178 2459 1299 2513 fuit.

249 2556 275 2627 §
299 2554 416 2608 XV.
438 2554 825 2624 Restatquiuta
850 2562 1009 2621 atque
1027 2552 1211 2604 ultima
1235 2549 1564 2613 criminatio,
1588 2564 1747 2616 quam

176 2665 244 2703 ex
272 2649 422 2702 libris
447 2658 628 2700 contra
652 2646 856 2699 Celsum
880 2643 1094 2714 Origeni
1116 2645 1340 2696 intentat
1367 2641 1591 2694 l‘luetius
1623 2639 1748 2693 Ori-

175 2742 386 2808 genian.
421 2739 515 2791 lib.
554 2754 614 2802 ιι,
640 2746 831 2806 quiest.
862 2736 914 2801 ‘2,
934 2750 1081 2787 num.
1110 2732 1198 2798 29,
1235 2748 1355 2803 pag.
1390 2733 1509 2795 156,
1536 2745 1747 2800 nempe,

180 2832 429 2885 docuisse
490 2831 661 2899 ipsum
716 2847 734 2878 ι
790 2827 1061 2881 humiliori
1105 2824 1321 2879 Patrem
1370 2825 1748 2878 obsecratione

178 2925 548 2978 venerandum
577 2937 696 2975 esse
756 2936 915 2989 quam
950 2917 1169 2971 Filium.
1202 2935 1222 2968 δ
1269 2915 1575 2971 Geuuinam
1614 2916 1751 2967 hanc

181 3015 349 3070 fuisse
393 3015 640 3081 Origenis
690 3011 1017 3067 sententiam
1060 3010 1269 3063 duobus
1301 3009 1572 3077 praecipue
1620 3006 1751 3059 locis

180 3124 249 3163 ex
273 3108 460 3162 iisdem
491 3107 640 3160 libris
668 3106 878 3175 probat.
905 3103 1052 3156 Alter
1071 3102 1222 3156 locus
1250 3101 1589 3155 inveniturin
1614 3100 1752 3153 libro

183 3202 392 3269 quinto,
425 3214 571 3252 num.
602 3198 658 3261 4,
688 3214 808 3266 pag.
846 3196 969 3259 580,
1008 3196 1095 3247 ubi
1127 3195 1205 3248 sic
1227 3194 1489 3263 Origenes
1506 3192 1750 3246 disserit:

182 3296 369 3348 Πᾶσαν
405 3293 501 3363 μὲν
534 3291 715 3360 δέησιν
737 3289 842 3360 γὰρ
868 3289 957 3341 καὶ
989 3287 1315 3358 προσευχὴν,
1362 3286 1455 3337 καὶ
1498 3283 1754 3349 ἔντευξιν,

184 3387 279 3440 καὶ
294 3384 639 3456 εὐχαριστίαν
660 3380 1041 3451 ἀναπεμπτέον
1059 3378 1134 3448 τῷ
1160 3381 1252 3430 ἐπὶ
1270 3380 1403 3430 πᾶσι
1430 3376 1547 3446 Θεῷ
1563 3376 1651 3428 διὰ
1665 3376 1757 3427 τοῦ

185 3479 277 3530 ἐπὶ
305 3479 516 3530 πάντων
528 3474 769 3543 ἀγγέλων
796 3474 1118 3544 ἀρχιερέως,
1148 3470 1391 3541 ἐμψύχου
1409 3470 1578 3538 Λόγου
1600 3467 1756 3521 Θεοῦο

184 3568 486 3639 δεησόμεθα
498 3567 552 3619 δὲ
574 3568 667 3619 καὶ
679 3564 839 3618 αὑτοῦ
854 3565 945 3617 τοῦ
963 3565 1157 3631 Λόγου,
1178 3564 1270 3615 καὶ
1286 3560 1642 3631 ἐντευξόμεθα
1665 3561 1762 3614 αὑ-

184 3661 283 3732 τῷ,
302 3661 886 3731 καὶεὺχαριστήσομεν,
913 3658 1006 3710 καὶ
1038 3653 1443 3726 προσευξόμεθα
1463 3654 1541 3717 δὲ,
1561 3654 1656 3707 ἐὰν
1672 3653 1762 3705 δυ-

186 3752 403 3823 νώμεθα
434 3751 753 3804 κατακούειν
787 3751 884 3820 τῆς
904 3748 1029 3820 περὶ
1054 3748 1356 3819 προσευχῆς
1386 3745 1758 3815 κυριολὲξεως,

187 3844 283 3896 καὶ
314 3845 728 3914 καταχρήσεως·
757 3842 808 3895 id
833 3853 936 3904 est,
975 3858 992 3889 ι
1024 3840 1227 3893 Omnes
1260 3838 1403 3891 enim
1429 3836 1763 3904 deprecatio-

189 3951 310 3999 nes,
348 3945 402 3988 et
434 3935 743 4003 petitiones,
770 3945 960 3985 omnes
989 3928 1454 3997 interpellationes
1477 3934 1531 3979 et
1556 3925 1757 3993 gratia-

188 4044 310 4083 rnm
342 4027 585 4081 actiones
624 4024 910 4078 fundendte
942 4030 1069 4075 sunt
1104 4021 1235 4085 Deo,
1294 4032 1475 4072 rerum
1519 4017 1761 4071 omnium

189 4121 448 4182 Domino,
482 4132 579 4188 per
609 4116 867 4183 majorem
919 4113 1175 4168 omnibus
1224 4110 1431 4180 angelis
1489 4122 1761 4163 summum

188 4210 533 4274 Pontificem,
566 4209 743 4260 vivum
778 4203 1011 4258 Verbum
1035 4212 1090 4257 et
1135 4201 1325 4255 Deum.
1361 4198 1594 4253 Verbum
1628 4211 1764 4265 quo-

190 4316 299 4372 que
327 4299 454 4353 illud
489 4296 825 4367 deprecaturi
863 4307 1069 4360 sumus,
1103 4288 1588 4357 interpellabimus,
1623 4294 1679 4338 et.
1711 4284 1761 4338 ei

190 4393 394 4464 gratias
418 4404 665 4460 agemus,
701 4401 890 4457 preces
935 4384 1097 4438 etiam
1129 4380 1441 4439 oli‘eremus.
1490 4378 1647 4430 modo
1681 4375 1764 4428 in-

198 4482 528 4553 telligamus,
560 4478 829 4548 quomodo
851 4477 963 4529 haec
1010 4472 1349 4541 accipiantur
1379 4468 1463 4522 vel
1497 4465 1719 4520 abusive
1742 4503 1758 4529 ,
1793 4490 1838 4547 ι)
1862 4465 1910 4553 (ll

192 4574 278 4626 vel
314 4571 550 4641 proprie.
597 4589 615 4621 ι
657 4567 779 4632 Ubi,
809 4565 985 4635 inquit
1016 4563 1266 4625 Huetius,
1301 4559 1600 4614 orationem
1630 4570 1759 4625 pro-

194 4663 309 4730 prie
329 4662 436 4714 Deo
458 4659 603 4713 Patri
628 4657 770 4711 fundi
790 4655 941 4723 jubet
966 4672 979 4719 ;
1006 4651 1353 4720 imprOpriam
1374 4661 1499 4702 vero
1519 4655 1574 4701 et
1594 4661 1762 4715 χατα-

194 4752 521 4823 χρηστικὴν,
553 4748 689 4802 Filio
720 4765 733 4800 :
765 4746 838 4800 illi
872 4753 929 4797 ut
958 4756 1171 4798 summo
1204 4739 1330 4803 Deo,
1368 4738 1633 4791 bonorum
1667 4735 1763 4786 da-

197 4845 299 4899 tori
331 4861 343 4908 ;
382 4844 507 4897 huic
536 4850 789 4906 tanquam
827 4834 1045 4907 μεσίτῃ,
1076 4831 1165 4899 qui
1198 4842 1386 4899 preces
1413 4836 1625 4880 nostras
1654 4824 1762 4878 Deo

194 4936 405 4989 offerat.
440 4933 637 4986 Locum
659 4930 888 4983 alterunt
916 4928 1060 4995 legas
1083 4922 1179 4975 lib.
1213 4934 1329 4982 vin,
1349 4934 1497 4971 num.
1522 4916 1610 4978 15,
1640 4930 1761 4984 pag.

194 5027 295 5080 751
334 5043 346 5077 :
381 5024 472 5076 Διὸ
503 5022 592 5074 τὸν
616 5021 711 5073 ἕνα
737 5018 890 5081 Θεὸν,
924 5016 1018 5068 καὶ
1044 5015 1137 5065 τὸν
1160 5012 1251 5064 ἕνα
1280 5010 1407 5063 Υἱὸν
1440 5005 1605 5061 αὑτοῦ
1628 5045 1641 5068 ,
1667 5005 1760 5058 καὶ

197 5114 500 5183 Λόγονρκαὶ
529 5112 711 5165 εἰκόνα
736 5112 854 5172 ταῖς
880 5106 1019 5160 κατὰ
1042 5105 1102 5157 τὸ
1126 5102 1344 5155 δυνατὸν
1373 5101 1503 5170 ἡμῖν
1537 5098 1766 5160 ἱκεσίαις

197 5210 290 5263 καὶ
320 5206 572 5271 ἁξιώσεσι
589 5202 837 5272 σέϐομεν,
869 5197 1234 5270 προσάγοντες
1260 5192 1336 5262 τῷ
1365 5189 1483 5260 Θεῴ
1505 5189 1611 5241 τῶν
1632 5188 1767 5240 ὅλων

196 5302 296 5364 τὰς
326 5298 486 5369 εὐχὰς
504 5296 590 5350 διὰ
608 5296 701 5348 τοῦ
724 5288 1062 5358 Μονογενοῦς
1091 5285 1275 5339 αὐτοῦ·
1303 5277 1347 5352 ᾧ
1364 5282 1576 5353 πρῶτον
1602 5295 1770 5350 προσ-

198 5395 436 5464 φέρομεν
488 5388 678 5451 αὑτὰς,
718 5384 993 5451 ἀξιοῦντες
1027 5379 1188 5435 αὐτὸν
1228 5376 1453 5446 ἱλασμὸν
1498 5373 1624 5426 ὄντα
1655 5370 1764 5423 τῶν

198 5463 481 5557 ἁμαρτιῶν
506 5479 681 5551 ἡμῶν,
701 5475 1069 5548 προσαγαγεῖν
1084 5472 1158 5534 ὡς
1184 5467 1442 5541 ἀρχιερέα
1457 5464 1554 5528 τὰς
1582 5463 1764 5533 εὐχὰς,

200 5579 293 5630 καί
322 5576 418 5639 τὰς
447 5574 657 5635 θυσίας,
693 5570 785 5623 κει)⁵
812 5566 909 5629 τὰς
943 5563 1211 5628 ἐντεύξεις
1234 5559 1389 5630 ἡμῶν
1412 5557 1489 5628 τῷ
1512 5557 1603 5609 ἐπὶ
1632 5556 1767 5606 πᾶσι

271 5669 314 5700 ⁸⁸
346 5666 539 5720 Hoan.
572 5680 629 5729 ιι,
666 5664 701 5716 2

1836 536 2074 590 Verbum
2106 534 2527 604 imaginemqne,
2557 543 2819 601 quantum
2854 545 3164 601 possumus.
3193 529 3394 600 suppli-

1837 626 2142 683 cationibus
2168 635 2223 679 et
2256 624 2555 678 honoribus
2595 640 2938 689 veneramur.
2969 622 3260 678 offerentes
3292 622 3399 675 Deo

1836 719 2214 772 universorum
2243 716 2470 769 Domino
2498 730 2684 785 preces
2708 731 2802 784 per
2826 732 2982 770 suum
3013 715 3359 786 Unigenitum
3384 730 3398 767 :

1838 815 1922 866 cui
1952 812 2101 881 prius
2131 824 2224 865 eas
2253 808 2556 872 offerimus,
2587 818 2840 878 rogantes
2870 818 2927 861 ut
2974 808 3111 876 ipse,
3170 806 3261 874 qui
3294 813 3400 869 est,

1837 904 2143 972 propitiatio
2172 918 2266 970 pro
2300 903 2527 969 peccatis
2554 902 2745 953 nostris
2778 901 2846 964 ⁸⁵,
2865 900 3119 967 dignetur
3146 907 3402 967 tanquam

1840 994 2089 1050 Pontifex
2125 1007 2312 1061 preces
2350 1002 2589 1058 nostras,
2633 1000 2687 1043 et
2719 990 3011 1057 sacrificia,
3065 998 3119 1042 et
3145 990 3405 1043 interces-

1840 1085 2021 1141 siones
2050 1083 2247 1139 offerre
2279 1085 2387 1139 Deo
2408 1083 2617 1151 optimo
2652 1082 2907 1136 maximo.
2948 1101 2966 1132 ι
3002 1080 3168 1134 Miror
3223 1083 3405 1134 harccc

1841 1176 2091 1248 Origenis
2122 1177 2238 1231 loca
2266 1177 2383 1230 viro
2412 1177 2570 1229 docto
2611 1173 2934 1228 oﬂ‘eudiculo
2961 1188 3104 1235 esse,
3133 1173 3185 1224 in
3211 1172 3405 1240 quibus

1842 1276 2059 1338 egomet
2081 1267 2161 1337 (ιιι
2189 1282 2373 1321 verum
2410 1265 2600 1334 fatear)
2634 1264 2970 1319 Catholicam
3003 1263 3069 1316 de
3095 1277 3321 1332 persona
3349 1272 3407 1315 et

1840 1362 2021 1415 officio
2052 1360 2368 1415 Servatoris
2422 1358 2592 1412 nostri
2629 1357 2931 1411 doctrinam
2982 1371 3089 1408 non
3140 1354 3279 1407 male
3311 1369 3407 1409 ex-

1841 1453 2030 1523 plicari
2072 1465 2288 1520 semper
2309 1448 2750 1504 existimaverim.
2781 1446 2885 1501 Sed
2908 1447 2973 1498 ad
3004 1460 3137 1498 rem.
3160 1444 3407 1498 Christus

1842 1545 2101 1599 Dominus
2131 1553 2312 1597 uoster
2346 1541 2593 1594 bifariam
2628 1538 2862 1609 spectari
2895 1546 3093 1604 potest,
3120 1550 3226 1603 qua
3266 1535 3407 1589 Deus

1841 1647 1944 1697 est,
1971 1644 2024 1688 et
2046 1650 2149 1702 qua
2184 1631 2545 1703 Θεάνθρωπος
2590 1631 2704 1685 sive
2752 1629 3018 1683 mediator
3066 1628 3208 1681 inter
3242 1627 3408 1680 Deum

1844 1736 1898 1782 et
1925 1727 2218 1781 hominem.
2254 1726 2365 1779 Sub
2416 1723 2702 1793 posteriori
2740 1722 2923 1792 σχέσει
2970 1722 3014 1774 si
3067 1720 3410 1774 Servatorem

1844 1827 2085 1872 nostrum
2118 1826 2350 1884 spectes,
2385 1814 2597 1869 conStat
2629 1813 2812 1867 multis
2836 1812 3134 1880 Scriptum
3161 1809 3295 1864 locis
3329 1818 3412 1862 at-

1842 1922 1948 1977 que
2006 1908 2242 1961 omnium
2318 1906 2746 1960 Christianorum
2825 1916 3133 1965 consensu,
3208 1900 3410 1954 cultum

1842 2012 2079 2062 omnem,
2107 2010 2267 2065 quem
2325 1994 2433 2048 Deo
2476 1992 2816 2059 exhibemus,
2851 1990 2952 2058 ipsi
3010 2004 3104 2056 per
3135 1987 3408 2042 Christum

1844 2086 2193 2141 mediatorem
2236 2081 2597 2137 exhibendum
2638 2094 2801 2134 esse:
2858 2079 2991 2147 quin
3019 2087 3074 2131 et
3120 2076 3321 2131 cultum
3358 2082 3412 2128 et

1845 2180 2103 2234 honorem
2126 2191 2361 2237 omnem,
2382 2189 2539 2243 quem
2566 2171 2784 2227 Christo
2801 2172 3118 2234 deserimus,
3150 2170 3231 2231 εἰς
3254 2166 3410 2231 δόξαν

1846 2269 1980 2321 Θεοῦ
2004 2268 2095 2322 τοῦ
2145 2266 2389 2339 Πατρός,
2424 2284 2444 2316 ι
2488 2265 2539 2318 in
2566 2264 2789 2335 gloriam
2826 2263 2917 2316 Dei
2952 2261 3149 2324 Patris,
3184 2280 3201 2312 ι
3235 2270 3292 2312 ιιι
3331 2258 3411 2312 Ιο-

1846 2360 2030 2428 quitur
2054 2357 2249 2410 Paulus
2280 2354 2507 2425 (Philip.
2558 2370 2618 2417 ιι,
2654 2352 2759 2423 ll),
2815 2352 3033 2405 omnino
3090 2351 3408 2404 redundare.

1847 2450 2124 2504 Christum
2156 2462 2287 2502 vero
2318 2447 2668 2501 mediatorem
2697 2459 2817 2497 esse
2851 2443 2989 2496 inter
3018 2442 3184 2493 Deum
3234 2450 3288 2493 et
3313 2440 3412 2492 ho-

1850 2541 2021 2593 mines
2048 2540 2328 2607 utriusque
2356 2547 2561 2591 natura:
2604 2544 2847 2605 respectu
2877 2532 3161 2603 (quidquid
3190 2545 3255 2585 ex
3282 2546 3415 2598 pon-

1851 2630 2035 2683 tificiis
2062 2630 2284 2698 quidam
2318 2638 2506 2682 contra
2559 2627 2937 2695 obganniant},
2978 2634 3192 2677 veteres
3222 2622 3414 2676 catho-

1851 2723 1938 2777 lici
1970 2722 2183 2786 Patres,
2233 2736 2351 2775 cum
2376 2722 2582 2774 sanctis
2613 2717 2933 2785 Scripturis,
2962 2731 3066 2769 uno
3096 2728 3189 2769 ore
3217 2715 3416 2768 docue—

1854 2820 2001 2864 runt.
2024 2812 2196 2878 Atque
2229 2810 2368 2863 hanc
2398 2809 2450 2862 in
2484 2808 2671 2876 primis
2694 2805 2877 2875 σχέσιν
2903 2803 3031 2856 Jesu
3072 2802 3239 2856 nostri
3290 2817 3416 2870 spe-

1852 2910 2023 2953 classe
2042 2898 2330 2970 Origenem
2357 2898 2408 2951 in
2432 2907 2662 2965 utroque
2690 2895 2807 2947 loco
2823 2892 3051 2961 allegato
3075 2890 3414 2943 manifestum

1852 3004 1976 3049 est:
2037 2992 2302 3059 siquidem
2361 2988 2647 3055 utrobique
2698 2985 2934 3053 loquitur
2962 2983 3028 3036 de
3082 2982 3297 3036 Christo
3362 2992 3420 3035 ut

1854 3094 2063 3135 smnmo
2088 3080 2386 3140 sacerdote,
2411 3078 2501 3145 qui
2533 3090 2632 3143 pro
2656 3074 2809 3127 nobis
2838 3072 2979 3140 apud
3015 3072 3179 3125 Deum
3204 3069 3417 3122 Patrem

1858 3174 2175 3237 intercedit,
2221 3173 2419 3242 quique
2480 3180 2731 3238 tanquam
2772 3165 2993 3236 ἱλασμόν
3022 3183 3039 3214 ι
3076 3163 3418 3234 propitiatio-

1859 3282 1978 3320 nent
2014 3285 2032 3316 ι
2073 3279 2172 3334 pro
2220 3262 2461 3333 peccatis
2492 3262 2693 3313 nostris
2732 3273 2853 3312 sese
2895 3257 3105 3311 obtulit.
3163 3255 3314 3321 Quod
3374 3255 3420 3306 si

1857 3362 2134 3415 Christum
2166 3359 2473 3410 intueamur
2510 3361 2567 3405 ut
2596 3352 2957 3412 Deum,extra
3001 3345 3308 3401 mediatorii
3336 3344 3419 3398 of-

1858 3453 1967 3505 ficii
2002 3458 2328 3517 respectum,
2359 3459 2549 3498 rursus
2572 3441 2767 3509 duplex
2793 3440 3032 3508 ejusdem
3064 3436 3423 3492 consideratio

1858 3543 2012 3596 nobis
2039 3542 2294 3595 occurrit.
2324 3536 2457 3589 Nam
2486 3532 2570 3588 vel
2600 3532 2843 3586 absolute
2873 3540 2931 3585 ut
2965 3529 3104 3582 Deus
3130 3536 3421 3596 spectatur,

1857 3634 1942 3687 vel
1972 3632 2140 3686 relate
2196 3639 2255 3682 ttt
2319 3629 2457 3680 Deus
2490 3638 2557 3677 ex
2592 3624 2716 3687 Deo,
2769 3622 2885 3675 sive
2942 3620 3035 3673 Dei
3089 3619 3277 3672 Filius.
3314 3616 3424 3671 Sub

1858 3725 2025 3794 priori
2071 3719 2503 3777 consideratione
2561 3716 2605 3769 si
2662 3714 3012 3781 respiciamus
3072 3710 3163 3762 τὸν
3206 3709 3376 3776 Λόγον
3406 3745 3422 3769 ,

1861 3792 2040 3870 inultis
2065 3814 2116 3866 in
2155 3812 2289 3865 locis
2317 3809 2464 3862 clare
2494 3806 2692 3860 fatetur
2730 3792 3027 3873 Origenes,
3074 3802 3172 3870 ipsi
3206 3810 3426 3867 propter

1862 3904 2206 3960 inenarrabili
2261 3900 2572 3971 praestantia
2623 3896 3021 3966 przecellenlem
3062 3891 3424 3949 divinitatem,

1861 4014 2019 4068 quam
2046 4010 2169 4049 cum
2197 3994 2356 4047 Patre
2384 4005 2724 4046 communem
2757 3988 2941 4053 habet,
2992 3983 3238 4042 eumdem
3269 3980 3427 4048 plane

1860 4090 2103 4144 divinum
2134 4085 2365 4148 cultum,
2406 4097 2569 4151 quem
2629 4078 2776 4132 Patri
2830 4076 3170 4134 exhibemus,
3205 4070 3428 4125 omnino

1862 4178 2044 4234 deberi
2070 4193 2085 4243 ;
2123 4177 2225 4230 hoc
2242 4184 2343 4239 est,
2373 4182 2624 4241 oportere
2659 4184 2757 4221 nos
2780 4176 2958 4219 mente
2984 4175 3037 4219 et
3068 4161 3429 4229 conceptione

1863 4279 2044 4322 nostra
2079 4271 2205 4335 (qua
2241 4263 2351 4317 sola
2379 4261 2595 4330 proprie
2626 4258 2790 4311 Deum
2817 4254 3069 4320 colimus)
3099 4253 3314 4304 easdem
3340 4248 3427 4301 di-

1862 4360 2000 4413 vinae
2039 4368 2245 4412 naturte
2302 4353 2665 4424 perfectiones
2721 4362 2912 4402 omnes
2957 4344 3097 4398 Filio
3156 4341 3430 4395 ascribere

1862 4465 1998 4520 quos
2037 4447 2183 4501 Patri
2221 4444 2529 4499 tribuimus.
2561 4440 2763 4507 Repete
2818 4436 2960 4500 loca,
2996 4447 3119 4501 quae
3141 4427 3255 4496 jam
3287 4427 3430 4481 cita-

1864 4648 1983 4688 mur
2013 4629 2201 4693 relate,
2226 4641 2332 4697 qua
2368 4624 2537 4677 Filius
2565 4630 2670 4684 est,
2709 4629 2764 4673 et
2809 4633 2877 4672 ex
2910 4616 3020 4669 Deo
3064 4612 3224 4665 Patre
3264 4607 3432 4661 trahit

1864 4726 2160 4795 originem;
2205 4729 2317 4774 tum
2364 4730 2551 4770 rursus
2583 4723 2790 4768 certum
2827 4716 2928 4771 est,
2955 4704 3159 4760 cultum
3192 4710 3247 4754 et
3270 4713 3432 4753 vene-

1865 4792 2128 4871 rationem
2166 4825 2405 4873 omnem,
2435 4822 2594 4877 quem
2627 4804 2729 4873 ipsi
2769 4800 3087 4860 deferimus,
3119 4795 3185 4847 ad
3219 4792 3431 4845 Patrem

1868 4906 2190 4965 redundare,
2226 4901 2279 4953 in
2306 4900 2606 4969 ipsumque,
2638 4902 2697 4946 ut
2731 4888 2913 4960 πηγὴν
2966 4884 3217 4953 θεότητος
3246 4881 3433 4934 ultitno

1867 4996 2079 5052 referri.
2113 4993 2227 5047 Huc
2253 4994 2417 5045 etiam
2471 4990 2773 5055 respexisse
2813 4983 3024 5033 videtur
3060 4974 3323 5044 Origenes
3379 4972 3432 5025 in

1868 5086 2156 5157 posteriori
2184 5084 2301 5137 loco
2330 5085 2397 5135 ah
2431 5079 2624 5133 lluetio
2657 5075 2822 5129 citato
2844 5070 2984 5141 (53);
3006 5067 3093 5120 ubi
3122 5075 3241 5135 post
3268 5063 3432 5115 verba

1869 5150 2122 5246 allegata,
2158 5175 2271 5228 haec
2301 5171 2523 5241 ἀμέσως
2558 5165 2952 5232 subjiciuntur:
3000 5157 3135 5223 Περὶ
3183 5152 3273 5206 τὸν
3304 5150 3435 5203 Θεὸν

1868 5268 1960 5325 οὖν
1988 5272 2023 5341 ἡ
2056 5269 2239 5330 πίστις
2279 5263 2457 5336 ἡμῶν,
2504 5259 2593 5313 διὰ
2628 5256 2723 5309 τοῦ
2756 5254 2956 5322 ταύτην
2994 5245 3335 5319 βεϐαιοῦντος
3376 5244 3433 5292 ὲν

1869 5368 2001 5436 ἡμῖν
2052 5359 2181 5414 Υἱοῦ
2233 5356 2434 5411 αὐτοῦ’
2475 5354 2569 5407 καὶ
2627 5348 2879 5418 οὐδεμίαν
2913 5341 3068 5414 ἡμῶν
3104 5338 3217 5409 ἔχει
3267 5332 3436 5395 δεῖξαι

1874 5424 2060 5508 στάσιν
2092 5452 2217 5522 περὶ
2238 5451 2329 5502 τὸν
2355 5448 2479 5501 Υἰον
2510 5442 2603 5498 τοῦ
2644 5440 2778 5495 Θεοῦ
2812 5441 2839 5491 ὁ
2866 5435 3101 5495 Κέλσοςδ
3154 5429 3249 5522 xci-1

1878 5549 1975 5618 μέν
2011 5564 2073 5615 γε
2120 5516 2210 5599 τόν
2258 5543 2510 5612 Πατέρα,
2556 5535 2928 5605 θαυμάζοντες
2972 5522 3136 5579 αὑτοῦ
3173 5521 3265 5573 τὸν
3308 5516 3438 5571 Υἱδν

272 5763 383 5822 (55)
416 5761 543 5817 Vide
575 5775 692 5819 ante
732 5758 795 5813 de
831 5756 1114 5816 primitiva:
1144 5749 1397 5807 Ecclesicc
1431 5741 1751 5804 δοΞολογξαις

1853 5733 2185 5792 servavimus
2211 5742 2370 5792 supra
2411 5742 2530 5789 cap.
2564 5724 2615 5786 3.
2644 5738 2791 5777 num.
2822 5718 2876 5772 (ἲ.
