3838 6222
447 285 587 339 1515

1852 278 2271 338 EXCERPTUM

3539 268 3653 324 13w

448 405 639 471 Λόγον,
675 404 769 456 καὶ
799 401 1009 471 σοφίαν,
1031 402 1127 455 καὶ
1174 402 1447 473 ἀλήθειαν,
1485 403 1578 455 καὶ
1629 402 1973 474 δικαιοσύνην
1997 446 2011 466 ,

2126 417 2180 457 ex
2214 401 2366 455 libris
2390 398 2526 468 Περὶ
2562 394 2762 467 ἀρχῶν
2785 392 2940 449 aﬂ'ert
2967 406 3031 448 ac
3060 392 3283 447 damnat
3302 389 3416 445 haec
3439 386 3661 459 Origcnis

449 497 542 548 καὶ
571 496 747 548 πάντα
789 494 931 565 ἅπερ
989 489 1128 546 εἶναι
1177 494 1573 565 μεμαθήκαμεν
1625 495 1717 547 τὸν
1755 496 1877 549 Υἱὸν
1920 496 2012 548 τοῦ

450 586 605 649 Θεοῦ,
632 587 772 639 οὕτω
802 585 866 656 δὴ
892 585 983 637 καὶ
1010 585 1102 638 τὸν
1138 585 1463 657 γεννηθέντα
1490 586 1597 639 ἀπὸ
1635 588 1875 639 τοιούτου
1906 589 2019 641 Πα-

450 679 575 747 τρὸς
603 696 617 708 ·
650 679 699 730 id
738 687 841 739 est,
874 698 890 727 ι
925 678 1109 745 Itaque
1140 678 1190 731 in
1211 678 1317 731 Deo
1346 678 1478 731 ﬁdes
1524 688 1705 732 nostra
1748 679 2016 744 consistit,

452 784 547 836 per
578 767 986 821 conﬁrmantem
1021 781 1139 821 eam
1174 767 1226 819 in
1256 767 1411 820 nobis
1447 767 1613 837 ipsius
1656 768 1870 821 Filium.
1913 767 2021 822 Nec

444 861 698 931 estquod
718 859 903 913 Celsus
960 858 1113 912 nobis
1161 858 1479 912 seditionem
1534 857 1750 921 obiiciat
1800 869 2019 929 propter

451 952 644 1006 Filium
671 966 686 1004 :
715 966 1035 1003 veneramur
1070 950 1213 1002 enim
1251 949 1488 1013 Patrem,
1512 962 1577 1003 eo
1609 950 1749 1018 quod
1778 951 2014 1004 admira-

452 1058 576 1097 mur
618 1042 735 1111 ejus
761 1041 976 1105 Filium,
1017 1038 1253 1094 Verbum
1277 1048 1332 1093 et
1362 1040 1701 1107 sapientiam,
1741 1050 1792 1093 et
1824 1040 2019 1094 verita—

449 1139 582 1198 tem,
614 1142 669 1187 et
689 1132 977 1200 justitiam,
1006 1141 1062 1185 et
1099 1131 1358 1200 quidquid
1388 1131 1619 1185 dicimus
1648 1146 1769 1186 esse
1794 1131 1885 1185 Dei
1921 1130 2013 1185 Fi-

450 1223 605 1286 lium,
637 1238 667 1275 e
702 1222 790 1276 tali
844 1221 1004 1276 Patre
1057 1221 1418 1290 progenitum.
1459 1238 1478 1273 ι
1517 1220 1666 1276 Hanc
1716 1222 2016 1275 doctrinam

454 1328 647 1366 sanam
688 1322 741 1365 et
781 1312 1099 1365 catholicam
1139 1323 1295 1373 esse,
1336 1318 1534 1363 norunt
1573 1324 1779 1374 omnes,
1833 1310 1922 1378 qui
1965 1311 2016 1362 in

453 1417 694 1458 veterum
722 1405 1002 1457 doctorum
1030 1403 1253 1471 scriptis
1290 1401 1375 1454 vel
1430 1401 1775 1455 mediocriter
1821 1402 2017 1456 versati

454 1495 623 1553 fuere.
652 1494 828 1560 Quid?
855 1496 994 1563 quod
1024 1492 1136 1547 haec
1176 1492 1350 1544 Patris
1384 1492 1543 1561 ὲξοχή
1574 1491 1625 1545 in
1658 1491 1907 1546 omnibus
1926 1506 2019 1545 ca-

456 1588 664 1641 tholica:
688 1587 936 1640 Ecclesizc
961 1584 1220 1653 Liturgiis
1240 1583 1504 1651 hodieque
1530 1584 1859 1653 agnoscitur.
1882 1580 2016 1636 Nam

443 1690 510 1733 et
538 1680 591 1732 in
622 1678 947 1747 δοξολογίαις
982 1678 1144 1730 Deum
1197 1676 1408 1729 Patrem
1438 1676 1496 1726 ἐν
1527 1673 1722 1746 πρώτῃ
1754 1674 1909 1738 τάξει
1939 1674 2019 1744 (ιιι

453 1767 698 1823 Justinus
723 1765 979 1837 loquitur)
1003 1763 1406 1834 gloriﬁcamus:
1442 1773 1497 1819 et
1520 1778 1709 1833 preces
1732 1764 2015 1833 plerasque
2049 1749 2089 1803 Β

457 1860 523 1913 ad
547 1860 715 1926 ipsum
742 1854 1197 1925 dirigimusIQua
1222 1855 1288 1910 de
1334 1869 1393 1909 re
1441 1864 1630 1910 notatu
1688 1870 1821 1909 sane
1854 1856 2013 1925 digna

454 1959 581 2003 sunt
602 1949 827 2011 Petavii,
863 1947 1060 2002 Crellio
1091 1948 1159 2003 de
1182 1945 1388 2017 Spiritu
1440 1956 1630 2002 sancto
1686 1948 2019 2016 responden-

448 2041 548 2103 tis,
589 2040 754 2093 verba
778 2037 856 2092 De
879 2037 1025 2091 Trin.
1061 2037 1261 2105 lib.m,
1288 2054 1408 2108 cap.
1436 2038 1489 2105 7,
1515 2053 1667 2091 num.
1694 2038 1782 2093 15.
1812 2056 1831 2090 t
1862 2037 2017 2102 Nam,

456 2130 659 2198 inquit,
692 2129 834 2197 quod
863 2130 929 2182 ad
955 2129 1216 2197 Spiritum
1241 2140 1489 2184 sanctum
1529 2144 1720 2198 preces
1755 2132 1806 2184 in
1834 2130 2019 2186 Eccle-

455 2222 538 2276 sia
560 2220 773 2290 publice
802 2222 915 2276 fere
962 2236 1068 2275 non
1121 2222 1450 2291 diriguntur,
1484 2222 1686 2276 frustra
1718 2239 1785 2278 ex
1835 2238 1901 2279 eo
1931 2239 2021 2278 ca-

462 2314 721 2367 lumniam
760 2313 925 2367 struit
948 2310 1198 2367 Crellius.
1224 2311 1509 2381 Siquidem
1542 2314 1710 2368 veteri
1744 2329 1811 2369 ex
1871 2331 1969 2369 usu
2002 2356 2017 2379 ,

456 2406 728 2474 pleneque
761 2406 826 2458 ad
852 2404 1062 2458 Patrem
1092 2402 1404 2457 referuntur
1429 2421 1442 2457 :
1474 2404 1724 2473 atqueita
1744 2404 2019 2458 decretum

456 2498 689 2565 legimus
724 2500 777 2551 in
805 2494 1217 2566 Carthaginensi
1248 2495 1406 2551 tertia
1437 2496 1661 2565 synodo,
1695 2510 1904 2552 canone
1927 2498 2020 2560 23.

456 2602 518 2646 ut
535 2606 655 2645 cum
673 2590 738 2643 ad
779 2590 949 2643 altare
973 2588 1265 2656 assistitur,
1284 2602 1498 2657 semper
1513 2590 1578 2643 ad
1601 2589 1813 2643 Patrem
1833 2590 2025 2657 diriga-

459 2692 548 2736 tur
582 2682 775 2736 oratio.
806 2679 1071 2735 Nimirum
1098 2681 1222 2751 quia
1254 2689 1385 2735 tunc
1415 2680 1616 2734 Christi
1656 2696 1876 2748 corpus,
1911 2684 2024 2735 sive

458 2774 623 2831 homo
652 2776 899 2830 Christus
929 2772 1177 2838 olfertur,
1204 2788 1266 2827 ac
1294 2773 1498 2827 veteris
1528 2782 1584 2827 et
1614 2774 1823 2827 cruenti
1855 2776 2026 2827 sacri-

456 2866 567 2921 ﬁcii
604 2868 860 2922 memoria
892 2865 1219 2928 celebratur,
1265 2880 1476 2934 aequum
1531 2874 1615 2920 est
1654 2868 1716 2920 ad
1767 2866 1977 2921 Patrem
2006 2907 2020 2930 ,

457 2957 606 3012 velut
631 2965 905 3011 auctorem
933 2970 995 3011 ac
1034 2956 1360 3026 principium
1397 2955 1591 3010 referri
1650 2957 1831 3010 omnia
1879 2975 1892 3019 ;
1948 2960 2023 3010 uti

2116 495 2323 549 verba:
2363 510 2381 542 ι
2426 490 2746 546 Sicutenim
2780 490 3136 557 incongruum
3174 491 3258 538 est
3287 481 3493 546 dicere,
3540 482 3659 551 quod

2117 582 2481 654 possitFilius
2511 581 2695 634 videre
2729 579 2975 643 Patrem;
3036 576 3106 630 ita
3161 574 3545 628 inconveniens
3594 582 3662 627 est

2117 675 2352 745 opinari,
2382 673 2524 743 quod
2551 672 2783 741 Spiritus
2800 678 3019 724 sanctus
3034 665 3403 737 possitvidere
3433 665 3657 719 Filium.»

2118 766 2188 822 Et
2215 767 2528 836 primarium
2566 764 2710 817 hunc
2742 777 2809 815 ac
2844 760 3182 836 prazcipuum
3234 759 3377 812 inter
3435 756 3661 824 Origenis

2118 873 2330 913 errores
2349 856 2537 911 statuit
2563 853 2895 925 Epiphanius
2914 853 3106 906 haares.
3140 866 3287 914 urv,
3318 865 3441 919 cap.
3478 849 3598 909 Let
3619 848 3662 901 in

2118 948 2407 1010 Ancorato,
2440 960 2564 1015 cap.
2594 944 2684 999 65.
2733 942 2839 997 Sed
2868 942 3149 996 audiamus
3182 940 3353 1009 ipsum
3395 938 3663 1007 Origenem

2119 1038 2170 1089 iu
2195 1050 2359 1104 opere
2383 1036 2471 1088 illo
2491 1033 2795 1088 indubitato
2823 1042 3008 1085 contra
3039 1030 3245 1085 Celsum
3276 1031 3373 1085 lib.
3402 1045 3457 1082 γι
3477 1071 3493 1095 ,
3535 1045 3662 1083 ntnn.

2119 1127 2206 1192 l7,
2233 1145 2354 1198 pag.
2377 1128 2502 1191 645,
2532 1141 2685 1181 suam
2718 1127 2786 1180 de
2818 1125 3043 1179 scientia
3082 1139 3186 1193 qua
3219 1122 3387 1176 Pater
3416 1132 3473 1175 et
3515 1121 3553 1175 F
3560 1121 3665 1176 ilius

2117 1234 2176 1273 se
2197 1230 2381 1273 mutuo
2411 1228 2766 1288 cognoscunt,
2791 1218 3110 1272 sententiam
3144 1215 3288 1269 clare
3325 1215 3665 1282 explicantem

2117 1309 2203 1364 his
2242 1308 2420 1363 verbis
2454 1328 2469 1362 :
2524 1308 2684 1361 Ἀλλὰ
2714 1309 2806 1361 καὶ
2830 1310 2856 1361 ὁ
2893 1308 3084 1378 Σωτὴρ
3111 1306 3267 1377 ἡμῶν
3302 1307 3399 1358 καὶ
3443 1304 3631 1376 Κύριος
3653 1346 3665 1367 ,

2116 1400 2412 1471 Δόγοςβοῦ
2443 1400 2600 1461 Θεοῦ,
2650 1400 2712 1453 τὸ
2750 1400 2975 1471 μέγεθος
3010 1398 3277 1470 παριστὰς
3306 1402 3406 1468 τῆς
3438 1396 3669 1465 γνώσεως

2116 1493 2210 1545 τοῦ
2238 1493 2468 1564 Πατρὸς,
2490 1495 2570 1546 ὅτι
2596 1492 2717 1546 κατ’
2745 1493 2900 1556 ἀξίαν
2927 1489 3350 1563 προηγουμένως
3372 1489 3521 1559 αὐτῷ
3542 1489 3668 1559 μόνῳ

2118 1585 2448 1655 λαμϐάνεται
2481 1586 2576 1638 καὶ
2608 1584 2955 1654 γινώσκεται,
2983 1583 3246 1653 δευτέρως
3271 1582 3326 1635 δὲ
3351 1585 3467 1645 τοῖς
3489 1581 3668 1652 ἐλλαμ-

2120 1676 2371 1747 πομὲνοις
2396 1675 2456 1728 τὸ
2479 1676 2801 1745 ἡγεμονικὸν
2819 1674 2908 1726 ὑπ’
2929 1671 3091 1725 αὑτοῦ
3108 1671 3200 1723 τοῦ
3219 1671 3392 1739 Λόγου
3420 1672 3512 1723 καὶ
3532 1668 3669 1735 Θεοῦ,

2118 1768 2300 1840 φησὶν,
2321 1767 2526 1833 Οὐδεὶς
2537 1770 2688 1836 ἔγνω
2704 1766 2809 1820 τὸν
2832 1766 2969 1818 Υὶὸν
2988 1766 3041 1817 εὶ
3046 1782 3093 1832 μ
3119 1763 3155 1831 ὴ
3191 1762 3415 1831 Πατὴρ,
3432 1762 3570 1816 οὐδὲ
3583 1762 3670 1815 τεν

2118 1859 2346 1927 Πατέρα
2366 1862 2418 1913 εὶ
2438 1857 2525 1928 μὴ
2558 1861 2590 1912 ό
2629 1858 2780 1923 Υἱὸς,
2806 1856 2903 1911 καὶ
2929 1849 2977 1923 ᾦ
2997 1856 3074 1911 ἂν
3091 1860 3125 1910 ό
3149 1856 3275 1919 Υἱὸς
3299 1857 3667 1925 ἀποκαλύψῃ.

2118 1950 2257 2005 Οὔτε
2292 1950 2401 2022 γὰρ
2430 1950 2521 2003 τὸν
2553 1950 2816 2020 ἀγένητον
2857 1949 2951 2002 καὶ
2994 1949 3175 2018 πάσης
3200 1948 3430 2017 γενετῆς
3480 1946 3669 2016 φύσεως

2119 2044 2463 2113 πρωτότοκον
2487 2043 2607 2094 κατ’
2634 2041 2788 2105 ἀξίαν
2809 2040 3005 2094 εἰδέναι
3036 2057 3123 2103 τις
3153 2039 3401 2102 δύναται,
3425 2038 3501 2102 ὡς
3526 2041 3551 2092 ὁ
3568 2055 3670 2107 γεν-

2119 2136 2288 2205 νήσας
2316 2133 2476 2186 eam
2503 2132 2714 2205 Πατὴρ,
2740 2131 2863 2185 οὔτε
2911 2130 3001 2185 τὸν
3032 2130 3249 2201 Πατέρα
3279 2130 3355 2194 ὼς
3387 2132 3419 2183 ὁ
3457 2129 3671 2200 ἔμψυχος

2120 2228 2312 2294 Λόγος,
2344 2227 2436 2279 καὶ
2458 2226 2616 2294 σοφία
2640 2225 2802 2278 αὐτοῦ
2841 2225 2936 2277 καὶ
2972 2223 3197 2292 ἀλήθεια
3217 2241 3231 2254 ·
3267 2225 3320 2276 id
3353 2232 3478 2277 est:
3506 2241 3525 2273 ι
3554 2222 3670 2288 Quin

2122 2324 2176 2371 et
2208 2316 2461 2370 Servator
2490 2322 2672 2369 noster
2690 2330 2757 2387 ac
2772 2314 3046 2378 Dominus,
3073 2312 3165 2369 Dei
3190 2312 3454 2375 Verbum,
3492 2311 3671 2381 magni-

2122 2408 2360 2464 tudinem
2395 2408 2727 2478 cognitionis
2755 2407 3025 2470 indicans,
3047 2421 3149 2475 qua
3180 2403 3485 2474 Paterejus
3519 2403 3669 2457 nosci-

2128 2512 2239 2569 tur,
2273 2504 2523 2571 quodque
2549 2515 2648 2569 pro
2678 2501 2939 2570 dignitate
2970 2500 3037 2553 ab
3079 2500 3198 2567 ipso
3239 2497 3357 2552 solo
3395 2505 3668 2561 noscatur,

2123 2594 2363 2648 secundo
2416 2607 2546 2647 vero
2578 2592 2696 2645 loco
2736 2592 2802 2645 ab
2837 2590 3154 2644 illuminatis
3180 2589 3457 2643 mentibus
3492 2604 3582 2658 per
3614 2587 3669 2639 il-

2125 2687 2213 2741 lud
2248 2688 2421 2755 ipsum
2457 2685 2689 2738 Verbum
2744 2699 2809 2737 ac
2844 2684 3033 2748 Deum,
3070 2680 3259 2747 Nemo,
3298 2682 3500 2749 inquit,
3551 2677 3669 2733 norit

2125 2776 2324 2831 Filium
2358 2777 2458 2830 nisi
2488 2776 2673 2839 Pater,
2710 2792 2871 2845 neque
2906 2775 3117 2828 Patrem
3146 2776 3251 2828 nisi
3282 2772 3491 2837 Filius,
3512 2783 3559 2825 et
3602 2774 3668 2823 cui

2126 2868 2300 2922 Filius
2333 2868 2637 2921 revelaverit
2667 2868 2735 2919 ⁶⁷.
2778 2865 2909 2919 Nam
2968 2880 3143 2933 neque
3176 2864 3441 2918 inlectum
3468 2903 3484 2927 ,
3534 2873 3668 2930 atque

2128 2970 2251 3013 ante
2281 2974 2495 3013 onmem
2524 2958 2725 3012 factam
2757 2968 2998 3010 naturam
3028 2957 3263 3027 genitum
3287 2956 3666 3024 quisquampn‘.

458 3065 731 3107 summum
765 3050 1042 3103 imitemur
1071 3050 1434 3114 sacerdotem,
1460 3058 1515 3102 et
1533 3049 1840 3117 pontiﬁcem
1870 3050 2026 3104 Clni—
2052 3079 2093 3135 ε
2129 3052 2390 3121 dignitate
2417 3061 2592 3119 potest
2626 3065 2805 3113 nosse,
2848 3050 3164 3103 sicutl’ater
3196 3049 3309 3115 ipse
3342 3048 3439 3116 qui
3480 3046 3667 3117 genuit:

459 3155 603 3199 stum
638 3143 957 3205 Dominum;
990 3141 1079 3208 qui
1119 3150 1228 3192 tum
1264 3139 1446 3193 omnia
1481 3140 1618 3192 dicta
1648 3139 1899 3207 factaque
1928 3158 2021 3193 sua

459 3235 639 3290 Patris
661 3234 725 3288 ad
754 3234 1009 3287 honorem
1052 3230 1259 3285 referre
1290 3230 1538 3284 solebat:
1573 3238 1683 3283 tum
1718 3231 1771 3283 in
1805 3231 1894 3285 illo
1926 3246 2021 3298 po-

460 3338 663 3382 stremo
710 3324 977 3380 sacriﬁcio
1023 3322 1248 3376 tradidit
1302 3323 1651 3390 semetipsum
1704 3336 1801 3391 pro
1870 3322 2025 3376 nobis

458 3417 808 3482 oblationem,
832 3426 885 3472 et
909 3415 1135 3469 hostiam
1171 3414 1279 3468 Deo
1310 3414 1363 3468 in
1389 3414 1611 3467 odorem
1649 3414 1932 3468 suavitatis
1956 3415 2019 3469 ⁸⁸.

461 3510 575 3566 Nec
610 3518 692 3565 est
738 3510 860 3563 inde
887 3516 1224 3576 consequens
1256 3516 1348 3561 aut
1379 3505 1658 3561 Christum
1713 3505 1881 3560 Deum
1918 3521 2023 3560 non

460 3616 603 3666 esse,
640 3609 733 3655 aut
763 3616 861 3655 nec
890 3599 1151 3669 Spiritum
1191 3605 1440 3652 sanctum
1477 3612 1490 3651 :
1550 3600 1643 3653 sed
1674 3599 1776 3652 hoc
1803 3599 1976 3653 solum
2008 3640 2023 3663 ,

459 3711 582 3751 esse
606 3708 871 3749 summum
903 3692 1183 3761 utriusque
1206 3689 1554 3760 principium,
1590 3705 1617 3742 a
1649 3703 1759 3758 quo
1792 3689 1865 3743 uti
1897 3704 2023 3755 pro-

458 3788 781 3858 prietatibus
819 3786 1055 3840 distincti
1084 3792 1229 3848 sunt,
1276 3783 1356 3836 sic
1389 3790 1581 3835 natura
1618 3791 1675 3834 et
1724 3780 2024 3834 substantia

462 3895 569 3934 non
600 3880 934 3947 discrepant.
971 3893 990 3927 ι

532 3968 727 4042 ςχνι.
766 3968 1037 4023 llactenus
1068 3980 1129 4020 ea
1153 3963 1511 4030 defendimus,
1543 3978 1662 4033 quae
1693 3962 1792 4017 viri
1824 3963 2027 4017 doctis-

463 4063 584 4119 simi
616 4061 867 4116 Petavius
890 4069 944 4114 et
996 4057 1222 4112 Huetius
1252 4057 1306 4110 in
1343 4056 1498 4112 libris
1549 4055 1802 4125 Origenis
1844 4066 2028 4108 contra

462 4153 678 4209 Celsum
702 4151 1181 4221 reprehenderunt.
1217 4149 1485 4204 Cazterum
1524 4158 1721 4218 praeter
1745 4149 1871 4209 ista.
1898 4147 2026 4202 Hie-

465 4260 725 4316 ronymus
752 4244 880 4298 olim
911 4241 1057 4313 (odio
1083 4243 1294 4297 scilicet
1317 4256 1414 4296 suo
1460 4241 1512 4295 in
1543 4240 1830 4311 Origenem
1862 4281 1877 4306 ,
1934 4255 2027 4295 seu

465 4336 644 4406 potius
696 4335 752 4388 in
784 4331 1039 4403 Origenis
1101 4333 1449 4401 interpretem
1498 4330 1749 4385 Ruﬁnum
1800 4331 2027 4385 nimium

2132 3160 2305 3214 neque
2330 3143 2545 3196 Patrem
2578 3143 2887 3212 quisquam,
2918 3140 3057 3194 sicut
3081 3141 3375 3192 animatum
3430 3138 3545 3206 ejus
3574 3135 3671 3189 Ver-

2132 3237 2278 3301 bum,
2320 3235 2522 3289 veritas
2570 3245 2623 3289 et
2655 3235 2947 3302 sapientia.
2984 3252 3003 3284 ι
3045 3232 3191 3286 Nihil
3230 3232 3405 3301 magis
3435 3230 3673 3287 catholica

2134 3328 2337 3381 dictum
2379 3341 2614 3396 unquam
2667 3324 2787 3380 fuit.
2822 3325 2961 3390 Quin
3004 3334 3056 3377 et
3078 3323 3363 3392 Origenem
3403 3339 3562 3391 supra
3581 3321 3673 3389 (36)

2133 3420 2402 3473 dicentem
2445 3418 2770 3481 audivimus,
2816 3417 2984 3471 Deum
3020 3415 3234 3470 Patrem
3264 3429 3387 3470 esse
3428 3414 3507 3484 τῷ
3542 3414 3673 3479 Λόγῳ

2132 3512 2311 3567 Verbo
2333 3512 2447 3566 sive
2497 3510 2634 3566 Filio
2661 3524 2761 3564 suo
2782 3508 3022 3577 ἐφικτόν,
3054 3525 3072 3558 ι
3096 3504 3667 3575 εοιηρτειιεηείῡηεηι.»

2132 3604 2213 3656 Ad
2242 3603 2356 3656 loca
2387 3602 2635 3672 Origenis
2654 3601 2793 3670 quod
2821 3602 3038 3663 attinet,
3064 3613 3129 3653 ex
3158 3598 3305 3651 libris
3331 3596 3477 3665 [Is-pl
3500 3592 3671 3663 ἀρχῶν

2134 3694 2435 3763 desumpta,
2476 3702 2718 3761 poteram
2755 3692 3086 3761 respomlere
3133 3706 3200 3744 ex
3233 3690 3490 3744 omnibus
3509 3688 3672 3754 Orige-
3772 3672 3773 3675 “

2133 3786 2219 3839 nis
2248 3786 2466 3853 scriptis
2494 3786 2593 3838 ista
2626 3782 2765 3849 Περὶ
2793 3781 2996 3851 ἀρχῶν
3028 3781 3261 3835 maxime
3290 3794 3417 3835 esse
3431 3787 3669 3846 ,corrupta

2134 3888 2296 3946 atque
2326 3876 2643 3945 interpolata
2677 3873 2812 3945 (37),
2837 3874 2999 3943 idque
3028 3890 3057 3927 a
3084 3873 3278 3926 Ruﬁno
3311 3872 3499 3926 multis
3539 3885 3673 3939 argu-

2134 3973 2331 4028 mentis
2393 3982 2669 4027 ostensum
2722 3984 2864 4026 esse.
2901 3970 3008 4024 Sed
3067 3970 3159 4023 t-ali
3206 3969 3294 4023 hic
3342 3966 3672 4038 responsione

2134 4079 2270 4135 opus
2299 4079 2404 4119 non
2431 4064 2711 4127 habemus,
2741 4077 2865 4117 cum
2889 4062 3001 4132 ipsa
3027 4061 3280 4132 Origenis
3330 4062 3519 4123 verba,
3540 4068 3670 4129 prout

2136 4170 2167 4209 a
2194 4155 2389 4209 Ruﬁno
2419 4155 2625 4224 integre
2641 4154 3011 4224 producuntur
3027 4154 3161 4224 (58),
3178 4153 3265 4221 qui
3288 4162 3340 4208 et
3365 4167 3581 4222 scopum
3600 4166 3671 4203 an-

2135 4244 2304 4298 ctoris
2326 4252 2381 4296 et
2402 4251 2715 4297 contextum
2750 4244 3020 4298 sermonis
3059 4243 3314 4311 explicat,
3353 4258 3465 4295 sua:
3499 4254 3669 4309 purga-

2137 4335 2267 4389 tioni
2299 4334 2509 4389 abunde
2537 4334 2823 4389 sulﬁciant.
2856 4334 2949 4389 Sic
2972 4348 3032 4387 se
3058 4348 3145 4388 res
3186 4332 3397 4386 habuit.
3435 4333 3667 4402 Origenes

466 4428 773 4498 indulgens,
801 4425 1030 4493 indeque
1077 4425 1260 4479 omnia
1297 4422 1413 4491 ejus
1461 4423 1628 4476 verba
1680 4422 1933 4492 dictaque
1975 4423 2028 4477 in
2060 4434 2106 4489 ι)
2131 4425 2186 4480 in
2220 4425 2359 4480 libro
2390 4426 2562 4495 primo
2590 4424 2911 4480 Periarchon
2934 4426 3288 4496 quaestionem
3314 4420 3668 4479 moveratud-

466 4520 761 4589 pessimum
788 4529 1005 4571 sensum
1031 4516 1249 4568 trahere
1270 4512 1507 4582 amans),
1531 4522 1585 4567 et
1612 4510 1717 4564 alia
1751 4512 2028 4582 complura

466 4610 535 4664 de
566 4608 701 4662 Filio
729 4608 844 4672 Dei,
869 4606 921 4660 in
951 4605 1075 4659 aliis
1092 4604 1338 4673 Origenls
1354 4604 1572 4673 scriptis
1602 4603 1836 4657 absurde
1868 4613 2031 4673 atque

467 4701 631 4768 impie
661 4700 802 4753 dicta
828 4696 1037 4752 notavit
1061 4713 1075 4762 ;
1110 4710 1230 4765 qua:
1260 4694 1440 4749 omnia
1465 4708 1532 4748 ex
1560 4708 1667 4748 uno
1690 4708 1852 4763 opere
1903 4710 2029 4748 con-

466 4800 548 4845 tra
580 4789 790 4846 Celsum
818 4787 979 4842 facile
1003 4785 1339 4841 refelluntur.
1371 4783 1651 4853 Praecipua
1675 4784 2025 4855 attingemus.

464 4882 523 4938 In
547 4881 771 4950 epistola
798 4879 971 4945 59,ad
1002 4878 1173 4943 Avit.,
1205 4891 1419 4931 errores
1450 4891 1741 4931 recensens
1766 4875 2027 4932 librorum

466 4974 605 5044 Περὶ
638 4970 855 5043 ἀρχῶν,
890 4972 1176 5039 scripsisse
1203 4968 1492 5038 Origenem
1536 4968 1613 5021 ait
1642 4967 2025 5037 Hieronymus,

470 5068 524 5121 in
565 5066 737 5135 primo
763 5064 879 5132 ejus
909 5062 1089 5132 operis
1111 5062 1402 5124 volumine,
1434 5076 1455 5110 ι
1486 5059 1652 5113 Deum
1686 5060 1897 5113 Patrem
1934 5073 2031 5127 per

471 5167 720 5213 naturam
762 5154 1110 5217 invisibilem,
1143 5168 1171 5206 a
1208 5152 1343 5205 Filio
1366 5167 1471 5205 non
1507 5151 1699 5206 videri.
1730 5168 1748 5199 ι
1786 5150 1851 5203 Et
1875 5150 1925 5202 in
1950 5165 2034 5203 se-

466 5234 688 5305 cundo:
730 5264 750 5298 ι
796 5243 986 5299 Restat
1018 5254 1077 5299 ut
1109 5243 1395 5299 invisibilis
1419 5244 1490 5298 sit
1519 5243 1661 5297 Deus
1688 5283 1704 5308 ,
1750 5241 1795 5295 si
1853 5250 2029 5294 autem

468 5338 755 5396 invisibilis
784 5351 879 5407 per
909 5345 1157 5389 naturam
1188 5343 1291 5401 est,
1325 5347 1500 5401 neque
1541 5331 1807 5385 Salvatori
1844 5329 2034 5384 visibi-

448 5404 559 5489 Alis.
595 5452 617 5488 ι
650 5404 793 5487 Idem
828 5431 883 5485 in
917 5429 1144 5498 epistola
1178 5427 1268 5492 61,
1318 5428 1384 5481 ad
1426 5425 1763 5489 Pammach.,
1805 5437 1924 5491 cap.
1973 5422 2028 5487 5,

449 5520 459 5548 ι
540 5550 588 5583 ⁸⁸
610 5550 804 5618 Ephes.
835 5562 886 5613 v,
918 5545 972 5600 2.
1050 5544 1093 5575 ⁸⁷
1122 5543 1309 5597 Matth.
1333 5558 1408 5607 ιι,
1435 5541 1529 5595 27.

540 5642 653 5715 (36,)
681 5641 812 5715 Elide
843 5640 1004 5715 huius
1033 5639 1222 5715 capitis
1258 5652 1405 5715 eum:
1439 5636 1496 5715 9.:

540 5703 653 5786 (57)
684 5711 816 5767 Vide
843 5703 1144 5779 Prolegom.
1180 5708 1359 5762 Ruﬁni
1386 5710 1438 5762 in
1471 5709 1559 5762 lib.
1596 5706 1734 5774 Περὶ
1766 5703 1991 5776 ἀρχῶν.

2132 4531 2323 4572 versus
2345 4531 2457 4582 eos,
2483 4521 2573 4586 qui
2602 4518 2767 4571 Deum
2797 4531 3114 4586 corporeum
3145 4516 3349 4583 dicunt,
3372 4527 3428 4571 et
3451 4512 3667 4569 humanis

2133 4622 2255 4662 eum
2290 4607 2546 4663 membris
2572 4608 2865 4676 habituque
2895 4606 3240 4665 describunt;
3262 4610 3407 4675 quod
3435 4605 3665 4677 praecipue

2134 4696 2637 4752 Valentinianorum
2671 4708 2726 4753 et
2748 4699 3428 4768 AnthrOpomorphitarum
3478 4697 3664 4752 haeresis

2135 4789 2433 4845 asserebat.
2472 4810 2490 4843 ι
2524 4790 2697 4846 Hosce
2752 4798 2940 4845 contra
2991 4790 3275 4844 haereticos
3322 4790 3571 4860 Origenes
3593 4802 3661 4840 ec-

2136 4880 2493 4936 clesiasticam
2530 4881 2683 4935 ﬁdem
2712 4880 3023 4946 defendens,
3055 4878 3198 4934 omni
3230 4894 3427 4949 genere
3454 4881 3662 4945 incorpo-

2136 4987 2288 5026 reum
2308 4987 2427 5027 esse
2453 4971 2621 5025 Deum
2649 4981 2702 5026 et
2744 4972 2944 5025 idcirco
2969 4974 3133 5024 etiam
3178 4972 3498 5025 invisibilem
3529 4969 3659 5022 ratio-

2137 5063 2294 5116 nibus
2326 5063 2695 5116 conﬁrmarat.
2727 5061 2857 5115 Dein
2893 5072 3219 5130 provocante
3238 5062 3409 5129 ipsum
3442 5059 3655 5129 quastio-

2130 5154 2217 5208 nis
2242 5154 2455 5219 ordine,
2487 5155 2603 5208 haec
2629 5153 2901 5223 subjungit
2939 5154 3035 5209 lib.
3078 5168 3116 5217 l,
3168 5167 3317 5206 num.
3345 5152 3401 5205 8:
3444 5170 3462 5202 ι
3498 5150 3654 5203 Verum

2130 5245 2249 5300 ista:
2286 5246 2613 5301 assertiones
2647 5247 2824 5301 minus
2860 5244 3092 5299 fortasse
3128 5243 3461 5297 auctoritatis
3497 5243 3658 5296 habere

2131 5336 2384 5391 videntur
2413 5338 2550 5407 apud
2576 5354 2689 5400 eos,
2721 5337 2812 5406 qui
2852 5352 2914 5391 ex
2950 5336 3151 5389 sanctis
3188 5334 3487 5403 Scripturis
3515 5334 3571 5386 de
3595 5346 3656 5385 re-

2128 5427 2229 5484 bus
2260 5420 2455 5486 divinis
2484 5431 2689 5485 institui
2723 5428 3000 5493 volunt,et
3030 5428 3150 5482 inde
3185 5427 3285 5481 sibi
3323 5426 3657 5494 probarique.

2202 5639 2315 5711 (58)
2349 5640 2479 5698 Vide
2500 5639 2681 5696 Ruﬁni
2713 5637 2910 5694 Invecl.
2971 5639 3023 5695 in
3059 5639 3369 5710 Hieronym.

3768 360 3774 455 ι
