3794 6222
106 5758 127 5823 ί

129 314 261 369 1517

1142 308 1233 364 EX
1271 308 1335 364 ϐ.
1374 305 1578 362 BULLI
1618 304 1769 360 DEF.
1806 303 1987 359 FlDEl
2022 302 2344 359 ΝΙΟᾸΞΝᾸΞ.

3235 305 3375 361 1318

127 436 255 485 runt
316 425 587 495 quomodo
640 432 832 479 natura
883 423 978 478 Dei
1010 424 1379 495 supereminet
1419 439 1705 495 corporum
1736 425 1784 480 Λ
1808 420 1886 475 sia
1915 419 2092 490 magni
2119 417 2374 481 nominis,
2408 426 2460 470 et
2498 416 2813 487 liierOuymi
2848 417 3015 487 ipsius
3040 418 3168 474 olim
3208 422 3374 490 magi-

134 529 404 573 naturam.
424 518 561 574 Vide
584 532 714 586 ergo
732 517 775 572 si
800 532 904 571 non
932 517 1092 571 etiam
1113 516 1399 585 Apostolus
1431 518 1530 571 hoc
1563 519 1703 571 idem

130 610 227 672 ait,
252 626 372 665 cum
404 611 471 665 de
490 609 707 665 Christo
747 608 987 679 loquitur
1020 610 1205 664 dicens
1235 628 1247 663 :
1290 610 1393 674 Qui
1432 620 1505 663 est
1533 611 1705 679 imago

130 699 409 757 invisibilis
437 700 552 759 Dei.
580 702 956 770 primogenilus
1014 703 1181 754 omnis
1217 710 1475 754 creatura:
1498 701 1562 753 ⁸⁸.
1590 701 1704 755 Non

134 796 278 850 enim
311 796 390 865 (ut
415 794 634 864 quidam
668 793 878 864 putant)
924 794 1085 848 alicui
1112 794 1368 859 visibilis,
1393 804 1447 848 et
1480 794 1601 849 aliis
1628 795 1707 846 iu-

135 888 404 943 visibilis:
443 888 569 956 quia
598 902 701 941 non
727 887 855 940 dicit
889 888 1197 955 Apostolus,
1224 890 1395 958 imago
1428 888 1703 943 invisibilis

134 978 233 1034 Dei
266 981 580 1043 hominibus,
617 988 709 1032 aut
732 978 1007 1032 invisibilis
1028 981 1410 1046 peccatoribus,
1435 981 1527 1033 sed
1551 981 1706 1035 valde

138 1081 451 1127 constanter
504 1071 812 1140 pronuntiat
845 1072 910 1124 de
970 1072 1082 1139 ipsa
1120 1082 1311 1125 natura
1345 1072 1435 1126 Dei
1477 1072 1660 1125 dicens
1689 1114 1704 1136 ,

135 1163 312 1233 imago
340 1164 610 1215 invisibilis
636 1162 746 1215 Dei.
802 1162 906 1216 Sed
949 1171 1001 1215 et
1029 1160 1267 1217 Joannes
1301 1162 1354 1215 in
1417 1162 1707 1233 Evangelio

137 1254 345 1320 dicens,
372 1252 533 1306 Deum
572 1270 718 1307 nemo
751 1254 879 1306 vidit
906 1269 1133 1322 unquam
1163 1253 1208 1284 ⁶⁹
1237 1295 1252 1319 ,
1286 1253 1572 1306 manifeste
1612 1254 1707 1307 de-

136 1346 306 1401 clarat
340 1347 611 1408 omnibus,
638 1347 725 1414 qui
756 1346 1058 1415 intelligere
1094 1354 1338 1415 possunt,
1383 1348 1510 1415 quia
1565 1344 1706 1401 nulla

138 1449 328 1491 natura
355 1448 459 1501 est,
494 1439 579 1491 cui
612 1439 835 1492 visibilis
865 1439 934 1492 sit
964 1440 1101 1491 Deus
1136 1456 1147 1491 :
1185 1454 1288 1491 non
1318 1438 1471 1506 quasi
1504 1440 1592 1506 qui
1629 1441 1710 1491 vi-

138 1529 312 1582 sibilis
342 1530 409 1582 sit
434 1530 649 1596 quidem
686 1545 778 1597 per
822 1538 1096 1593 naturam,
1126 1541 1179 1581 et
1208 1529 1355 1582 velut
1415 1529 1708 1599 fragilioris

136 1632 401 1674 creaturae
433 1620 627 1674 evadat
659 1630 933 1687 aspectum
962 1638 976 1686 ;
1011 1620 1103 1673 sed
1147 1621 1401 1687 quoniam
1443 1620 1708 1673 naturali-

135 1717 221 1763 ter
246 1711 416 1763 videri
440 1710 774 1776 impossibile
794 1721 897 1764 est.
921 1712 1026 1764 Sed
1064 1711 1106 1764 si
1131 1712 1377 1780 requiras
1401 1727 1429 1763 a
1466 1727 1551 1765 me
1582 1711 1706 1780 quid

1806 510 1925 578 stri)
1960 521 2234 577 respuere,
2270 516 2363 559 aut
2387 524 2414 559 a
2449 507 2642 561 ltnﬁno
2680 506 2823 561 baud
2862 509 3000 563 bona
3029 509 3132 563 ﬁde
3165 511 3380 566 recitari

1808 615 1871 653 ac
1908 598 2191 653 transferri
2235 596 2257 650 ?
2296 597 2495 662 Credo,
2543 598 2670 667 quia
2704 611 2807 651 non
2859 607 3091 668 poterat.
3116 598 3380 653 Nimirum

1805 690 2137 761 Hieronymo
2167 690 2407 745 solemne
2431 698 2549 743 erat
2581 689 2700 761 (pro
2719 705 2804 756 ea,
2836 706 2941 761 qua
2968 690 3224 758 pollebat,
3258 692 3380 745 rlie-

1809 776 2067 832 toricandi
2101 776 2375 847 facultate)
2404 787 2740 847 argumenta,
2778 779 2975 847 quibus
3014 780 3381 847 premebatur,

1806 871 1893 924 vel
1916 870 2127 924 silentio
2167 870 2322 940 plane
2374 871 2673 940 praeterire,
2716 870 2797 925 vel
2846 871 2987 940 jocis
3022 886 3085 925 ac
3141 874 3382 928 dicteriis

1807 964 2042 1018 eludere.
2064 962 2222 1018 Certe
2252 962 2454 1027 Ruﬁni,
2478 973 2640 1030 atque
2675 974 2797 1017 ante
2825 963 2996 1030 ipsum
3036 963 3268 1034 Didymi,
3296 980 3383 1019 re-

1808 1056 2152 1125 sponsionem
2209 1055 2544 1109 verissimam
2585 1068 2703 1107 esse
2751 1055 2882 1108 satis
2935 1056 3172 1108 indicant
3225 1056 3385 1110 verba

1811 1148 2059 1217 Origenis
2085 1191 2098 1215 ,
2148 1160 2307 1216 prout
2345 1149 2411 1201 ab
2467 1148 2581 1217 ipso
2621 1146 2945 1219 Hieronymo
2993 1148 3292 1216 allegautur
3330 1150 3384 1203 in

1807 1241 1964 1309 epist.
2001 1239 2099 1302 59’,
2127 1241 2191 1293 ad
2225 1240 2369 1293 Avit.
2399 1240 2487 1293 Ait
2515 1241 2710 1308 quippe
2750 1239 3030 1306 Origenem
3077 1241 3382 1307 scripsisse,

1814 1350 1833 1383 ‹
1865 1333 2028 1386 Deum
2062 1331 2279 1385 Patrem
2315 1348 2408 1401 per
2425 1340 2673 1385 naturam
2699 1332 3043 1392 iuvisibilem.
3065 1348 3093 1385 a
3122 1332 3255 1386 Filio
3279 1349 3383 1387 non

1809 1424 2013 1489 videri;
2063 1443 2081 1475 ι
2123 1433 2175 1477 et
2209 1439 2395 1477 rursus
2428 1440 2441 1475 :
2473 1442 2490 1474 ι
2523 1423 2578 1477 Si
2619 1425 2757 1477 Deus
2780 1424 3066 1478 invisibilis
3104 1440 3198 1492 per
3224 1436 3384 1477 uatu-

1811 1533 1925 1569 ram
1960 1528 2061 1581 est,
2093 1533 2264 1587 neque
2296 1517 2557 1571 Salvatori
2608 1517 2833 1571 visibilis
2880 1518 3002 1573 erit.
3045 1538 3063 1570 i
3105 1518 3266 1580 Hinc,
3310 1519 3392 1571 itt-

1811 1624 1998 1677 quam,
2035 1624 2139 1661 non
2172 1610 2400 1662 obscure
2430 1608 3018 1677 colligitur,0rigeuem
3042 1608 3159 1661 ideo
3193 1608 3394 1662 dixisse

1814 1700 2024 1755 Patrem
2058 1716 2084 1752 a
2115 1699 2251 1754 Filio
2297 1701 2463 1754 videri
2522 1716 2623 1753 non
2661 1714 2837 1767 posse,
2872 1715 2973 1752 non
3029 1702 3169 1767 quod
3201 1699 3393 1764 Filius,

137 1800 302 1854 etiam
328 1802 393 1854 de
416 1800 529 1869 ipso
560 1799 848 1869 Unigenito
879 1802 1131 1865 sentiam,
1181 1802 1225 1854 si
1258 1816 1323 1855 ne
1356 1800 1457 1869 ipsi
1491 1801 1707 1868 quidem
1745 1787 1786 1841 Β
1818 1803 2072 1861 tanquam
2098 1792 2387 1861 fragilioris
2410 1801 2682 1859 aspectus,
2709 1808 2811 1844 non
2854 1792 3030 1845 valeat
3062 1790 3277 1846 Patrem
3312 1793 3395 1846 vi-

132 1892 406 1945 visibilem
438 1892 613 1945 dicam
644 1892 737 1946 Dei
777 1900 1044 1955 naturam,
1072 1892 1162 1960 qui
1213 1891 1533 1946 naturaliter
1569 1891 1706 1944 invi-

137 1983 314 2038 sibilis
353 1994 473 2052 est;
534 1999 637 2037 non
689 1984 781 2038 tibi
830 1986 1013 2037 statim
1067 1984 1149 2037 vel
1204 1985 1427 2053 impium
1468 1984 1712 2036 videatur

136 2090 261 2131 esse
321 2076 403 2130 vel
462 2076 795 2130 absurdum:
876 2078 1139 2131 rationem
1214 2078 1411 2147 quippe
1464 2075 1711 2129 dabimus

138 2176 555 2235 consequenter.
590 2166 747 2221 Aliud
794 2168 1012 2238 quidem
1049 2176 1135 2222 est
1157 2168 1357 2229 videre,
1411 2166 1554 2221 aliud
1618 2181 1715 2220 no-

142 2275 316 2316 scere.
340 2258 519 2314 Videri
544 2267 597 2314 et
632 2260 817 2315 videre
843 2275 1163 2329 corporeum
1197 2268 1317 2313 est:
1360 2261 1509 2313 nosci
1540 2268 1592 2312 et
1619 2274 1717 2313 no-

144 2366 301 2405 scere
358 2350 734 2405 intellectualis
795 2360 1003 2406 natura:
1078 2361 1180 2406 est.
1246 2350 1518 2420 Quidquid
1577 2366 1709 2421 ergo

144 2443 422 2512 proprium
456 2457 745 2511 corporum
772 2452 874 2505 est,
910 2442 1011 2496 hoc
1044 2456 1142 2497 nec
1174 2442 1239 2496 de
1272 2440 1456 2506 Patre,
1500 2458 1599 2496 nec
1650 2443 1716 2496 de

145 2533 285 2589 Filio
307 2536 644 2589 sentiendum
670 2543 771 2588 est.
799 2534 949 2600 Quod
972 2550 1098 2589 vero
1122 2536 1187 2589 ad
1216 2544 1459 2588 naturam
1485 2537 1717 2604 pertinet

146 2624 393 2690 Deitatis,
425 2626 526 2680 hoc
557 2625 696 2679 inter
728 2624 940 2678 Patrem
965 2640 1027 2678 ac
1056 2624 1251 2679 Filium
1284 2634 1517 2678 constat.
1547 2624 1707 2678 Deni-

147 2730 255 2784 que
287 2716 401 2784 ipse
444 2718 497 2769 in
535 2716 825 2786 Evangelio
874 2730 977 2769 nou
1024 2715 1179 2782 dixit,
1204 2717 1328 2786 quia
1372 2731 1534 2769 nemo
1588 2718 1717 2770 vidit

149 2804 367 2861 Patrem
410 2806 511 2861 nisi
550 2805 738 2863 Filius.
769 2822 941 2876 neque
983 2805 1175 2859 Filium
1225 2809 1328 2861 nisi
1384 2808 1544 2862 Pater
1580 2827 1592 2862 :
1626 2810 1718 2863 sed

150 2899 231 2953 ait
269 2917 282 2952 :
320 2896 486 2952 Nemo
531 2900 669 2951 novit
716 2895 913 2949 Filium
938 2898 1039 2949 nisi
1087 2894 1265 2962 Pater,
1306 2916 1464 2968 neque
1508 2897 1719 2953 Patrem

150 2992 269 3059 (,uis
300 2993 433 3043 uovit
464 2990 561 3042 nisi
598 2989 769 3043 Filius
788 2992 854 3043 "°.
883 2990 958 3043 Ex
987 3006 1093 3060 quo
1128 2992 1407 3045 manifeste
1436 2993 1718 3058 iudicatur,

146 3081 295 3152 quod
325 3082 579 3152 quidquid
609 3081 751 3135 inter
779 3097 1070 3152 corporeus
1099 3093 1320 3138 naturas
1355 3084 1539 3138 videre
1568 3094 1620 3137 et
1646 3085 1722 3137 vi-

1819 1886 1963 1949 dere,
2001 1885 2091 1953 qui
2124 1884 2321 1952 alioqui
2374 1900 2471 1952 per
2522 1893 2766 1937 naturam
2814 1897 2966 1936 suam
2994 1899 3022 1936 a
3058 1892 3397 1951 competente

1820 1975 2071 2030 facultate
2095 1975 2262 2029 videri
2300 1976 2471 2043 possit
2496 1992 2511 2039 ;
2543 1975 2637 2028 sed
2657 1975 2798 2043 quod
2823 1975 2960 2029 Deus
2995 1991 3089 2044 per
3112 1992 3170 2030 se
3199 1986 3252 2028 et
3282 1979 3393 2045 ipsa

1820 2074 2012 2120 natura
2060 2081 2156 2120 sua
2190 2066 2475 2120 invisibilis
2506 2067 2596 2133 sit,
2636 2067 2738 2119 boc
2765 2076 2846 2119 est
2888 2066 3259 2133 incorporeus,
3298 2084 3396 2122 ne-

1821 2174 1926 2226 que
1954 2159 2053 2213 sub
2098 2168 2375 2227 aspectum
2417 2158 2575 2211 cadat
2613 2174 2629 2213 :
2666 2172 2837 2227 eoque
2881 2173 3043 2212 sensu
3072 2156 3288 2212 Patrem
3342 2171 3401 2214 et

1821 2251 2016 2305 Filium
2057 2251 2159 2307 sibi
2190 2252 2418 2305 invicem
2444 2250 2646 2320 pariter
2673 2251 2966 2306 invisibiles
2998 2252 3398 2320 pronuntiasse.

1830 2343 1900 2399 Ut
1933 2346 2073 2412 quod
2122 2359 2208 2398 res
2255 2354 2356 2406 est,
2388 2344 2558 2397 libere
2580 2344 2752 2397 dicant
2780 2361 2793 2408 ;
2829 2343 3183 2414 Hieronymus
3215 2346 3266 2397 in
3299 2346 3402 2399 bac

1835 2439 2083 2508 Origenis
2130 2437 2495 2502 accusatione,
2532 2437 2769 2489 animum
2801 2452 2829 2489 a
2876 2439 3111 2490 candore
3137 2436 3397 2502 alienum,

1830 2542 1990 2601 atque
2011 2528 2580 2597 aﬂ'ectibusabreptum
2603 2528 2673 2582 ita
2698 2526 2979 2581 manifeste
2996 2527 3250 2597 prodidit,
3268 2539 3323 2579 ut
3348 2527 3398 2580 in

1829 2624 2040 2678 caeteris
2063 2622 2537 2678 criminationibus
2562 2621 2720 2674 ﬁdem
2750 2621 2851 2674 sibi
2873 2636 3088 2674 onmem
3113 2620 3402 2689 derogasse

1826 2718 2089 2771 videatur.
2150 2715 2301 2781 Quod
2327 2729 2380 2768 et
2426 2712 2584 2768 facile
2616 2722 2888 2779 agnoscet,
2926 2714 3168 2783 quisquis
3208 2713 3306 2767 hac
3330 2714 3397 2767 de

1828 2825 1906 2875 re,
1941 2806 2232 2861 Invectivas
2257 2822 2379 2875 qua:
2406 2806 2676 2870 dicuntur,
2705 2806 2906 2872 Rufini,
2939 2822 3060 2860 cum
3091 2806 3400 2877 Hieronymi

1827 2901 2085 2955 adversus
2110 2900 2361 2951 ltulinum
2383 2896 2635 2966 Apologia
2659 2896 2910 2951 coofcrre
2942 2914 3043 2951 non
3068 2897 3399 2966 gravabitur.

1900 2992 1928 3062 ς
1974 2990 2135 3045 XVII.
2171 2991 2369 3044 Deinde
2400 2990 2453 3042 in
2482 2990 2667 3043 eadem
2715 2989 2943 3059 epistola
2976 2991 3043 3042 ad
3076 2990 3296 3043 Avitum
3348 2998 3405 3042 et

1831 3084 1955 3137 illud
2000 3082 2217 3152 Origeni
2266 3082 2456 3136 tribuit
2498 3079 2859 3151 Hieronymus
2906 3082 3127 3151 impium
3164 3097 3404 3151 pronun-

154 3171 268 3225 deri
312 3171 537 3238 dicitur,
570 3171 672 3225 hoc
726 3172 866 3225 inter
904 3171 1118 3227 Patrem
1160 3183 1213 3227 et
1260 3173 1453 3227 Filium
1502 3190 1724 3229 noscere
1750 3145 1792 3201 Ο
1831 3178 2014 3231 tiatum
2053 3194 2064 3231 :
2105 3194 2121 3226 ι
2165 3175 2361 3228 Filiqu
2388 3184 2761 3247 comparatum
2794 3174 2961 3239 Patri,
2988 3192 3091 3228 non
3124 3190 3242 3229 esse
3265 3176 3408 3228 veri-

150 3264 351 3317 dicitur
382 3272 434 3315 et
471 3263 641 3327 nosci,
677 3279 771 3333 per
812 3266 1059 3318 virtutem
1092 3266 1350 3329 scientiae,
1383 3283 1487 3320 non
1526 3284 1621 3335 per
1649 3269 1725 3321 vi-

151 3353 429 3411 sibilitatis
481 3354 848 3425 fragilitatem.
886 3355 1021 3422 Quia
1073 3373 1201 3427 ergo
1230 3359 1295 3410 de
1340 3374 1597 3427 corporea
1630 3375 1725 3412 na-

152 3453 277 3500 tura
321 3455 373 3500 et
416 3448 707 3511 invisibili,
746 3463 846 3501 nec
903 3449 1084 3503 videre
1132 3450 1348 3519 pr0prie
1388 3452 1583 3504 dicitur
1629 3468 1727 3506 nec

150 3539 329 3593 videri
355 3557 368 3593 :
398 3539 597 3593 idcirco
626 3555 799 3608 neque
830 3538 991 3593 Pater
1025 3557 1053 3592 a
1097 3540 1251 3605 Filio,
1296 3557 1468 3610 neque
1503 3542 1668 3594 Filius
1697 3558 1726 3595 a

150 3623 322 3684 Patre
354 3630 520 3683 videri
548 3630 599 3682 in
637 3629 931 3697 Evangelio
953 3629 1171 3695 dicitur,
1204 3630 1298 3684 sed
1336 3631 1507 3684 nosci.
1547 3649 1565 3681 ι
1598 3632 1729 3696 Quis

158 3737 283 3776 cum
328 3718 521 3773 Rufino
552 3736 657 3774 non
693 3721 874 3774 statim
900 3732 1175 3790 agnoscat,
1211 3723 1262 3775 in
1292 3722 1375 3776 bis
1406 3724 1582 3777 verbis
1610 3724 1731 3778 Ori-

152 3826 349 3882 genem
392 3810 457 3864 de
494 3811 897 3879 comparatione
935 3810 1108 3865 Patris
1128 3822 1182 3866 et
1210 3811 1331 3866 Filii
1365 3813 1495 3867 nihil
1529 3815 1726 3879 dicere,

161 3904 258 3957 sed
288 3902 354 3956 de
383 3901 498 3971 ipsa
535 3902 760 3956 Deitatis
794 3911 980 3957 natura
1025 3918 1286 3972 quaerere,
1320 3921 1339 3955 ‹
1378 3905 1423 3958 si
1469 3905 1516 3958 ei
1549 3916 1728 3975 aptum

154 3992 273 4047 ullo
302 4008 499 4062 genere
518 3992 843 4048 visibilitatis
868 3995 1186 4050 vocabulum
1223 3995 1497 4051 videretur
1522 3997 1544 4049 ?
1567 4017 1585 4049 ι
1614 3997 1729 4051 Non

152 4087 309 4143 enim
336 4094 513 4154 negat,
537 4085 643 4140 imo
665 4086 803 4140 satis
827 4096 1010 4156 aperte
1038 4088 1195 4142 docet
1215 4087 1495 4154 Origenes,
1517 4088 1730 4143 Patrem

164 4192 319 4249 teque
349 4193 380 4232 a
412 4177 548 4233 Filio
589 4178 824 4248 percipi,
852 4193 915 4233 ac
961 4176 1154 4232 Filium
1186 4193 1216 4232 a
1246 4177 1427 4246 Patre,
1465 4180 1567 4233 hoc
1613 4192 1694 4235 εει
1716 4220 1732 4246 ,

163 4270 564 4341 perfectissime
601 4290 615 4325 :
662 4270 714 4325 id
742 4280 948 4326 tantum
988 4271 1121 4327 dicit
1171 4271 1397 4326 alterum
1447 4273 1517 4327 ab
1563 4273 1735 4329 altero

162 4361 371 4431 percipi
402 4379 422 4413 ι
459 4375 564 4415 non
609 4376 705 4431 per
740 4362 1066 4417 visibilitatis
1097 4360 1464 4433 fragilitatem,
1500 4366 1593 4419 sed
1640 4381 1737 4434 per

1828 3279 1991 3322 talem
2019 3285 2033 3333 ;
2063 3268 2157 3321 sed
2185 3278 2558 3335 comparatum
2590 3267 2657 3321 ad
2712 3282 2809 3320 nos
2856 3281 2975 3321 esse
3033 3267 3405 3335 imaginariam

1829 3363 2133 3413 veritatem.
2173 3378 2192 3412 ο
2230 3358 2335 3413 Alii
2372 3374 2438 3413 ex
2469 3360 2748 3413 veteribus
2781 3361 3105 3413 atrociorem
3143 3360 3401 3429 blasphe-

1828 3453 1991 3505 miam
2025 3452 2122 3520 ipsi
2160 3451 2479 3520 impingunt,
2499 3466 2691 3520 nempe
2713 3470 2730 3502 ‹
2756 3450 2951 3505 Filium
2977 3450 3121 3505 Patri
3149 3452 3403 3506 collatum

1828 3558 1949 3597 esse
1980 3545 2342 3597 mendacium.
2394 3561 2410 3593 ι
2446 3541 2578 3607 Quis
2605 3557 2735 3595 vero
2769 3559 2937 3596 sanus
2967 3543 3265 3607 existimet,
3287 3541 3410 3597 Ori-

1829 3650 2019 3704 genem
2044 3637 2114 3689 ita
2140 3635 2396 3688 delirasse
2418 3632 2617 3689 ?Certe
2639 3634 2748 3702 jam
2784 3635 3034 3703 superius
3071 3636 3409 3689 ostendimus

1830 3728 2266 3796 0rigenem,tum
2291 3728 2342 3779 in
2362 3726 2511 3780 libris
2531 3737 2712 3780 contra
2746 3726 2976 3791 Celsum,
3004 3736 3115 3780 tum
3146 3726 3272 3780 alibi
3312 3728 3410 3779 do-

1830 3820 2007 3872 cuisse
2054 3815 2233 3870 verbis
2279 3816 2536 3878 disertis,
2581 3814 2781 3868 Filium
2836 3816 2927 3869 Dei
2977 3830 3102 3871 esse
3146 3816 3411 3886 αὐτοαλή-

1832 3910 1982 3962 θειαν
2011 3926 2030 3959 ‹
2084 3909 2411 3977 ipsissimam
2453 3909 2758 3961 veritatem.
2794 3924 2812 3957 ι
2854 3906 2962 3962 Sed
3011 3908 3295 3976 responsio
3342 3910 3409 3961 ad

1833 4004 1977 4057 lianc
2007 4000 2365 4068 objectionem
2385 3999 2599 4054 elucere
2624 4000 2837 4053 videtur
2857 4014 2924 4053 ex
2944 4001 3059 4068 ipsa
3081 4000 3409 4068 objectione.

1833 4104 1991 4164 prout
2016 4092 2204 4148 Grece
2235 4090 2554 4161 proponitur
2597 4104 2868 4159 anonymo
2911 4088 3198 4144 defensore
3223 4089 3413 4160 Orige-

1835 4185 1922 4241 nis
1948 4186 2091 4255 apud
2115 4182 2378 4251 ,Pbotium
2413 4180 2534 4237 cod.
2562 4195 2725 4237 cxvu.
2755 4181 2805 4235 ls
2829 4180 3025 4237 ibidem
3066 4183 3211 4237 inter
3232 4183 3411 4253 capita

1835 4279 1889 4333 in
1931 4279 2164 4348 Origene
2203 4275 2526 4346 reprehendi
2577 4276 2759 4337 solita,
2792 4284 3123 4344 postremum
3158 4274 3286 4329 illud
3317 4290 3414 4344 po-

1836 4372 1917 4425 nit
1942 4390 1955 4424 :
1996 4372 2164 4441 Ὄτιὴ
2196 4368 2357 4422 εἰκὼν
2384 4368 2477 4422 τοῦ
2496 4368 2655 4427 Θεοῦ.
2681 4368 2756 4431 ὡς
2790 4368 2926 4439 πρὸς
2953 4370 3156 4420 ἐκεῖνον
3182 4360 3245 4421 οὗ
3264 4367 3412 4419 ἐστιν

162 4451 409 4506 scientiae
442 4450 715 4506 virtutem.
745 4470 764 4503 ›
791 4452 929 4518 Quid
964 4467 1089 4507 vero
1115 4454 1180 4507 ad
1206 4455 1319 4508 haec
1342 4454 1720 4526 Hieronymus?

1836 4456 2197 4520 εἰκὼν,καο’ὃ
2220 4457 2401 4518 εἰκὼν,
2419 4457 2520 4509 οὐκ
2549 4457 2694 4510 ἔστιν
2725 4456 2977 4528 ἀλήθεια,
3022 4458 3070 4510 id
3097 4466 3179 4510 est
3215 4473 3233 4507 ι
3267 4456 3410 4510 Ima-

162 4544 305 4600 Audi
339 4556 394 4601 et
434 4546 634 4616 judica.
681 4545 772 4600 Sic
801 4547 961 4616 igitur
1010 4546 1099 4601 ille
1128 4532 1350 4617 Apolog.
1397 4547 1517 4601 adv.
1549 4547 1730 4615 Ruﬁn.

161 4636 263 4694 lib.
310 4654 371 4704 ti,
424 4655 475 4710 p.
517 4639 643 4703 401,
678 4653 828 4693 novae
857 4640 985 4694 edit.
1022 4656 1037 4692 :
1075 4658 1095 4691 ‹
1130 4640 1186 4694 ln
1224 4641 1396 4710 primo
1430 4641 1566 4694 libro
1594 4639 1735 4707 Περὶ

164 4730 390 4801 ἀρχῶν,
466 4732 656 4800 inquit,
730 4732 819 4787 ubi
872 4732 1132 4803 Origenes
1211 4733 1389 4804 lingua
1474 4734 1735 4803 sacrilega

164 4826 582 4894 blaspliemavit,
614 4827 757 4895 quod
806 4826 972 4880 Filius
1013 4826 1231 4882 Patrem
1285 4844 1388 4882 non
1435 4829 1647 4894 videat,
1683 4836 1739 4880 tu

166 4920 333 4976 etiam
360 4934 555 4977 causas
583 4920 785 4984 reddis,
824 4921 974 4988 quasi
1000 4937 1066 4975 ex
1092 4936 1317 4990 persona
1348 4920 1462 4989 ejus
1487 4921 1577 4990 qui
1604 4920 1740 4974 scri-

168 5012 278 5084 psit
312 5030 325 5066 :
362 5020 417 5066 et
465 5012 674 5082 Didymi
728 5012 1100 5081 interpretaris
1135 5012 1359 5083 σχόλιον,
1392 5014 1445 5067 in
1495 5026 1603 5081 quo
1653 5012 1740 5067 ille

169 5117 332 5159 casso
366 5101 553 5156 labore
597 5112 823 5157 conatur
855 5102 1087 5156 alienum
1132 5119 1369 5158 errorem
1406 5104 1739 5173 defendere;

170 5196 313 5266 quod
340 5194 599 5264 Origenes
623 5195 837 5263 quidem
864 5195 1000 5250 bene
1031 5195 1246 5259 dixerit,
1274 5197 1366 5251 sed
1404 5211 1501 5251 nos
1530 5195 1740 5265 simpli-

170 5304 264 5341 ces
309 5287 553 5340 homines
589 5295 643 5341 et
676 5286 887 5341 cicures
931 5286 1177 5352 Enniani,
1208 5303 1308 5342 nec
1347 5286 1485 5340 illius
1527 5288 1743 5354 sapien-

169 5381 326 5443 tiam,
377 5392 479 5434 nec
526 5388 693 5445 tuam,
744 5378 833 5447 qui
878 5380 1261 5448 interpretatus
1307 5392 1399 5441 es,
1443 5378 1742 5447 intelligere

168 5486 480 5540 possumus.
520 5489 537 5521 ι
584 5469 763 5536 Quare
801 5480 979 5525 autem
1038 5487 1143 5524 non
1195 5472 1527 5524 demonstrat
1568 5470 1737 5524 verba

168 5564 423 5631 Origenis
462 5562 672 5633 σκόλιον
706 5562 846 5617 istud
890 5562 1097 5634 Didymi
1131 5563 1252 5634 (viri
1290 5577 1419 5616 sane
1458 5562 1509 5615 in
1544 5560 1737 5615 Eccle-

243 5748 289 5777 “‘
312 5748 519 5803 Coloss.
544 5764 584 5808 ι.
626 5747 707 5803 15.
786 5748 829 5781 ⁵³
859 5745 1015 5801 Joan.
1054 5763 1089 5806 I.
1124 5745 1208 5800 18.

1289 5745 1523 5800 7oManli
1582 5759 1653 5801 si.
1700 5745 1789 5801 9.7.

1836 4552 2013 4622 ginem
2049 4551 2141 4606 Dei
2175 4562 2421 4619 respectu
2451 4550 2588 4619 ejus,
2618 4551 2772 4618 cujus
2800 4563 2881 4605 est
2912 4552 3115 4618 imago;
3143 4560 3412 4617 quatenus

1837 4650 1921 4695 est
1949 4641 2149 4710 imago,
2184 4655 2289 4694 non
2340 4655 2461 4694 esse
2493 4641 2797 4695 veritatem.
2835 4657 2852 4689 ι
2886 4638 3012 4705 Quae
3040 4636 3336 4707 propositio
3363 4639 3410 4691 si

1839 4735 2195 4803 expendatur,
2230 4750 2359 4788 sana
2408 4734 2677 4788 videbitur
2710 4742 2764 4786 et
2809 4732 3102 4786 catholica.
3139 4728 3273 4784 Nam
3321 4728 3413 4784 Fi-

1840 4824 2005 4890 limn,
2051 4833 2321 4894 quatenus
2365 4835 2447 4879 est
2488 4826 2666 4892 imago
2704 4823 2915 4887 Patris,
2958 4837 3062 4875 non
3114 4837 3237 4875 esse
3270 4822 3410 4875 veri-

1846 4924 2032 4977 tatem,
2086 4916 2188 4969 boc
2222 4926 2328 4979 est,
2359 4930 2463 4969 non
2498 4915 2671 4984 ipsum
2713 4930 2835 4969 esse
2866 4913 3112 4977 Patrem,
3147 4915 3301 4982 cujus
3331 4923 3414 4967 est

1846 5007 2046 5079 imago,
2077 5008 2442 5062 certissimum
2475 5018 2577 5061 est.
2597 5006 2815 5061 Scilicet
2846 5008 2946 5060 hoc
2971 5007 3037 5059 ab
3072 5004 3301 5074 Origene
3330 5006 3414 5057 di-

1845 5110 1990 5154 ctum
2018 5101 2231 5153 videtur
2282 5109 2471 5155 contra
2523 5099 2839 5166 Noetiauos,
2875 5098 2967 5169 qui
3001 5100 3246 5154 eamdem
3291 5113 3412 5152 esse

1844 5190 2021 5246 Patris
2051 5202 2104 5245 et
2132 5192 2254 5246 Filii
2286 5206 2577 5262 personam
2626 5194 2962 5247 asserebant.
3000 5190 3269 5245 Caeterum
3326 5189 3411 5242 Fi-

1846 5284 1975 5337 lium
2004 5285 2095 5338 Dei
2122 5300 2243 5339 esse
2264 5283 2443 5339 Patris
2462 5285 2543 5337 sui
2577 5299 2781 5351 veram,
2800 5284 2977 5337 vivam
2997 5298 3059 5337 ac
3087 5281 3400 5353 perfectissi-

1847 5393 1990 5431 mam
2022 5377 2330 5443 imaginem,
2367 5379 2466 5447 ipsi
2493 5376 2636 5431 Patri
2668 5392 2760 5445 per
2792 5378 2994 5439 omnia,
3015 5376 3176 5429 etiam
3206 5376 3407 5442 magni-

1848 5471 2031 5525 tudine
2062 5472 2496 5541 respondentem,
2532 5473 2736 5527 diserte
2759 5470 2919 5525 docet
2942 5469 3203 5538 Origenes
3223 5467 3407 5535 lib.vr,

1846 5575 2029 5618 contra
2057 5564 2190 5620 Cels.
2213 5579 2372 5635 quem
2398 5566 2571 5622 locum
2607 5566 2742 5621 infra
2778 5565 3038 5635 integrum
3067 5562 3391 5615 adducemus
