3838 6222
459 331 596 388 ιδιξ]

1873 334 2005 392 EXC
2017 338 2301 394 ERPTUM

3597 352 3721 406 {Sid

527 454 555 522 ᾗ
587 448 765 504 XVIII.
814 449 1051 519 Denique
1090 461 1144 505 et
1185 450 1321 504 hanc
1360 451 1577 523 Origeni
1626 454 2014 526 blasphemiam
2066 469 2114 521 Α
2143 461 2310 515 solam
2347 462 2439 518 Dei
2472 473 2722 518 naturam
2752 477 3091 534 competere;
3122 478 3172 524 et
3204 471 3367 524 simul
3403 486 3521 527 non
3556 476 3723 528 minus

455 547 678 601 ascribit
718 545 770 598 in
816 543 1040 610 epistula
1079 544 1144 595 ad
1182 544 1400 596 Avitum
1438 543 1596 600 Pater
1619 544 1990 603 Slridouensis
2022 566 2035 601 :

458 656 480 690 ι
525 641 687 692 Deum
750 634 965 690 Patrem
1026 651 1146 688 esse
1201 635 1377 689 lumen
1433 637 2037 711 incomprehensibile;

456 729 739 783 Christum
788 726 1077 780 collatione
1136 726 1314 780 Patris
1363 728 1704 795 splendorem
1760 746 1881 787 esse
1915 748 2040 803 per-

450 835 702 889 parvum.
745 837 763 870 ι
792 819 952 887 Atqui
985 818 1199 872 Patrem
1239 830 1291 872 et
1322 820 1512 874 Filium
1551 824 1759 890 pariter
1806 840 1928 880 esse
1958 826 2042 879 in-

451 913 972 982 comprehensibiles
1007 912 1061 965 in
1101 913 1254 966 libris
1297 923 1482 966 contra
1521 915 1731 969 Celsum
1788 933 1894 971 non
1936 933 2041 971 uno

453 1004 506 1057 in
558 1004 675 1057 loco
716 1004 917 1056 diserte
954 1002 1207 1057 docuisse
1249 1004 1540 1071 Origenem
1574 1021 1738 1076 supra
1782 1008 2036 1063 vidimus.

451 1092 683 1148 Videtur
707 1104 885 1147 autem
914 1095 1027 1148 hare
1050 1096 1358 1149 criminatio
1381 1112 1442 1150 ex
1477 1098 1543 1151 iis
1575 1097 1706 1151 locis
1736 1100 1926 1167 petita,
1952 1103 2037 1154 ubi

451 1187 583 1241 dicit
609 1186 892 1255 Origenes,
927 1205 945 1237 ι
987 1187 1040 1240 In
1064 1185 1232 1241 Patre
1263 1189 1433 1243 nullas
1461 1205 1580 1245 esse
1617 1193 1909 1261 tenebras;
1950 1193 2040 1246 Fi—

452 1277 581 1331 lium
611 1294 741 1333 vero
781 1281 830 1331 in
870 1280 1108 1335 tenebris
1137 1281 1336 1335 lucere.
1372 1302 1390 1334 ι
1424 1282 1528 1337 Sed
1557 1294 1790 1341 mentem
1835 1301 1896 1340 ac
1920 1302 2042 1340 sen-

450 1370 673 1424 tentiam
704 1386 856 1424 suam
896 1372 961 1426 iis
989 1374 1039 1425 in
1074 1372 1209 1427 locis
1253 1374 1399 1429 clare
1445 1376 1738 1445 explicavit
1770 1379 1885 1448 ipse
1915 1380 2040 1434 Ori-

448 1477 614 1530 genes
641 1474 771 1517 tom.
805 1479 841 1518 ιι
874 1464 927 1517 in
948 1463 1136 1531 10am,
1160 1483 1308 1519 nmn.
1335 1468 1425 1529 τι,
1447 1484 1568 1539 pag.
1599 1470 1690 1533 79,
1719 1471 1802 1525 bis
1828 1473 2036 1528 verbis:

442 1548 652 1625 Μηδεὶς
670 1555 727 1607 δὲ
754 1557 900 1627 ἡμᾶς
929 1557 1357 1628 ὑπολαμϐανέτω
1382 1559 1552 1612 ταῦτα
1584 1559 1760 1629 λέγειν
1786 1562 2041 1617 ἀσεϐοῦν-

446 1662 544 1708 τας
571 1648 648 1709 εἰς
672 1646 763 1698 τὸν
797 1648 1028 1717 Χριστὸν
1056 1648 1148 1702 τοῦ
1192 1650 1349 1703 Θεοῦ·
1384 1645 1428 1718 ᾧ
1468 1652 1576 1723 γὰρ
1620 1651 1762 1724 λόγῳ
1795 1656 1823 1707 ὁ
1851 1655 2039 1727 Πατὴρ

450 1740 609 1810 μόνος
642 1741 753 1813 ἔχει
789 1742 1106 1807 ἀθανασίαν,
1144 1745 1237 1798 τοῦ
1283 1747 1487 1818 Κυρίου
1526 1749 1683 1818 ἡμῶν
1718 1748 1807 1802 διὰ
1856 1752 2037 1818 φιλαν-

446 1833 692 1904 Ορωπίαν
721 1834 946 1888 θάνατον
969 1835 1059 1890 τὸν
1098 1837 1238 1908 ὑπὲρ
1261 1840 1291 1909 ἡ
1301 1838 1416 1908 μῶν
1450 1839 1802 1909 ἀνειληφότος
1822 1858 1834 1869 ·
1859 1841 2033 1913 τούτῳ

432 1927 472 1977 δὲ
503 1925 689 1997 Πατὴρ
743 1926 854 1997 ἔχει
905 1927 1062 1998 μόνος
1094 1929 1154 1980 τό
1177 1946 1190 1958 ο
1220 1929 1417 1983 Σκοτία
1461 1932 1518 1982 ὲν
1546 1931 1695 2001 αὐτῷ
1734 1933 1833 1986 οὐκ
1888 1933 2032 1987 ἔστιν

434 2017 690 2088 οὐδεμία·
713 2018 806 2071 τοῦ
824 2020 1064 2091 Χριστοῦ
1086 2020 1173 2073 διὰ
1192 2020 1289 2092 τὴν
1312 2019 1447 2094 πρὸς
1475 2022 1795 2095 ἀνθρώπους
1816 2026 2035 2098 εὐεργε-

445 2112 567 2165 σίαν
602 2112 688 2181 ἐφ’
717 2112 880 2164 αὐτὸν
902 2112 999 2176 τὰς
1030 2113 1186 2184 ἡμῶν
1222 2115 1441 2178 σκοτίας
1473 2116 1901 2187 ἀναδεδεγμένου
1930 2137 1943 2150 ⁸
1973 2120 2025 2174 id

441 2214 569 2258 est:
607 2222 627 2256 ι
675 2203 785 2259 Nec
812 2220 943 2259 vero
984 2206 1294 2276 suspicetur
1324 2222 1424 2262 nos
1462 2209 1745 2278 quisquam
1785 2212 1899 2267 haac
1945 2213 2030 2267 di-

441 2311 571 2351 cere
619 2297 800 2351 minus
845 2298 931 2367 pie
961 2298 1238 2353 Christum
1295 2301 1385 2355 Dei
1435 2300 1698 2357 colentes.
1738 2302 1871 2357 Nam
1924 2321 2026 2375 qua

442 2390 653 2444 ratione
690 2390 839 2445 solus
873 2388 1033 2445 Pater
1061 2390 1227 2447 habet
1259 2393 1891 2466 immortalitatem.quia
1927 2400 2028 2452 Do-

440 2485 621 2537 minus
645 2492 827 2537 noster
859 2494 1107 2538 nostrum
1153 2485 1373 2539 nomine
1420 2498 1649 2540 mortem
1680 2488 1748 2541 ob
1779 2505 2024 2545 amorem

434 2590 567 2645 erga
610 2590 778 2646 genus
820 2576 1116 2630 humanum
1168 2577 1496 2646 pertulerit,
1534 2579 1637 2633 hac
1670 2579 1831 2634 Pater
1879 2584 2027 2637 solus

439 2666 625 2733 habet,
648 2677 706 2720 ut
732 2669 783 2721 in
814 2669 929 2738 ipso
970 2670 1131 2724 nullae
1162 2671 1271 2725 sint
1298 2671 1562 2737 Ienebrm;
1598 2688 1719 2726 cum
1755 2673 2024 2739 Christus,

439 2769 498 2812 ut
546 2760 794 2814 homines
840 2759 1105 2815 beneficio
1145 2762 1405 2831 alliceret,
1444 2765 1693 2820 tenebras
1729 2776 1943 2822 nostras
1970 2768 2023 2822 in

435 2852 674 2919 seipsum
700 2854 985 2923 receperit.
1018 2874 1037 2906 ι

513 2944 541 3014 §
580 2943 719 2998 XIX.
748 2945 821 2999 Ita
872 2947 1087 3001 tandem
1132 2948 1434 3003 doctrinam
1488 2948 1746 3005 librorum
1778 2951 2025 3022 Origenis

435 3050 619 3091 contra
670 3038 875 3094 Celsum
902 3080 917 3103 ,
954 3040 1008 3094 in
1042 3043 1273 3097 articulo
1316 3044 1382 3097 de
1424 3042 1563 3097 Filio
1606 3045 1719 3111 Dei,
1766 3047 2024 3098 orthodo-

434 3147 561 3185 xam
604 3142 657 3186 et
710 3136 1029 3189 catholicam
1079 3135 1224 3189 clare
1270 3136 1609 3189 ostendimus
1649 3152 1663 3186 :
1733 3136 2020 3206 impiisque

438 3224 573 3278 adeo
615 3226 792 3293 dictis,
833 3244 951 3295 quae
986 3227 1343 3297 Hieronymus
1366 3236 1420 3281 et
1452 3226 1540 3280 alii
1572 3228 1785 3297 egregio
1815 3229 2019 3283 doctori

434 3312 819 3375 attribuerunt,
853 3316 1186 3368 assertiones
1209 3316 1369 3383 plane
1396 3318 1718 3378 contrarias,
1736 3334 1801 3370 ex
1830 3320 2019 3372 eodem

430 3416 599 3469 Opere
644 3402 943 3458 indubitato
985 3406 1276 3472 prodamus
1298 3445 1311 3471 ,
1341 3408 1706 3476 opposuimus.
1738 3406 1837 3473 Qui
1890 3423 2020 3462 vero

436 3498 746 3552 testimonia
782 3498 869 3553 illa
910 3501 1213 3565 catholica,
1252 3516 1371 3570 qua:
1427 3503 1477 3556 in
1515 3502 1723 3556 caeteris
1772 3500 2020 3569 Origenis

433 3590 654 3659 scriptis
682 3592 1046 3661 reperiuntur,
1091 3597 1238 3662 cupit
1266 3609 1614 3665 cognoscere,
1651 3597 1899 3649 consulat
1931 3596 2018 3648 ille

432 3678 700 3751 Pamphili
756 3685 1011 3754 martyris
1050 3685 1361 3754 Apologiam
1409 3702 1502 3754 pro
1552 3682 1776 3755 Origene
1806 3702 1925 3754 Cap.
1959 3686 2014 3745 3.

439 3789 570 3845 pag,
605 3776 699 3839 27,
727 3791 893 3846 quam
928 3792 1054 3830 vere
1082 3775 1345 3845 Pamphili
1376 3791 1495 3831 esse
1538 3787 1725 3830 contra
1751 3777 2018 3847 Hierony-

443 3884 592 3922 mum
633 3884 758 3922 mox
788 3869 991 3936 liquido
1020 3869 1388 3938 probabimus.
1426 3868 1593 3923 Nobis
1631 3869 1742 3923 loca
1771 3870 2014 3938 quaedam

431 3961 720 4015 selectiora
756 3976 822 4014 ex
860 3961 946 4013 illa
971 3960 1225 4029 Apologia
1258 3962 1344 4015 hic
1375 3961 1635 4015 recitasse
1662 3958 1910 4012 snlIii-iat.
1941 3960 2012 4013 Ex

428 4052 609 4120 primo
659 4052 794 4106 libro
844 4053 983 4121 Περὶ
1034 4052 1279 4122 ἀρχῶν,
1316 4068 1463 4106 num.
1507 4053 1574 4112 5,
1608 4053 1722 4105 lucc
1766 4050 2015 4121 Origenis

430 4141 598 4194 verba
649 4140 783 4195 citat
824 4142 1182 4210 Pamphilus:
1220 4160 1239 4193 ι
1280 4141 1432 4195 Nulla
1470 4156 1600 4209 ergo
1645 4153 1838 4195 natura
1890 4150 2012 4207 est,

428 4245 552 4299 quas
591 4246 694 4285 non
743 4232 976 4301 recipiat
1018 4233 1239 4297 malum,
1268 4244 1497 4302 excepta
1531 4232 1619 4287 Dei
1655 4242 1868 4296 natura,
1892 4246 2015 4302 qua:

431 4322 555 4378 fons
583 4324 844 4378 bonorum
872 4326 1110 4379 omnium
1133 4336 1237 4389 est,
1261 4336 1316 4380 et
1348 4325 1549 4381 Christi
1585 4327 1847 4396 sapientia
1867 4327 2012 4381 enim

430 4424 538 4477 est,
570 4424 623 4468 et
651 4416 917 4485 sapientia
949 4417 1133 4485 utique
1156 4417 1443 4472 stultitiam
1482 4419 1725 4488 recipere
1769 4433 1874 4472 non
1915 4433 2012 4489 po-

2142 567 2399 622 expresse
2447 556 2597 620 dicit,
2627 572 2799 624 neque
2836 557 3054 623 Filium,
3100 575 3271 630 neque
3303 562 3579 630 Spiritum
3607 578 3723 617 san-

2143 656 2289 698 ctum
2319 662 2474 714 posse
2507 649 2707 702 malum
2752 651 2993 720 recipere
3024 671 3038 707 :
3071 655 3293 709 omnino
3319 657 3523 728 igitur-
3555 662 3720 714 sensit

2143 736 2403 805 Origenes
2441 748 2493 791 et
2538 738 2729 793 Filium
2777 752 2832 794 et
2858 742 3116 811 Spiritum
3151 758 3398 801 sanctum
3441 748 3504 802 in
3538 761 3721 804 natura

2144 830 2322 882 divina
2377 830 2692 893 subsistere.
2726 833 2880 901 Quod
2911 850 3005 890 eos
3029 846 3215 892 notare
3251 837 3449 905 velim,
3482 841 3580 908 qui
3606 844 3721 893 Ori-

2142 935 2332 989 genem
2362 923 2683 978 existimant
2737 927 2930 981 saltem
2988 927 3249 995 Spiritum
3291 942 3553 986 sanctum
3590 934 3721 987 inter

2142 1022 2419 1067 creaturas
2450 1032 2781 1073 numerasse.
2810 1020 2916 1074 Sed
2945 1030 2999 1073 et
3023 1037 3144 1076 mox
3173 1022 3371 1077 ibidem
3409 1026 3583 1080 totius
3606 1041 3719 1080 san-

2141 1105 2397 1159 ctissimae
2416 1105 2643 1171 Τριὰδος
2667 1109 3226 1167 inconvertibilitatem
3255 1125 3423 1183 atque
3448 1118 3719 1169 aeternita-

2143 1203 2250 1249 tem
2269 1196 2415 1250 clare
2449 1201 2693 1265 agnoscit
2717 1201 2799 1255 his
2831 1203 3011 1256 verbis
3033 1202 3145 1275 (59)
3174 1222 3230 1258 :s
3255 1206 3309 1260 Si
3326 1208 3614 1262 revelante
3641 1207 3721 1261 Fi-

2141 1285 2213 1339 lio
2241 1290 2517 1356 cognoscit
2546 1288 2758 1342 Patrem
2782 1291 3018 1360 Spiritus
3047 1303 3289 1358 sanctus,
3308 1310 3446 1365 ergo
3477 1311 3550 1350 ex
3579 1298 3720 1366 igno-

2143 1380 2323 1434 rantia
2357 1382 2421 1434 ad
2462 1382 2743 1435 scientiam
2777 1384 2927 1436 venit
2958 1386 3138 1453 :quod
3171 1386 3359 1455 utique
3398 1398 3460 1442 et
3503 1390 3718 1457 impium

2141 1472 2345 1541 pariter
2380 1478 2435 1526 et
2479 1474 2702 1527 stultum
2734 1487 2840 1538 est,
2877 1475 3136 1545 Spiritum
3170 1490 3419 1532 sanctum
3451 1482 3717 1542 conﬁteri,

2141 1574 2195 1617 et
2251 1564 2609 1633 ignorantiam
2643 1566 2691 1619 ei
2734 1568 3028 1621 ascribere.
3062 1566 3178 1621 Non
3218 1570 3368 1623 enim
3409 1586 3542 1624 cum
3585 1572 3720 1625 aliud

2142 1651 2342 1720 aliquid
2373 1664 2519 1707 esset
2554 1666 2847 1724 antequam
2880 1656 3114 1724 Spiritus
3139 1670 3383 1724 sanctus,
3411 1676 3517 1729 per
3547 1663 3720 1732 profe-

2141 1753 2289 1797 ctmn
2339 1746 2488 1798 venit
2530 1746 2582 1800 in
2642 1748 2767 1810 hoc,
2801 1757 2855 1801 ut
2903 1761 3047 1804 esset
3093 1749 3333 1818 Spiritus
3368 1764 3639 1819 sanctus;
3673 1766 3722 1809 ut

2140 1840 2263 1904 quis
2284 1838 2480 1893 audeat
2507 1840 2690 1894 dicere
2730 1842 2856 1910 quia
2904 1852 3033 1898 tunc
3064 1844 3280 1912 quidem
3304 1861 3435 1900 cum
3482 1851 3721 1902 nonduin

2139 1941 2281 1983 esset
2335 1928 2569 1999 Spiritus
2624 1943 2863 1996 sanctus,
2889 1934 3174 2005 ignorabat
3224 1936 3507 1992 Patrem:
3545 1950 3723 2009 postea

2137 2037 2268 2075 vero
2291 2038 2448 2091 quam
2487 2023 2695 2093 recepit
2710 2026 3200 2093 scientiam,etiam
3233 2028 3482 2098 Spiritus
3504 2045 3723 2087 sanctus

2138 2110 2360 2165 eﬂ‘ectus
2386 2122 2490 2165 est.
2528 2112 2680 2178 Quod
2709 2112 2754 2167 si
2797 2123 2964 2178 esset,
2992 2131 3266 2185 nunquam
3297 2118 3500 2186 utique
3528 2119 3585 2171 in
3616 2120 3724 2171 uni-

2140 2210 2249 2255 tate
2284 2200 2589 2267 Trinitatis,
2625 2204 2675 2256 id
2707 2213 2791 2258 est
2835 2203 2930 2258 Dei
2968 2204 3145 2260 Patris
3182 2207 3725 2276 inconvertibilis,et

2135 2292 2256 2345 Filii
2280 2294 2393 2361 ejus
2422 2293 2582 2348 etiam
2611 2294 2723 2363 ipse
2750 2294 2984 2363 Spiritus
3012 2307 3235 2351 sanctus
3267 2299 3607 2363 haberetur,
3630 2300 3723 2353 nisi

2135 2386 2259 2454 quia
2292 2398 2344 2439 et
2378 2385 2491 2454 ipse
2523 2403 2736 2457 semper
2761 2396 2879 2440 erat
2920 2389 3158 2457 Spiritus
3184 2400 3436 2444 sanctus.
3472 2409 3494 2442 ι
3531 2390 3607 2445 De
3638 2391 3720 2444 Fi-

2136 2477 2205 2530 lio
2232 2493 2355 2531 vero
2382 2478 2473 2533 Dei
2503 2479 2583 2533 sic
2608 2480 2795 2534 scribit
2822 2480 3085 2548 Origenes
3120 2482 3171 2534 in
3206 2482 3388 2548 primo
3426 2480 3578 2535 libro
3604 2479 3721 2551 Epi-

2132 2572 2283 2624 stolw
2328 2575 2396 2623 ad
2448 2571 2736 2638 Romanos,
2786 2590 2938 2631 num.
2991 2574 3044 2639 5,
3096 2591 3149 2645 p.
3179 2574 3308 2637 466,
3354 2577 3721 2640 not.,citantc

2131 2660 2412 2728 Pamphilo
2472 2663 2691 2733 Apolog.
2742 2680 2863 2732 cap.
2899 2665 2952 2732 5,
2994 2681 3117 2737 pag.
3155 2667 3263 2721 '55:
3298 2684 3319 2717 ε
3358 2667 3593 2733 Quaerat
3625 2666 3721 2721 for-

2134 2764 2274 2808 tasse
2310 2754 2522 2823 aliquis,
2550 2757 2594 2810 si
2627 2756 2794 2810 Filius
2827 2758 3068 2812 Charitas
3112 2767 3239 2820 est;
3273 2760 3568 2828 praecipue
3604 2775 3716 2831 pro.

2132 2857 2251 2915 pter
2280 2847 2382 2900 hoc
2406 2850 2546 2916 quod
2572 2848 2808 2902 Joannes
2830 2851 2894 2902 ad
2924 2850 3087 2905 Deum
3114 2850 3327 2904 Patrem
3363 2853 3565 2907 retulit
3594 2856 3716 2907 hanc

2131 2949 2315 2989 vocem
2346 2937 2553 3001 dicens,
2587 2937 2720 3004 Quia
2754 2938 2895 2992 Deus
2925 2941 3154 2993 Charitas
3180 2941 3339 2994 est".
3360 2941 3476 2997 Sed
3515 2959 3716 2997 rursum

2129 3043 2194 3081 ex
2239 3030 2350 3097 ipsa
2370 3030 2488 3099 ejus
2535 3031 2775 3101 Epistola
2812 3034 3149 3101 proferemus
3182 3044 3236 3085 et
3274 3032 3415 3087 illud
3445 3036 3599 3101 quod
3629 3037 3715 3095 ait,

2129 3120 2459 3188 Charissimi,
2494 3125 2778 3194 diligamus
2825 3126 3062 3188 invicem,
3087 3126 3341 3193 quoniam
3375 3128 3626 3181 Charitas
3660 3144 3717 3181 es

2129 3213 2235 3267 Deo
2262 3215 2329 3268 7’.
2364 3216 2463 3281 Qui
2492 3232 2620 3286 ergo
2650 3217 2806 3279 dixit,
2840 3217 2969 3285 quia
3004 3216 3137 3269 Deus
3180 3219 3420 3271 Charitas
3463 3229 3583 3281 est,
3614 3221 3717 3287 ipse

2125 3308 2318 3362 iterum
2348 3309 2501 3362 docet
2534 3310 2856 3362 cbaritatem
2890 3323 3010 3362 esse
3049 3324 3115 3363 ex
3142 3309 3253 3364 Deo
3285 3326 3299 3362 :
3339 3326 3517 3378 quam
3546 3312 3718 3365 chari-

2126 3408 2289 3452 tatem
2316 3401 2478 3453 credo
2504 3416 2607 3453 non
2644 3416 2764 3455 esse
2787 3401 2948 3455 alium
2982 3402 3081 3455 nisi
3128 3402 3475 3472 unigenitum
3526 3403 3713 3458 Filium

2122 3490 2238 3558 ejus
2277 3490 2414 3543 sicut
2445 3492 2607 3544 Deum
2638 3504 2706 3544 ex
2746 3491 2871 3554 Deo,
2903 3491 2977 3544 ita
3000 3492 3318 3570 cha_ritatem
3346 3507 3413 3546 ex
3442 3493 3715 3547 charitate

2124 3583 2485 3652 progenitum.
2545 3600 2564 3634 ι
2611 3581 2812 3635 Deinde
2863 3596 2929 3635 ex
2973 3581 3065 3635 lib.
3110 3598 3143 3635 ν
3182 3582 3239 3634 in
3288 3581 3510 3652 Evang.
3553 3583 3717 3639 Joan-

2122 3675 2200 3725 m‘s
2226 3687 2245 3723 :
2288 3692 2305 3723 ι
2356 3672 2675 3743 Unigenitus
2707 3674 2873 3728 Filius
2897 3673 3143 3728 Salvator
3176 3683 3397 3739 noster,
3428 3676 3529 3744 qui
3576 3677 3715 3730 solus

2119 3780 2186 3819 ex
2225 3764 2379 3819 Patre
2426 3776 2581 3821 natus
2617 3776 2723 3833 est,
2776 3767 2923 3821 solus
2958 3776 3145 3819 natura
3180 3776 3241 3820 et
3283 3782 3390 3819 non
3422 3768 3715 3835 adoptione

2118 3857 2284 3912 Filius
2313 3866 2417 3914 est.
2442 3877 2460 3909 ι
2481 3858 2599 3913 Mox
2630 3873 2695 3913 ex
2726 3857 3210 3913 Commentariisin
3244 3858 3475 3923 Epistol.
3500 3864 3575 3912 ad
3606 3859 3712 3913 Hc-

2116 3952 2283 4007 brwos
2320 3954 2433 4007 haec
2462 3952 2708 4022 Origenis
2742 3952 2904 4005 verba
2940 3952 3069 4004 citat
3110 3950 3425 4018 Pamphilus
3455 3970 3470 4004 :
3499 3970 3519 4001 ι
3541 3950 3713 4021 Opor-

2120 4055 2195 4102 tet
2223 4057 2402 4101 autem
2432 4048 2572 4100 scire
2599 4060 2718 4109 nos,
2750 4044 2874 4114 quia
2909 4059 3004 4112 per
3040 4042 3323 4098 inelfabilia
3369 4046 3629 4111 quaedam
3662 4056 3713 4099 et

2116 4144 2323 4191 secreta
2355 4146 2411 4190 et
2465 4137 2741 4190 recondita
2790 4133 3075 4202 quemdam
3104 4133 3321 4188 modum
3364 4133 3473 4188 sibi
3505 4133 3711 4187 faciens

2118 4227 2399 4299 Scriptura
2428 4237 2639 4291 sancta,
2678 4235 2904 4281 conatur
2932 4225 3239 4280 hominibus
3269 4225 3524 4280 indicare
3548 4237 3607 4281 et
3630 4227 3710 4280 in-

2117 4321 2391 4376 tellectum
2418 4333 2709 4388 suggerere
2740 4318 3011 4372 subtilem.
3059 4318 3287 4387 Vaporis
3314 4317 3466 4371 enim
3506 4333 3706 4371 nomen

2116 4413 2398 4478 imlucens,
2427 4412 2528 4466 hoc
2554 4410 2675 4464 ideo
2698 4410 2762 4465 de
2795 4411 2955 4465 rebus
2983 4408 3359 4479 corporalibus
3380 4412 3703 4479 assumpsit.

432 4514 560 4561 test.
594 4506 660 4561 Et
695 4506 899 4575 iustitia
936 4517 1058 4575 est;
1090 4508 1306 4576 iustitia
1350 4522 1530 4565 autem
1577 4525 1852 4580 nunquam
1884 4526 2011 4579 pro-
2041 4511 2088 4569 D
2114 4513 2173 4559 ut
2202 4505 2284 4561 vel
2313 4520 2378 4559 ex
2404 4515 2559 4573 parte
2588 4504 2765 4574 aliqua
2788 4502 3055 4574 possimus
3088 4500 3408 4570 intelligere,
3427 4502 3703 4568 quomodo

429 4599 572 4655 lecto
627 4600 944 4669 injustitiam
1004 4603 1207 4671 capiet.
1248 4602 1313 4656 Et
1347 4604 1571 4657 verbum
1604 4614 1688 4657 est
1726 4602 1812 4657 vel
1850 4603 2008 4665 ratio,

426 4705 550 4762 qua:
581 4693 767 4761 utique
798 4691 1186 4749 irrationabilis
1210 4694 1349 4749 elIici
1380 4710 1487 4748 non
1510 4694 1675 4749 valet.
1699 4693 1805 4749 Sed
1834 4702 1888 4747 et
1919 4693 2010 4746 lux

424 4797 534 4852 est,
566 4797 622 4841 et
661 4791 833 4841 lucem
873 4798 1081 4843 certum
1126 4798 1209 4844 est
1258 4789 1402 4858 quod
1442 4788 1678 4842 tenebrae
1720 4801 1825 4838 non
1859 4800 2010 4839 com-

427 4876 785 4946 prehendant.
845 4876 1109 4934 Similiter
1164 4890 1344 4933 autem
1398 4888 1454 4934 et
1514 4888 1709 4931 natura
1767 4876 2006 4946 Spiritus

429 4968 626 5031 sancti,
667 4984 787 5037 qua:
836 4980 1024 5025 sancta
1066 4980 1185 5036 est,
1236 4987 1342 5025 non
1386 4970 1578 5040 recipit
1623 4969 1999 5039 pollutionem.

430 5056 758 5114 Naturaliter
789 5062 932 5115 enim
967 5060 1050 5115 vel
1100 5061 1532 5115 substantialiter
1568 5070 1759 5114 sancta
1805 5067 1907 5111 est.
1947 5055 2005 5110 Si

422 5167 533 5221 qua
598 5162 776 5206 autem
834 5154 937 5207 alia
982 5162 1171 5208 natura
1239 5163 1428 5208 sancta
1491 5163 1606 5215 est,
1664 5167 1729 5208 ex
1796 5164 2007 5203 assum-

427 5243 612 5313 ptione
664 5244 808 5309 hoc,
867 5244 950 5298 vel
1006 5247 1356 5315 inspiratione
1399 5245 1631 5315 Spiritus
1678 5244 1850 5298 sancti
1907 5245 2006 5297 ha-

425 5335 521 5390 bet
567 5342 626 5389 ut
668 5334 1062 5400 sanctiliectur,
1099 5351 1205 5390 non
1247 5351 1315 5391 ex
1370 5350 1465 5390 sua
1502 5345 1693 5389 natura
1728 5336 1829 5388 hoc
1879 5348 2003 5402 pos-

427 5428 634 5492 sidens,
683 5428 775 5483 sed
804 5428 1055 5482 accidens
1093 5445 1106 5481 :
1139 5439 1357 5499 pr0pter
1380 5429 1521 5499 quod
1551 5438 1604 5481 et
1637 5428 1885 5482 decidere
1909 5442 2004 5494 po-

423 5528 533 5574 test
560 5520 703 5590 quod
720 5520 935 5574 accidit.
980 5538 999 5571 ι
1038 5519 1136 5574 llic
1169 5520 1431 5589 Origenes
1461 5521 1660 5574 diserte
1683 5520 1839 5572 docet
1863 5517 1999 5569 ἀνα-

422 5611 700 5683 μάρτησιν
750 5613 864 5667 sive
908 5610 971 5664 τὸ
1024 5611 1225 5670 malum
1284 5626 1388 5665 non
1439 5626 1599 5680 posse
1641 5610 1916 5680 recipere,
1950 5625 2001 5663 Ill

494 5705 538 5735 '”
571 5705 590 5759 ι
623 5704 777 5760 Joan.
817 5721 908 5772 tv,
953 5704 1019 5771 8,
1056 5705 1143 5761 16.
1216 5707 1263 5738 ⁷⁸
1290 5708 1415 5762 ibid.
1453 5707 1544 5761 47.

491 5798 605 5869 (39)
640 5802 714 5857 Ex
740 5802 912 5858 libro:
942 5803 1079 5871 Περὶ
1102 5802 1321 5873 ἀρχῶν,
1347 5817 1465 5873 cap.
1491 5804 1543 5867 3,
1569 5819 1715 5857 lllllll.
1742 5802 1794 5857 4.

2115 4597 2362 4651 Christus
2394 4595 2483 4663 qui
2512 4608 2597 4650 est
2633 4594 2915 4663 sapientia,
2945 4593 3243 4649 secundum
3283 4593 3697 4648 similitudinem

2113 4688 2229 4757 ejus
2286 4687 2534 4756 vaporis,
2570 4686 2659 4755 qni
2715 4686 2781 4740 de
2835 4685 3135 4739 substantia
3193 4682 3380 4750 aliqua
3426 4683 3696 4753 corporali

2112 4777 2373 4846 procedit.
2405 4777 2487 4832 sic
2506 4778 2673 4831 etiam
2702 4776 2813 4844 ipse
2839 4784 2897 4827 ut
2921 4774 3143 4841 quidam
3173 4788 3338 4842 vapor
3359 4776 3620 4829 exoritur
3639 4778 3696 4828 de

2108 4870 2306 4923 virtute
2338 4868 2506 4937 ipsius
2542 4867 2633 4921 Dei
2659 4886 2672 4921 :
2704 4870 2783 4923 sic
2804 4876 2857 4921 et
2882 4867 3162 4937 sapientia,
3187 4880 3253 4919 ex
3282 4879 3350 4919 eo
3374 4869 3691 4936 procedens,

2106 4976 2173 5015 ex
2204 4962 2315 5030 ipsa
2347 4960 2437 5014 Dei
2473 4960 2770 5015 substantia
2798 4970 3102 5030 generatur.
3130 4961 3219 5016 Sic
3248 4962 3614 5020 nihilominus
3647 4973 3692 5017 et

2107 5055 2402 5109 secundum
2434 5054 2844 5111 similitudinem
2878 5055 3173 5125 corporalis
3213 5057 3556 5124 aporrbure,
3587 5072 3691 5113 esse

2109 5144 2305 5198 dicitur
2333 5144 2616 5214 aporrhoea
2651 5145 2833 5213 gloriae
2854 5144 3249 5214 Omnipotentis
3273 5160 3410 5213 pura
3450 5147 3687 5216 quaedam

2108 5245 2163 5289 et
2194 5235 2429 5290 sincera.
2463 5235 2593 5303 Quae
2630 5247 2869 5305 utrmque
2897 5238 3274 5291 similitudines
3304 5238 3686 5293 manifestissi-

2112 5340 2198 5380 me
2229 5325 2521 5379 ostendunt
2562 5328 2993 5383 communionem
3033 5326 3355 5382 substantiae
3407 5340 3539 5383 esse
3570 5328 3685 5382 Filio

2112 5431 2235 5472 cum
2272 5416 2451 5472 Patre.
2480 5418 2777 5486 Aporrhtea
2809 5421 2952 5474 enim
2991 5419 3341 5473 homoousios
3373 5419 3616 5481 videtur,
3646 5418 3685 5470 id

2109 5517 2192 5562 est
2223 5508 2378 5562 unius
2405 5510 2719 5564 substantiae
2765 5526 2887 5566 cum
2926 5511 3016 5565 illo
3063 5524 3293 5579 corpore
3318 5548 3337 5573 ,
3372 5524 3441 5563 ex
3482 5527 3592 5581 qua
3620 5516 3685 5564 est

2107 5600 2187 5655 vel
2220 5600 2524 5671 aporrhma,
2556 5602 2639 5659 vel
2670 5617 2853 5674 vapor.
2900 5622 2919 5657 ι
2956 5603 3191 5672 Denique
3224 5602 3453 5657 adducit
3499 5603 3685 5659 beatis-
