3838 6222
177 368 301 423 l32|

1187 357 1279 413 EX
1316 356 1381 413 G.
1418 353 1621 410 BULL‘l
1654 351 1807 410 DEF.
1854 351 2027 408 FlDEl
2062 354 2379 411 ΝΙΟᾸΞΝᾹΞ.

3266 358 3289 411 1
3300 359 3402 413 5‘22

176 484 339 537 simus
378 488 583 549 martyr
633 490 688 534 et
718 478 860 533 hunc
898 475 1148 544 Origenis
1189 474 1364 529 locum
1401 487 1465 527 ex
1494 471 1626 527 lib.t
1665 469 1739 523 De
1766 472 1812 530 Α
1841 468 2205 539 antiquiorum
2264 471 2589 541 scriptorum
2615 511 2631 539 ,
2680 482 2792 527 tum
2839 472 3086 542 inprimis
3132 472 3399 543 Pamphili

172 570 419 645 priiicip.,
452 586 568 642 cap.
608 570 665 634 2,
709 586 855 623 num.
893 569 961 623 6:
996 586 1014 619 ‹
1048 565 1448 622 Observandum
1508 575 1739 631 namque

1863 561 2089 633 nartyris
2111 572 2164 616 et
2191 563 2404 618 Eusebii
2441 564 2785 620 Cmsariensis
2813 581 2827 618 :
2862 565 3076 619 Μᾶλλον
3105 566 3182 631 δὲ,
3207 567 3402 637 inquit,

172 675 274 728 est,
298 678 365 717 ne
390 664 509 731 quis
532 660 771 714 incurrat
788 660 845 713 in
865 659 985 712 illas
1009 656 1269 711 absurdas
1295 653 1503 707 fabulas
1525 666 1736 714 eorum,

172 756 260 825 qui
291 753 618 822 prolationes
663 756 925 820 quasdam
978 748 1077 803 sibi
1124 744 1256 816 ipsis
1310 746 1643 814 depingunt:
1681 750 1741 795 ut

173 849 403 902 divinam
434 855 680 900 naturam
705 843 757 896 in
780 852 960 910 partes
982 839 1625 911 vocent-(putolegeudum
1656 850 1739 889 se-

173 940 313 1009 cent)
341 945 395 993 et
425 937 589 991 Deum
620 934 858 1001 Patrem,
889 943 1148 1002 quantum
1175 932 1227 984 in
1260 945 1318 985 se
1345 940 1428 984 est
1460 928 1736 1008 dividant;

172 1047 291 1086 cum
318 1030 421 1083 hoc
443 1028 509 1081 de
540 1028 853 1094 incorporea
887 1034 1078 1078 natura
1110 1022 1190 1077 vel
1223 1022 1413 1076 leviter
1454 1017 1740 1087 suspicari,

175 1138 277 1177 non
333 1122 504 1175 solum
566 1128 822 1174 extremae
880 1115 1171 1186 impietatis
1222 1114 1326 1177 sit,
1361 1126 1542 1165 verum
1578 1109 1740 1162 etiam

173 1212 740 1281 ultimminsipieutim;
770 1224 867 1263 nec
883 1208 1100 1262 omnino
1125 1206 1208 1259 vel
1238 1207 1303 1259 ad
1337 1201 1737 1273 intelligentiam

173 1320 527 1376 consequens,
565 1314 623 1357 ut
645 1304 978 1371 incorporea:
1003 1308 1210 1353 natura:
1251 1294 1619 1352 substantialis
1660 1292 1742 1346 di-

175 1401 311 1456 visio
348 1400 510 1469 possit
546 1396 791 1466 intelligi.
824 1394 991 1465 Magis
1024 1406 1151 1461 ergo
1180 1391 1322 1445 sicut
1352 1388 1600 1443 voluntas
1622 1399 1744 1454 pro-

175 1493 316 1547 cedit
345 1508 375 1546 e
406 1500 583 1545 mente
611 1500 665 1542 et
698 1501 870 1555 neque
900 1494 1107 1554 partem
1148 1483 1383 1551 aliquam
1419 1478 1616 1533 mentis
1653 1491 1739 1530 se—

174 1594 281 1647 cat,
308 1598 480 1653 neque
501 1582 567 1636 ab
597 1596 659 1635 ea
687 1590 987 1650 separatur,
1022 1589 1114 1631 aut
1152 1575 1417 1630 dividitur
1454 1592 1466 1626 :
1502 1569 1592 1623 tali
1617 1583 1747 1638 qua-

175 1675 296 1728 dam
338 1672 519 1741 specie
563 1673 830 1740 putandus
882 1678 966 1724 est
1017 1667 1181 1721 Pater
1233 1664 1427 1719 Filium
1472 1661 1744 1732 genuisse,

174 1765 462 1836 imaginem
490 1763 698 1819 scilicet
717 1778 866 1816 suam
902 1778 917 1826 ;
953 1770 1012 1814 ut
1033 1761 1176 1815 sicut
1204 1759 1320 1827 ipse
1348 1763 1432 1811 est
1460 1752 1745 1808 invisibilis

173 1875 271 1929 per
314 1869 583 1922 naturam,
609 1858 681 1910 ita
711 1854 997 1925 imaginem
1033 1864 1247 1922 quoque
1300 1848 1624 1903 invisibilem
1654 1860 1745 1915 ge-

175 1953 378 2007 nuerit.
408 1950 643 2006 Verbum
670 1948 812 2003 enim
848 1956 933 2001 est
960 1945 1148 2008 Filius,
1178 1952 1236 1998 et
1269 1942 1389 1996 ideo
1418 1938 1549 1993 nihil
1584 1939 1637 1993 in
1684 1953 1749 1993 eo

174 2043 429 2099 sensibile
454 2040 857 2112 intelligendum
892 2047 996 2095 est.
1028 2027 1305 2106 Sapientia
1339 2044 1440 2099 est,
1469 2044 1523 2089 et
1575 2035 1627 2088 in
1663 2049 1750 2088 sa-

174 2134 375 2205 pientia
396 2132 527 2188 nihil
551 2144 873 2200 corporeum
902 2127 1286 2198 suspicandum
1314 2134 1419 2181 est.
1442 2124 1640 2179 Lumen
1668 2134 1752 2179 est

173 2224 531 2294 verum,quod
554 2222 819 2275 illuminat
851 2236 1055 2273 omnem
1084 2221 1346 2273 hominem
1387 2217 1669 2271 venientem
1696 2219 1752 2269 in

176 2322 316 2373 hunc
344 2321 596 2372 mundum
616 2317 697 2381 ⁷⁶;
734 2316 827 2369 sed
868 2313 1000 2367 nihil
1027 2314 1187 2367 habet
1221 2324 1504 2365 commune
1525 2310 1591 2363 ad
1622 2309 1753 2364 solis

178 2412 338 2480 hujus
367 2410 567 2463 lumen.
600 2426 618 2459 ι

250 2502 280 2577 ς
312 2502 430 2557 XX.
461 2500 590 2567 Quis
628 2509 807 2555 autem
833 2513 937 2553 non
967 2496 1111 2551 videt
1150 2494 1299 2549 hisce
1337 2492 1585 2562 Origenis
1624 2490 1755 2545 locis

177 2612 212 2650 a
261 2594 541 2664 Pamphilo
578 2590 871 2663 productis,
922 2587 1080 2643 ﬁdem
1130 2586 1456 2640 catholicam
1505 2585 1569 2638 de
1620 2582 1756 2636 Filio

180 2688 550 2755 Dei,adeoque
571 2687 635 2739 de
665 2680 929 2754 ὁμοουσίῳ
955 2680 1219 2734 Trinitate
1256 2676 1596 2747 apertissime
1624 2690 1756 2728 con-

180 2778 410 2832 ﬁrmari.
450 2775 646 2829 Verum
676 2773 869 2826 horum
915 2770 1346 2825 testimoniorum
1379 2767 1755 2819 auctoritatem

181 2869 397 2923 elevare
433 2875 698 2921 conantur
731 2862 969 2917 nonnulli
1015 2863 1115 2915 hoc
1146 2867 1429 2929 praetextu,
1462 2857 1604 2925 quod
1641 2855 1757 2909 loca

183 2962 341 3015 allata
368 2960 571 3029 integra
599 2970 863 3025 nusquam
886 2952 1289 3022 comparuerint
1311 2950 1362 3004 in
1387 2948 1574 3003 Graeca
1603 2946 1761 3001 Pam-

187 3052 341 3123 phili,
371 3053 486 3105 sive
532 3049 745 3103 Eusebii
799 3044 1055 3115 Apologia
1086 3042 1224 3106 ;sed
1255 3057 1285 3095 a
1329 3040 1522 3093 Ruliuo
1574 3038 1627 3092 in
1663 3052 1759 3092 sua

1837 653 1944 707 τῶν
1975 654 2150 709 ἄλλων
2189 656 2460 719 ἁπάντων,
2496 659 2765 729 Παμφίλῳ
2816 677 2874 712 τε
2910 659 2985 730 τῷ
3032 660 3267 732 μάρτυρι
3303 663 3406 713 ὲπ-

1837 745 2117 816 ερείδεται,
2152 749 2244 800 καὶ
2294 748 2371 819 τῷ
2425 750 2714 822 Ἐυσεὸίῳ⁶
2742 752 2792 805 id
2838 760 2950 815 est,
3000 770 3019 803 ί
3055 751 3172 806 Prae
3201 754 3408 807 caeteris

1840 854 1971 893 vero
2014 838 2295 910 Pamphilo
2325 844 2547 912 martyri
2596 844 2840 896 innititur
2875 852 2930 897 et
2974 842 3224 898 Eusebio.
3274 862 3292 895 ι
3339 844 3405 899 Ut

1840 932 2112 987 indubium
2149 934 2282 988 mihi
2320 935 2595 1000 videatur,
2627 948 2949 1005 anonymum
2977 935 3123 988 illum
3157 935 3403 990 eamdetn

1840 1039 2063 1093 prorsus
2082 1040 2204 1079 cum
2245 1024 2530 1095 Pamphilo
2554 1038 2610 1081 et
2636 1028 2869 1082 Eusebio
2904 1028 3191 1097 Origenem
3224 1028 3407 1083 delen-

1842 1115 1997 1170 dendi
2033 1117 2292 1172 rationem
2323 1129 2562 1174 secutum
2591 1136 2727 1177 esse.
2757 1120 3005 1191 Nunquid
3035 1137 3164 1177 vero
3182 1115 3413 1177 Arianus

1844 1204 1941 1259 fuit
1970 1208 2302 1278 apologista?
2328 1210 2468 1264 Nihil
2509 1213 2705 1267 minus.
2743 1212 2877 1267 Nam
2910 1215 3023 1283 ipse
3050 1215 3292 1280 Photius,
3320 1217 3412 1286 qui

1845 1296 2043 1366 alioqui
2096 1300 2385 1370 plerosque
2441 1303 2695 1373 Origenis
2734 1320 2947 1360 errores
2982 1306 3053 1360 illi
3084 1307 3289 1372 tribuit,
3325 1307 3411 1361 di-

1847 1400 1991 1445 serte
2021 1393 2172 1457 dicit,
2195 1395 2334 1462 quod
2365 1398 2492 1467 περὶ
2530 1398 2627 1468 τῆς
2660 1398 2822 1467 ἀγίας
2857 1398 3083 1471 Τριὰδος
3126 1384 3274 1452 esset;
3306 1399 3415 1451 τῶν

1846 1483 2198 1555 ἐσφαλμένων
2228 1486 2398 1556 λέγει,
2454 1488 2503 1543 id
2554 1500 2630 1544 est
2662 1508 2675 1543 :
2714 1508 2733 1541 ι
2772 1490 2848 1545 De
2883 1491 2940 1544 S.
2988 1492 3250 1546 Trinitate
3285 1491 3419 1545 nihil

1847 1585 2149 1629 erratorum
2192 1576 2369 1631 aliert.
2404 1597 2422 1628 ι
2490 1578 2767 1644 Quomodo
2800 1588 2976 1634 autem
3011 1580 3296 1651 Origenem
3321 1582 3416 1635 de-

1848 1665 2015 1719 fendit
2064 1677 2255 1722 auctor
2286 1666 2309 1721 i'
2345 1670 2487 1739 Φησὶ
2534 1669 2612 1733 δὲ,
2662 1670 2836 1740 inquit
2867 1670 3127 1735 Photius,
3160 1674 3251 1725 καὶ
3290 1674 3418 1743 περὶ

1848 1758 1939 1811 τοῦ
1976 1758 2297 1829 Ὠριγένους,
2341 1761 2504 1832 μηδὲν
2538 1761 2699 1815 αὐτὸν
2726 1762 2866 1817 κατὰ
2894 1761 3052 1827 δόξαν
3093 1763 3418 1834 ὲσφάλεσθαι

1850 1851 1977 1923 περὶ
2002 1852 2099 1922 τῆς
2128 1852 2374 1923 Τριάδος,
2410 1855 2458 1907 id
2480 1862 2562 1909 est
2581 1871 2625 1907 ει
2650 1854 2784 1921 Quin
2813 1856 2973 1910 etiam
3009 1857 3109 1911 hoc
3138 1858 3331 1912 asserit
3358 1858 3422 1913 de

1857 1943 2113 2015 Origene,
2145 1945 2275 1999 nihil
2300 1962 2443 2013 cum,
2470 1948 2609 2017 quod
2638 1948 2851 2017 quidem
2887 1948 2953 2001 ad
2998 1955 3187 2020 dogma
3210 1951 3276 2003 de
3299 1949 3424 2003 Tri-

1859 2036 2026 2091 nitate
2057 2038 2269 2102 attinet,
2299 2054 2530 2094 errasse.
2572 2060 2590 2091 ι
2631 2040 2718 2093 Ait
2763 2055 2882 2093 mox
2920 2040 3143 2096 Photius
3187 2042 3424 2111 scripto-

1856 2142 1974 2180 rem
1995 2128 2141 2181 illum
2166 2131 2471 2199 quindecim
2504 2132 2678 2201 capita
2700 2132 2917 2202 Origeni
2944 2134 3151 2203 objecta
3171 2135 3423 2204 (quorum

1857 2220 1955 2270 tria
1993 2221 2182 2288 prima,
2234 2222 2503 2276 decimum
2549 2224 2767 2277 tertium
2813 2237 2866 2279 et
2907 2226 3151 2279 ultimum
3186 2229 3252 2280 ad
3288 2227 3424 2280 arti-

1855 2310 2031 2366 culum
2082 2313 2147 2366 de
2189 2311 2457 2367 Trinitate
2508 2316 2838 2384 pertinent),
2878 2316 3133 2387 probasse
3174 2317 3425 2383 διαϐολὰς

1852 2398 2015 2467 εἶναι,
2038 2404 2100 2456 ὲκ
2127 2403 2233 2457 τῶν
2247 2404 2339 2457 τοῦ
2366 2405 2531 2459 αὐτοῦ
2554 2408 2761 2461 ἐκείνου
2782 2412 3227 2482 συγγραμμάτων
3244 2413 3427 2467 ποιού-

1859 2512 2016 2565 μενον
2045 2496 2171 2559 τοὺς
2201 2496 2488 2567 ἐλέγχους·
2523 2517 2541 2551 ι
2581 2498 2755 2554 Meras
2803 2516 2924 2555 esse
2977 2503 3276 2558 calumnias
3304 2546 3319 2569 ,
3359 2519 3429 2559 ex

1858 2588 2141 2651 ipsiusmet
2175 2588 2499 2658 (Origenis)
2531 2592 2750 2658 scriptis
2790 2593 2967 2648 allatis
3012 2598 3364 2665 argumentis.
3404 2617 3424 2649 ι

1858 2678 2112 2734 Eamdem
2140 2680 2296 2749 plane
2328 2684 2687 2755 rationem,ac
2730 2686 3036 2741 methodnm
3072 2699 3250 2743 servat
3284 2691 3428 2758 Apo-

1859 2771 2000 2840 logia
2049 2773 2149 2827 sub
2193 2771 2460 2842 Pamphili
2509 2778 2776 2831 nominea
2814 2778 3005 2832 Ruﬁno
3059 2781 3224 2833 edita.
3288 2779 3433 2836 Sane

1858 2879 1922 2917 ex
1954 2864 2038 2917 his
2072 2864 2199 2919 illud
2229 2864 2417 2920 saltem
2452 2865 2702 2934 eﬂicitur,
2746 2883 2776 2921 a
2820 2868 3010 2924 Graeco
3042 2872 3303 2941 scriptore
3341 2888 3434 2928 ve-

1861 2956 2088 3024 teri,qui
2120 2956 2171 3009 in
2201 2957 2429 3011 articulo
2473 2958 2538 3012 de
2569 2968 2755 3012 sancta
2787 2959 3071 3024 Trinitate,
3107 2961 3188 3015 vel
3241 2961 3432 3017 Photio

1858 3049 2062 3117 judice,
2092 3049 2404 3104 Catholicus
2449 3048 2569 3115 fuit,
2595 3050 2755 3104 allata
2788 3051 2953 3106 fuisse
2984 3068 3047 3107 ex
3084 3054 3215 3122 ipsis
3239 3054 3433 3125 Orige-

184 3145 433 3200 versioue
458 3141 645 3195 Latina
671 3139 897 3194 conﬁcta
931 3146 1093 3204 atque
1122 3135 1303 3188 addita
1333 3132 1551 3187 fuerint.
1593 3130 1761 3199 llujus
1788 3163 1831 3223 ε
1866 3139 1949 3194 nis
1979 3139 2219 3207 scriptis,
2238 3149 2395 3209 prout
2430 3150 2538 3194 tum
2561 3140 2749 3196 Graece
2783 3154 3081 3211 exstarent,
3103 3144 3434 3213 testimonia,

185 3238 466 3294 sententia:
512 3249 666 3303 prora
721 3248 786 3286 ac
830 3230 1019 3300 puppis
1061 3238 1179 3294 est,
1208 3228 1347 3295 quod
1401 3224 1762 3295 Hieronymus

188 3331 384 3385 Ruﬁno
437 3326 676 3395 objiciat,
723 3324 968 3379 Graecam
1023 3319 1245 3375 Eusebii
1296 3319 1443 3389 (nam
1500 3316 1763 3386 Pamphili

189 3439 309 3478 esse
342 3420 574 3488 nolebat)
608 3419 914 3487 Apologiam
951 3415 1108 3469 ﬁdem
1130 3412 1387 3466 Arianam
1423 3425 1611 3464 revera
1637 3424 1764 3479 pro-

188 3529 474 3585 pngnasse,
508 3512 855 3581 ejusdemque
898 3507 1018 3561 ﬁdei
1052 3505 1221 3560 fuisse
1258 3503 1542 3571 Origenem
1578 3513 1766 3556 osten-

192 3609 356 3661 disse.
393 3603 485 3658 Sic
517 3604 659 3657 enim
690 3601 780 3655 ille
816 3599 1037 3669 Apolog.
1070 3598 1318 3651 adversus
1365 3594 1548 3662 Ruﬁn.
1586 3594 1677 3648 lib.
1705 3610 1764 3658 It,

191 3713 311 3768 cap.
358 3697 412 3762 4,
456 3713 474 3747 ‹
522 3695 617 3747 Vir
674 3692 1017 3748 doctissimus
1068 3689 1365 3751 Eusebius,
1425 3686 1615 3755 inquit,
1674 3701 1770 3754 per

196 3802 289 3843 sex
322 3788 589 3842 volumina
616 3784 750 3840 nihil
776 3784 920 3838 aliud
946 3784 1075 3852 agit,
1116 3783 1216 3836 nisi
1249 3792 1306 3834 ut
1346 3779 1631 3849 Origenem
1660 3791 1770 3831 suae

194 3881 443 3937 ostendat
465 3879 608 3945 ﬁdei,
639 3879 689 3933 id
713 3884 816 3943 est,
837 3876 1049 3930 Ariana:
1070 3875 1328 3943 perﬁdiae.
1356 3892 1373 3924 ι
1398 3869 1531 3924 llinc
1549 3868 1771 3924 conclu-

196 3978 276 4031 dit
306 3976 534 4032 Sandius
572 3974 647 4028 De
668 3975 849 4042 script.
885 3970 1091 4036 eccles.,
1130 3986 1181 4039 p.
1212 3967 1302 4033 4⁸1,
1331 3965 1638 4035 Apologiam
1670 3962 1769 4016 sub

202 4066 468 4137 Pamphili
496 4066 711 4121 nomine
735 4081 764 4119 a
791 4064 985 4118 Ruﬁno
1016 4063 1207 4118 Latine
1251 4061 1471 4125 editam,
1501 4077 1517 4108 ι
1554 4066 1640 4110 aut
1665 4070 1768 4109 non

194 4174 317 4215 esse
368 4158 582 4213 Eusebii
632 4158 769 4226 (sive
802 4156 1109 4225 Pamphili),
1158 4163 1249 4207 aut
1288 4153 1359 4208 ita
1403 4166 1431 4204 a
1480 4150 1673 4204 Ruﬁno
1715 4147 1769 4202 in

197 4251 457 4307 Latinum
492 4265 724 4313 versam,
745 4257 894 4303 utne.
914 4250 1130 4318 quidem
1156 4247 1295 4301 linea
1326 4244 1555 4315 genuina
1586 4241 1770 4297 relicta

197 4343 383 4410 fuerit,
423 4343 504 4398 vel
533 4343 763 4412 denique
812 4344 857 4397 si
890 4342 1017 4411 quid
1069 4339 1360 4409 genuinum
1389 4353 1417 4390 a
1448 4336 1644 4389 Ruﬁno
1673 4334 1774 4388 fuit

203 4436 475 4501 relictum,
507 4445 756 4504 oportere
793 4434 845 4488 id
882 4442 1065 4504 postea
1105 4432 1267 4485 etiam
1321 4445 1388 4483 ex
1430 4427 1605 4482 Rulini
1653 4441 1773 4481 vcr-

1866 3244 1986 3297 quze
2045 3228 2380 3286 Catholicam
2434 3233 2636 3299 pariter
2689 3232 2859 3288 fuisse
2901 3234 2953 3289 in
2991 3238 3178 3291 eodem
3208 3238 3436 3293 articulo

1866 3321 2151 3392 Origenem
2180 3323 2565 3378 ostenderent:
2603 3333 2764 3394 atque
2797 3327 2898 3381 hoc
2929 3325 3123 3383 fecisse
3159 3338 3433 3384 auctorem

1868 3415 2015 3469 illum
2052 3415 2315 3486 Pamphili
2374 3417 2628 3487 martyris
2671 3427 2725 3471 et
2775 3417 2991 3473 Eusebii
3044 3420 3308 3490 exemplo,
3346 3435 3438 3476 e0-

1871 3524 2097 3577 rumque
2127 3509 2371 3579 vesngiis
2397 3510 2754 3565 insistentem.
2792 3511 3037 3581 Denique
3065 3512 3193 3567 alibi
3219 3513 3439 3567 eviden-

1871 3608 1940 3654 ter
1972 3600 2336 3669 probavimus,
2357 3616 2627 3670 nunquam
2650 3602 2937 3656 Eusebium
2969 3602 3139 3671 ipsum
3168 3604 3440 3669 haeresim,

1869 3706 1988 3759 qua:
2015 3700 2198 3759 postea
2233 3692 2345 3744 Arii
2375 3691 2519 3746 dicta
2556 3692 2676 3757 luit,
2700 3693 3004 3764 amplexum
3039 3693 3202 3749 fuisse
3228 3713 3240 3748 :
3267 3710 3441 3765 neque

1870 3785 2033 3855 igitur
2064 3784 2238 3853 potuit
2257 3782 2669 3850 Eusebius,sive
2691 3784 2857 3849 solus,
2880 3785 2992 3840 sive
3015 3801 3135 3840 cum
3160 3785 3441 3857 Pamphilo

1873 3876 2018 3949 [nam
2041 3876 2315 3945 utriusque
2328 3890 2447 3930 esse
2463 3892 2597 3947 Opus
2612 3878 2748 3932 infra
2767 3878 3444 3953 ostendemus(40)].Aria~

1872 3984 1994 4023 nam
2016 3970 2345 4037 impietatem
2382 3969 2434 4021 in
2477 3968 2710 4040 Origene
2741 3969 3168 4026 defendere.Sed
3192 3974 3443 4026 videntur

1871 4056 2181 4127 Pamphilus
2225 4070 2279 4113 et
2309 4058 2574 4113 Eusebius
2629 4062 2681 4111 in
2722 4057 3039 4112 defensione
3077 4057 3164 4111 illa
3191 4058 3442 4128 quaedam

1872 4150 2120 4204 attulisse
2154 4165 2221 4204 ex
2273 4149 2509 4217 Origene
2561 4148 2891 4217 testimonia,
2922 4148 3122 4219 quibus
3156 4149 3356 4205 voculze
3388 4156 3445 4204 et

1872 4242 2011 4295 dicta
2041 4241 2301 4295 nonnulla
2328 4242 2562 4296 admista
2601 4250 2805 4311 essent,
2833 4256 2955 4310 qua:
2986 4241 3268 4296 catholicis
3292 4241 3443 4296 auri-

1871 4334 1972 4388 bus
2005 4332 2319 4403 ilieronymi
2346 4342 2504 4388 aetate
2535 4335 2712 4387 minus
2752 4333 3109 4403 placuerunt,
3155 4343 3342 4403 utpote
3375 4334 3445 4388 ab

1872 4423 2089 4478 Arianis
2114 4434 2226 4477 tum
2277 4426 2341 4477 ad
2376 4424 2622 4478 haeresim
2652 4439 2803 4478 suam
2856 4424 3257 4494 propagandam
3287 4437 3446 4477 usur-

198 4528 353 4581 sione
382 4527 547 4581 fuisse
593 4526 853 4581 excisum.
890 4544 908 4577 ι
962 4523 1069 4580 Sed
1120 4523 1277 4577 ﬁdem
1326 4522 1415 4576 hic
1455 4520 1778 4589 llieronymo
1804 4510 1856 4570 D
1883 4524 2004 4583 pata
2036 4535 2049 4570 :
2080 4530 2199 4584 quae
2228 4517 2531 4570 testimonia
2584 4525 2870 4584 propterea
2906 4515 3206 4570 resecuisse
3235 4516 3445 4573 videtur

200 4618 506 4674 habendam
542 4634 645 4672 non
700 4632 842 4681 esse,
874 4615 1218 4670 validissimis
1244 4616 1574 4684 argumentis
1600 4612 1773 4667 evinci

201 4721 399 4779 pateat.
433 4710 563 4763 Nam
604 4710 777 4779 primo
827 4708 1049 4763 Photius
1082 4709 1203 4764 cod.
1242 4722 1405 4761 cxvm
1436 4716 1657 4759 testatur
1716 4719 1777 4759 se

202 4808 261 4861 in
292 4804 479 4860 Graeco
518 4804 709 4874 legisse
738 4801 1006 4871 Pamphili
1044 4801 1299 4873 martyris
1341 4808 1391 4854 et
1438 4797 1653 4853 Eusebii
1683 4811 1778 4866 pro

204 4897 440 4968 Origene
470 4896 636 4950 libros
662 4910 759 4950 sex
791 4913 806 4948 :
834 4896 885 4948 in
910 4894 1103 4964 quibus
1127 4892 1270 4946 nulla
1301 4891 1514 4944 Arianae
1546 4889 1781 4958 perﬁdia:

205 4988 434 5057 vestigia
461 4996 610 5040 notat
636 5000 859 5041 severus
886 4986 974 5039 ille
1000 4999 1213 5047 censor,
1236 4982 1327 5052 qui
1354 4982 1552 5050 alioqui
1574 4981 1623 5033 in
1649 4980 1782 5032 alio-

207 5094 329 5132 rum
381 5079 600 5149 scriptis
641 5089 955 5133 constanter
987 5076 1125 5131 solet
1176 5076 1400 5129 minima
1441 5087 1663 5142 qumque
1690 5086 1780 5125 re-

207 5172 580 5240 prehendere,
612 5186 730 5240 qua:
783 5170 863 5224 vel
914 5169 1147 5238 speciem
1218 5165 1511 5220 Ariauismi
1561 5179 1670 5234 prae
1720 5177 1781 5218 se

209 5264 405 5317 ferant.
458 5263 654 5318 Deinde
702 5263 838 5316 idem
895 5261 1114 5315 Photius
1165 5261 1284 5314 cod.
1332 5273 1501 5323 cxvii,
1547 5266 1781 5310 veterem

211 5357 499 5426 quemdam
531 5364 802 5409 auctorem
841 5369 1164 5423 anonymum
1206 5365 1658 5415 commemorans,
1690 5347 1781 5417 qui

209 5444 521 5515 Apologiam
572 5444 755 5498 itidem
803 5461 896 5513 pro
944 5443 1168 5512 Origene
1220 5441 1643 5508 conscripserat,
1686 5438 1782 5504 ait,

211 5546 489 5591 auctorem
530 5537 675 5590 illum
714 5536 766 5589 in
804 5535 1059 5604 Apologia
1089 5549 1206 5598 sua,
1245 5546 1342 5602 pro
1375 5530 1606 5599 Origene
1636 5528 1783 5599 ejus-

211 5640 319 5696 que
368 5627 648 5682 sententiis
698 5640 966 5697 pugnasse
1017 5624 1340 5679 auctoritate
1395 5631 1507 5675 tum
1556 5620 1782 5677 aliorum

285 5715 405 5756 ⁷³-⁷⁶
440 5716 593 5771 Joan.
628 5732 665 5781 l,
702 5716 758 5772 9.

283 5805 397 5876 (l0)
427 5807 557 5861 Vide
581 5810 734 5877 hujus
761 5807 1015 5862 sectionis
1047 5821 1166 5875 cap.
1200 5806 1287 5873 1'5,
1318 5820 1469 5861 num.
1497 5804 1549 5860 5.
1578 5790 1581 5797 ’

489 5901 760 5965 ΡΑτιιοι..
794 5903 911 5963 Gn.
947 5898 1147 5960 Χνη.

1881 4622 1910 4659 a
1952 4622 2050 4661 sua
2095 4610 2345 4662 versione
2400 4607 2626 4661 Ruﬁnus
2654 4647 2668 4672 ,
2720 4620 2783 4661 ea
2831 4606 3126 4661 transferre
3164 4616 3448 4661 contentus

1880 4692 2126 4768 Origenis
2158 4698 2274 4753 loca
2298 4737 2313 4762 ,
2364 4713 2394 4751 a
2437 4698 2715 4768 Pamphilo
2745 4698 3027 4768 producta,
3064 4712 3184 4767 quae
3215 4696 3448 4753 catholi-

1883 4806 1998 4844 cam
2043 4792 2341 4845 doctrinam
2389 4791 2570 4845 verbis
2614 4791 2771 4861 plane
2807 4791 3094 4846 catholicis
3145 4792 3446 4847 traderent.

1882 4884 2032 4951 Quod
2058 4884 2281 4937 innuere
2305 4884 2516 4938 videtur
2551 4884 2663 4953 ipse
2689 4883 2936 4948 Ruﬁnus,
2985 4899 3109 4938 cum
3148 4885 3202 4938 in
3230 4883 3454 4954 Epilogo

1885 4977 1950 5028 ad
1982 4972 2386 5028 translationem
2413 4988 2565 5027 suam
2598 4974 2664 5027 ad
2715 4972 3009 5028 Macarium
3040 4976 3135 5041 ait,
3176 4990 3235 5028 se
3257 4993 3277 5028 ι
3306 4977 3451 5044 Apo-

1882 5064 2167 5135 logeticum
2198 5068 2390 5120 .sancti
2424 5067 2678 5137 martyris
2702 5064 2974 5136 Pamphili
3002 5107 3018 5133 ,
3068 5076 3228 5135 prout
3257 5069 3452 5138 potuit,

1883 5159 1965 5213 vel
2006 5175 2087 5211 res
2124 5160 2379 5228 poposcit,
2418 5158 2608 5212 Latino
2639 5172 2892 5213 sermone
2931 5158 3238 5225 digessisse.
3274 5177 3293 5209 ι
3337 5158 3453 5211 Cte-

1880 5258 2058 5303 terum
2085 5265 2400 5319 persuasum
2430 5249 2601 5305 habeo
2627 5289 2641 5313 ,
2674 5250 2930 5305 Ruﬁnum
2965 5251 3167 5305 nullum
3198 5249 3450 5316 Origenis

1886 5341 2249 5395 testimonium
2282 5342 2334 5394 in
2361 5356 2455 5395 sua
2482 5342 2731 5397 versione
2766 5343 3011 5407 posuisse
3031 5382 3046 5408 ,
3077 5342 3218 5413 quod
3257 5357 3363 5395 non
3398 5341 3452 5395 iu

1890 5432 2154 5501 Pamphili
2197 5443 2253 5487 et
2278 5433 2495 5489 Eusebii
2537 5434 2796 5505 Apologia
2825 5435 3046 5489 totidem
3083 5434 3261 5488 verbis
3285 5432 3453 5487 habe-

1890 5534 2068 5591 retur;
2095 5524 2337 5595 nihilque
2366 5565 2381 5589 ,
2428 5526 2690 5595 quidquid
2724 5526 3057 5589 detraxerit,
3086 5524 3153 5579 de
3178 5536 3276 5579 suo
3304 5522 3456 5577 addi-

1890 5616 2051 5673 disse.
2081 5615 2216 5673 Nam
2246 5618 2364 5687 ipse
2392 5615 2623 5673 Ruﬁnus
2654 5617 2836 5687 (quem
2868 5616 3045 5672 virum
3073 5615 3240 5671 fuisse
3278 5614 3455 5694 since-

3025 5886 3103 5945 £2
