3838 6222
430 300 565 362 1323

1828 302 2248 360 EXCERPTUM

3552 302 3671 360 1321

431 437 506 478 rae
547 421 761 494 pietatis
792 424 1094 502 studiosum
1137 424 1305 480 multa
1337 429 1673 493 ostendunt,
1726 436 1996 495 utcunque
2029 429 2073 484 Α
2100 424 2222 478 dum
2272 422 2661 492 Apologeticum
2708 422 2879 477 sancti
2920 421 3173 492 martyris
3203 420 3494 493 Pamphili,
3527 437 3670 491 quem

430 516 602 585 ipsum
634 515 894 571 Romanis
924 516 1155 573 invisum
1186 518 1523 575 reddiderint
1558 519 1867 591 Hieronymi
1909 535 1998 573 va-

430 604 526 659 fra;
552 605 739 676 artes),
759 607 860 661 sub
888 605 1096 661 initium
1119 608 1452 678 prmfationis
1478 624 1587 664 suae
1614 610 1665 663 in
1690 609 1999 679 Apologiam

429 696 691 768 Pamphili
723 699 789 753 ad
820 697 1144 765 Macariutn,
1183 710 1369 757 sancte
1396 703 1679 769 profitetur
1740 717 1797 757 se
1841 703 1892 757 in
1935 716 1999 756 eo

428 803 593 857 opere
633 807 651 839 t
694 804 798 843 non
831 805 983 844 suam
1025 810 1043 841 ι
1082 791 1146 845 de
1183 790 1416 859 Origene
1449 808 1467 842 t
1507 792 1832 846 sententiam
1860 833 1876 859 ,
1905 793 1997 846 sed

429 880 606 934 sancti
654 883 907 952 martyris
944 881 1202 950 Pamphili
1248 904 1266 936 ι
1312 884 1608 939 sciscitanti
1642 883 1874 938 Macario
1899 900 1997 939 ex-

428 971 715 1041 posuisse:
753 966 1146 1042 Origeucmque
1192 989 1299 1027 non
1330 975 1575 1043 proprio,
1618 974 1712 1028 sed
1745 991 1763 1023 ι
1822 973 1998 1027 alieno

429 1076 681 1119 sermone
725 1084 741 1116 ι
789 1065 1113 1120 defendisse.
1148 1064 1270 1119 Mox
1316 1065 1512 1120 ibidem
1549 1066 1650 1120 hoc
1695 1065 1745 1118 in
1783 1066 1998 1136 negotio

430 1155 495 1207 ad
549 1156 886 1208 tremendum
920 1154 1009 1210 Dei
1053 1155 1314 1223 judicium
1358 1165 1613 1224 provocat
1658 1155 1996 1209 adversarios

431 1248 516 1302 his
548 1248 727 1304 verbis
758 1268 770 1302 :
805 1267 823 1299 ι
860 1247 963 1303 Sed
986 1249 1240 1319 quoniam
1274 1251 1339 1304 ad
1368 1249 1633 1317 judicium
1665 1248 1756 1302 Dei
1782 1247 1996 1302 venturi

430 1356 618 1397 sumus
646 1383 660 1405 ,
699 1358 801 1396 non
838 1342 1109 1412 refugiant
1162 1344 1303 1398 scire
1344 1346 1486 1412 quod
1537 1356 1720 1397 verum
1766 1351 1848 1397 est
1876 1382 1891 1407 ,
1930 1355 1996 1396 ne

432 1435 571 1490 forte
602 1435 911 1506 ignorantes
936 1435 1249 1505 delinquant
1284 1454 1296 1489 :
1323 1436 1416 1489 sed
1441 1434 1847 1489 considerantes
1871 1434 1995 1505 quia

430 1526 581 1581 falsis
613 1525 1079 1581 criminationibus
1100 1537 1377 1597 percutere
1404 1525 1628 1581 fratrum
1663 1526 1996 1581 infirmorum

429 1616 812 1682 conscientias,
839 1618 890 1670 in
918 1616 1188 1672 Christum
1220 1632 1445 1685 peccare
1476 1626 1577 1681 est,
1620 1617 1740 1672 ideo
1768 1633 1872 1672 non
1909 1632 1996 1671 ac-

430 1709 771 1763 commodent
797 1709 1261 1763 criminationibus
1286 1723 1469 1762 aurem
1501 1724 1676 1772 suam,
1694 1724 1789 1762 nec
1807 1708 1873 1762 ab
1892 1708 1999 1763 alio

2109 530 2204 584 pro
2233 514 2465 584 Origene
2492 513 2681 569 Graeco
2715 529 2964 569 sermone
2989 515 3195 581 edidit,
3229 525 3387 584 prout
3412 516 3673 585 potuimus

2107 609 2188 661 vel
2232 624 2319 663 res
2347 609 2609 678 poposcit,
2663 607 2854 662 Latino
2882 622 3135 663 sermone
3178 610 3533 678 digessimus,
3558 609 3672 663 illud

2105 711 2186 755 est
2211 700 2349 770 quod
2376 712 2444 765 te,
2465 699 2851 755 desideriorum
2871 699 2953 753 vir
2973 699 3191 764 Macari,
3211 701 3549 755 admonitum
3566 715 3672 755 esse

2107 792 2246 858 volo,
2276 802 2333 847 ut
2366 793 2508 848 scias
2540 794 2679 847 hanc
2730 792 2943 861 quidem
2978 792 3097 846 fidei
3130 791 3397 862 regulam,
3421 807 3585 861 quam
3616 792 3671 844 de

2106 884 2255 940 libris
2284 884 2399 951 ejus
2443 900 2601 955 supra
2645 888 3009 955 exposuimus,
3049 900 3189 947 esse,
3226 900 3345 954 quae
3391 896 3447 938 et
3472 884 3669 954 ample-

2104 978 2291 1032 ctenda
2326 981 2395 1032 sit
2440 986 2495 1032 et
2541 978 2833 1033 retinenda.
2879 978 2936 1032 ln
2968 977 3217 1031 omnibus
3258 977 3405 1030 enim
3452 976 3538 1029 his
3587 992 3672 1029 ca-

2107 1068 2364 1123 tholicum
2399 1069 2573 1123 inesse
2605 1083 2822 1125 sensum
2866 1070 3143 1125 evidenter
3172 1069 3454 1137 probatur.
3489 1089 3508 1120 ι
3538 1068 3671 1123 Fieri

2104 1175 2237 1214 sane
2263 1175 2368 1216 non
2392 1163 2586 1232 potuit,
2630 1174 2688 1217 ut
2716 1162 2965 1222 Rufinus,
3001 1161 3083 1215 vir
3110 1164 3161 1215 in
3191 1162 3427 1227 articulo
3458 1163 3526 1216 tle
3555 1178 3671 1216 sau-

2103 1260 2188 1306 cta
2215 1251 2480 1308 Trinitate
2511 1255 2711 1325 absque
2738 1256 2896 1309 duhio
2923 1256 3328 1321 Catholicus,’in
3357 1264 3466 1309 tam
3498 1265 3673 1322 aperta

2106 1343 2441 1413 blasphemia
2500 1345 2822 1399 catholicum
2874 1347 3054 1401 inesse
3104 1360 3322 1402 sensum
3398 1345 3673 1401 evidenter

2106 1435 2320 1503 probari
2377 1437 2621 1491 consulto
2653 1438 2874 1505 diceret,
2913 1440 3073 1508 idque
3095 1440 3144 1493 in
3181 1439 3269 1492 illo
3301 1438 3421 1507 ipso
3450 1439 3521 1491 ad
3552 1435 3663 1490 ,να-

2104 1528 2307 1580 carium
2358 1527 2496 1582 libro
2529 1527 2664 1599 (42),
2696 1544 2801 1599 quo
2836 1531 3059 1585 credere
3090 1545 3149 1585 se
3176 1530 3430 1599 religiose
3460 1530 3675 1598 proﬁte-

2109 1630 2215 1686 tur,
2255 1638 2273 1669 ‹
2312 1621 2454 1690 quod
2510 1632 2692 1675 sancta
2729 1621 2961 1677 Trinitas
2991 1635 3259 1677 eoa-terna
3297 1623 3391 1689 sit,
3424 1633 3481 1676 et
3522 1622 3674 1675 unius

2107 1722 2314 1766 natura:
2340 1754 2354 1778 ,
2398 1711 2664 1782 uniusque
2711 1714 2926 1768 virtutis
2957 1723 3013 1769 et
3065 1714 3381 1767 substantia:
3405 1754 3423 1779 ,
3464 1731 3483 1765 ι
3521 1721 3677 1782 atque

431 1800 642 1855 discant
675 1801 899 1855 alterius
925 1800 1104 1864 fidem,
1137 1800 1371 1854 maxime
1392 1815 1513 1854 cum
1546 1816 1725 1854 coram
1756 1801 1990 1869 experiri
2031 1790 2071 1848 Β
2105 1805 2259 1859 aliter
2312 1805 2525 1859 docenti
2567 1805 2851 1859 anathema
2905 1806 3204 1859 denuntiat.
3254 1804 3514 1874 Nunquid
3550 1820 3674 1860 vero

430 1893 500 1946 sit
534 1892 683 1962 copia
711 1932 727 1958 ,
777 1902 831 1947 et
864 1893 975 1947 oris
1020 1892 1100 1947 sui
1136 1891 1407 1947 confessio
1436 1933 1448 1956 ,
1487 1893 1613 1962 quid
1651 1893 1733 1947 vel
1768 1892 1997 1962 qualiter

434 1983 799 2052 unusquisque
832 1982 1029 2047 credit,
1063 1984 1377 2037 ostendat...
1415 1984 1654 2049 Qualiter
1699 2000 1831 2055 ergo
1870 2002 1995 2039 seu-

431 2075 528 2130 tiat
558 2069 818 2145 Origenes
848 2077 901 2131 in
929 2077 1151 2147 singulis
1175 2119 1190 2143 ,
1242 2087 1397 2132 tenor
1446 2078 1607 2133 libelli
1663 2079 1821 2148 hujus
1870 2081 1996 2133 edo-

430 2178 569 2222 ceat.
625 2186 645 2219 ι
696 2168 752 2223 In
788 2170 1058 2227 vertendis
1098 2170 1312 2239 quidem
1356 2170 1628 2240 plerisque
1658 2171 1905 2241 Origenis
1933 2173 1997 2225 li-

431 2258 544 2315 bris
582 2259 747 2313 multa
774 2260 838 2314 de
870 2276 966 2316 suo
995 2262 1264 2316 addidisse
1295 2260 1543 2317 Rufinum
1578 2264 1688 2334 (ll)
1721 2275 1931 2319 constat
1974 2284 1986 2317 :

430 2352 522 2408 sed
548 2353 973 2423 quotiescunque
1019 2371 1080 2408 ea
1112 2355 1362 2413 libertate
1400 2373 1529 2413 usus
1559 2357 1721 2412 fuerit
1749 2397 1765 2423 ,
1817 2358 1882 2411 de
1931 2372 1995 2411 eo

431 2443 685 2498 lectorem
719 2459 916 2511 suum,
966 2457 1125 2516 prout
1178 2448 1453 2503 hominem
1508 2450 1733 2520 probum
1781 2458 1835 2503 et
1885 2450 1992 2504 veri

432 2545 704 2591 amantem
737 2538 1005 2604 decebat,
1060 2540 1172 2609 ipse
1218 2556 1477 2612 expresse
1530 2542 1757 2596 monuit.
1808 2541 1996 2608 Quid?

430 2631 573 2698 quod
624 2631 736 2699 ipse
776 2629 1135 2704 Hieronymus
1162 2672 1178 2697 ,
1228 2636 1318 2704 qui
1351 2635 1587 2704 alioquin
1618 2644 1728 2689 tam
1770 2635 1995 2689 manife—

431 2731 567 2779 stam
600 2722 840 2778 fraudem
866 2724 1059 2781 Rufino
1092 2729 1404 2797 neutiquam
1429 2731 1828 2784 condonaturus
1860 2728 1993 2783 fuis-

432 2826 540 2881 set,
577 2831 643 2869 ne
673 2830 836 2871 unum
868 2817 1083 2885 quidem
1120 2817 1369 2889 Origenis
1396 2820 1570 2874 locum
1600 2859 1615 2883 ,
1641 2819 1693 2873 iu
1728 2818 1989 2888 Pamphili

432 2908 545 2963 sive
580 2908 794 2962 Eusebii
846 2910 1098 2978 Apologia
1149 2911 1371 2965 citatum
1400 2955 1413 2976 ,
1452 2910 1679 2975 notavit,
1715 2911 1805 2980 qui
1835 2912 1994 2965 aliter

431 3013 460 3051 a
506 2996 700 3054 Rufino
754 2998 942 3054 Latine
999 3000 1237 3056 redditus
1290 3000 1494 3067 fuerit,
1553 3017 1713 3071 quam
1764 3003 1878 3055 sive
1939 3002 1989 3055 in

434 3091 693 3161 Apologia
726 3091 810 3146 illa
838 3132 853 3157 ,
884 3100 998 3148 sive
1042 3092 1182 3162 apud
1227 3093 1401 3162 ipsum
1448 3091 1733 3164 Origenem
1785 3095 1989 3164 legere-

433 3193 541 3237 llll‘.

504 3277 533 3350 ᾗ
566 3277 707 3332 XXI.
742 3278 872 3359 Quis
900 3291 1027 3332 vero
1060 3292 1163 3332 non
1198 3277 1417 3331 miretur
1442 3276 1849 3349 Hieronymum,
1883 3277 1997 3332 haec

434 3370 625 3424 Rufino
656 3370 722 3424 de
755 3370 865 3438 ipsa
901 3368 1019 3438 ejus
1050 3369 1296 3422 versione
1330 3367 1670 3436 oltjicientem
1698 3368 1722 3421 ?
1747 3386 1765 3419 t
1806 3367 1994 3432 Multa,

434 3466 608 3535 inquit
647 3464 699 3518 in
743 3462 960 3531 Apolog.
1007 3463 1207 3516 advers.
1236 3459 1412 3530 Ruﬁn.
1441 3460 1532 3515 lib.
1570 3475 1631 3520 ll.
1675 3474 1792 3529 cap.
1839 3459 1894 3525 4,
1944 3459 1997 3513 in

434 3559 519 3613 iﬂa
557 3555 809 3612 scandala
859 3556 1203 3626 reperiuntur
1252 3564 1306 3609 et
1347 3552 1700 3623 apertissima!
1752 3551 1998 3621 blasphe-

432 3645 573 3699 miae.
612 3644 749 3697 Dicit
781 3644 1067 3710 Eusebius,
1108 3643 1235 3705 imo,
1284 3650 1343 3695 ut
1374 3652 1427 3695 tu
1459 3641 1563 3706 vis,
1599 3640 1915 3711 Pamphilus
1943 3641 1996 3695 in

433 3737 536 3792 isto
571 3737 842 3792 volumine
870 3781 885 3802 ,
929 3732 1048 3790 Filii
1076 3745 1129 3791 et
1162 3735 1340 3789 Patris
1381 3734 1690 3788 ministrum
1737 3735 1996 3795 Spiritum

431 3837 678 3882 sanetum
711 3843 814 3881 nou
850 3827 915 3881 de
944 3826 1130 3881 eadem
1168 3824 1349 3879 Patris
1394 3822 1625 3892 Filiique
1656 3826 1994 3892 substantia;

433 3920 642 3974 animas
674 3919 951 3973 hominum
1003 3917 1181 3986 lapsas
1207 3931 1327 3971 esse
1351 3918 1417 3970 de
1458 3918 1623 3980 coelo,
1677 3935 1695 3967 ι
1732 3928 1836 3971 ειε.
1866 3917 1995 3970 Nam

432 4012 535 4067 etsi
567 4009 877 4079 Pamphilus
904 4009 1119 4077 quidem
1147 4009 1200 4061 in
1228 4007 1483 4078 Apologia
1520 4023 1550 4061 a
1590 4006 1781 4062 Rufino
1823 4022 1994 4074 versa,

435 4101 719 4155 inducatur
757 4098 1043 4169 Origenem
1075 4098 1401 4162 defendens,
1441 4099 1492 4152 in
1523 4114 1586 4154 eo
1619 4100 1760 4168 quod
1797 4102 1999 4153 anima—

433 4207 551 4247 rum
584 4191 1064 4261 przeessisteutiam
1094 4191 1418 4254 crediderit;
1460 4190 1790 4259 blasphemia
1820 4201 1997 4245 tamen

433 4282 520 4335 illa
548 4281 613 4336 de
657 4280 861 4350 Spiritu
896 4290 1086 4335 sancto
1113 4294 1378 4349 nusquam
1412 4280 1464 4333 in
1511 4295 1576 4335 eo
1602 4294 1763 4348 Opere
1800 4281 2000 4349 reperi-

433 4385 539 4429 tur.
597 4372 778 4437 Dices,
814 4371 1066 4426 Rufinum
1110 4372 1177 4425 ab
1211 4371 1540 4441 Hieronymo
1572 4371 1923 4435 admonitum,
1958 4386 1989 4426 e

2106 1895 2177 1948 ira
2210 1896 2453 1963 stupidus
2480 1895 2581 1948 fuit
2619 1896 2864 1960 Rufinus,
2898 1907 2954 1950 ut
2993 1897 3220 1967 spiSSam
3250 1897 3389 1951 adeo
3432 1896 3680 1964 blasphe-

2109 1988 2267 2041 miam
2302 1988 2353 2041 in
2399 2003 2492 2042 sua
2541 1989 2896 2042 translatione
2933 1990 3044 2057 ipse
3067 2030 3081 2051 ,
3117 1989 3321 2056 absque
3367 1989 3643 2041 monitore
3666 2026 3679 2048 .

2106 2093 2209 2130 non
2260 2078 2763 2133 animadverteret?
2798 2078 3015 2133 Minime
3045 2081 3306 2149 gentium.
3342 2079 3491 2146 Quid
3523 2081 3682 2150 igitur

2102 2169 2384 2224 dicendum
2419 2169 2441 2222 ?
2479 2171 2577 2225 Det
2631 2170 2758 2223 mihi
2802 2172 2886 2225 hic
2924 2172 3093 2225 lector
3113 2186 3304 2240 requus
3332 2171 3680 2240 conjectandi

2106 2264 2312 2317 veniam
2342 2261 2655 2333 Pamphilus
2689 2280 2852 2334 prope
2882 2264 3039 2317 finem
3086 2264 3360 2334 Apologia:
3396 2279 3429 2317 a
3493 2262 3682 2317 Ruﬁno

2107 2369 2311 2418 versaa,
2366 2354 2612 2425 Origenis
2638 2368 2877 2408 errorem
2928 2355 2992 2408 de
3039 2354 3342 2407 animarum
3385 2356 3683 2425 προπάρ-

2104 2443 2212 2509 ξειν
2243 2445 2568 2510 defendens,
2604 2445 2686 2499 vel
2724 2454 2869 2500 certe
2897 2460 3167 2501 excusans
3192 2485 3206 2506 ,
3252 2456 3572 2515 contraque
3600 2464 3685 2500 eos

2105 2536 2407 2605 disputans,
2439 2537 2529 2605 qui
2560 2538 2860 2590 animarum
2890 2535 3279 2589 traductionem
3298 2536 3683 2604 defenderent,

2103 2627 2206 2681 duo
2234 2628 2425 2681 horum
2459 2640 2656 2694 genera
2708 2625 2964 2680 describit
3002 2644 3015 2678 :
3054 2625 3277 2680 alterum
3309 2641 3517 2681 eorum
3548 2668 3566 2690 ,
3601 2630 3683 2698 qui

2101 2731 2223 2771 cum
2276 2718 2488 2771 animas
2536 2716 2819 2772 hominum
2850 2732 2915 2771 ex
2955 2715 3177 2773 traduce
3221 2732 3348 2773 esse
3398 2720 3681 2781 docerem,

2102 2810 2327 2878 primam
2358 2817 2534 2863 tamen
2583 2810 2819 2862 animam
2850 2822 2915 2864 ex
2952 2808 3044 2864 Dei
3086 2825 3203 2865 esse
3241 2809 3569 2865 substantia
3601 2812 3683 2865 de-

2103 2901 2418 2966 fenderent;
2465 2916 2649 2956 eorum
2682 2902 2935 2967 alterum,
2964 2903 3054 2973 qui
3092 2918 3157 2958 ex
3184 2903 3359 2958 nihilo
3398 2904 3612 2959 factam
3656 2919 3682 2958 ι

2101 2991 2208 3046 Deo
2230 3006 2351 3047 esse
2376 2992 2609 3046 animam
2646 2991 2790 3046 illam
2821 2994 3046 3061 primam
3084 3004 3427 3048 assererent.
3473 2999 3683 3049 Adver-

2099 3099 2191 3139 sus
2220 3087 2429 3155 priores
2454 3086 2525 3138 ita
2562 3085 2780 3140 disserit
2812 3085 3140 3154 Pamphilus,
3178 3099 3297 3155 rap.
3340 3086 3400 3150 9,
3428 3102 3563 3158 pag.
3596 3088 3681 3149 43,

2105 3194 2124 3228 t
2156 3175 2271 3232 Jam
2300 3192 2427 3231 veru
2460 3176 2557 3240 illi,
2584 3177 2673 3246 qui
2701 3191 2769 3230 ex
2802 3177 3027 3232 traduce
3055 3179 3266 3231 animas
3312 3179 3519 3234 venire
3547 3179 3689 3232 amr-

2100 3276 2270 3333 mant,
2296 3276 2349 3322 et
2371 3268 2530 3322 simul
2554 3283 2677 3322 cum
2707 3268 2975 3337 corporali
3001 3283 3093 3322 eas
3123 3268 3331 3323 semine
3370 3272 3645 3323 seminari
3671 3288 3684 3335 ;

2098 3360 2359 3428 siquidem
2388 3360 2471 3429 (ut
2503 3359 2720 3429 quidam
2750 3359 2990 3427 ipsorum
3026 3358 3294 3415 afﬁrmare
3338 3361 3554 3431 solent)
3585 3379 3685 3416 non

2103 3452 2244 3507 aliud
2274 3453 2459 3506 dicunt
2487 3453 2723 3507 animam
2759 3468 2878 3509 esse
2915 3469 3076 3523 quam
3106 3452 3543 3508 insufllationem
3567 3454 3688 3523 Spi-

2100 3546 2237 3599 ritus
2270 3545 2386 3609 Dei,
2422 3544 2565 3598 illam
2594 3545 2800 3600 scilicet
2826 3559 2987 3614 quam
3019 3546 3071 3598 in
3094 3545 3245 3599 initio
3267 3543 3509 3600 facturae
3538 3562 3689 3598 mun—

2100 3637 2148 3692 di
2179 3637 2315 3691 Deus
2344 3636 2646 3692 iusulllasse
2677 3638 2878 3693 dicitur
2924 3638 2976 3691 in
3012 3637 3179 3690 Adam
3202 3636 3273 3702 ",
3320 3637 3389 3691 de
3432 3637 3561 3705 ipsa
3600 3638 3688 3692 Dei

2099 3742 2220 3783 esse
2270 3745 2385 3783 earn
2437 3730 2739 3785 substantia
2773 3730 3089 3801 profitentes
3116 3766 3133 3794 ,
3172 3729 3456 3798 quomodo
3498 3745 3611 3783 non
3639 3743 3690 3783 et

2101 3821 2186 3873 isti
2224 3821 2546 3875 videbuntur
2571 3821 2969 3890 quodammodo
2997 3821 3111 3873 haec
3148 3829 3347 3887 praeter
3375 3818 3687 3888 Scriptura:

2102 3915 2363 3982 regulam,
2397 3923 2449 3967 et
2476 3915 2736 3967 rationem
2770 3914 2986 3983 pietatis
3021 3926 3301 3976 asserere,
3348 3914 3501 3981 quod
3553 3915 3688 3967 sub-

2099 4004 2292 4057 stantia
2330 4003 2421 4057 Dei
2465 4003 2598 4057 est?
2636 4023 2654 4055 ι
2690 4002 2787 4057 Vix
2824 4003 3012 4057 dubito
3037 4042 3050 4067 ,
3086 4002 3214 4071 quin
3253 4016 3320 4057 ex
3374 4004 3465 4057 his
3503 4005 3688 4058 verbis

2102 4092 2258 4144 istam
2286 4090 2567 4157 Pamphilo
2614 4092 2941 4145 calumniam
2982 4092 3245 4146 struxerit
3287 4089 3687 4163 Hieronymus.

2100 4184 2309 4255 Quippe
2354 4201 2475 4240 cum
2526 4195 2765 4240 veterum
2814 4187 2995 4241 multis
3049 4189 3217 4242 sensit
3262 4188 3646 4261 Hieronymus
3674 4231 3689 4253 ,

2099 4278 2423 4346 spiraculum
2463 4279 2605 4343 vitae,
2658 4280 2798 4348 quod
2830 4280 2969 4335 Deus
3010 4280 3184 4345 primo
3233 4281 3439 4336 homini
3502 4284 3686 4337 insuf-

2100 4366 2257 4422 ﬂasse
2296 4367 2515 4431 dicitur,
2551 4366 2719 4423 fuisse
2763 4368 2937 4437 ipsum
2984 4370 3245 4439 Spiritum
3298 4382 3559 4425 sanctum
3605 4376 3687 4427 ei-

429 4464 543 4519 suis
586 4465 757 4533 ipsam
802 4462 1082 4517 codicibus
1125 4463 1471 4530 expunxisse.
1522 4461 1625 4516 Sed
1656 4463 1795 4516 unde
1828 4462 1993 4531 igitur
2026 4485 2074 4545 ι)
2102 4460 2220 4513 dem
2272 4458 2473 4513 homini
2526 4474 2631 4513 una
2656 4474 2777 4513 cum
2805 4462 2983 4513 anima
3009 4460 3123 4527 ejus
3166 4461 3426 4516 infusum.
3484 4463 3581 4518 Sic
3636 4466 3688 4517 ia

429 4554 628 4621 evenit,
656 4564 715 4607 ut
736 4552 951 4607 'nullum
970 4552 1085 4623 ejus
1113 4552 1294 4621 operis
1328 4551 1602 4621 exemplar
1625 4552 1780 4606 hodie
1803 4561 1995 4619 exstet,

430 4650 483 4703 in
514 4663 620 4718 quo
642 4646 973 4717 blasphemia
1006 4646 1105 4700 ista
1135 4644 1479 4713 reperiatur?
1509 4643 1640 4698 Nam
1673 4645 1828 4715 Iunge
1867 4644 1998 4699 late-

428 4755 534 4811 que
561 4741 804 4810 dispersa
841 4739 1049 4794 fuerant
1083 4736 1388 4792 Rufinianus
1422 4736 1793 4791 translationis
1813 4750 1998 4789 exem-

429 4831 624 4901 plaria,
649 4841 937 4902 antequam
981 4830 1109 4885 illud
1140 4831 1400 4901 objecerit
1434 4829 1810 4899 Hieronymus.
1849 4826 2000 4880 Nun—

428 4922 555 4991 quid
584 4922 873 4977 verisimile
906 4930 1011 4987 est,
1039 4919 1314 4984 Rufinum,
1341 4921 1613 4975 hominem
1644 4919 1853 4973 scilicet
1884 4916 1995 4970 Ro-

429 5025 531 5064 mae
576 5010 872 5079 despicatui
913 5010 1154 5065 habitum
1186 5025 1280 5080 per
1313 5008 1625 5078 Hieronymi
1659 5018 1805 5063 artes
1830 5046 1846 5071 ,
1898 5022 1995 5075 po-

431 5101 598 5157 tuisse
624 5115 813 5157 omnes
855 5100 975 5156 illos
1008 5102 1221 5156 codices
1256 5102 1462 5170 priores
1488 5104 1603 5153 sive
1633 5100 1993 5168 supprimere,

427 5193 542 5250 sive
562 5193 896 5249 emendare?
925 5192 1127 5247 Deinde
1147 5192 1376 5246 Rufinus
1410 5193 1464 5246 in
1498 5191 1719 5261 Epilogo
1750 5192 1816 5245 ad
1838 5191 1997 5245 Pam-

426 5281 559 5353 phili
587 5280 898 5351 Apologiam
919 5320 935 5345 ,
962 5281 1138 5350 qualis
1179 5281 1413 5349 primum
1446 5282 1513 5336 ab
1555 5281 1668 5350 ipso
1695 5281 1841 5336 edita
1896 5282 1997 5336 fuit

426 5372 594 5446 (quod
628 5387 695 5428 ex
724 5371 1053 5440 Hieronymo
1078 5372 1241 5427 etiam
1269 5373 1573 5443 discimus),
1598 5371 1889 5428 Macarium
1915 5374 1996 5445 sie

427 5464 758 5535 alloquitur:
794 5482 814 5518 ι
854 5462 913 5520 In
950 5464 1034 5519 his
1062 5479 1182 5529 qua:
1219 5464 1271 5518 in
1301 5466 1565 5534 superiori
1605 5464 1761 5533 libro,
1798 5480 1993 5521 secuuo

496 5557 542 5593 ‘"
574 5558 771 5616 Genes.
803 5576 869 5627 tt,
898 5559 951 5615 7.
1026 5559 1073 5591 ⁷⁸
1100 5548 1295 5631 Ephes.
1322 5576 1393 5626 tv,
1430 5561 1518 5615 30.

497 5652 610 5724 (Η)
627 5651 769 5709 Vide
790 5653 967 5709 Rufini
993 5655 1149 5710 Praef.
1176 5654 1229 5710 in
1252 5654 1370 5710 libr.
1389 5654 1528 5724 Περὶ
1552 5653 1768 5724 ἀρχῶν,
1788 5666 1842 5710 ει
1870 5657 2002 5711 Pcr-

427 5726 659 5779 oratiou.
711 5725 777 5779 ad
819 5724 1123 5782 Comment.
1163 5726 1380 5796 Origcu.
1420 5730 1472 5780 in
1519 5726 1683 5795 Epist.
1729 5731 1796 5780 ad
1826 5726 2003 5795 Rom.,

2097 4552 2511 4607 Commentariis
2542 4552 2593 4606 in
2625 4568 2743 4623 cap.
2787 4568 2841 4607 tv
2883 4551 3051 4621 Epist.
3078 4554 3146 4607 ad
3183 4553 3402 4622 Epltes.,
3452 4557 3524 4609 ad
3558 4573 3686 4612 ver-

2099 4644 2165 4698 ba
2200 4642 2308 4708 illa,
2348 4642 2529 4697 Nolite
2562 4644 2875 4698 contristare
2904 4642 3155 4709 Spiritum
3183 4656 3425 4697 sanctum
3474 4647 3537 4699 in
3583 4665 3687 4717 quo

2101 4735 2292 4804 signati
2338 4737 2461 4789 estis
2514 4735 2568 4788 in
2616 4734 2702 4789 die
2749 4736 3115 4801 redemptionis
3138 4734 3216 4802 ’3;
3244 4735 3358 4789 haec
3393 4737 3631 4792 adnotat
3670 4758 3685 4792 :

2104 4845 2122 4876 ‹
2160 4825 2366 4896 Signati
2398 4826 2541 4880 enim
2569 4840 2755 4880 sumus
2791 4828 2993 4896 Spiritu
3024 4829 3113 4883 Dei
3150 4837 3364 4894 saneto,
3395 4841 3541 4886 utet
3570 4833 3686 4900 spi-

2100 4917 2237 4969 ritus
2276 4925 2461 4969 noster
2508 4925 2561 4970 et
2596 4916 2778 4971 anima
2835 4918 3212 4987 imprimuntur
3247 4924 3543 4992 signaculo
3594 4925 3685 4979 Dei

2095 5017 2146 5061 et
2176 5006 2317 5061 illam
2345 5007 2667 5076 recipiamus
2702 5010 2988 5078 imaginem
3025 5021 3079 5064 ρει
3126 5013 3582 5080 similitudinem,
3621 5020 3685 5069 ad

2096 5114 2254 5167 quam
2289 5099 2342 5152 in
2390 5104 2612 5156 exordio
2664 5105 2862 5157 conditi
2921 5121 3128 5160 sumus.
3179 5104 3290 5161 Hoc
3334 5109 3683 5177 signaculum

2095 5190 2271 5243 sancti
2299 5191 2553 5260 Spiritus,
2582 5192 2735 5261 juxta
2764 5194 3034 5263 eloquium
3076 5194 3406 5262 Servatoris,
3442 5199 3558 5254 Deo
3590 5202 3685 5252 im-

2095 5281 2359 5348 primente
2411 5285 2674 5352 signatur.
2719 5302 2737 5335 r
2778 5284 2877 5340 Ubi
2918 5287 3204 5355 imaginem
3250 5296 3309 5341 et
3362 5290 3685 5345 similitudi—

2103 5390 2224 5429 nem
2266 5375 2407 5429 illam
2454 5377 2543 5430 Dei
2571 5417 2585 5441 ,
2632 5378 2697 5432 ad
2740 5392 2900 5446 quam
2934 5379 2985 5434 in
3015 5380 3127 5449 ipsa
3160 5394 3253 5433 sua
3286 5385 3582 5438 creatione
3610 5383 3684 5435 el-

2102 5468 2365 5522 formatus
2399 5467 2497 5521 fuit
2521 5470 2703 5533 homo,
2742 5469 3129 5539 interpretatur
3162 5472 3519 5540 signaculum
3566 5474 3685 5543 Spi-

2112 5672 2202 5712 scu
2237 5653 2310 5708 De
2342 5652 2626 5709 adulterat.
2661 5650 2780 5705 libr.
2818 5652 3072 5722 Origenis.

2186 5726 2300 5794 (4:2)
2340 5722 2470 5780 Vide
2502 5724 2676 5778 Rufini
2708 5719 2927 5777 l’ranat.
2959 5724 3024 5777 ad
3058 5719 3379 5777 Macaritrm.
