3794 6222
156 318 283 384 laesi

1178 314 1268 381 Ex
1310 329 1373 384 (ς.
1419 318 1619 384 BULLl
1658 316 1808 384 DEF.
1845 330 2019 385 FIDEI
2061 328 2377 387 NICENAEI.

3242 315 3391 385 lﬁéd'

155 444 281 497 ritus
332 442 506 497 sancti
545 442 733 512 :quod
786 442 907 496 ideo
966 442 1187 497 omnino
1236 443 1427 499 fecisse
1472 444 1702 511 videtur,
1739 447 1787 504 Λ
1822 447 2059 515 spondit,
2099 455 2401 501 matronam
2440 444 2727 516 quamdam
2766 443 2868 499 Sibi
2897 424 3145 509 dedisse,
3175 443 3242 499 de
3267 457 3371 515 qua

154 538 270 607 quia
302 538 630 607 spiraculum
657 540 780 593 vitae
804 580 819 604 ,
848 539 990 609 quod
1023 539 1163 595 Deus
1189 556 1310 594 cum
1347 542 1578 611 primum
1614 544 1713 596 ho-

154 633 371 685 mineml
394 630 693 693 formaret,
733 632 833 701 ipsi
866 631 1169 688 insuﬁlasse
1193 634 1414 699 dicitur,
1450 635 1710 703 Spiritum

155 720 314 776 fuisse
342 732 587 776 sanctum
619 723 872 782 credidit.
914 723 1026 777 lloc
1071 724 1275 779 clarius
1322 726 1456 779 dixit
1493 725 1709 780 Tertul-

156 812 327 867 lianus
367 812 460 867 lib.
496 812 575 867 De
611 813 886 882 baptismo,
920 831 1039 886 cap.
1084 816 1139 882 5,
1192 817 1279 871 ubi
1326 822 1392 872 de
1426 832 1713 888 regenera-

158 907 297 961 tione
322 906 576 972 hominis,
607 922 724 975 qua:
745 923 840 979 per
872 908 1197 978 baptismum
1233 909 1310 975 ﬁt,
1339 908 1420 963 sic
1442 909 1707 977 loquitur:

160 1014 179 1048 ι
226 998 301 1052 lta
332 998 637 1053 restituitur
673 1000 834 1055 homo
868 1000 977 1055 Deo
1020 1001 1086 1055 ad
1138 1001 1544 1057 similitudinem
1572 1001 1707 1068 ejus,

151 1090 235 1157 qui
276 1098 421 1142 retro
473 1090 539 1142 ad
592 1089 883 1159 imaginem
930 1090 1029 1146 Dei
1078 1092 1326 1148 conditus
1368 1092 1565 1160 fuerat,
1603 1102 1708 1147 etc.

152 1181 360 1251 liecipit
399 1184 540 1237 enim
584 1183 730 1236 illum
783 1183 873 1238 Dei
912 1183 1213 1253 Spiritum,
1247 1202 1404 1255 quem
1459 1198 1587 1241 tunc
1647 1187 1714 1241 de

151 1272 327 1328 alllatu
352 1274 466 1343 ejus
505 1287 808 1344 acceperat,
851 1277 944 1331 sed
979 1287 1101 1346 post
1148 1280 1402 1333 amiserat
1455 1294 1551 1348 per
1578 1280 1714 1332 deli-

149 1376 312 1419 ctum.
359 1384 377 1416 ι
407 1364 541 1420 Hinc
581 1367 743 1435 igitur
774 1367 970 1422 factum
1016 1370 1247 1433 videtur,
1282 1378 1337 1421 ut
1370 1384 1437 1423 ex
1480 1382 1545 1423 eo
1573 1369 1713 1437 qned

147 1454 559 1510 insufﬂationem
596 1457 829 1522 Spiritus
881 1457 973 1511 Dei
1011 1457 1345 1527 Pamphilus,
1377 1459 1492 1511 sive
1525 1468 1714 1513 auctor

146 1548 413 1617 Apologia:
442 1536 772 1619 (intelligens
822 1550 1075 1603 nimirum
1119 1565 1217 1619 per
1267 1548 1710 1614 insuﬁlationem,

140 1638 294 1707 juxta
347 1655 469 1694 cum
527 1641 854 1696 adversariis
899 1656 1035 1711 quos
1095 1641 1335 1709 refellit,
1392 1642 1527 1696 nihil
1568 1641 1713 1696 aliud

147 1745 309 1798 quam
345 1730 513 1800 ipsam
545 1731 778 1786 hominis
805 1730 1090 1802 animam),
1119 1741 1339 1802 negaret
1369 1734 1434 1787 de
1460 1734 1713 1788 substan-

151 1824 220 1877 tia
255 1837 375 1878 esse
406 1822 547 1889 Dei,
599 1824 771 1894 ipsum
816 1826 1181 1879 calumniatus
1233 1824 1397 1880 fuerit
1450 1824 1705 1898 llierony-
1739 1812 1785 1869 Β

144 1931 288 1981 mus,
320 1917 474 1985 quasi
514 1917 833 1983 docuisset,
868 1916 1127 1987 Spiritum
1166 1917 1256 1971 Dei
1286 1957 1302 1984 ,
1334 1917 1547 1973 tertiam
1578 1918 1715 1974 divi.

146 2009 334 2064 uitatis
367 2024 675 2079 personam,
704 2011 768 2064 de
799 2010 1103 2064 substantia
1140 2009 1231 2064 Dei
1269 2025 1373 2065 non
1397 2025 1539 2074 esse,
1587 2024 1715 2079 pro-

144 2099 378 2171 indeqne
406 2100 499 2156 Dei
530 2103 857 2167 ministrum,
888 2102 1002 2157 sive
1030 2113 1331 2159 creaturam
1365 2119 1503 2159 esse.
1536 2105 1592 2158 Si
1626 2103 1713 2158 cui

147 2204 330 2248 autem
379 2195 499 2249 hinc
550 2196 857 2271 conjectura
892 2207 1075 2251 nostra
1129 2198 1307 2252 minus
1351 2197 1583 2268 placeat,
1637 2197 1712 2251 illi

146 2286 459 2340 necessario
515 2286 796 2342 dicendum
857 2286 1093 2353 videtur,
1162 2288 1342 2343 Ruﬁni
1410 2290 1713 2344 versionem

146 2378 418 2447 Apologia:
452 2379 715 2450 Pamphili
764 2383 832 2438 ab
866 2383 1099 2437 inimicis
1144 2382 1261 2452 ejus
1305 2391 1361 2436 et
1400 2381 1715 2453 Hieronymi

142 2470 425 2539 partiariis
474 2485 782 2542 corruptam
841 2474 1039 2538 fuisse;
1090 2484 1252 2542 atque
1300 2489 1367 2528 ex
1423 2476 1716 2542 depravata

144 2562 329 2629 aliquo
361 2563 551 2618 codice
606 2564 764 2619 istam
806 2567 1233 2621 criminationem
1270 2565 1560 2635 arripuisse
1593 2564 1717 2619 Hie-

145 2668 460 2724 ronymum.
510 2655 654 2711 Sane
683 2657 749 2712 de
776 2657 865 2711 tali
909 2659 1105 2727 injuria
1139 2658 1565 2727 interpretationi
1606 2674 1715 2713 sua:

144 2744 412 2800 librorum
444 2746 700 2817 Origenis
746 2750 888 2818 Περὶ
914 2748 1116 2818 ἀρχῶν
1172 2749 1315 2805 facta
1367 2750 1718 2818 conqueritur

144 2839 269 2908 ipse
298 2838 544 2905 Ruﬁnus,
592 2842 757 2903 Deum
793 2842 1229 2914 καρδιαγνώστην
1283 2842 1493 2912 injuriae
1544 2842 1719 2895 vindi-

144 2946 267 2986 cem
290 2932 582 3002 appellans.
615 2932 706 2987 Sic
733 2935 875 2989 enim
904 2935 991 2989 ille
1027 2936 1079 2988 in
1122 2933 1510 2988 Invectivarum
1532 2933 1721 2986 adverc

145 3038 243 3078 sus
266 3022 643 3095 Hieronymum
678 3025 769 3081 lib.
800 3041 816 3079 ι
844 3026 957 3097 (45)
987 3042 1000 3078 :
1033 3042 1053 3076 ι
1085 3022 1226 3095 lpsa,
1255 3024 1395 3079 sicut
1431 3026 1719 3077 transtule-

145 3132 313 3181 ram,
346 3131 463 3170 mea
516 3118 678 3173 verba
739 3118 1060 3188 posuissent.
1119 3116 1227 3171 Sed
1284 3129 1425 3169 nunc
1478 3114 1717 3169 ausculta

147 3209 279 3277 quid
326 3207 534 3264 faciunt
564 3229 583 3266 »ε
614 3218 668 3265 et
714 3209 902 3282 ﬂagitii
933 3224 1121 3265 eorum
1175 3208 1427 3277 require,
1454 3205 1501 3261 si
1552 3205 1717 3261 ullum

145 3300 431 3370 prmcessit
460 3301 785 3369 exemplum.
816 3301 873 3356 ln
902 3316 965 3357 eo
991 3302 1126 3367 loco,
1155 3302 1244 3355 ubi
1268 3297 1533 3367 scriptum
1556 3309 1675 3353 erat
1699 3316 1716 3355 :

150 3395 309 3461 Quod
334 3396 381 3450 si
416 3396 653 3465 requiras
673 3411 706 3447 a
744 3409 845 3458 me,
874 3394 1001 3463 quid
1021 3395 1179 3448 etiam
1201 3396 1265 3450 de
1298 3397 1412 3465 ipso
1442 3396 1720 3468 Unigenita

148 3488 412 3550 sentiam;
438 3486 483 3539 si
527 3501 587 3539 ne
614 3484 722 3553 ipse
749 3486 957 3553 quidem
982 3485 1233 3539 visibilem
1280 3487 1453 3541 dicam
1489 3486 1585 3542 Dei
1627 3504 1721 3542 na-

149 3592 354 3642 turam,
382 3578 470 3648 qui
502 3577 818 3630 naturaliter
850 3577 1123 3632 invisibilis
1144 3586 1256 3642 est;
1287 3594 1389 3631 non
1426 3578 1521 3630 tibi
1543 3580 1719 3631 statim

146 3670 230 3725 vel
265 3669 479 3738 impium
527 3669 761 3723 videatur
798 3684 941 3734 esse,
988 3668 1067 3723 vel
1103 3669 1390 3723 absurdum
1418 3684 1436 3723 :
1463 3670 1719 3724 rationem

146 3762 342 3831 quippe
407 3762 645 3815 dabimus
699 3771 1068 3832 consequenter
1105 3777 1123 3814 :
1168 3777 1264 3831 pro
1318 3777 1384 3816 eo
1428 3763 1573 3831 quod
1623 3776 1722 3818 nos

149 3855 493 3925 scripsimus,
534 3855 787 3909 rationem
817 3857 1003 3925 quippe
1039 3856 1281 3910 dabimus
1319 3866 1722 3928 consequenter;

149 3947 233 4001 illi
282 3948 616 4017 scripserunt
646 3966 657 4001 :
684 3965 785 4001 non
812 3949 903 4001 tibi
933 3950 1111 4002 statim
1144 3949 1366 4017 impium
1417 3950 1493 4002 uel
1538 3948 1726 4003 absur-

145 4041 285 4094 dum
314 4040 552 4094 videatur
579 4057 687 4094 ess:
706 4080 720 4105 ,
764 4042 891 4110 quia
931 4041 1064 4095 sicut
1092 4041 1260 4095 Filius
1288 4039 1502 4095 Patrem
1527 4057 1630 4095 non
1650 4040 1727 4094 vi-

149 4132 267 4196 det,
289 4133 365 4186 ita
395 4147 486 4185 nec
531 4130 765 4201 Spiritus
792 4143 1003 4187 sanctus
1047 4133 1179 4186 videt
1208 4126 1432 4187 Filium.
1460 4132 1572 4187 Hoc
1598 4132 1643 4187 si
1672 4132 1725 4186 in

151 4222 281 4278 foro
308 4224 519 4292 positus
543 4263 558 4287 ,
598 4224 681 4277 vel
737 4225 969 4293 negotiis
996 4223 1342 4279 saecularibus
1367 4225 1728 4280 commisisset

149 4312 393 4391 i‘lle,qui
418 4314 485 4368 de
528 4317 853 4369 monasterio
886 4315 1135 4381 Romam,
1167 4316 1322 4385 quasi
1356 4315 1722 4370 calumniandi

149 4404 544 4475 peritissimus,
573 4407 769 4459 missus
794 4413 878 4460 est
913 4424 925 4458 :
970 4416 1172 4460 norunt
1196 4421 1409 4471 omnes,
1450 4409 1579 4478 quid
1602 4423 1725 4465 cou-

1819 551 1918 607 ego
1946 579 1961 603 ,
2001 551 2338 606 quaecunque
2372 534 2458 589 illa
2490 544 2574 590 est
2599 576 2615 602 ,
2649 534 2783 590 nihil
2811 536 2958 601 dico;
3010 535 3105 590 sed
3137 534 3219 589 sui
3253 548 3375 589 eam

1812 639 1866 684 et
1894 629 1987 683 Dei
2019 628 2367 683 conscientia:
2402 627 2742 697 derelinquo.
2777 645 2796 679 ι
2828 628 3005 697 Atque
3024 626 3089 682 de
3110 625 3374 697 Pamphili

1812 720 2065 789 Apologia
2089 737 2183 791 pro
2217 720 2461 792 Origene,
2504 720 2619 775 ham
2645 719 2698 773 in
2730 720 3133 789 praesentiarum
3175 719 3375 774 dixisse

1813 814 2057 869 sufﬁciat.

1884 904 1912 977 ᾗ
1944 904 2103 959 XXII.
2129 903 2367 974 Utcaput
2396 905 2495 961 hoc
2522 904 2734 959 tandem
2764 903 3028 968 claudam,
3057 904 3183 958 dum
3213 902 3373 956 allata

1813 998 2058 1069 superius
2088 996 2337 1067 Origenis
2385 997 2504 1052 loca
2533 996 2792 1050 attentius
2824 996 3118 1064 perpendo,
3150 995 3222 1049 ita
3254 1008 3372 1048 me;

1813 1108 1934 1147 cum
1970 1100 2188 1147 statuo:
2250 1091 2471 1154 Patrem
2513 1090 2702 1155 illum,
2748 1098 2826 1143 tot
2857 1088 3220 1158 theologorum
3268 1096 3374 1159 qua

1819 1194 2064 1238 veterum
2090 1200 2195 1254 qua
2237 1185 2597 1238 recentiorum
2630 1182 2874 1238 censuris
2904 1189 3181 1248 vexatum,
3214 1182 3267 1237 in
3292 1197 3374 1237 ar:

1816 1274 1981 1329 ticulo
2024 1275 2090 1329 de
2123 1273 2245 1329 Filii
2274 1276 2595 1340 diVinitate,
2632 1276 2869 1344 adeoque
2895 1276 2962 1329 de
2987 1282 3170 1330 sancta
3201 1272 3378 1328 Trini-

1818 1374 1924 1419 tate
1947 1378 2136 1420 revera
2177 1366 2503 1421 catholicum
2534 1365 2702 1420 fuisse
2737 1382 2751 1419 :
2780 1371 3088 1435 quanquam
3122 1366 3175 1418 in
3217 1364 3378 1418 modo

1815 1458 2103 1512 articulum
2155 1459 2501 1528 explicandi,
2545 1458 2706 1513 aliter
2750 1468 3134 1527 nonnunquam
3168 1455 3378 1511 locutus

1814 1551 1981 1607 fuerit
2001 1591 2017 1617 ,
2048 1566 2209 1621 quam
2246 1552 2405 1607 hodie
2431 1550 2694 1607 Catholici
2718 1551 2926 1619 solent;
2957 1548 3098 1619 quod
3126 1548 3225 1619 ipsi
3254 1555 3377 1603 ctlnt

1816 1643 2035 1713 reliquis
2066 1643 2177 1697 fere
2204 1642 2453 1698 omnibus
2483 1642 2736 1697 Patribus
2756 1683 2773 1708 ,
2812 1641 2902 1713 qui
2950 1641 3240 1697 concilium
3288 1638 3382 1694 Ni;

1816 1750 2022 1790 caenum
2076 1743 2526 1801 antecesserunt,
2562 1748 2848 1789 commune
2901 1732 3018 1786 fuit.
3067 1731 3178 1787 lmo
3223 1731 3382 1787 liceat

1818 1828 1950 1883 mihi
1990 1828 2043 1882 in
2092 1826 2312 1897 scriptis
2340 1824 2591 1897 Origenis
2628 1840 2733 1880 non
2762 1824 3112 1896 indiligenter
3138 1832 3379 1888 Versata,

1818 1931 1939 1991 post
1993 1928 2248 1975 accurate
2298 1933 2587 1987 expensam
2637 1918 2799 1973 etiam
2853 1918 3021 1988 ipsius
3049 1916 3381 1972 aveterihus

1816 2014 2144 2083 descriptam
2172 2011 2455 2067 historiam
2475 2049 2490 2076 ,
2512 2010 2775 2082 judicium
2806 2025 2982 2065 meum
3019 2010 3086 2066 de
3113 2010 3381 2081 theologia

1817 2105 1936 2175 ejus
1982 2104 2277 2159 universim
2312 2103 2520 2169 libere,
2551 2103 2757 2172 absque
2813 2102 3129 2173 cujusquam
3180 2101 3380 2158 invidia

1816 2196 2078 2266 proferre.
2114 2195 2245 2250 Erat
2272 2196 2355 2251 vir
2393 2196 2501 2259 ille,
2532 2205 2592 2249 ut
2624 2206 2818 2250 omnes
2863 2195 3231 2260 consentiunt,
3259 2195 3381 2250 exi-

1818 2291 1923 2344 mie
1950 2289 2167 2359 quidem
2221 2289 2373 2356 pius;
2407 2288 2502 2343 sed
2545 2287 2744 2343 curiosi
2788 2287 3013 2342 nimium
3040 2301 3106 2342 ac
3137 2299 3276 2357 pene
3300 2285 3382 2341 la:-

1816 2381 2088 2436 scivientis
2134 2381 2350 2452 ingenii.
2385 2380 2566 2435 Pietas
2626 2389 2681 2434 et
2712 2379 2904 2451 religio
2930 2380 3174 2436 cohibuit
3208 2380 3383 2436 homi—

1817 2490 1961 2540 nem,
1991 2489 2100 2545 quo
2149 2475 2329 2529 minus
2362 2474 2417 2528 in
2450 2476 2638 2544 regula
2668 2472 2793 2528 ﬁdei
2827 2471 3001 2543 (cujus
3030 2487 3159 2543 pars
3191 2482 3384 2544 magna

1816 2577 1900 2623 est
1927 2569 2119 2639 dogma
2146 2568 2211 2622 de
2242 2566 2588 2622 sanctissima
2635 2564 2945 2637 Trinitate),
2987 2564 3276 2636 quidquam
3303 2564 3387 2619 lu-‘

1818 2669 2065 2716 novaret.
2103 2658 2157 2713 ln
2199 2658 2322 2713 aliis
2369 2672 2535 2722 vero,
2568 2672 2689 2727 quae
2734 2656 2880 2711 salva
2932 2657 3056 2713 ﬁdei
3108 2656 3286 2728 regula
3331 2658 3385 2711 in‘

1819 2753 2243 2809 controversiam
2277 2752 2461 2806 vocari
2483 2759 2755 2819 poterant,
2783 2751 3008 2805 nimium
3045 2750 3263 2821 ingenio
3285 2756 3387 2806 alio

1821 2845 2123 2916 indulgens,
2162 2860 2267 2900 non
2293 2858 2461 2914 pauca
2492 2842 2713 2913 protulit
2746 2857 2777 2897 a
2801 2835 3158 2897 communiori
3190 2842 3385 2898 docto-

1822 2952 1940 2992 rum
1979 2938 2079 2994 sibi
2125 2936 2403 3009 ὁμηλικῶν
2438 2935 2711 2991 sententia
2758 2934 2973 3006 longius
3000 2934 3385 3004 discrepantia.

1823 3030 1940 3084 Huc
1966 3030 2144 3084 refero
2170 3028 2441 3098 paradoxa
2472 3025 2561 3080 illa
2608 3025 2675 3079 de
2704 3025 2895 3079 anima:
2932 3022 3385 3094 prmexsistentla,

1823 3122 1889 3177 de
1915 3121 2271 3175 Iuminaribus
2300 3118 2423 3175 caeli
2469 3116 2724 3172 animatis
2746 3155 2763 3181 ,
2794 3118 2861 3171 de
2891 3115 3114 3171 inﬁnitis
3151 3116 3389 3181 mundis,

1821 3223 1877 3268 et
1909 3212 2130 3267 similia.
2166 3211 2273 3268 Sed
2317 3221 2373 3266 et
2422 3214 2476 3265 in
2527 3210 2614 3265 his
2646 3207 2995 3264 conservavit
3045 3207 3388 3273 modestiam,

1820 3321 1938 3376 quae
1965 3307 2112 3375 pium
2136 3305 2355 3371 decuit;
2405 3318 2526 3358 cum
2555 3317 2617 3357 ea
2646 3302 2989 3372 proposuerit
3024 3315 3133 3355 non
3165 3300 3388 3373 degma-

1822 3399 1926 3454 tice
1955 3408 2011 3453 et
2043 3404 2443 3461 asseveranter,
2480 3394 2575 3450 sed
2595 3404 2845 3464 tanquam
2868 3393 3148 3449 veritatem
3168 3394 3223 3449 in
3245 3406 3394 3466 qua:-

1822 3490 2089 3546 stionibus
2117 3490 2353 3544 nondum
2380 3487 2637 3544 Ecclesiae
2677 3486 2884 3556 judicio
2909 3499 3167 3557 expresse
3194 3486 3394 3558 jdellnl-

1825 3583 1891 3637 tis
1916 3581 2208 3651 diligenter
2238 3581 2540 3649 inquirens.
2571 3580 2685 3646 Qua
2714 3579 2796 3633 de.
2825 3593 2885 3634 re
2916 3578 3139 3635 consule
3169 3580 3395 3634 omnino

1821 3672 2084 3742 Pamphili
2114 3670 2423 3744 Apologiam
2448 3711 2463 3739 ,
2496 3672 2550 3726 in
2583 3670 2940 3743 praefatione,
2992 3683 3098 3725 non
3137 3670 3293 3742 longe
3322 3672 3392 3726 ab

1824 3765 1976 3820 initio
2012 3764 2146 3836 (tt).

1895 3856 1923 3928 §
1955 3854 2146 3911 XXIII.
2182 3855 2294 3912 Hoc
2313 3864 2551 3912 nostrum
2585 3856 2654 3913 de
2684 3855 2916 3927 Origene
2945 3854 3228 3927 judicium,
3251 3869 3393 3925 prte—

1827 3961 1910 4006 ter
1941 3950 2251 4005 testimonia
2300 3948 2410 4018 jam
2446 3964 2475 4004 a
2522 3950 2678 4005 nobis
2708 3950 2762 4004 in
2790 3949 2894 4005 hoc
2938 3950 3116 4021 capite
3138 3948 3391 4011 adducta,

1825 4041 1994 4096 multa
2028 4040 2132 4095 alia
2162 4040 2505 4095 conﬁrmant.
2550 4033 2733 4094 Primo
2768 4039 3081 4097 defensures
3122 4039 3392 4111 Origenis,

1827 4134 1918 4206 qui
1950 4134 2003 4189 in
2030 4134 2258 4190 articulo
2286 4134 2351 4189 de
2379 4142 2565 4188 sancta
2617 4132 2885 4188 Trinitate
2930 4131 3182 4188 catholici
3217 4130 3394 4195 fuere,

1826 4238 1949 4282 cum
1972 4227 2083 4283 alia
2117 4227 2217 4297 ipsi
2245 4227 2448 4282 tributa
2474 4226 2800 4282 heterodoxa
2825 4227 3042 4297 plaCita,
3065 4234 3183 4296 quae
3202 4233 3397 4296 nempe

1829 4312 1986 4379 modo
2008 4320 2570 4383 commemoravimus.
2643 4335 2749 4374 non
2793 4318 3171 4383 diﬁlterentur,
3211 4333 3275 4373 ea
3308 4317 3395 4372 vel

1830 4421 2173 4479 excusantes,
2204 4413 2286 4468 vel
2320 4412 2483 4466 etiam
2522 4410 2873 4466 defendentes
2902 4429 2915 4465 :
2950 4426 3071 4465 cum
3097 4409 3394 4465 Catholicis

150 4507 479 4565 sequeretur
527 4513 593 4552 ex
645 4498 853 4568 legibus
900 4498 1134 4568 publicis
1172 4499 1433 4567 ejusmodi
1477 4502 1722 4557 criminis
1757 4520 1805 4578 ι)
1833 4512 2011 4557 tamen
2053 4500 2305 4557 omnibus
2333 4502 2400 4555 de
2442 4501 2712 4556 Trinitate
2756 4501 2995 4556 sensisse
3034 4500 3185 4554 illum
3216 4499 3394 4571 ipsmn

149 4609 306 4653 reus.
337 4592 490 4648 Nune
516 4607 643 4647 vero
681 4594 805 4661 quia
854 4592 1168 4648 saecularem
1195 4592 1359 4647 vitam
1396 4595 1631 4664 reliquit,
1664 4606 1720 4650 et

150 4700 189 4738 δ
224 4683 669 4750 tergiversatione
715 4681 805 4735 illa
847 4692 1072 4737 actuum
1110 4683 1447 4750 publicorum
1494 4684 1561 4737 ad
1613 4700 1727 4740 mo—

151 4775 460 4833 nasterium
492 4788 784 4830 conversus
805 4783 932 4839 est,
964 4782 1019 4830 et
1055 4774 1282 4830 adhaesit
1325 4775 1585 4847 magistro
1626 4792 1727 4832 ποί

146 4869 255 4927 bili
287 4885 302 4921 :
337 4870 405 4923 ab
435 4868 551 4937 ipso
586 4869 808 4922 docetur
837 4867 1032 4923 iterum
1084 4883 1182 4930 pro
1216 4869 1478 4924 modestia
1522 4868 1729 4937 furere,

146 4961 438 5028 insanire;
470 4975 567 5029 pro
614 4960 796 5029 quiete
846 4960 1139 5016 seditiones
1184 4975 1442 5029 movere;
1470 4977 1569 5032 pro
1599 4976 1731 5032 pace

148 5067 382 5109 movere
422 5051 660 5118 bellum;
714 5065 812 5121 pro
860 5052 1151 5107 concordia
1204 5058 1430 5108 movere‘
1466 5053 1727 5119 dissidia;

148 5144 399 5216 perﬁdus
425 5159 545 5198 esse
570 5159 667 5213 pro
704 5145 826 5204 ﬁde,
854 5159 950 5214 pro
983 5145 1211 5199 verit-ate
1239 5145 1515 5201 falsarius.
1552 5164 1570 5197 ι
1604 5144 1728 5200 Mox

149 5235 361 5295 ibidem
399 5237 465 5290 de
498 5235 720 5291 falsario
760 5236 851 5290 illo
877 5246 1061 5291 narrat
1102 5238 1200 5292 ista
1231 5254 1247 5292 :
1284 5256 1304 5289 ε
1343 5238 1476 5293 Cum
1508 5237 1724 5304 falsam,

148 5329 357 5398 inquit,
390 5328 694 5399 hujusmodi
722 5329 1042 5384 sententiam
1078 5330 1219 5398 apud
1251 5328 1608 5385 Mediolanum
1632 5344 1722 5383 re-

144 5421 384 5488 citaret,
410 5430 465 5476 et
485 5435 517 5481 a
548 5436 659 5489 me,
702 5437 822 5491 quas
848 5424 1118 5494 exigebat,
1137 5423 1293 5493 [falsa
1326 5438 1446 5479 esse
1475 5424 1718 5478 diceren-

148 5520 280 5578 tur;
310 5512 671 5581 interrogatus
692 5529 724 5573 a
758 5530 866 5585 quo
914 5516 1212 5586 accepisset
1244 5516 1571 5586 exemplaria
1599 5558 1615 5584 ,
1640 5532 1722 5573 re-

232 5629 348 5712 (45)
376 5630 719 5712 ΙιιιθιλρΑρεηι
747 5634 968 5700 Hieron.
997 5637 1127 5693 edit.
1162 5636 1455 5695 Martianaai
1486 5650 1614 5697 tom.
1634 5642 1722 5712 IV,

178 5710 324 5769 part.
346 5717 403 5766 ιι,
428 5718 480 5769 p.
507 5704 629 5758 579.

192 5768 199 5832 ζ
261 5768 379 5843 (44)
414 5768 546 5834 Vide
585 5784 640 5832 et
668 5776 843 5834 ﬂuetii
868 5776 1169 5849 Origenian.
1196 5778 1286 5838 lib.
1314 5796 1377 5851 tt,
1415 5790 1604 5853 quaest.
1631 5783 1721 5853 ﬂ,

1831 4592 2117 4664 Origenem
2174 4596 2373 4649 acriter
2405 4593 2823 4649 contenderunt.
2859 4592 2969 4649 Hac
3006 4594 3219 4650 ratione
3263 4591 3390 4649 Ori-

1832 4701 2020 4757 genem
2047 4685 2348 4742 defendisse
2375 4685 2711 4754 Pamphilum
2754 4694 3071 4757 martyrem.
3109 4697 3163 4743 et
3189 4700 3399 4759 anony-

1832 4795 1976 4836 mum
1999 4779 2350 4850 apologistam
2384 4779 2526 4847 apud
2554 4777 2805 4833 Photium
2838 4778 2995 4847 paulo
3042 4788 3166 4834 ante
3213 4787 3399 4834 osten-

1833 4873 2031 4929 dimus.
2078 4871 2447 4941 Eamdemque
2474 4873 2615 4925 viam
2663 4871 2964 4926 inivissein
3016 4886 3114 4926 sua
3146 4870 3395 4941 Origenis

1835 4965 2146 5022 defensione
2179 4964 2463 5036 Didymum
2501 4961 2922 5018 Alexandrinum
2969 4963 3147 5017 virum
3199 4963 3403 5033 pietate

1833 5070 1888 5115 et
1905 5060 2207 5116 eruditione
2239 5057 2527 5127 insignem,
2555 5062 2609 5110 et
2634 5054 2867 5111 Nicaeum
2900 5055 3021 5109 ﬁdei
3069 5054 3398 5111 constantis-

1832 5152 2027 5208 simum
2062 5159 2519 5221 prepuguatorem
2543 5187 2559 5213 ,
2608 5155 2798 5202 auctor
2850 5154 2933 5201 est
2967 5147 3081 5217 ipse
3132 5144 3397 5215 Hierony-

1834 5261 1955 5300 mus
1990 5244 2127 5315 (45).
2178 5244 2271 5311 qui
2316 5241 2538 5312 Apolog.
2583 5240 2788 5295 advers.
2833 5237 3039 5308 Ruﬁn.,
3072 5237 3166 5293 lib.
3216 5253 3276 5303 II,
3321 5236 3403 5291 sic

1834 5339 2010 5409 ipsum
2038 5335 2291 5391 Ruﬁnum
2314 5334 2648 5404 alloquitur:
2686 5346 2708 5386 ‹
2752 5331 2915 5400 Quid,
2946 5331 3141 5401 inquit,
3172 5344 3400 5399 respon-

1835 5432 1987 5487 debis
2009 5444 2110 5500 pro
2140 5428 2368 5499 Didyme
2394 5467 2411 5495 ,
2428 5427 2521 5497 qui
2546 5435 2693 5483 certe
2719 5427 2772 5483 in
2802 5426 3068 5481 Trinitate
3090 5421 3405 5481 Catholicae

1837 5521 1967 5576 est?
2010 5520 2165 5588 cujus
2190 5520 2353 5575 etiam
2388 5533 2489 5575 nos
2519 5519 2586 5574 de
2619 5518 2828 5589 Spiritu
2868 5528 3059 5575 sancto
3103 5516 3298 5573 librum
3347 5516 3405 5577 iit

1843 5656 1963 5712 cap.
2004 5643 2059 5706 '5,
2098 5656 2246 5712 num,
2273 5638 2333 5695 H
2377 5640 2550 5712 et_12,
2577 5655 2630 5711 p.
2654 5638 2781 5694 255.

1914 5705 2661 5785 '(45)lnteerera_l_lieroh.,
2698 5720 2829 5767 tom.
2850 5705 2922 5767 Π
2966 5707 3100 5767 edit.
3147 5706 3406 5767 Martium

1842 5780 1983 5855 part.
2008 5780 2070 5855 it,
2109 5797 2164 5854 p.
2195 5780 2321 5851 408,
2351 5781 2473 5837 409.
