1919 3111
185 206 195 213 .
212 192 279 220 i337

918 187 1129 217 EXCERPTUM

1774 186 1839 214 9528

211 251 334 278 Latinam
347 249 467 285 linguam
488 249 641 277 vertimus?
656 249 735 277 Certe
753 248 798 276 hic
817 248 843 275 in
864 248 905 276 his
917 268 925 280 ,
939 255 999 283 quae
1013 253 1037 280 Α
1052 247 1169 275 hominis
1197 246 1283 274 salute
1317 252 1479 280 perpessus.
1506 248 1621 272 mortem
1656 251 1708 278 pro
1740 244 1840 271 homi-

210 298 244 325 ah
258 296 392 325 haereticis
406 297 433 323 in
446 295 573 332 Origenis
586 296 715 333 operibus
740 295 832 323 addita
846 299 920 328 sunt,
933 302 999 322 con-

210 343 312 371 sentire
326 350 380 371 non
398 343 486 379 potuit
502 353 508 370 :
525 348 552 370 et
568 342 596 371 in
609 343 677 379 ipsis
697 342 768 377 Περὶ
790 341 903 377 ἀρχῶν,
932 349 1001 377 quos

211 394 239 417 tu
255 389 449 424 interpretatus
461 396 502 422 es,
522 389 598 417 libris
612 390 708 417 breves
727 389 840 416 dictavit
864 396 1001 416 commen-

213 435 321 463 tariolos
335 457 343 469 ,
368 435 466 470 quibus
481 443 534 463 non
553 440 665 471 negaret
686 436 720 463 ah
742 434 860 471 Origene
873 435 976 471 scripta
991 455 999 467 ,

212 489 272 517 qua:
285 481 387 516 scripta
401 486 465 509 sunt
475 502 483 515 ,
497 482 544 510 sed
560 490 609 510 nos
633 482 774 518 simplices
798 482 922 510 homines
947 490 999 509 non

211 534 290 561 posse
314 528 465 564 intelligere
492 536 552 563 qua:
572 529 723 557 dicuntur:
740 534 768 557 et
791 537 845 564 quo
870 536 953 557 sensu
974 530 1001 557 in

213 573 309 609 bpnam
320 578 425 609 partem
437 575 524 608 accipi
541 575 669 608 debeant,
685 577 850 610 persuadere
870 572 1000 604 conatur.

213 618 269 648 Hoc
282 619 414 648 duntaxat
432 621 466 648 de
483 620 552 648 Filio
572 626 598 648 et
613 621 717 657 Spiritu
744 626 851 650 sancto.
865 621 999 650 Ceterum

212 665 239 692 in
264 665 325 693 aliis
344 666 518 702 dogmatibus
540 672 568 695 et
582 666 716 696 Eusebius
733 673 760 696 et
771 667 904 703 Didymus
917 675 1001 703 aper-

213 711 316 740 tissime
339 712 365 739 in
382 712 509 749 Origenis
522 713 593 741 scita
619 713 794 742 concedunt:
811 718 840 742 et
855 713 928 749 quod
943 720 1002 741 om-

212 764 261 785 nes
274 757 403 786 Ecclesiae
430 759 575 794 reprobant
587 779 596 792 ,
627 759 767 788 Catholice
790 764 819 788 et
837 759 881 795 pie
899 759 1000 787 dictum

211 810 272 832 esse
285 803 441 832 defendunt.
460 814 470 831 ι
484 805 582 833 Notatu
605 813 713 840 quoque
728 806 810 841 digna
827 810 891 833 sunt
906 805 940 833 de
953 804 1001 832 Ba-

213 848 275 876 silio
286 848 383 884 Magno
402 853 430 876 et
441 848 573 886 Gregorio
586 849 760 878 Nasianzeno
773 850 856 878 verba
878 850 1003 878 Socratis

213 893 317 923 uiator.
341 894 433 931 cules.
457 894 503 922 lib.
529 903 566 928 tv,
593 896 695 932 cap.6,
708 896 814 930 Καίτοι,
831 896 928 931 inquit,
947 895 1002 923 τῶν

219 938 362 975 Ἀρειανῶν
384 938 417 965 τὰ
438 939 591 975 Ὤριγένους
611 939 700 975 βιϐλία
725 941 765 972 εἰς
783 941 945 977 μαρτυρίαν,
964 941 1002 973 ὡς

212 984 307 1020 ᾤοντο,
320 983 366 1011 τοῦ
382 984 446 1011 ἰδίου
456 985 608 1013 καλούντων
621 987 764 1023 δόγματος,
786 987 863 1015 αὐτοὶ
888 986 1002 1023 ἐξήλεγ-

214 1041 270 1068 χον,
286 1035 333 1062 καὶ
347 1034 482 1061 ἐδείκνυον
497 1033 535 1070 μὴ
549 1034 696 1070 νοήσαντας
712 1033 759 1061 τοῦ
774 1034 925 1071 Ὠριγενους
937 1034 1001 1061 σύν-

214 1089 283 1113 εσιν,
299 1082 325 1109 id
340 1086 392 1114 est,
407 1091 416 1107 ι
434 1081 467 1109 Et
485 1081 610 1116 quamvis
627 1081 719 1108 Ariani
735 1081 817 1109 libros
830 1081 954 1116 Origenis
968 1081 1002 1109 ad

215 1118 358 1162 dogmatis
367 1127 426 1160 sui,
445 1131 484 1157 ut,
498 1125 638 1160 putabant,
662 1125 896 1154 conﬁrmationem
910 1126 1002 1161 .addu-

212 1178 324 1206 cerent;
349 1173 386 1200 illi
412 1179 501 1201 tamen
527 1180 576 1200 eos
600 1172 816 1207 redarguerunt,
833 1177 861 1200 et
878 1171 1003 1209 Origenis

212 1218 363 1250 doctrinam
389 1220 424 1247 ab
441 1218 475 1247 iis
498 1225 668 1254 nequaquam
692 1218 808 1254 intelligi
831 1219 1003 1247 demonstra-

213 1269 286 1292 runt.
306 1274 316 1292 ι
346 1264 492 1298 Secundo,
507 1265 676 1300 antiquiores
697 1263 824 1300 Origenis
847 1265 950 1292 inimici
975 1270 1004 1291 et

212 1311 361 1339 adversarii
379 1310 509 1345 praecipui
521 1330 529 1343 .
542 1311 588 1345 qui
604 1311 637 1338 de
650 1310 712 1339 aliis
726 1310 860 1339 acerrime
878 1315 906 1338 et
917 1310 1001 1338 incle-

212 1361 318 1385 menter
344 1357 425 1385 nimis
449 1357 538 1392 ipsum
563 1357 756 1392 exagitarunt,
781 1356 815 1384 de
833 1356 922 1392 aliqua
944 1357 1002 1391 ejus

220 1403 316 1432 heresi
332 1403 404 1432 circa
425 1402 567 1431 Trinitatis
579 1403 676 1437 dogma
692 1403 748 1430 fere
774 1402 918 1430 siluerunt.
934 1402 1001 1430 Nam

213 1448 342 1480 Socrates
360 1449 434 1476 Hist.
458 1449 547 1476 eccies.
564 1448 610 1476 lib.
626 1455 664 1482 vt,
676 1455 736 1483 cap.
751 1449 785 1476 l5
796 1468 804 1482 ,
822 1449 855 1476 de
868 1448 1003 1483 primariis

216 1495 344 1532 Origenis
358 1496 585 1527 accusatoribus.
608 1494 746 1522 Methodio
770 1502 880 1530 nempe,
906 1494 1003 1522 Eusta-

221 1542 290 1575 thio,
307 1542 457 1577 Apollinari
482 1547 510 1569 et
527 1541 676 1576 Theophila
705 1540 783 1575 (quos
798 1540 909 1568 liberius
928 1540 1002 1567 iucu-

215 1592 260 1614 tus
273 1586 429 1621 κακολόγων
442 1584 592 1621 τετρακτύν
609 1593 618 1610 ι
640 1584 829 1612 maledicorum
846 1583 1002 1619 quaternio—
1015 1604 1035 1631 C

213 1640 275 1662 nem
290 1643 300 1660 ι
318 1632 479 1667 intncupat),
493 1639 577 1667 agens
592 1651 599 1664 ,
616 1631 674 1658 hate
690 1631 724 1658 de
747 1630 814 1666 ipsis
831 1630 1001 1658 animadvur-

212 1679 246 1706 tit
261 1687 268 1706 :
291 1676 361 1712 Ἐγὼ
374 1677 403 1704 δέ
420 1686 457 1709 τι,
471 1677 570 1711 inquit,
586 1675 634 1702 καὶ
655 1674 735 1702 πλέον
763 1676 795 1702 ὲκ
820 1675 869 1711 τῆς
892 1673 1003 1702 ἐκείνων

212 1724 357 1756 αἰτιάσεως
371 1724 410 1755 είς
423 1722 552 1750 σύστασιν
566 1720 719 1757 Ὦριγένους
729 1720 799 1757 φημί
810 1729 817 1736 ο
831 1720 856 1746 oi
865 1720 920 1756 γὰρ
929 1719 1004 1755 κινή-

213 1778 309 1802 σαντες
339 1770 444 1804 ὅσαπερ
452 1769 536 1805 ᾤοντο
553 1767 688 1804 μέμψως
699 1765 780 1800 diu,
796 1766 829 1793 δι’
845 1763 893 1799 ὢν,
905 1766 943 1798 ὡς
955 1775 1003 1793 κα-

212 1816 270 1848 κῶς
288 1814 434 1849 δοξάζοντα
461 1815 525 1851 περὶ
547 1814 596 1849 τῆς
622 1813 704 1848 ἁγίας
736 1812 851 1848 Τριάδος
869 1812 924 1839 οὐδ’
936 1812 1003 1843 ὅλως

213 1862 381 1898 ἐμέμψαντο,
407 1860 562 1888 δείκνυνται
590 1858 747 1895 περιφανῶς
760 1859 809 1895 τὴν
830 1858 913 1896 ὀρθὴν
925 1859 1004 1886 εὐσέ-

213 1908 290 1935 ϐειαν
305 1906 508 1944 μαρτυροῦντες
521 1906 607 1941 αὐτῷ,
624 1906 649 1933 id
664 1911 706 1933 est
716 1925 723 1938 ,
742 1914 751 1931 t
766 1905 822 1941 Ego
837 1913 901 1934 vero
918 1912 951 1933 ex
972 1905 1003 1932 il-

211 1954 300 1982 lorum
314 1952 524 1989 reprehensione
546 1952 645 1987 aliquid
674 1952 788 1987 amplius
814 1951 944 1979 accedere
969 1951 1003 1979 ad

212 1998 474 2028 commendationem
486 1997 610 2033 Origenis
625 1996 740 2026 aﬁirmo.
754 1997 861 2025 Etenim
883 1998 929 2032 qui
945 2004 1004 2025 om-

212 2046 258 2073 nia
273 2046 390 2080 undique
408 2045 640 2079 conquisiverunt,
655 2051 715 2079 quae
736 2043 948 2079 reprehensione
963 2043 1004 2070 di-

213 2098 266 2127 gna
279 2090 484 2123 existimabant,
501 2091 519 2118 ii
534 2095 609 2119 certe
625 2098 686 2119 cum
699 2090 775 2118 illum
790 2090 902 2117 minime
917 2096 1004 2125 repre-

213 2137 360 2165 henderint
383 2142 510 2172 tanquam
529 2137 563 2164 de
579 2136 711 2171 Trinitate
725 2136 795 2166 male
820 2136 982 2165 sentientem
994 2155 1003 2169 ,

213 2188 297 2211 recte
313 2191 345 2212 ac
368 2184 481 2212 sinceris
497 2183 605 2219 pietatis
621 2184 805 2212 testimonium
822 2185 846 2212 ei
864 2184 1004 2219 perhibere

220 2229 443 2258 manifestissime
457 2230 663 2258 convincuntur.
688 2240 698 2257 ι
720 2230 883 2266 Theophilus
895 2231 1003 2267 quidem

1053 293 1094 320 nis
1121 294 1274 321 aeternitate
1299 296 1454 327 gustasset,
1486 290 1523 318 ita
1556 294 1627 318 esset
1662 290 1763 318 eodem
1797 297 1839 317 or-

1052 339 1114 366 dine
1151 337 1286 373 passionis
1319 338 1401 365 etiam
1441 336 1578 364 diabolum
1617 335 1838 370 redempturus:

1051 386 1113 421 quia
1142 386 1193 413 hoc
1210 384 1325 412 bonitati
1338 383 1410 411 illius
1430 383 1577 418 pietatique
1601 387 1787 417 congrueret,
1813 387 1840 409 ut

1051 432 1096 467 qui
1121 431 1253 468 perditum
1280 429 1416 458 hominem
1454 428 1650 461 reformasset,
1684 428 1839 463 prolapstm

1052 485 1159 513 quoque
1183 476 1307 512 angelum
1337 476 1473 503 liberaret.
1502 484 1513 501 ο
1539 474 1568 502 Si
1592 475 1762 502 constitisset
1787 479 1840 502 tam

1053 526 1133 560 impie
1165 525 1282 552 sensisse
1313 523 1457 557 Origenem
1485 523 1519 550 de
1547 522 1676 557 primario
1707 522 1840 549 Christia-

1053 571 1130 597 lllSllll
1159 570 1247 604 capite
1266 590 1274 602 ,
1308 576 1405 604 nempe
1432 569 1464 596 de
1491 568 1542 596 SS.
1569 567 1704 595 Trinitate
1722 588 1731 599 .
1761 573 1841 602 atque

1053 617 1231 652 llieronymus
1243 616 1343 650 aliique
1363 615 1563 648 obtenderunt;
1582 622 1647 642 sane
1667 614 1841 649 Theophilus

1052 671 1112 690 cum
1129 670 1182 689 suae
1195 661 1278 696 partis
1294 661 1446 696 episcopis,
1463 660 1509 695 qui
1528 667 1623 687 omnes
1645 660 1762 694 angulos
1780 659 1842 686 scri-

1052 715 1158 744 ptorum
1175 708 1300 743 Origenis
1317 708 1406 734 rimati
1420 712 1492 738 sunt,
1508 711 1537 734 ut
1550 706 1734 734 accusationis
1746 712 1840 732 ansam

1058 756 1227 787 invenirent,
1249 755 1367 788 illudque
1392 754 1516 789 inprimis
1551 753 1577 780 in
1603 752 1693 780 animo
1714 752 1843 779 habuisse

1054 802 1177 828 videntur
1202 805 1231 827 ut
1244 800 1434 827 Adamantium
1446 799 1535 833 (cujus
1558 799 1720 826 auctoritate
1746 803 1842 826 contra

1053 848 1200 875 Ecclesiam
1219 847 1322 874 factiosi
1339 847 1464 874 monachi
1490 845 1680 880 abuterentur)
1703 845 1731 873 in
1758 845 1843 873 niaxi-

1055 903 1126 921 Illum
1143 894 1280 921 hominum
1303 893 1393 920 odium
1410 893 1587 925 inducerent.
1606 893 1685 920 istam
1707 893 1844 927 pracipue

1054 940 1248 974 ejnshaaresim
1264 939 1353 974 palam
1377 939 1504 967 omnibus
1527 938 1735 974 exposuissent;
1753 942 1844 973 utpote

1053 994 1112 1021 qua:
1127 994 1157 1013 ea
1172 990 1250 1013 aetate
1265 993 1320 1020 pra:
1334 985 1395 1012 aliis
1410 986 1537 1012 omnibus
1557 984 1708 1013 haresibus
1727 984 1844 1012 maxime

1055 1031 1133 1064 idque
1145 1029 1207 1063 jure
1222 1029 1318 1056 merito
1333 1027 1482 1055 Catholicis
1502 1035 1584 1055 exosa
1603 1027 1664 1055 fuit.
1687 1027 1744 1055 Sed
1761 1027 1845 1062 probe

1054 1080 1152 1103 norunt
1164 1075 1287 1102 homines
1301 1074 1374 1101 cauti
1399 1073 1478 1101 istam
1501 1073 1718 1101 criminationem
1736 1073 1774 1100 ab
1790 1072 1845 1100 Ori-

1053 1123 1127 1156 genis
1140 1121 1329 1148 defensoribus
1345 1119 1473 1147 facillime
1489 1119 1611 1154 potuisse
1623 1118 1711 1146 refelli
1724 1126 1762 1145 ex
1780 1119 1843 1153 ipsis

1052 1169 1177 1205 Origenis
1192 1168 1300 1203 scriptis
1315 1166 1472 1194 indubitatis
1483 1175 1490 1199 ;
1502 1165 1615 1200 proinde
1627 1165 1716 1199 ipsam
1732 1169 1844 1200 prater-

1054 1216 1201 1248 mittentes,
1217 1214 1250 1241 de
1268 1213 1328 1240 aliis
1341 1212 1486 1247 capitibus,
1512 1211 1539 1238 in
1562 1211 1660 1246 quibus
1685 1211 1844 1239 Chalcento

1054 1271 1099 1290 rns
1114 1262 1185 1289 haud
1203 1262 1239 1289 ita
1265 1260 1344 1288 facile
1369 1259 1473 1287 defendi
1497 1262 1618 1293 poterat,
1642 1258 1843 1285 accusationem

1053 1317 1128 1336 suam
1147 1308 1281 1343 praecipue
1295 1306 1481 1333 instituerunt.
1501 1304 1583 1331 Addit
1600 1303 1702 1331 ibidem
1726 1303 1843 1331 Severus

1053 1358 1123 1390 quod
1138 1356 1248 1390 Origcui
1281 1354 1307 1380 in
1335 1353 1381 1380 illo
1407 1351 1520 1379 concilio
1545 1350 1680 1384 obiectum
1707 1349 1779 1382 fuit,
1799 1357 1843 1377 sua

1055 1402 1189 1429 sententia
1214 1408 1328 1427 errorem
1345 1399 1437 1431 fuisse,
1452 1407 1503 1426 non
1521 1398 1657 1425 heresim:
1671 1397 1752 1432 atqui
1773 1396 1844 1424 Aria-

1062 1457 1125 1476 nnm
1152 1450 1245 1482 dogma
1266 1454 1314 1481 pro
1339 1445 1434 1473 ha’resi
1466 1444 1688 1481 pestilentissima
1715 1443 1845 1471 habuisse

1053 1496 1181 1522 Severum
1197 1498 1319 1525 constat;
1348 1493 1504 1526 neutiquam
1533 1491 1616 1526 igitur
1640 1490 1797 1518 Arianismi
1819 1490 1845 1517 in

1053 1540 1228 1568 conciliabulo
1244 1540 1295 1566 isto
1319 1538 1483 1573 arguebatur
1497 1537 1637 1573 Origenes.
1662 1535 1779 1568 Tertio,
1799 1536 1844 1563 ob-

1053 1589 1233 1616 servationem
1254 1591 1410 1618 merentur,
1427 1592 1487 1619 quae
1500 1583 1635 1611 Eusebius
1658 1582 1736 1610 Hist.
1755 1583 1844 1610 accisa.

1054 1636 1101 1663 lib.
1119 1642 1154 1667 vt,
1171 1641 1229 1668 cap.
1243 1633 1277 1664 2.
1294 1633 1343 1660 sub
1365 1631 1462 1664 ﬁnem,
1486 1632 1520 1658 de
1545 1629 1698 1658 c0nstantia
1719 1628 1846 1665 Origenis

1057 1684 1082 1709 in
1099 1682 1249 1708 orthodoxa
1274 1679 1326 1706 ﬁde
1346 1678 1487 1705 retinenda
1511 1681 1623 1709 narrat,
1646 1676 1705 1705 haec
1729 1676 1846 1711 subjun-

1054 1732 1118 1758 gcns
1128 1722 1295 1753 εΦυλάττων,
1310 1721 1406 1756 inquit,
1422 1720 1451 1752 ἐξ
1461 1719 1500 1746 ἔτι
1510 1719 1604 1751 παιδὸς
1615 1719 1717 1746 κανόνα
1734 1719 1848 1754 Tuli;-

1055 1771 1129 1802 σίας,
1146 1767 1350 1804 βδελυττόμενός
1372 1776 1400 1793 τε
1421 1767 1458 1799 ὡς
1477 1766 1552 1802 αὐτῷ
1575 1765 1678 1802 ῥήματί
1700 1766 1774 1801 φησί
1796 1774 1846 1793 πω

1053 1817 1144 1848 αὐτὸς,
1160 1816 1209 1847 τὰς
1224 1814 1277 1842 τῶν
1294 1814 1423 1850 αἱρέσεων
1438 1812 1620 1845 διδασκαλίας.
1638 1813 1664 1840 id
1682 1818 1736 1846 est,
1762 1824 1772 1839 ι
1790 1813 1849 1841 Ser-

1056 1870 1121 1889 rans
1146 1861 1271 1889 Ecclesiae
1296 1859 1415 1894 regulam
1428 1860 1484 1894 jam
1507 1860 1569 1887 inde
1590 1868 1605 1887 a
1637 1868 1734 1894 puero,
1760 1867 1799 1893 et,
1820 1867 1848 1888 ut

1055 1910 1167 1943 ipsemet
1180 1907 1277 1934 alicubi
1297 1906 1432 1941 loquitur,
1456 1906 1599 1933 bacresium
1617 1905 1762 1934 doctrinas
1783 1907 1849 1934 abo-

1056 1955 1171 1982 ininans.
1188 1964 1196 1979 ι
1210 1953 1281 1981 Sane
1298 1960 1376 1981 nemo
1390 1953 1415 1979 in
1432 1952 1544 1980 historia
1557 1952 1745 1980 ecclesiastica
1759 1960 1848 1981 versa-

1055 2005 1097 2026 tus
1112 1999 1215 2027 nescire
1234 2003 1333 2034 potest,
1353 1997 1496 2032 Origenem
1514 2005 1562 2032 pro
1583 1997 1717 2026 catholica
1734 1998 1790 2027 ﬁde
1803 2000 1846 2027 ad-

1056 2053 1149 2072 versus
1163 2046 1356 2071 subnascentes
1370 2051 1418 2070 sua
1435 2048 1514 2070 :etate
1531 2043 1650 2070 hareses
1669 2051 1848 2080 quascunque

1056 2090 1212 2124 primarium
1226 2098 1259 2117 ac
1274 2090 1342 2124 peiie
1358 2098 1466 2118 unicum
1477 2090 1560 2119 fuisse
1574 2091 1704 2119 Ecclesia
1717 2093 1849 2128 pugilem.

1056 2137 1166 2164 Scilicet
1182 2137 1396 2172 quotiescunquc
1412 2142 1439 2165 et
1456 2137 1610 2172 ubicunque
1621 2138 1745 2166 surrexit
1759 2140 1847 2167 hare-

1057 2186 1125 2210 ticus
1140 2183 1248 2218 aliquis.
1264 2184 1311 2218 qui
1328 2189 1464 2218 receptam
1481 2184 1507 2211 in
1524 2184 1643 2212 Ecclesia
1659 2184 1744 2213 ﬁdem
1768 2193 1849 2214 ausus

1056 2235 1096 2257 est
1111 2230 1284 2265 impugnare,
1306 2238 1369 2257 mox
1392 2231 1425 2257 ad
1451 2239 1535 2258 unum
1558 2231 1703 2267 Origenem
1725 2240 1849 2261 recurre—

213 2275 394 2311 Epiuoiaruut
414 2277 578 2311 paschalium
599 2280 633 2305 ab
648 2277 812 2313 Hieronymo
836 2277 932 2306 Latine
945 2285 1005 2306 ver-
1023 2280 1043 2306 D
1059 2278 1147 2309 batur,
1161 2277 1206 2311 qui
1219 2277 1293 2304 velut
1309 2277 1376 2304 alter
1390 2277 1488 2310 David,
1500 2276 1655 2305 Goliathum
1671 2277 1752 2306 illum
1769 2287 1845 2307 excr-

215 2330 306 2350 sarum
323 2343 331 2356 .
356 2331 416 2359 quae
441 2329 496 2351 tum
522 2324 549 2351 in
570 2331 665 2360 magna
684 2323 851 2352 Bibliotheca
870 2324 1001 2357 Patrum,

214 2373 271 2395 tum
286 2369 357 2396 inter
378 2377 460 2404 opera
486 2370 644 2406 Hieronymi
659 2371 739 2398 hodie
752 2376 871 2403 exstant.
888 2371 1001 2406 epistola

213 2412 300 2447 prima
324 2414 358 2449 (si
386 2414 452 2442 ﬁdes
478 2414 640 2451 Hieronymo
663 2416 786 2444 habenda
805 2416 852 2451 sit)
879 2415 1002 2450 qua-tiam

214 2458 338 2494 Origenis
356 2465 446 2488 errata
470 2461 504 2488 de
522 2460 654 2489 Trinitate
680 2462 862 2497 reprehendit.
881 2462 935 2489 Sed
952 2463 1002 2490 ista

215 2505 289 2532 nullo
314 2507 422 2541 negotio
438 2506 501 2534 dilui
525 2507 688 2541 potuissent.
711 2507 735 2534 si
759 2508 793 2535 iis
804 2515 875 2535 nunc
889 2515 1002 2536 vacare-

214 2558 286 2578 mus.
307 2550 501 2580 Certe-autern
514 2551 650 2588 Sulpicius
668 2553 797 2586 Severus,
810 2554 921 2589 optima:
939 2553 1001 2581 ﬁdei

214 2596 371 2630 historicus,
385 2596 486 2633 Dialog.
504 2606 524 2631 ι,
535 2606 596 2634 cap.
616 2599 646 2632 3,
667 2598 806 2627 historiam
822 2599 942 2632 concilii,
955 2607 1004 2635 per

215 2641 396 2677 Theophilum
409 2643 467 2670 suis
482 2643 647 2677 temporibus
661 2644 790 2672 adversus
803 2643 929 2679 Origenis
939 2644 1004 2672 scri-

214 2694 261 2723 pta
273 2689 441 2724 congregati,
470 2697 585 2718 narrans
599 2711 606 2722 ,
629 2690 687 2718 hac
701 2690 818 2718 scribit:
836 2699 846 2717 ι
874 2690 942 2718 Cum
968 2691 1002 2718 ab

214 2735 348 2771 episcopis
365 2739 494 2771 excerpta
518 2736 545 2763 in
559 2735 637 2764 libris
654 2737 727 2765 illius
742 2737 826 2765 multa
840 2738 1001 2772 legerentur,

216 2788 278 2816 quae
300 2786 396 2809 contra
416 2781 579 2810 catholicam
594 2782 674 2810 ﬁdem
688 2784 789 2819 scripta
804 2790 954 2816 constaret,
965 2785 1004 2812 lo-

214 2835 263 2855 cus
283 2827 328 2855 ille
338 2827 380 2868 vel
390 2829 535 2856 maximam
555 2829 669 2864 parabat
685 2830 827 2864 invidiam,
840 2831 867 2857 in
881 2838 940 2866 quo
951 2831 1003 2858 edi-

215 2878 273 2901 tutn
295 2874 444 2910 legebatur,
462 2876 525 2911 quia
552 2875 681 2904 Dominus
695 2875 776 2904 Jcsus
790 2898 796 2909 ,
812 2877 882 2904 sicut
898 2884 945 2911 pro
959 2884 1001 2903 re-

216 2920 368 2955 demptione
385 2918 502 2950 hoininis
521 2923 547 2950 in
570 2931 653 2952 carne
668 2923 785 2952 venisset
802 2943 810 2958 ,
826 2931 934 2952 crucem
954 2931 1004 2959 pro

1054 2324 1138 2350 citum
1154 2323 1260 2351 Domini
1285 2324 1480 2351 conviciantem
1505 2324 1585 2351 funda
1609 2331 1658 2351 sua
1682 2325 1845 2354 adoriretur.

1055 2368 1109 2395 imo
1123 2369 1155 2394 ad
1176 2368 1332 2402 bujusmodi
1354 2370 1521 2402 certamina,
1543 2377 1598 2404 pra:
1612 2370 1740 2399 veritatis
1759 2379 1847 2400 amore

1055 2421 1080 2441 ct
1095 2415 1151 2442 zelo
1166 2415 1204 2449 (in
1218 2416 1269 2442 hoc
1285 2415 1367 2442 etiam
1383 2415 1475 2442 Davidi
1488 2415 1595 2450 similis)
1614 2423 1677 2443 sese
1692 2416 1770 2445 ultro
1784 2416 1844 2445 ole-

1056 2462 1140 2488 rebat.
1159 2460 1292 2496 Equidem
1319 2469 1399 2489 nemo
1414 2469 1531 2496 unquam
1546 2462 1632 2497 magis
1648 2470 1739 2497 quam
1755 2463 1842 2498 Orir-

1056 2515 1105 2534 nes
1118 2508 1170 2534 dici
1193 2507 1291 2534 meruit
1316 2508 1436 2535 omnium
1461 2508 1649 2536 haereticorum
1667 2508 1797 2537 malleus.
1806 2509 1842 2537 Ad

1057 2554 1194 2580 immotam
1210 2558 1301 2580 autem
1326 2554 1388 2581 ﬁdei
1411 2554 1531 2589 regulam
1548 2553 1687 2588 pertinere
1703 2554 1845 2590 dogmati:

1055 2608 1119 2627 vera
1144 2600 1203 2627 Filii
1217 2599 1370 2632 divinitate,
1387 2607 1494 2635 semper
1509 2599 1640 2635 judicavit
1652 2600 1846 2630 catholiaﬁc-

1055 2647 1149 2673 clesia.
1168 2646 1258 2681 Neque
1276 2647 1354 2675 aliter
1377 2648 1462 2674 sensit
1482 2647 1621 2683 Origenes.
1638 2646 1709 2675 Nam
1732 2648 1763 2676 in
1779 2647 1842 2675 Pr:-

1056 2693 1101 2719 fal.
1126 2693 1253 2719 librorum
1281 2693 1351 2727 Περὶ
1374 2693 1475 2728 ἀρχῶν
1494 2693 1600 2721 num.‘
1616 2693 1735 2730 (citant:
1770 2693 1844 2724 Pan-

1056 2739 1128 2773 pliilu
1145 2740 1171 2766 in
1188 2740 1328 2775 Apologia,
1356 2748 1417 2775 cap.
1433 2740 1460 2773 i,
1471 2747 1530 2776 pag.
1553 2740 1613 2776 ευ).
1629 2741 1760 2777 dogmata
1779 2741 1842 2770 scitu

1056 2791 1082 2812 ct
1095 2786 1198 2813 ('I'Cilllu
1215 2787 1369 2813 necessaria
1383 2794 1398 2813 a
1418 2794 1472 2814 non
1486 2787 1649 2815 necessariis
1662 2787 1841 2823 distinguens.

1056 2832 1126 2859 inter
1142 2833 1293 2860 necessaria
1311 2833 1370 2860 haec
1395 2834 1469 2868 ponit
1489 2841 1496 2858 :
1520 2842 1542 2859 ι·
1557 2833 1653 2862 Primo
1678 2835 1757 2868 quod
1778 2841 1841 2861 unus

1055 2883 1097 2904 cst
1114 2879 1194 2911 Dcus,
1217 2879 1262 2912 qui
1279 2879 1370 2906 omnia
1393 2879 1505 2907 creavit.
1525 2888 1535 2905 ι
1559 2895 1594 2900 -
1622 2888 1633 2905 ι
1657 2878 1730 2907 Tum
1751 2879 1841 2907 det-it

1055 2925 1124 2959 quod
1137 2925 1215 2953 Jcsus
1226 2924 1349 2953 Christus
1361 2929 1423 2953 ante
1435 2932 1542 2954 omnem
1552 2929 1707 2954 creaturam
1719 2930 1804 2954 natas
1811 2930 1838 2951 ei
