3838 6222
239 321 269 374 -1
281 319 384 375 529

1246 319 1333 372 EX
1371 320 1433 373 (ἱ.
1478 319 1676 374 BULLI
1720 318 1869 372 UEF.
1909 318 2084 376 FIDEI
2130 319 2444 374 NIC/ENAE.

3307 323 3443 378 I550

228 437 386 493 Patre
409 448 509 490 est.
547 455 566 488 ι
595 469 660 476 -
692 457 710 489 ι
744 436 1056 491 Incarnatus
1083 447 1163 490 est
1203 452 1324 491 cum
1351 437 1486 490 Deus
1509 448 1652 491 esset
1676 479 1689 496 ,
1725 449 1774 490 et
1807 444 1848 495 A
1884 438 2057 492 laestra
2100 442 2356 494 adversus
2405 440 2684 495 hzereticos
2721 440 3049 509 adduxerat,
3093 444 3273 498 statim
3316 445 3436 499 ista,

231 529 392 582 homo
425 527 596 582 factus
642 527 838 581 mansit
888 529 1029 596 quod
1067 527 1208 582 Deus
1252 538 1393 581 erat.
1428 547 1446 578 ι
1481 559 1548 568 -
1595 548 1612 580 ι
1649 527 1782 582 Tum

229 621 420 674 deinde
466 619 672 674 honore
703 634 766 673 ac
795 619 1058 689 dignitate
1091 618 1236 672 Patri
1284 629 1339 673 ct
1363 619 1497 674 Filio
1521 621 1781 674 sociatum

230 727 350 766 esse
376 709 639 780 Spiritum
688 721 957 766 sanctum.
998 728 1016 762 ι
1061 711 1205 766 Inter
1249 711 1501 780 dogmata
1541 727 1645 767 non
1691 728 1785 767 ne-

230 803 483 866 cessaria,
533 803 647 858 sive
675 802 1001 872 problemata
1029 842 1045 868 ,
1091 818 1229 872 qute-
1261 804 1502 858 modeste
1539 815 1593 859 et
1637 805 1781 859 salva

230 909 360 961 pace
385 893 749 948 ecclesiastica
781 894 831 947 in
869 904 1150 962 utramque
1183 905 1388 965 partem
1418 897 1673 966 disputari
1698 914 1783 968 po-

231 993 426 1048 terant,
460 994 705 1040 numerat
735 986 930 1042 ibidem
957 991 1279 1055 quaestiones
1305 1031 1319 1055 ,
1357 989 1420 1043 de
1458 999 1697 1058 tempore
1728 1001 1782 1045 et

227 1077 387 1131 modo
412 1077 701 1133 creationis
727 1077 1059 1148 angelorum,
1092 1079 1157 1130 de
1188 1079 1319 1144 sole,
1352 1079 1474 1132 luna
1509 1089 1563 1133 et
1592 1081 1779 1146 stellis,

231 1178 411 1222 utrum
448 1169 776 1238 animantia,
811 1183 877 1223 an
911 1171 1154 1224 exanima
1188 1173 1318 1234 sint,
1351 1181 1456 1225 etc.
1503 1170 1559 1226 In
1610 1174 1782 1228 istius-

229 1260 371 1315 modi
419 1261 626 1316 scilicet
678 1261 1062 1331 quaestionibus
1131 1262 1514 1330 discutiendis,
1562 1263 1777 1318 nimiam

227 1351 462 1408 fortasse
484 1353 786 1430 libertatem
819 1353 920 1406 sibi
946 1353 1167 1407 indulsit
1189 1352 1446 1424 Origenes
1479 1371 1492 1406 :
1520 1356 1584 1408 ad
1614 1355 1775 1411 altera

225 1459 354 1499 vero
402 1445 488 1498 illa
521 1446 770 1515 dogmata
810 1445 954 1513 quod
1006 1446 1231 1509 attinet,
1274 1461 1302 1498 a
1353 1445 1472 1500 ﬁdei
1515 1447 1690 1515 regula
1722 1447 1775 1500 in

227 1535 460 1591 Ecclesia
492 1536 595 1591 lixa
625 1545 679 1591 et
703 1535 936 1590 stabilita
968 1537 1049 1592 vel
1080 1537 1245 1590 latum
1273 1554 1503 1607 unguem
1530 1542 1776 1595 recedere

225 1625 327 1694 ipsi
359 1627 543 1697 religio
567 1626 687 1680 fuit.
721 1626 955 1693 Quarto,
989 1629 1166 1698 magni
1194 1642 1314 1682 esse
1341 1630 1594 1696 ponderis
1647 1631 1773 1684 mihi

225 1719 435 1774 videtur
465 1729 862 1796 argumentum,
915 1729 1183 1787 utcunque
1232 1721 1401 1790 ipsum
1446 1734 1774 1792 contempse-

222 1808 291 1864 rit
347 1809 687 1887 doctissimus
725 1809 946 1864 Huetius
980 1810 1046 1874 "’,
1087 1808 1391 1865 Bellarmini
1439 1811 1598 1882 (quod
1648 1815 1768 1868 alibi

219 1901 394 1956 obiter
418 1902 712 1972 attigimus)
748 1902 834 1970 qui
880 1901 1195 1957 catholicum
1241 1902 1404 1957 fuisse
1452 1904 1503 1957 in
1543 1904 1645 1959 hoc
1684 1920 1771 1959 ar-

220 1992 382 2049 ticulo
410 1993 695 2064 Origenem
727 1994 846 2048 inde
884 1995 1108 2062 probat;
1163 1993 1303 2062 quod
1343 2009 1472 2048 sana
1501 2005 1555 2048 et
1595 1995 1772 2049 ortho-

217 2083 353 2138 doxa
383 2083 542 2138 fuerit
574 2085 918 2155 praeceptoris
957 2084 1128 2154 ipsius
1164 2085 1475 2149 Clementis,
1507 2095 1561 2140 et
1608 2085 1769 2142 disci-

215 2173 458 2244 pulorum
484 2176 720 2248 Dionysii
750 2177 1095 2232 Alexandrini
1137 2189 1191 2231 et
1227 2177 1469 2248 Gregorii
1496 2179 1761 2233 Thauma-

216 2268 375 2338 turgi,
427 2268 493 2322 de
541 2269 796 2340 mysterio
837 2268 937 2323 SS.
971 2267 1255 2324 Trinitatis
1299 2269 1497 2338 Opinio.
1540 2271 1619 2324 Ad
1652 2271 1770 2325 Cle-

212 2371 446 2420 mentem
473 2361 612 2416 euim
644 2363 785 2430 quod
814 2361 1027 2424 attinet,
1064 2376 1221 2430 supra
1242 2401 1258 2426 ,
1289 2362 1376 2416 tibi
1406 2363 1472 2416 de
1517 2362 1633 2431 ejus
1666 2362 1770 2419 ﬁde

212 2471 448 2526 agerem,
477 2452 882 2511 evidentissitue
927 2453 1174 2525 probavi,
1206 2468 1234 2506 a
1263 2455 1474 2508 nemine
1511 2470 1669 2524 quam
1702 2458 1768 2511 ab

214 2549 330 2618 ipso
361 2549 682 2604 catholicam
711 2549 1010 2602 doctrinam
1047 2548 1109 2602 de
1138 2545 1405 2620 ὁμοουσεῳ
1433 2546 1626 2603 Triade
1659 2547 1768 2601 cla-

211 2642 324 2696 rius
355 2641 590 2712 agnitam
623 2650 714 2694 aut
758 2641 1097 2710 praedicatam
1150 2640 1336 2694 fuisse.
1367 2641 1507 2695 Ideni
1552 2644 1617 2696 de
1645 2643 1766 2699 Ale-

210 2732 476 2786 xandrino
513 2731 767 2802 Dionysio
814 2739 867 2782 et
906 2728 1164 2798 Gregorio
1208 2728 1604 2801 Thaumaturgo
1653 2736 1764 2804 (ut«

209 2837 421 2892 cunque
441 2821 645 2878 duobus
679 2820 926 2874 maximis
973 2818 1280 2873 nominibus
1311 2819 1524 2874 Arianae
1574 2821 1763 2892 impie-

213 2913 336 2966 tatis
363 2922 540 2966 notam
568 2910 850 2974 inusserit,
879 2909 931 2962 iti
957 2909 1039 2963 sui
1075 2909 1307 2963 nominis
1332 2906 1608 2963 infamiam
1630 2951 1644 2974 ,
1675 2909 1763 2965 Je-

207 3003 348 3057 suita
377 3002 646 3069 Petavius)
672 3000 808 3055 infra
837 3016 986 3070 teque
1016 3000 1161 3055 clare
1203 3001 1570 3057 ostendemus.
1627 3003 1761 3070 Quid

207 3091 428 3146 autem?
457 3093 534 3144 An
558 3089 848 3144 verisimile
880 3089 986 3154 sit,
1012 3089 1098 3158 qui
1126 3098 1230 3141 tam
1271 3089 1586 3145 catholicum
1612 3107 1674 3146 eo
1708 3095 1760 3146 in
1791 3121 1833 3179 ο

205 3183 433 3239 articqu
475 3184 818 3250 magistrum,
882 3181 974 3250 qui
1038 3189 1146 3235 tam
1199 3182 1524 3236 ortliodoxos
1583 3183 1767 3240 habuit

206 3273 514 3343 discipulos,
552 3274 642 3342 qui
678 3273 838 3328 etiam
870 3273 1179 3342 magistrum
1220 3288 1396 3337 suum,
1424 3283 1480 3326 ut
1510 3285 1767 3343 praestan-

209 3367 472 3421 tissimum
497 3364 748 3420 Ecclesiae
775 3365 1049 3419 doctorem
1094 3378 1306 3432 semper
1338 3365 1583 3418 admirati
1619 3377 1762 3432 sunt,

205 3457 260 3512 in
286 3459 398 3526 ipso
425 3457 652 3511 articulo
705 3457 1013 3510 luereticum
1055 3455 1252 3510 fuisse?
1303 3457 1521 3522 Quinto,
1574 3460 1764 3514 deinde

213 3549 362 3604 mille
392 3549 563 3604 instar
592 3549 804 3603 testium
837 3549 901 3601 de
941 3547 1190 3617 Origenis
1236 3547 1288 3601 in
1331 3549 1429 3601 hac
1473 3552 1764 3616 quaestione

202 3641 481 3715 ὀρθοδοξίᾳ
532 3655 651 3695 esse
704 3641 859 3694 debet
904 3653 1128 3708 magnus
1173 3639 1529 3703 Athanasius;
1581 3642 1668 3708 qui
1710 3641 1760 3693 in

205 3736 338 3790 libro
361 3734 433 3788 De
469 3733 652 3803 synodi
681 3729 910 3784 Niccena:
939 3731 1156 3784 decretis
1177 3731 1244 3798 ⁸⁸,
1271 3732 1500 3785 sensisse
1520 3747 1638 3784 cnin
1660 3731 1760 3785 Pa-

205 3828 376 3882 tribus
400 3825 628 3879 Nicaenis
667 3822 951 3892 Origenem
1002 3823 1068 3876 de
1119 3837 1243 3876 vera
1295 3833 1349 3877 et
1393 3835 1593 3878 aeterna
1639 3824 1757 3879 F.lii

201 3921 503 3980 divinitate,
535 3918 730 3971 diserte
759 3924 1006 3977 testatur,
1042 3915 1177 3986 Περὶ
1209 3915 1264 3968 δὲ
1294 3914 1400 3969 τῶν
1432 3915 1646 3987 (inquit)
1672 3918 1751 3970 ἀῖ-

198 4012 325 4074 δίως
352 4013 580 4063 συνεῖναι
611 4009 699 4061 τὸν
724 4008 892 4075 Λόγον
912 4007 987 4078 τῷ
1007 4007 1179 4077 Πατρὶ
1217 4008 1308 4059 καὶ
1341 4008 1412 4077 μὴ
1441 4006 1630 4077 ἐτέρας
1665 4007 1756 4060 οὐ-

201 4105 322 4167 σίας
365 4104 397 4173 ἢ
425 4102 788 4166 ὑποστάσεως,
815 4099 948 4153 ἀλλὰ
962 4100 1059 4169 τῆς
1087 4099 1181 4152 τοῦ
1209 4099 1418 4170 Πατρὸς
1443 4098 1568 4151 ἴδιον
1597 4099 1755 4152 αὑτὸν

198 4193 358 4260 εἶναι,
381 4195 456 4257 ὡς
487 4196 765 4264 εἰρήκασιν
809 4195 856 4246 οἰ
899 4195 956 4245 ὲν
998 4194 1064 4263 τῇ
1101 4190 1300 4260 συνόδῳ
1324 4229 1339 4255 ,
1367 4189 1565 4254 ἐξέστω
1593 4191 1753 4245 πάλιν

199 4291 345 4362 ἡμᾶς
374 4286 720 4341 ἀκοῦσαικαὶ
763 4285 912 4357 παρὰ
942 4283 1035 4337 τοῦ
1087 4283 1370 4354 φιλοπόνου
1425 4283 1745 4354 Ὠριγένους,

197 4383 253 4438 id
276 4391 377 4446 est,
404 4399 423 4433 ι
463 4378 696 4434 Verbum
729 4390 906 4432 autem
940 4377 1008 4431 ab
1046 4388 1248 4431 tetertio
1274 4391 1394 4430 esse
1416 4392 1534 4430 cum
1572 4375 1746 4439 Patre,

1805 1766 1849 1825 Β

1885 543 2004 599 quae
2035 531 2245 597 propria
2292 529 2462 598 ipsius
2505 538 2659 596 sunt,
2698 532 3010 598 subintulit,
3037 533 3238 588 dicens.
3277 553 3296 587 ι
3339 533 3439 606 De-

1885 620 2010 674 inde
2059 621 2192 674 eitat
2243 620 2500 675 illustrem
2547 622 2789 694 Origenis
2845 627 3161 680 sententiam
3212 627 3277 680 de
3317 626 3435 683 Filii

1883 711 2182 765 aeternitate
2230 723 2285 766 et
2311 714 2896 782 consubstantialitate;
2929 717 3011 771 cui
3042 726 3096 772 et
3119 718 3338 773 alteram
3369 734 3435 774 ex

1882 801 1988 856 alio
2037 801 2285 872 Origenis
2340 804 2476 859 libro
2529 804 2833 875 subiungit;
2879 824 2997 878 quae
3039 809 3158 862 loca
3211 811 3432 864 sectioni

1887 903 2084 948 nostrae
2118 895 2288 949 tertia:
2316 909 2674 952 reservamus.
2716 897 2856 953 Sane
2897 913 3071 954 autem
3103 916 3202 970 ego
3261 902 3435 956 nullus

1882 987 2098 1052 dubito,
2134 989 2261 1057 quin
2329 988 2623 1043 disserendi
2671 989 2758 1043 illa
2815 993 2972 1056 ratio,
3024 1007 3181 1060 quam
3236 991 3434 1061 ubique

1881 1079 1993 1134 fere
2041 1081 2094 1135 in
2137 1081 2352 1150 scriptis
2413 1083 2526 1137 suis
2582 1091 2796 1136 secutus
2841 1092 2923 1137 est
2981 1081 3274 1152 Origenes,
3323 1097 3430 1152 qua

1883 1188 2073 1244 nempe
2113 1174 2482 1234 haereticorum
2518 1174 2745 1244 placita,
2777 1175 3011 1244 ipsorum
3053 1175 3428 1229 hmreticorum

1879 1263 2031 1333 quasi
2083 1278 2364 1333 personam
2427 1264 2673 1329 induens,
2735 1265 2964 1335 primum
3023 1277 3428 1334 repraesentare,

1878 1357 2067 1410 deinde
2100 1355 2418 1410 catholicam
2453 1355 2720 1425 explicare
2744 1357 3062 1411 sententiam
3092 1356 3277 1409 solitus
3310 1355 3426 1419 fuit,

1876 1465 2060 1503 ansam
2102 1450 2347 1518 inprimis
2374 1450 2576 1505 dederit
2597 1449 2854 1517 imperitis
2884 1458 2936 1502 et
2959 1447 3232 1502 malevolis
3254 1447 3425 1516 ipsum

1887 1539 2170 1609 Origenem
2207 1541 2428 1595 haeresis
2460 1539 2780 1605 accusandi,
2812 1539 2960 1609 quasi
3013 1539 3217 1592 scilicet
3259 1537 3429 1591 hatre-

1879 1631 1981 1685 tica
2015 1631 2099 1684 illa
2143 1647 2206 1685 ex
2255 1631 2434 1685 animo
2485 1631 2826 1686 defendisset.
2893 1629 2982 1683 Ait
3029 1643 3155 1682 vero
3205 1627 3429 1683 Huetius

1877 1721 2179 1791 Origenian.
2210 1722 2300 1776 lib.
2331 1739 2394 1786 ιι,
2426 1732 2613 1793 (ιυειξει.
2639 1722 2692 1783 2,
2730 1738 2877 1777 num.
2910 1722 2961 1787 5,
2992 1737 3111 1791 pag.
3157 1722 3278 1786 “9,
3302 1720 3425 1776 Ori-

1875 1813 2026 1877 genis
2052 1813 2369 1866 sententiam
2388 1829 2572 1878 parum
2588 1813 2878 1866 Athanasio
2896 1821 3210 1880 perspectam
3244 1813 3423 1880 fuisse.

1877 1903 1978 1957 Sed
2017 1903 2067 1956 in
2098 1918 2163 1957 eo
2193 1904 2435 1970 ignoscat
2477 1903 2631 1958 nobis
2665 1903 2746 1957 vir
2789 1904 3050 1965 eruditus,
3081 1903 3221 1971 quod
3269 1904 3427 1959 nihil-

1874 1995 2085 2048 ominus
2115 2009 2433 2063 persuasum
2467 1993 2759 2048 habeamus
2781 2033 2796 2059 ,
2835 1993 3126 2050 Athanasio
3156 1997 3428 2065 'episcopo

1874 2083 2266 2150 Alexandrino,
2349 2082 2592 2154 Origenis
2668 2082 3012 2138 Alexandrini
3102 2086 3428 2154 temporibus

1876 2183 1982 2228 tam
2015 2173 2216 2238 vicino,
2263 2177 2689 2246 scriptorumque
2726 2174 2841 2242 ejus
2891 2175 3227 2246 aliorumque
3277 2184 3423 2230 vete-

1873 2282 1991 2322 rum
2015 2268 2418 2338 diligentissimo
2444 2269 2642 2336 pariter
2665 2277 2718 2322 et
2736 2268 3194 2338 perspicacissimo
3215 2267 3422 2333 lectori,

1872 2358 2028 2430 longe
2065 2359 2257 2414 melius
2287 2369 2617 2428 perspectam
2668 2360 2833 2415 fuisse
2861 2359 3164 2414 Adamantii
3210 2369 3425 2414 senten-

1875 2452 2023 2514 tiam,
2048 2465 2208 2520 quam
2246 2451 2492 2519 cuiquam
2519 2465 2584 2505 ex
2627 2450 2779 2505 nobis
2814 2451 2949 2506 seris
2982 2449 3264 2516 nep0tibus
3301 2464 3425 2520 per-

1869 2550 2050 2610 specta
2084 2555 2206 2595 esse
2254 2541 2444 2610 possit.
2500 2539 2680 2609 Pergit
2717 2548 2894 2593 autern
2947 2539 3170 2594 IIuetius
3207 2556 3220 2592 :
3254 2557 3272 2590 ι
3305 2538 3422 2593 Non

1870 2648 2027 2702 nego,
2054 2632 2249 2702 inquit,
2295 2632 2407 2686 haec
2451 2632 2648 2686 dixisse
2672 2631 2995 2702 Origenem;
3046 2640 3102 2685 at
3147 2645 3213 2686 eo
3262 2645 3420 2685 sensu

1869 2724 2090 2788 dixisse,
2117 2739 2221 2793 quo
2250 2722 2462 2778 Niczena
2498 2723 2634 2776 dixit
2683 2722 2952 2793 synodus,
2991 2723 3041 2778 id
3083 2739 3212 2778 vero
3264 2723 3420 2777 fateri

1871 2829 1975 2872 non
2009 2829 2241 2885 possum.
2277 2834 2294 2867 ι
2343 2816 2548 2870 Rursus
2581 2815 2720 2879 dico,
2772 2816 2971 2868 nemini
3018 2815 3206 2880 melius
3247 2816 3422 2886 cogni-

1871 2917 1980 2960 tum
2022 2921 2142 2961 esse
2185 2907 2418 2974 patuisse
2458 2905 2646 2975 synodi
2698 2905 2923 2959 Nicaeum
2965 2920 3180 2959 sensum
3206 2947 3221 2969 ,
3259 2921 3420 2976 quam

1867 2996 2184 3059 Athanasio,
2205 2996 2294 3063 qui
2330 2997 2535 3064 synodo
2560 2993 2638 3048 illi
2666 2994 2776 3063 ipse
2803 2994 3064 3049 interfuit.
3105 2994 3250 3050 Idem
3292 3011 3422 3050 vero

1867 3089 2194 3143 Athanasius
2215 3096 2460 3153 testatur,
2481 3085 2759 3157 Origenem
2783 3099 2888 3141 tam
2910 3088 2978 3142 de
3000 3087 3117 3141 Filii
3137 3087 3217 3158 τῷ
3238 3090 3421 3159 ὁμοθυ-

1870 3182 1989 3253 σίῳ.
2013 3195 2171 3251 quam
2211 3180 2278 3235 de
2309 3180 2474 3248 ipsius
2502 3179 2578 3250 τῷ
2606 3181 2858 3250 συναῖδίῳ
2896 3196 3017 3233 cum
3052 3180 3298 3234 Patribus
3324 3179 3417 3234 Ni-

1865 3275 2032 3328 caanis
2057 3272 2278 3326 omnino
2317 3269 2568 3324 sensisse.
2609 3273 2687 3326 Ac
2709 3272 2776 3325 de
2809 3271 2927 3324 Filii
2953 3271 3165 3340 quidem
3204 3273 3420 3326 aeterni-

1865 3373 1998 3431 tate,
2023 3378 2206 3419 verum
2235 3362 2362 3416 illud
2407 3377 2527 3417 esse
2573 3377 2678 3416 non
2723 3361 3033 3416 diﬂitebitur
3064 3361 3322 3428 Iluetius;
3351 3363 3418 3418 de

1864 3454 2424 3511 consubstantialitate
2443 3469 2592 3520 vero,
2630 3455 2681 3509 id
2713 3455 2867 3509 fateri
2891 3468 2949 3509 se
2977 3470 3081 3508 non
3115 3469 3272 3524 posse
3303 3469 3417 3523 pro-

1863 3546 2064 3600 fitetur.
2090 3544 2250 3614 Atqui
2285 3559 2444 3614 supra
2485 3543 2606 3598 fuse
2643 3553 2697 3598 et
2722 3544 3020 3599 luculenter
3058 3546 3412 3611 ostendimus,

1859 3635 2055 3692 Filium
2081 3651 2185 3690 non
2207 3635 2315 3690 alio
2336 3649 2492 3691 sensu
2519 3636 2661 3691 Patri
2684 3636 2964 3707 ὁμοούσιον
2989 3636 3187 3692 dixisse
3208 3641 3414 3708 episco-

1860 3742 1958 3796 pos
1986 3726 2249 3792 Nicaenos,
2292 3741 2451 3794 quam
2477 3741 2586 3795 quo
2610 3727 2776 3781 Filius
2814 3729 3068 3782 statuitur
3105 3744 3264 3783 verus
3293 3745 3413 3784 esse

1858 3818 1998 3873 Deus
2033 3818 2251 3889 perinde
2278 3832 2340 3872 ac
2367 3816 2545 3882 Pater,
2576 3833 2678 3872 non
2713 3828 2908 3872 creatae
2925 3819 3149 3888 alicujus
3177 3830 3269 3875 aut
3295 3837 3412 3875 mu-

1857 3910 2038 3964 tabilis
2059 3910 2325 3965 essentiaz.
2353 3909 2528 3977 Atque
2549 3909 2650 3965 hoc
2673 3909 3038 3964 sensnFiIium
3058 3911 3202 3966 Patri
3227 3913 3412 3982 ὁμοσύ-

1856 4017 1968 4054 σιον
2007 4000 2288 4069 agnovisse
2314 3998 2622 4069 Origenem,
2649 4014 2746 4054 nos
2774 3999 2826 4053 in
2859 4001 2960 4056 hoc
2991 4003 3167 4072 capite
3195 4004 3408 4060 abunde

1852 4091 2218 4160 probavimus.
2250 4091 2328 4144 Ad
2356 4091 2681 4144 numericam
2702 4131 2717 4155 ,
2740 4106 2859 4161 qua:
2883 4093 3107 4158 dicitur,
3146 4095 3402 4150 unitatem

1851 4184 2164 4239 substantiae
2195 4183 2369 4238 Patris
2397 4193 2452 4236 et
2489 4182 2606 4238 Filii
2657 4186 2799 4253 quod
2846 4187 3039 4241 attinet
3080 4187 3262 4257 (quam
3310 4203 3406 4243 ne-

1849 4290 2001 4344 gasse
2044 4275 2328 4346 Origenem
2366 4274 2561 4329 ibidem
2596 4274 2670 4329 ait
2713 4274 2982 4346 Huetius),
3026 4294 3241 4346 possunt
3289 4281 3405 4334 evi-

1848 4371 2037 4424 denter
2063 4369 2344 4424 ostendere
2363 4406 2378 4431 ,
2410 4366 2690 4436 Origenem
2720 4367 2980 4422 unitatem
3010 4369 3152 4422 illam
3179 4381 3404 4427 eatenus

197 4488 296 4530 nec
323 4473 544 4528 alterius
594 4470 908 4526 substantiae
951 4468 1033 4523 vel
1080 4468 1418 4541 hypostasis,
1448 4469 1538 4522 sed
1583 4469 1747 4536 ipsius

1862 4460 2156 4528 ignovisse,
2209 4468 2477 4527 quatenus
2527 4459 2696 4527 ipsam
2762 4455 2981 4510 Patrum
3035 4458 3398 4528 antiquiorum

194 4577 429 4640 paternae
455 4565 766 4620 substantiae
813 4561 1084 4631 proprium
1134 4560 1278 4613 illum
1313 4572 1460 4622 esse,
1491 4559 1744 4627 quemad-

194 4660 409 4715 modum
436 4657 687 4712 dixerunt
712 4653 802 4723 qui
832 4651 1190 4707 interfuerunt
1219 4648 1450 4721 synodo,
1489 4647 1612 4702 licet
1641 4664 1740 4702 no-

187 4753 275 4807 bis
323 4767 512 4805 rursus
566 4749 751 4802 audire
789 4747 946 4800 etiam
992 4759 1057 4799 ex
1115 4743 1379 4798 laborioso
1426 4739 1672 4812 Origene.
1713 4758 1734 4792 ι

188 4842 384 4896 Ibidem
414 4852 628 4902 autem,
680 4838 989 4907 priusquam
1039 4836 1151 4904 ipsa
1202 4833 1449 4903 Origenis
1499 4833 1735 4886 testimo-

187 4934 274 4987 nia
304 4931 537 4995 adducit,
578 4929 775 4983 fatetur
800 4928 1150 4989 Athanasius,
1185 4925 1460 4994 prazmissa
1488 4925 1728 4994 quaedam

185 5028 253 5083 ab
278 5027 506 5094 Origene
533 5024 697 5078 fuisse
721 5024 773 5076 in
799 5023 915 5076 loco
947 5038 975 5075 a
1005 5036 1061 5076 se
1087 5022 1316 5090 primum
1342 5019 1573 5082 citando,
1615 5033 1731 5087 qum

185 5136 328 5176 sanae
356 5121 612 5173 doctrinae
643 5129 940 5187 repugnare
988 5114 1294 5168 viderentur
1324 5127 1336 5160 :
1382 5111 1474 5165 sed
1502 5110 1603 5171 ait,
1643 5108 1728 5162 illa

187 5209 529 5280 disputantis,
561 5223 665 5261 non
710 5204 1067 5261 asseverantis
1110 5217 1258 5257 more
1302 5202 1368 5254 ab
1408 5216 1472 5255 eo
1523 5201 1726 5269 prolata

188 5301 351 5353 fuisse
383 5317 396 5352 :
436 5311 554 5366 quae
577 5309 704 5350 vero
741 5295 853 5363 ipse
880 5291 1064 5358 aﬂ'ert,
1109 5290 1264 5359 plane
1299 5289 1581 5358 genuinam
1608 5286 1729 5344 Ori-

183 5391 333 5458 genis
389 5388 707 5443 sententiam
759 5385 1053 5439 continere.
1093 5381 1227 5436 Mat‘
1272 5375 1364 5433 οὖν
1413 5377 1628 5449 (inquit)
1660 5381 1727 5435 τὰ

179 5482 253 5546 ὡς
282 5484 338 5536 ὲν
366 5479 640 5552 γυμνασίᾳ
670 5477 933 5546 λεγόμενα
961 5475 1094 5546 πρὸς
1121 5475 1246 5535 τοὺς
1279 5472 1581 5543 αἱρετικοὺς
1599 5513 1614 5537 ,
1639 5473 1727 5526 εὑ-

177 5575 270 5639 θὺς
313 5575 475 5638 αὐτὸς
525 5571 770 5641 ἐπιφέρει
807 5571 874 5622 τὰ
923 5568 1047 5634 ῐδια,
1100 5566 1270 5633 λέγων
1300 5563 1498 5628 οὕτως,
1531 5564 1582 5618 id
1618 5574 1720 5627 est,

181 5685 199 5718 ι
236 5667 363 5722 Post
388 5667 474 5720 illa
501 5679 627 5735 ergo
647 5703 662 5728 ,
693 5677 811 5731 qua:
840 5659 1078 5715 certandi
1107 5657 1272 5726 gratia
1323 5657 1476 5724 quasi
1523 5656 1576 5708 in
1621 5669 1715 5722 pa-

1849 4550 2152 4619 quisquam,
2182 4550 2420 4617 adeoque
2457 4549 2569 4617 ipse
2610 4548 2937 4603 Athanasius
2990 4552 3205 4618 agnovit
3242 4568 3256 4603 ι
3299 4552 3401 4609 hoc

1845 4649 1949 4706 est,
1983 4640 2275 4694 credidisse
2298 4638 2606 4707 Origenem,
2649 4636 2894 4701 Patrem,
2920 4638 3113 4692 Filium
3139 4650 3193 4692 et
3229 4638 3399 4708 Spiri-

1844 4743 1955 4787 tum
1981 4741 2265 4796 sanctum,
2311 4746 2430 4785 cum
2477 4745 2661 4786 revera
2702 4739 2812 4784 t-res
2849 4734 2959 4786 sint
2989 4747 3265 4801 personas.
3297 4750 3395 4790 ne-

1841 4839 2105 4893 quaquam
2138 4835 2315 4878 tamen
2342 4832 2402 4877 ut
2431 4833 2538 4876 tres
2569 4821 2812 4877 homines
2857 4837 3102 4878 seorsum
3143 4839 3200 4878 et
3237 4839 3393 4893 sepa-

1841 4917 1995 4971 ratim
2021 4918 2318 4981 exsistere;
2351 4916 2444 4971 sed
2483 4915 2669 4969 intime
2711 4913 2812 4969 sibi
2853 4915 3080 4970 invicem
3123 4919 3395 4974 cohaerere

1835 5018 1890 5063 et
1923 5009 2235 5076 coniunctos
2254 5023 2415 5074 esse;
2447 5008 2691 5076 adeoque
2715 5007 2939 5061 alterum
2978 5008 3030 5062 in
3051 5007 3223 5063 altero
3247 5013 3392 5066 exsi-

1833 5109 1974 5156 stere
1999 5109 2224 5170 ,atque,
2266 5110 2323 5154 ut
2364 5100 2436 5154 ita
2479 5099 2700 5169 loquar,
2763 5101 3017 5154 immeare
3055 5101 3286 5156 invicem
3337 5115 3390 5158 et

1831 5203 2112 5261 penetrare
2145 5207 2239 5260 per
2276 5190 2596 5246 ineffabilem
2657 5192 2941 5260 quamdam
2993 5192 3385 5264 περιχώρησιν,

1821 5297 1982 5352 quam
2006 5283 2539 5336 circuminseuionem
2563 5282 2868 5336 scholastici
2899 5297 3090 5338 vocant
3121 5301 3136 5338 :
3165 5299 3232 5338 ex
3277 5300 3381 5352 qua

1823 5375 2189 5446 περιχωρήσει
2217 5375 2477 5430 unitatem
2517 5373 2661 5430 illam
2700 5377 3032 5431 numericam
3075 5380 3381 5434 necessario

1820 5468 1957 5524 eIIici
1988 5468 2264 5523 contendit
2292 5465 2541 5521 Petavius
2565 5466 2642 5521 De
2669 5466 2883 5533 Trinit.,
2908 5468 3002 5526 lib.
3032 5483 3105 5533 tv,
3135 5483 3256 5539 cap.
3286 5471 3372 5524 I6.

1820 5559 1925 5615 Sed
1960 5560 2147 5614 hac.de
2188 5574 2246 5612 re
2281 5559 2407 5613 alibi
2449 5560 2780 5615 commodior
2817 5561 2920 5615 erit
2957 5561 3254 5617 disserendi
3279 5560 3376 5618 -lo-

1816 5669 1930 5709 cus.
1960 5655 2090 5708 Vide
2119 5661 2252 5710 sect.
2281 5652 2335 5718 4,
2362 5667 2480 5723 cap.
2509 5653 2560 5719 4,
2590 5669 2737 5709 num.
2763 5654 2795 5709 9
2826 5661 2878 5709 et
2915 5668 3060 5723 seqq.
3095 5723 3103 5732 _

171 5813 174 5826 ,
239 5759 556 5826 ⁷⁸,Βειιεπιιι
591 5759 680 5814 lib.
711 5755 786 5812 De
819 5754 1044 5818 Christo,
1083 5752 1308 5821 Cap-10-
1387 5752 1430 5782 ⁸⁰
1461 5749 1716 5804 Αιῖιθιιὲιεσ
1752 5758 1758 5802 ¹

1866 5795 1876 5806 .
1914 5747 1954 5813 I,
1985 5746 2184 5817 p.277.
