3838 6222
177 353 312 408 1553
1164 355 1330 424 QUAE
1371 355 1434 409 IN
1474 355 1610 421 HOC
1651 355 1740 410 ΤΟ

1879 353 2392 411 CONTINENIUR.

231 472 352 541 Car.
372 471 845 544 IV.-—-—_‘i4'_PlriIippi
862 483 1015 528 morte
1040 477 1352 544 eaprsnm,in
1377 476 1599 544 Origem's
1622 491 1737 528 casu

171 532 490 602 desinens}.
518 532 775 602 Philippus
793 532 1066 602 imperator
1097 532 1406 588 interﬁcitur.
1436 532 1738 602 Simbrogatur

171 596 372 667 Decius
416 596 972 668 Septima'persecu'tio.
1018 601 1498 668 Ii:_Origenes_pro
1546 596 1738 668 Christo

171 661 482 728 graiissimos
504 661 746 728 cruciatus
782 666 1016 728 sustinet.
1045 661 1348 728 III._Librum
1503 665 1739 722 martyrio

173 718 345 787 scribit
365 723 422 787 ad
452 734 564 769 eum
590 721 854 787 Dionysius
876 724 1258 787 Aiexandriuus.
1286 725 1367 774 IV.
1391 718 1738 787 Origenisino-

173 781 353 847 destia._
371 781 538 830 Utrum
556 784 614 831 ad
641 781 886 847 vitandum
905 785 1144 847 IEthiopis
1161 795 1382 847 stuprum
1403 781 1578 836 Christi
1593 787 1738 834 tidem

173 843 396 920 eiurarii,
419 852 468 920 et
490 846 658 920 quoad
694 854 916 920 tempore
936 911 942 918 I
960 843 1322 920 contigeriifV.
1344 848 1620 920 Castigatur
1645 849 1740 896 cri-

175 907 381 952 ticorutn
403 907 748 955 nonnullorum
773 911 1044 957 temeritas.
1072 907 1150 958 VI.
1181 909 1372 958 Mortuo
1391 907 1544 959 Decio
1570 913 1740 957 vincu-

175 968 236 1014 lis
251 967 741 1037 soii'iiqurigeues.
767 970 919 1018 Decio
941 972 1417 1037 succedutti_Gailus
1442 981 1496 1020 et
1514 969 1740 1037 Volusia-

173 1026 820 1092 nus.4_VlI.rObit'Origenes
839 1046 967 1080 anno
1011 1036 1169 1081 aetatis
1191 1033 1267 1080 69.
1309 1033 1530 1082 Pereunt
1572 1033 1740 1082 Gallus

172 1095 227 1162 εἰ
272 1089 579 1162 Volusianus.
626 1089 753 1162 VIII.
807 1095 1028 1162 leIogium
1070 1097 1318 1162 Urigenis.
1361 1094 1740 1162 IX._S‘epelitur

171 1150 308 1219 :l‘yri.
332 1151 467 1219 Vana
509 1154 574 1219 de
609 1155 718 1213 ejus
761 1150 922 1204 salute
961 1150 1183 1219 quaestio'
1214 1150 1629 1217 praetermittitur.
1658 1154 1735 1219 _X_.

172 1211 332 1273 Ipsius
350 1215 578 1276 discipuli
601 1211 945 1266 recensentur.
978 1211 992 1219 ’
1215 1211 1230 1217 ’
1647 1216 1737 1264 687

234 1336 421 1386 LIBER
449 1339 796 1401 SECUNDUS,
832 1354 1092 1392 coartans
1119 1343 1349 1393 Ontcetvts
1387 1356 1676 1391 DOC'I‘IIINAI.

247 1459 380 1512 libri
403 1461 601 1512 secundi
619 1461 830 1526 partitio.
1647 1464 1739 1513 697

233 1567 390 1634 Carm
412 1581 611 1634 putauit.
634 1597 695 1605 —
719 1567 943 1634 Origcnis
986 1567 1306 1634 eruditionem
1348 1569 1670 1634 compiexnm.
1697 1569 1736 1620 l.

173 1627 440 1692 Scriptura:
463 1627 842 1680 callentissimu's
867 1633 958 1680 fuit
983 1633 1242 1692 Origenes.
1273 1632 1335 1681 II.
1363 1627 1463 1681 Sed
1491 1631 1742 1680 Hebraicae

173 1690 546 1756 Iingugparum
565 1695 834 1756 consultus,
880 1690 1197 1742 Samariianze
1241 1708 1358 1742 vero
1381 1695 1742 1756 peuitusigna-

173 1751 274 1800 rus.
304 1751 1018 1817 IIIQScripturzeinterpretes,
1039 1751 1405 1817 scriptoresqué
1436 1751 1742 1817 ecclesiasti-

172 1827 258 1862 cos
289 1816 507 1864 studiose
534 1818 670 1876 legit.
695 1815 774 1865 IV.
799 1814 961 1865 Sacrae
978 1814 1217 1866 doctrina:
1242 1814 1385 1866 causa
1430 1814 1652 1866 excoluit
1672 1829 1740 1874 τὰς

170 1885 316 1929 ttat...
357 1877 712 1939 philosophiam
758 1881 1050 1940 praesertim.
1097 1879 1154 1928 V.
1183 1878 1280 1927 Sed
1319 1886 1372 1927 et
1413 1880 1629 1940 reliquas
1665 1881 1742 1925 di-

171 1951 241 1985 SCI
248 1941 424 2000 plinas.
529 1984 532 1988 ,
1649 1940 1742 1990 699

233 2028 346 2090 City.
373 2023 520 2090 II._—-
541 2022 785 2090 0rigenis_
806 2024 1035 2090 dogmata
1077 2028 1399 2090 complexum.
1445 2022 1626 2088 Capitis
1650 2039 1740 2090 ac:

168 2085 321 2137 eundi
338 2086 568 2150 prologus
591 2085 894 2150 et'partitiof
1183 2085 1194 2090 ’
1512 2085 1521 2088 “
1649 2087 1740 2136 705

235 2195 459 2256 Oumsrto
480 2207 638 2241 νειηιΑ.
667 2217 727 2227 -
769 2194 838 2243 De
862 2195 978 2243 Deo.
1021 2193 1060 2244 l.
1101 2193 1276 2243 Utrum
1309 2193 1738 2256 circumscriptam

171 2267 285 2301 esse
314 2254 402 2304 Dei
423 2256 692 2316 potentiam
722 2255 1040 2304 Adamantius
1081 2257 1278 2304 dixerit.
1307 2254 1366 2302 Il.
1417 2254 1743 2314 Quemadmo-

171 2318 287 2363 dum
315 2318 405 2378 ipsi
433 2330 459 2364 a
488 2316 715 2366 Patribus
734 2317 1022 2377 quibusdam
1052 2317 1297 2376 obiicitur.
1328 2317 1408 2366 III.
1433 2319 1518 2367 Cui
1544 2323 1597 2364 et
1618 2329 1743 2364 non-

171 2378 296 2425 nulli
319 2381 503 2426 assensi
527 2386 657 2426 sunt.
694 2379 766 2426 Ex
790 2380 1049 2428 Academia
1073 2381 1282 2427 manavit
1303 2381 1475 2427 isthaec
1499 2379 1740 2426 doctrina.

171 2439 230 2488 V.
261 2439 432 2487 Utrum
459 2451 746 2501 corporeum
766 2452 878 2488 esse
897 2442 1062 2501 Deum
1085 2448 1222 2489 ratus
1264 2441 1348 2488 sit.
1375 2439 1552 2488 VI.-'Ab
1580 2441 1742 2488 haere-

171 2514 288 2570 seos
307 2502 450 2570 hujus
472 2500 751 2570 suspicione
777 2500 1065 2570 vindicatur.
1087 2501 1202 2550 VII.
1227 2501 1436 2562 Obiecta
1463 2502 1736 2570 diluuntur.-

170 2561 302 2612 VIII.
326 2562 504 2612 Multos
526 2561 603 2611 hic
625 2575 764 2611 error
781 2563 968 2613 infecit.
1306 2561 1316 2562 ί
1649 2563 1742 2612 705

235 2669 454 2728 ρυεςιοιο
479 2665 543 2714 II.
573 2693 636 2702 —-
660 2667 728 2717 De
754 2664 1057 2717 sanctissima
1094 2663 1346 2717 Trinitate.
1383 2666 1422 2728 Ι.
1466 2666 1523 2714 In
1562 2668 1743 2715 multos

169 2726 302 2780 circa
331 2730 420 2778 SS.
440 2728 695 2778 Trinitatis
736 2733 1022 2786 mysterium
1065 2742 1263 2778 errores
1310 2726 1540 2777 incidisse
1584 2729 1745 2778 fertur

173 2791 438 2853 Origenes,
461 2803 668 2852 quorum
691 2791 965 2852 gravissimi
1007 2798 1257 2840 notantur.
1304 2789 1361 2838 II.
1388 2789 1492 2842 Hoc
1538 2794 1741 2839 nomine

175 2854 376 2912 Patrum
401 2855 664 2901 multorum
709 2854 1126 2912 reprehensiones
1152 2859 1392 2913 expertus
1433 2858 1527 2910 est,
1573 2859 1627 2900 et
1649 2853 1742 2913 de-

174 2911 405 2963 fenditur.
433 2913 512 2962 Ill.
559 2913 730 2975 Utrum
755 2911 843 2975 SS.
893 2915 1149 2964 Trinitatis
1191 2911 1433 2975 personas
1471 2911 1744 2962 substantia

172 2979 374 3026 diﬂ‘erre
397 2977 626 3037 opinatus
651 2973 728 3023 sit.
772 2974 852 3024 IV.
879 2976 1123 3025 Nonnulla
1158 2973 1207 3024 in
1251 2977 1360 3035 ejus
1399 2975 1742 3037 defensionem

172 3035 462 3088 aIferuntur.
512 3037 567 3084 V.
618 3038 838 3100 Eruitur
869 3051 1101 3099 germana
1143 3038 1299 3100 ipsius
1346 3035 1610 3100 sententia.
1655 3036 1739 3084 Vl.

179 3101 349 3162 Utrum
375 3100 650 3162 Filiumper
671 3097 990 3162 prolationem
1003 3097 1226 3162 genitum
1246 3111 1358 3146 esse
1379 3097 1643 3162 arbitratus
1657 3101 1738 3148 sit.

173 3161 280 3210 VII.
309 3161 479 3224 Utrum
503 3158 868 3224 ﬁlium—Patre,
891 3158 1126 3224 Spiritum
1146 3167 1368 3208 sanctum
1395 3159 1520 3224 Filio
1540 3160 1744 3224 inferio-

172 3237 280 3271 rem
302 3235 414 3270 esse
436 3223 636 3284 dixerit.
683 3221 804 3270 VIII.
858 3221 939 3272 Ita'
972 3231 1027 3271 ut
1056 3223 1267 3284 jactatur
1306 3237 1332 3271 a
1374 3223 1616 3284 plurimis.
1658 3222 1740 3271 IX.

179 3285 445 3345 Utriusque
467 3280 753 3343 dignitatem
779 3286 973 3345 videtur
1006 3280 1354 3344 nonnunquam
1379 3280 1522 3332 tueri.
1554 3283 1608 3332 X.
1649 3284 1742 3332 Pa-

175 3353 305 3394 trum
330 3344 592 3394 multorum
624 3344 855 3408 suil‘mgio
877 3346 1077 3408 gaudet.
1104 3345 1181 3408 XI.
1215 3345 1368 3408 Recte
1389 3357 1504 3393 eum
1541 3347 1605 3393 de
1629 3345 1742 3408 Filii

177 3417 231 3455 et
273 3408 502 3468 Spiritus
531 3408 692 3468 sancti
742 3405 984 3466 digniiate
1023 3406 1252 3468 sensisse
1295 3407 1468 3454 Patres
1514 3405 1742 3455 nonnulli

176 3466 438 3518 testantur.
468 3466 568 3516 XI-I.
603 3467 870 3516 Platonicis
891 3466 1084 3517 deliriis
1129 3468 1446 3516 orthodoxam
1469 3470 1740 3517 doctrinam

175 3529 446 3580 oblimavit.
469 3528 594 3578 XIII.
624 3528 796 3577 Utrum
825 3531 1018 3578 Patrem
1065 3527 1346 3591 primarium
1385 3542 1550 3591 rerum
1575 3531 1744 3578 condi-

175 3598 354 3646 torem.
381 3592 556 3640 Filium
607 3603 725 3637 vero
769 3589 1128 3649 secundarium,
1167 3597 1221 3638 et
1258 3591 1420 3638 P‘atris
1462 3589 1743 3639 ministrum

174 3653 458 3704 crediderit.
490 3651 609 3714 XIV.
651 3651 986 3702 Vetustiorum
1032 3651 1220 3714 aliquot
1254 3651 1454 3700 Patrum
1497 3665 1742 3714 consensu

174 3716 479 3764 sublevatur.
509 3713 608 3763 XV.
634 3714 740 3772 Quo
761 3727 908 3763 sensu
942 3713 1126 3763 Filium
1146 3714 1328 3762 dixerit
1351 3727 1447 3761 non
1470 3726 1582 3762 esse
1603 3713 1745 3761 abso-

175 3779 282 3825 lute
306 3774 503 3825 bonum.
529 3773 654 3824 XVI.
684 3777 744 3822 lit
769 3789 864 3826 non
886 3789 998 3835 esse
1028 3776 1254 3825 absolute
1286 3774 1563 3824 veritatem.
1593 3774 1743 3823 XVII.

178 3839 352 3887 Utrum
374 3851 508 3898 aequa
547 3840 610 3898 sit
634 3839 898 3886 multorum
923 3835 1229 3895 criminatio,
1258 3837 1526 3898 Origenem
1561 3837 1743 3884 dixisse

173 3897 503 3961 quaerentium
545 3897 814 3961 Patrem_a
861 3899 1014 3955 Filio,
1054 3899 1226 3948 Filium
1273 3914 1300 3948 a
1345 3897 1528 3959 Spiritu
1574 3905 1744 3946 sancto

175 3959 335 4010 videri
361 3973 456 4008 non
478 3972 638 4022 posse.
671 3959 837 4008 XVIII.
876 3962 1028 4020 Quam
1051 3961 1111 4010 ab
1134 3973 1195 4009 eo
1237 3962 1499 4022 depellere
1541 3969 1745 4022 conatur

174 4023 397 4084 Ruﬁnus.
423 4020 545 4071 XIX.
575 4021 749 4084 Utrum
771 4023 880 4072 Filii
904 4023 1234 4084 cognitionem
1257 4020 1537 4084 cognitione
1567 4021 1742 4079 Patris,

174 4083 566 4148 Spiritusisaucii
611 4082 942 4148 cognitionem
968 4082 1266 4148 “cognitione
1310 4083 1742 4148 l"i|il_iut_'ei_'i_orem

172 4142 376 4194 dixerit.
393 4146 490 4194 XX.
517 4144 653 4202 Quod
679 4142 935 4205 aliquando
958 4142 1153 4193 videtur
1173 4158 1399 4206 negasse.
1428 4145 1530 4195 XXI
1570 4144 1744 4193 Utrum

175 4206 355 4268 Filium
380 4215 432 4254 et
467 4206 704 4268 Spiritum
728 4215 946 4254 sanctum
996 4209 1355 4255 existimaverit
1390 4220 1504 4255 esse
1530 4213 1740 4255 creatos.

176 4267 326 4318 XXII.
355 4268 418 4317 Ut
442 4267 589 4329 vulgo
613 4267 785 4316 fertur.
812 4269 977 4317 XXIII.
1022 4269 1236 4317 Plurima
1283 4269 1440 4328 culpas
1485 4268 1600 4316 huic
1637 4270 1744 4316 ele-

179 4331 348 4379 vandae
388 4336 741 4392 proponuttiur.
775 4330 939 4378 XXIV.
975 4332 1210 4392 Aperitur
1255 4331 1467 4392 genuina
1514 4330 1744 4392 Origenis

176 4391 442 4440 sententia.
471 4391 607 4453 .\_XV.
636 4390 808 4439 Patres
826 4390 1364 4453 aliquot—assentientes
1387 4391 1550 4439 habet.
1575 4391 1739 4440 X‘XVI.

177 4456 286 4512 Quo
307 4466 454 4500 sensu
481 4451 668 4500 dixerit
691 4454 816 4502 duos
835 4451 1137 4514 seraphimos
1172 4452 1331 4514 (Isaiae
1365 4465 1565 4514 capuvt,
1610 4465 1738 4514 vers.

179 4518 231 4573 2)
273 4528 391 4576 esse
409 4515 671 4572 Christum,
697 4522 748 4562 et
773 4513 1008 4576 Spiritum
1043 4513 1283 4563 sanctum.
1331 4513 1518 4576 XXVII.
1542 4513 1743 4564 Crimini

177 4576 322 4638 datur
366 4575 568 4638 Origeni
595 4613 607 4634 ,
651 4577 779 4638 quod
811 4574 1008 4638 dixerit
1050 4577 1246 4624 Patrem
1292 4575 1440 4623 rebus
1482 4577 1741 4635 unitersis,

177 4636 358 4686 Filium
385 4635 577 4685 ratione
604 4635 841 4698 praeditis,
876 4635 1111 4698 Spiritum
1152 4645 1371 4686 sanctum
1397 4641 1577 4686 sanctis
1617 4638 1743 4685 dun-

178 4706 315 4760 taxat
336 4711 568 4760 przeesse:
620 4698 828 4748 XXVIII.
875 4700 974 4746 Sed
1015 4700 1313 4746 delenditur.
1359 4698 1524 4748 XXIX.
1569 4699 1741 4748 Utrum

179 4759 358 4809 Filium
380 4773 475 4807 non
499 4761 731 4808 orandum
778 4773 887 4807 esse
924 4761 1337 4821 pronuntiaverit.
1380 4760 1519 4809 XXX.
1573 4761 1742 4808 Utrum

178 4823 381 4869 ﬂuxerit
402 4822 495 4884 sibi
518 4821 752 4884 Spiritum
785 4828 1002 4870 sanctum
1027 4835 1188 4884 genus
1207 4823 1471 4870 humanum
1494 4823 1741 4884 redimere

179 4895 275 4930 non
308 4881 544 4944 potuisse.
556 4881 570 4884 ⁷
1031 4881 1049 4884 ⁷
1651 4883 1743 4932 709

242 4987 463 5051 Οιιλιιετιρ
505 4986 590 5051 lil.
616 5013 676 5051 -έ
719 4988 788 5036 De
825 4984 1033 5051 Christo,
1087 4999 1282 5051 ejusmte
1321 4986 1662 5051 _Incarnatione
1698 4998 1744 5040 et

180 5060 384 5110 οιονομίᾳ.
428 5047 474 5114 _I_.
527 5049 740 5114 Plurima
755 5049 1048 5114 _t_le_Christo
1086 5047 1270 5114 absona
1301 5049 1744 5114 Origenesopina-

180 5116 263 5157 tus
307 5109 402 5158 est.
428 5109 490 5158 Il.
531 5110 702 5159 Utrum
744 5109 988 5159 Christum
1025 5109 1424 5160 substantialiter'
1462 5115 1508 5161 in
1555 5109 1740 5173 hloyse,

182 5173 435 5232 prophetis
470 5178 523 5220 et
563 5173 754 5233 angelis
787 5173 999 5220 adfuisse
1034 5175 1262 5222 senserit.
1286 5173 1370 5221 III.
1395 5175 1591 5223 Patrum
1615 5178 1742 5224 mul-

181 5239 341 5280 torum
364 5242 652 5300 assensu_et_
667 5248 752 5281 sua
774 5234 928 5300 ipsius
945 5234 1261 5284 ﬂuctuatione
1297 5237 1508 5300 juvatur.
1536 5236 1614 5284 IV.
1635 5239 1742 5296 Quo

180 5307 330 5342 sensu
355 5295 536 5356 dixerit
559 5293 740 5344 Filium
779 5293 889 5352 Dei,
912 5302 1173 5356 antequam
1196 5293 1330 5344 esset
1353 5298 1514 5355 homo,
1557 5293 1742 5347 media-

183 5362 339 5404 torem
365 5355 531 5403 fuisse.
559 5356 617 5404 V.
649 5357 702 5419 iu
723 5371 822 5418 quo
846 5364 897 5404 et
935 5355 1132 5406 Patrum
1173 5359 1490 5419 quorumdam
1533 5373 1741 5408 consen-

180 5419 320 5465 sione
343 5431 399 5466 se
425 5424 609 5465 tuetur.
639 5417 721 5466 VI.
745 5417 1081 5466 ’Excutiuntur
1128 5417 1234 5472 eius
1256 5433 1452 5467 errores
1493 5421 1556 5467 de
1580 5420 1741 5472 anima

181 5477 496 5542 ChristiVll.
519 5478 712 5542 Quibus
737 5486 898 5527 tamen
923 5494 1018 5527 non
1043 5479 1362 5542 pertinaciter
1377 5483 1594 5532 adhaesit.
1612 5483 1737 5532 VIII.

183 5537 416 5601 Nonnulli
441 5541 591 5601 ipsius
613 5549 919 5589 accusatores
938 5537 1280 5589 retu'nduntur.
1329 5541 1406 5590 IX.
1456 5545 1561 5600 Quo
1591 5558 1738 5594 sensu

183 5599 359 5664 [ilium
383 5608 436 5651 et
458 5599 564 5664 ejus
585 5604 792 5650 animam
815 5617 962 5651 unum
985 5616 1095 5652 esse
1114 5601 1311 5660 dixerit,
1333 5599 1740 5664 quemadmodum

183 5659 330 5712 Pater
355 5670 405 5712 et
433 5661 586 5712 Filius
607 5678 755 5712 unum
778 5673 907 5712 sunt.
936 5664 990 5713 X.
1043 5665 1214 5713 Utrum
1260 5659 1504 5714 Christum
1546 5682 1738 5716 carnem

183 5723 247 5787 de
267 5727 391 5772 cmlo
415 5724 637 5787 attulisse
665 5740 943 5787 persuasum
978 5725 1218 5774 habuerit.
1269 5726 1345 5775 XI.
1375 5730 1446 5776 An
1473 5728 1739 5778 crediderit

184 5785 426 5835 Christum
467 5785 783 5849 specieteuus
832 5790 878 5835 in
919 5791 1065 5836 terris
1093 5790 1390 5849 apparuisxe,
1433 5804 1526 5837 non
1573 5805 1738 5840 veram

177 5857 383 5898 carnem
406 5856 644 5910 gestasse.
667 5849 771 5902 XII.
797 5849 1062 5903 Solvuntur
1085 5850 1310 5902 tlitlicilcs
1332 5853 1483 5914 ipsius
1506 5855 1599 5905 loci
1623 5855 1734 5905 duo.

3272 355 3410 414 1554

1845 476 1971 526 ΧΙΙΙ.
2001 477 2142 526 Unde
2167 478 2217 525 In
2239 477 2361 524 hanc
2383 475 2530 524 atﬂcti
2556 474 2747 536 Christo
2787 473 2893 526 falsi
2917 475 3136 536 corporis
3177 475 3417 536 suspicio-

1844 553 1959 587 nem
1981 541 2195 587 venerit.
2223 539 2526 599 exploratur.
2554 535 2900 599 XIVLUIrumi
2934 535 3176 599 Christum
3220 550 3410 599 menum

1845 613 1956 649 esse
1976 601 2222 649 hominem
2245 597 2619 648 existimaverit.
2658 597 2760 647 XV.
2786 601 2861 646 An
2874 598 2997 645 duos
3016 598 3239 656 Christus
3257 598 3415 646 ﬂuxe-

1847 663 1928 710 rit.
1960 661 2082 710 XVI.
2116 662 2284 710 lItrum
2309 670 2362 708 et
2380 673 2478 721 quo
2501 673 2650 708 sensu
2681 660 2850 721 Iesum
2879 660 3095 707 induisse
3119 659 3296 707 Filium
3322 661 3415 708 Dei

1845 724 2254 786 pronuntiaverit.
2270 719 2536 786 XVIi:Quo
2546 734 2693 786 sensu
2707 719 3415 786 Christumdixeritdeiiicasse

1845 779 2065 834 naturam
2088 786 2360 833 humanam.
2379 779 2550 835 XVIII.
2567 783 2672 840 Quo
2690 796 2836 830 sensu
2850 779 3090 830 Christum
3112 794 3222 830 esse
3234 783 3419 831 dixerit

1847 849 2003 895 virum
2028 846 2167 896 illum
2187 847 2411 895 sterilem
2446 846 2528 904 (de
2553 857 2650 904 quo
2691 845 2933 892 Jeremias
2959 858 3047 905 cap
3111 859 3229 902 xxn,
3280 857 3412 891 vers.

1847 909 1946 967 50):
1990 909 2115 958 XIX.
2148 908 2317 956 Utrum
2345 919 2524 968 corpus
2543 907 2718 954 Christi
2759 905 2941 966 ubique
2987 917 3099 953 esse
3143 907 3414 968 censuerit.

1848 969 1946 1018 XX.
1976 970 2068 1018 Pro
2091 969 2271 1031 quibus
2291 967 2490 1031 passum
2508 968 2748 1017 Christum
2775 968 2998 1031 opinatus
3036 968 3115 1031 sit:
3145 967 3269 1016 XXI.
3314 967 3418 1014 Ite-

1847 1027 2121 1080 censentur
2139 1027 2335 1079 Patrum
2358 1029 2723 1078 criminationes
2754 1027 2988 1076 adversus
3030 1027 3259 1090 Origenis
3300 1036 3430 1090 seu:

1849 1095 2068 1142 tentiam.
2096 1093 2242 1142 XXII.
2271 1094 2392 1150 Quae
2417 1105 2479 1152 ex
2507 1092 2662 1152 ipsius
2681 1091 2855 1152 verbis
2885 1088 3189 1151 proponitur.
3238 1088 3412 1139 XXIII.

1847 1153 1952 1202 Non
1974 1156 2092 1203 satis
2115 1161 2305 1202 constat
2327 1167 2386 1202 an
2409 1151 2539 1214 saepe
2552 1153 2650 1213 jam
2674 1166 2762 1212 pro
2789 1151 2938 1200 rebus
2963 1155 3152 1200 ratione
3176 1152 3414 1212 praeditis.

1847 1230 1908 1284 an
1932 1218 2086 1284 semel
2119 1222 2306 1265 tantum
2329 1228 2634 1284 passum..at_i
2669 1216 2817 1262 etiam
2861 1214 3119 1284 aliquando
3161 1226 3416 1284 passurum

1847 1278 2091 1327 Christum
2117 1275 2570 1339 putaverit.XXIV.
2599 1277 2666 1324 Ex
2687 1275 3012 1339 supraallatis
3027 1275 3240 1339 genuina
3266 1277 3420 1339 ipsius

1846 1341 2013 1400 Opinio
2033 1335 2247 1400 elicitur.
2274 1338 2412 1386 XXV.
2438 1338 2585 1400 Cujus
2603 1335 2813 1400 etorigo
2830 1335 3262 1400 iudicatur.XXVI.
3285 1335 3418 1400 Nou-

1849 1397 1982 1448 nulla
1997 1399 2178 1449 faciunt
2194 1415 2280 1462 pro
2293 1413 2434 1448 causa
2450 1398 2698 1462 Origenis.
2719 1397 2904 1446 XXVII.
2918 1399 3346 1462 UtrumCIii-isium
3367 1397 3418 1444 in

1848 1463 1954 1511 sole
1987 1476 2164 1522 corpus
2187 1459 2328 1511 suum
2356 1459 2618 1522 reliquisse
2639 1460 2731 1508 sibi
2751 1460 2968 1522 ﬂuxerit.
2999 1459 3211 1509 XXVIII.
3245 1460 3419 1508 Utrum

1848 1521 2103 1573 censuerit
2143 1525 2387 1574 Christum
2431 1521 2678 1570 heminem
2719 1534 2832 1570 esse
2870 1521 3077 1583 desiisse
3103 1559 3114 1578 ,
3161 1530 3418 1583 postquam

1848 1593 2071 1633 mortuus
2090 1592 2183 1634 est.
2237 1584 2402 1636 XXIX.
2431 1587 2537 1642 Quo
2581 1596 2727 1632 sensu
2770 1581 3012 1634 Christum
3053 1580 3235 1632 dixerit
3270 1580 3419 1630 etiam

1849 1660 1978 1711 nunc.
2001 1649 2172 1711 lugere
2197 1654 2403 1711 peccata
2421 1653 2601 1694 nostra.
2630 1644 2770 1695 XXX.
2802 1644 2972 1694 Utrum
3016 1658 3224 1708 regnum
3241 1644 3422 1711 Christi

1849 1705 2124 1758 desiturﬁtn
2165 1705 2447 1757 crediderit.
3077 1705 3098 1708 ⁷
3323 1705 3417 1754 796

1913 1813 2133 1872 onmno
2153 1811 2235 1861 IV.
2259 1839 2336 1874 —_-_
2349 1812 2414 1862 De
2435 1810 2568 1874 beaia
2590 1807 2748 1874 Maria
2769 1807 2994 1874 Virgine.
3020 1809 3056 1859 l.
3085 1809 3261 1859 Utrum
3281 1808 3425 1860 Chri-

1849 1879 1977 1922 stum
2001 1883 2054 1942 et
2074 1872 2490 1942 beatam_Mariam
2517 1872 2766 1942 Virginem
2790 1872 3088 1942 purgatione
3099 1879 3212 1942 post
3231 1879 3423 1942 parium

1849 1949 1973 1998 Opus
2012 1934 2242 1984 habuisse
2275 1935 2934 1998 Ori_genes_existimaverit.
2982 1935 3042 1982 II.
3072 1934 3244 1982 Utrum
3284 1935 3422 1998 clau-

1849 1995 2005 2046 strum
2031 1997 2328 2057 virginitatis
2353 1995 2513 2045 beatae
2533 1995 2765 2057 Mariaagin
2791 2004 2928 2057 partu
2951 1999 3225 2057 reseratum
3247 1997 3420 2055 opina-

1851 2065 1928 2108 tus
1961 2061 2041 2107 sit.
2088 2056 2174 2108 III.
2225 2058 2395 2107 Utrum
2439 2058 2634 2107 beatam
2671 2056 2867 2107 Mariam
2912 2058 3126 2120 peccatis
3161 2056 3425 2120 obnoxiam

1849 2123 2118 2184 putaverit.
2915 2119 2923 2120 “
3326 2119 3421 2167 858

1911 2228 2132 2288 Qumto
2149 2226 2210 2275 V.
2233 2252 2294 2262 ——
2323 2227 2388 2291 De
2407 2224 2608 2291 angelis.
2635 2226 2672 2291 I._
2692 2225 2790 2291 Vix
2811 2226 2936 2274 certi
2949 2223 3224 2291 quidquam
3248 2223 3422 2287 Orige-

1849 2291 1928 2339 nis
1947 2297 2093 2338 aatate
2116 2291 2181 2337 de
2218 2290 2410 2351 angelis
2446 2287 2605 2337 fuerat
2643 2288 2920 2336 deﬁnitum.
2949 2287 3009 2335 Il.
3052 2288 3296 2351 Quaeritur
3319 2300 3421 2349 quo

1852 2359 2074 2412 tempore
2098 2347 2318 2412 angelos,
2347 2359 2402 2398 et
2419 2351 2623 2400 rationis
2655 2356 2908 2412 compotes
2935 2355 3134 2396 naturas
3153 2347 3426 2412 reliquas}!

1850 2409 1970 2462 Deo'
1999 2409 2238 2470 conditas,
2281 2419 2336 2460 et
2374 2413 2420 2459 in
2469 2417 2725 2472 peccatum
2768 2409 3177 2472 delapsashratus
3198 2409 3279 2460 sit:
3331 2409 3417 2459 III.

1851 2474 2025 2523 Utrum
2042 2469 2250 2536 angelos
2267 2469 2677 2536 corpora—tosiesse
2699 2469 2966 2536 censuerit.
2992 2469 3072 2520 IV.
3100 2470 3202 2536 Sibi
3230 2474 3426 2536 videtur

1849 2533 2227 2598 aliquando'non
2251 2533 2494 2583 constare.
2523 2534 2590 2598 V.
2608 2533 2708 2582 Sed
2739 2533 3061 2583 conciliantur
3085 2533 3427 2598 discordantes

1852 2596 1963 2646 loci.
1988 2597 2071 2646 VI.
2099 2597 2271 2644 Utrum
2289 2598 2497 2645 animam
2521 2596 2623 2644 illis
2646 2599 2831 2654 inesse,
2857 2610 2914 2644 an
2946 2598 3078 2656 ipsos
3103 2608 3214 2642 esse
3235 2597 3422 2644 animas

1850 2659 2052 2707 dixerit.
2110 2657 2212 2706 VII.
2258 2659 2564 2718 Angelorum
2611 2658 2743 2706 inter
2783 2664 2838 2705 et
2886 2659 3158 2718 daemonum
3219 2670 3426 2718 corpora

1850 2722 2109 2770 discrimen
2133 2721 2329 2780 aliquod
2344 2717 2611 2768 tenuitatis
2637 2719 2905 2767 constituit.
2943 2717 3068 2780 VIII.
3095 2717 3426 2768 Consent’ien—

1853 2788 1930 2830 tes
1951 2781 2102 2830 habet
2124 2779 2296 2829 Patres
2319 2781 2446 2828 bene
2471 2783 2666 2828 mullos.
2691 2781 2769 2830 IX.
2808 2779 3118 2840 Origenianae
3159 2783 3426 2830 sententia

1849 2842 1989 2892 radix
2020 2845 2361 2904 investigatur.
2389 2843 2446 2893 X.
2497 2843 2667 2890 Utrum
2705 2856 2854 2904 aquas
2875 2855 2986 2902 quae
3029 2855 3196 2904 supra
3221 2847 3274 2904 ei
3297 2841 3425 2904 infra

1849 2902 2223 2954 firmamentum
2237 2911 2371 2962 sunt,
2394 2904 2598 2965 angelos
2617 2915 2728 2952 esse
2748 2902 3012 2952 arbitratus
3033 2902 3112 2952 sit.
3139 2903 3216 2951 XI.
3237 2902 3424 2965 Ecquid

1851 2967 1914 3014 de
1952 2969 2238 3027 angelorum
2265 2965 2495 3014 libertate
2516 2966 2772 3027 ,mcrilis,
2811 2966 2991 3026 gratia,
3022 2966 3426 3014 remuneratione

1851 3041 1906 3076 ac
1929 3026 2091 3089 ptBIIiS
2111 3030 2359 3076 statuerit.
2389 3027 2492 3076 XII.
2531 3026 3012 3089 Pairumimultorum
3042 3028 3278 3075 adversus
3299 3027 3426 3089 hanc

1851 3086 2004 3151 ipsius
2027 3089 2295 3137 doctrinam
2318 3090 2552 3136 convicia.
2582 3086 2705 3136 XIII.
2735 3087 2900 3136 Utram
2923 3090 3138 3150 priorem
3157 3087 3427 3151 crediderit

1850 3147 2101 3200 hominum
2125 3165 2186 3199 an
2234 3151 2507 3199 daemonum
2549 3156 2790 3205 naturam,
2833 3147 3135 3211 exploratur.
3180 3147 3302 3198 XIV.
3348 3151 3424 3199 Ex

1851 3215 1972 3284 ipsis
1999 3213 2229 3273 Origenis
2271 3212 2436 3283 verbis
2474 3211 2900 3284 sententiania'lius
2938 3224 3088 3272 super
3132 3212 3424 3284 angelorum

1851 3273 2084 3322 libertate
2111 3288 2168 3322 ac
2189 3275 2381 3321 meritis
2405 3275 2641 3334 aperitur.
2672 3273 2766 3320 XV.
2796 3273 2849 3321 In
2894 3286 2989 3332 qua
3022 3280 3181 3320 tamen
3207 3273 3424 3321 ’videtur

1851 3349 2202 3396 nonnunquam
2226 3334 2459 3396 titubare.
2494 3335 2615 3383 XVI.
2665 3337 2830 3382 nausa:
2870 3335 2983 3383 huic
3025 3335 3198 3396 Patres
3235 3335 3426 3396 aliquot

1850 3395 2192 3466 suffragantur.
2222 3395 2597 3466 XViItOrlgeni
2621 3396 2916 3466 favi-ntalla
2957 3395 3196 3466 quaedam:
3237 3395 3423 3466 _XVlIi.

1855 3455 2027 3506 Utrum
2053 3462 2255 3520 angelos
2279 3457 2339 3507 ab
2363 3455 2640 3506 hominibus
2665 3455 2847 3520 erudiri
2867 3455 3154 3520 persuasum
3177 3455 3422 3520 habuerit.

1852 3520 1971 3569 XIX.
1996 3517 2298 3582 l'lxpe'nditur
2321 3520 2429 3580 ejus
2448 3519 2776 3582 sententiade
2799 3517 3292 3582 augelisjudicandis.
3316 3518 3427 3568 XX..

1851 3583 1997 3643 Cujus
2017 3579 2329 3630 fundamenta
2352 3579 2795 3643 aperiuntur.XXI.
2830 3580 2948 3628 liam
2968 3579 3141 3628 frustra
3189 3593 3426 3630 excusare

1851 3639 2120 3692 conaturS.
2145 3644 2368 3691 Thomas.
2384 3639 2534 3690 XXII.
2562 3643 2666 3699 Quo
2689 3648 2908 3702 tempore
2935 3649 3158 3689 extrema
3179 3643 3418 3702 supplicia

1850 3704 2152 3752 daemonibus
2174 3705 2249 3751 vel
2269 3704 2446 3752 inﬂicta
2491 3702 2568 3749 vel
2599 3701 2864 3762 inﬂigenda
2877 3701 3117 3763 Origenes
3136 3701 3421 3752 crediderit.

1852 3764 2021 3814 XXIII.
2076 3766 2278 3826 Origeni
2326 3763 2893 3826 assentiuntur_Patres
2945 3767 3191 3826 plerique.
3255 3764 3421 3813 XXIV.

1857 3827 2026 3875 Utrum
2077 3823 2632 3897 hominu‘ui'sanctitaie
2673 3823 2958 3895 ﬂorentium
2979 3823 3176 3897 animas
3221 3826 3427 3897 angelus

1853 3901 1963 3935 esse
1981 3889 2210 3936 senserit.
2227 3886 2368 3948 XXV.
2383 3885 2554 3934 Nonnu
2564 3887 2737 3948 llorum
2750 3885 3168 3935 criminationibus
3181 3885 3426 3948 opinionis

1853 3950 1997 4010 hujus
2023 3963 2167 3998 causa
2188 3949 2279 4010 fuit
2297 3947 2557 3996 obnoxius.
2591 3946 2756 3997 XXVI.
2783 3948 3065 3998 Ventilatur
3088 3949 3197 4007 ejus
3217 3946 3425 4010 seuien-

1855 4008 2005 4060 tia'de
2032 4009 2324 4071 tutelaribus
2342 4010 2570 4071 angelis;
2598 4022 2654 4058 ac
2694 4011 2902 4071 primum
2945 4011 3203 4071 gentiunn
3229 4008 3420 4059 XXVII.

1853 4073 2182 4121 Ecclesiarum
2231 4070 2443 4120 XXVIII.
2489 4070 2752 4134 Hominum
2801 4070 3124 4134 singulorum.
3166 4070 3332 4121 XXIX.
3364 4071 3427 4122 Et

1855 4148 2018 4195 rerum
2040 4136 2200 4182 anima
2220 4135 2512 4195 carentium.
2536 4132 2678 4184 XX'X.
2709 4132 2900 4181 Utrum'
2923 4135 3187 4194 unicuique
3209 4135 3349 4195 genti
3371 4140 3428 4182 et

1854 4193 2036 4244 homini
2061 4197 2266 4256 angelos
2289 4194 2431 4252 duos,
2456 4193 2634 4256 bonum
2661 4208 2828 4252 unum,
2851 4200 3029 4244 malum
3046 4193 3257 4245 alterum
3279 4195 3425 4244 simul

1851 4260 2083 4306 assistere
2108 4254 2370 4319 putaverit.
2394 4254 2557 4305 XXXI.
2599 4255 2728 4304 Fons
2753 4257 3160 4319 Origenianarum
3183 4257 3248 4305 de
3271 4270 3427 4319 ange-

1856 4321 1916 4368 lis
1957 4318 2253 4367 tutelaribus
2283 4322 2639 4366 sententiarum
2668 4321 2961 4379 ostenditur.
3009 4318 3195 4368 XXXII.
3225 4318 3426 4379 Asttpu-

1855 4382 2035 4429 latores
2065 4381 2238 4428 I’alres
2263 4386 2606 4428 recensentur.
2650 4378 2862 4428 XXXIII.
2891 4381 2972 4428 liae
2993 4389 3045 4428 et
3089 4393 3147 4430 ex
3194 4378 3427 4440 Origenis

1853 4443 2173 4490 ﬂuctuatione
2195 4442 2419 4490 excusari
2462 4446 2682 4502 possunt.
2728 4440 2935 4489 XXXIV.
2983 4443 3107 4500 Quid
3147 4441 3208 4488 de
3232 4444 3426 4502 angelis

1851 4515 2112 4569 ςιινιιηηωψμ⁸
2143 4504 2370 4569 opinatus
2409 4501 2492 4559 sit,
2528 4504 2804 4569 indagatur.
2829 4501 3014 4552 XXXV.
3041 4502 3285 4569 Quaeritur
3304 4501 3425 4569 quid

1852 4563 2146 4613 senserit'de
2170 4567 2362 4624 angelis
2386 4567 2839 4612 remunerationum
2872 4572 2924 4611 et
2949 4577 3199 4624 pinnarum
3219 4563 3427 4612 admini-

1850 4627 1981 4674 stris.
2007 4624 2214 4674 XXXVI.
2240 4624 2413 4674 Utrum
2435 4629 2641 4686 angelos
2679 4629 2963 4686 neutiquam
2996 4625 3291 4674 invocandos
3310 4638 3424 4674 esse

1852 4690 2115 4748 putaverit.
2138 4686 2370 4736 XXXVII.
2407 4687 2575 4734 Utrum
2607 4693 2674 4748 et,
2700 4686 3260 4748 quomodocherubinos
3306 4686 3422 4735 Filii

1851 4747 2179 4798 cogitationes
2222 4762 2335 4797 esse
2384 4749 2582 4796 dixerit.
2641 4747 2896 4798 XXXVIII.
2947 4747 3118 4798 Utrum
3171 4749 3424 4797 daemones

1853 4807 2022 4859 nidore
2042 4817 2096 4859 et
2114 4812 2352 4872 sanguine
2379 4813 2506 4869 pasci
2525 4807 2898 4858 existimaverit.
3331 4808 3426 4859 844

1913 4933 2134 4992 Quamne
2158 4933 2238 4980 Vl.
2266 4959 2326 4969 —
2361 4933 2430 4982 De
2449 4930 2630 4981 anima.
2676 4933 2713 4982 I.
2741 4932 2815 4981 De
2859 4933 3034 4993 animae
3074 4932 3264 4993 origine
3304 4931 3422 4993 quid

1852 5001 2099 5044 statueret
2126 4995 2372 5056 Origenes
2405 5001 2596 5056 certum
2624 5007 2715 5042 non
2757 4995 2940 5042 habuit.
2973 4992 3032 5042 Il.
3080 4992 3170 5041 Iix’
3192 4992 3422 5056 dogmate

1850 5067 2120 5124 τεσίηάρξιως,
2167 5055 2234 5105 eti
2262 5059 2491 5118 perpetui
2536 5055 2803 5124 libertatis
2829 5070 2943 5124 usus
2985 5057 3193 5124 maxima
3243 5055 3419 5124 Orige-

1854 5116 2106 5179 nianorum
2149 5116 2371 5166 errorum
2414 5131 2525 5179 pars
2580 5118 2827 5177 proﬂuxit.
2881 5117 2964 5179 lii.
3015 5116 3188 5164 Utrum
3231 5118 3419 5165 animas

1851 5177 2050 5241 rationis
2067 5186 2316 5241 compotes
2327 5194 2354 5226 e
2365 5176 2632 5229 substantia
2648 5176 3056 5240 divinaaielibatas
3067 5191 3178 5226 esse
3193 5190 3421 5227 asserue-

1853 5243 1940 5302 rit.
1965 5240 2042 5289 IV.
2068 5242 2139 5290 An
2167 5240 2253 5289 eas
2273 5242 2823 5302 corporeantiquiores,
2868 5241 2916 5288 in
2943 5241 3162 5301 illudque
3185 5253 3276 5302 pro
3299 5251 3416 5300 pec-

1851 5301 1972 5350 catis
1991 5301 2642 5364 demissasgputaveritav.
2693 5303 2831 5352 Unde
2883 5316 3064 5349 nomen
3108 5314 3211 5364 ψσιςιΔ
3239 5301 3417 5349 factum

1851 5362 2194 5413 autumaverit.
2220 5361 2302 5412 Vi.
2351 5366 2418 5412 Ex
2462 5365 2537 5412 his
2575 5365 2838 5413 multorum
2875 5361 3292 5412 criminationibus
3337 5370 3417 5411 est.

1851 5430 2113 5486 appetitus.
2140 5426 2242 5474 VII.
2274 5427 2348 5474 Ad
2368 5425 2602 5486 doctrinae
2623 5427 2768 5486 hujus
2807 5427 2968 5474 fontes
2991 5423 3176 5486 digitus
3197 5421 3416 5471 Intendi-

1854 5485 1946 5534 tur.
1979 5488 2107 5536 VIII.
2135 5489 2287 5548 Quam
2314 5485 2458 5536 variis
2480 5485 2746 5548 Scriptura.-
2766 5489 2885 5536 Iocis
2926 5485 3095 5548 fulcire
3114 5492 3318 5548 conatus
3340 5492 3418 5548 est

1851 5549 2110 5608 Origenes.
2132 5547 2209 5597 IX.
2238 5551 2375 5597 Multi
2421 5552 2539 5598 licet
2579 5545 2686 5598 eam
2735 5549 2951 5597 funditus
2998 5546 3307 5608 labefactent.
3352 5545 3410 5596 X.

1853 5606 2026 5657 I’atres
2053 5612 2158 5671 ejus
2175 5617 2448 5658 assertores
2473 5619 2814 5659 recensentur.
2860 5610 2936 5658 XI.
2973 5606 3104 5657 Nihil
3125 5610 3199 5671 his
3223 5614 3416 5669 tempo-

1851 5673 1986 5719 ribus
2003 5670 2161 5734 fuerat
2179 5673 2238 5720 ab
2265 5674 2479 5721 Ecclesia
2502 5686 2651 5734 super
2696 5674 2785 5721 hoc
2811 5677 3099 5734 argumento
3117 5670 3415 5734 determina-

1851 5741 1970 5781 tum.
1997 5734 2100 5783 XII.
2122 5733 2224 5782 Nec
2248 5736 2402 5782 multo
2423 5732 2796 5783 recentioribus.
2843 5734 2965 5783 XIII.
3018 5732 3189 5781 Utrum
3230 5733 3416 5780 animas

1850 5809 2124 5856 corporeas.
2173 5803 2226 5843 et
2268 5797 2400 5856 quali
2433 5810 2638 5856 corpore
2682 5797 2910 5856 praeditas
2951 5793 3238 5842 crediderit.
3289 5792 3389 5841 XIV

1851 5856 2114 5917 Origencm
2136 5857 2333 5907 Patrum
2368 5859 2632 5907 multorum
2678 5871 2922 5918 assensus,
2953 5863 3004 5906 et
3051 5869 3137 5905 sua
3179 5865 3432 5906 excusare-
