4186 6446
335 473 398 481 ...οι
429 477 466 481 _-
489 476 548 481 -.--
565 473 714 480 ,κρυ-...-
753 473 1030 478 .-------.
1047 471 1594 478 .———..-———_——-___—
1845 467 2404 475 mum-_.-.-..’_._-...
2429 464 2824 471 h_—-_—-‘-———_
2851 465 2986 470 _.—_—-
3015 462 3146 469 ---.
3177 466 3180 468 ν
3211 464 3236 469 ..
3337 465 3340 467 λ
3365 463 3374 468 .
3395 464 3423 469 .-
3443 465 3448 468 .
3483 464 3504 470 ,ν

859 498 1310 507 .———.—-—_————~—
2595 491 3072 499 .—————-——._—_———
3159 491 3280 498 _._~-—-.
3301 491 3338 496 --
3353 492 3366 495 -
3487 491 3522 498 .,.
3543 492 3548 496 .

1196 729 2731 894 SUPPLEMENTUM

1048 1188 1635 1323 ORIGEN
1654 1188 1793 1316 IS
1910 1185 2863 1316 EXEGETICA.

1349 1424 1449 1482 EX
1487 1423 1814 1481 CATENIS
1849 1423 1943 1479 ET
1976 1422 2271 1479 RECENS
2309 1422 2579 1478 EDITIS.

1544 1838 1547 1839 ,
1656 1753 2279 1847 MONITUM.

359 1957 439 2029 (a)
467 1955 590 2010 Tria
631 1966 749 2010 sunt
796 1953 1059 2023 priecipue
1089 1949 1535 2020 interpretationis
1561 1963 1750 2018 genera
1774 1947 1837 1999 ab
1864 1944 2085 2017 Origene
2124 1953 2403 2014 usurpata.
2437 1945 2695 2011 Quantam
2736 1963 2814 1999 res
2845 1949 2987 2016 ipsas
3028 1948 3288 2017 prolixius
3328 1966 3591 2004 commen-

319 2056 526 2107 lantur.
559 2052 692 2106 Alite
731 2061 851 2105 sunt
884 2049 1136 2102 homiliaz.
1172 2047 1429 2113 Quantam
1463 2056 1584 2098 sunt
1612 2043 1772 2097 veluti
1802 2054 1940 2096 nota:
1961 2082 1977 2109 ,
2013 2053 2059 2096 et
2090 2042 2292 2095 scholia
2338 2044 2598 2109 breviora,
2637 2044 2886 2113 quasique
2914 2043 3325 2111 compendiaria:
3354 2044 3590 2098 locorum

318 2148 796 2218 interpretationes.
824 2144 977 2198 Talia
1000 2160 1158 2212 porro
1188 2152 1328 2205 sunt,
1359 2157 1474 2210 qua:
1498 2156 1592 2193 nos
1631 2154 1770 2192 nunc
1798 2140 2025 2209 primum
2051 2137 2245 2204 publici
2263 2137 2410 2207 juris
2440 2137 2690 2205 facimus,
2715 2138 2822 2191 sive
2870 2137 3022 2192 Vetus
3046 2138 3154 2192 sive
3184 2135 3393 2191 Novum
3421 2139 3590 2207 respin

318 2241 463 2295 ciant
488 2238 895 2294 Testamentum.
915 2235 1169 2306 Equidem
1196 2234 1496 2287 collectores
1517 2230 1861 2295 Catenarum,
1884 2245 1948 2283 ea:
1967 2229 2154 2300 quibus
2178 2230 2419 2283 universa
2433 2228 2543 2283 haec
2565 2235 2869 2298 deprompta
2882 2238 3023 2294 sunt,
3040 2229 3286 2282 videntur
3299 2228 3588 2297 aliquando

318 2336 375 2389 in
392 2334 759 2404 compendium
784 2333 953 2401 ipsius
985 2330 1230 2400 Origenis
1258 2330 1414 2383 verba
1442 2329 1792 2391 contraxisse,
1824 2325 2113 2396 aliquando
2136 2325 2297 2378 etiam
2333 2341 2452 2379 cum
2480 2324 2673 2381 alienis
2712 2326 2999 2380 miscuisse.
3030 2324 3113 2377 Ad
3148 2325 3246 2378 hoc
3268 2334 3587 2393 postremum

315 2428 463 2497 quod
489 2428 696 2491 attinet,
729 2435 935 2480 tantum
960 2428 1210 2481 absumus
1245 2442 1278 2479 a
1305 2424 1515 2494 placitis
1554 2421 1735 2476 Huetii
1767 2432 1814 2477 et
1846 2422 1909 2476 de
1948 2421 2002 2475 la
2037 2419 2169 2487 Rue,
2199 2423 2290 2492 qui
2338 2422 2439 2475 viri
2465 2422 2645 2475 eximii
2688 2423 3039 2489 procuranda:
3082 2420 3325 2491 Origenis
3366 2421 3589 2474 editioni

318 2523 748 2577 strenuissimam
781 2532 1039 2575 navarunt
1069 2537 1301 2591 operam,
1328 2528 1384 2573 ut
1411 2521 1586 2589 potius
1616 2520 1797 2588 quovis
1827 2520 2042 2589 pignore
2082 2519 2483 2586 contendamus,
2507 2516 2629 2572 inde
2657 2516 2856 2586 liquido
2885 2532 3162 2585 apparere,
3196 2515 3459 2568 undenam
3491 2529 3588 2582 po:

326 2617 578 2672 steriores
602 2632 699 2687 sua
722 2633 874 2671 sensa
898 2618 1293 2686 deprompserit.
1312 2613 1376 2668 Id
1400 2616 1548 2669 nobis
1578 2616 1794 2682 planum
1818 2616 2258 2685 manifestumque
2278 2614 2438 2683 ﬁet,si
2467 2614 2621 2668 modo
2650 2612 3192 2676 animadverterimus,
3215 2625 3334 2681 qua:
3354 2609 3581 2663 adnota-
3638 2596 3641 2600 ’

316 2712 484 2767 vimus
516 2710 765 2767 Photium
791 2714 1037 2767 adversus
1067 2729 1225 2767 novos
1256 2710 1584 2767 Manichams
1607 2715 1907 2766 communia
1939 2713 2130 2767 habere
2156 2729 2272 2767 cum
2306 2714 2555 2784 Origene.
2588 2709 2953 2764 Nihilominus
2979 2710 3023 2763 si
3047 2725 3151 2778 qua
3186 2706 3401 2778 Origeni
3428 2707 3583 2759 aliis-

313 2821 414 2874 que
439 2805 691 2858 attributa
720 2806 967 2870 vidimus,
997 2804 1065 2856 ad
1094 2804 1290 2857 calcem
1312 2804 1630 2874 paginarum
1671 2804 1789 2858 loca
1821 2805 2071 2859 universa
2102 2804 2476 2868 indicavimus,
2503 2812 2558 2856 ut
2582 2803 2829 2856 haberent
2858 2801 3084 2855 studiosi
3112 2803 3168 2855 in
3194 2810 3440 2869 promptu
3464 2815 3581 2870 qua:

315 2900 539 2954 invicem
574 2900 891 2969 conferenda
924 2900 1251 2954 videbantur.
1287 2900 1371 2953 Ad
1401 2901 1626 2970 primum
1650 2916 1770 2954 vero
1803 2902 1946 2971 quod
1977 2902 2188 2965 attinet,
2217 2900 2273 2952 id
2296 2900 2471 2953 rarius
2499 2898 2696 2967 factum
2721 2896 2884 2966 fuisse
2918 2906 3134 2966 apparet
3166 2914 3185 2950 :
3220 2907 3274 2949 ut
3302 2894 3411 2964 fere
3430 2910 3582 2965 gene-

317 2995 477 3048 ratim
516 2995 791 3064 afﬁrmare
814 2994 965 3049 liceat
993 3012 1086 3049 nos
1114 2995 1547 3050 commentariola
1570 2994 1816 3066 Origenis
1853 2997 2068 3050 totidem
2103 2996 2274 3050 verbis
2300 2994 2509 3059 habere,
2543 2996 2732 3063 quibus
2756 2994 2819 3047 ab
2852 2992 2948 3047 illo
2971 2994 3165 3061 scripta
3186 2992 3425 3061 fuerunt.
3455 2990 3581 3044 Uti—

317 3103 439 3143 nam
466 3104 621 3157 porro
643 3090 939 3143 exoriretur
959 3090 1037 3143 vir
1058 3088 1254 3159 aliquis
1288 3104 1469 3153 novus,
1493 3100 1539 3143 et
1560 3091 1668 3158 ipse
1698 3090 2175 3159 adamantius,qui
2213 3089 2517 3145 Adamantii
2550 3087 2717 3141 nostri
2760 3088 2956 3151 scripta
3002 3084 3306 3154 hujusmodi
3337 3084 3579 3138 universa

312 3181 372 3235 in
406 3188 637 3235 veterum
662 3179 870 3235 Catenis
903 3196 1108 3248 sparsa.
1143 3188 1236 3233 aut
1261 3181 1315 3233 in
1342 3178 1532 3250 forulis
1569 3180 1860 3250 pluteisque
1909 3179 2343 3234 bibliothecarum
2386 3178 2559 3232 adhuc
2590 3177 2966 3242 delitescentia,
3003 3176 3245 3245 colligere
3286 3184 3484 3243 posset,
3528 3183 3576 3227 et

313 3276 518 3343 integra
540 3274 845 3344 hujusmodi
871 3273 1070 3328 scholia
1100 3275 1247 3328 nobis
1279 3284 1575 3339 contexere,
1605 3286 1761 3346 atque
1782 3277 1986 3344 publici
2008 3276 2151 3345 juris
2179 3276 2381 3344 facere!

387 3364 519 3430 Quae
548 3381 640 3419 nos
667 3365 751 3418 hic
779 3365 1080 3418 exhibemus
1105 3365 1429 3435 fragmenta,
1470 3370 1600 3421 satis
1622 3369 1717 3422 illa
1742 3370 1951 3437 quidem
1979 3370 2180 3437 ampla,
2209 3377 2255 3421 et
2288 3383 2407 3437 qute
2434 3385 2553 3422 cum
2577 3368 2792 3436 reliquis
2818 3365 3040 3435 Origeni
3069 3366 3363 3430 attributis,
3385 3381 3579 3436 paren-

313 3464 416 3510 tem
437 3456 586 3509 illum
614 3473 764 3511 suum
788 3458 973 3527 ubique
1003 3454 1263 3520 clamant;
1292 3475 1386 3525 pro
1410 3460 1727 3531 γνησιότητι
1767 3478 1864 3514 sua
1893 3458 2163 3515 luculenta
2192 3476 2396 3527 quoque
2422 3458 2608 3515 habent
2643 3468 2953 3527 argumenta
2983 3466 3034 3511 et
3066 3459 3367 3512 testimonia
3395 3456 3491 3527 (b).
3512 3457 3581 3512 In

313 3543 552 3602 Genesim
586 3565 804 3613 namque
834 3550 1102 3617 scripsisse
1128 3550 1407 3621 Origenem
1431 3561 1585 3607 testes
1609 3566 1729 3606 sunt
1763 3551 2023 3608 Eusebius
2055 3553 2150 3623 (ο),
2192 3553 2522 3622 Nicephorus
2549 3552 2648 3623 (ά),
2681 3550 2878 3606 Suidas
2914 3563 2959 3605 et
2987 3553 3103 3606 alii.
3142 3551 3284 3618 Quin
3307 3560 3356 3605 et
3386 3540 3577 3619 Orige-

313 3657 404 3695 nes
429 3641 733 3710 hujusmodi
759 3644 1020 3711 exegetica
1050 3660 1149 3697 sua
1173 3644 1370 3711 pluries
1394 3656 1767 3711 commemorat
1799 3646 1894 3719 (e).
1929 3646 2267 3703 Scholiorum
2297 3649 2401 3703 sive
2422 3658 2789 3717 excerptorum
2816 3646 2867 3698 in
2907 3644 3154 3700 Evadunt
3190 3646 3386 3700 mentio
3421 3644 3478 3714 ﬁt
3511 3653 3578 3700 ab

314 3736 660 3806 Hieronymo,
694 3749 742 3792 et
782 3733 1008 3809 Origene
1035 3742 1149 3808 ipso
1182 3750 1371 3795 contra
1395 3744 1609 3798 Celsum
1637 3743 1747 3814 (f

384 3828 460 3883 De
491 3828 705 3883 scholiis
732 3831 787 3883 in
809 3829 1092 3884 Leviticum
1120 3840 1167 3884 et
1202 3828 1463 3888 Numeros
1491 3852 1553 3888 ac
1576 3835 2041 3891 Deuteronomium
2066 3838 2310 3907 loquitur
2336 3837 2541 3893 abunde
2576 3835 2624 3889 11
2632 3838 2824 3890 uelius.

378 3918 457 3975 De
486 3923 742 3988 excerptis
768 3923 827 3977 in
849 3921 1013 3977 Josue
1045 3928 1173 3979 satis
1193 3937 1396 3981 constat
1433 3943 1499 3981 ea:
1527 3926 1840 3982 Philocaliaz
1870 3931 2037 3998 capite
2064 3931 2151 3983 15.

383 4014 495 4071 Pro
526 4019 920 4073 commentariis
951 4020 1003 4072 in
1022 4018 1185 4075 libros
1213 4020 1411 4091 Regum
1449 4022 1607 4091 ﬁdem
1634 4022 1836 4091 faciunt
1878 4024 2097 4078 humilia
2132 4025 2206 4079 De
2236 4025 2681 4097 Engastrimytho
2706 4042 2865 4095 quam
2896 4028 3042 4077 vertit
3086 4024 3332 4088 Allatius,
3358 4032 3408 4075 et
3439 4020 3582 4076 Gai.

318 4114 559 4177 siodorus
592 4114 688 4186 (g),
715 4117 804 4183 qui
828 4117 985 4171 etiam
1011 4117 1076 4171 de
1106 4117 1335 4171 homiliis
1361 4120 1416 4173 in
1444 4119 1909 4173 Deuteronomium
1939 4131 1986 4173 et
2013 4121 2067 4172 in
2090 4118 2253 4187 Reges
2283 4132 2437 4190 atque
2464 4119 2873 4187 Paralipomena
2903 4127 3145 4172 testatur.

384 4203 493 4261 Pro
514 4211 838 4277 expositione
860 4211 914 4265 in
940 4209 1233 4265 Proverbia
1256 4215 1445 4267 adsunt
1489 4214 1783 4284 fragmenta
1815 4217 1959 4284 apud
2003 4212 2343 4283 Pamphilum
2379 4218 2433 4268 in
2464 4215 2745 4284 Apologia,
2785 4224 2833 4267 et
2864 4215 2919 4266 in
2951 4212 3149 4266 Catena
3197 4210 3518 4265 Mazaiiniat
3539 4224 3577 4265 a

311 4302 363 4357 in
389 4299 589 4357 Lucam
609 4320 726 4371 cap.
750 4319 864 4368 vut,
896 4322 944 4359 v.
972 4305 1027 4371 4,
1051 4324 1083 4361 a
1110 4307 1357 4362 Fabricio
1388 4307 1465 4377 (h)
1492 4320 1801 4362 memorata.

381 4392 458 4449 De
485 4394 622 4449 Jobo
641 4406 687 4448 et
712 4393 943 4450 Psalmis
967 4414 1047 4453 res
1080 4411 1152 4453 est
1184 4411 1335 4455 extra
1364 4402 1770 4453 controversiam
1797 4402 1990 4467 posita,
2018 4402 2153 4453 sicut
2180 4410 2227 4453 et
2257 4400 2319 4451 de
2341 4396 2746 4451 Commentariis
2778 4398 2831 4449 in
2866 4393 3175 4449 Matthtcum
3198 4406 3243 4447 et
3274 4394 3492 4447 Lucam.

384 4488 555 4543 Nemo
576 4491 753 4561 itaque
769 4508 894 4561 Jure
916 4492 980 4545 de
1009 4494 1311 4548 sinceritate
1334 4504 1790 4548 monumentorum
1819 4512 1936 4563 qua:
1962 4496 2238 4565 aﬁerimus
2274 4493 2536 4562 ambigere
2570 4501 2759 4560 potest,
2778 4494 3058 4545 accedente
3078 4492 3370 4559 pra-sertim
3412 4491 3569 4545 Har-

312 4583 582 4639 cianorum
608 4585 845 4638 codicum
875 4596 1197 4652 nostrorum,
1230 4602 1293 4641 ex
1321 4587 1511 4656 quibus
1540 4588 1914 4656 propemodum
1952 4594 2199 4643 universa
2241 4594 2453 4655 accepta
2478 4593 2622 4650 sunt,
2657 4587 2973 4638 auctoritate
3017 4583 3159 4654 apud
3207 4599 3385 4639 omnes
3431 4589 3567 4644 satis

378 4742 455 4813 (a)
485 4741 662 4797 Verba
700 4751 827 4813 sunt
891 4741 1232 4813 Bibliotheca
1273 4740 1649 4796 Gallandianaz
1698 4743 1874 4797 conti-
1980 4740 2085 4799 309
2122 4750 2175 4795 et
2198 4740 2349 4813 521),
2385 4757 2490 4797 non
2527 4751 2708 4813 tamen
2740 4742 2884 4796 inter
2908 4741 3125 4813 Scholia
3152 4743 3206 4796 in
3222 4743 3565 4805 Psalterium.

310 4810 557 4884 nuat'oris
588 4814 653 4882 (ι.
697 4811 833 4877 XlV,
875 4816 1034 4881 App.,
1071 4830 1121 4883 p.
1151 4812 1243 4882 5);
1275 4814 1341 4866 ad
1369 4830 1431 4866 ea
1469 4822 1719 4881 spectant
1747 4813 1875 4867 Ori-
1986 4815 2081 4884 sed
2115 4813 2166 4864 in
2194 4810 2517 4883 fragtiientis
2550 4811 2618 4884 ad
2643 4811 2878 4884 “ultumi
2909 4823 2960 4865 et
2991 4810 3151 4868 Luca:
3181 4813 3561 4884 Evangelium.

309 4884 461 4950 genis
495 4880 796 4952 fragmenta
841 4880 1291 4951 quie’vir'doctus
1320 4880 1536 4952 collegit
1575 4895 1631 4935 et
1662 4898 1758 4953 nos
1792 4898 1876 4937 re-
1984 4880 2651 4953 Jureergo'ungenuina
2715 4882 2825 4935 sint
2868 4883 2983 4935 haec
3033 4880 3370 4953 fragmenta,
3407 4885 3567 4938 dubi-

309 4953 548 5007 cutlentln
585 4954 941 5021 suscoepinms.
980 4953 1225 5021 Reliquis
1257 4951 1577 5019 fragmentis
1603 4952 1877 5021 peculiare
1987 4952 2135 5005 tandi
2167 4951 2339 5006 locus.
2374 4952 2757 5018 Fragmentum
2778 4963 3040 5020 premeres
3064 4951 3304 5021 epistola:
3328 4953 3395 5007 ad
3422 4956 3564 5007 Plio-

309 5022 565 5093 monitum
600 5023 879 5091 praeﬁxum
909 5032 992 5078 est
1020 5035 1076 5079 et
1107 5025 1227 5078 lous
1261 5025 1533 5080 indicatur
1571 5023 1717 5089 unde,
1741 5023 1875 5077 liau-
1986 5022 2121 5075 tium
2152 5033 2208 5075 et
2231 5025 2503 5077 Andream
2533 5022 2884 5093 presbyteros
2906 5021 3036 5093 (col.
3062 5021 3187 5093 _27)
3213 5023 3447 5093 Origeni
3468 5025 3563 5078 ab-

309 5091 494 5161 simns.
521 5088 677 5147 Enir.
708 5094 876 5147 Pun.
1979 5092 2333 5161 jndicandum
2362 5088 2545 5147 monet
2580 5088 3029 5148 Montel'alconius
3049 5088 3388 5147 Bibliotheca}
3410 5092 3562 5148 Cois-

378 5160 450 5232 (b)
479 5163 690 5215 Scholia
721 5164 776 5216 in
800 5163 1121 5232 Psalterium
1146 5168 1215 5219 ad
1240 5180 1432 5220 manus
1465 5161 1653 5217 habuit
1682 5162 1743 5217 D.
1770 5161 1875 5234 υθέ
1982 5160 2204 5234 liniana:
2260 5179 2312 5230 p.
2339 5164 2430 5229 ιι,
2459 5163 2692 5230 Origene
2725 5176 2920 5234 nempe
2943 5165 3200 5218 mendose
3243 5164 3420 5230 posito
3462 5180 3562 5234 pro

310 5229 455 5283 larue
482 5248 603 5305 cum
632 5236 696 5305 ad
719 5229 919 5287 tomum
954 5235 995 5288 ll
1022 5236 1272 5305 Origenis
1298 5235 1552 5305 praelatus
1580 5244 1686 5287 est.
1722 5251 1740 5283 ι
1766 5233 1872 5286 Sed
1981 5230 2190 5305 Severo.
2225 5229 2380 5305 cujus
2416 5229 2769 5305 memoratur
2809 5229 3160 5305 epistolauatl
3213 5229 3479 5305 Photiunf
3513 5252 3571 5293 et,

310 5310 514 5376 totum,
552 5301 911 5376 inquit,_opus
960 5305 1088 5376 illud
1122 5300 1356 5376 'Orige'ni
1382 5305 1714 5376 suppositmn
1749 5317 1870 5376 esse
1978 5304 2251 5376 Andream
2289 5300 2368 5359 'in
2390 5304 2591 5376 _codice
2638 5300 2672 5355 8
2723 5300 2965 5372 eiusdem
3026 5302 3280 5359 Biblioth.
3305 5301 3567 5376 Coislin.,

310 5370 393 5444 vel
426 5370 710 5444 indesatis
734 5370 901 5444 liquet
922 5375 1066 5444 quod
1100 5376 1193 5428 ubi
1223 5370 1287 5429 de
1318 5370 1748 5443 MariaVirgine,
1784 5372 1869 5426 vel
1978 5386 2031 5441 p.
2061 5371 2353 5444 ‘4‘.“EDIT.
2389 5374 2559 5429 Pun.

310 5440 395 5513 ubi
420 5441 486 5513 de
531 5439 695 5513 Patre
731 5439 956 5513 et’AFilio'
976 5455 1030 5513 et
1079 5446 1285 5513 Spiritu
1324 5456 1516 5499 sancto
1547 5439 1865 5513 sermo‘est,
1982 5439 1990 5441 θ
2024 5440 2120 5513 .(c)
2151 5442 2224 5498 Η.
2251 5444 2318 5500 Ε.
2346 5461 2423 5508 νι,
2451 5445 2587 5509 ‘24.,

310 5510 392 5564 illa
427 5510 632 5585 diserte
655 5508 937 5578 Θεοτόκος,
985 5506 1152 5569 Filius
1190 5529 1372 5569 autem
1407 5506 1872 5585 Palribpooz'istoc

993 5506 1152 5569 Filius
1190 5529 1372 5569 autem
1407 5506 1872 5585 Palribpooz'istoc
2049 5506 2126 5585 (tl?)
2161 5513 2281 5569 Lib.
2309 5506 2548 5585 χήρην.

308 5581 659 5659 praedicatur;
696 5597 815 5659 quae
840 5598 998 5637 voces
1019 5585 1336 5659 scripturem
1368 5602 1471 5659 non
1503 5581 1676 5639 solun;
1698 5584 1868 5659 sy'no-
2048 5581 2538 5659 (e)7Fabric_._Bibl.
2569 5584 2662 5640 Gr.
2701 5596 2829 5642 tom.
2855 5585 2925 5653 γ,
2952 5601 3077 5659 pag.
3107 5586 3235 5643 25!.

284 5650 374 5715 ,do
415 5649 651 5726 micante,
689 5649 805 5726 sed
833 5664 888 5726 et
915 5649 1150 5713 concilio
1197 5655 1470 5724 Epliesino
1507 5649 1869 5726 recentiorem
2049 5649 2065 5718 ἰ
2086 5649 2144 5726 1³)
2175 5656 2461 5726 Pag._i9.’i.

310 5722 662 5801 arguunt._Ab
794 5721 1199 5801 igituredeudis
1227 5721 1452 5801 scholiis
1483 5724 1866 5801 abstinendus}:
2049 5721 2135 5801 (ω’
2160 5721 2278 5801 om;
2309 5724 2493 5787 lnstit.
2525 5743 2680 5801 capp.
2717 5728 2738 5783 ί
2773 5738 2829 5783 el
2857 5728 2913 5783 2.

308 5804 424 5850 esse
459 5791 610 5850 duxi.
638 5811 657 5845 ι
703 5791 876 5848 Voces
916 5795 1001 5849 hic
1047 5805 1245 5854 notata:
1284 5796 1537 5865 leguntur
1571 5793 1711 5849 inira
1737 5792 1865 5865 (col.
2052 5791 2131 5867 (It)
2163 5795 2290 5852 Loc.
2321 5809 2422 5860 cit,

620 5883 891 5947 PATBOL.
919 5887 1035 5949 (in.
1070 5887 1276 5949 XVII.
