4186 6464
599 376 656 430 ιιι
1462 367 2021 425 SUPPLEMENTUM
2057 368 2146 421 AD
2184 366 2504 421 ORICENIS
2547 365 2958 421 EKEGETICA.
3125 376 3136 386 '
3775 369 3844 425 η

593 495 974 549 commendata.
1010 491 1221 546 Accedit
1250 490 1385 544 illud
1410 495 1550 559 quod
1574 498 1620 543 et
1653 490 1707 540 in
1737 485 2041 540 Nannianis
2074 487 2362 549 codicibus,
2381 502 2602 555 quorum
2634 465 2906 555 catalogus
2932 485 3071 539 breui
3092 485 3534 554 prodibit,eadem
3561 485 3846 555 aliquando

594 598 872 645 recurrunt
906 587 1120 640 totidem
1145 585 1337 647 verbis,
1367 594 1416 638 et
1451 585 1724 638 uniuersus
1754 589 2145 640 commentandi
2173 588 2358 640 modus
2394 587 2672 656 0rigenem
2706 587 2897 654 ubique
2921 585 3118 638 redolet
3144 603 3206 637 ac
3225 587 3421 652 prodit.

661 682 808 735 Illud
839 696 1042 750 quoque
1063 679 1129 732 ad
1157 676 1666 730 commendationem
1701 676 2114 746 fragmentorum
2139 681 2326 731 horum
2361 678 2570 731 silentio
2600 693 2703 731 non
2745 689 2821 731 est
2855 679 3299 746 praetereundum,
3327 678 3468 747 quod
3501 687 3687 745 preter
3724 694 3849 730 eru-

594 775 702 826 dita
727 772 916 836 multa,
944 788 1035 824 nec
1069 770 1196 823 alibi
1227 769 1454 837 fortasse
1477 769 1812 832 invenienda,
1841 771 2086 839 dogmata
2111 772 2269 822 etiam
2301 770 2605 823 Christiana
2634 771 2887 823 adversus
2923 785 3256 838 aggressores
3289 785 3468 822 eorum
3513 770 3735 836 feliciter
3761 789 3850 823 as-

591 879 856 922 seruntur.
887 864 1059 917 Primi
1085 863 1289 933 generis
1317 863 1476 930 fuerit
1504 863 1638 914 illud
1662 863 1801 923 quod
1828 862 1957 930 legis
1987 865 2054 915 ad
2097 862 2291 916 Matth.
2325 880 2441 929 cap.
2483 877 2656 923 xxv",
2686 881 2733 915 ιν.
2772 864 2869 920 17.
2906 861 3163 914 Barabbc
3205 878 3390 914 nomen
3436 861 3600 927 fuisse
3640 857 3847 925 Jnsnnt,

593 965 771 1031 itaque
803 962 988 1030 legisse
1016 959 1368 1013 vetustissima
1401 957 1727 1024 exemplaria
1753 971 1771 1008 :
1805 957 1976 1023 Quem
2010 959 2175 1012 vultis
2213 958 2280 1012 de
2320 957 2406 1011 his
2435 957 2645 1011 duobus
2671 958 2941 1010 dimittam
2979 955 3371 1011 vobisHesum
3408 955 3731 1016 Barabbam,
3764 957 3848 1011 vel

595 1057 777 1112 Iesum
809 1057 902 1125 qui
937 1055 1136 1109 dicitur
1163 1052 1450 1107 Christus?
1474 1051 1603 1115 Quae
1630 1068 1755 1104 sane
1785 1051 1943 1104 lectio
1969 1052 2175 1105 videtur
2195 1052 2349 1105 modo
2377 1052 2625 1120 loquendi
2659 1051 2988 1120 evangelista:
3011 1051 3094 1103 ltic
3130 1060 3385 1117 usurpato
3414 1052 3698 1104 admodum
3724 1067 3849 1104 con.

590 1149 980 1222 gruentissima.
1014 1146 1145 1201 Item
1173 1147 1306 1199 illud
1341 1145 1486 1198 Psal.
1514 1160 1701 1209 xxxvr,
1728 1162 1776 1197 υ.
1816 1145 1911 1207 24,
1939 1147 2025 1198 ubi
2059 1146 2277 1208 dicitur,
2308 1147 2361 1197 in
2392 1145 2647 1211 agonibus
2683 1144 2971 1212 aliquando
2998 1143 3087 1211 qui
3124 1145 3266 1195 cadit
3312 1142 3530 1196 vincere
3575 1143 3696 1195 tria.
3732 1140 3849 1205 Quo

590 1245 809 1305 miri/ice
825 1260 1004 1297 eorum
1033 1243 1289 1296 sententia
1314 1241 1680 1307 conﬁrmatur,
1702 1242 1792 1310 qui
1818 1242 2003 1293 docent
2030 1244 2098 1293 ad
2123 1241 2451 1307 referendam
2475 1239 2707 1308 palmam
2731 1239 2962 1292 victoria'
2979 1240 3032 1291 in
3055 1240 3309 1308 agonibus
3336 1238 3593 1291 athleticis
3617 1250 3696 1290 ter
3720 1254 3849 1303 opus

590 1333 752 1401 fuisse
785 1333 1068 1401 profligare
1112 1331 1495 1394 adversarium,
1526 1329 1590 1381 de
1620 1345 1722 1398 quo
1757 1331 1997 1381 nonnulli
2021 1330 2282 1382 immerito
2301 1330 2545 1382 dubitant
2577 1332 2718 1394 apud
2752 1328 3001 1384 Poterum
3034 1330 3148 1382 loco
3179 1347 3210 1382 a
3241 1331 3390 1383 nobis
3419 1332 3488 1383 ad
3512 1330 3660 1383 illum
3687 1331 3850 1382 versi-

591 1425 768 1479 culum
804 1426 1050 1477 excitato.
1079 1423 1218 1487 Quid
1246 1424 1366 1474 item
1398 1423 1462 1472 sit
1504 1421 1880 1491 στηλογραφία
1936 1425 1989 1474 in
2035 1423 2188 1473 titulo
2211 1421 2346 1488 psal.
2375 1437 2464 1483 xv,
2493 1432 2540 1474 et
2568 1423 2655 1488 qui
2677 1423 2792 1491 ejus
2823 1440 2948 1476 usus
2979 1426 3118 1491 apud
3143 1433 3359 1486 reteres,
3382 1439 3447 1476 ex
3473 1424 3614 1476 hisce
3638 1423 3849 1476 scholiis

591 1529 828 1587 apparet.
860 1517 1151 1570 Sinceritas
1178 1533 1379 1586 quoque
1428 1533 1488 1568 ac
1528 1517 1821 1586 γνησιότης
1857 1517 2106 1570 uersiculi
2133 1518 2197 1570 de
2230 1519 2420 1570 sudore
2441 1515 2640 1570 Christi
2679 1520 2945 1571 stabilitur
2972 1536 2988 1570 :
3018 1535 3134 1587 quin
3160 1520 3399 1572 similiter
3429 1518 3850 1584 confirmaturex

591 1630 738 1682 teque
785 1623 983 1666 uetusto
1025 1614 1322 1680 interprete,
1350 1623 1402 1663 ut
1445 1614 1496 1664 in
1526 1612 1778 1680 Dionysio
1811 1613 2175 1666 Alexandrino
2209 1613 2467 1665 diximus.
2505 1611 2840 1665 Variantium
2886 1630 3089 1682 quoque
3139 1613 3418 1667 lectionum
3451 1614 3583 1666 bona
3611 1627 3773 1680 seges,
3798 1617 3848 1663 cl

593 1705 926 1760 Samaritani
955 1707 1149 1759 codicis
1185 1709 1475 1758 auctoritas
1500 1708 1783 1760 identidem
1823 1708 1967 1760 nobis
2005 1710 2339 1776 proponitur,
2373 1719 2430 1761 ut
2466 1718 2660 1762 ca'tera
2689 1710 2848 1762 missa
2875 1710 3163 1778 faciamus.

672 1802 934 1871 Dogmata
959 1804 1083 1870 ﬁdei
1107 1802 1452 1867 Christiana’,
1483 1804 1786 1856 traditionis
1810 1805 1932 1857 item
1975 1804 2367 1868 ecclesiasticae,
2407 1815 2455 1858 et
2494 1820 2599 1858 non
2633 1806 2849 1874 scriptae
2879 1807 3199 1858 exstantium
3233 1821 3295 1857 ac
3337 1806 3608 1858 ceritatem
3634 1820 3726 1870 rer
3744 1804 3845 1855 Itu-

559 1895 825 1962 jusmodi
851 1895 1143 1965 fragmenta
1179 1897 1445 1950 cumulate
1475 1898 1784 1964 conﬁrmari
1821 1916 1882 1951 ac
1914 1900 2145 1952 stabiliri
2169 1900 2351 1969 liquet.
2376 1902 2542 1954 Deum
2571 1916 2686 1954 esse
2709 1902 3073 1969 incorporeum
3097 1911 3143 1953 et
3169 1917 3285 1969 qucc
3307 1900 3649 1966 corporaliter
3672 1901 3736 1952 de
3756 1899 3849 1951 illo

591 1991 860 2054 dicuntur,
909 2001 963 2042 ut
1015 1991 1180 2044 Deum
1213 1993 1427 2045 addecet
1457 2010 1567 2046 esse
1600 1993 1963 2063 intelligenda,
2013 1995 2245 2064 nihilque
2285 1995 2406 2049 inde
2426 1994 2607 2063 juvari
2653 1994 3312 2064 Anthropomorphitarum
3350 1995 3571 2055 deliria,
3601 2003 3740 2058 patet
3785 2009 3850 2044 ex

593 2085 809 2140 scltolt'is
837 2089 891 2140 in
913 2088 1051 2156 psal.
1078 2102 1200 2156 xm,
1228 2107 1275 2146 υ.
1308 2090 1362 2142 2.
1390 2089 1488 2144 Dei
1514 2091 1899 2159 providentiam
1923 2095 1991 2145 ad
2023 2095 2240 2146 minima
2267 2109 2482 2164 qua'que
2507 2110 2562 2148 se
2592 2095 2890 2158 extendere,
2927 2104 3134 2146 constat
3167 2109 3229 2146 ex
3250 2093 3638 2146 commentariis
3669 2093 3721 2144 in
3747 2089 3848 2142 Job

559 2225 568 2232 .
593 2195 683 2245 ιι,
711 2181 766 2235 5.
802 2184 914 2236 Vim
951 2201 1012 2237 ac
1038 2188 1402 2240 necessitatem
1428 2189 1635 2256 gratiae,
1659 2186 1958 2242 libertatem
1982 2189 2105 2242 item
2129 2189 2364 2256 arbitrii,
2394 2189 2591 2258 passim
2630 2189 2996 2244 commendata
3023 2190 3282 2242 invenies.

575 2327 3816 2363 ’ψ’-’.Ε

3669 2365 3674 2368 .
3741 2355 3818 2370 .a‘

1328 2489 2268 2622 ΩΡΙΓΕΝΟΥΣ
2373 2483 3120 2618 ΕΚΛΟΓΑΙ

1695 2730 1865 2816 ΕΙΣ
1903 2732 2131 2815 ΤΗΝ
2170 2719 2784 2814 ΓΕΝΕΣΙΝ·(¹).

992 3025 1581 3118 ORIGENIS
1649 3021 2591 3119 ADNOTATIONES
2666 3022 2786 3110 IN
2871 3011 3439 3108 GENESIM.

1797 3218 1888 3279 (Ex
1918 3217 2227 3267 Bibliotheca
2251 3211 2610 3274 Gallandiana.)

1231 3439 1383 3495 CAP.
1425 3439 1532 3494 VII.

2881 3429 2954 3498 (δ)
2985 3428 3140 3481 nec.
3178 3428 3250 3480 z'.

591 3526 660 3585 ν.
689 3523 748 3604 ᾎ.
782 3530 900 3601 Ego
924 3532 1130 3585 adduco
1156 3531 1386 3604 pluviam
1402 3547 1560 3599 super
1588 3541 1786 3604 te_rram
1800 3534 2167 3604 quadraginta

2275 3531 2419 3604 Στιχ.
2451 3525 2514 3580 δ’.
2563 3522 2709 3604 Ἐγῲ
2743 3522 2940 3604 ἐπάνω
2977 3521 3153 3604 ὑετὸν
3180 3519 3317 3587 (ἐπὶ)
3347 3518 3458 3604 τὴν
3485 3518 3599 3586 γῆν
3629 3527 3847 3604 τξσσα..

665 3592 910 3666 Δίεσ,ἐι
956 3592 1310 3669 quadraginta
1362 3592 1556 3656 nocles.
1617 3600 1685 3654 Et
1723 3592 1902 3656 delebo
1965 3592 2168 3656 omnem

2339 3592 2605 3669 ρἆονζα
2651 3592 2937 3669 ἠμέρας-,ο
2960 3592 3055 3643 καὶ
3107 3592 3554 3669 τεςσσιςρὶκοντη
3603 3593 3847 3669 minute.

666 3657 1105 3746 exsurrectionem
1147 3657 1246 3746 (fl),
1280 3687 1437 3740 quam
1471 3671 1594 3738 feci,
1637 3689 1668 3725 a
1709 3672 1847 3740 facie
1889 3676 2167 3738 terra,“

2339 3657 2455 3723 'Kal
2503 3657 2805 3731 ἐξαλέῖψὼ
2852 3657 3064 3746 ίπᾶσυαν
3109 3660 3229 3739 rip:
3267 3659 3710 3746 ἐξιρίὶινςαεηξ..
3769 3657 3850 3744 ἣν

669 3732 1480 3810 homineadusqtteju'ine'ntum.'
1580 3732 1590 3737 ⁷
1709 3732 1720 3740 ’
2064 3732 2076 3738 ⁷

2343 3738 2622 3818 ἐποίησα,
2650 3734 2767 3820 άέξὸ
2801 3732 3122 3799 προσώπου
3159 3732 3268 3798 τῆς
3309 3732 3439 3799 γῆς,
3480 3733 3595 3783 ἀπιῖ
3630 3732 3850 3796 ἀγριώ-

2341 3821 2456 3861 που
2483 3824 2592 3871 εως
2623 3821 2898 3869 κτηνους.

2344 3901 2409 3952 Τί
2441 3899 2636 3969 δήποτε
2669 3895 2746 3967 τῷ
2778 3894 3144 3964 κατακλυσμῷ
3167 3893 3235 3946 τὰ
3260 3893 3368 3946 τῶν
3392 3892 3689 3961 ἀνθρώπων
3713 3892 3850 3961 πλή-

2273 3992 2340 4061 6η
2388 3990 2691 4060 διέφθειρεν
2730 4005 2745 4053 ;
2793 3987 3101 4056 Ἐξαλεῖψαι
3143 3985 3236 4038 τοῦ
3269 3983 3406 4037 Κάῖν
3439 3984 3499 4034 τὸ
3545 3984 3699 4049 γένος
3726 3983 3853 4052 ἠθέ-

2273 4085 2433 4156 λησε’
2469 4081 2702 4153 ἀνεμίγη
2730 4082 2785 4134 δὲ
2813 4081 2960 4149 αὐτῷ
2985 4081 3080 4132 καὶ
3111 4079 3220 4129 τῶν
3247 4077 3486 4129 εὐσεϐῶν
3520 4078 3552 4144 ὴ
3579 4075 3736 4144 φυλή·
3773 4075 3856 4128 διὸ

2274 4177 2364 4230 καὶ
2397 4176 2497 4245 τῆς
2528 4174 2796 4246 τιμωρίας
2830 4173 3184 4242 μετέσχηκεν.
3231 4167 3427 4238 Ἀρχὴν
3447 4167 3500 4218 δέ
3529 4183 3647 4218 τινα
3669 4164 3851 4218 καινοιῦ

2275 4267 2389 4338 βίου
2425 4266 2754 4338 ποιήσασθαι
2791 4262 3069 4332 βουληθεὶς
3091 4301 3106 4325 ,
3141 4260 3230 4312 τὸν
3263 4260 3384 4313 Νῶε
3418 4260 3508 4311 καὶ
3536 4261 3661 4322 τοὺς
3707 4259 3851 4312 exele-

2273 4379 2364 4414 νου
2394 4361 2588 4422 παῖδας
2614 4359 2710 4410 σὺν
2741 4358 2863 4418 ταῖς
2886 4353 3099 4422 γυναιξὶ
3131 4353 3465 4424 διετήρησεν,
3497 4352 3695 4421 εὐσεῦῆ
3724 4352 3853 4404 ὄντα

2273 4451 2368 4504 καὶ
2407 4449 2645 4513 δίκαιον,
2701 4449 2794 4500 καὶ
2847 4450 2912 4499 ἐκ
2955 4447 3056 4516 τῆς
3102 4445 3209 4497 τῶν
3255 4446 3530 4514 συγγενῶν
3571 4444 3855 4504 εὐσεϐείας

2279 4538 2678 4610 βλαστήσαντα,
2702 4539 2795 4591 καὶ
2826 4539 2925 4608 τὴν
2957 4537 3056 4606 τῆς
3083 4539 3423 4608 παρανομίας
3457 4538 3735 4606 ἐπιμιξίαν
3768 4554 3855 4605 μι-

596 4625 906 4688 misturam,
933 4638 1053 4693 qua:
1079 4633 1268 4678 contra
1293 4623 1440 4693 leges
1464 4633 1600 4677 erat.
1628 4624 1780 4678 Haud
1808 4640 1958 4690 vero,
1985 4637 2040 4678 ut
2063 4628 2170 4694 qni-

2279 4630 2619 4706 σήσαντα.οὺ
2642 4632 2766 4702 μὴν,
2784 4629 2858 4694 ὥς
2873 4631 3014 4694 τινές
3034 4647 3213 4705 φασιν,
3237 4631 3371 4701 ὀργῇ
3396 4631 3470 4700 (ὦ)
3489 4647 3592 4681 τινι
3613 4631 3703 4682 καὶ
3723 4644 3854 4698 μιτ-

597 4719 722 4772 dam
756 4717 963 4781 dicunt,
994 4717 1073 4770 ira
1089 4717 1342 4784 quapiam
1367 4716 1451 4769 vel
1476 4716 1795 4784 pmnitentia
1830 4717 2016 4772 istltazc
2043 4718 2170 4772 ell'e-

2277 4723 2507 4794 αμελείᾳ
2545 4722 2718 4776 ταῦτα
2754 4721 3038 4791 πεποίηκε.
3075 4720 3260 4774 Ταῦτα
3292 4721 3398 4790 γάρ
3429 4736 3509 4771 τοι
3543 4719 3854 4789 ἀνθρώπινα

577 4810 692 4865 ἐὴ.
745 4807 882 4864 Sunt.
913 4809 1055 4863 enim
1092 4809 1174 4862 ha:
1216 4805 1529 4862 affectiones
1567 4809 1820 4862 ltumame
1852 4827 1864 4860 :
1897 4819 1950 4862 et
1992 4810 2170 4864 divina

2279 4789 2425 4884 πάθη
2450 4831 2463 4844 ·
2484 4789 2532 4884 ’ἡ
2566 4814 2622 4866 δὲ
2657 4813 2774 4867 θεία
2808 4789 2989 4882 φύσιξ,
3021 4812 3281 4884 ἐλευθέρα
3316 4789 3522 4864 παθῶν.
3562 4808 3769 4871 Ἀλλως
3795 4825 3854 4861 τε

594 4911 790 4957 natura
818 4902 883 4955 ab
913 4899 1289 4954 aﬂectionibus
1321 4901 1579 4954 immunis
1595 4911 1698 4955 est.
1725 4899 1990 4955 Prmterea
2007 4903 2169 4956 etiam

2280 4908 2312 4976 η
2351 4905 2679 4976 μεταμέλεια
2711 4909 2822 4968 τοῖς
2859 4904 2992 4974 μετὰ
3023 4906 3119 4974 τὴν
3162 4906 3356 4973 πεῖραν
3392 4903 3717 4973 μανθάνουσι
3747 4900 3856 4951 τῶν

572 4993 915 5063 .ptenitentia
935 4992 1160 5047 ‘caditin
1191 5007 1302 5057 eos,
1333 4993 1426 5061 qui
1459 5003 1579 5062 post
1601 4994 1933 5062 experientia
1967 5009 2085 5063 qua:
2103 4994 2170 5048 sit

2279 4998 2620 5067 πραγμάτων
2656 4997 2752 5067 τὴν
2799 4995 2959 5062 φύσιν
3002 4994 3365 5064 κατάλληλος·
3415 4988 3533 5045 εἶτα
3573 4996 3637 5061 τῇ
3691 4991 3858 5064 πείρᾳ

593 5099 778 5140 rerum
804 5095 994 5138 natura
1018 5085 1327 5138 didicerunt
1347 5103 1361 5138 :
1380 5087 1469 5152 qui
1488 5095 1772 5153 postquam
1795 5087 2170 5154 experimento

2281 5086 2638 5156 μανθάνοντες
2666 5086 2740 5147 ὼς
2765 5085 2863 5138 οὐκ
2886 5084 3060 5156 ὀρθῶς
3091 5083 3494 5142 ἐϐουλεύσαντο,
3523 5081 3858 5151 μεταμέλον-

596 5176 909 5239 didicerint,
940 5191 998 5229 se
1025 5176 1168 5229 haud
1200 5186 1350 5230 recte
1375 5175 1737 5242 consuluisse,
1779 5183 1907 5229 tunc
1952 5177 2166 5229 demum

2275 5191 2384 5228 ται.
2433 5177 2490 5228 Ὀ
2519 5175 2576 5228 δὲ
2607 5176 2738 5238 Θεὸς
2774 5175 2943 5236 οὓτως
2976 5175 3077 5244 ὁρᾷ
3117 5175 3183 5226 τὰ
3217 5173 3355 5244 μετὰ
3386 5172 3583 5235 mihi;
3621 5172 3856 5241 ἐσόμενα

591 5267 913 5336 poenitentia
943 5265 1234 5320 ducuntur.
1268 5265 1338 5318 At
1372 5263 1513 5319 Deus
1548 5264 1630 5317 sic
1661 5263 1903 5317 intuetur
1933 5280 2019 5318 res
2050 5272 2170 5332 post

2278 5266 2488 5334 γενεὰς,
2523 5267 2596 5329 ὡς
2627 5267 2726 5336 ἥδη
2759 5265 3115 5334 γεγενημένα.
3155 5265 3239 5327 Ὠς
3274 5263 3516 5334 προορῶν
3549 5262 3727 5313 τοίνυν
3763 5261 3856 5311 καὶ

594 5360 794 5414 multas
816 5361 1190 5430 generationes
1227 5359 1438 5426 futuras
1459 5398 1473 5420 ,
1514 5368 1572 5413 ut
1605 5372 1699 5412 eas
1725 5372 1843 5424 qua:
1874 5356 1982 5424 jam
2014 5356 2170 5410 lacus:

2277 5358 2696 5428 προγινώσκων,
2731 5358 2900 5419 οὕτως
2947 5358 3159 5409 ἅπαντα
3191 5356 3531 5427 πρυτανεύει.
3563 5353 3854 5422 Τίβήποτε

595 5463 740 5506 sunt.
773 5453 880 5507 Ceu
925 5453 1228 5522 praevidens
1275 5451 1455 5518 itaque
1492 5457 1546 5503 et
1573 5462 2056 5517 praecognoscens,
2091 5448 2170 5502 sic

2276 5452 2454 5504 τοίνυν
2487 5450 2867 5522 μεταμέλεται,
2897 5450 3112 5503 ἅπαντα
3147 5450 3281 5521 πρὸς
3311 5449 3409 5519 τὴν
3430 5449 3736 5520 πρόγνωσιν
3755 5444 3852 5514 τὴν

669 3894 910 3948 Curnam
951 3891 1158 3946 diluvio
1203 3891 1482 3944 hominum
1555 3890 1932 3948 multitudines
1963 3893 2166 3964 .perdi-

541 4027 552 4034 .
591 3983 922 4040 dit?Delere
951 3982 1103 4038 Caini
1149 3999 1318 4053 genus
1352 3984 1522 4037 voluit
1561 4001 1576 4035 :
1611 3985 1892 4038 commista
1935 3999 2058 4039 cum
2106 3998 2172 4038 eo

597 4075 778 4132 fuerat
832 4076 1042 4145 piorum
1116 4089 1332 4145 quoque
1383 4076 1557 4130 tribus
1597 4093 1612 4130 :
1661 4087 1946 4147 propterea
1996 4091 2172 4146 ptena:

595 4168 763 4222 etiam
789 4167 1130 4235 participium
1155 4165 1362 4221 habuit.
1390 4166 1607 4221 Initium
1627 4183 1757 4223 vero
1783 4169 2000 4238 aliquod
2020 4186 2171 4226 novae

594 4261 722 4316 vita:
759 4259 971 4315 efﬁcere
1001 4275 1122 4314 cum
1159 4259 1338 4325 vellet,
1383 4258 1496 4315 Noe
1539 4261 1761 4331 ejusque
1806 4261 2010 4317 liberos
2045 4279 2169 4317 cum

594 4353 859 4408 uxoribus
897 4354 1160 4416 servavit,
1204 4352 1402 4422 quippe
1430 4353 1521 4420 qui
1566 4353 1685 4422 plus
1722 4362 1843 4408 erat
1875 4362 1931 4407 et
1959 4353 2170 4422 justus,

595 4443 975 4513 originemque
997 4458 1152 4496 suam
1180 4443 1412 4497 ducebat
1452 4459 1481 4496 a
1509 4445 2033 4514 consanguineorum
2064 4450 2172 4516 pie-

596 4545 747 4601 tate,
812 4534 938 4590 odio
980 4549 1193 4603 quoque
1244 4537 1670 4603 prosequebatur
1723 4551 1844 4589 eam
1910 4551 2170 4606 generum

667 5569 745 5636 (l)
785 5568 861 5620 Ex
891 5568 1011 5621 cod.
1052 5567 1256 5619 Veneto
1287 5580 1374 5617 xv.

672 5632 746 5704 (2)
783 5639 846 5689 ll.
909 5653 959 5690 e.
1017 5637 1373 5688 substantiam
1415 5634 1496 5686 vel
1549 5640 1822 5688 naturam.
1873 5632 1964 5687 Sic
2029 5633 2170 5689 belle

593 5711 884 5764 exhibetur
917 5706 1238 5759 Hebraicutn
1268 5703 1458 5768 iekum.

672 5779 746 5843 εὖ)
776 5777 962 5846 Capita
1005 5785 1057 5831 et
1106 5790 1357 5830 versuum
1422 5789 1675 5832 numeros
1731 5774 1845 5843 ipse
1899 5774 2156 5831 adnotavi

2285 5567 2502 5637 ubique,
2536 5567 2602 5621 ad
2641 5569 2940 5621 editionem
2984 5567 3105 5620 cod.
3145 5564 3494 5620 Alexandrini
3555 5561 3857 5629 Breitinge-

2279 5638 2510 5708 rianam,
2537 5639 2720 5708 Tiguri
2745 5637 2900 5690 i750.

2342 5707 2416 5779 (4)
2455 5710 2544 5764 Sic
2576 5703 2914 5765 correximus
2934 5705 3156 5762 verbum
3190 5703 3492 5771 nilti'li'épﬁ.

3867 3323 3876 3354 l
