4186 6386
352 336 421 398 ts
1041 347 1048 354 '
1677 324 1932 397 ADNOT.

2079 327 2322 396 GENES.
3557 341 3628 403 tt

349 460 568 517 οἰκείαν
598 457 930 530 οἰκονομῶνς
959 458 1168 533 Οὐϊιοῐξν
1199 460 1292 513 ἐπὶ
1323 458 1458 512 Θεοῦ
1507 459 1835 530 μεταμέλεια
1867 463 1944 514 οἰ-

2051 459 2300 513 universa
2345 459 2680 513 moderatur.
2724 457 2824 525 Qui
2869 458 3036 530 igitur
3088 459 3317 530 paenitet
3347 475 3492 524 eum,
3533 465 3627 533 qui

351 571 416 609 κο
430 550 623 623 νομίας
671 549 962 622 μεταϐολή·
994 530 1406 620 Μεταμέλομαι
1437 549 1568 622 γὰρ,
1603 552 1768 621 φησιν
1791 591 1806 614 ,
1855 549 1948 605 ὅτι

2051 551 2232 606 omnia
2256 567 2324 606 ex
2351 552 2572 621 propria
2593 553 2924 622 pramotione
2950 553 3330 608 administrat?
3353 530 3632 611 Paeniten-

349 646 610 714 κέκρικα
642 643 748 698 τὸν
789 641 990 697 Σαοὺλ
1020 644 1108 708 εἰς
1143 642 1442 707 ,βασιλέαο
1473 642 1594 695 ἀντὶ
1634 641 1750 694 τοῦ-
1789 641 1950 696 Εὑδο-

2054 644 2127 698 tia
2162 643 2327 714 igitur
2354 644 2408 699 in
2441 645 2572 711 Deo,
2605 647 2833 701 mutatio
2866 655 2949 702 est
2982 647 3362 716 providentiae.
3397 647 3642 723 Paenitet

359 742 574 809 κίμασα
603 736 702 810 μὲν
736 736 942 792 παῦσαι
974 735 1186 801 τοῦτον,
1232 735 1417 808 ἕτερον
1448 735 1505 788 δὲ
1545 734 1946 806 χειροτονῆσαι.

359 827 519 882 Οὕτω
551 825 830 881 κάνταῦθα
853 843 866 856 ·
902 823 1310 896 Ἐνεθυμήθην,
1340 825 1422 877 ὅτι
1468 821 1696 892 ἐποίησα
1741 821 1950 892 ἄνθρω-

361 933 500 975 πονο
543 919 844 990 ὲδοκίμασα
893 917 1127 972 διολέσαι
1165 915 1273 970 τῶν
1317 913 1622 986 ἀνθρώπιον
1654 913 1716 967 τὸ
1764 912 1944 982 γένος.

374 1012 536 1066 Ἀλλὰ
582 1011 962 1083 φιλάνθρωπος
1007 1008 1116 1074 ὢν,
1152 1007 1374 1080 σπέρμα
1402 1006 1495 1060 τὸν
1539 1005 1662 1060 Νῶε
1686 1008 1752 1077 τῇ
1788 1005 1949 1076 φύσει

360 1107 688 1178 τετήρηκεν.
729 1103 943 1175 Ἐπειδὴ
977 1103 1034 1157 δὲ
1065 1105 1160 1158 καὶ
1195 1103 1304 1157 τῶν
1334 1101 1544 1170 ἀλόγων
1583 1101 1651 1155 τά
1683 1089 1816 1173 γένη
1849 1102 1949 1173 τῆς

361 1197 472 1251 τῶν
511 1193 816 1268 ἀνθρώπων
855 1195 1045 1248 εἵνεκα
1089 1193 1525 1266 δεδημιούργηκε
1578 1193 1798 1264 χρείας·
1853 1193 1948 1247 καὶ

361 1288 537 1343 ταῦτα
557 1291 672 1352 τοῖς
707 1286 1014 1360 ἀνθρώποις
1045 1287 1429 1360 συνδιεφθάρη,
1465 1287 1602 1358 πλὴν
1635 1286 1744 1341 τῶν
1779 1289 1837 1341 ὲν
1877 1289 1946 1358 τῇ

363 1377 584 1450 κιϐωτῷ
607 1379 705 1432 σὺν
736 1378 813 1450 τῷ
837 1378 959 1431 Νῶε
991 1377 1480 1448 διαφυλαχθέντων.
1522 1378 1807 1433 Ἐκέλευσε
1835 1379 1947 1451 γάρ

362 1473 395 1526 ὁ
423 1471 689 1541 δεσπότης
709 1469 843 1534 Θεὸς
873 1469 976 1523 ἀνά
1005 1469 1097 1523 δύο
1128 1470 1224 1541 μὲν
1258 1468 1318 1534 ἐξ
1349 1471 1578 1524 ἑκάστου
1611 1471 1798 1539 γένους
1838 1470 1947 1524 τῶν

363 1560 664 1615 δοκούντων
695 1559 1020 1634 ἀκαθάρτων
1063 1557 1414 1629 διασωθῆναι,
1442 1560 1545 1613 ἀνὰ
1586 1561 1725 1614 ἑπτά
1757 1562 1814 1614 δὲ
1838 1561 1948 1614 τῶν

366 1653 643 1726 καθαρῶν.
691 1651 906 1722 Ἐπειδὴ
951 1653 1062 1724 γάρ
1107 1652 1307 1724 ’ήμελλε
1359 1657 1658 1726 συγχωρεῖν
1702 1659 1814 1718 τοῖς
1856 1657 1949 1708 άν-

365 1745 606 1818 θρὼποις
641 1745 1076 1818 μεταλαμϐάνειν
1104 1745 1281 1819 κρεῶν
1300 1786 1314 1810 ,
1349 1745 1580 1816 ήμελλον
1629 1746 1686 1799 δὲ
1729 1747 1821 1801 καί
1854 1747 1948 1801 θυ-

2051 750 2154 801 me,
2186 736 2384 806 inquit,
2417 737 2811 806 quodjudicavi
2834 737 2973 794 Saul
2994 741 3049 791 in
3074 755 3243 808 regem
3271 739 3314 804 ¹;
3340 741 3481 810 quod
3517 750 3627 806 est,

2053 827 2237 881 Visum
2267 827 2394 881 tnihi
2421 828 2563 882 hunc
2599 829 2815 898 quidem
2853 830 3138 899 abrogare,
3173 829 3335 884 alium
3365 846 3492 886 vero
3528 827 3648 887 eli?

2050 933 2199 989 gere.
2231 916 2386 974 Haud
2412 919 2575 974 aliter
2608 920 2709 974 hoc
2743 919 2862 976 loco
2895 937 2910 973 :
2939 913 3199 990 Recogito
3231 935 3321 974 me
3349 921 3629 979 hominem

2051 1010 2276 1078 fecisse;
2302 1011 2475 1066 visum
2504 1023 2590 1066 est
2620 1011 2899 1066 hominum
2926 1025 3096 1080 genus
3121 1022 3152 1065 e
3191 1010 3371 1068 mcdio
3414 1012 3627 1074 tollere.

2049 1104 2118 1158 At
2144 1103 2290 1158 enim
2323 1103 2588 1173 benignus
2617 1118 2743 1158 cum
2765 1103 2857 1168 sit,
2890 1101 3168 1158 Noachum
3203 1117 3389 1160 semen
3419 1115 3632 1162 natura:

2049 1195 2416 1250 conservavit.
2447 1193 2585 1250 Cum
2627 1209 2792 1264 porro
2840 1195 3126 1251 brutorum
3156 1209 3360 1266 genera
3405 1197 3458 1251 in
3497 1213 3631 1254 usus

2049 1288 2336 1345 hominum
2381 1286 2747 1354 condidisset;
2788 1301 2851 1342 ea
2891 1302 3110 1358 quoque
3141 1304 3264 1344 cum
3313 1289 3632 1346 hominibus

2048 1381 2210 1436 simul
2241 1380 2523 1445 interiere,
2557 1379 2798 1448 exceptis
2827 1379 2892 1434 iis
2923 1395 3044 1450 quae
3083 1380 3137 1434 in
3174 1395 3301 1436 arca
3333 1396 3458 1436 cum
3485 1381 3632 1436 Noa-

2048 1474 2153 1528 clio
2193 1478 2520 1526 conservata
2563 1479 2713 1525 sunt.
2755 1468 2930 1526 Jussit
2957 1472 3102 1526 enim
3141 1473 3402 1529 Dominus
3447 1475 3630 1540 Deus,

2049 1563 2173 1619 bina
2202 1562 2418 1634 quidem
2450 1563 2516 1617 de
2545 1562 2690 1617 omni
2725 1577 2925 1633 genere
2946 1577 3162 1629 eorum,
3188 1580 3310 1636 quae
3347 1565 3631 1623 immunda

2048 1665 2169 1706 esse
2195 1649 2553 1716 videbantur,
2601 1651 2839 1714 servari,
2867 1665 3087 1722 septena
3126 1669 3255 1710 vero
3294 1654 3360 1711 de
3387 1655 3630 1714 mundis.

2049 1741 2184 1796 Cum
2223 1741 2366 1796 enim
2400 1741 2707 1797 indulturus
2737 1752 2884 1799 esset
2913 1745 3224 1802 hominibus
3245 1785 3261 1812 ,
3292 1755 3353 1802 ut
3374 1748 3632 1803 carnibus

365 1838 490 1902 σίας
537 1836 687 1908 αὐτῷ
729 1836 1058 1909 προσφέρειν
1103 1837 1204 1907 τῆς
1249 1837 1531 1902 εὐσεϐείας
1571 1839 1620 1891 οἰ
1668 1839 1945 1911 τρόφιμοι,

2052 1843 2425 1898 vescerentur,
2454 1832 2600 1902 iique
2621 1833 2713 1904 qui
2746 1835 3004 1904 pietatem
3029 1835 3272 1892 colerent
3293 1837 3548 1895 victimas
3577 1840 3629 1895 ei

367 1930 589 1984 πλείονα
614 1929 684 1983 τὰ
710 1927 926 2000 καθαρά
957 1927 1298 1999 φυλαχθῆναι
1331 1928 1630 2000 προσέταξε
1649 1945 1662 1958 ”
1706 1929 1804 1995 τὰς
1848 1931 1949 2001 μὲν

365 2025 515 2092 τρεῖς
543 2020 822 2088 συζυγίας,
855 2021 936 2082 εἰς
965 2019 1064 2090 τὴν
1094 2019 1321 2090 αὔξησιν
1354 2018 1447 2073 τοῦ
1473 2019 1683 2088 γένους,
1710 2021 1772 2074 τὸ
1800 2021 1857 2074 δὲ
1890 2020 1950 2074 ἓν

365 2112 428 2165 τὸ
461 2112 712 2184 περιττὸν
739 2113 817 2175 εἰς
843 2110 1052 2165 θυσίανι
1089 2111 1264 2175 Εὐθὺς
1304 2111 1413 2183 γὰρ
1442 2114 1471 2165 ὁ
1503 2112 1627 2166 Νῶε
1671 2113 1809 2183 μετὰ
1850 2114 1951 2185 τὴν

367 2203 582 2258 παῦλαν
618 2201 717 2273 τῆς
745 2201 1038 2274 τιμωρίας,
1071 2200 1262 2255 θυσίαν
1285 2202 1364 2273 τῷ
1390 2201 1510 2273 Θεῷ
1531 2203 1950 2279 εὐχαριστήριον

370 2297 770 2368 προσενήνοχεν
787 2335 803 2360 ,
855 2292 976 2348 ἀπὸ
1023 2293 1266 2349 πάντων
1283 2336 1298 2361 ,
1337 2295 1472 2368 φησί
1489 2336 1506 2360 ,
1545 2295 1782 2364 κτηνῶν
1832 2295 1952 2350 τῶν

367 2387 662 2458 καθαρῶν,
696 2388 797 2444 καί
823 2387 943 2444 ἀπὸ
976 2388 1219 2443 πάντων
1248 2387 1367 2442 τῶν
1394 2387 1680 2444 πετεινῶν
1710 2388 1832 2442 τῶν
1855 2406 1952 2442 κα-

368 2480 583 2551 θαρῶν.
629 2480 719 2545 Ὦς
746 2476 886 2536 εῖναι
905 2482 1060 2554 δῆλον
1081 2482 1164 2536 ὅτι
1192 2481 1386 2536 τούτου
1430 2481 1589 2554 χάριν
1609 2524 1623 2549 ,
1672 2481 1777 2536 ἀνὰ
1810 2480 1954 2536 ἑπτὰ

369 2574 700 2644 προσέταξεν
729 2574 790 2640 ἐξ
823 2575 1053 2629 ἑκάστου
1091 2575 1280 2646 γένους
1313 2575 1423 2629 τῶν
1460 2577 1715 2649 καθαρῶν
1747 2577 1829 2642 εἰς
1851 2577 1952 2651 τὴν

369 2664 598 2719 κιὸωτὸν
629 2665 969 2738 εἰσαχθῆναι,
1005 2667 1092 2734 ἵνα
1111 2707 1126 2731 ,
1156 2667 1220 2721 τὸ
1259 2666 1318 2720 ἒν
1344 2667 1483 2732 ζῶον
1513 2668 1574 2736 ἐξ
1598 2669 1831 2726 ἑκάστου
1856 2667 1952 2738 γέ-

366 2775 493 2822 νους
535 2760 564 2812 ὁ
603 2758 727 2812 Νῶε
761 2759 1107 2833 προσφέρων,
1145 2759 1218 2831 μὴ
1237 2759 1523 2832 διαφθείρῃ
1548 2759 1648 2825 τὰς
1669 2760 1949 2831 συζυγίας.

369 2849 470 2923 (ρ)
495 2851 644 2922 Στίχ.
675 2858 768 2917 ις’.
803 2853 915 2908 Καὶ
959 2853 1200 2907 ἔκλεισε
1231 2855 1446 2922 Κύριος
1483 2857 1517 2908 ὀ
1553 2854 1697 2921 Θεὸς
1732 2850 1956 2921 ἔξωθεν

811 2923 1000 2979 αὑτοῦ
1027 2923 1142 2992 τὴν
1174 2926 1441 2979 κιϐωτόν.

439 3015 732 3088 Θειοτέρας
755 3015 901 3079 τινὸς
931 3014 1212 3087 δυνάμεως
1236 3012 1468 3089 ἔχρῃζεν
1497 3019 1531 3088 ή
1556 3015 1826 3086 ἀσφάλεια
1857 3016 1956 3088 τῆς

369 3105 544 3179 θύρας
571 3106 915 3179 κλειομένης.

1013 3201 1170 3255 ΚΕΦ.
1199 3200 1298 3255 ῙΘθ.

368 3291 519 3372 Σίιιίχζ
539 3299 637 3348 κε’.
654 3291 768 3372 Καὶ
791 3291 1195 3372 κατέστρεφεν
1218 3292 1325 3372 τᾲς
1349 3293 1557 3372 πρλεις
1571 3294 1814 3372 murac,
1846 3295 1946 3349 καί

418 3361 643 3420 πᾶσαν
677 3363 793 3430 τὴν
814 3361 1169 3433 περίχωρον,
1190 3364 1291 3418 καὶ
1321 3361 1554 3429 πάντας
1581 3365 1725 3431 τοὺς
1754 3381 1948 3420 κατοι-

431 3433 692 3501 κοῦντας
712 3435 784 3487 ἐν
808 3433 939 3501 ταῖς
965 3436 1206 3488 πὸλεσι.

373 3522 670 3596 Στίχ.ίκς’.
721 3524 830 3596 Καὶ
873 3522 1217 3596 ᾀπέϐλεψεν
1254 3526 1291 3595 ἡ
1324 3525 1480 3596 γυνὴ
1525 3526 1711 3582 αὐτοῦ
1761 3529 1848 3594 εἰς
1877 3526 1950 3581 τὰ

439 3593 651 3659 ὀπίσω,
680 3595 779 3648 καὶ
807 3593 1044 3666 ἐγένετο
1073 3593 1287 3664 στήλη
1306 3593 1476 3664 ἁλός.

452 3687 514 3740 '0
537 3686 740 3758 Κύριος
768 3687 830 3740 οὐ
868 3687 1026 3758 μόνον
1049 3689 1175 3752 τοὺς
1209 3688 1424 3754 ἀσεϐεῖς
1456 3689 1751 3744 ἀπόλλυσιν
1772 3732 1786 3756 ,
1811 3691 1952 3747 ἀλλὰ

372 3781 467 3835 καὶ
496 3779 597 3844 τὰς
628 3778 832 3852 τροφὰς
864 3777 1045 3832 αὐτῶν
1093 3778 1260 3844 οὔσας
1298 3781 1652 3852 Σοδομιτικάς
1699 3783 1794 3837 καὶ
1825 3786 1949 3837 ἐπι-

371 3872 623 3936 σλασεῖςο
675 3873 733 3924 ὲν
781 3866 868 3934 αἶς
923 3873 1040 3925 ἐστι
1093 3872 1187 3925 καὶ
1227 3871 1506 3942 ἄμπελος,
1563 3875 1692 3946 περὶ
1741 3871 1810 3946 ἧς
1861 3877 1951 3944 γέ-

371 3981 650 4038 γραπται·
713 3964 815 4018 Ἐκ
867 3963 978 4033 γὰρ
1027 3964 1302 4034 ἀμπέλου
1349 3965 1628 4035 Σοδόμων
1678 3969 1717 4035 ὴ
1762 3967 1950 4039 ἄμπε-

371 4060 481 4123 λος
531 4055 730 4110 αὐτῶν
782 4055 879 4108 καί
938 4057 979 4125 ὴ
1033 4056 1325 4126 κληματίς
1381 4056 1580 4111 αὐτῶν
1627 4059 1697 4112 ἐκ
1730 4061 1954 4130 Γομόρ-

364 4151 501 4216 ρας.
531 4149 605 4220 (5)
653 4149 806 4220 Ἀμα
850 4165 911 4202 τε
964 4149 1044 4212 είς
1088 4148 1187 4220 τὴν
1239 4148 1391 4203 πόλιν
1422 4149 1710 4222 ἀπεσώθη,
1745 4144 1838 4205 καί
1891 4153 1954 4206 τὸ

372 4240 485 4313 πῦρ
517 4241 815 4311 ἐπεφέρετο
849 4243 968 4305 ταῖς
1007 4239 1226 4304 πόλεσι,
1259 4244 1483 4312 σημεῖον
1513 4241 1612 4312 τῆς
1653 4241 1953 4316 μελλούσης

372 4340 704 4404 συντελείας.
731 4341 933 4409 Στήλη
957 4342 1057 4414 οὐχ
1077 4341 1265 4406 ἁπλῶς
1293 4343 1528 4411 ἐγένετο,
1553 4342 1690 4396 ἀλλὰ
1721 4340 1953 4412 μάλιστα

371 4431 569 4500 στήλη
591 4433 758 4500 ἁλὸς,
783 4434 871 4489 διά
902 4435 966 4489 τό
983 4453 998 4466 ·
1032 4435 1228 4505 Ὑμεῖς
1245 4434 1385 4490 ἐστε
1403 4434 1471 4489 τὸ
1496 4435 1650 4501 ἅλας
1675 4434 1788 4504 τῆς
1817 4433 1951 4505 τῆς.

1975 3170 2022 3230 ο

2049 1933 2237 1978 essent
2257 1923 2518 1988 oblaturi,
2542 1923 2702 1993 plura
2727 1939 2795 1978 ex
2818 1925 3035 1980 mundis
3049 1926 3322 1982 asservari
3347 1927 3629 1998 praecepit:

2054 2008 2162 2065 tria
2214 2012 2427 2068 scilicet
2455 2015 2608 2082 paria
2630 2014 2696 2067 ad
2729 2013 3128 2070 incrementum
3161 2016 3413 2086 generis,
3459 2031 3631 2071 unum

2052 2114 2232 2159 autem
2286 2103 2482 2172 impar,
2524 2104 2592 2158 ad
2632 2105 2980 2160 sacriﬁcium.
3012 2104 3208 2161 Statim
3246 2122 3480 2177 namque
3516 2096 3633 2164 Noe

2051 2193 2212 2251 simul
2239 2204 2403 2266 atque
2434 2210 2593 2265 pmna
2628 2197 2900 2262 cessavit,
2946 2197 3183 2254 hostiam
3221 2197 3336 2254 Deo
3365 2207 3465 2270 pr'o
3503 2206 3634 2270 gra-

2053 2287 2250 2342 tiarum
2281 2287 2499 2343 actione
2556 2288 2773 2356 obtulit,
2801 2306 2866 2344 ea:
2889 2291 3150 2358 omnibus,
3179 2292 3392 2362 inquit,
3413 2294 3631 2364 pecudi-

2054 2379 2148 2432 bus
2198 2381 2432 2445 mundis,
2461 2389 2510 2434 et
2541 2397 2606 2436 ea:
2637 2381 2876 2436 omnibus
2917 2381 3209 2438 volucribus
3241 2386 3453 2440 mundis
3479 2389 3524 2441 '.
3551 2386 3632 2442 Ex

2053 2484 2162 2540 quo
2219 2471 2570 2528 manifestum
2593 2481 2697 2541 est,
2731 2472 2875 2543 quod
2901 2474 3060 2544 hujus
3090 2475 3167 2529 rei
3197 2476 3370 2546 gratia
3408 2486 3629 2548 septena

2051 2567 2369 2638 praeceperit
2411 2585 2478 2624 ex
2510 2569 2656 2624 omni
2692 2570 3014 2625 mundorum
3043 2585 3241 2640 genere
3264 2571 3316 2626 in
3337 2587 3520 2627 arcam
3549 2573 3634 2628 inn

2055 2659 2202 2727 duci,
2222 2676 2329 2730 quo
2369 2661 2639 2732 singulare
2675 2662 2878 2716 animal
2904 2678 2970 2718 ex
3003 2664 3150 2720 omni
3176 2678 3377 2734 genere
3399 2662 3634 2720 oﬂ'erens

2055 2751 2200 2818 Noe,
2237 2755 2458 2826 paribus
2489 2757 2597 2811 illis
2625 2757 2759 2812 nihil
2789 2757 3016 2814 inferret
3037 2759 3242 2814 damni.

2179 2845 2241 2902 V.
2274 2848 2364 2904 l6.
2395 2849 2465 2904 Et
2495 2849 2684 2905 clausit
2716 2849 2978 2906 Dominus
3019 2852 3162 2908 Deus
3187 2864 3336 2909 extra
3367 2854 3519 2910 illum

2756 2939 2958 2976 arcam.

2129 3009 2394 3066 Diviniori
2428 3013 2662 3081 quadam
2689 3013 2934 3084 potentia
2957 3028 3102 3085 opus
3126 3015 3358 3072 habebat
3387 3025 3632 3072 tutamen

2059 3103 2224 3158 clausi
2248 3104 2392 3158 ostii.

2672 3195 2827 3252 CAP.
2869 3196 3011 3252 XIX.

2051 3283 2115 3339 V.
2143 3286 2234 3359 25.
2271 3285 2339 3340 Et
2375 3286 2628 3359 subuertit
2655 3289 2892 3343 civitates
2914 3290 3034 3354 has,
3064 3303 3370 3359 omnemque
3405 3289 3632 3344 circuma-

2118 3358 2346 3480 pobsitam
2371 3357 2659 3428 regionem,
2690 3369 2740 3412 et
2782 3359 3054 3414 universos
3093 3357 3391 3414 habitantes
3429 3359 3489 3414 in
3533 3377 3628 3415 ur-

2153 3445 2167 3480 ι
2206 3443 2286 3480 us.

2153 3443 2286 3482 mus.

2052 3516 2116 3572 V.
2163 3518 2256 3574 26.
2295 3518 2361 3574 Εἰ
2404 3519 2632 3590 respexit
2665 3535 2803 3593 uxor
2837 3517 2961 3593 ejus
2994 3521 3052 3576 in
3090 3522 3414 3592 posteriora,
3453 3535 3504 3579 et
3531 3523 3633 3593 fuit

2645 3591 2829 3660 cippus
2858 3591 3008 3645 satis.

2122 3702 2384 3760 Dominus
2423 3719 2530 3762 non
2573 3707 2734 3764 modo
2767 3705 2966 3777 impios
2997 3706 3216 3778 perdit,
3261 3710 3356 3764 sed
3384 3719 3440 3767 et
3481 3722 3634 3764 escas

2051 3812 2263 3864 eorum,
2307 3813 2426 3866 quae
2456 3799 2807 3855 Sodomitieae
2835 3811 2964 3855 sunt
3001 3811 3057 3855 et
3100 3801 3314 3868 noxia;
3357 3803 3410 3857 in
3439 3801 3636 3871 quilms

2053 3890 2179 3944 vitis
2207 3905 2426 3960 quoque
2445 3900 2718 3946 censetur.
2743 3889 2819 3945 De
2839 3905 2945 3960 qua
2970 3892 3237 3962 scriptum
3265 3905 3349 3948 est
3379 3911 3391 3946 :
3423 3891 3508 3947 Ea:
3533 3895 3636 3948 vite

2051 3980 2194 4033 enim
2223 3979 2574 4035 Sodomorum
2604 3981 2726 4035 vitis
2758 3981 2993 4050 ipsorum
3014 4021 3032 4046 ,
3072 3992 3120 4036 et
3142 3999 3373 4053 propago
3400 3983 3637 4051 ipsorum

2053 4085 2119 4122 ea:
2173 4067 2469 4125 Gomorrha
2492 4071 2536 4127 ³.
2579 4071 2947 4141 Simulatque
2983 4072 3037 4125 in
3085 4075 3365 4129 civitatem
3425 4079 3632 4143 evasit,

2053 4160 2218 4213 etiam
2270 4159 2409 4231 ignis
2463 4162 2694 4217 urbibus
2742 4161 3116 4229 inferebatur,
3173 4165 3387 4234 signum
3437 4164 3636 4223 intum

2057 4254 2566 4310 consummationis.
2597 4254 2794 4326 Cippus
2812 4256 2952 4311 haud
2976 4255 3500 4327 simplicitereﬂecta
3525 4271 3634 4325 est,

2057 4346 2149 4400 sed
2185 4347 2363 4414 potius
2385 4349 2571 4416 cippus
2610 4350 2774 4417 salis,
2798 4360 3022 4420 propter
3052 4351 3183 4407 illud
3213 4367 3229 4405 :
3266 4349 3373 4406 Vos
3399 4353 3523 4407 estis
3552 4351 3636 4408 sal

2057 4449 2213 4492 terra
2242 4438 2281 4490 ⁸.
2311 4437 2593 4510 Cougruat
2616 4457 2746 4498 vero
2771 4445 2933 4515 cippo
2966 4443 3098 4500 salis
3133 4445 3302 4505 illud:
3338 4442 3435 4501 Sin
3457 4455 3637 4500 autem

383 4523 704 4598 Ἑφαρμόσῃ
730 4526 787 4580 δὲ
817 4529 882 4599 τῇ
927 4527 1097 4600 στήλῃ
1139 4527 1233 4581 τοῦ
1283 4528 1412 4593 ἁλὸς
1451 4527 1512 4581 τό
1535 4543 1548 4555 ·
1591 4529 1734 4583 Ἐὰν
1772 4527 1842 4582 δὲ
1883 4527 1950 4581 τὸ

2053 4534 2135 4584 sal
2155 4533 2438 4599 desipuerit
2464 4534 2486 4565 ⁸
2505 4533 2529 4586 i
2548 4532 2663 4590 Non
2686 4549 2751 4589 co
2793 4536 2974 4591 testim
3003 4537 3058 4592 in
3082 4547 3324 4593 montem
3363 4537 3633 4603 ascendit,

370 4619 526 4687 ἅλας
558 4619 841 4690 μωρανθῇ
868 4637 886 4685 ;
931 4622 1046 4675 Οὐκ
1072 4622 1284 4694 ἀθρόως
1315 4623 1592 4678 ἀναϐαίνει
1623 4624 1704 4686 εἰς
1733 4624 1796 4678 τὸ
1825 4617 1950 4693 ὅρος

2051 4621 2205 4691 juxta
2233 4637 2296 4678 ea
2323 4639 2444 4694 quae
2479 4626 2582 4695 ipsi
2601 4627 2752 4682 dieta
2783 4626 3004 4682 fuerant
3032 4646 3046 4683 :
3071 4629 3164 4682 sed
3197 4629 3348 4697 prius
3373 4629 3426 4683 in
3463 4627 3634 4698 Segor

372 4713 513 4768 κατὰ
534 4713 602 4768 τὰ
644 4715 906 4787 εἰρημένα
939 4714 1106 4786 αὐτῷ,
1131 4714 1266 4770 ἀλλὰ
1291 4715 1506 4788 πρῶτον
1538 4718 1619 4781 εἰς
1646 4714 1845 4788 Σηγὼρ
1866 4716 1950 4784 γί-

371 4823 544 4871 νεται,
578 4806 816 4875 καίτοιγε
851 4807 926 4878 μὴ
954 4805 1234 4878 θαρρήσας
1260 4803 1438 4877 ἑαυτῷ
1465 4805 1591 4877 περί
1621 4805 1715 4858 τοῦ
1740 4804 1947 4874 ἀναδῆ-

372 4916 460 4954 ναι
493 4901 574 4963 εἰς
604 4898 664 4952 τὸ
693 4898 838 4971 ὅρος.

1003 4988 1159 5042 ΚΕΦ.
1189 4990 1314 5042 Kl".

533 5080 607 5151 (6)
629 5080 775 5152 Στίχ.
803 5087 882 5133 ιε’.
911 5078 1002 5148 Γῆ
1026 5082 1424 5148 τετρακοσίων
1443 5079 1799 5150 διδράχμων.

442 5173 812 5244 Σημειωτέον,
845 5174 930 5227 ὅτι
978 5173 1151 5242 τάφου
1179 5173 1312 5244 τιμὴ
1346 5173 1460 5224 ἐστι
1505 5170 1573 5224 τά
1597 5169 1947 5244 τετρακόσια,

372 5265 451 5336 τῷ
479 5264 790 5337 κακωτικὴν
814 5262 1074 5338 εἶναιτὴν
1093 5265 1324 5340 τετράδα
1351 5266 1444 5318 καὶ
1470 5264 1820 5319 ὲκατοντάδα.
1842 5263 1954 5319 Καὶ

374 5361 616 5432 ζητήσας
640 5359 710 5412 τά
736 5361 897 5423 ὅμοια
930 5363 993 5414 ὲκ
1018 5360 1126 5413 τῶν
1157 5357 1388 5431 Γραφῶν
1420 5357 1692 5429 εὑρήσεις.

454 5610 751 5682 ‘IReg.xv,
796 5611 882 5667 il.
959 5612 980 5642 '
1004 5609 1140 5668 Gen.
1170 5624 1288 5679 vm,
1310 5608 1404 5666 20.
1459 5610 1481 5643 ³
1503 5610 1661 5668 Deut.
1689 5626 1858 5680 xxxu,
1887 5609 1978 5668 32.

448 5775 553 5922 ili)
587 5777 669 5833 Ex
701 5778 826 5835 eod.
859 5776 984 5841 534,
1007 5791 1133 5847 pag.
1168 5775 1256 5836 ει.

473 5851 528 5922 5)
548 5847 891 5915 Conierhuc
920 5845 1243 5920 Nyssenum.

473 5845 891 5922 5)'Conier,huc
920 5845 1243 5920 Nyssenum.

2053 4727 2167 4779 est.
2207 4719 2647 4788 quandoquidem
2683 4720 2782 4775 sibi
2851 4737 2957 4774 non
3021 4721 3214 4774 ﬁderet
3284 4723 3335 4774 in
3395 4732 3632 4776 montem

2053 4811 2363 4864 ascendere.

2647 4985 2802 5046 CAP.
2844 4985 3030 5042 XXIII.

2159 5076 2225 5133 ν.
2248 5079 2335 5136 15.
2355 5079 2520 5136 Terra
2531 5079 3038 5152 quadringentorum
3060 5075 3521 5134 didrachmarum.

2125 5149 2560 5236 Advertendum,
2603 5149 3031 5241 quodisepulcri
3061 5170 3296 5240 pretium
3341 5169 3452 5225 sint
3496 5149 3637 5238 q‘ua-

2054 5255 2382 5333 dringenta,"
2395 5275 2682 5336 propterea
2709 5267 2852 5334 quod
2874 5267 2940 5322 ad
2969 5281 3166 5322 noxam
3198 5267 3473 5336 pertinent
3494 5279 3636 5336 qua-

2052 5357 2232 5411 ternio
2255 5368 2312 5413 et
2339 5357 2617 5412 centuria.
2655 5355 2726 5424 Et
2757 5371 2892 5413 sane
2927 5358 2973 5414 si
2996 5358 3287 5430 .requiras,
3334 5356 3534 5414 similia
3564 5371 3635 5412 es

2055 5447 2354 5521 Scripturis
2382 5453 2652 5510 invenies.

2041 5611 2300 5687 {Matth
2351 5630 2420 5681 ν,
2480 5615 2570 5670 ιδ.
2642 5614 2832 5674 “ibid.

2131 5778 2212 5853 (ὃ)
2239 5777 2529 5856 Coms“,
2550 5792 2676 5850 pag.
2707 5777 2796 5836 39.
