  <div class='ocr_page' id='page_1' title='image "/cluster/home/n/w/nwhite01/storage/ocr_20150623/17:no.7/coo.31924054872977/023.png"; bbox 0 0 4186 6384; ppageno 0'>
   <div class='ocr_carea' id='block_1_1' title="bbox 560 316 3796 388">
    <p class='ocr_par' dir='ltr' id='par_1_1' title="bbox 560 316 3796 388">
     <span class='ocr_line' id='line_1_1' title="bbox 560 316 3796 388; baseline 0.002 -11"><span class='ocrx_word' id='word_1_1' title='bbox 560 321 634 377; x_wconf 72' lang='lat'><strong>25</strong></span> <span class='ocrx_word' id='word_1_2' title='bbox 1446 316 2002 384; x_wconf 71' lang='lat' dir='ltr'><strong>SUPPLEMENTUM</strong></span> <span class='ocrx_word' id='word_1_3' title='bbox 2036 326 2127 380; x_wconf 81' lang='lat' dir='ltr'><strong>AD</strong></span> <span class='ocrx_word' id='word_1_4' title='bbox 2159 328 2482 388; x_wconf 75' lang='lat' dir='ltr'><strong>ORIGENIS</strong></span> <span class='ocrx_word' id='word_1_5' title='bbox 2523 330 2932 388; x_wconf 72' lang='lat' dir='ltr'><strong>EXEGl-ZTICA.</strong></span> <span class='ocrx_word' id='word_1_6' title='bbox 3725 331 3796 384; x_wconf 61' lang='grc' dir='ltr'><strong>ει</strong></span> 
     </span>
    </p>
   </div>
   <div class='ocr_carea' id='block_1_2' title="bbox 559 446 2133 535">
    <p class='ocr_par' dir='ltr' id='par_1_2' title="bbox 559 461 2125 535">
     <span class='ocr_line' id='line_1_2' title="bbox 559 461 2125 535; baseline 0.002 -20"><span class='ocrx_word' id='word_1_7' title='bbox 559 461 829 530; x_wconf 84' lang='lat' dir='ltr'><strong>facerent,</strong></span> <span class='ocrx_word' id='word_1_8' title='bbox 876 462 1272 534; x_wconf 74' lang='lat' dir='ltr'><strong>conscripsisse</strong></span> <span class='ocrx_word' id='word_1_9' title='bbox 1324 462 1470 518; x_wconf 86' lang='lat' dir='ltr'><strong>illius</strong></span> <span class='ocrx_word' id='word_1_10' title='bbox 1499 464 1776 528; x_wconf 73' lang='lat' dir='ltr'><strong>vaticinia,</strong></span> <span class='ocrx_word' id='word_1_11' title='bbox 1819 479 1994 534; x_wconf 86' lang='lat' dir='ltr'><strong>eaque</strong></span> <span class='ocrx_word' id='word_1_12' title='bbox 2033 481 2125 535; x_wconf 86' lang='lat' dir='ltr'><strong>po-</strong></span> 
     </span>
    </p>
   </div>
   <div class='ocr_carea' id='block_1_3' title="bbox 2219 446 3802 535">
    <p class='ocr_par' dir='ltr' id='par_1_3' title="bbox 2226 446 3802 522">
     <span class='ocr_line' id='line_1_3' title="bbox 2226 446 3802 522; baseline 0.001 -20"><span class='ocrx_word' id='word_1_13' title='bbox 2226 450 2319 503; x_wconf 87' lang='grc' dir='ltr'><strong>τοῦ</strong></span> <span class='ocrx_word' id='word_1_14' title='bbox 2348 451 2567 521; x_wconf 80' lang='grc' dir='ltr'>ἔχοντας</span> <span class='ocrx_word' id='word_1_15' title='bbox 2597 452 2731 521; x_wconf 72' lang='grc'>(26),</span> <span class='ocrx_word' id='word_1_16' title='bbox 2762 446 3179 522; x_wconf 75' lang='grc' dir='ltr'><strong>ἀναγράψασθαι</strong></span> <span class='ocrx_word' id='word_1_17' title='bbox 3208 448 3307 512; x_wconf 76' lang='grc' dir='ltr'><strong>τὰς</strong></span> <span class='ocrx_word' id='word_1_18' title='bbox 3338 447 3671 520; x_wconf 79' lang='grc' dir='ltr'><strong>προφητείας</strong></span> <span class='ocrx_word' id='word_1_19' title='bbox 3701 449 3802 503; x_wconf 85' lang='grc' dir='ltr'><strong>αὑ-</strong></span> 
     </span>
    </p>
   </div>
   <div class='ocr_carea' id='block_1_4' title="bbox 555 537 2133 626">
    <p class='ocr_par' dir='ltr' id='par_1_4' title="bbox 555 552 2125 626">
     <span class='ocr_line' id='line_1_4' title="bbox 555 552 2125 626; baseline 0.001 -19"><span class='ocrx_word' id='word_1_20' title='bbox 555 552 721 608; x_wconf 86' lang='lat' dir='ltr'><strong>steris</strong></span> <span class='ocrx_word' id='word_1_21' title='bbox 759 554 1066 626; x_wconf 89' lang='lat' dir='ltr'><strong>reliquisse,</strong></span> <span class='ocrx_word' id='word_1_22' title='bbox 1112 555 1167 609; x_wconf 91' lang='lat' dir='ltr'><strong>in</strong></span> <span class='ocrx_word' id='word_1_23' title='bbox 1205 554 1404 624; x_wconf 83' lang='lat' dir='ltr'><strong>quibus</strong></span> <span class='ocrx_word' id='word_1_24' title='bbox 1429 564 1551 610; x_wconf 84' lang='lat' dir='ltr'><strong>erat</strong></span> <span class='ocrx_word' id='word_1_25' title='bbox 1597 565 1651 612; x_wconf 86' lang='lat' dir='ltr'><strong>et</strong></span> <span class='ocrx_word' id='word_1_26' title='bbox 1698 555 1872 611; x_wconf 89' lang='lat' dir='ltr'><strong>illud:</strong></span> <span class='ocrx_word' id='word_1_27' title='bbox 1910 554 2125 610; x_wconf 84' lang='lat' dir='ltr'><strong>Orielstr</strong></span> 
     </span>
    </p>
   </div>
   <div class='ocr_carea' id='block_1_5' title="bbox 2219 537 3803 626">
    <p class='ocr_par' dir='ltr' id='par_1_5' title="bbox 2227 537 3803 606">
     <span class='ocr_line' id='line_1_5' title="bbox 2227 537 3803 606; baseline -0.003 -9"><span class='ocrx_word' id='word_1_28' title='bbox 2227 543 2340 606; x_wconf 85' lang='grc' dir='ltr'>τοῦ,</span> <span class='ocrx_word' id='word_1_29' title='bbox 2402 545 2494 598; x_wconf 80' lang='grc' dir='ltr'>καὶ</span> <span class='ocrx_word' id='word_1_30' title='bbox 2553 543 2889 606; x_wconf 80' lang='grc' dir='ltr'><strong>καταλιπεῖν,</strong></span> <span class='ocrx_word' id='word_1_31' title='bbox 2947 543 3006 594; x_wconf 81' lang='grc' dir='ltr'>ὲν</span> <span class='ocrx_word' id='word_1_32' title='bbox 3058 537 3146 604; x_wconf 75' lang='grc' dir='ltr'><strong>αἷς</strong></span> <span class='ocrx_word' id='word_1_33' title='bbox 3200 542 3295 594; x_wconf 84' lang='grc' dir='ltr'>καὶ</span> <span class='ocrx_word' id='word_1_34' title='bbox 3344 541 3405 594; x_wconf 89' lang='grc' dir='ltr'><strong>τό</strong></span> <span class='ocrx_word' id='word_1_35' title='bbox 3427 556 3443 570; x_wconf 90' lang='grc'><strong>·</strong></span> <span class='ocrx_word' id='word_1_36' title='bbox 3497 537 3803 594; x_wconf 73' lang='grc' dir='ltr'>Ἁνατελεῒ</span> 
     </span>
    </p>
   </div>
   <div class='ocr_carea' id='block_1_6' title="bbox 554 631 2133 716">
    <p class='ocr_par' dir='ltr' id='par_1_6' title="bbox 554 643 2123 716">
     <span class='ocr_line' id='line_1_6' title="bbox 554 643 2123 716; baseline 0.002 -18"><span class='ocrx_word' id='word_1_37' title='bbox 554 643 706 698; x_wconf 74' lang='lat' dir='ltr'><strong>stella</strong></span> <span class='ocrx_word' id='word_1_38' title='bbox 741 648 931 702; x_wconf 82' lang='lat' dir='ltr'><strong>&quot;.Aut</strong></span> <span class='ocrx_word' id='word_1_39' title='bbox 953 647 1142 702; x_wconf 90' lang='lat' dir='ltr'><strong>saltem</strong></span> <span class='ocrx_word' id='word_1_40' title='bbox 1195 661 1262 701; x_wconf 78' lang='lat' dir='ltr'><strong>ex</strong></span> <span class='ocrx_word' id='word_1_41' title='bbox 1319 655 1542 716; x_wconf 90' lang='lat' dir='ltr'><strong>paterna</strong></span> <span class='ocrx_word' id='word_1_42' title='bbox 1597 646 1909 709; x_wconf 87' lang='lat' dir='ltr'><strong>traditione,</strong></span> <span class='ocrx_word' id='word_1_43' title='bbox 1962 656 2123 715; x_wconf 87' lang='lat' dir='ltr'><strong>atque</strong></span> 
     </span>
    </p>
   </div>
   <div class='ocr_carea' id='block_1_7' title="bbox 2219 631 3797 716">
    <p class='ocr_par' dir='ltr' id='par_1_7' title="bbox 2225 631 3797 706">
     <span class='ocr_line' id='line_1_7' title="bbox 2225 631 3797 706; baseline -0.004 -17"><span class='ocrx_word' id='word_1_44' title='bbox 2225 636 2468 704; x_wconf 69' lang='grc' dir='ltr'>ἄστρον.</span> <span class='ocrx_word' id='word_1_45' title='bbox 2500 637 2569 689; x_wconf 87' lang='grc' dir='ltr'><strong>’Ἡ</strong></span> <span class='ocrx_word' id='word_1_46' title='bbox 2598 636 2690 688; x_wconf 76' lang='grc' dir='ltr'>καὶ</span> <span class='ocrx_word' id='word_1_47' title='bbox 2730 638 2793 688; x_wconf 85' lang='grc' dir='ltr'>ὲκ</span> <span class='ocrx_word' id='word_1_48' title='bbox 2825 637 2924 706; x_wconf 90' lang='grc' dir='ltr'><strong>τῆς</strong></span> <span class='ocrx_word' id='word_1_49' title='bbox 2953 634 3222 703; x_wconf 84' lang='grc' dir='ltr'>πατρικῆς</span> <span class='ocrx_word' id='word_1_50' title='bbox 3255 632 3598 705; x_wconf 84' lang='grc' dir='ltr'>παραδόσεως</span> <span class='ocrx_word' id='word_1_51' title='bbox 3639 631 3797 684; x_wconf 85' lang='grc' dir='ltr'>τοῦτο</span> 
     </span>
    </p>
   </div>
   <div class='ocr_carea' id='block_1_8' title="bbox 553 721 2133 807">
    <p class='ocr_par' dir='ltr' id='par_1_8' title="bbox 553 733 2121 807">
     <span class='ocr_line' id='line_1_8' title="bbox 553 733 2121 807; baseline 0.003 -22"><span class='ocrx_word' id='word_1_52' title='bbox 553 733 808 791; x_wconf 76' lang='lat' dir='ltr'><strong>doctrina</strong></span> <span class='ocrx_word' id='word_1_53' title='bbox 842 737 1005 804; x_wconf 48' lang='lat' dir='ltr'><strong>.istud</strong></span> <span class='ocrx_word' id='word_1_54' title='bbox 1039 736 1368 807; x_wconf 73' lang='lat' dir='ltr'><strong>accipientes</strong></span> <span class='ocrx_word' id='word_1_55' title='bbox 1397 734 1560 806; x_wconf 77' lang='lat' dir='ltr'><strong>Magi,</strong></span> <span class='ocrx_word' id='word_1_56' title='bbox 1596 735 1649 788; x_wconf 90' lang='lat' dir='ltr'><strong>in</strong></span> <span class='ocrx_word' id='word_1_57' title='bbox 1709 735 1984 792; x_wconf 80' lang='lat' dir='ltr'><strong>Bethleem</strong></span> <span class='ocrx_word' id='word_1_58' title='bbox 2027 749 2121 789; x_wconf 88' lang='lat' dir='ltr'><strong>ve-</strong></span> 
     </span>
    </p>
   </div>
   <div class='ocr_carea' id='block_1_9' title="bbox 2219 721 3798 807">
    <p class='ocr_par' dir='ltr' id='par_1_9' title="bbox 2225 721 3798 799">
     <span class='ocr_line' id='line_1_9' title="bbox 2225 721 3798 799; baseline -0.004 -17"><span class='ocrx_word' id='word_1_59' title='bbox 2225 729 2321 782; x_wconf 75' lang='lat' dir='ltr'><strong>xai.</strong></span> <span class='ocrx_word' id='word_1_60' title='bbox 2354 728 2599 799; x_wconf 84' lang='grc' dir='ltr'><strong>διαδοχῆς</strong></span> <span class='ocrx_word' id='word_1_61' title='bbox 2637 726 3038 797; x_wconf 78' lang='grc' dir='ltr'>παραλαϐόντες</span> <span class='ocrx_word' id='word_1_62' title='bbox 3070 726 3120 778; x_wconf 87' lang='grc' dir='ltr'>οἱ</span> <span class='ocrx_word' id='word_1_63' title='bbox 3151 723 3357 792; x_wconf 74' lang='grc' dir='ltr'>Μάγοι,</span> <span class='ocrx_word' id='word_1_64' title='bbox 3401 723 3493 776; x_wconf 64' lang='grc' dir='ltr'>επὶ</span> <span class='ocrx_word' id='word_1_65' title='bbox 3523 722 3623 794; x_wconf 74' lang='grc' dir='ltr'>τὴν</span> <span class='ocrx_word' id='word_1_66' title='bbox 3656 721 3798 793; x_wconf 75' lang='grc' dir='ltr'><strong>Βηθ-</strong></span> 
     </span>
    </p>
   </div>
   <div class='ocr_carea' id='block_1_10' title="bbox 556 820 2133 891">
    <p class='ocr_par' dir='ltr' id='par_1_10' title="bbox 556 835 777 884">
     <span class='ocr_line' id='line_1_10' title="bbox 556 835 777 884; baseline 0.032 -7"><span class='ocrx_word' id='word_1_67' title='bbox 556 835 777 884; x_wconf 74' lang='lat' dir='ltr'><strong>nerunt.</strong></span> 
     </span>
    </p>
   </div>
   <div class='ocr_carea' id='block_1_11' title="bbox 2219 820 2767 891">
    <p class='ocr_par' dir='ltr' id='par_1_11' title="bbox 2227 820 2767 891">
     <span class='ocr_line' id='line_1_11' title="bbox 2227 820 2767 891; baseline -0.002 -18"><span class='ocrx_word' id='word_1_68' title='bbox 2227 821 2312 873; x_wconf 86' lang='grc' dir='ltr'>λεὲ</span> <span class='ocrx_word' id='word_1_69' title='bbox 2320 839 2359 891; x_wconf 87' lang='grc' dir='ltr'><strong>μ</strong></span> <span class='ocrx_word' id='word_1_70' title='bbox 2387 820 2767 891; x_wconf 80' lang='grc' dir='ltr'>παρεγένοντο.</span> 
     </span>
    </p>
   </div>
   <div class='ocr_carea' id='block_1_12' title="bbox 579 965 3756 1000">
    <p class='ocr_par' dir='ltr' id='par_1_12' title="bbox 579 965 3756 1000">
     <span class='ocr_line' id='line_1_12' title="bbox 579 965 3756 1000; baseline -0.002 -6"><span class='ocrx_word' id='word_1_71' title='bbox 579 965 3756 1000; x_wconf 54' lang='lat' dir='ltr'>ww</span> 
     </span>
    </p>
   </div>
   <div class='ocr_carea' id='block_1_13' title="bbox 1596 1135 2771 1224">
    <p class='ocr_par' dir='ltr' id='par_1_13' title="bbox 1596 1135 2771 1224">
     <span class='ocr_line' id='line_1_13' title="bbox 1596 1135 2771 1224; baseline -0.003 0"><span class='ocrx_word' id='word_1_72' title='bbox 1596 1135 2204 1224; x_wconf 87' lang='grc' dir='ltr'><strong>ΩΡΙΓΕΝΟΥΣ</strong></span> <span class='ocrx_word' id='word_1_73' title='bbox 2285 1135 2771 1220; x_wconf 82' lang='grc' dir='ltr'><strong>ΕΚΛΟΓΑΙ</strong></span> 
     </span>
    </p>
   </div>
   <div class='ocr_carea' id='block_1_14' title="bbox 1752 1315 2574 1370">
    <p class='ocr_par' dir='ltr' id='par_1_14' title="bbox 1752 1315 2574 1370">
     <span class='ocr_line' id='line_1_14' title="bbox 1752 1315 2574 1370; baseline -0.002 -1"><span class='ocrx_word' id='word_1_74' title='bbox 1752 1317 1859 1369; x_wconf 85' lang='grc' dir='ltr'><strong>ΕΙΣ</strong></span> <span class='ocrx_word' id='word_1_75' title='bbox 1885 1316 1972 1368; x_wconf 85' lang='grc' dir='ltr'><strong>Τυ</strong></span> <span class='ocrx_word' id='word_1_76' title='bbox 1997 1315 2574 1370; x_wconf 72' lang='grc' dir='ltr'><strong>ΑΕΥΤΕΡυΝοΜιοΝ</strong></span> 
     </span>
    </p>
   </div>
   <div class='ocr_carea' id='block_1_15' title="bbox 3787 1403 3816 1456">
    <p class='ocr_par' dir='ltr' id='par_1_15' title="bbox 3787 1403 3816 1456">
     <span class='ocr_line' id='line_1_15' title="bbox 3787 1403 3816 1456; baseline 0 -15"><span class='ocrx_word' id='word_1_77' title='bbox 3787 1403 3816 1456; x_wconf 64' lang='lat' dir='ltr'><strong>q</strong></span> 
     </span>
    </p>
   </div>
   <div class='ocr_carea' id='block_1_16' title="bbox 679 1608 3657 1724">
    <p class='ocr_par' dir='ltr' id='par_1_16' title="bbox 679 1608 3657 1724">
     <span class='ocr_line' id='line_1_16' title="bbox 679 1608 3657 1724; baseline -0.004 -3"><span class='ocrx_word' id='word_1_78' title='bbox 679 1625 1255 1721; x_wconf 79' lang='lat' dir='ltr'><strong>ORIGENIS</strong></span> <span class='ocrx_word' id='word_1_79' title='bbox 1322 1625 2257 1720; x_wconf 82' lang='lat' dir='ltr'><strong>ADNOTATIONES</strong></span> <span class='ocrx_word' id='word_1_80' title='bbox 2331 1625 2455 1714; x_wconf 87' lang='lat' dir='ltr'><strong>IN</strong></span> <span class='ocrx_word' id='word_1_81' title='bbox 2537 1608 3657 1724; x_wconf 74' lang='lat' dir='ltr'><strong>DEUTERONOMIUM.</strong></span> 
     </span>
    </p>
   </div>
   <div class='ocr_carea' id='block_1_17' title="bbox 1752 1818 2561 1884">
    <p class='ocr_par' dir='ltr' id='par_1_17' title="bbox 1752 1818 2561 1884">
     <span class='ocr_line' id='line_1_17' title="bbox 1752 1818 2561 1884; baseline -0.007 -11"><span class='ocrx_word' id='word_1_82' title='bbox 1752 1821 1844 1884; x_wconf 75' lang='lat' dir='ltr'><strong>(Es</strong></span> <span class='ocrx_word' id='word_1_83' title='bbox 1873 1819 2176 1872; x_wconf 78' lang='lat' dir='ltr'><strong>Bibliotheca</strong></span> <span class='ocrx_word' id='word_1_84' title='bbox 2201 1818 2561 1882; x_wconf 85' lang='lat' dir='ltr'><strong>Gailandiana.)</strong></span> 
     </span>
    </p>
   </div>
   <div class='ocr_carea' id='block_1_18' title="bbox 1220 2097 1435 2154">
    <p class='ocr_par' dir='ltr' id='par_1_18' title="bbox 1220 2097 1435 2154">
     <span class='ocr_line' id='line_1_18' title="bbox 1220 2097 1435 2154; baseline -0.005 0"><span class='ocrx_word' id='word_1_85' title='bbox 1220 2097 1369 2154; x_wconf 75' lang='lat' dir='ltr'><strong>CAP.</strong></span> <span class='ocrx_word' id='word_1_86' title='bbox 1398 2099 1435 2154; x_wconf 95' lang='lat' dir='ltr'><strong>l.</strong></span> 
     </span>
    </p>
   </div>
   <div class='ocr_carea' id='block_1_19' title="bbox 763 2191 1909 2260">
    <p class='ocr_par' dir='ltr' id='par_1_19' title="bbox 763 2191 1909 2260">
     <span class='ocr_line' id='line_1_19' title="bbox 763 2191 1909 2260; baseline -0.007 -8"><span class='ocrx_word' id='word_1_87' title='bbox 763 2197 824 2252; x_wconf 66' lang='grc' dir='ltr'>Υ.</span> <span class='ocrx_word' id='word_1_88' title='bbox 854 2200 946 2256; x_wconf 77' lang='lat'><strong>5|.</strong></span> <span class='ocrx_word' id='word_1_89' title='bbox 977 2195 1044 2254; x_wconf 77' lang='lat' dir='ltr'><strong>Ut</strong></span> <span class='ocrx_word' id='word_1_90' title='bbox 1083 2199 1129 2252; x_wconf 91' lang='lat' dir='ltr'><strong>si</strong></span> <span class='ocrx_word' id='word_1_91' title='bbox 1158 2197 1310 2250; x_wconf 80' lang='lat' dir='ltr'><strong>homo</strong></span> <span class='ocrx_word' id='word_1_92' title='bbox 1343 2209 1437 2247; x_wconf 83' lang='lat' dir='ltr'><strong>eest</strong></span> <span class='ocrx_word' id='word_1_93' title='bbox 1463 2191 1690 2246; x_wconf 82' lang='lat' dir='ltr'><strong>nutritor</strong></span> <span class='ocrx_word' id='word_1_94' title='bbox 1724 2197 1909 2260; x_wconf 81' lang='lat' dir='ltr'><strong>gestet.</strong></span> 
     </span>
    </p>
   </div>
   <div class='ocr_carea' id='block_1_20' title="bbox 622 2281 2119 2359">
    <p class='ocr_par' dir='ltr' id='par_1_20' title="bbox 622 2281 2119 2359">
     <span class='ocr_line' id='line_1_20' title="bbox 622 2281 2119 2359; baseline -0.009 -14"><span class='ocrx_word' id='word_1_95' title='bbox 622 2290 837 2359; x_wconf 71' lang='lat' dir='ltr'><strong>Aquila,</strong></span> <span class='ocrx_word' id='word_1_96' title='bbox 867 2289 937 2346; x_wconf 83' lang='lat' dir='ltr'><strong>Ut</strong></span> <span class='ocrx_word' id='word_1_97' title='bbox 962 2291 1008 2345; x_wconf 86' lang='lat' dir='ltr'><strong>si</strong></span> <span class='ocrx_word' id='word_1_98' title='bbox 1041 2297 1210 2359; x_wconf 79' lang='lat' dir='ltr'><strong>portet</strong></span> <span class='ocrx_word' id='word_1_99' title='bbox 1254 2286 1456 2351; x_wconf 66' lang='lat' dir='ltr'><strong>nutrix,</strong></span> <span class='ocrx_word' id='word_1_100' title='bbox 1476 2283 1646 2350; x_wconf 79' lang='lat' dir='ltr'><strong>ﬁlium</strong></span> <span class='ocrx_word' id='word_1_101' title='bbox 1688 2281 1927 2353; x_wconf 76' lang='lat' dir='ltr'><strong>gestauit.</strong></span> <span class='ocrx_word' id='word_1_102' title='bbox 1949 2281 2119 2334; x_wconf 86' lang='lat' dir='ltr'><strong>inter-</strong></span> 
     </span>
    </p>
   </div>
   <div class='ocr_carea' id='block_1_21' title="bbox 549 2369 2115 2453">
    <p class='ocr_par' dir='ltr' id='par_1_21' title="bbox 549 2369 2115 2453">
     <span class='ocr_line' id='line_1_21' title="bbox 549 2369 2115 2453; baseline -0.008 -16"><span class='ocrx_word' id='word_1_103' title='bbox 549 2390 793 2453; x_wconf 70' lang='lat' dir='ltr'><strong>pretatus</strong></span> <span class='ocrx_word' id='word_1_104' title='bbox 821 2390 922 2436; x_wconf 84' lang='lat' dir='ltr'><strong>est.</strong></span> <span class='ocrx_word' id='word_1_105' title='bbox 947 2380 1207 2450; x_wconf 85' lang='lat' dir='ltr'><strong>Origenes</strong></span> <span class='ocrx_word' id='word_1_106' title='bbox 1236 2390 1364 2432; x_wconf 82' lang='lat' dir='ltr'><strong>vero</strong></span> <span class='ocrx_word' id='word_1_107' title='bbox 1386 2375 1438 2430; x_wconf 89' lang='lat' dir='ltr'><strong>in</strong></span> <span class='ocrx_word' id='word_1_108' title='bbox 1462 2372 1701 2428; x_wconf 89' lang='lat' dir='ltr'><strong>homiliis</strong></span> <span class='ocrx_word' id='word_1_109' title='bbox 1739 2373 1794 2426; x_wconf 90' lang='lat' dir='ltr'><strong>in</strong></span> <span class='ocrx_word' id='word_1_110' title='bbox 1825 2369 2115 2426; x_wconf 81' lang='lat' dir='ltr'><strong>Jeremiam</strong></span> 
     </span>
    </p>
   </div>
   <div class='ocr_carea' id='block_1_22' title="bbox 550 2461 2116 2537">
    <p class='ocr_par' dir='ltr' id='par_1_22' title="bbox 550 2461 2116 2537">
     <span class='ocr_line' id='line_1_22' title="bbox 550 2461 2116 2537; baseline -0.006 -13"><span class='ocrx_word' id='word_1_111' title='bbox 550 2468 686 2524; x_wconf 82' lang='lat' dir='ltr'><strong>dixit</strong></span> <span class='ocrx_word' id='word_1_112' title='bbox 720 2487 734 2523; x_wconf 90' lang='lat'><strong>:</strong></span> <span class='ocrx_word' id='word_1_113' title='bbox 790 2486 811 2520; x_wconf 85' lang='lat' dir='ltr'><strong>s</strong></span> <span class='ocrx_word' id='word_1_114' title='bbox 849 2465 1254 2537; x_wconf 78' lang='lat' dir='ltr'><strong>Adtemperavit</strong></span> <span class='ocrx_word' id='word_1_115' title='bbox 1294 2479 1354 2521; x_wconf 84' lang='lat' dir='ltr'><strong>se</strong></span> <span class='ocrx_word' id='word_1_116' title='bbox 1401 2461 1893 2530; x_wconf 84' lang='lat' dir='ltr'><strong>condescenditque</strong></span> <span class='ocrx_word' id='word_1_117' title='bbox 1940 2461 2116 2525; x_wconf 87' lang='lat' dir='ltr'><strong>nobis,</strong></span> 
     </span>
    </p>
   </div>
   <div class='ocr_carea' id='block_1_23' title="bbox 554 2552 2118 2624">
    <p class='ocr_par' dir='ltr' id='par_1_23' title="bbox 554 2552 2118 2624">
     <span class='ocr_line' id='line_1_23' title="bbox 554 2552 2118 2624; baseline -0.004 -10"><span class='ocrx_word' id='word_1_118' title='bbox 554 2570 798 2614; x_wconf 86' lang='lat' dir='ltr'><strong>nostram</strong></span> <span class='ocrx_word' id='word_1_119' title='bbox 830 2559 1200 2614; x_wconf 85' lang='lat' dir='ltr'><strong>infirmitatem</strong></span> <span class='ocrx_word' id='word_1_120' title='bbox 1228 2572 1380 2612; x_wconf 92' lang='lat' dir='ltr'><strong>suam</strong></span> <span class='ocrx_word' id='word_1_121' title='bbox 1408 2556 1616 2612; x_wconf 80' lang='lat' dir='ltr'><strong>faciens</strong></span> <span class='ocrx_word' id='word_1_122' title='bbox 1643 2573 1658 2622; x_wconf 90' lang='lat'><strong>;</strong></span> <span class='ocrx_word' id='word_1_123' title='bbox 1690 2553 1835 2608; x_wconf 84' lang='lat' dir='ltr'><strong>velut</strong></span> <span class='ocrx_word' id='word_1_124' title='bbox 1860 2552 2118 2624; x_wconf 79' lang='lat' dir='ltr'><strong>magister</strong></span> 
     </span>
    </p>
   </div>
   <div class='ocr_carea' id='block_1_24' title="bbox 553 2645 2115 2720">
    <p class='ocr_par' dir='ltr' id='par_1_24' title="bbox 553 2645 2115 2720">
     <span class='ocr_line' id='line_1_24' title="bbox 553 2645 2115 2720; baseline -0.003 -14"><span class='ocrx_word' id='word_1_125' title='bbox 553 2666 676 2706; x_wconf 89' lang='lat' dir='ltr'><strong>cum</strong></span> <span class='ocrx_word' id='word_1_126' title='bbox 731 2653 917 2720; x_wconf 84' lang='lat' dir='ltr'><strong>pueris</strong></span> <span class='ocrx_word' id='word_1_127' title='bbox 974 2651 1304 2716; x_wconf 86' lang='lat' dir='ltr'><strong>balbutiens,</strong></span> <span class='ocrx_word' id='word_1_128' title='bbox 1352 2649 1502 2705; x_wconf 83' lang='lat' dir='ltr'><strong>velut</strong></span> <span class='ocrx_word' id='word_1_129' title='bbox 1557 2657 1713 2718; x_wconf 88' lang='lat' dir='ltr'><strong>pater</strong></span> <span class='ocrx_word' id='word_1_130' title='bbox 1753 2645 1953 2702; x_wconf 90' lang='lat' dir='ltr'><strong>liberos</strong></span> <span class='ocrx_word' id='word_1_131' title='bbox 1985 2660 2115 2702; x_wconf 90' lang='lat' dir='ltr'><strong>suos</strong></span> 
     </span>
    </p>
   </div>
   <div class='ocr_carea' id='block_1_25' title="bbox 554 2738 2118 2813">
    <p class='ocr_par' dir='ltr' id='par_1_25' title="bbox 554 2738 2118 2813">
     <span class='ocr_line' id='line_1_25' title="bbox 554 2738 2118 2813; baseline -0.003 -17"><span class='ocrx_word' id='word_1_132' title='bbox 554 2743 821 2806; x_wconf 84' lang='lat' dir='ltr'><strong>nutriens.</strong></span> <span class='ocrx_word' id='word_1_133' title='bbox 874 2758 1162 2813; x_wconf 88' lang='lat' dir='ltr'><strong>moresque</strong></span> <span class='ocrx_word' id='word_1_134' title='bbox 1196 2742 1409 2797; x_wconf 91' lang='lat' dir='ltr'><strong>illorum</strong></span> <span class='ocrx_word' id='word_1_135' title='bbox 1465 2740 1718 2805; x_wconf 89' lang='lat' dir='ltr'><strong>induens,</strong></span> <span class='ocrx_word' id='word_1_136' title='bbox 1767 2749 1825 2794; x_wconf 92' lang='lat' dir='ltr'><strong>et</strong></span> <span class='ocrx_word' id='word_1_137' title='bbox 1859 2738 2118 2808; x_wconf 83' lang='lat' dir='ltr'><strong>paulatim</strong></span> 
     </span>
    </p>
   </div>
   <div class='ocr_carea' id='block_1_26' title="bbox 556 2829 2116 2904">
    <p class='ocr_par' dir='ltr' id='par_1_26' title="bbox 556 2829 2116 2904">
     <span class='ocr_line' id='line_1_26' title="bbox 556 2829 2116 2904; baseline -0.003 -16"><span class='ocrx_word' id='word_1_138' title='bbox 556 2833 858 2902; x_wconf 86' lang='lat' dir='ltr'><strong>perducens</strong></span> <span class='ocrx_word' id='word_1_139' title='bbox 887 2849 983 2891; x_wconf 88' lang='lat' dir='ltr'><strong>eos</strong></span> <span class='ocrx_word' id='word_1_140' title='bbox 1008 2835 1076 2890; x_wconf 87' lang='lat' dir='ltr'><strong>ad</strong></span> <span class='ocrx_word' id='word_1_141' title='bbox 1098 2849 1162 2890; x_wconf 90' lang='lat' dir='ltr'><strong>ea</strong></span> <span class='ocrx_word' id='word_1_142' title='bbox 1198 2849 1318 2904; x_wconf 75' lang='lat' dir='ltr'><strong>quae</strong></span> <span class='ocrx_word' id='word_1_143' title='bbox 1348 2831 1676 2902; x_wconf 77' lang='lat' dir='ltr'><strong>perfectiora</strong></span> <span class='ocrx_word' id='word_1_144' title='bbox 1711 2837 1767 2886; x_wconf 90' lang='lat' dir='ltr'><strong>et</strong></span> <span class='ocrx_word' id='word_1_145' title='bbox 1802 2829 2116 2885; x_wconf 83' lang='lat' dir='ltr'><strong>sublimiora</strong></span> 
     </span>
    </p>
   </div>
   <div class='ocr_carea' id='block_1_27' title="bbox 1197 3016 1469 3074">
    <p class='ocr_par' dir='ltr' id='par_1_27' title="bbox 1197 3016 1469 3074">
     <span class='ocr_line' id='line_1_27' title="bbox 1197 3016 1469 3074; baseline 0 -1"><span class='ocrx_word' id='word_1_146' title='bbox 1197 3017 1346 3073; x_wconf 82' lang='lat' dir='ltr'><strong>CAP.</strong></span> <span class='ocrx_word' id='word_1_147' title='bbox 1382 3016 1469 3074; x_wconf 79' lang='lat' dir='ltr'><strong>Ill.</strong></span> 
     </span>
    </p>
   </div>
   <div class='ocr_carea' id='block_1_28' title="bbox 970 3107 1699 3180">
    <p class='ocr_par' dir='ltr' id='par_1_28' title="bbox 970 3107 1699 3180">
     <span class='ocr_line' id='line_1_28' title="bbox 970 3107 1699 3180; baseline 0.007 -18"><span class='ocrx_word' id='word_1_148' title='bbox 970 3108 1036 3163; x_wconf 82' lang='lat' dir='ltr'><strong>V.</strong></span> <span class='ocrx_word' id='word_1_149' title='bbox 1071 3107 1156 3164; x_wconf 78' lang='grc'><strong>18.</strong></span> <span class='ocrx_word' id='word_1_150' title='bbox 1200 3109 1268 3163; x_wconf 81' lang='lat' dir='ltr'><strong>Et</strong></span> <span class='ocrx_word' id='word_1_151' title='bbox 1291 3111 1512 3180; x_wconf 76' lang='lat' dir='ltr'><strong>pra&#39;cepi</strong></span> <span class='ocrx_word' id='word_1_152' title='bbox 1533 3112 1699 3168; x_wconf 80' lang='lat' dir='ltr'><strong>vobis.</strong></span> 
     </span>
    </p>
   </div>
   <div class='ocr_carea' id='block_1_29' title="bbox 628 3197 2118 3262">
    <p class='ocr_par' dir='ltr' id='par_1_29' title="bbox 628 3197 2118 3262">
     <span class='ocr_line' id='line_1_29' title="bbox 628 3197 2118 3262; baseline 0.005 -8"><span class='ocrx_word' id='word_1_153' title='bbox 628 3197 750 3255; x_wconf 72' lang='lat' dir='ltr'><strong>Haec</strong></span> <span class='ocrx_word' id='word_1_154' title='bbox 779 3199 916 3256; x_wconf 91' lang='lat' dir='ltr'><strong>dicit</strong></span> <span class='ocrx_word' id='word_1_155' title='bbox 947 3200 1110 3256; x_wconf 91' lang='lat' dir='ltr'><strong>tribui</strong></span> <span class='ocrx_word' id='word_1_156' title='bbox 1149 3200 1338 3257; x_wconf 82' lang='lat' dir='ltr'><strong>Ruben</strong></span> <span class='ocrx_word' id='word_1_157' title='bbox 1371 3214 1426 3258; x_wconf 93' lang='lat' dir='ltr'><strong>et</strong></span> <span class='ocrx_word' id='word_1_158' title='bbox 1461 3204 1621 3258; x_wconf 90' lang='lat' dir='ltr'><strong>tribui</strong></span> <span class='ocrx_word' id='word_1_159' title='bbox 1658 3203 1772 3260; x_wconf 86' lang='lat' dir='ltr'><strong>Gad</strong></span> <span class='ocrx_word' id='word_1_160' title='bbox 1805 3214 1859 3261; x_wconf 91' lang='lat' dir='ltr'><strong>et</strong></span> <span class='ocrx_word' id='word_1_161' title='bbox 1882 3205 2118 3262; x_wconf 68' lang='lat' dir='ltr'><strong>dimidiae</strong></span> 
     </span>
    </p>
   </div>
   <div class='ocr_carea' id='block_1_30' title="bbox 553 3291 1015 3348">
    <p class='ocr_par' dir='ltr' id='par_1_30' title="bbox 553 3291 1015 3348">
     <span class='ocr_line' id='line_1_30' title="bbox 553 3291 1015 3348; baseline 0.006 -4"><span class='ocrx_word' id='word_1_162' title='bbox 553 3292 716 3348; x_wconf 86' lang='lat' dir='ltr'><strong>t:ibni</strong></span> <span class='ocrx_word' id='word_1_163' title='bbox 745 3291 1015 3347; x_wconf 80' lang='lat' dir='ltr'><strong>Manasse.</strong></span> 
     </span>
    </p>
   </div>
   <div class='ocr_carea' id='block_1_31' title="bbox 625 3382 2118 3456">
    <p class='ocr_par' dir='ltr' id='par_1_31' title="bbox 625 3382 2118 3456">
     <span class='ocr_line' id='line_1_31' title="bbox 625 3382 2118 3456; baseline 0.005 -21"><span class='ocrx_word' id='word_1_164' title='bbox 625 3382 737 3437; x_wconf 71' lang='lat' dir='ltr'><strong>V&#39;V.</strong></span> <span class='ocrx_word' id='word_1_165' title='bbox 771 3382 862 3448; x_wconf 77' lang='lat'><strong>27,</strong></span> <span class='ocrx_word' id='word_1_166' title='bbox 891 3382 982 3438; x_wconf 75' lang='lat'><strong>‘28.</strong></span> <span class='ocrx_word' id='word_1_167' title='bbox 1019 3383 1145 3438; x_wconf 86' lang='lat' dir='ltr'><strong>Plus</strong></span> <span class='ocrx_word' id='word_1_168' title='bbox 1172 3383 1338 3456; x_wconf 79' lang='lat' dir='ltr'><strong>Moysi</strong></span> <span class='ocrx_word' id='word_1_169' title='bbox 1373 3401 1483 3456; x_wconf 67' lang='lat' dir='ltr'><strong>prae</strong></span> <span class='ocrx_word' id='word_1_170' title='bbox 1529 3387 1742 3442; x_wconf 79' lang='lat' dir='ltr'><strong>Aarone</strong></span> <span class='ocrx_word' id='word_1_171' title='bbox 1801 3389 2008 3452; x_wconf 88' lang='lat' dir='ltr'><strong>tribuit,</strong></span> <span class='ocrx_word' id='word_1_172' title='bbox 2040 3388 2118 3442; x_wconf 86' lang='lat' dir='ltr'><strong>vi-</strong></span> 
     </span>
    </p>
   </div>
   <div class='ocr_carea' id='block_1_32' title="bbox 556 3474 2116 3551">
    <p class='ocr_par' dir='ltr' id='par_1_32' title="bbox 556 3474 2116 3551">
     <span class='ocr_line' id='line_1_32' title="bbox 556 3474 2116 3551; baseline 0.004 -24"><span class='ocrx_word' id='word_1_173' title='bbox 556 3474 702 3529; x_wconf 85' lang='lat' dir='ltr'><strong>disse</strong></span> <span class='ocrx_word' id='word_1_174' title='bbox 739 3490 933 3545; x_wconf 89' lang='lat' dir='ltr'><strong>nempe</strong></span> <span class='ocrx_word' id='word_1_175' title='bbox 961 3485 1163 3532; x_wconf 89' lang='lat' dir='ltr'><strong>terram</strong></span> <span class='ocrx_word' id='word_1_176' title='bbox 1201 3477 1382 3534; x_wconf 90' lang='lat' dir='ltr'><strong>oculis</strong></span> <span class='ocrx_word' id='word_1_177' title='bbox 1419 3481 1672 3549; x_wconf 88' lang='lat' dir='ltr'><strong>propriis.</strong></span> <span class='ocrx_word' id='word_1_178' title='bbox 1712 3482 1780 3534; x_wconf 88' lang='lat' dir='ltr'><strong>At</strong></span> <span class='ocrx_word' id='word_1_179' title='bbox 1818 3481 2116 3551; x_wconf 86' lang='lat' dir='ltr'><strong>ingressum</strong></span> 
     </span>
    </p>
   </div>
   <div class='ocr_carea' id='block_1_33' title="bbox 554 3567 2117 3642">
    <p class='ocr_par' dir='ltr' id='par_1_33' title="bbox 554 3567 2117 3642">
     <span class='ocr_line' id='line_1_33' title="bbox 554 3567 2117 3642; baseline 0.003 -22"><span class='ocrx_word' id='word_1_180' title='bbox 554 3581 663 3621; x_wconf 90' lang='lat' dir='ltr'><strong>non</strong></span> <span class='ocrx_word' id='word_1_181' title='bbox 689 3567 898 3635; x_wconf 82' lang='lat' dir='ltr'><strong>tribuit,</strong></span> <span class='ocrx_word' id='word_1_182' title='bbox 925 3577 1140 3637; x_wconf 79' lang='lat' dir='ltr'><strong>propter</strong></span> <span class='ocrx_word' id='word_1_183' title='bbox 1164 3569 1290 3625; x_wconf 85' lang='lat' dir='ltr'><strong>fidei</strong></span> <span class='ocrx_word' id='word_1_184' title='bbox 1311 3569 1581 3626; x_wconf 85' lang='lat' dir='ltr'><strong>defectum</strong></span> <span class='ocrx_word' id='word_1_185' title='bbox 1609 3572 1710 3627; x_wconf 88' lang='lat' dir='ltr'><strong>hac</strong></span> <span class='ocrx_word' id='word_1_186' title='bbox 1734 3588 1889 3642; x_wconf 64' lang='lat' dir='ltr'><strong>paena</strong></span> <span class='ocrx_word' id='word_1_187' title='bbox 1919 3572 2117 3626; x_wconf 86' lang='lat' dir='ltr'><strong>multa-</strong></span> 
     </span>
    </p>
   </div>
   <div class='ocr_carea' id='block_1_34' title="bbox 553 3657 2122 3733">
    <p class='ocr_par' dir='ltr' id='par_1_34' title="bbox 553 3657 2122 3733">
     <span class='ocr_line' id='line_1_34' title="bbox 553 3657 2122 3733; baseline 0.005 -23"><span class='ocrx_word' id='word_1_188' title='bbox 553 3657 644 3720; x_wconf 91' lang='lat' dir='ltr'><strong>tis,</strong></span> <span class='ocrx_word' id='word_1_189' title='bbox 681 3671 801 3727; x_wconf 66' lang='lat' dir='ltr'><strong>qua:</strong></span> <span class='ocrx_word' id='word_1_190' title='bbox 845 3667 1134 3730; x_wconf 89' lang='lat' dir='ltr'><strong>utrumque</strong></span> <span class='ocrx_word' id='word_1_191' title='bbox 1165 3669 1316 3715; x_wconf 81' lang='lat' dir='ltr'><strong>extra</strong></span> <span class='ocrx_word' id='word_1_192' title='bbox 1379 3671 1582 3716; x_wconf 85' lang='lat' dir='ltr'><strong>terram</strong></span> <span class='ocrx_word' id='word_1_193' title='bbox 1644 3664 2022 3733; x_wconf 84' lang='lat' dir='ltr'><strong>promissionis</strong></span> <span class='ocrx_word' id='word_1_194' title='bbox 2055 3665 2122 3718; x_wconf 87' lang='lat' dir='ltr'><strong>de</strong></span> 
     </span>
    </p>
   </div>
   <div class='ocr_carea' id='block_1_35' title="bbox 554 3749 2117 3824">
    <p class='ocr_par' dir='ltr' id='par_1_35' title="bbox 554 3749 2117 3824">
     <span class='ocr_line' id='line_1_35' title="bbox 554 3749 2117 3824; baseline 0.003 -20"><span class='ocrx_word' id='word_1_195' title='bbox 554 3749 656 3808; x_wconf 74' lang='lat' dir='ltr'><strong>hac</strong></span> <span class='ocrx_word' id='word_1_196' title='bbox 683 3751 790 3805; x_wconf 86' lang='lat' dir='ltr'><strong>vita</strong></span> <span class='ocrx_word' id='word_1_197' title='bbox 820 3750 1098 3818; x_wconf 82' lang='lat' dir='ltr'><strong>transfert,</strong></span> <span class='ocrx_word' id='word_1_198' title='bbox 1127 3767 1248 3809; x_wconf 88' lang='lat' dir='ltr'><strong>cum</strong></span> <span class='ocrx_word' id='word_1_199' title='bbox 1295 3767 1360 3808; x_wconf 88' lang='lat' dir='ltr'><strong>eo</strong></span> <span class='ocrx_word' id='word_1_200' title='bbox 1389 3753 1674 3823; x_wconf 80' lang='lat' dir='ltr'><strong>pervenire</strong></span> <span class='ocrx_word' id='word_1_201' title='bbox 1724 3770 1830 3810; x_wconf 89' lang='lat' dir='ltr'><strong>non</strong></span> <span class='ocrx_word' id='word_1_202' title='bbox 1853 3763 2078 3824; x_wconf 87' lang='lat' dir='ltr'><strong>possent</strong></span> <span class='ocrx_word' id='word_1_203' title='bbox 2102 3772 2117 3820; x_wconf 91' lang='lat'>;</span> 
     </span>
    </p>
   </div>
   <div class='ocr_carea' id='block_1_36' title="bbox 551 3843 2119 3918">
    <p class='ocr_par' dir='ltr' id='par_1_36' title="bbox 551 3843 2119 3918">
     <span class='ocr_line' id='line_1_36' title="bbox 551 3843 2119 3918; baseline 0.002 -20"><span class='ocrx_word' id='word_1_204' title='bbox 551 3859 674 3898; x_wconf 89' lang='lat' dir='ltr'><strong>nam</strong></span> <span class='ocrx_word' id='word_1_205' title='bbox 699 3843 822 3901; x_wconf 79' lang='lat' dir='ltr'><strong>ﬁnis</strong></span> <span class='ocrx_word' id='word_1_206' title='bbox 849 3859 945 3914; x_wconf 91' lang='lat' dir='ltr'><strong>per</strong></span> <span class='ocrx_word' id='word_1_207' title='bbox 977 3845 1136 3901; x_wconf 81' lang='lat' dir='ltr'><strong>ﬁdem</strong></span> <span class='ocrx_word' id='word_1_208' title='bbox 1173 3847 1348 3900; x_wconf 85' lang='lat' dir='ltr'><strong>datur.</strong></span> <span class='ocrx_word' id='word_1_209' title='bbox 1375 3846 1530 3914; x_wconf 86' lang='lat' dir='ltr'><strong>Quod</strong></span> <span class='ocrx_word' id='word_1_210' title='bbox 1559 3846 1775 3916; x_wconf 90' lang='lat' dir='ltr'><strong>quidem</strong></span> <span class='ocrx_word' id='word_1_211' title='bbox 1818 3846 2119 3918; x_wconf 77' lang='lat' dir='ltr'><strong>symbolum</strong></span> 
     </span>
    </p>
   </div>
   <div class='ocr_carea' id='block_1_37' title="bbox 549 3937 2123 4008">
    <p class='ocr_par' dir='ltr' id='par_1_37' title="bbox 549 3937 2123 4008">
     <span class='ocr_line' id='line_1_37' title="bbox 549 3937 2123 4008; baseline 0.001 -18"><span class='ocrx_word' id='word_1_212' title='bbox 549 3937 714 3990; x_wconf 85' lang='lat' dir='ltr'><strong>etiam</strong></span> <span class='ocrx_word' id='word_1_213' title='bbox 746 3938 814 3992; x_wconf 90' lang='lat' dir='ltr'><strong>de</strong></span> <span class='ocrx_word' id='word_1_214' title='bbox 855 3937 973 4008; x_wconf 88' lang='lat' dir='ltr'><strong>lege</strong></span> <span class='ocrx_word' id='word_1_215' title='bbox 1018 3938 1142 4004; x_wconf 89' lang='lat' dir='ltr'><strong>fuit,</strong></span> <span class='ocrx_word' id='word_1_216' title='bbox 1180 3954 1300 4007; x_wconf 74' lang='lat' dir='ltr'><strong>qua:</strong></span> <span class='ocrx_word' id='word_1_217' title='bbox 1327 3939 1392 3992; x_wconf 87' lang='lat' dir='ltr'><strong>ad</strong></span> <span class='ocrx_word' id='word_1_218' title='bbox 1429 3939 1813 4008; x_wconf 81' lang='lat' dir='ltr'><strong>perfectionem</strong></span> <span class='ocrx_word' id='word_1_219' title='bbox 1875 3953 2123 3994; x_wconf 82' lang='lat' dir='ltr'><strong>consum-</strong></span> 
     </span>
    </p>
   </div>
   <div class='ocr_carea' id='block_1_38' title="bbox 549 4030 2117 4100">
    <p class='ocr_par' dir='ltr' id='par_1_38' title="bbox 549 4030 2117 4100">
     <span class='ocr_line' id='line_1_38' title="bbox 549 4030 2117 4100; baseline 0 -18"><span class='ocrx_word' id='word_1_220' title='bbox 549 4041 702 4082; x_wconf 85' lang='lat' dir='ltr'><strong>mare</strong></span> <span class='ocrx_word' id='word_1_221' title='bbox 766 4043 872 4084; x_wconf 92' lang='lat' dir='ltr'><strong>non</strong></span> <span class='ocrx_word' id='word_1_222' title='bbox 903 4038 1136 4098; x_wconf 88' lang='lat' dir='ltr'><strong>poterat,</strong></span> <span class='ocrx_word' id='word_1_223' title='bbox 1192 4044 1366 4098; x_wconf 88' lang='lat' dir='ltr'><strong>neque</strong></span> <span class='ocrx_word' id='word_1_224' title='bbox 1415 4030 1832 4099; x_wconf 82' lang='lat' dir='ltr'><strong>promissionem</strong></span> <span class='ocrx_word' id='word_1_225' title='bbox 1868 4030 2050 4100; x_wconf 87' lang='lat' dir='ltr'><strong>largiri</strong></span> <span class='ocrx_word' id='word_1_226' title='bbox 2103 4047 2117 4082; x_wconf 78' lang='grc' dir='ltr'>ε</span> 
     </span>
    </p>
   </div>
   <div class='ocr_carea' id='block_1_39' title="bbox 549 4118 2122 4190">
    <p class='ocr_par' dir='ltr' id='par_1_39' title="bbox 549 4118 2122 4190">
     <span class='ocr_line' id='line_1_39' title="bbox 549 4118 2122 4190; baseline 0.003 -18"><span class='ocrx_word' id='word_1_227' title='bbox 549 4118 824 4187; x_wconf 83' lang='lat' dir='ltr'><strong>quoniam,</strong></span> <span class='ocrx_word' id='word_1_228' title='bbox 873 4121 1050 4188; x_wconf 72' lang='lat' dir='ltr'><strong>justus</strong></span> <span class='ocrx_word' id='word_1_229' title='bbox 1107 4137 1172 4174; x_wconf 76' lang='lat' dir='ltr'><strong>ex</strong></span> <span class='ocrx_word' id='word_1_230' title='bbox 1217 4121 1322 4190; x_wconf 80' lang='lat' dir='ltr'><strong>ﬁde</strong></span> <span class='ocrx_word' id='word_1_231' title='bbox 1351 4122 1481 4175; x_wconf 77' lang='lat' dir='ltr'><strong>vim</strong></span> <span class='ocrx_word' id='word_1_232' title='bbox 1512 4120 1575 4173; x_wconf 85' lang='grc'><strong>¹³.</strong></span> <span class='ocrx_word' id='word_1_233' title='bbox 1601 4120 1697 4175; x_wconf 86' lang='lat' dir='ltr'><strong>Est</strong></span> <span class='ocrx_word' id='word_1_234' title='bbox 1733 4131 1912 4177; x_wconf 86' lang='lat' dir='ltr'><strong>tamen</strong></span> <span class='ocrx_word' id='word_1_235' title='bbox 1947 4121 2122 4176; x_wconf 87' lang='lat' dir='ltr'><strong>honor</strong></span> 
     </span>
    </p>
   </div>
   <div class='ocr_carea' id='block_1_40' title="bbox 548 4211 2118 4284">
    <p class='ocr_par' dir='ltr' id='par_1_40' title="bbox 548 4211 2118 4284">
     <span class='ocr_line' id='line_1_40' title="bbox 548 4211 2118 4284; baseline 0.003 -19"><span class='ocrx_word' id='word_1_236' title='bbox 548 4211 662 4277; x_wconf 80' lang='lat' dir='ltr'><strong>hic,</strong></span> <span class='ocrx_word' id='word_1_237' title='bbox 693 4213 908 4268; x_wconf 84' lang='lat' dir='ltr'><strong>novisse</strong></span> <span class='ocrx_word' id='word_1_238' title='bbox 936 4212 1196 4282; x_wconf 86' lang='lat' dir='ltr'><strong>judicium</strong></span> <span class='ocrx_word' id='word_1_239' title='bbox 1253 4213 1366 4276; x_wconf 84' lang='lat' dir='ltr'><strong>Dei,</strong></span> <span class='ocrx_word' id='word_1_240' title='bbox 1399 4223 1452 4268; x_wconf 88' lang='lat' dir='ltr'><strong>et</strong></span> <span class='ocrx_word' id='word_1_241' title='bbox 1477 4213 1808 4283; x_wconf 66' lang='lat' dir='ltr'><strong>praenovisse</strong></span> <span class='ocrx_word' id='word_1_242' title='bbox 1841 4215 2118 4284; x_wconf 85' lang='lat' dir='ltr'><strong>propriam</strong></span> 
     </span>
    </p>
   </div>
   <div class='ocr_carea' id='block_1_41' title="bbox 547 4311 799 4358">
    <p class='ocr_par' dir='ltr' id='par_1_41' title="bbox 547 4311 799 4358">
     <span class='ocr_line' id='line_1_41' title="bbox 547 4311 799 4358; baseline 0.004 -1"><span class='ocrx_word' id='word_1_243' title='bbox 547 4311 799 4358; x_wconf 84' lang='lat' dir='ltr'><strong>mortem.</strong></span> 
     </span>
    </p>
   </div>
   <div class='ocr_carea' id='block_1_42' title="bbox 2855 2087 3123 2142">
    <p class='ocr_par' dir='ltr' id='par_1_42' title="bbox 2855 2087 3123 2142">
     <span class='ocr_line' id='line_1_42' title="bbox 2855 2087 3123 2142; baseline -0.004 0"><span class='ocrx_word' id='word_1_244' title='bbox 2855 2089 3009 2142; x_wconf 66' lang='grc' dir='ltr'>ΚΕΦ.</span> <span class='ocrx_word' id='word_1_245' title='bbox 3049 2087 3123 2142; x_wconf 81' lang='grc' dir='ltr'><strong>Λ’.</strong></span> 
     </span>
    </p>
   </div>
   <div class='ocr_carea' id='block_1_43' title="bbox 2350 2178 3633 2252">
    <p class='ocr_par' dir='ltr' id='par_1_43' title="bbox 2350 2178 3633 2252">
     <span class='ocr_line' id='line_1_43' title="bbox 2350 2178 3633 2252; baseline -0.004 -16"><span class='ocrx_word' id='word_1_246' title='bbox 2350 2183 2495 2252; x_wconf 85' lang='grc' dir='ltr'>Στίχ.</span> <span class='ocrx_word' id='word_1_247' title='bbox 2527 2183 2625 2237; x_wconf 87' lang='grc' dir='ltr'>λα’.</span> <span class='ocrx_word' id='word_1_248' title='bbox 2661 2182 2815 2236; x_wconf 81' lang='grc' dir='ltr'>Ὠσεί</span> <span class='ocrx_word' id='word_1_249' title='bbox 2844 2180 3285 2250; x_wconf 61' lang='grc' dir='ltr'>τροφορορήσαι</span> <span class='ocrx_word' id='word_1_250' title='bbox 3307 2178 3633 2247; x_wconf 70' lang='grc' dir='ltr'>ἄνθρωπος.</span> 
     </span>
    </p>
   </div>
   <div class='ocr_carea' id='block_1_44' title="bbox 2282 2273 3772 2344">
    <p class='ocr_par' dir='ltr' id='par_1_44' title="bbox 2282 2273 3772 2344">
     <span class='ocr_line' id='line_1_44' title="bbox 2282 2273 3772 2344; baseline -0.004 -14"><span class='ocrx_word' id='word_1_251' title='bbox 2282 2276 2531 2340; x_wconf 64' lang='grc' dir='ltr'>Ἀκύλας.</span> <span class='ocrx_word' id='word_1_252' title='bbox 2561 2276 2712 2330; x_wconf 74' lang='grc' dir='ltr'>Ὠσεί</span> <span class='ocrx_word' id='word_1_253' title='bbox 2737 2275 2867 2344; x_wconf 77' lang='grc' dir='ltr'>ἆραι</span> <span class='ocrx_word' id='word_1_254' title='bbox 2889 2275 3105 2344; x_wconf 66' lang='grc' dir='ltr'>τροφὸς</span> <span class='ocrx_word' id='word_1_255' title='bbox 3130 2274 3238 2327; x_wconf 81' lang='grc' dir='ltr'>τὸν</span> <span class='ocrx_word' id='word_1_256' title='bbox 3254 2273 3387 2328; x_wconf 83' lang='grc' dir='ltr'>υἰὸν</span> <span class='ocrx_word' id='word_1_257' title='bbox 3413 2273 3772 2335; x_wconf 72' lang='grc' dir='ltr'>ἐϐάστασεν,</span> 
     </span>
    </p>
   </div>
   <div class='ocr_carea' id='block_1_45' title="bbox 2220 2366 3796 2444">
    <p class='ocr_par' dir='ltr' id='par_1_45' title="bbox 2220 2366 3796 2444">
     <span class='ocr_line' id='line_1_45' title="bbox 2220 2366 3796 2444; baseline -0.004 -18"><span class='ocrx_word' id='word_1_258' title='bbox 2220 2373 2582 2444; x_wconf 78' lang='grc' dir='ltr'>ήρμήνευσεν.</span> <span class='ocrx_word' id='word_1_259' title='bbox 2621 2370 2899 2442; x_wconf 84' lang='grc' dir='ltr'>Ὧριγένης</span> <span class='ocrx_word' id='word_1_260' title='bbox 2940 2368 2996 2421; x_wconf 80' lang='grc' dir='ltr'>δὲ</span> <span class='ocrx_word' id='word_1_261' title='bbox 3035 2369 3092 2420; x_wconf 80' lang='grc' dir='ltr'>ὲν</span> <span class='ocrx_word' id='word_1_262' title='bbox 3134 2368 3254 2430; x_wconf 80' lang='grc' dir='ltr'>ταῖς</span> <span class='ocrx_word' id='word_1_263' title='bbox 3282 2367 3362 2429; x_wconf 89' lang='grc' dir='ltr'><strong>εἰς</strong></span> <span class='ocrx_word' id='word_1_264' title='bbox 3387 2366 3477 2418; x_wconf 80' lang='grc' dir='ltr'>τὸν</span> <span class='ocrx_word' id='word_1_265' title='bbox 3522 2366 3796 2436; x_wconf 80' lang='grc' dir='ltr'>Ἱερεμίαν</span> 
     </span>
    </p>
   </div>
   <div class='ocr_carea' id='block_1_46' title="bbox 2218 2455 3793 2535">
    <p class='ocr_par' dir='ltr' id='par_1_46' title="bbox 2218 2455 3793 2535">
     <span class='ocr_line' id='line_1_46' title="bbox 2218 2455 3793 2535; baseline -0.007 -17"><span class='ocrx_word' id='word_1_266' title='bbox 2218 2464 2454 2535; x_wconf 80' lang='grc' dir='ltr'>ὁμιλίαις</span> <span class='ocrx_word' id='word_1_267' title='bbox 2506 2463 2669 2534; x_wconf 82' lang='grc' dir='ltr'>φησί·</span> <span class='ocrx_word' id='word_1_268' title='bbox 2736 2481 2754 2514; x_wconf 82' lang='grc' dir='ltr'><strong>ι</strong></span> <span class='ocrx_word' id='word_1_269' title='bbox 2797 2459 3243 2532; x_wconf 74' lang='grc' dir='ltr'>Συμπεριηνέχθη</span> <span class='ocrx_word' id='word_1_270' title='bbox 3306 2459 3400 2512; x_wconf 72' lang='grc' dir='ltr'>καὶ</span> <span class='ocrx_word' id='word_1_271' title='bbox 3479 2455 3793 2526; x_wconf 70' lang='grc' dir='ltr'>ωγκατέὸη</span> 
     </span>
    </p>
   </div>
   <div class='ocr_carea' id='block_1_47' title="bbox 2219 2547 3793 2626">
    <p class='ocr_par' dir='ltr' id='par_1_47' title="bbox 2219 2547 3793 2626">
     <span class='ocr_line' id='line_1_47' title="bbox 2219 2547 3793 2626; baseline -0.006 -17"><span class='ocrx_word' id='word_1_272' title='bbox 2219 2555 2345 2626; x_wconf 80' lang='grc' dir='ltr'>ὑμῖν</span> <span class='ocrx_word' id='word_1_273' title='bbox 2382 2556 2514 2624; x_wconf 74' lang='grc'>(27),</span> <span class='ocrx_word' id='word_1_274' title='bbox 2548 2554 2644 2626; x_wconf 76' lang='grc' dir='ltr'>τὴν</span> <span class='ocrx_word' id='word_1_275' title='bbox 2671 2554 2940 2625; x_wconf 81' lang='grc' dir='ltr'><strong>ἡμετέραν</strong></span> <span class='ocrx_word' id='word_1_276' title='bbox 2977 2553 3258 2606; x_wconf 80' lang='grc' dir='ltr'>ἀσθένειαν</span> <span class='ocrx_word' id='word_1_277' title='bbox 3284 2549 3677 2619; x_wconf 73' lang='grc' dir='ltr'>οἰκειούμενοςο</span> <span class='ocrx_word' id='word_1_278' title='bbox 3715 2547 3793 2611; x_wconf 83' lang='grc' dir='ltr'><strong>ὡς</strong></span> 
     </span>
    </p>
   </div>
   <div class='ocr_carea' id='block_1_48' title="bbox 2217 2638 3794 2716">
    <p class='ocr_par' dir='ltr' id='par_1_48' title="bbox 2217 2638 3794 2716">
     <span class='ocr_line' id='line_1_48' title="bbox 2217 2638 3794 2716; baseline -0.006 -16"><span class='ocrx_word' id='word_1_279' title='bbox 2217 2645 2530 2712; x_wconf 66' lang='grc' dir='ltr'>διδάσκαλος</span> <span class='ocrx_word' id='word_1_280' title='bbox 2573 2646 2948 2716; x_wconf 69' lang='grc' dir='ltr'>συμψελλίζων</span> <span class='ocrx_word' id='word_1_281' title='bbox 2990 2644 3254 2706; x_wconf 76' lang='grc' dir='ltr'>παιδίοις,</span> <span class='ocrx_word' id='word_1_282' title='bbox 3295 2642 3370 2704; x_wconf 84' lang='grc' dir='ltr'><strong>ὡς</strong></span> <span class='ocrx_word' id='word_1_283' title='bbox 3415 2640 3594 2711; x_wconf 82' lang='grc' dir='ltr'>πατὴρ</span> <span class='ocrx_word' id='word_1_284' title='bbox 3629 2638 3794 2701; x_wconf 82' lang='grc' dir='ltr'>ἰδίους</span> 
     </span>
    </p>
   </div>
   <div class='ocr_carea' id='block_1_49' title="bbox 2223 2730 3792 2806">
    <p class='ocr_par' dir='ltr' id='par_1_49' title="bbox 2223 2730 3792 2806">
     <span class='ocr_line' id='line_1_49' title="bbox 2223 2730 3792 2806; baseline -0.006 -17"><span class='ocrx_word' id='word_1_285' title='bbox 2223 2735 2602 2806; x_wconf 81' lang='grc' dir='ltr'>τιθηνούμενος</span> <span class='ocrx_word' id='word_1_286' title='bbox 2643 2737 2857 2798; x_wconf 79' lang='grc' dir='ltr'>παῖδας,</span> <span class='ocrx_word' id='word_1_287' title='bbox 2886 2735 2979 2788; x_wconf 79' lang='grc' dir='ltr'>καὶ</span> <span class='ocrx_word' id='word_1_288' title='bbox 3006 2735 3131 2797; x_wconf 74' lang='grc' dir='ltr'>τοὺς</span> <span class='ocrx_word' id='word_1_289' title='bbox 3167 2733 3400 2801; x_wconf 77' lang='grc' dir='ltr'>τρόπους</span> <span class='ocrx_word' id='word_1_290' title='bbox 3434 2730 3614 2785; x_wconf 80' lang='grc' dir='ltr'>αὐτῶν</span> <span class='ocrx_word' id='word_1_291' title='bbox 3660 2730 3792 2781; x_wconf 75' lang='grc' dir='ltr'>ὑπο-</span> 
     </span>
    </p>
   </div>
   <div class='ocr_carea' id='block_1_50' title="bbox 2223 2820 3795 2896">
    <p class='ocr_par' dir='ltr' id='par_1_50' title="bbox 2223 2820 3795 2896">
     <span class='ocr_line' id='line_1_50' title="bbox 2223 2820 3795 2896; baseline -0.003 -17"><span class='ocrx_word' id='word_1_292' title='bbox 2223 2825 2505 2894; x_wconf 88' lang='grc' dir='ltr'>δυόμενος,</span> <span class='ocrx_word' id='word_1_293' title='bbox 2562 2826 2654 2880; x_wconf 76' lang='grc' dir='ltr'>καὶ</span> <span class='ocrx_word' id='word_1_294' title='bbox 2701 2827 2838 2880; x_wconf 87' lang='grc' dir='ltr'><strong>κατά</strong></span> <span class='ocrx_word' id='word_1_295' title='bbox 2899 2825 3092 2896; x_wconf 81' lang='grc' dir='ltr'>μικρὸν</span> <span class='ocrx_word' id='word_1_296' title='bbox 3138 2824 3286 2891; x_wconf 77' lang='grc' dir='ltr'>ἄγων</span> <span class='ocrx_word' id='word_1_297' title='bbox 3341 2823 3538 2886; x_wconf 78' lang='grc' dir='ltr'>αὐτοὺς</span> <span class='ocrx_word' id='word_1_298' title='bbox 3583 2821 3678 2874; x_wconf 73' lang='grc' dir='ltr'><strong>ἐπὶ</strong></span> <span class='ocrx_word' id='word_1_299' title='bbox 3721 2820 3795 2874; x_wconf 83' lang='grc' dir='ltr'><strong>τά</strong></span> 
     </span>
    </p>
   </div>
   <div class='ocr_carea' id='block_1_51' title="bbox 2223 2919 3048 2990">
    <p class='ocr_par' dir='ltr' id='par_1_51' title="bbox 2223 2919 3048 2990">
     <span class='ocr_line' id='line_1_51' title="bbox 2223 2919 3048 2990; baseline -0.005 -15"><span class='ocrx_word' id='word_1_300' title='bbox 2223 2919 2528 2990; x_wconf 83' lang='grc' dir='ltr'>τελειότερα</span> <span class='ocrx_word' id='word_1_301' title='bbox 2560 2921 2652 2974; x_wconf 78' lang='grc' dir='ltr'>καὶ</span> <span class='ocrx_word' id='word_1_302' title='bbox 2680 2919 3001 2990; x_wconf 73' lang='grc' dir='ltr'>ὑψηλότερα.</span> <span class='ocrx_word' id='word_1_303' title='bbox 3028 2937 3048 2970; x_wconf 70' lang='grc' dir='ltr'><strong>ι</strong></span> 
     </span>
    </p>
   </div>
   <div class='ocr_carea' id='block_1_52' title="bbox 2873 3012 3133 3066">
    <p class='ocr_par' dir='ltr' id='par_1_52' title="bbox 2873 3012 3133 3066">
     <span class='ocr_line' id='line_1_52' title="bbox 2873 3012 3133 3066; baseline -0.004 0"><span class='ocrx_word' id='word_1_304' title='bbox 2873 3014 3030 3066; x_wconf 76' lang='grc' dir='ltr'><strong>ΚΕΦ.</strong></span> <span class='ocrx_word' id='word_1_305' title='bbox 3062 3012 3133 3065; x_wconf 79' lang='lat' dir='ltr'><strong>l&quot;.</strong></span> 
     </span>
    </p>
   </div>
   <div class='ocr_carea' id='block_1_53' title="bbox 2497 3125 3507 3200">
    <p class='ocr_par' dir='ltr' id='par_1_53' title="bbox 2497 3125 3507 3200">
     <span class='ocr_line' id='line_1_53' title="bbox 2497 3125 3507 3200; baseline -0.005 -19"><span class='ocrx_word' id='word_1_306' title='bbox 2497 3127 2642 3197; x_wconf 85' lang='grc' dir='ltr'>Στίχ.</span> <span class='ocrx_word' id='word_1_307' title='bbox 2679 3135 2765 3200; x_wconf 78' lang='grc' dir='ltr'>ιη’.</span> <span class='ocrx_word' id='word_1_308' title='bbox 2793 3128 2898 3182; x_wconf 76' lang='grc' dir='ltr'><strong>Καὶ</strong></span> <span class='ocrx_word' id='word_1_309' title='bbox 2932 3125 3322 3197; x_wconf 74' lang='grc' dir='ltr'>ἐνετειλάμην</span> <span class='ocrx_word' id='word_1_310' title='bbox 3349 3125 3507 3195; x_wconf 82' lang='grc' dir='ltr'>ὑμῖν.</span> 
     </span>
    </p>
   </div>
   <div class='ocr_carea' id='block_1_54' title="bbox 2286 3211 3790 3293">
    <p class='ocr_par' dir='ltr' id='par_1_54' title="bbox 2286 3211 3790 3293">
     <span class='ocr_line' id='line_1_54' title="bbox 2286 3211 3790 3293; baseline -0.01 -16"><span class='ocrx_word' id='word_1_311' title='bbox 2286 3221 2396 3293; x_wconf 73' lang='lat'><strong>(28)</strong></span> <span class='ocrx_word' id='word_1_312' title='bbox 2423 3219 2607 3276; x_wconf 87' lang='grc' dir='ltr'>Ταῦτα</span> <span class='ocrx_word' id='word_1_313' title='bbox 2639 3221 2785 3289; x_wconf 81' lang='grc' dir='ltr'>λέγει</span> <span class='ocrx_word' id='word_1_314' title='bbox 2820 3222 2885 3289; x_wconf 81' lang='grc' dir='ltr'>τῇ</span> <span class='ocrx_word' id='word_1_315' title='bbox 2927 3219 3062 3289; x_wconf 82' lang='grc' dir='ltr'>φυλῇ</span> <span class='ocrx_word' id='word_1_316' title='bbox 3102 3218 3376 3287; x_wconf 79' lang='grc' dir='ltr'>Ῥουὸεἰμ,</span> <span class='ocrx_word' id='word_1_317' title='bbox 3417 3216 3512 3269; x_wconf 78' lang='grc' dir='ltr'>καὶ</span> <span class='ocrx_word' id='word_1_318' title='bbox 3538 3216 3603 3284; x_wconf 77' lang='grc' dir='ltr'><strong>τῇ</strong></span> <span class='ocrx_word' id='word_1_319' title='bbox 3649 3211 3790 3281; x_wconf 74' lang='grc' dir='ltr'>φυλῇ</span> 
     </span>
    </p>
   </div>
   <div class='ocr_carea' id='block_1_55' title="bbox 2216 3312 3433 3388">
    <p class='ocr_par' dir='ltr' id='par_1_55' title="bbox 2216 3312 3433 3388">
     <span class='ocr_line' id='line_1_55' title="bbox 2216 3312 3433 3388; baseline -0.007 -16"><span class='ocrx_word' id='word_1_320' title='bbox 2216 3318 2340 3380; x_wconf 78' lang='grc' dir='ltr'>Γὰδ,</span> <span class='ocrx_word' id='word_1_321' title='bbox 2366 3319 2459 3372; x_wconf 74' lang='grc' dir='ltr'>καὶ</span> <span class='ocrx_word' id='word_1_322' title='bbox 2489 3317 2569 3387; x_wconf 85' lang='grc' dir='ltr'>τῷ</span> <span class='ocrx_word' id='word_1_323' title='bbox 2594 3317 2782 3388; x_wconf 79' lang='grc' dir='ltr'>ἡμίσει</span> <span class='ocrx_word' id='word_1_324' title='bbox 2805 3316 2916 3384; x_wconf 69' lang='lat'><strong>(29)</strong></span> <span class='ocrx_word' id='word_1_325' title='bbox 2949 3314 3119 3383; x_wconf 80' lang='grc' dir='ltr'>φυλῆς</span> <span class='ocrx_word' id='word_1_326' title='bbox 3145 3312 3433 3381; x_wconf 82' lang='grc' dir='ltr'>Μανασσῆ.</span> 
     </span>
    </p>
   </div>
   <div class='ocr_carea' id='block_1_56' title="bbox 2287 3399 3794 3480">
    <p class='ocr_par' dir='ltr' id='par_1_56' title="bbox 2287 3399 3794 3480">
     <span class='ocr_line' id='line_1_56' title="bbox 2287 3399 3794 3480; baseline -0.008 -18"><span class='ocrx_word' id='word_1_327' title='bbox 2287 3409 2435 3480; x_wconf 85' lang='grc' dir='ltr'>Στίχ.</span> <span class='ocrx_word' id='word_1_328' title='bbox 2461 3408 2563 3472; x_wconf 73' lang='grc' dir='ltr'>κζ’,</span> <span class='ocrx_word' id='word_1_329' title='bbox 2599 3403 2706 3478; x_wconf 86' lang='grc' dir='ltr'>κη’.</span> <span class='ocrx_word' id='word_1_330' title='bbox 2737 3407 2904 3460; x_wconf 87' lang='grc' dir='ltr'>Πλέον</span> <span class='ocrx_word' id='word_1_331' title='bbox 2926 3404 3005 3474; x_wconf 83' lang='grc' dir='ltr'>τῷ</span> <span class='ocrx_word' id='word_1_332' title='bbox 3035 3405 3257 3457; x_wconf 83' lang='grc' dir='ltr'><strong>Μωῢσεί</strong></span> <span class='ocrx_word' id='word_1_333' title='bbox 3283 3402 3433 3472; x_wconf 76' lang='grc' dir='ltr'>παρὰ</span> <span class='ocrx_word' id='word_1_334' title='bbox 3459 3399 3536 3468; x_wconf 85' lang='grc' dir='ltr'><strong>τῷ</strong></span> <span class='ocrx_word' id='word_1_335' title='bbox 3583 3399 3794 3469; x_wconf 73' lang='grc' dir='ltr'>Ἀαρὼν</span> 
     </span>
    </p>
   </div>
   <div class='ocr_carea' id='block_1_57' title="bbox 2216 3492 3793 3567">
    <p class='ocr_par' dir='ltr' id='par_1_57' title="bbox 2216 3492 3793 3567">
     <span class='ocr_line' id='line_1_57' title="bbox 2216 3492 3793 3567; baseline -0.006 -15"><span class='ocrx_word' id='word_1_336' title='bbox 2216 3499 2419 3562; x_wconf 85' lang='grc' dir='ltr'>δίδωσι,</span> <span class='ocrx_word' id='word_1_337' title='bbox 2461 3498 2522 3551; x_wconf 83' lang='grc' dir='ltr'>τὸ</span> <span class='ocrx_word' id='word_1_338' title='bbox 2575 3497 2870 3551; x_wconf 81' lang='grc' dir='ltr'>Θεάσασθαι</span> <span class='ocrx_word' id='word_1_339' title='bbox 2916 3496 3015 3567; x_wconf 77' lang='grc' dir='ltr'>τὴν</span> <span class='ocrx_word' id='word_1_340' title='bbox 3060 3497 3163 3566; x_wconf 88' lang='grc' dir='ltr'><strong>γῆν</strong></span> <span class='ocrx_word' id='word_1_341' title='bbox 3228 3494 3288 3559; x_wconf 79' lang='grc' dir='ltr'><strong>ἐξ</strong></span> <span class='ocrx_word' id='word_1_342' title='bbox 3339 3492 3624 3546; x_wconf 74' lang='grc' dir='ltr'>αὐτόπτου.</span> <span class='ocrx_word' id='word_1_343' title='bbox 3681 3492 3793 3562; x_wconf 77' lang='grc' dir='ltr'><strong>Τὴν</strong></span> 
     </span>
    </p>
   </div>
   <div class='ocr_carea' id='block_1_58' title="bbox 2217 3581 3791 3656">
    <p class='ocr_par' dir='ltr' id='par_1_58' title="bbox 2217 3581 3791 3656">
     <span class='ocr_line' id='line_1_58' title="bbox 2217 3581 3791 3656; baseline -0.006 -14"><span class='ocrx_word' id='word_1_344' title='bbox 2217 3589 2273 3642; x_wconf 82' lang='grc' dir='ltr'>δὲ</span> <span class='ocrx_word' id='word_1_345' title='bbox 2321 3588 2522 3642; x_wconf 69' lang='grc' dir='ltr'>εἴσοδον</span> <span class='ocrx_word' id='word_1_346' title='bbox 2563 3587 2624 3640; x_wconf 80' lang='grc' dir='ltr'><strong>οῦ</strong></span> <span class='ocrx_word' id='word_1_347' title='bbox 2656 3587 2859 3650; x_wconf 87' lang='grc' dir='ltr'>δίδωσι,</span> <span class='ocrx_word' id='word_1_348' title='bbox 2893 3590 2958 3656; x_wconf 82' lang='grc' dir='ltr'>τῇ</span> <span class='ocrx_word' id='word_1_349' title='bbox 2993 3585 3094 3656; x_wconf 86' lang='grc' dir='ltr'><strong>τῆς</strong></span> <span class='ocrx_word' id='word_1_350' title='bbox 3141 3585 3375 3649; x_wconf 85' lang='grc' dir='ltr'>πίστεως</span> <span class='ocrx_word' id='word_1_351' title='bbox 3440 3582 3615 3652; x_wconf 79' lang='grc' dir='ltr'>ἐνδείᾳ</span> <span class='ocrx_word' id='word_1_352' title='bbox 3658 3581 3791 3634; x_wconf 85' lang='grc' dir='ltr'>ταύ-</span> 
     </span>
    </p>
   </div>
   <div class='ocr_carea' id='block_1_59' title="bbox 2218 3673 3795 3752">
    <p class='ocr_par' dir='ltr' id='par_1_59' title="bbox 2218 3673 3795 3752">
     <span class='ocr_line' id='line_1_59' title="bbox 2218 3673 3795 3752; baseline 0.002 -20"><span class='ocrx_word' id='word_1_353' title='bbox 2218 3698 2318 3751; x_wconf 81' lang='grc' dir='ltr'>την</span> <span class='ocrx_word' id='word_1_354' title='bbox 2359 3681 2512 3752; x_wconf 88' lang='grc' dir='ltr'>δίκην</span> <span class='ocrx_word' id='word_1_355' title='bbox 2563 3681 2798 3745; x_wconf 68' lang='grc' dir='ltr'>ἐπιθεὶς,</span> <span class='ocrx_word' id='word_1_356' title='bbox 2847 3678 2968 3733; x_wconf 76' lang='grc' dir='ltr'>καθ’</span> <span class='ocrx_word' id='word_1_357' title='bbox 3022 3678 3090 3748; x_wconf 73' lang='grc' dir='ltr'>ἢν</span> <span class='ocrx_word' id='word_1_358' title='bbox 3137 3677 3476 3747; x_wconf 73' lang='grc' dir='ltr'>ἀμφοτέρους</span> <span class='ocrx_word' id='word_1_359' title='bbox 3506 3675 3661 3736; x_wconf 80' lang='grc' dir='ltr'>ἐκτὸς</span> <span class='ocrx_word' id='word_1_360' title='bbox 3694 3673 3795 3743; x_wconf 79' lang='grc' dir='ltr'><strong>τῆς</strong></span> 
     </span>
    </p>
   </div>
   <div class='ocr_carea' id='block_1_60' title="bbox 2223 3764 3792 3842">
    <p class='ocr_par' dir='ltr' id='par_1_60' title="bbox 2223 3764 3792 3842">
     <span class='ocr_line' id='line_1_60' title="bbox 2223 3764 3792 3842; baseline -0.013 -4"><span class='ocrx_word' id='word_1_361' title='bbox 2223 3773 2326 3842; x_wconf 80' lang='grc' dir='ltr'>γῆς</span> <span class='ocrx_word' id='word_1_362' title='bbox 2373 3771 2474 3842; x_wconf 83' lang='grc' dir='ltr'><strong>τῆς</strong></span> <span class='ocrx_word' id='word_1_363' title='bbox 2520 3771 2931 3842; x_wconf 77' lang='grc' dir='ltr'>ἐπηγγελμένης</span> <span class='ocrx_word' id='word_1_364' title='bbox 2986 3768 3298 3841; x_wconf 82' lang='grc' dir='ltr'>μεθίστησιν</span> <span class='ocrx_word' id='word_1_365' title='bbox 3349 3766 3457 3820; x_wconf 76' lang='grc' dir='ltr'>ἀπὸ</span> <span class='ocrx_word' id='word_1_366' title='bbox 3503 3764 3598 3819; x_wconf 83' lang='grc' dir='ltr'><strong>τοῦ</strong></span> <span class='ocrx_word' id='word_1_367' title='bbox 3650 3765 3792 3834; x_wconf 82' lang='grc' dir='ltr'>βίου,</span> 
     </span>
    </p>
   </div>
   <div class='ocr_carea' id='block_1_61' title="bbox 2222 3856 3790 3932">
    <p class='ocr_par' dir='ltr' id='par_1_61' title="bbox 2222 3856 3790 3932">
     <span class='ocr_line' id='line_1_61' title="bbox 2222 3856 3790 3932; baseline -0.006 -18"><span class='ocrx_word' id='word_1_368' title='bbox 2222 3863 2316 3914; x_wconf 74' lang='grc' dir='ltr'>καὶ</span> <span class='ocrx_word' id='word_1_369' title='bbox 2369 3861 2480 3932; x_wconf 75' lang='lat'><strong>(30)</strong></span> <span class='ocrx_word' id='word_1_370' title='bbox 2523 3861 2852 3932; x_wconf 84' lang='grc' dir='ltr'>δυναμένους</span> <span class='ocrx_word' id='word_1_371' title='bbox 2926 3858 3248 3929; x_wconf 79' lang='grc' dir='ltr'>ἀφικέσθαι,</span> <span class='ocrx_word' id='word_1_372' title='bbox 3300 3857 3393 3911; x_wconf 85' lang='grc' dir='ltr'><strong>τοῦ</strong></span> <span class='ocrx_word' id='word_1_373' title='bbox 3449 3857 3637 3919; x_wconf 78' lang='grc' dir='ltr'>τέλους</span> <span class='ocrx_word' id='word_1_374' title='bbox 3695 3856 3790 3907; x_wconf 79' lang='grc' dir='ltr'>ἆτε</span> 
     </span>
    </p>
   </div>
   <div class='ocr_carea' id='block_1_62' title="bbox 2220 3945 3797 4024">
    <p class='ocr_par' dir='ltr' id='par_1_62' title="bbox 2220 3945 3797 4024">
     <span class='ocr_line' id='line_1_62' title="bbox 2220 3945 3797 4024; baseline -0.007 -17"><span class='ocrx_word' id='word_1_375' title='bbox 2220 3953 2308 4007; x_wconf 79' lang='grc' dir='ltr'>διὰ</span> <span class='ocrx_word' id='word_1_376' title='bbox 2352 3955 2586 4018; x_wconf 86' lang='grc' dir='ltr'>πίστεως</span> <span class='ocrx_word' id='word_1_377' title='bbox 2627 3954 2926 4024; x_wconf 84' lang='grc' dir='ltr'>διδομένου.</span> <span class='ocrx_word' id='word_1_378' title='bbox 2957 3951 3024 4006; x_wconf 79' lang='grc'><strong>’0</strong></span> <span class='ocrx_word' id='word_1_379' title='bbox 3055 3952 3120 4023; x_wconf 78' lang='grc' dir='ltr'>δὴ</span> <span class='ocrx_word' id='word_1_380' title='bbox 3158 3952 3250 4005; x_wconf 68' lang='grc' dir='ltr'>καὶ</span> <span class='ocrx_word' id='word_1_381' title='bbox 3291 3948 3556 4020; x_wconf 76' lang='grc' dir='ltr'>σύμϐολον</span> <span class='ocrx_word' id='word_1_382' title='bbox 3588 3948 3667 4009; x_wconf 88' lang='grc' dir='ltr'><strong>εἰς</strong></span> <span class='ocrx_word' id='word_1_383' title='bbox 3699 3945 3797 3998; x_wconf 78' lang='grc' dir='ltr'>τὸν</span> 
     </span>
    </p>
   </div>
   <div class='ocr_carea' id='block_1_63' title="bbox 2220 4033 3794 4116">
    <p class='ocr_par' dir='ltr' id='par_1_63' title="bbox 2220 4033 3794 4116">
     <span class='ocr_line' id='line_1_63' title="bbox 2220 4033 3794 4116; baseline -0.007 -18"><span class='ocrx_word' id='word_1_384' title='bbox 2220 4045 2503 4116; x_wconf 77' lang='grc' dir='ltr'>νόμον,”οὐ</span> <span class='ocrx_word' id='word_1_385' title='bbox 2543 4045 2838 4116; x_wconf 79' lang='grc' dir='ltr'>δυνάμενον</span> <span class='ocrx_word' id='word_1_386' title='bbox 2895 4042 3178 4096; x_wconf 79' lang='grc' dir='ltr'>τελειῶσαι</span> <span class='ocrx_word' id='word_1_387' title='bbox 3233 4039 3353 4093; x_wconf 72' lang='grc' dir='ltr'>οὐδὶ</span> <span class='ocrx_word' id='word_1_388' title='bbox 3409 4033 3506 4107; x_wconf 79' lang='grc' dir='ltr'>τὴν</span> <span class='ocrx_word' id='word_1_389' title='bbox 3557 4039 3794 4103; x_wconf 69' lang='grc' dir='ltr'>ἐπαγγε-</span> 
     </span>
    </p>
   </div>
   <div class='ocr_carea' id='block_1_64' title="bbox 2219 4125 3794 4208">
    <p class='ocr_par' dir='ltr' id='par_1_64' title="bbox 2219 4125 3794 4208">
     <span class='ocr_line' id='line_1_64' title="bbox 2219 4125 3794 4208; baseline -0.006 -19"><span class='ocrx_word' id='word_1_390' title='bbox 2219 4136 2338 4191; x_wconf 84' lang='grc' dir='ltr'>λίαν</span> <span class='ocrx_word' id='word_1_391' title='bbox 2369 4137 2832 4208; x_wconf 76' lang='grc' dir='ltr'>ἀποκαταστῆσαι,</span> <span class='ocrx_word' id='word_1_392' title='bbox 2861 4136 2943 4189; x_wconf 85' lang='grc' dir='ltr'>ὃτι</span> <span class='ocrx_word' id='word_1_393' title='bbox 2965 4137 2996 4188; x_wconf 83' lang='lat' dir='ltr'><strong>d</strong></span> <span class='ocrx_word' id='word_1_394' title='bbox 3016 4132 3319 4197; x_wconf 80' lang='grc' dir='ltr'>δίκαιοςέκ</span> <span class='ocrx_word' id='word_1_395' title='bbox 3350 4131 3607 4193; x_wconf 78' lang='grc' dir='ltr'>πίστεως</span> <span class='ocrx_word' id='word_1_396' title='bbox 3622 4125 3794 4192; x_wconf 77' lang='grc' dir='ltr'>ζήσε-</span> 
     </span>
    </p>
   </div>
   <div class='ocr_carea' id='block_1_65' title="bbox 2220 4216 3788 4299">
    <p class='ocr_par' dir='ltr' id='par_1_65' title="bbox 2220 4216 3788 4299">
     <span class='ocr_line' id='line_1_65' title="bbox 2220 4216 3788 4299; baseline -0.009 -18"><span class='ocrx_word' id='word_1_397' title='bbox 2220 4244 2335 4281; x_wconf 82' lang='grc' dir='ltr'>ται.</span> <span class='ocrx_word' id='word_1_398' title='bbox 2358 4228 2504 4299; x_wconf 77' lang='grc' dir='ltr'>Τιμὴ</span> <span class='ocrx_word' id='word_1_399' title='bbox 2528 4227 2584 4280; x_wconf 77' lang='grc' dir='ltr'>δὲ</span> <span class='ocrx_word' id='word_1_400' title='bbox 2613 4226 2774 4297; x_wconf 83' lang='grc' dir='ltr'>αὓτη,</span> <span class='ocrx_word' id='word_1_401' title='bbox 2804 4225 2865 4280; x_wconf 85' lang='grc' dir='ltr'>τὸ</span> <span class='ocrx_word' id='word_1_402' title='bbox 2894 4223 3096 4293; x_wconf 75' lang='grc' dir='ltr'>γνῶναι</span> <span class='ocrx_word' id='word_1_403' title='bbox 3124 4221 3305 4291; x_wconf 85' lang='grc' dir='ltr'>κρίσιν</span> <span class='ocrx_word' id='word_1_404' title='bbox 3331 4216 3490 4281; x_wconf 87' lang='grc' dir='ltr'>Θεοῦ,</span> <span class='ocrx_word' id='word_1_405' title='bbox 3525 4217 3620 4270; x_wconf 76' lang='grc' dir='ltr'>καὶ</span> <span class='ocrx_word' id='word_1_406' title='bbox 3653 4231 3788 4286; x_wconf 83' lang='grc' dir='ltr'>προ-</span> 
     </span>
    </p>
   </div>
   <div class='ocr_carea' id='block_1_66' title="bbox 2225 4317 3102 4391">
    <p class='ocr_par' dir='ltr' id='par_1_66' title="bbox 2225 4317 3102 4391">
     <span class='ocr_line' id='line_1_66' title="bbox 2225 4317 3102 4391; baseline -0.006 -18"><span class='ocrx_word' id='word_1_407' title='bbox 2225 4320 2426 4390; x_wconf 83' lang='grc' dir='ltr'>γνῶναι</span> <span class='ocrx_word' id='word_1_408' title='bbox 2457 4319 2557 4391; x_wconf 81' lang='grc' dir='ltr'>τὴν</span> <span class='ocrx_word' id='word_1_409' title='bbox 2587 4320 2793 4373; x_wconf 77' lang='grc' dir='ltr'>οἰκείαν</span> <span class='ocrx_word' id='word_1_410' title='bbox 2825 4317 3102 4386; x_wconf 77' lang='grc' dir='ltr'>τελευτήν.</span> 
     </span>
    </p>
   </div>
   <div class='ocr_carea' id='block_1_67' title="bbox 619 4379 2133 4480">
    <p class='ocr_par' dir='ltr' id='par_1_67' title="bbox 619 4394 2116 4469">
     <span class='ocr_line' id='line_1_67' title="bbox 619 4394 2116 4469; baseline 0.003 -21"><span class='ocrx_word' id='word_1_411' title='bbox 619 4394 897 4465; x_wconf 78' lang='lat' dir='ltr'><strong>Ejusdem.</strong></span> <span class='ocrx_word' id='word_1_412' title='bbox 941 4395 1429 4464; x_wconf 69' lang='lat' dir='ltr'><strong>Producitlesum,</strong></span> <span class='ocrx_word' id='word_1_413' title='bbox 1460 4398 1572 4468; x_wconf 85' lang='lat' dir='ltr'><strong>jam</strong></span> <span class='ocrx_word' id='word_1_414' title='bbox 1614 4397 1830 4469; x_wconf 89' lang='lat' dir='ltr'><strong>quidem</strong></span> <span class='ocrx_word' id='word_1_415' title='bbox 1871 4398 2116 4453; x_wconf 81' lang='lat' dir='ltr'><strong>sanctiﬁ-</strong></span> 
     </span>
    </p>
   </div>
   <div class='ocr_carea' id='block_1_68' title="bbox 2219 4379 3795 4480">
    <p class='ocr_par' dir='ltr' id='par_1_68' title="bbox 2237 4379 3795 4480">
     <span class='ocr_line' id='line_1_68' title="bbox 2237 4379 3795 4480; baseline -0.007 -15"><span class='ocrx_word' id='word_1_416' title='bbox 2237 4379 2250 4390; x_wconf 49' lang='lat'>&#39;</span> <span class='ocrx_word' id='word_1_417' title='bbox 2299 4410 2408 4465; x_wconf 87' lang='grc' dir='ltr'><strong>Τοῦ</strong></span> <span class='ocrx_word' id='word_1_418' title='bbox 2449 4379 2654 4464; x_wconf 74' lang='grc' dir='ltr'>αῦτοῦ.</span> <span class='ocrx_word' id='word_1_419' title='bbox 2693 4410 2928 4480; x_wconf 76' lang='grc' dir='ltr'>Προάγει</span> <span class='ocrx_word' id='word_1_420' title='bbox 2980 4379 3071 4460; x_wconf 70' lang='grc' dir='ltr'>τὸν</span> <span class='ocrx_word' id='word_1_421' title='bbox 3124 4403 3360 4467; x_wconf 81' lang='grc' dir='ltr'>Ἰησοῦν,</span> <span class='ocrx_word' id='word_1_422' title='bbox 3396 4404 3486 4456; x_wconf 76' lang='grc' dir='ltr'><strong>καί</strong></span> <span class='ocrx_word' id='word_1_423' title='bbox 3533 4403 3632 4474; x_wconf 66' lang='grc' dir='ltr'><strong>ἤδη</strong></span> <span class='ocrx_word' id='word_1_424' title='bbox 3692 4401 3795 4474; x_wconf 80' lang='grc' dir='ltr'>μὲν</span> 
     </span>
    </p>
   </div>
   <div class='ocr_carea' id='block_1_69' title="bbox 546 4492 2116 4564">
    <p class='ocr_par' dir='ltr' id='par_1_69' title="bbox 546 4492 2116 4564">
     <span class='ocr_line' id='line_1_69' title="bbox 546 4492 2116 4564; baseline -0.001 -16"><span class='ocrx_word' id='word_1_425' title='bbox 546 4504 727 4548; x_wconf 87' lang='lat' dir='ltr'><strong>catum</strong></span> <span class='ocrx_word' id='word_1_426' title='bbox 770 4507 839 4548; x_wconf 78' lang='lat' dir='ltr'><strong>ex</strong></span> <span class='ocrx_word' id='word_1_427' title='bbox 893 4493 1110 4562; x_wconf 89' lang='lat' dir='ltr'><strong>sequela</strong></span> <span class='ocrx_word' id='word_1_428' title='bbox 1157 4502 1212 4548; x_wconf 88' lang='lat' dir='ltr'><strong>et</strong></span> <span class='ocrx_word' id='word_1_429' title='bbox 1267 4493 1678 4549; x_wconf 80' lang='lat' dir='ltr'><strong>conversatione</strong></span> <span class='ocrx_word' id='word_1_430' title='bbox 1726 4508 1847 4549; x_wconf 91' lang='lat' dir='ltr'><strong>cum</strong></span> <span class='ocrx_word' id='word_1_431' title='bbox 1907 4492 2116 4564; x_wconf 82' lang='lat' dir='ltr'><strong>Moyse,</strong></span> 
     </span>
    </p>
   </div>
   <div class='ocr_carea' id='block_1_70' title="bbox 549 4582 2120 4654">
    <p class='ocr_par' dir='ltr' id='par_1_70' title="bbox 549 4582 2120 4654">
     <span class='ocr_line' id='line_1_70' title="bbox 549 4582 2120 4654; baseline 0.001 -18"><span class='ocrx_word' id='word_1_432' title='bbox 549 4582 643 4636; x_wconf 81' lang='lat' dir='ltr'><strong>sed</strong></span> <span class='ocrx_word' id='word_1_433' title='bbox 704 4591 1051 4652; x_wconf 90' lang='lat' dir='ltr'><strong>recepturum</strong></span> <span class='ocrx_word' id='word_1_434' title='bbox 1114 4598 1242 4638; x_wconf 80' lang='lat' dir='ltr'><strong>mox</strong></span> <span class='ocrx_word' id='word_1_435' title='bbox 1313 4583 1561 4652; x_wconf 88' lang='lat' dir='ltr'><strong>spiritum</strong></span> <span class='ocrx_word' id='word_1_436' title='bbox 1615 4583 1965 4654; x_wconf 85' lang='lat' dir='ltr'><strong>principalem</strong></span> <span class='ocrx_word' id='word_1_437' title='bbox 2025 4600 2120 4652; x_wconf 87' lang='lat' dir='ltr'><strong>per</strong></span> 
     </span>
    </p>
   </div>
   <div class='ocr_carea' id='block_1_71' title="bbox 549 4673 2115 4745">
    <p class='ocr_par' dir='ltr' id='par_1_71' title="bbox 549 4673 2115 4745">
     <span class='ocr_line' id='line_1_71' title="bbox 549 4673 2115 4745; baseline 0 -17"><span class='ocrx_word' id='word_1_438' title='bbox 549 4673 794 4745; x_wconf 77' lang='lat' dir='ltr'><strong>Moysen,</strong></span> <span class='ocrx_word' id='word_1_439' title='bbox 843 4681 902 4728; x_wconf 89' lang='lat' dir='ltr'><strong>ut</strong></span> <span class='ocrx_word' id='word_1_440' title='bbox 933 4681 988 4728; x_wconf 88' lang='lat' dir='ltr'><strong>et</strong></span> <span class='ocrx_word' id='word_1_441' title='bbox 1029 4689 1156 4728; x_wconf 90' lang='lat' dir='ltr'><strong>suos</strong></span> <span class='ocrx_word' id='word_1_442' title='bbox 1185 4688 1284 4744; x_wconf 93' lang='lat' dir='ltr'><strong>pro</strong></span> <span class='ocrx_word' id='word_1_443' title='bbox 1319 4688 1378 4729; x_wconf 87' lang='lat' dir='ltr'><strong>se</strong></span> <span class='ocrx_word' id='word_1_444' title='bbox 1411 4675 1699 4729; x_wconf 86' lang='lat' dir='ltr'><strong>stabiliret.</strong></span> <span class='ocrx_word' id='word_1_445' title='bbox 1753 4675 2115 4741; x_wconf 86' lang='lat' dir='ltr'><strong>Quemadmo-</strong></span> 
     </span>
    </p>
   </div>
   <div class='ocr_carea' id='block_1_72' title="bbox 546 4765 2119 4836">
    <p class='ocr_par' dir='ltr' id='par_1_72' title="bbox 546 4765 2119 4836">
     <span class='ocr_line' id='line_1_72' title="bbox 546 4765 2119 4836; baseline 0.001 -18"><span class='ocrx_word' id='word_1_446' title='bbox 546 4765 674 4821; x_wconf 88' lang='lat' dir='ltr'><strong>dum</strong></span> <span class='ocrx_word' id='word_1_447' title='bbox 700 4765 863 4820; x_wconf 89' lang='lat' dir='ltr'><strong>etiam</strong></span> <span class='ocrx_word' id='word_1_448' title='bbox 905 4767 1127 4822; x_wconf 64' lang='lat' dir='ltr'><strong>Elisaus</strong></span> <span class='ocrx_word' id='word_1_449' title='bbox 1151 4765 1204 4820; x_wconf 89' lang='lat' dir='ltr'><strong>in</strong></span> <span class='ocrx_word' id='word_1_450' title='bbox 1235 4766 1423 4834; x_wconf 89' lang='lat' dir='ltr'><strong>spiritu</strong></span> <span class='ocrx_word' id='word_1_451' title='bbox 1451 4765 1579 4820; x_wconf 67' lang='lat' dir='ltr'><strong>Elite</strong></span> <span class='ocrx_word' id='word_1_452' title='bbox 1605 4766 1958 4832; x_wconf 73' lang='lat' dir='ltr'><strong>aderat,Elite</strong></span> <span class='ocrx_word' id='word_1_453' title='bbox 1983 4781 2119 4836; x_wconf 87' lang='lat' dir='ltr'><strong>opus</strong></span> 
     </span>
    </p>
   </div>
   <div class='ocr_carea' id='block_1_73' title="bbox 545 4857 2118 4929">
    <p class='ocr_par' dir='ltr' id='par_1_73' title="bbox 545 4857 2118 4929">
     <span class='ocr_line' id='line_1_73' title="bbox 545 4857 2118 4929; baseline 0.001 -18"><span class='ocrx_word' id='word_1_454' title='bbox 545 4857 815 4913; x_wconf 84' lang='lat' dir='ltr'><strong>facturus.</strong></span> <span class='ocrx_word' id='word_1_455' title='bbox 870 4857 926 4912; x_wconf 91' lang='lat' dir='ltr'><strong>In</strong></span> <span class='ocrx_word' id='word_1_456' title='bbox 970 4858 1159 4913; x_wconf 88' lang='lat' dir='ltr'><strong>eodem</strong></span> <span class='ocrx_word' id='word_1_457' title='bbox 1200 4858 1400 4913; x_wconf 89' lang='lat' dir='ltr'><strong>etenim</strong></span> <span class='ocrx_word' id='word_1_458' title='bbox 1455 4859 1650 4929; x_wconf 83' lang='lat' dir='ltr'><strong>spiritu</strong></span> <span class='ocrx_word' id='word_1_459' title='bbox 1685 4859 1869 4914; x_wconf 91' lang='lat' dir='ltr'><strong>eadem</strong></span> <span class='ocrx_word' id='word_1_460' title='bbox 1904 4860 2118 4928; x_wconf 88' lang='lat' dir='ltr'><strong>operari</strong></span> 
     </span>
    </p>
   </div>
   <div class='ocr_carea' id='block_1_74' title="bbox 545 4951 2118 5020">
    <p class='ocr_par' dir='ltr' id='par_1_74' title="bbox 545 4951 2118 5020">
     <span class='ocr_line' id='line_1_74' title="bbox 545 4951 2118 5020; baseline 0.002 -16"><span class='ocrx_word' id='word_1_461' title='bbox 545 4961 784 5020; x_wconf 83' lang='lat' dir='ltr'><strong>oportet.</strong></span> <span class='ocrx_word' id='word_1_462' title='bbox 812 4951 1002 5020; x_wconf 77' lang='lat' dir='ltr'><strong>Accipe</strong></span> <span class='ocrx_word' id='word_1_463' title='bbox 1036 4952 1106 5006; x_wconf 83' lang='lat' dir='ltr'><strong>ad</strong></span> <span class='ocrx_word' id='word_1_464' title='bbox 1136 4961 1206 5015; x_wconf 81' lang='lat' dir='ltr'><strong>te.</strong></span> <span class='ocrx_word' id='word_1_465' title='bbox 1241 4961 1299 5006; x_wconf 90' lang='lat' dir='ltr'><strong>ut</strong></span> <span class='ocrx_word' id='word_1_466' title='bbox 1323 4953 1518 5006; x_wconf 89' lang='lat' dir='ltr'><strong>dicitur</strong></span> <span class='ocrx_word' id='word_1_467' title='bbox 1553 4953 1604 5006; x_wconf 92' lang='lat' dir='ltr'><strong>in</strong></span> <span class='ocrx_word' id='word_1_468' title='bbox 1633 4951 1906 5019; x_wconf 86' lang='lat' dir='ltr'><strong>Numeris,</strong></span> <span class='ocrx_word' id='word_1_469' title='bbox 1936 4951 2118 5007; x_wconf 74' lang='lat' dir='ltr'><strong>Iesum</strong></span> 
     </span>
    </p>
   </div>
   <div class='ocr_carea' id='block_1_75' title="bbox 545 5041 2116 5114">
    <p class='ocr_par' dir='ltr' id='par_1_75' title="bbox 545 5041 2116 5114">
     <span class='ocr_line' id='line_1_75' title="bbox 545 5041 2116 5114; baseline 0.003 -20"><span class='ocrx_word' id='word_1_470' title='bbox 545 5041 720 5109; x_wconf 77' lang='lat' dir='ltr'><strong>ﬁlium</strong></span> <span class='ocrx_word' id='word_1_471' title='bbox 753 5041 944 5108; x_wconf 79' lang='lat' dir='ltr'><strong><em>Nave;</em></strong></span> <span class='ocrx_word' id='word_1_472' title='bbox 993 5044 1255 5098; x_wconf 80' lang='lat' dir='ltr'><strong>hominem</strong></span> <span class='ocrx_word' id='word_1_473' title='bbox 1300 5045 1391 5113; x_wconf 88' lang='lat' dir='ltr'><strong>qui</strong></span> <span class='ocrx_word' id='word_1_474' title='bbox 1434 5045 1588 5099; x_wconf 76' lang='lat' dir='ltr'><strong>habet</strong></span> <span class='ocrx_word' id='word_1_475' title='bbox 1645 5045 1889 5114; x_wconf 81' lang='lat' dir='ltr'><strong>spiritum</strong></span> <span class='ocrx_word' id='word_1_476' title='bbox 1937 5047 2030 5100; x_wconf 87' lang='lat' dir='ltr'><strong>Dei</strong></span> <span class='ocrx_word' id='word_1_477' title='bbox 2064 5047 2116 5099; x_wconf 84' lang='lat' dir='ltr'><strong>in</strong></span> 
     </span>
    </p>
   </div>
   <div class='ocr_carea' id='block_1_76' title="bbox 545 5134 2115 5206">
    <p class='ocr_par' dir='ltr' id='par_1_76' title="bbox 545 5134 2115 5206">
     <span class='ocr_line' id='line_1_76' title="bbox 545 5134 2115 5206; baseline 0 -18"><span class='ocrx_word' id='word_1_478' title='bbox 545 5134 740 5202; x_wconf 83' lang='lat' dir='ltr'><strong>seipso,</strong></span> <span class='ocrx_word' id='word_1_479' title='bbox 769 5143 819 5188; x_wconf 82' lang='lat' dir='ltr'><strong>et</strong></span> <span class='ocrx_word' id='word_1_480' title='bbox 855 5136 1087 5206; x_wconf 70' lang='lat' dir='ltr'><strong>importes</strong></span> <span class='ocrx_word' id='word_1_481' title='bbox 1113 5153 1298 5190; x_wconf 85' lang='lat' dir='ltr'><strong>manus</strong></span> <span class='ocrx_word' id='word_1_482' title='bbox 1335 5147 1452 5189; x_wconf 80' lang='lat' dir='ltr'><strong>tuas</strong></span> <span class='ocrx_word' id='word_1_483' title='bbox 1477 5153 1633 5204; x_wconf 83' lang='lat' dir='ltr'><strong>super</strong></span> <span class='ocrx_word' id='word_1_484' title='bbox 1647 5152 1706 5190; x_wconf 84' lang='lat' dir='ltr'><strong>eo</strong></span> <span class='ocrx_word' id='word_1_485' title='bbox 1737 5139 1801 5192; x_wconf 78' lang='lat'><strong>“.</strong></span> <span class='ocrx_word' id='word_1_486' title='bbox 1832 5137 1925 5191; x_wconf 88' lang='lat' dir='ltr'><strong>Sic</strong></span> <span class='ocrx_word' id='word_1_487' title='bbox 1953 5135 2115 5189; x_wconf 88' lang='lat' dir='ltr'><strong>etiam</strong></span> 
     </span>
    </p>
   </div>
   <div class='ocr_carea' id='block_1_77' title="bbox 543 5224 2118 5296">
    <p class='ocr_par' dir='ltr' id='par_1_77' title="bbox 543 5224 2118 5296">
     <span class='ocr_line' id='line_1_77' title="bbox 543 5224 2118 5296; baseline 0.001 -20"><span class='ocrx_word' id='word_1_488' title='bbox 543 5224 775 5293; x_wconf 85' lang='lat' dir='ltr'><strong>apostoli</strong></span> <span class='ocrx_word' id='word_1_489' title='bbox 811 5225 1070 5296; x_wconf 85' lang='lat' dir='ltr'><strong>Spiritum</strong></span> <span class='ocrx_word' id='word_1_490' title='bbox 1100 5227 1464 5282; x_wconf 85' lang='lat' dir='ltr'><strong>vivificantem</strong></span> <span class='ocrx_word' id='word_1_491' title='bbox 1490 5228 1753 5282; x_wconf 88' lang='lat' dir='ltr'><strong>habentes</strong></span> <span class='ocrx_word' id='word_1_492' title='bbox 1787 5241 1852 5280; x_wconf 81' lang='lat' dir='ltr'><strong>ex</strong></span> <span class='ocrx_word' id='word_1_493' title='bbox 1881 5224 2118 5280; x_wconf 77' lang='lat' dir='ltr'><strong>insuma-</strong></span> 
     </span>
    </p>
   </div>
   <div class='ocr_carea' id='block_1_78' title="bbox 544 5315 2117 5389">
    <p class='ocr_par' dir='ltr' id='par_1_78' title="bbox 544 5315 2117 5389">
     <span class='ocr_line' id='line_1_78' title="bbox 544 5315 2117 5389; baseline 0 -18"><span class='ocrx_word' id='word_1_494' title='bbox 544 5317 688 5371; x_wconf 78' lang='lat' dir='ltr'><strong>tione</strong></span> <span class='ocrx_word' id='word_1_495' title='bbox 713 5315 923 5371; x_wconf 83' lang='lat' dir='ltr'><strong>Domini</strong></span> <span class='ocrx_word' id='word_1_496' title='bbox 953 5357 969 5381; x_wconf 87' lang='lat'><strong>,</strong></span> <span class='ocrx_word' id='word_1_497' title='bbox 1004 5319 1254 5387; x_wconf 89' lang='lat' dir='ltr'><strong>spiritum</strong></span> <span class='ocrx_word' id='word_1_498' title='bbox 1289 5320 1562 5389; x_wconf 75' lang='lat' dir='ltr'><strong>accipiunt</strong></span> <span class='ocrx_word' id='word_1_499' title='bbox 1607 5319 1964 5388; x_wconf 84' lang='lat' dir='ltr'><strong>principalem</strong></span> <span class='ocrx_word' id='word_1_500' title='bbox 2008 5332 2117 5371; x_wconf 76' lang='grc' dir='ltr'><strong>(ω-</strong></span> 
     </span>
    </p>
   </div>
   <div class='ocr_carea' id='block_1_79' title="bbox 2223 4494 3789 4574">
    <p class='ocr_par' dir='ltr' id='par_1_79' title="bbox 2223 4494 3789 4574">
     <span class='ocr_line' id='line_1_79' title="bbox 2223 4494 3789 4574; baseline -0.006 -19"><span class='ocrx_word' id='word_1_501' title='bbox 2223 4502 2553 4574; x_wconf 81' lang='grc' dir='ltr'>ἠγιασμένον</span> <span class='ocrx_word' id='word_1_502' title='bbox 2601 4502 2665 4554; x_wconf 77' lang='grc' dir='ltr'>ὲκ</span> <span class='ocrx_word' id='word_1_503' title='bbox 2710 4502 2809 4571; x_wconf 88' lang='grc' dir='ltr'><strong>τῆς</strong></span> <span class='ocrx_word' id='word_1_504' title='bbox 2857 4498 3295 4569; x_wconf 79' lang='grc' dir='ltr'>ἀκολουθήσεως,</span> <span class='ocrx_word' id='word_1_505' title='bbox 3343 4495 3437 4548; x_wconf 73' lang='grc' dir='ltr'><strong>καί⁵</strong></span> <span class='ocrx_word' id='word_1_506' title='bbox 3485 4494 3635 4566; x_wconf 87' lang='grc' dir='ltr'><strong>παρά</strong></span> <span class='ocrx_word' id='word_1_507' title='bbox 3690 4512 3789 4565; x_wconf 82' lang='grc' dir='ltr'>μο-</span> 
     </span>
    </p>
   </div>
   <div class='ocr_carea' id='block_1_80' title="bbox 2223 4587 3793 4664">
    <p class='ocr_par' dir='ltr' id='par_1_80' title="bbox 2223 4587 3793 4664">
     <span class='ocr_line' id='line_1_80' title="bbox 2223 4587 3793 4664; baseline -0.006 -16"><span class='ocrx_word' id='word_1_508' title='bbox 2223 4595 2320 4664; x_wconf 89' lang='grc' dir='ltr'><strong>νῆς</strong></span> <span class='ocrx_word' id='word_1_509' title='bbox 2347 4593 2787 4662; x_wconf 70' lang='grc' dir='ltr'><strong>(51)ζΜωῡσέως,</strong></span> <span class='ocrx_word' id='word_1_510' title='bbox 2809 4591 2868 4644; x_wconf 76' lang='grc' dir='ltr'>τὸ</span> <span class='ocrx_word' id='word_1_511' title='bbox 2895 4591 2949 4644; x_wconf 83' lang='grc' dir='ltr'>δὲ</span> <span class='ocrx_word' id='word_1_512' title='bbox 2990 4591 3213 4662; x_wconf 83' lang='grc' dir='ltr'>ἀρχικὸν</span> <span class='ocrx_word' id='word_1_513' title='bbox 3253 4587 3468 4657; x_wconf 89' lang='grc' dir='ltr'>πνεῦμα</span> <span class='ocrx_word' id='word_1_514' title='bbox 3497 4587 3584 4640; x_wconf 70' lang='grc' dir='ltr'><strong>διὰ</strong></span> <span class='ocrx_word' id='word_1_515' title='bbox 3626 4588 3793 4640; x_wconf 63' lang='lat' dir='ltr'><strong>Mm?)-</strong></span> 
     </span>
    </p>
   </div>
   <div class='ocr_carea' id='block_1_81' title="bbox 2226 4678 3791 4753">
    <p class='ocr_par' dir='ltr' id='par_1_81' title="bbox 2226 4678 3791 4753">
     <span class='ocr_line' id='line_1_81' title="bbox 2226 4678 3791 4753; baseline -0.004 -17"><span class='ocrx_word' id='word_1_516' title='bbox 2226 4684 2362 4747; x_wconf 86' lang='grc' dir='ltr'>σέως</span> <span class='ocrx_word' id='word_1_517' title='bbox 2404 4683 2663 4753; x_wconf 81' lang='grc' dir='ltr'>μέλλοντα</span> <span class='ocrx_word' id='word_1_518' title='bbox 2693 4681 3010 4752; x_wconf 76' lang='grc' dir='ltr'>κομίζεσθαι</span> <span class='ocrx_word' id='word_1_519' title='bbox 3037 4681 3172 4752; x_wconf 76' lang='grc' dir='ltr'>πρὸς</span> <span class='ocrx_word' id='word_1_520' title='bbox 3196 4680 3255 4732; x_wconf 73' lang='grc' dir='ltr'><strong>τὸ</strong></span> <span class='ocrx_word' id='word_1_521' title='bbox 3283 4682 3376 4733; x_wconf 78' lang='grc' dir='ltr'>καὶ</span> <span class='ocrx_word' id='word_1_522' title='bbox 3407 4679 3636 4741; x_wconf 87' lang='grc' dir='ltr'>οἰκείους</span> <span class='ocrx_word' id='word_1_523' title='bbox 3675 4678 3791 4731; x_wconf 82' lang='grc' dir='ltr'>ἀντ’</span> 
     </span>
    </p>
   </div>
   <div class='ocr_carea' id='block_1_82' title="bbox 2224 4766 3790 4844">
    <p class='ocr_par' dir='ltr' id='par_1_82' title="bbox 2224 4766 3790 4844">
     <span class='ocr_line' id='line_1_82' title="bbox 2224 4766 3790 4844; baseline -0.005 -16"><span class='ocrx_word' id='word_1_524' title='bbox 2224 4774 2387 4829; x_wconf 82' lang='grc' dir='ltr'>αὐτοῦ</span> <span class='ocrx_word' id='word_1_525' title='bbox 2426 4773 2784 4843; x_wconf 88' lang='grc' dir='ltr'>καταστῆσαι.</span> <span class='ocrx_word' id='word_1_526' title='bbox 2816 4773 3022 4844; x_wconf 82' lang='grc' dir='ltr'>Ὠσπερ</span> <span class='ocrx_word' id='word_1_527' title='bbox 3053 4773 3146 4826; x_wconf 81' lang='grc' dir='ltr'>καὶ</span> <span class='ocrx_word' id='word_1_528' title='bbox 3191 4771 3490 4833; x_wconf 84' lang='grc' dir='ltr'>Ἐλισσαῖος</span> <span class='ocrx_word' id='word_1_529' title='bbox 3527 4772 3583 4822; x_wconf 84' lang='grc' dir='ltr'>ὲν</span> <span class='ocrx_word' id='word_1_530' title='bbox 3625 4766 3790 4821; x_wconf 82' lang='grc' dir='ltr'>πνεύ-</span> 
     </span>
    </p>
   </div>
   <div class='ocr_carea' id='block_1_83' title="bbox 2229 4862 3794 4935">
    <p class='ocr_par' dir='ltr' id='par_1_83' title="bbox 2229 4862 3794 4935">
     <span class='ocr_line' id='line_1_83' title="bbox 2229 4862 3794 4935; baseline 0.001 -20"><span class='ocrx_word' id='word_1_531' title='bbox 2229 4880 2358 4933; x_wconf 88' lang='grc' dir='ltr'>ματι</span> <span class='ocrx_word' id='word_1_532' title='bbox 2421 4862 2601 4915; x_wconf 83' lang='grc' dir='ltr'>Ἠλίου</span> <span class='ocrx_word' id='word_1_533' title='bbox 2672 4862 2855 4934; x_wconf 84' lang='grc' dir='ltr'>παρῆν</span> <span class='ocrx_word' id='word_1_534' title='bbox 2907 4862 2968 4914; x_wconf 83' lang='grc' dir='ltr'>τὸ</span> <span class='ocrx_word' id='word_1_535' title='bbox 3027 4863 3204 4916; x_wconf 81' lang='grc' dir='ltr'>Ἡλίου</span> <span class='ocrx_word' id='word_1_536' title='bbox 3252 4862 3471 4934; x_wconf 77' lang='grc' dir='ltr'>πράξων</span> <span class='ocrx_word' id='word_1_537' title='bbox 3513 4864 3690 4935; x_wconf 84' lang='grc' dir='ltr'>ἔργον·</span> <span class='ocrx_word' id='word_1_538' title='bbox 3733 4865 3794 4917; x_wconf 73' lang='grc' dir='ltr'>ἐν</span> 
     </span>
    </p>
   </div>
   <div class='ocr_carea' id='block_1_84' title="bbox 2225 4953 3789 5026">
    <p class='ocr_par' dir='ltr' id='par_1_84' title="bbox 2225 4953 3789 5026">
     <span class='ocr_line' id='line_1_84' title="bbox 2225 4953 3789 5026; baseline 0.001 -20"><span class='ocrx_word' id='word_1_539' title='bbox 2225 4955 2333 5026; x_wconf 78' lang='grc' dir='ltr'>γὰρ</span> <span class='ocrx_word' id='word_1_540' title='bbox 2364 4953 2442 5024; x_wconf 83' lang='grc' dir='ltr'><strong>τῷ</strong></span> <span class='ocrx_word' id='word_1_541' title='bbox 2471 4953 2617 5024; x_wconf 81' lang='grc' dir='ltr'>αῦτῷ</span> <span class='ocrx_word' id='word_1_542' title='bbox 2651 4954 2916 5025; x_wconf 78' lang='grc' dir='ltr'>πνεύματι</span> <span class='ocrx_word' id='word_1_543' title='bbox 2953 4954 3020 5007; x_wconf 72' lang='grc' dir='ltr'>τὰ</span> <span class='ocrx_word' id='word_1_544' title='bbox 3063 4955 3202 5008; x_wconf 79' lang='grc' dir='ltr'>αὐτὰ</span> <span class='ocrx_word' id='word_1_545' title='bbox 3231 4954 3657 5025; x_wconf 76' lang='grc' dir='ltr'>κατεργάζεσθαι</span> <span class='ocrx_word' id='word_1_546' title='bbox 3689 4955 3789 5007; x_wconf 81' lang='grc' dir='ltr'>δεῖ.</span> 
     </span>
    </p>
   </div>
   <div class='ocr_carea' id='block_1_85' title="bbox 2225 5045 3790 5118">
    <p class='ocr_par' dir='ltr' id='par_1_85' title="bbox 2225 5045 3790 5118">
     <span class='ocr_line' id='line_1_85' title="bbox 2225 5045 3790 5118; baseline -0.001 -18"><span class='ocrx_word' id='word_1_547' title='bbox 2225 5045 2380 5100; x_wconf 78' lang='grc' dir='ltr'><strong>Λάϐε</strong></span> <span class='ocrx_word' id='word_1_548' title='bbox 2442 5046 2591 5113; x_wconf 79' lang='grc' dir='ltr'>πρὸς</span> <span class='ocrx_word' id='word_1_549' title='bbox 2632 5046 2867 5108; x_wconf 82' lang='grc' dir='ltr'>ἑαυτὸν,</span> <span class='ocrx_word' id='word_1_550' title='bbox 2910 5045 2983 5109; x_wconf 86' lang='grc' dir='ltr'>ὦς</span> <span class='ocrx_word' id='word_1_551' title='bbox 3040 5063 3202 5116; x_wconf 71' lang='grc' dir='ltr'>φησιν</span> <span class='ocrx_word' id='word_1_552' title='bbox 3246 5048 3303 5099; x_wconf 84' lang='grc' dir='ltr'>ὲν</span> <span class='ocrx_word' id='word_1_553' title='bbox 3346 5049 3455 5110; x_wconf 79' lang='grc' dir='ltr'>τοῖς</span> <span class='ocrx_word' id='word_1_554' title='bbox 3495 5047 3790 5118; x_wconf 80' lang='grc' dir='ltr'>Ἀριομοτς,</span> 
     </span>
    </p>
   </div>
   <div class='ocr_carea' id='block_1_86' title="bbox 2222 5136 3797 5207">
    <p class='ocr_par' dir='ltr' id='par_1_86' title="bbox 2222 5136 3797 5207">
     <span class='ocr_line' id='line_1_86' title="bbox 2222 5136 3797 5207; baseline 0.002 -17"><span class='ocrx_word' id='word_1_555' title='bbox 2222 5138 2330 5190; x_wconf 83' lang='grc' dir='ltr'>τὸν</span> <span class='ocrx_word' id='word_1_556' title='bbox 2356 5137 2588 5205; x_wconf 83' lang='grc' dir='ltr'>Ἰησοῦν</span> <span class='ocrx_word' id='word_1_557' title='bbox 2611 5137 2745 5191; x_wconf 81' lang='grc' dir='ltr'>υἱὸν</span> <span class='ocrx_word' id='word_1_558' title='bbox 2765 5136 2952 5204; x_wconf 82' lang='grc' dir='ltr'>Ναυῆ,</span> <span class='ocrx_word' id='word_1_559' title='bbox 2978 5138 3289 5205; x_wconf 80' lang='grc' dir='ltr'>ἄνθρωπον</span> <span class='ocrx_word' id='word_1_560' title='bbox 3317 5137 3385 5204; x_wconf 81' lang='grc' dir='ltr'>ὃς</span> <span class='ocrx_word' id='word_1_561' title='bbox 3412 5139 3533 5206; x_wconf 75' lang='grc' dir='ltr'>ἔχει</span> <span class='ocrx_word' id='word_1_562' title='bbox 3559 5138 3797 5207; x_wconf 78' lang='grc' dir='ltr'>πνεῦμα</span> 
     </span>
    </p>
   </div>
   <div class='ocr_carea' id='block_1_87' title="bbox 2226 5227 3792 5298">
    <p class='ocr_par' dir='ltr' id='par_1_87' title="bbox 2226 5227 3792 5298">
     <span class='ocr_line' id='line_1_87' title="bbox 2226 5227 3792 5298; baseline -0.001 -16"><span class='ocrx_word' id='word_1_563' title='bbox 2226 5227 2372 5282; x_wconf 81' lang='grc' dir='ltr'>Θεοῦ</span> <span class='ocrx_word' id='word_1_564' title='bbox 2397 5228 2467 5280; x_wconf 83' lang='grc' dir='ltr'>ἐν</span> <span class='ocrx_word' id='word_1_565' title='bbox 2501 5228 2679 5294; x_wconf 86' lang='grc' dir='ltr'>αὐτῷ,</span> <span class='ocrx_word' id='word_1_566' title='bbox 2709 5227 2807 5282; x_wconf 76' lang='grc' dir='ltr'>καὶ</span> <span class='ocrx_word' id='word_1_567' title='bbox 2849 5228 3152 5294; x_wconf 76' lang='grc' dir='ltr'>ἐπιθήσεις</span> <span class='ocrx_word' id='word_1_568' title='bbox 3190 5229 3296 5294; x_wconf 79' lang='grc' dir='ltr'>τὰς</span> <span class='ocrx_word' id='word_1_569' title='bbox 3332 5229 3532 5298; x_wconf 72' lang='grc' dir='ltr'>χεῖράς</span> <span class='ocrx_word' id='word_1_570' title='bbox 3555 5245 3669 5283; x_wconf 78' lang='grc' dir='ltr'><strong>σου</strong></span> <span class='ocrx_word' id='word_1_571' title='bbox 3699 5230 3792 5281; x_wconf 65' lang='grc' dir='ltr'><strong>ἐπ’</strong></span> 
     </span>
    </p>
   </div>
   <div class='ocr_carea' id='block_1_88' title="bbox 2220 5318 3793 5391">
    <p class='ocr_par' dir='ltr' id='par_1_88' title="bbox 2220 5318 3793 5391">
     <span class='ocr_line' id='line_1_88' title="bbox 2220 5318 3793 5391; baseline -0.001 -19"><span class='ocrx_word' id='word_1_572' title='bbox 2220 5318 2399 5385; x_wconf 80' lang='grc' dir='ltr'>αὐτῷ.</span> <span class='ocrx_word' id='word_1_573' title='bbox 2450 5318 2606 5374; x_wconf 77' lang='grc' dir='ltr'><strong>οὕτω</strong></span> <span class='ocrx_word' id='word_1_574' title='bbox 2649 5319 2741 5372; x_wconf 72' lang='grc' dir='ltr'>καὶ</span> <span class='ocrx_word' id='word_1_575' title='bbox 2797 5321 2846 5373; x_wconf 91' lang='grc' dir='ltr'><strong>οἰ</strong></span> <span class='ocrx_word' id='word_1_576' title='bbox 2894 5321 3177 5374; x_wconf 85' lang='grc' dir='ltr'>ἀπόστολοι</span> <span class='ocrx_word' id='word_1_577' title='bbox 3242 5321 3467 5391; x_wconf 82' lang='grc' dir='ltr'>Πνεῦμα</span> <span class='ocrx_word' id='word_1_578' title='bbox 3529 5319 3793 5382; x_wconf 60' lang='lat' dir='ltr'><strong>Cuium-.3»</strong></span> 
     </span>
    </p>
   </div>
   <div class='ocr_carea' id='block_1_89' title="bbox 606 5431 2332 5500">
    <p class='ocr_par' dir='ltr' id='par_1_89' title="bbox 606 5431 2332 5500">
     <span class='ocr_line' id='line_1_89' title="bbox 606 5431 2332 5500; baseline 0.001 -12"><span class='ocrx_word' id='word_1_579' title='bbox 606 5434 650 5466; x_wconf 82' lang='grc'><strong>³⁸</strong></span> <span class='ocrx_word' id='word_1_580' title='bbox 679 5431 839 5488; x_wconf 81' lang='lat' dir='ltr'><strong>Num.</strong></span> <span class='ocrx_word' id='word_1_581' title='bbox 866 5434 1108 5499; x_wconf 75' lang='lat' dir='ltr'><strong>xxrv,i7.</strong></span> <span class='ocrx_word' id='word_1_582' title='bbox 1194 5435 1382 5491; x_wconf 77' lang='lat' dir='ltr'><strong>“Gal.</strong></span> <span class='ocrx_word' id='word_1_583' title='bbox 1420 5452 1501 5499; x_wconf 91' lang='lat' dir='ltr'><strong>ttt,</strong></span> <span class='ocrx_word' id='word_1_584' title='bbox 1547 5437 1635 5491; x_wconf 77' lang='lat' dir='ltr'><strong>il.</strong></span> <span class='ocrx_word' id='word_1_585' title='bbox 1717 5436 1760 5465; x_wconf 69' lang='grc' dir='ltr'>ιδ</span> <span class='ocrx_word' id='word_1_586' title='bbox 1805 5433 1963 5488; x_wconf 84' lang='lat' dir='ltr'><strong>Num.</strong></span> <span class='ocrx_word' id='word_1_587' title='bbox 2013 5450 2183 5500; x_wconf 79' lang='lat' dir='ltr'><strong>xxvtt,</strong></span> <span class='ocrx_word' id='word_1_588' title='bbox 2244 5437 2332 5491; x_wconf 74' lang='grc'><strong>18.</strong></span> 
     </span>
    </p>
   </div>
   <div class='ocr_carea' id='block_1_90' title="bbox 614 5567 2055 5640">
    <p class='ocr_par' dir='ltr' id='par_1_90' title="bbox 614 5567 2055 5640">
     <span class='ocr_line' id='line_1_90' title="bbox 614 5567 2055 5640; baseline 0.002 -18"><span class='ocrx_word' id='word_1_589' title='bbox 614 5567 731 5640; x_wconf 61' lang='grc' dir='ltr'><strong>(ἓξ)</strong></span> <span class='ocrx_word' id='word_1_590' title='bbox 758 5567 875 5640; x_wconf 68' lang='grc' dir='ltr'><strong>ξίε,</strong></span> <span class='ocrx_word' id='word_1_591' title='bbox 905 5584 1002 5636; x_wconf 92' lang='lat' dir='ltr'><strong>pro</strong></span> <span class='ocrx_word' id='word_1_592' title='bbox 1036 5568 1253 5640; x_wconf 75' lang='grc' dir='ltr'>ἔχοντες</span> <span class='ocrx_word' id='word_1_593' title='bbox 1292 5573 1650 5626; x_wconf 73' lang='lat' dir='ltr'><strong>correximus.</strong></span> <span class='ocrx_word' id='word_1_594' title='bbox 1691 5570 1848 5626; x_wconf 80' lang='lat' dir='ltr'><strong>Eutr.</strong></span> <span class='ocrx_word' id='word_1_595' title='bbox 1881 5569 2055 5626; x_wconf 77' lang='lat' dir='ltr'><strong>Pun.</strong></span> 
     </span>
    </p>
   </div>
   <div class='ocr_carea' id='block_1_91' title="bbox 615 5637 1095 5711">
    <p class='ocr_par' dir='ltr' id='par_1_91' title="bbox 615 5637 1095 5711">
     <span class='ocr_line' id='line_1_91' title="bbox 615 5637 1095 5711; baseline 0 -21"><span class='ocrx_word' id='word_1_596' title='bbox 615 5638 730 5711; x_wconf 52' lang='grc' dir='ltr'><strong>(εἴ)</strong></span> <span class='ocrx_word' id='word_1_597' title='bbox 756 5637 914 5711; x_wconf 51' lang='grc' dir='ltr'>ἰξυῖ-ιθ</span> <span class='ocrx_word' id='word_1_598' title='bbox 944 5641 976 5711; x_wconf 80' lang='grc' dir='ltr'>ἠ</span> <span class='ocrx_word' id='word_1_599' title='bbox 987 5637 1095 5709; x_wconf 75' lang='grc' dir='ltr'>μῖν.</span> 
     </span>
    </p>
   </div>
   <div class='ocr_carea' id='block_1_92' title="bbox 613 5705 2120 5779">
    <p class='ocr_par' dir='ltr' id='par_1_92' title="bbox 613 5705 2120 5779">
     <span class='ocr_line' id='line_1_92' title="bbox 613 5705 2120 5779; baseline 0.002 -18"><span class='ocrx_word' id='word_1_600' title='bbox 613 5705 876 5779; x_wconf 68' lang='lat' dir='ltr'><strong>(‘28)Ilmc</strong></span> <span class='ocrx_word' id='word_1_601' title='bbox 901 5705 1265 5778; x_wconf 72' lang='lat' dir='ltr'><strong>subjiciuntur</strong></span> <span class='ocrx_word' id='word_1_602' title='bbox 1287 5707 1402 5760; x_wconf 87' lang='lat' dir='ltr'><strong>sine</strong></span> <span class='ocrx_word' id='word_1_603' title='bbox 1449 5705 1561 5779; x_wconf 80' lang='lat' dir='ltr'><strong>alio</strong></span> <span class='ocrx_word' id='word_1_604' title='bbox 1611 5709 1851 5779; x_wconf 81' lang='lat' dir='ltr'><strong>auctoris</strong></span> <span class='ocrx_word' id='word_1_605' title='bbox 1901 5712 2120 5764; x_wconf 80' lang='lat' dir='ltr'><strong>nomine</strong></span> 
     </span>
    </p>
   </div>
   <div class='ocr_carea' id='block_1_93' title="bbox 545 5776 2120 5849">
    <p class='ocr_par' dir='ltr' id='par_1_93' title="bbox 545 5776 2120 5849">
     <span class='ocr_line' id='line_1_93' title="bbox 545 5776 2120 5849; baseline -0.006 -15"><span class='ocrx_word' id='word_1_606' title='bbox 545 5776 641 5845; x_wconf 79' lang='lat' dir='ltr'><strong>iis,</strong></span> <span class='ocrx_word' id='word_1_607' title='bbox 673 5794 790 5847; x_wconf 68' lang='lat' dir='ltr'><strong>quac</strong></span> <span class='ocrx_word' id='word_1_608' title='bbox 834 5781 884 5832; x_wconf 89' lang='lat' dir='ltr'><strong>in</strong></span> <span class='ocrx_word' id='word_1_609' title='bbox 911 5776 1051 5849; x_wconf 72' lang='lat' dir='ltr'><strong>vulg.</strong></span> <span class='ocrx_word' id='word_1_610' title='bbox 1095 5779 1361 5832; x_wconf 82' lang='lat' dir='ltr'><strong>habentur</strong></span> <span class='ocrx_word' id='word_1_611' title='bbox 1396 5776 1461 5829; x_wconf 80' lang='lat' dir='ltr'><strong>ad</strong></span> <span class='ocrx_word' id='word_1_612' title='bbox 1499 5791 1547 5829; x_wconf 82' lang='grc' dir='ltr'><strong>ν.</strong></span> <span class='ocrx_word' id='word_1_613' title='bbox 1600 5778 1688 5843; x_wconf 82' lang='grc' dir='ltr'>Η,</span> <span class='ocrx_word' id='word_1_614' title='bbox 1741 5794 1861 5849; x_wconf 72' lang='lat' dir='ltr'><strong>pag.</strong></span> <span class='ocrx_word' id='word_1_615' title='bbox 1892 5781 2019 5846; x_wconf 67' lang='lat'><strong>337,</strong></span> <span class='ocrx_word' id='word_1_616' title='bbox 2076 5784 2120 5834; x_wconf 73' lang='grc' dir='ltr'>οξ</span> 
     </span>
    </p>
   </div>
   <div class='ocr_carea' id='block_1_94' title="bbox 2225 5573 2618 5644">
    <p class='ocr_par' dir='ltr' id='par_1_94' title="bbox 2225 5573 2618 5644">
     <span class='ocr_line' id='line_1_94' title="bbox 2225 5573 2618 5644; baseline -0.005 -17"><span class='ocrx_word' id='word_1_617' title='bbox 2225 5573 2618 5644; x_wconf 79' lang='grc' dir='ltr'>ὑποδεέστεροι.</span> 
     </span>
    </p>
   </div>
   <div class='ocr_carea' id='block_1_95' title="bbox 2300 5639 3741 5713">
    <p class='ocr_par' dir='ltr' id='par_1_95' title="bbox 2300 5639 3741 5713">
     <span class='ocr_line' id='line_1_95' title="bbox 2300 5639 3741 5713; baseline -0.003 -18"><span class='ocrx_word' id='word_1_618' title='bbox 2300 5646 2411 5706; x_wconf 67' lang='grc'><strong>(29)</strong></span> <span class='ocrx_word' id='word_1_619' title='bbox 2446 5639 2536 5698; x_wconf 76' lang='lat' dir='ltr'><strong>Sic</strong></span> <span class='ocrx_word' id='word_1_620' title='bbox 2569 5643 2932 5711; x_wconf 85' lang='lat' dir='ltr'><strong>reposuimus,</strong></span> <span class='ocrx_word' id='word_1_621' title='bbox 2959 5657 3054 5710; x_wconf 89' lang='lat' dir='ltr'><strong>pro</strong></span> <span class='ocrx_word' id='word_1_622' title='bbox 3080 5643 3137 5696; x_wconf 85' lang='grc' dir='ltr'>τὸ</span> <span class='ocrx_word' id='word_1_623' title='bbox 3161 5643 3350 5713; x_wconf 75' lang='grc' dir='ltr'>ἥμισυ.</span> <span class='ocrx_word' id='word_1_624' title='bbox 3377 5639 3472 5694; x_wconf 81' lang='lat' dir='ltr'><strong>Eo.</strong></span> <span class='ocrx_word' id='word_1_625' title='bbox 3501 5639 3741 5696; x_wconf 72' lang='lat' dir='ltr'><strong>Panos...</strong></span> 
     </span>
    </p>
   </div>
   <div class='ocr_carea' id='block_1_96' title="bbox 2303 5713 2984 5781">
    <p class='ocr_par' dir='ltr' id='par_1_96' title="bbox 2303 5713 2984 5781">
     <span class='ocr_line' id='line_1_96' title="bbox 2303 5713 2984 5781; baseline 0.001 -17"><span class='ocrx_word' id='word_1_626' title='bbox 2303 5715 2414 5776; x_wconf 70' lang='lat'><strong>150)</strong></span> <span class='ocrx_word' id='word_1_627' title='bbox 2443 5714 2604 5766; x_wconf 81' lang='lat' dir='ltr'><strong>Forte</strong></span> <span class='ocrx_word' id='word_1_628' title='bbox 2634 5713 2705 5781; x_wconf 85' lang='grc' dir='ltr'>μή</span> <span class='ocrx_word' id='word_1_629' title='bbox 2748 5729 2845 5780; x_wconf 87' lang='lat' dir='ltr'><strong>pro</strong></span> <span class='ocrx_word' id='word_1_630' title='bbox 2873 5714 2984 5765; x_wconf 87' lang='grc' dir='ltr'>καί.</span> 
     </span>
    </p>
   </div>
   <div class='ocr_carea' id='block_1_97' title="bbox 2299 5783 2964 5854">
    <p class='ocr_par' dir='ltr' id='par_1_97' title="bbox 2299 5783 2964 5854">
     <span class='ocr_line' id='line_1_97' title="bbox 2299 5783 2964 5854; baseline -0.003 -16"><span class='ocrx_word' id='word_1_631' title='bbox 2299 5785 2409 5852; x_wconf 75' lang='grc'><strong>(51)</strong></span> <span class='ocrx_word' id='word_1_632' title='bbox 2434 5784 2594 5838; x_wconf 78' lang='lat' dir='ltr'><strong>Fartc</strong></span> <span class='ocrx_word' id='word_1_633' title='bbox 2629 5783 2964 5854; x_wconf 77' lang='grc' dir='ltr'>παραμονῆς.</span> 
     </span>
    </p>
   </div>
  </div>
