4186 6428
449 399 524 456 (ιδ
1675 383 1930 444 ADNOT.
1967 381 2034 436 ΙΝ
2074 377 2460 436 DEUTEBON.
3636 377 3706 434 26

453 521 667 592 ἔχοντες
705 515 812 571 ἀπὸ
852 513 952 584 τῆς
999 510 1360 583 ἐμφυσήσεως
1403 507 1498 563 τοῦ
1538 508 1768 580 Κυρίου,
1812 506 2024 578 πνεῦμα

2131 505 2258 560 litus
2287 503 2584 558 demissum
2611 513 2627 552 :
2653 513 2756 554 non
2790 496 3044 568 spiritum
3083 496 3138 550 in
3173 493 3394 566 spiritu,
3417 494 3576 550 alium
3605 513 3704 566 pro

453 605 766 678 κομίζονται
800 601 862 656 τὸ
889 600 1114 672 ἀρχικὸν
1141 599 1200 666 ἐξ
1229 599 1288 652 οὐ
1299 597 1457 668 ρανοῦ
1495 595 1988 667 καταπεμπόμενοι)
2006 613 2018 624 ·

452 700 512 752 οὐ
564 695 778 766 πνεῦμα
797 692 1452 763 ἐνπνεύματι,ἐτερονέφ’
1490 690 1696 761 ἐτέρου-
1733 688 1846 742 ἀλλ’
1874 689 2025 760 ἐνέρ-

453 803 516 855 γε
525 803 607 840 ιαν
623 789 680 840 ἐν
691 783 768 856 τῷ
777 780 927 854 αὐτῷ
944 783 1074 836 πνεύ
1082 799 1231 852 ματι,
1245 780 1492 852 καθάπερ
1505 782 1533 832 ὁ
1544 777 1752 842 Παῦλος
1763 778 2019 832 διδάσκει.

1124 891 1278 944 ΚΕΦ.
1313 892 1384 942 Δ’.

459 990 604 1060 Στίχ.
651 985 738 1042 ιϐ’.
781 987 894 1060 Kal
955 983 1222 1060 ὲλᾴλησε
1273 983 1502 1060 -Κύριος
1529 981 1696 1060 ,πρὸς
1745 978 1902 1060 furti?
1956 979 2024 1059 {ac

521 1049 716 1198 ιέέσου
756 1057 862 1112 τοῦ
899 1054 1089 1124 πυρὸς
1135 1049 1342 1123 φωνὴν
1370 1049 1681 1122 βημάτων,
1733 1049 1812 1118 ἢν
1857 1049 2026 1119 ὑμεῖς

573 1144 852 1183 κουσατε.

529 1219 644 1290 (52)
654 1218 759 1274 Τοῦ
774 1219 958 1274 αὐτοῦ
969 1217 1126 1283 ειςτό
1139 1215 1304 1270 αὐτό.
1327 1213 1515 1278 Ἀλλος
1545 1211 1676 1283 φησί
1688 1227 1703 1242 ·
1732 1209 1898 1280 Δῆλον
1917 1207 2024 1282 γὰρ

457 1311 539 1366 ὅτι
557 1313 668 1374 τοῖς
691 1309 788 1380 τῆς
805 1307 1036 1372 διανοίας
1060 1303 1354 1376 ὀφθαλμοῖς
1383 1303 1575 1374 θεωρεῖ
1603 1318 1684 1365 τις
1723 1301 1818 1354 καλ¹
1837 1297 2025 1352 ἀκούει

459 1399 530 1454 τὰ
565 1399 659 1470 νοή
668 1415 832 1470 ματα.

913 1489 1026 1560 (55)
1067 1487 1278 1556 Φωνὴν
1298 1485 1598 1556 ῥημάτων.

541 1583 804 1638 Ἐνταῦθα
848 1581 917 1636 τά
949 1581 1088 1635 κατὰ
1139 1578 1299 1649 φύσιν
1337 1577 1578 1648 εἴρηκεν,
1630 1575 1712 1628 ὅτι
1762 1573 1900 1646 ἀκοὴ
1942 1573 2028 1627 δέ-

457 1696 612 1751 χεται
639 1679 740 1750 τὴν
785 1678 985 1747 φωνήν.
1015 1675 1178 1730 Ὅσον
1205 1674 1314 1745 γὰρ
1343 1673 1451 1727 ἀπὸ
1478 1673 1576 1743 τῆς
1607 1670 1890 1742 ἀκριϐείας
1929 1667 2024 1722 τοῦ

457 1773 810 1844 γράμματος,
861 1769 995 1840 μόνη
1055 1769 1088 1836 ἡ
1141 1765 1439 1834 Δεκάλογος
1472 1760 1540 1836 ἦν
1587 1765 1644 1818 ἐν
1689 1765 1806 1826 ταῖς
1861 1761 2025 1828 πλαξὶ

2126 602 2264 664 alio;
2296 600 2390 654 sed
2413 599 2664 654 virtutem
2696 597 2750 652 in
2779 596 2966 651 eodem
2995 595 3214 666 spiritu,
3249 594 3701 664 quemadmodum

2127 689 2321 745 Paulus
2353 690 2528 744 docet.

2763 879 2912 936 CAP.
2955 880 3040 935 IV.

2127 995 2190 1049 V.
2226 995 2314 1050 12.
2353 994 2418 1048 Et
2447 995 2648 1048 locutus
2674 1006 2746 1046 est
2775 993 3028 1048 Dominus
3052 995 3120 1045 ad
3157 1009 3244 1046 vos
3279 995 3343 1046 de
3370 995 3538 1047 medio
3561 993 3696 1063 ignis

2357 1082 2528 1118 uocem
2552 1067 2848 1128 uerborum,
2877 1081 3035 1134 (piam
3069 1081 3154 1116 vos
3191 1067 3436 1116 audistis.

2197 1199 2452 1264 Eiusdem
2507 1201 2560 1253 in
2606 1201 2842 1253 eumdem
2888 1199 3080 1252 locum.
3135 1196 3286 1250 Alius
3319 1199 3466 1250 dicit.
3499 1196 3695 1266 Liquet

2124 1295 2268 1349 enim
2293 1295 2436 1361 quod
2471 1295 2645 1348 oculis
2679 1295 2875 1348 tuentis
2901 1293 3301 1361 contemplatur
3323 1292 3442 1360 quis
3473 1303 3524 1345 et
3548 1291 3698 1346 audit

2127 1387 2382 1456 cogitata.

2657 1475 2845 1530 Vocem
2873 1479 3162 1533 verborum.

2199 1569 2296 1624 llic
2341 1583 2463 1638 qua:
2493 1569 2764 1623 naturalia
2797 1579 2922 1624 sunt
2953 1569 3131 1624 dixit:
3162 1569 3380 1625 auditus
3401 1570 3544 1627 enim
3573 1587 3698 1641 per-

2127 1661 2263 1730 cipit
2305 1675 2516 1715 vocem.
2572 1661 2846 1726 Quantum
2905 1663 3049 1716 enim
3104 1663 3170 1716 ad
3215 1664 3454 1734 rigorem
3501 1664 3698 1720 litteras

2129 1753 2382 1819 pertinet,
2415 1753 2562 1808 solus
2589 1753 2888 1823 Decalogus
2907 1765 3021 1807 crat
3049 1756 3101 1808 in
3129 1753 3327 1810 tabulis
3359 1755 3694 1826 descriptus:

455 1860 836 1935 γεγραμμένη,
874 1860 944 1913 τὰ
971 1859 1028 1913 δὲ
1061 1857 1220 1912 λοιπὰ
1245 1857 1334 1910 διὰ
1373 1853 1791 1926 προστάγματος
1829 1850 1965 1904 Θεοῦ
1999 1852 2024 1903 ὁ

2129 1855 2323 1900 caetera
2359 1860 2494 1900 vero
2524 1861 2592 1900 ex
2613 1845 2771 1915 jussu
2799 1845 2896 1900 Dei
2935 1845 3148 1916 Moyses
3180 1846 3416 1901 edocuit.

455 1953 694 2024 Μωῦσῆς
719 1951 920 2017 ἐδίδαξε

457 2136 604 2208 Στίχ.
635 2135 716 2190 ιθ¹.
772 2131 912 2206 ([54]
957 2131 1162 2208 Πάντα
1189 2131 1260 2184 τὰ
1303 2129 1520 2208 ἑρπετὰ
1571 2127 1690 2182 τῶν
1743 2126 2028 2182 πετεινῶν

983 2201 1286 2270 ἀκάθαρτα
1307 2201 1495 2254 ἔσται.

525 2295 648 2349 Τῶν
679 2293 958 2356 πετεινῶν,
996 2289 1179 2362 οἶμαι,
1210 2292 1310 2344 ὅσα
1351 2290 1450 2362 μὲν
1484 2289 1750 2353 σκόλοπας
1779 2289 1890 2360 ἔχει
1931 2305 2028 2342 κα-

453 2387 674 2458 τωτέρω
704 2385 812 2438 τῶν
843 2385 1082 2454 γονάτων
1125 2383 1265 2454 ὑπὲρ
1309 2383 1408 2460 τᾲς
1442 2381 1654 2452 βάσεις,
1697 2379 1916 2451 καθαρά
1953 2375 2028 2433 εῖ-

453 2495 539 2532 ναι
569 2477 843 2550 βούλεται·
870 2478 970 2531 ὃσα
997 2476 1054 2529 δὲ
1081 2475 1178 2548 μὴ,
1204 2473 1536 2546 ἀκάθαρτα.)
1572 2472 2028 2542 Ἀποφάσκειτοί-

452 2588 548 2624 νυν
574 2571 602 2622 ὁ
649 2569 811 2640 νόμος
841 2567 947 2622 τὸν
977 2567 1174 2630 ἀετὸν,
1227 2565 1326 2619 καὶ
1370 2566 1478 2618 τὸν
1509 2565 1724 2634 τρύπα,
1775 2564 1871 2616 καὶ
1921 2563 2030 2616 τίὲν

451 2661 762 2725 ἀλίαιτον,
810 2660 907 2714 καί
964 2659 1172 2729 μέντοι
1219 2658 1318 2712 καὶ
1361 2655 1470 2710 τὸν
1522 2657 1700 2726 γύπα.
1745 2656 2027 2708 Διίπταται

453 2754 564 2826 γὰρ
596 2753 729 2824 ὑψοῦ
769 2753 839 2806 τὰ
871 2753 1068 2816 τοιάδε,
1117 2751 1211 2804 καὶ
1259 2753 1369 2814 τοῖς
1401 2749 1659 2804 ἀνωτάτω
1701 2748 1818 2800 λίαν
1862 2751 2030 2818 ἐναμ-

451 2845 742 2916 6ρύνεσθαι
774 2844 946 2914 φιλεῖ,
990 2843 1084 2897 καὶ¹
1119 2845 1268 2914 μισεῖ
1297 2842 1365 2896 τὰ
1394 2841 1562 2895 κάτω·
1593 2841 1851 2894 Νεοσσοὶ
1893 2847 2026 2910 τὰρ,

453 2938 617 3009 φησὶ,
661 2937 852 3007 γυπὸς
895 2937 970 2990 τὰ
1017 2934 1229 3004 ὑψηλὰ
1287 2935 1582 2988 πέτανται.
1621 2933 1916 2986 Τοιουτωσὶ
1969 2933 2028 2986 δέ

455 3047 574 3094 πως
612 3031 642 3084 ὁ
690 3013 1158 3099 ἐξοφρυσσάμενον
1210 3025 1321 3097 (55)
1362 3026 1524 3094 ἄγαν,
1577 3026 1671 3080 καὶ
1718 3025 2026 3099 ἐπῃρμένον

453 3121 594 3194 ἔχων
629 3121 686 3174 ἐν
715 3119 892 3190 ἐαυτῷ
925 3121 1012 3172 τὸν
1045 3119 1190 3182 νοῦν,
1232 3119 1326 3172 καὶ
1355 3119 1449 3172 τοῦ
1487 3118 1584 3190 μὲν
1621 3118 1892 3182 ἐπιεικοῦς
1929 3119 2024 3172 καὶ¹

2745 2046 2897 2102 CAP.
2935 2045 3076 2100 XIV.

2132 2160 2194 2216 ν.
2243 2161 2332 2216 19.
2370 2160 2562 2216 Omnia
2605 2159 2814 2229 reptitia
2865 2160 3158 2212 rolatilinm
3198 2159 3468 2212 immunda
3519 2169 3694 2216 erant.

2201 2295 2534 2362 Volatilium,
2571 2307 2718 2367 puto,
2755 2309 3094 2366 quazcunque
3127 2295 3288 2350 tibias
3323 2296 3524 2351 habent
3551 2298 3696 2353 inl‘ra

2127 2403 2298 2459 genua
2347 2403 2507 2459 supra
2565 2389 2760 2455 pedum
2810 2389 3048 2457 plantas,
3107 2389 3304 2443 munda
3361 2403 3480 2445 esse
3534 2391 3646 2444 vult
3677 2407 3696 2444 :

2127 2495 2463 2550 quzecunque
2523 2495 2652 2534 vero
2704 2494 2807 2533 non
2873 2479 3022 2544 item,
3080 2481 3377 2534 immunda.
3439 2479 3699 2537 Prohibet

2129 2580 2412 2640 propterea
2437 2570 2524 2626 lex
2549 2569 2783 2637 aquilam
2811 2581 2858 2622 et
2888 2553 3166 2634 vulturem,
3201 2580 3248 2624 et
3271 2572 3502 2641 aquilam
3531 2572 3698 2625 mari-

2128 2677 2272 2726 nam,
2300 2663 2524 2732 itemque
2548 2663 2851 2729 accipitrem
2888 2663 2952 2716 ”.
2987 2659 3176 2716 Volant
3209 2663 3351 2716 enim
3387 2663 3438 2717 in
3468 2663 3699 2718 sublime

2127 2753 2380 2808 animalia
2411 2753 2760 2824 huiusmodi,
2809 2754 3092 2822 solentque
3136 2754 3190 2807 in
3236 2753 3510 2808 altissimis
3557 2755 3700 2810 aeris

2129 2847 2372 2916 partibus
2395 2845 2762 2913 circumferri,
2793 2856 2849 2901 et
2876 2847 2982 2900 ima
3017 2846 3132 2900 loca
3167 2856 3511 2902 aversantur.
3555 2845 3697 2902 Pulli

2125 2939 2286 3002 enim,
2309 2937 2507 3007 inquit,
2532 2937 2760 2992 vulturis
2784 2937 3065 2992 celsissime
3095 2937 3271 2992 uolant
3301 2937 3365 2992 ¹⁶.
3417 2937 3571 2993 Haud
3597 2939 3698 2993 ali-

2129 3039 2210 3084 ter
2234 3030 2636 3099 quodammodo
2667 3030 2758 3098 qui
2792 3030 3200 3098 superciliosam
3229 3029 3393 3084 nimis
3419 3039 3474 3085 et
3512 3046 3698 3099 super-

2127 3125 2247 3177 bam
2277 3122 2440 3176 habet
2461 3123 2515 3174 in
2549 3137 2607 3176 se
2636 3131 2872 3175 mentem
2893 3161 2906 3186 ,
2937 3122 3328 3192 consuevitque
3355 3123 3594 3177 sobrium
3634 3141 3698 3178 ac

457 3213 678 3285 μετρίου
715 3213 1058 3284 φρονήματος
1095 3211 1366 3284 ὑπερορᾷν
1393 3209 1701 3281 ὴθισμένος,
1731 3211 1930 3281 ἥκιστα
1965 3211 2024 3264 δέ

2129 3215 2452 3270 mediocrem
2481 3229 2700 3269 sensum
2732 3215 3031 3284 despicatui
3077 3213 3298 3278 habere,
3341 3229 3441 3269 nec
3494 3215 3700 3283 patitur

453 3295 684 3370 ἀγαπῶν
723 3302 786 3354 τὸ
817 3304 928 3364 τοῖς
964 3303 1239 3364 ταπεινοῖς
1286 3299 1712 3368 συναπάγεσθαι.
1744 3303 2022 3370 Συγκατα-

451 3395 608 3466 ψέγει
637 3393 693 3447 δὲ
719 3393 928 3456 τούτοις
961 3393 1070 3464 (56)
1105 3393 1199 3446 καὶ
1227 3393 1317 3446 τὸν
1357 3391 1568 3459 inira,
1610 3393 1711 3446 καὶ
1746 3393 1819 3447 τὰ
1851 3395 2024 3464 ὅμοια

452 3485 638 3552 αὐτῷ’
675 3486 740 3538 δι’
769 3479 842 3540 ὧν
884 3481 942 3540 εὖ
994 3486 1136 3556 μάλα
1181 3485 1508 3558 σημαίνεται
1547 3486 1608 3540 τό
1651 3503 1712 3539 τε
1755 3487 2023 3558 ἁρπάζειν

453 3579 591 3644 είδὸς
618 3580 710 3633 καὶ
740 3579 906 3633 δεινὸν
929 3583 1006 3640 εἰς
1025 3581 1357 3654 κακουργίαν
1379 3579 1680 3652 ἀνθρώπων
1703 3581 1876 3650 γένος.
1907 3582 2017 3636 Καὶ

429 3657 660 3729 ’τούτων
690 3671 788 3742 μέν
821 3671 1172 3742 πρωτότυπος
1212 3673 1370 3738 ίκτὶν,
1398 3673 1458 3725 οὐ
1492 3672 1722 3744 θατέρου
1754 3689 1818 3742 γε
1861 3673 1965 3746 μὴν
1993 3675 2022 3726 ὁ

459 3761 830 3837 μελανώτατος
867 3763 960 3815 καὶ
1013 3761 1197 3832 βαθύς.
1239 3763 1510 3816 Σκοτεινοῖ¹
1540 3764 1597 3818 δέ
1643 3783 1758 3829 πως
1802 3767 1895 3818 καὶ¹
1927 3767 2026 3838 οὺχ

456 3857 658 3911 ἅπασιν
700 3855 947 3926 ἐναργεῖς
993 3853 1103 3924 (57)
1146 3856 1196 3906 οἰ
1235 3855 1453 3926 δρομεῖς
1492 3857 1571 3918 εὶς
1619 3857 1882 3928 πονηρίαν
1932 3858 2024 3909 καὶ

455 3948 792 4018 ἀσυμφορεῖς
824 3945 956 4018 (57⁸)
973 3948 1084 4008 τοῖς
1118 3945 1348 4009 πολλοῖς,
1369 3945 1424 3998 ἔν
1452 3963 1513 4013 γε
1547 3947 1610 4016 δὴ
1642 3946 1821 4015 σφίσιν
1841 3947 2024 4010 αὐτοῖς

413 4073 417 4080 -
459 4036 782 4109 παρέχοντες
840 4035 1154 4108 μοχθηρίαν.
1209 4035 1577 4105 Παραπέφυκέ
1632 4055 1748 4100 πως
1783 4038 1869 4090 ἀεὶ
1913 4039 2025 4099 τοῖς

453 4127 551 4200 τὴν
606 4129 876 4201 ἐπάρατον
932 4127 1244 4192 ἀλαζονείαν
1303 4125 1680 4198 ἠῤῥωστηκόσι
1741 4125 1802 4180 τὺ
1863 4125 2024 4180 πλεο-

453 4223 661 4274 νεκτεῖν
697 4219 928 4274 ἐθέλειν·
964 4217 1056 4282 οὓς
1091 4219 1150 4270 οὐ
1184 4217 1404 4272 δύναται
1435 4217 1495 4270 τὸ
1533 4217 1692 4288 τυχὸν
1724 4219 1820 4273 καὶ
1865 4217 2026 4270 πολυ-

450 4311 670 4384 τρόποις
717 4308 1068 4379 κακουργίαις
1103 4307 1214 4378 (58)
1245 4307 1652 4361 ἐκπλεονεκτεῖν
1691 4309 2020 4380 εὑρήμασιν·

451 4400 823 4474 καθαρπάζειν
853 4401 908 4456 δὲ
946 4401 1089 4455 οὓτω
1146 4401 1242 4454 καὶ
1289 4399 1448 4453 τοῦτο
1492 4399 1799 4472 ἀπλήστως.
1843 4399 2024 4472 Ταύτῃ

450 4511 530 4548 τοι
577 4495 688 4565 (59)
742 4493 998 4547 συνάπτει
1047 4493 1219 4562 λέγων
1279 4491 1471 4556 εὐθύς·
1508 4492 1615 4546 Καὶ
1680 4494 2020 4562 στρουθίον,

450 4588 548 4640 καὶ
593 4585 802 4654 λάρον.
837 4585 1118 4656 Ἀπληστα
1151 4587 1259 4656 γὰρ
1290 4583 1440 4658 οἶμαι
1481 4585 1660 4648 ταυτὶ,
1693 4585 1755 4637 τὸ
1805 4601 2020 4656 παρεμ-

450 4685 647 4734 πῖπτον
677 4682 763 4733 ἀεὶ
806 4679 1146 4749 συλλέγοντα.
1185 4675 1317 4734 Εἶτά
1352 4697 1534 4751 φησιν,
1567 4679 1650 4731 ὅτι
1679 4677 1880 4746 ἱέρακα
1920 4679 2018 4731 καὶ

449 4773 522 4828 τὰ
558 4773 730 4844 ὅμοια
776 4771 954 4838 αὐτῷ,
991 4772 1092 4826 καὶ
1134 4773 1559 4840 νυκτικόρακα,
1606 4769 1706 4823 καὶ
1765 4768 2020 4837 καταρά-

449 4882 620 4933 κτην,
650 4865 750 4920 καὶ
786 4865 922 4929 ἶϐιν,
959 4865 1056 4918 καὶ
1087 4865 1523 4933 προσφορίονα,
1563 4863 1660 4916 καὶ
1697 4861 2016 4927 πελεκᾶνα,

457 4958 554 5013 καὶ
587 4960 830 5013 κύκνον.
858 4955 1212 5027 Καταγράψει
1244 4957 1288 5010 δ’
1311 4955 1377 5010 ἂν
1408 4957 1493 5025 ἐφ’
1514 4956 1725 5017 ἑαυτοῖς
1757 4955 1850 5008 καὶ
1875 4953 2022 5020 τάδε,

456 5049 550 5102 καὶ
579 5051 703 5113 τοὺς
731 5050 914 5120 ὠμοὺς
946 5049 1041 5101 καὶ
1073 5047 1278 5118 ἀγρίως
1310 5047 1527 5118 ἐτέρους
1559 5045 2021 5110 ἐπιϐουλεύοντας,

451 5141 545 5193 καὶ
589 5139 833 5209 ἀσχέτως
863 5137 1257 5209 ἐπιφυομένους
1293 5131 1373 5200 οἷς
1423 5136 1488 5189 ἂν
1531 5135 1775 5190 δύναιντο
1824 5136 2018 5206 τυχόν·

525 5259 570 5290 ⁸⁵
624 5259 780 5314 Deut.
853 5276 969 5324 Juv,
1027 5260 1113 5314 12.
1191 5257 1362 5314 "Job
1392 5275 1448 5323 ν,
1479 5258 1529 5312 7.
1616 5259 1657 5289 "'
1699 5259 1853 5314 Deut.
1893 5273 2007 5322 xw,
2034 5257 2120 5312 15.
2205 5257 2270 5289 ⁸⁷*
2303 5253 2432 5311 ibid.
2461 5252 2548 5307 15.

523 5399 634 5472 (52)
671 5399 979 5472 §equnntur
1005 5407 1123 5468 post
1156 5400 1288 5454 edit.
1331 5413 1452 5472 pag.
1493 5397 1618 5465 587,
1651 5400 1702 5452 in
1726 5399 1848 5454 cod.
1882 5397 2010 5453 554.

524 5469 636 5542 (55)
661 5469 794 5542 Qud.
823 5471 946 5542 551.

527 5537 638 5610 (5-1)
672 5539 804 5610 Qua:
844 5539 904 5610 ()
945 5539 1298 5610 includuntur
1350 5539 1424 5593 De
1468 5539 1515 5592 la
1547 5538 1661 5610 Rite
1697 5537 1837 5591 male
1892 5537 2018 5610 sub-

2125 3306 2422 3362 humilibus
2446 3305 2844 3362 obsecundare.
2899 3305 3030 3360 Cum
3083 3305 3235 3360 hisce
3279 3305 3696 3360 abominabilem

2124 3399 2287 3453 edicit
2315 3414 2530 3469 quoque
2575 3399 2872 3454 miluum.et
2917 3399 2963 3452 si
2996 3414 3099 3467 qua
3131 3407 3250 3451 sunt
3284 3398 3331 3451 ei
3381 3397 3578 3451 similia
3631 3398 3696 3452 ⁸⁷.

2123 3489 2227 3544 Per
2275 3505 2394 3559 quae
2430 3491 2635 3558 optime
2701 3489 2946 3544 ἱιιηιιίιιιι·
2985 3487 3265 3542 hominum
3297 3502 3468 3556 genus
3519 3489 3584 3541 ad
3613 3505 3700 3541 ra-

2126 3583 2306 3652 pinam
2342 3593 2618 3636 assuetum
2644 3621 2658 3644 ,
2698 3591 2750 3636 et
2783 3596 2908 3635 acre
2953 3580 3019 3634 ad
3059 3580 3198 3634 mala
3251 3581 3556 3636 inferenda.
3592 3581 3701 3635 Ho-

2129 3689 2243 3726 rum
2296 3675 2598 3742 praecipuus
2658 3681 2816 3744 typus
2869 3673 3065 3728 milvus
3116 3673 3301 3738 fuerit,
3343 3687 3456 3740 prae
3485 3673 3698 3726 caeteris

2129 3775 2303 3820 tamen
2335 3765 2426 3834 qui
2459 3767 2697 3820 maxime
2741 3767 2896 3836 niger
2923 3777 3006 3821 est
3051 3780 3106 3827 et
3127 3765 3389 3836 profunda
3423 3765 3574 3835 petit.
3607 3763 3699 3818 Et-

2125 3859 2268 3912 enim
2292 3859 2508 3914 obscuri
2528 3869 2652 3915 sunt
2668 3859 3083 3930 quodammodo,
3118 3873 3216 3912 nec
3240 3857 3492 3912 omnibus
3512 3857 3702 3910 obser-

2127 3949 2336 4004 vabiles
2370 3961 2590 4006 ruentes
2635 3954 2688 4005 in
2741 3951 3028 4014 malitiam,
3071 3961 3126 4004 et
3152 3949 3318 4003 latent
3371 3947 3586 4011 multos,
3645 3947 3698 4000 in

2125 4041 2319 4108 seipsis
2351 4051 2531 4096 tamen
2562 4043 2892 4112 pravitatem
2932 4040 3215 4095 exhibent.
3262 4037 3487 4108 Semper
3517 4046 3699 4091 autem

2125 4131 2526 4200 quodammodo
2569 4133 2814 4186 adhaeret
2847 4131 2915 4186 iis
2947 4131 3038 4201 qui
3082 4130 3392 4185 detestabili
3437 4129 3700 4198 jactantia

2125 4220 2398 4287 laborant,
2430 4223 2672 4275 avaritia:
2703 4221 2998 4290 appetitus,
3026 4235 3162 4290 quos
3188 4233 3293 4273 non
3321 4227 3501 4288 potest
3541 4217 3700 4273 facile

2125 4315 2399 4370 exsatiare
2436 4313 2776 4368 multimodis
2823 4313 3045 4368 malitiae
3080 4311 3344 4376 inventis,
3395 4311 3473 4364 sic
3521 4319 3699 4366 tamen

2128 4414 2260 4460 utet
2279 4407 2420 4461 istud
2450 4407 2521 4461 sit
2548 4407 2667 4462 sine
2689 4405 2940 4460 satietate
2965 4405 3218 4472 diripere.
3250 4401 3542 4470 Propterea
3575 4417 3701 4458 con-

2121 4493 2300 4566 jungit
2349 4495 2536 4549 statim
2573 4494 2804 4549 dicens:
2837 4491 2904 4546 Et
2957 4492 3243 4546 struthium
3298 4501 3345 4544 et
3389 4489 3563 4544 larum
3607 4491 3697 4548 ‘7'.

2125 4583 2228 4639 Vix
2271 4587 2416 4640 enim
2453 4587 2573 4640 haec
2605 4585 2792 4639 satiari
2825 4593 3075 4654 possunt,
3116 4594 3170 4638 et
3210 4582 3470 4652 quidquid
3508 4599 3702 4638 occur-

2125 4679 2282 4740 rerit,
2319 4677 2606 4746 arripiunt.
2648 4675 2852 4730 Deinde
2879 4676 3042 4742 dicit,
3071 4677 3371 4742 accipitrem
3411 4685 3460 4727 et
3503 4675 3700 4728 similia

2124 4771 2226 4840 ipsi
2259 4770 2340 4826 '3:
2371 4779 2418 4824 et
2451 4786 2665 4823 corvum
2693 4783 3007 4823 nocturnum
3028 4808 3044 4832 ,
3079 4780 3126 4822 et
3159 4779 3456 4821 calaracten
3477 4807 3492 4830 ,
3514 4778 3560 4820 et
3592 4767 3700 4820 ibin

2127 4871 2174 4915 et
2210 4861 2652 4930 phospltorionem
2672 4900 2687 4924 ,
2716 4871 2763 4914 et
2790 4859 3119 4928 pelecanum,
3147 4870 3194 4914 et
3224 4875 3440 4929 cycnum
3470 4860 3534 4913 ".
3577 4857 3702 4913 Hinc

2131 4953 2288 5008 facile
2319 4953 2368 5006 iu
2410 4965 2470 5006 se
2515 4951 2649 5021 ipsis
2681 4951 2990 5019 exprimant
3035 4949 3284 5004 crudeles
3327 4949 3609 5012 homines,
3646 4955 3702 5002 et

2129 5045 2220 5114 qui
2262 5044 2464 5098 acriter
2497 5044 2618 5097 aliis
2647 5043 2876 5096 insidias
2895 5051 3113 5096 struunt
3135 5081 3150 5105 ,
3188 5052 3351 5111 atque
3381 5041 3700 5094 intolerabi-

2130 5137 2254 5190 liter
2283 5135 2569 5190 imminent
2601 5135 3024 5205 quibuscunqne
3061 5132 3204 5187 forte
3241 5141 3464 5200 possunt
3497 5149 3511 5184 :
3541 5141 3598 5184 ut
3643 5141 3700 5186 et

2749 5255 2790 5286 ‘°
2817 5255 2947 5308 ibid.
3045 5255 3088 5288 ²⁹
3123 5253 3253 5307 ibid.
3295 5251 3480 5306 16-18.

2197 5397 2310 5466 (57)
2347 5399 2477 5462 Ms.,
2505 5397 2710 5466 ἐναγίς,
2742 5405 2800 5466 et,
2830 5412 2949 5450 mox
2981 5395 3196 5459 αὐτούς.

2193 5463 2442 5540 (57⁵)γᾼιι
2471 5463 2754 5537 legendum
2777 5465 3160 5540 daupyavs‘ic?
3200 5467 3358 5520 Ent'r.
3381 5463 3630 5540 Punite.

2192 5537 2305 5610 (58)
2332 5538 2495 5593 Forte
2531 5537 3095 5611 κακουργίαςζιιοωε
3147 5547 3326 5592 tamen
3381 5537 3694 5605 impeditior

447 5608 713 5680 juuxitﬁv.
737 5608 790 5672 9,
814 5608 1000 5680 quide
1021 5609 1260 5677 piscibus
1285 5609 1543 5680 loquitur.
1581 5609 1717 5664 Sunt
1746 5615 1922 5662 autem
1963 5609 2016 5661 in
2117 5608 2348 5680 videtur.

454 5677 575 5738 cod.
620 5679 744 5738 εει.
781 5695 835 5748 ρ.
864 5677 992 5732 219.

523 5750 636 5818 (55)
676 5745 1202 5822 Ἐξοφρυασάμενον,
1229 5748 1312 5807 vel
1342 5747 1520 5820 potius
1548 5745 2000 5822 ἐξωφρυωμένον.

528 5819 638 5892 (56)
662 5819 784 5890 Νι,
814 5819 980 5892 τούτη

2193 5679 2307 5750 (59)
2332 5678 2427 5733 Sic
2461 5678 2832 5750 correximus,
2880 5689 2978 5750 pro
3018 5673 3312 5750 ταύειτοις·
3377 5673 3498 5732 aliis
3551 5673 3694 5730 forte

2124 5743 2337 5816 τούτοις
2367 5763 2628 5818 reponere
2651 5743 2904 5818 placebit}
2937 5747 3096 5802 EDIT.
3131 5743 3371 5804 Ρλτιιοι..
