4186 6432
471 382 542 440 99
1705 385 1963 444 ADNOT.
1995 383 2064 440 IN
2103 386 2496 446 DEUTERON.
3653 387 3724 442 50

467 500 888 573 τεθραυσμένον,
917 501 1012 558 καὶ
1041 503 1164 568 ταῖς
1193 503 1297 576 τῆς
1349 505 1550 578 σαρκὸς
1577 507 1894 580 ἐπιθυμίαις
1924 510 2043 562 ἐπι-

2151 511 2472 567 mulierosus
2513 521 2598 566 est
2641 519 2696 566 et
2741 509 2946 565 fractus
2975 507 3200 563 libidine
3223 551 3238 575 ,
3270 515 3326 563 et
3353 507 3718 576 voluptatibus

468 591 628 648 δόντα
641 593 734 652 τὸν
746 594 889 659 νοῦν,
907 612 1116 666 καταση
1125 597 1364 666 μαίνειεν
1381 598 1447 653 ἂν
1461 600 1720 668 γυναικὸς
1735 617 1839 672 μνη
1847 603 2036 656 στεῖαι.

469 682 756 754 Προσιόντι
798 683 909 754 (49)
955 685 1064 756 γὰρ
1103 688 1168 758 τῇ
1217 687 1312 740 τοῦ
1363 689 1802 760 στρατοκήρυκος
1854 694 2038 762 φωνῇ,

466 771 568 842 τῆς
601 773 753 844 ἱερᾶς
784 775 877 828 καὶ
913 778 1303 848 μαχιμωτάτης
1335 778 1683 850 ἀποχωροῦσι
1706 779 2042 850 πληθύος.⁶Λ

465 863 524 917 δὲ
555 860 624 936 ἦν
652 866 800 930 εἰκὸς
829 868 957 932 τοὺς
987 869 1228 923 τοιούσδε
1262 870 1720 942 συνειλημμένους
1753 873 1951 926 ἐννοεῖν
1983 891 2044 926 τε

467 957 564 1010 κα.)⁸
595 956 794 1026 λέγειν,
821 959 996 1014 ταῦτα
1029 960 1333 1032 δὴλφθάσας
1359 965 1388 1016 ὁ
1417 963 1592 1035 κῆρυξ
1645 967 1937 1034 ἀναφωνεῖ.
1972 967 2043 1019 Ἢ

465 1047 568 1102 οὐκ
585 1049 780 1120 ἀληθὲς
809 1051 1017 1117 τούτοις
1043 1052 1154 1125 (50)
1184 1053 1254 1108 τὰ
1273 1054 1496 1109 τοιαῦτα
1526 1053 1764 1127 νομίζειν
1787 1073 1802 1123 ;
1833 1055 2042 1111 Εἰώθει-

466 1154 521 1192 σι
551 1139 831 1209 φιλοῦντες
855 1143 916 1196 ὲν
946 1143 1206 1216 διωγμοῖς
1236 1146 1296 1200 τὸ
1327 1146 1659 1218 ἀφερέπονον
1682 1149 1922 1220 ἀγαπᾷν,
1951 1151 2043 1202 καὶ

467 1233 590 1295 ταῖς
616 1231 755 1304 ὑπὲρ
783 1233 884 1304 τῆς
916 1236 997 1298 εἰς
1021 1235 1152 1289 Θεὸν
1173 1237 1395 1308 ἀγάπης
1426 1238 1844 1296 κατακολουθεῖν
1879 1257 2044 1293 σπου-

462 1318 603 1384 δαῖς,
626 1321 961 1391 ἐννοοῦντες,
990 1325 1093 1389 ὅτι,
1134 1325 1190 1378 εί
1222 1344 1274 1379 τι
1329 1326 1538 1396 γένοιτο
1597 1329 1786 1382 παθεῖν
1839 1331 2041 1398 ἀγωνι-

465 1409 748 1482 ζομένους,
779 1413 948 1468 οἴκων
965 1433 1024 1468 τε
1057 1417 1152 1470 καί
1177 1418 1445 1489 κτήσεων,
1481 1420 1576 1473 καὶ
1603 1420 1709 1473 τῶν
1736 1422 1886 1493 παρᾶ
1917 1421 2040 1490 σφί-

466 1519 552 1556 σιν
582 1506 958 1578 τετιμημένων
978 1507 1333 1566 ἐκπίπτουσιν
1364 1511 1687 1582 ἐπιθυμιῶν.

464 1668 578 1742 (51)
607 1671 756 1750 Στίχ.
779 1677 852 1743 η’.
907 1673 1002 1750 Τίς
1036 1677 1083 1750 ό
1106 1674 1496 1750 dromon:on
1529 1677 1898 1750 φοϐούμενος
1941 1677 2038 1732 καί

959 1743 1161 1812 δέιλιές
1191 1744 1268 1814 τῆ
1298 1743 1550 1815 καρδίιιξ

2141 603 2322 656 carnis
2369 602 2604 656 intendit
2637 602 2913 661 animum,
2959 599 3200 654 mulieris
3244 600 3509 669 sponsalia
3561 599 3718 654 facile

2144 693 2389 748 innuanl.
2426 693 2606 748 Morus
2635 694 2777 748 enim
2809 695 3086 748 trahentes
3117 694 3182 746 ad
3213 707 3394 746 vocem
3429 694 3716 760 praeconis,

2143 802 2172 840 a
2223 800 2378 840 sacra
2423 786 2928 856 pugnacissimaqne
2987 783 3331 836 multitudine
3381 782 3714 836 desciscunt.

2143 878 2274 945 Quae
2307 893 2466 948 porro
2499 878 2774 944 probabile
2833 880 2952 930 erat
3009 887 3069 928 ut
3117 875 3422 941 huiusmodi
3469 875 3716 928 homines

2142 971 2452 1040 congregati
2495 970 2676 1022 animo
2707 975 2992 1022 versarent
3022 976 3076 1020 et
3104 967 3345 1020 dicerent
3367 1004 3382 1028 ,
3423 979 3483 1017 ea
3527 965 3578 1016 in
3611 979 3714 1016 an-

2145 1073 2410 1118 lecessum
2457 1075 2632 1127 praeco
2665 1059 2934 1118 enuntiat.
2981 1058 3060 1112 An
3111 1072 3214 1111 non
3264 1072 3454 1113 verum
3497 1066 3576 1108 εει
3622 1069 3717 1110 eos

2146 1153 2270 1207 talia
2309 1152 2601 1220 reputare?
2631 1151 3046 1206 Consueverunt
3073 1148 3262 1202 amasii
3295 1148 3348 1202 in
3385 1147 3714 1216 persecutio-

2145 1245 2302 1296 uibus
2330 1257 2450 1311 quae
2481 1240 2704 1294 minime
2727 1239 2948 1294 uiolasta
2975 1249 3100 1294 sunt
3127 1238 3373 1308 diligere,
3396 1247 3450 1292 et
3474 1233 3714 1290 cha'rita-

2143 1333 2212 1386 tis
2235 1333 2285 1384 in
2317 1331 2480 1384 Deum
2511 1329 2685 1384 studia
2709 1329 2968 1382 remotius
2991 1329 3144 1396 sequi
3174 1343 3190 1390 ;
3218 1328 3548 1397 cogitantes,
3570 1325 3714 1394 quod

2143 1423 2185 1474 si
2232 1421 2358 1490 quid
2403 1419 2680 1488 contingat
2717 1417 2770 1470 in
2800 1418 3186 1472 certaminibus
3223 1417 3368 1485 pati,
3403 1432 3431 1469 a
3466 1415 3713 1470 domibus

2141 1523 2194 1566 et
2231 1511 2701 1580 possessionibus,
2743 1516 2798 1562 et
2849 1523 2880 1561 a
2925 1508 3213 1564 desideriis
3259 1507 3548 1574 excident,
3595 1521 3716 1580 quae

2145 1599 2284 1663 apud
2312 1612 2370 1650 se
2407 1595 2622 1664 plurimi
2661 1595 2816 1648 ﬁunt.

2142 1689 2209 1744 ν.
2237 1689 2294 1744 8.
2343 1687 2474 1754 Quis
2519 1697 2595 1742 est
2642 1687 2852 1810 homo,‘
2895 1689 3012 1810 quid
3036 1697 3240 1792 ngretur
3286 1699 3336 1743 et
3381 1688 3716 1744 meticulosus

2777 1774 2829 1810 es
2886 1774 2976 1810 cor
3015 1776 3041 1810 e
3066 1799 3079 1810 .

2777 1774 2852 1811 est
2886 1774 3041 1812 τοι-αθ
3066 1774 3079 1810 Ξ

487 1827 650 1922 ..Τοῦ
679 1829 888 1886 αὐτοῦ.
934 1831 992 1886 '0
1015 1836 1127 1895 τοῖς
1155 1835 1366 1904 γηῒνοις
1410 1835 1726 1906 ἐγκείμενος
1748 1876 1762 1898 ,
1815 1837 1908 1890 καὶ⁵
1964 1840 2042 1892 ol-

2219 1851 2494 1922 Ejusdem.
2536 1851 2636 1918 Qui
2685 1850 2917 1905 terrenis
2953 1849 3112 1904 rebus
3147 1849 3410 1913 inhmret,
3446 1858 3500 1904 et
3527 1850 3716 1906 domos

463 1915 590 1980 κίας
635 1919 965 1990 οἰκοδομῶν,
998 1923 1093 1975 καὶ
1122 1924 1366 1991 φυτεύων
1398 1924 1747 1996 ἀμπελῶνας,
1775 1931 1894 1991 ταῖς
1940 1929 2042 1999 τῆς

2141 1915 2396 2010 tedilicat,
2422 1955 2477 1998 et
2504 1915 2714 2014 plantat
2744 1945 2951 2009 vineas,
2990 1944 3166 1998 victus
3200 1943 3562 2012 voluptatibus
3593 1957 3720 1998 ειη-ι

462 2007 820 2086 φιλοσαρκίας
846 2011 1064 2083 ἡδοναῖς
1096 2015 1406 2087 ἡττώμενος
1425 2057 1440 2083 ,
1472 2017 1625 2071 ἔσται
1676 2036 1778 2072 που
1826 2020 2040 2084 πάντως

459 2097 631 2164 δειλός
653 2099 762 2172 (52)
795 2119 855 2155 τε
887 2104 982 2156 καὶ
1016 2105 1258 2169 ἄναλκις.

460 2185 609 2260 Στίχζ
643 2196 694 2244 ι’.
743 2191 876 2246 Ἐὰν
900 2191 968 2244 δὲ
1003 2193 1344 2274 προσέλθῃς
1374 2196 1524 2274 πρὸς
1571 2197 1753 2252 πόλιν
1793 2187 2041 2254 custode-

1029 2265 1228 2333 μῆσαι
1251 2265 1463 2332 αὐτήν.

535 2349 762 2421 Ὅμοιον
791 2351 888 2406 τοῦ
906 2369 924 2386 ·
953 2357 1060 2422 Είς
1088 2354 1170 2424 ἣν
1186 2355 1256 2410 δὲ
1274 2359 1457 2412 πόλιν
1480 2358 1814 2427 εἰσέλθητε,
1844 2359 2042 2425 ἐξετά-

459 2439 582 2502 ζετε
609 2441 742 2514 (55),
783 2447 875 2513 τίς
901 2445 971 2512 ἐξ
1010 2447 1210 2502 αὐτῶν
1250 2447 1420 2515 ἄξιός
1451 2449 1642 2505 ἐστιν.
1687 2449 1760 2504 Τὸ
1811 2451 1887 2518 δὲ,
1910 2455 2036 2522 μετ’

462 2531 728 2601 είρήνης,
765 2536 948 2608 ὅμοιον
972 2536 1051 2608 τῷ
1083 2539 1425 2611 ἀποστολικῷ
1447 2557 1463 2572 ⁶
1501 2540 1581 2593 ὅτι
1636 2541 1869 2596 Δοῦλον
1897 2547 2040 2606 ’Κυ-

449 2622 588 2692 ρίου
614 2626 686 2678 οὐ
713 2625 810 2679 δεῖ
831 2625 1152 2697 μάχεσθαι.
1951 2643 1970 2662 ’

456 2713 608 2786 Στίχ.
637 2723 725 2786 ιγ’.
759 2719 872 2772 Καὶ
914 2719 1202 2794 διατάξεις
1229 2719 1357 2794 πᾶν
1391 2721 1718 2790 ἀρσενικὸν
1743 2713 1935 2794 αὐτῆς
1969 2724 2040 2779 ἐν

982 2791 1148 2858 φόνῳ
1168 2793 1490 2861 μαχαίρας.
1623 2829 1626 2832 -

535 2878 648 2933 Τοῦ
680 2879 886 2934 αὑτοῦ.
922 2882 1184 2954 Μάχαιρα
1212 2883 1268 2937 δὲ
1295 2883 1392 2938 τοῦ
1417 2886 1730 2958 πνεύματος
1763 2888 1848 2958 είη
1901 2887 1967 2941 ἃν
2009 2887 2040 2941 ό

455 2968 618 3038 λόγος
639 2972 736 3024 τοῦ
759 2971 914 3026 Θεοῦ.
947 2975 1056 3026 Καὶ
1075 2975 1176 3046 τὴν
1216 2975 1490 3049 μάχαιραν
1521 2978 1578 3032 δὲ
1607 2978 1700 3032 τοῦ
1733 2978 2040 3050 πνεύματος

457 3061 594 3134 (54),
627 3063 656 3116 ὅ
682 3064 797 3117 ἐστι
823 3064 974 3138 ῥῆμα
1007 3068 1166 3136 Θεοῦ,
1206 3063 1358 3139 ᾧτινι
1386 3073 1436 3124 οί
1484 3071 1763 3126 θεσπέσιοι
1801 3072 2040 3144 μαθηταὶ

2141 2037 2370 2102 nalibus,
2400 2038 2509 2092 erit
2537 2051 2762 2108 prorsus
2789 2035 3146 2091 meticulosus
3174 2044 3228 2090 et
3253 2035 3505 2090 imbellis.

2179 2211 2247 2268 Ἴ.
2274 2211 2362 2266 I0.
2395 2211 2494 2268 Sin
2530 2229 2650 2268 vero
2676 2211 2958 2267 accesseris
2973 2211 3054 2284 'ad
3086 2208 3449 2265 debellandum
3479 2207 3680 2264 urbem.

2212 2369 2403 2424 Simile
2433 2378 2518 2424 est
2555 2367 2632 2423 illi
2663 2385 2678 2422 :
2713 2365 2782 2420 In
2825 2379 3189 2436 quamcunque
3235 2372 3410 2416 autem
3450 2361 3714 2416 civitatem

2137 2463 2450 2517 introieritis
2471 2501 2488 2525 ,
2517 2461 2776 2530 exquirite
2803 2459 2924 2529 quis
2960 2473 3025 2511 ea:
3059 2458 3193 2526 ipsis
3219 2455 3413 2524 dignus
3441 2457 3507 2508 sit
3535 2454 3602 2508 “.
3643 2452 3718 2507 ιι-

2139 2555 2232 2609 ltsd
2256 2569 2404 2618 vero,
2433 2569 2549 2606 cum
2573 2569 2728 2620 pace,
2765 2551 2940 2606 simile
2961 2561 3044 2604 est
3068 2547 3376 2615 apostolica:
3395 2545 3714 2602 sententiae:

2143 2649 2364 2702 Seruum
2395 2647 2600 2698 Domini
2636 2661 2740 2698 non
2767 2653 2968 2710 Oportet
2994 2655 3282 2710 pugnacem
3309 2653 3418 2691 esse
3441 2636 3526 2710 “.z

2139 2737 2204 2791 ν.
2239 2739 2328 2793 I5.
2379 2736 2450 2789 Ει
2474 2737 2732 2804 percuties
2773 2707 2926 2785 omne
2961 2707 3314 2804 masculinum
3340 2729 3456 2798 ejus
3486 2707 3542 2780 in
3575 2727 3718 2781 occi-

2757 2806 2903 2856 sione
2937 2801 3128 2869 gladii.

2167 2923 2176 2932 -
2211 2891 2490 2974 Ejusdem.
2533 2890 2762 2946 Gladius
2793 2890 3022 2958 spiritus
3045 2903 3166 2942 esse
3195 2887 3364 2958 possit
3389 2900 3570 2940 sermo
3593 2883 3716 2942 Dei.

2138 2983 2386 3040 Gladium
2420 2999 2550 3038 vero
2593 2982 2856 3050 spiritus,
2893 2981 2944 3034 id
2991 2989 3108 3042 est,
3146 2977 3372 3033 verbum
3413 2977 3506 3032 Dei
3551 2977 3714 3032 etiam

2137 3079 2310 3132 dicere
2348 3093 2624 3146 possumus
2670 3090 2689 3128 :
2734 3089 2842 3144 quo
2884 3072 3052 3128 divini
3103 3070 3350 3141 discipuli
3394 3070 3716 3124 occidebant

452 3154 774 3258 ἀπέκτεινον
811 3159 958 3214 ἅπαν
1003 3162 1288 3232 ἀρσενικὸν
1328 3164 1426 3234 τῆς
1473 3165 1854 3237 ἀντικειμένης
1880 3167 2039 3221 δυνά-

2141 3183 2302 3224 omne
2325 3169 2684 3224 masculinum
2709 3166 3000 3222 contraria:
3026 3165 3334 3234 potestatis,
3359 3175 3418 3216 ut
3441 3162 3714 3218 Simonem

457 3263 625 3318 μεως,
656 3247 733 3313 ὡς
756 3247 976 3321 Σίμωνα
1009 3255 1102 3306 καὶ
1139 3253 1376 3326 Ἐλύμαν
1412 3256 1536 3320 τοὺς
1572 3256 1800 3328 μάγους,
1835 3259 1930 3311 καὶ
1969 3258 2038 3312 τὰ

2141 3270 2198 3316 et
2237 3261 2480 3331 Elymam
2531 3277 2748 3331 magos,
2797 3269 2854 3315 et
2899 3259 3066 3312 fortia
3109 3273 3300 3312 eorum
3345 3257 3716 3312 dissolvebant

456 3337 656 3410 ἰσχυρὰ
679 3341 738 3394 δὲ
769 3341 948 3396 αὐτῶν
985 3345 1242 3399 κατέλυον
1285 3347 1532 3418 δόγματα
1553 3365 1568 3378 ·
1631 3350 2040 3420 περιεποιοῦντο

2144 3353 2394 3422 dogmata
2436 3369 2450 3405 :
2483 3353 2802 3421 superstites
2838 3367 2966 3406 vero
3005 3352 3259 3408 sinebant
3291 3351 3568 3414 mulieres,
3599 3351 3716 3404 ani-

453 3429 514 3484 δὲ
543 3431 646 3496 τὰς
675 3438 960 3502 γυναῖκας,
995 3438 1090 3492 καὶ
1115 3439 1420 3510 δυναμένας
1455 3443 1631 3495 εἰπεῖν
1682 3441 1858 3514 ψυχάς
1879 3459 1893 3473 ·
1935 3443 2040 3498 Διὰ

455 3522 570 3577 τόν
591 3527 782 3594 φόϐον
807 3543 944 3593 σου,
976 3533 1174 3600 Κύριε,
1204 3532 1276 3586 ἐν
1327 3535 1540 3604 γαστρὶ
1577 3534 1880 3605 ἐλάϐομεν
1923 3537 2036 3605 ἓως

453 3615 554 3668 ἐπὶ
583 3614 688 3685 τῆς
715 3616 866 3688 τῆς·
907 3623 1096 3677 καὶτὰ
1140 3625 1312 3695 νήπια
1358 3625 1416 3680 δὲ
1460 3625 1742 3692 ὡσαύτως,
1810 3625 1892 3693 οἷς
1944 3633 2040 3686 καὶ

453 3707 669 3774 Παῦλος
701 3712 930 3782 γράφει·
1011 3717 1238 3780 Τεκνία,
1273 3718 1362 3788 μὴ
1399 3720 1530 3786 ταῖς
1572 3721 1789 3791 φρεσίν
1835 3723 2039 3792 νήπιοι

452 3795 714 3869 τίνεὰθε,
746 3803 907 3857 ἀλλὰ
935 3805 1010 3874 τῇ
1039 3807 1222 3876 κακίᾳ
1245 3809 1574 3877 νηπιαζὲτε.
1614 3813 1724 3867 Καὶ
1746 3813 1936 3884 κτήνη
1957 3816 2034 3884 δὲ,

456 3893 617 3964 φησὶ,
645 3889 1090 3964 περιπατήσατε.
1119 3899 1355 3967 Δίκαιος
1393 3902 1502 3974 γὰρ
1526 3905 1795 3973 οἱκτείρει
1835 3909 2038 3978 ’ψυχὰς

453 3984 693 4052 κτηνῶν
711 3988 928 4043 αὐτοῦ·
959 3991 1086 4054 τοὺς
1127 3991 1498 4065 ἀλογωτέρους
1558 3996 1646 4050 διὰ
1675 3997 1784 4050 τῶν
1825 3999 2038 4070 κτηνῶν

454 4078 844 4151 αἰνιττόμενος.
879 4084 1090 4155 Κτῆνος
1112 4081 1180 4158 ἦν
1209 4087 1304 4141 καὶ
1344 4089 1373 4140 ὁ
1415 4089 1734 4161 Κορνήλιος,
1768 4090 1910 4144 κατὰ
1940 4093 2037 4164 τὴν

452 4165 722 4225 ὀπτασίαν
777 4172 877 4246 τὴν
925 4175 1056 4248 περ)⁴
1099 4177 1210 4231 τῶν
1256 4179 1600 4250 τετραπόδων
1662 4185 1922 4250 φανεῖσαν
1961 4181 2038 4252 τῷ

457 4258 673 4334 Πέτρῳ.

1077 4361 1236 4414 ΚΕΦ.
1278 4361 1406 4417 ΚΒ’.

524 4441 638 4516 (55)
669 4445 818 4518 Στίχ.
854 4455 928 4513 ς’.
965 4452 1046 4505 Οὐ
1067 4451 1384 4578 λτὲἓῦιέινέᾱν
1411 4456 1638 4526 μητέρα
1655 4459 1808 4528 μετὰ
1833 4459 1956 4516 τῶν

538 4607 754 4681 Ἐπειδὴ
797 4609 871 4682 μὴ
913 4611 1134 4667 δύναται
1177 4615 1344 4674 ἑαυτὰ
1395 4617 1638 4690 τρέφειν,
1664 4619 1766 4691 τῆς
1826 4622 2034 4694 μητρὸς

451 4699 774 4774 ληφθείσης.

1080 4799 1237 4852 ΚΕΦ.
1277 4800 1406 4853 Kl".

556 4881 668 4957 (56)
698 4885 846 4957 Στίχ.
883 4893 952 4955 γ’.
984 4890 1106 4942 Οὐκ
1138 4891 1550 4946 εἰσελεύσεται
1589 4891 1918 4962 Ἀμανίτης.

521 4973 590 5028 Τί
652 4975 851 5049 δήποτε
919 4978 1016 5050 τὴν
1062 4979 1197 5050 πρὸς
1253 4983 1546 5048 Μωαϐίτας
1602 4986 1694 5038 καὶ
1742 4987 2034 5056 Ἀμανίτας

453 5065 733 5139 ἐπιμιξίαν
763 5069 960 5125 κωλύει
993 5072 1054 5124 ού
1101 5073 1242 5126 κατὰ
1277 5075 1439 5145 ῥητόν
1490 5077 1612 5129 τινα
1665 5077 1874 5149 χρόνον,
1915 5079 2031 5140 ἀλλ’

449 5161 532 5222 είς
560 5159 650 5214 τὸν
676 5161 882 5228 αίῶνα;
914 5163 1138 5235 Πρῶτον
1169 5165 1258 5218 διὰ
1310 5166 1410 5238 τὴν
1473 5169 1790 5241 παράνομον
1848 5170 2030 5224 αὐτῶν

452 5250 636 5322 ῥίζαν·
694 5255 758 5306 ἑκ
821 5257 1136 5328 παρανόμου
1194 5259 1301 5330 γὰρ
1354 5260 1678 5332 γεγένηνται
1710 5263 2026 5327 συνουσίας·

449 5341 643 5398 ἔπειτα
675 5343 764 5398 διὰ
811 5348 908 5419 τὴν
963 5350 1236 5414 ἀσέϐειαν,
1273 5347 1341 5422 ἦς
1389 5353 1484 5405 καί
1532 5354 1659 5417 τοὺς
1695 5353 2031 5426 Ἰσραηλίτας

523 5457 570 5488 ³³
603 5456 790 5538 ῌΞηιίι.
831 5477 884 5522 ιι,
917 5462 1006 5514 II.
1087 5465 1134 5498 εδ
1175 5464 1214 5518 ll
1243 5465 1386 5520 Tim.
1419 5482 1480 5532 ιι,
1515 5467 1607 5522 24.
1703 5469 1749 5500 ’⁵
1783 5469 1882 5524 lsa.
1917 5483 2069 5538 χχιι,
2109 5467 2202 5526 18.

482 5541 582 5590 ιιι,
611 5527 698 5580 I0.

549 5641 638 5714 l9)
669 5641 835 5714 Eorte
858 5644 1190 5714 προσιόντες.

523 5639 638 5837 ζ9)
669 5641 835 5698 Forte
858 5644 1101 5714 προσιόνι

548 5713 616 5767 50
670 5711 836 5768 Forte
861 5713 1101 5777 τούτους.

523 5783 535 5837 l
587 5785 635 5837 ιι
667 5783 890 5837 Ibidem.
925 5794 985 5836 ut
1021 5795 1074 5837 et

517 5783 635 5862 (ξι
666 5783 985 5862 [ῂὶἀςιιιηιιι
1021 5795 1074 5838 et
1100 5787 1302 5858 reliqua
1339 5786 1496 5858 hujus
1529 5787 1744 5861 capitis.

521 5851 635 5926 (52)
664 5851 762 5910 Ms.
788 5851 944 5926 δῆλός
963 5869 1040 5909 τε.

2053 4541 2109 4600 D

2141 3459 2258 3498 mas
2303 3457 2496 3512 nempe
2535 3457 2656 3512 qua:
2695 3443 2876 3497 dicere
2901 3452 3195 3512 poterant:
3241 3440 3524 3511 Propterea
3554 3441 3716 3493 timo-

2143 3553 2252 3590 rem
2281 3546 2450 3598 tuum,
2481 3533 2726 3598 Domine,
2769 3533 2821 3586 in
2854 3543 3002 3587 utero
3041 3535 3392 3602 concepimus,
3431 3547 3594 3600 usque
3626 3546 3721 3584 su-
3817 3529 3822 3534 ’

2137 3643 2231 3697 per
2294 3636 2434 3680 terra
2461 3627 2505 3657 ³⁸
2541 3641 2556 3678 :
2593 3623 2890 3678 infantulos
2939 3624 3066 3679 item
3093 3665 3110 3690 ,
3163 3625 3362 3693 quibus
3414 3633 3470 3678 et
3510 3621 3717 3678 Paulus

2143 3717 2376 3772 scribit:
2411 3715 2632 3780 Filioli,
2673 3731 2778 3770 non
2821 3727 2989 3770 mente
3031 3716 3178 3786 pueri
3222 3723 3414 3781 estote,
3444 3715 3536 3768 sed
3573 3711 3718 3768 mala

2137 3809 2432 3879 puerascite
2453 3808 2521 3864 '°.
2568 3809 2698 3862 ltem
2739 3809 2872 3862 dicit
2913 3805 3196 3868 :Jumento
3226 3807 3496 3861 servabitis
3526 3805 3570 3836 ³⁷
3593 3819 3607 3868 ;
3633 3812 3718 3860 et-

2139 3905 2282 3956 enim
2325 3901 2536 3969 justum
2585 3901 2794 3954 miseret
2833 3900 3139 3953 animarum
3179 3899 3541 3968 jumentorum
3588 3911 3716 3949 suo»

2139 4011 2256 4048 rum
2284 3995 2330 4032 ³⁸
2371 4014 2383 4048 :
2409 4007 2502 4048 eos
2533 3995 2628 4063 qui
2663 3995 2844 4048 minus
2877 3994 3091 4048 ratione
3119 3993 3322 4062 pollent
3349 4005 3446 4060 per
3469 3987 3716 4058 iumenta

2140 4087 2392 4140 innuens.
2429 4084 2742 4140 Jumeutum
2773 4095 2896 4139 erat
2926 4093 2981 4137 et
3017 4083 3338 4144 Cornelius,
3369 4082 3520 4150 juxta
3550 4078 3717 4134 visio-

2138 4189 2260 4229 nem
2299 4174 2706 4244 quadrupedum
2728 4213 2743 4237 ,
2773 4185 2894 4242 quae
2921 4173 3172 4243 apparuit
3201 4171 3384 4226 Petro.

2753 4351 2906 4409 CAP.
2939 4351 3108 4408 XXII.

2368 4470 2434 4526 ν.
2464 4469 2518 4524 6.
2560 4467 2686 4524 Non
2715 4471 2888 4538 capies
2924 4483 3149 4522 matrem
3186 4482 3306 4520 cum
3337 4464 3485 4536 ﬁliis.

2211 4607 2398 4680 Neque
2424 4607 2569 4664 enim
2592 4647 2608 4675 ,
2649 4615 2806 4675 capta
2837 4614 3012 4666 matre
3035 4645 3052 4674 ,
3093 4605 3302 4674 seipsos
3347 4609 3576 4674 possunt
3616 4615 3722 4656 nu-

2141 4699 2290 4754 trire.
2669 4763 2672 4765 Α

2736 4789 2893 4846 CAP.
2919 4787 3110 4845 XXIII.

2441 4886 2508 4940 ν.
2537 4885 2590 4941 5.
2629 4881 2752 4938 Non
2782 4881 3108 4952 ingredietur
3130 4877 3416 4932 Amaniles.

2202 4977 2311 5032 Cur
2359 4977 2809 5033 consuetudinem
2859 4989 2982 5029 cum
3035 4971 3288 5026 Moabitis
3344 4977 3398 5024 et
3447 4965 3716 5021 Amanitis

2143 5071 2453 5134 interdicit,
2497 5085 2603 5123 non
2643 5068 2709 5122 ad
2755 5075 2956 5123 statum
2990 5063 3203 5134 aliquod
3247 5071 3489 5130 tempus,
3533 5059 3628 5112 sed
3660 5058 3716 5117 in

2140 5161 2397 5216 smculum
2420 5159 2446 5213 ?
2471 5159 2654 5213 Primo
2693 5165 2916 5227 propter
2947 5155 3284 5226 illegitimam
3325 5168 3512 5209 eorum
3542 5151 3714 5221 origi-

2139 5270 2262 5308 nem
2288 5269 2302 5306 :
2329 5267 2394 5306 ex
2423 5251 2701 5320 illegitimo
2723 5251 2866 5304 enim
2894 5249 3000 5303 orti
3027 5261 3154 5302 sunt
3174 5261 3486 5316 congressu.
3513 5243 3717 5298 Deinde

2137 5351 2359 5420 propter
2407 5341 2736 5410 impietatem
2756 5379 2772 5404 ,
2807 5339 2962 5410 cujus
2987 5339 3150 5393 etiam
3177 5337 3390 5393 Judzeos
3421 5335 3714 5406 participes

2314 5462 2362 5494 "
2389 5461 2407 5516 l
2437 5461 2563 5515 Cor.
2589 5473 2704 5526 stv,
2734 5457 2825 5513 20.
2917 5459 2962 5492 ³⁷
2985 5457 3147 5513 Josue
3172 5473 3287 5524 νιιι,
3314 5459 3369 5510 2.
3472 5451 3518 5484 "
3547 5449 3707 5506 Prov-

2215 5645 2328 5716 (55)
2359 5643 2636 5716 Scriptum
2664 5649 2782 5698 erat
2805 5639 3141 5710 ἐξετάζεται,
3171 5637 3422 5699 absurde.
3451 5633 3552 5691 Eu.
3573 5629 3703 5696 PH.-

2214 5715 2324 5780 (54)
2359 5715 2517 5770 Deest
2554 5725 2796 5768 verbum.

2215 5783 2330 5854 (55)
2358 5785 2516 5849 loid.,
2548 5798 2673 5854 pag.
2716 5781 2842 5854 2‘26.

2213 5850 2325 5935 (56)
2357 5855 2490 5914 Cod.
2517 5850 2646 5924 531,
2677 5868 2799 5929 pag.
2828 5850 2952 5910 518.
