4186 6420
460 379 522 434 ει
1314 379 1872 439 SUPPLEMENTUM
1907 380 2000 436 AD
2034 379 2361 439 ORIGENIS
2389 381 2802 440 EXEGETICA.
3642 367 3713 436 se

466 500 647 554 facere
670 499 848 553 conati
873 509 1003 555 sunt
1022 540 1039 566 ,
1078 500 1323 556 ornando
1347 501 1633 566 mulieres,
1660 510 1715 554 et
1741 515 1838 568 per
1864 513 1958 554 eas
1984 499 2028 554 in

2141 500 2466 572 μεταλαχεῖν
2492 499 2910 572 παρεσκεύασαν
2937 498 3272 571 ὠραῖσαντες
3299 496 3398 560 τὰς
3425 498 3715 566 γυναῖκας,

463 585 733 640 idolorum
750 586 951 641 cultum
983 587 1304 643 allicientes.
1329 589 1397 643 At
1432 590 1719 644 ldunueum
1738 589 1955 658 quidem
1981 596 2038 644 et

465 673 777 747 Egyptium
793 687 911 745 post
931 679 1145 732 tertiam
1163 677 1317 746 jubet
1347 681 1756 748 generationem
1781 679 1992 732 admitti
2018 698 2032 733 :

463 763 617 819 illum
645 766 842 836 quippe
868 765 1116 835 fratrem,
1139 769 1284 824 hunc
1315 785 1448 825 vero
1482 771 1681 841 quippe
1735 778 2043 841 opportune

464 857 736 925 quondam
763 858 1191 915 benefactorem.
1210 860 1376 915 Fame
1391 862 1536 916 enim
1557 863 1860 931 ingruente,
1879 861 2039 934 Egy-

463 956 614 1017 ptum
634 960 879 1018 petentes
901 954 1271 1021 progenitores
1289 968 1477 1009 eorum
1499 954 1721 1008 enutriti
1745 964 1892 1009 sunt.
1928 955 2005 1011 Do

462 1044 552 1093 c‘et
593 1041 757 1109 igitur
802 1041 883 1096 lex
924 1057 1055 1107 nos,
1103 1054 1161 1098 ut
1206 1059 1274 1098 ne
1301 1044 1501 1100 veteris
1530 1042 1749 1114 quidem
1787 1044 2034 1100 beneﬁcii

457 1128 865 1188 obliviscamur.

459 1216 526 1277 γ.
556 1220 645 1277 ﬂ.
676 1221 815 1286 Quid
842 1234 945 1287 est,
973 1223 1114 1290 Quia
1146 1223 1399 1278 Dominus
1425 1224 1563 1280 Deus
1595 1236 1714 1281 tuus
1746 1226 2035 1280 inambulat

1019 1297 1072 1349 in
1105 1296 1292 1349 castris
1321 1297 1426 1349 tuis
1444 1296 1470 1348 2

531 1403 702 1461 Norat
755 1421 1127 1478 stepenumero
1156 1410 1335 1481 gravis
1358 1411 1543 1466 odoris
1565 1425 1743 1465 aerem
1769 1410 2030 1477 repletum

457 1507 668 1568 pestem
702 1499 1043 1567 produxisse.
1081 1499 1300 1557 hlandat
1324 1516 1459 1573 ergo
1486 1502 1593 1558 illis
1621 1504 1674 1558 iu
1710 1503 1908 1559 castris
1938 1504 2032 1559 de-

459 1591 735 1667 gentibus,
768 1607 928 1662 quem
961 1604 1310 1649 secreverant
1340 1594 1596 1650 defodere
1623 1595 1828 1651 fimum.
1865 1594 1935 1650 Ut
1964 1610 2032 1651 ne

460 1668 600 1737 τρι-ο
637 1682 1011 1740 inobedientes
1046 1700 1243 1740 noxam
1272 1687 1580 1757 quampiam
1623 1687 2028 1752 contraherent,

2138 595 2233 648 καὶ
2254 593 2342 647 διὰ
2362 592 2568 648 τούτων
2595 594 2794 657 αὐτοὺς
2824 593 2906 656 είς
2929 591 3032 663 τὴν
3056 589 3166 644 τῶν
3199 588 3431 645 εἰδώλων
3457 589 3717 661 λατρείαν

2133 685 2520 756 ἀγρεύσαντες.
2576 685 2680 739 Τὸν
2719 684 2901 756 μέντοι
2936 682 3231 754 Ἱδουμαῖον
3274 681 3367 736 καὶ
3404 682 3496 738 τὸν
3548 682 3714 750 A176-

2134 796 2290 833 πτιον
2318 779 2456 851 μετὰ
2475 777 2664 851 τρίτην
2684 777 2890 832 κελεύει
2918 776 3236 848 προσίεσθαι
3255 776 3470 847 γενεὰν,
3493 774 3587 830 τὸν
3612 776 3715 847 μὲν

2134 874 2211 940 ὡς
2243 874 2488 945 ἀδελφὺν,
2519 873 2609 926 τὸν
2628 872 2685 927 δέ
2706 872 2782 936 ὡς
2814 872 3108 945 εὐεργέτην
3137 875 3194 926 ἐν
3221 870 3398 943 καιρῷ
3414 870 3713 941 γεγενημέ-

2133 983 2243 1023 νον.
2262 965 2435 1037 Λιμοῦ
2456 964 2555 1037 γὰρ
2573 964 2991 1037 προσπεσόντος,
3008 966 3089 1028 εἰς
3100 964 3369 1032 Δῖγυπτον
3382 960 3714 1025 εἰσελθόντες

2138 1060 2188 1111 oi
2230 1059 2466 1130 πατέρες
2509 1055 2690 1112 αὐτῶν
2742 1057 3129 1129 διετράφησαν.
3185 1055 3435 1110 Διδάσκει
3475 1052 3654 1107 τοίνυν
3683 1053 3714 1105 ό

2139 1148 2301 1218 νόμος
2343 1149 2513 1219 ἡμᾶς,
2560 1148 2695 1220 μηδὲ
2731 1149 2969 1213 παλαιᾶς
3006 1146 3323 1220 εὐεργεσίας
3353 1146 3710 1216 ἀμνημονεῖν.

2138 1241 2286 1311 Στίχ.
2329 1239 2410 1295 ιδ’.
2438 1240 2504 1294 Τί
2531 1242 2698 1311 ἐστιν,
2724 1240 2845 1311 Ὅτι
2880 1241 3097 1307 Κύριος
3129 1241 3163 1294 ὁ
3186 1241 3330 1311 ῥεός
3363 1253 3479 1292 σου
3531 1236 3711 1306 ἐμπε-

2408 1310 2650 1379 ριπατεῖ
2679 1311 2751 1364 ἐν
2783 1309 2856 1379 τῇ
2890 1308 3234 1380 παρεμϐολῇ
3264 1325 3412 1372 σου;

2205 1396 2326 1454 Οἵδε
2360 1399 2617 1465 πολλάκις
2638 1399 2934 1470 δυσοσμίας
2956 1400 2986 1450 ό
3009 1398 3120 1469 ἀὴρ
3152 1396 3567 1467 ἐμπιπλάμενος
3603 1395 3713 1449 λοι-

2138 1493 2238 1565 μὸν
2270 1495 2536 1565 ἐμποιεῖν.
2601 1492 2885 1547 Ἐκέλευσε
2945 1490 3125 1545 τοίνυν
3177 1490 3363 1553 αὐτοῖς
3417 1504 3716 1561 στρατοπε-

2132 1586 2445 1658 δευομένοις
2462 1586 2565 1660 τὴν
2593 1585 2987 1657 ἐκκρινομένην
3032 1581 3443 1654 καταχωννύναι
3485 1581 3711 1652 κόπρον.

2137 1679 2255 1733 Ἵνα
2276 1679 2334 1733 δέ
2365 1678 2442 1750 μὴ
2461 1677 2858 1751 ἁπιθήσαντες
2891 1675 3095 1748 βλάϐην
3130 1672 3490 1739 εἰσδέξωνται,
3545 1673 3718 1740 ἀναγ-

458 1776 771 1830 necessario
802 1776 1049 1845 adjunxit
1078 1798 1090 1832 :
1123 1775 1264 1843 Quia
1291 1775 1546 1831 Dominus
1570 1775 1710 1831 Deus
1737 1776 2028 1831 inambulat

2136 1771 2307 1836 καίως
2331 1771 2612 1841 ἐπήγαγεν
2630 1786 2644 1800 ο
2676 1770 2797 1823 Ὅτι
2826 1770 3043 1836 Κύριος
3068 1770 3101 1821 ό
3140 1765 3285 1832 θεὸς
3332 1762 3719 1835 ὲμπεριπατεῗ

456 1865 515 1931 in
541 1866 731 1920 castris
762 1867 889 1921 tuis.
918 1864 984 1921 Et
1004 1882 1223 1922 causam
1255 1868 1443 1924 docet:
1486 1866 1553 1922 Ut
1586 1869 1771 1932 eripiat
1802 1877 1852 1922 te
1875 1908 1889 1932 ,
1917 1876 2030 1921 tra-

457 1958 654 2028 datque
673 1958 939 2014 initnicunt
971 1970 1118 2014 tuum
1142 1971 1261 2015 ante
1291 1959 1481 2029 facient
1509 1971 1655 2015 tuam
1682 1962 1750 2015 ”.
1775 1952 2029 2031 Propter-

457 2064 522 2104 ea
550 2050 825 2117 admonet,
868 2061 929 2105 ut
971 2052 1042 2105 nil
1091 2062 1288 2106 contra
1319 2054 1489 2122 legem
1518 2062 1705 2122 agant.
1746 2051 2030 2106 Subinfert

456 2141 604 2195 enim
637 2158 653 2197 :
686 2141 753 2196 Et
786 2152 939 2197 erunt
974 2153 1150 2200 castra
1176 2152 1267 2198 tua
1290 2152 1509 2211 sancta,
1541 2160 1634 2199 nec
1659 2144 1949 2199 invenietur
1973 2146 2031 2198 in

458 2244 510 2287 te
536 2234 881 2304 turpitudinis
911 2228 1013 2290 rés.

455 2409 523 2467 Ὗ.
549 2410 638 2467 η.
680 2410 752 2467 Et
779 2411 928 2468 locus
952 2398 1061 2468 esto
1089 2414 1205 2537 tisi.
1241 2414 1340 2498 ait.
1369 2423 1520 2468 extra
1558 2421 1759 2479 castra,
1796 2422 1846 2467 et
1878 2427 2029 2484 egre-

479 2510 485 2515 ~
1183 2501 1286 2537 em
1314 2501 1396 2537 eo.

479 2510 485 2515 ”
1123 2501 1156 2537 a
1183 2501 1286 2539 ενιε
1314 2501 1396 2539 ιο.

453 2570 521 2628 V.
552 2574 639 2646 15.
684 2573 755 2646 Et
783 2576 964 2631 clavus
989 2578 1088 2629 erit
1116 2578 1210 2629 tibi
1250 2578 1303 2629 in
1339 2593 1474 2630 zona
1510 2586 1622 2631 tua.
1658 2574 1876 2646 Eritque
1909 2589 2027 2627 cum

522 2643 719 2699 sederis
750 2646 900 2711 foris.
945 2658 991 2700 et
1023 2648 1195 2714 fodies
1225 2652 1277 2700 in
1303 2663 1383 2714 eo,
1424 2658 1472 2701 et
1526 2643 1798 2700 reducens
1827 2646 2028 2716 operies

522 2716 905 2783 turpitudinem
946 2727 1088 2770 tuam
1135 2718 1320 2784 ipsius.

453 2868 521 2924 ν.
556 2868 642 2923 ιι.
681 2867 821 2933 Quia
848 2868 1099 2923 Dominus
1129 2870 1266 2925 Deus
1291 2880 1412 2923 tuus
1441 2869 1734 2924 inambulat
1757 2869 1811 2922 in
1838 2868 2026 2922 castris

521 2941 720 3008 eripere
752 2950 833 2998 te.
869 2952 915 2993 et
954 2944 1165 2995 tradere
1201 2944 1294 2995 tibi
1324 2943 1596 2994 inimicum
1625 2951 1771 2992 munt
1811 2941 1865 2993 in
1908 2955 2025 2992 ma~

523 3027 622 3064 nus
645 3020 787 3064 tuas.
826 3009 894 3065 Et
929 3022 1080 3064 erunt
1103 3028 1277 3065 castra
1319 3020 1411 3065 tua
1438 3022 1642 3077 sancta,
1677 3018 1726 3064 et
1751 3026 1854 3063 non
1881 3012 2024 3064 vide-

523 3080 665 3135 bitur
698 3082 754 3134 in
792 3093 839 3134 te
875 3083 1150 3150 turpitudo
1185 3084 1281 3136 rei.

524 3235 741 3291 Evitare
777 3236 1028 3304 equidem
1057 3235 1217 3291 decet
1256 3249 1476 3291 omnem
1513 3235 1875 3290 immunditiel
1903 3250 2029 3305 spe—

2130 1864 2201 1919 ἐν
2232 1862 2309 1932 τῇ
2333 1862 2678 1933 παρεμϐολῇ
2712 1877 2850 1917 σου.
2909 1861 3021 1915 Καὶ
3065 1860 3165 1932 τὴν
3207 1858 3386 1913 αἰτίαν
3431 1857 3707 1912 διδάσκει’

2142 1954 2482 2020 Ἐξελέσθαι
2510 1969 2607 2019 σε,
2642 1954 2739 2008 καὶ
2773 1953 3147 2022 παραδοῦναι
3193 1952 3300 2007 τὸν
3338 1951 3557 2021 ἐχθρόν
3594 1966 3713 2005 σου

2129 2044 2244 2115 πρὸ
2281 2043 2605 2114 προσώπου
2635 2058 2771 2099 σου.
2808 2042 2909 2097 Διὰ
2938 2042 2995 2097 δὲ
3026 2041 3216 2097 τούτου
3258 2040 3505 2096 παιδεύει
3544 2039 3715 2111 μηδὲν

2128 2135 2389 2207 πράττειν
2417 2135 2753 2207 παράνομον.
2776 2134 2948 2189 Τοῦτο
2975 2132 3085 2206 γὰρ
3105 2133 3301 2202 ἐπάγει
3320 2148 3334 2162 ·
3379 2130 3491 2185 Καὶ
3537 2130 3713 2184 ἔσται

2129 2229 2169 2297 ἡ
2193 2228 2535 2298 παρεμϐολή
2576 2244 2694 2283 σου
2725 2228 2885 2298 ἁγία,
2922 2227 3024 2283 καί
3049 2230 3164 2297 οὐχ
3208 2224 3594 2295 εὑρεθήσεται
3641 2223 3715 2278 ἐν

2128 2318 2230 2373 σοι
2266 2320 2705 2389 ἀσχημοσύνης
2750 2317 3010 2388 πρᾶγμα.

2130 2405 2279 2476 Στίχ.
2304 2405 2392 2460 ιδ’.
2421 2405 2531 2460 Καὶ
2565 2410 2598 2460 ὀ
2642 2408 2828 2472 τόπος
2870 2408 3031 2460 ἔστω
3060 2420 3183 2468 σοι,
3218 2406 3414 2476 φησὶν,
3451 2404 3571 2470 ἔξω
3598 2403 3713 2473 τῆς

2412 2476 2816 2545 παρεμϐολῆς,
2843 2477 2941 2530 καί
2963 2474 3260 2544 ὲξελεύσῃ
3279 2474 3423 2530 ἐκεῖ.

2128 2566 2279 2637 Στίχ.
2313 2574 2402 2637 ιγζ.
2434 2568 2542 2637 Καὶ
2576 2566 2903 2637 πάσσαλος
2931 2568 3107 2621 ἔσται
3131 2585 3231 2622 σοι
3260 2566 3360 2620 ἐπί
3393 2565 3509 2637 τῆς
3526 2564 3716 2632 ζώνης

2198 2618 2685 2692 agnata;
2707 2618 2857 2694 3.5;
2872 2618 3371 2706 asinariam,
3402 2618 3517 2689 ea:
3538 2618 3554 2626 ’
3572 2618 3711 2704 an}:

2197 2706 2311 2790 ξῃς
2341 2707 2452 2790 (ξς-ι)
2496 2708 2567 2761 ἐν
2595 2706 2775 2790 αἰξτῷ,
2824 2707 2923 2761 καί
2968 2708 3361 2790 egeat-aramve
3414 2708 3717 2776 καλύψας

2198 2776 2315 2846 τὴν
2350 2776 2795 2847 ἀσχημοσύνην
2836 2794 2955 2833 σου
2987 2776 3205 2833 ἑαυτοῦ
3234 2776 3367 2850 (58).

2127 2870 2275 2952 Στίγί
2302 2871 2383 2925 ιδ’.
2409 2872 2538 2952 Ὀτι
2570 2873 2854 2952 ῌρριος
2887 2873 3032 2952 θεός
3062 2885 3179 2925 σου
3220 2870 3607 2952 ἐμπεριπαςεῖ

2194 2940 2270 3009 τῇ
2301 2940 2648 3010 παρεμϐολῇ
2677 2941 2993 3006 ἐξελέσθαι
3022 2958 3130 3004 σε,
3185 2942 3282 2995 καὶ
3335 2940 3716 3009 παραδοῦναί

2196 3029 2297 3082 σοι
2334 3009 2677 3081 τὸν-ἐχθρόν
2714 3030 2831 3082 σου
2876 3015 2964 3079 είς
3013 3011 3121 3078 τὰς
3160 3011 3363 3082 χεῖράς
3396 3028 3535 3082 σου.
3588 3009 3711 3082 Καὶ

2199 3080 2371 3136 ἔσται
2394 3084 2431 3150 ἡ
2462 3081 2806 3152 παρεμϐολή
2838 3097 2956 3137 σου
2984 3080 3278 3151 (ir/apem!
3301 3084 3413 3137 οὐκ
3444 3080 3708 3150 ὀφθήσε-

2053 3156 2098 3213 C
2205 3168 2299 3206 ται
2325 3153 2395 3206 ὲν
2416 3152 2515 3206 σοὶ
2550 3154 2954 3224 ἀσχημοσύνη
2985 3152 3348 3221 πράγματος.

2198 3241 2586 3313 Παραιτεῖσθαι
2618 3242 2718 3313 μὲν
2744 3241 2854 3312 γὰρ
2883 3242 2991 3295 πᾶν
3027 3237 3166 3304 είδος
3202 3238 3543 3310 ἀκαθαρσίας
3578 3236 3715 3308 πρέ-

450 3327 591 3381 ciem
633 3340 764 3393 eos,
799 3327 891 3396 qui
930 3325 1158 3396 cupiunt
1194 3326 1456 3381 adversus
1492 3339 1682 3382 omnes
1715 3325 2027 3396 spirituales

2131 3348 2218 3385 πει
2257 3330 2381 3395 τοὺς
2426 3330 2875 3402 κατανδρίζεσθαι
2911 3329 3019 3383 τῶν
3060 3326 3270 3398 νοητῶν
3313 3323 3714 3397 ἐπιθυμοῦντας

353 3469 371 3486 ,
452 3419 635 3475 hostes
664 3420 951 3475 victoriam
986 3419 1211 3474 referre.
1243 3418 1378 3486 Quia
1406 3428 1587 3473 tamen
1619 3433 1761 3488 saepe
1786 3418 2028 3474 cedimus

2131 3420 2356 3492 ἐχθρῶν.
2405 3420 2622 3491 Ἐπειδὴ
2669 3419 2726 3474 δὲ
2778 3419 2949 3474 πολλὰ
3002 3419 3270 3490 πταίομεν
3316 3417 3575 3480 ἅπαντες,
3616 3417 3713 3470 καὶ

2126 3513 2275 3565 νοσεῖ
2314 3511 2410 3580 μὲν
2440 3512 2474 3581 ἡ
2530 3510 2821 3582 ἀνθρώπου
2884 3511 3047 3581 φύσις
3098 3510 3159 3564 τὺ
3214 3508 3490 3563 εωλισθον
3526 3509 3606 3571 είς
3650 3507 3713 3561 τὺ

449 3601 694 3658 defectus
720 3601 977 3666 labendi,
1018 3611 1073 3657 et
1120 3617 1282 3656 nemo
1320 3601 1516 3655 delicta
1544 3601 1798 3671 intelliget
1827 3601 1894 3665 ³⁸,
1942 3616 2028 3656 se-

2131 3598 2473 3671 πλημμελές⁸
2505 3600 2769 3670 συνήσει
2800 3600 2859 3655 δὲ
2885 3600 3061 3664 οὐδεὶς
3090 3598 3550 3670 παραπτώματα,
3569 3597 3715 3652 κατὰ

451 3512 663 3576 omnes,
692 3511 1036 3581 obnoxiaque
1078 3519 1162 3566 est
1193 3511 1424 3565 humana
1460 3518 1652 3564 natura
1687 3510 1927 3564 facilitati
1974 3511 2026 3565 in

448 3694 686 3750 cundum
718 3692 1008 3749 Psallenlis
1036 3709 1222 3749 vocem
1242 3734 1257 3756 ,
1289 3693 1616 3761 Contingat,
1653 3693 1761 3757 ait,
1798 3692 1880 3747 vel
1906 3694 2029 3747 uni-

448 3799 571 3841 cam
613 3784 917 3839 innatarum
952 3785 1007 3839 in
1047 3786 1200 3837 vobis
1230 3785 1602 3853 impuritatum
1640 3780 1848 3855 eﬂ‘ringi
1893 3799 2032 3853 quo—

449 3872 761 3941 dammodo,
790 3890 854 3931 ac
880 3876 1079 3941 evinci,
1108 3875 1484 3931 laborantibus
1507 3875 1684 3944 aliqua
1713 3890 1772 3930 re
1802 3884 2027 3931 externa

450 3970 519 4023 ad
563 3968 734 4039 legem
772 3970 1077 4039 pertinente
1107 3978 1163 4023 et
1190 3971 1257 4023 ad
1290 3970 1490 4033 vitam,
1531 3983 1653 4038 quae
1688 3977 1905 4023 sanctos
1937 3967 2030 4022 de-

449 4064 593 4111 ceat.
637 4054 910 4111 lnhabitat
944 4073 1178 4127 namque
1210 4056 1264 4112 in
1312 4058 1571 4113 membris
1600 4059 1782 4115 carnis
1823 4057 2026 4127 peccati

448 4148 559 4203 lex.
609 4147 792 4204 Primo
823 4149 986 4221 igitur
1032 4165 1137 4205 non
1183 4149 1470 4206 manifeste
1498 4165 1564 4206 ac
1601 4150 1782 4220 palam
1804 4190 1819 4214 ,
1852 4163 2028 4220 neque

448 4243 503 4297 in
552 4240 699 4311 vulgi
738 4252 1034 4313 conspectu
1080 4242 1263 4313 lapsus
1305 4242 1642 4298 infirmitatis
1693 4243 1827 4297 ﬂant
1867 4260 1881 4296 :
1932 4241 2028 4297 sed

447 4334 848 4402 Quodammodo
877 4332 1010 4389 foris
1055 4334 1322 4400 latentes,
1372 4344 1429 4391 et
1472 4335 1839 4391 remotissime
1875 4348 1906 4389 a
1937 4348 2031 4387 ca-

446 4434 597 4478 stris.
633 4422 834 4479 Deinde
857 4425 1327 4481 emendationibus
1351 4424 1715 4488 occultentur,
1753 4425 1831 4479 ait
1870 4442 1884 4479 :
1928 4422 2029 4479 Sa-

2126 3693 2227 3765 τὴν
2254 3692 2349 3745 τοῦ
2389 3692 2698 3758 Ψάλλοντος
2731 3694 2945 3765 φωνήν·
2983 3692 3216 3757 Γένοιτο,
3240 3692 3394 3764 φησι,
3445 3691 3544 3763 μιᾷ
3603 3689 3717 3743 τῶν

2127 3785 2385 3858 ἐμφύτων
2428 3786 2523 3839 καὶ
2584 3787 2642 3838 ἐν
2695 3785 2823 3857 ὑμῖν
2872 3783 3223 3857 ἀκαθαρσιῶν
3279 3780 3711 3854 περιθραύεσθαι

2131 3875 2432 3945 μονονουχὶ,
2463 3878 2556 3928 καὶ
2595 3874 2912 3930 ἁλίσκεσθαί
2948 3892 3000 3928 τι
3031 3875 3393 3946 νενοσηκότας
3444 3872 3553 3927 τῶν
3607 3871 3717 3939 ἐξω

2128 3967 2294 4038 νόμου
2323 3968 2418 4021 καὶ
2444 3967 2587 4039 Coiﬁ;
2610 3967 3004 4040 ἁγιοπρεποῦς.
3053 3967 3285 4021 Ἐνοικεῖ
3314 3966 3423 4037 γὰρ
3467 3966 3582 4028 τοῖς
3615 3965 3713 4035 μέ-

2128 4055 2245 4110 λεσι
2273 4056 2375 4126 τῆς
2408 4058 2610 4126 σαρκὸς
2631 4057 2730 4128 τῆς
2761 4055 3034 4129 ἁμαρτίας
3056 4055 3085 4105 ό
3119 4055 3302 4125 νόμος.
3340 4052 3563 4127 Πρῶτον
3615 4054 3718 4125 μιν

2131 4148 2208 4220 μὴ
2237 4148 2487 4221 ἐναργῶς
2519 4150 2614 4204 καὶ
2635 4149 2957 4220 ἀκρύπτως,
2992 4150 3127 4219 μήτε
3158 4148 3266 4219 μὴν
3306 4147 3364 4200 ἐν
3416 4147 3537 4217 Wet
3578 4146 3713 4200 πολ-

2127 4239 2256 4306 λῶν,
2283 4240 2351 4295 τὰ
2385 4242 2448 4294 ἐκ
2480 4241 2578 4312 τῆς
2629 4240 2945 4313 ἀρρωστίας
2994 4238 3319 4312 πραττέσθω
3365 4237 3711 4310 πταίσματα·
3756 4232 3761 4237 ’

2129 4330 2244 4387 ἀλλ’
2266 4326 2377 4386 οἷον
2419 4330 2524 4397 ἔξω
2551 4331 2839 4404 λεληθότες
2858 4370 2875 4396 ,
2911 4332 3005 4385 καὶ
3032 4331 3109 4396 ὡς
3135 4331 3409 4385 ἀπωτάτω
3437 4330 3537 4402 τῆς
3567 4346 3712 4402 παρα

2132 4422 2403 4494 εμὸολῆςο
2440 4419 2561 4479 εἶτα
2607 4425 2728 4486 ταῖς
2757 4421 3165 4494 ἐπανορθώσεσι
3187 4422 3713 4485 κατακαλυπτέσθω,

446 4514 648 4589 pientes
664 4514 898 4583 obtegent
918 4530 1041 4569 suas
1058 4516 1292 4581 ipsorum
1311 4515 1689 4585 turpitudines,
1710 4514 1861 4582 juxta
1882 4514 2023 4581 quod

2132 4515 2289 4588 φησί’
2317 4516 2502 4586 Σοφοὶ
2535 4516 2646 4588 γὰρ
2677 4518 3028 4586 καλύψουσι
3073 4516 3182 4582 τὰς
3223 4514 3455 4570 ἑαυτῶν
3500 4514 3717 4583 αίσκύς

447 4608 712 4675 scriptum
748 4616 855 4661 est.
901 4607 1179 4664 Cessantlo
1217 4608 1366 4665 enim
1403 4608 1473 4663 ab
1511 4607 1857 4663 inconcinnis
1893 4606 2027 4661 acti—

448 4700 591 4763 bus,
639 4707 695 4754 et
738 4699 791 4755 in
842 4701 1064 4757 meliora
1106 4702 1470 4772 propensione
1508 4700 1860 4755 reformando
1892 4712 2030 4769 quo-

448 4791 740 4847 dammodo
768 4803 1004 4850 mentem
1029 4794 1132 4860 sic,
1159 4805 1219 4850 ut
1241 4805 1544 4850 statuamus
1574 4794 1880 4865 eligendum
1903 4806 2028 4848 esse

446 4882 591 4952 quod
622 4884 881 4952 prodesse
915 4897 1116 4955 queat,
1159 4900 1320 4941 casus
1351 4896 1570 4941 nostros
1603 4900 1636 4942 e
1674 4885 1854 4941 medio
1884 4882 2027 4939 tolli-

448 4986 574 5033 mus
605 4994 619 5029 :
649 4989 715 5029 ac
749 4976 1061 5030 indecorum
1103 4988 1386 5046 peccatum
1411 5019 1428 5046 ,
1478 4986 1666 5048 postea
1712 4974 2027 5047 fragrantiis

443 5062 754 5126 vincentes.
788 5066 1122 5134 ingredimur
1152 5067 1351 5122 iterum
1387 5068 1441 5121 in
1472 5077 1787 5122 sanctorum
1822 5072 2021 5128 castra,

445 5151 502 5213 id
533 5164 616 5208 est
642 5155 694 5209 in
720 5155 949 5210 ecclesia
981 5158 1482 5228 pritnogeuitorum.
1517 5157 1574 5213 In
1596 5157 1815 5213 Christo
1840 5166 2022 5210 autem

447 5244 589 5301 istuc
614 5245 902 5313 perﬁcitur
924 5285 940 5311 ,
973 5247 1016 5301 si
1051 5250 1384 5319 accipiamus
1409 5263 1629 5305 crucem
1657 5249 1826 5311 illius,
1862 5256 2020 5301 uten—

449 5341 534 5389 tes
564 5336 679 5390 acri
721 5336 1054 5404 cogitatione
1101 5346 1156 5392 et
1198 5340 1263 5393 ad
1293 5339 1658 5394 resistendum
1688 5349 1933 5394 strenua.
1967 5337 2022 5391 ld

448 5426 593 5482 Enim
641 5428 862 5499 oblique
907 5428 1180 5495 innuitur,
1208 5444 1273 5485 eo
1297 5431 1442 5501 quod
1470 5431 1762 5488 habeamus
1798 5433 1850 5486 in
1887 5446 2022 5485 zona

453 5518 705 5586 clavum,
755 5521 806 5576 id
852 5531 938 5577 est
974 5522 1205 5593 lignum.
1256 5522 1428 5593 Igitur
1469 5524 1824 5595 spiritualiter
1868 5524 2027 5581 intel-

477 5630 523 5667 ¹⁹
548 5634 702 5689 Deut.
737 5652 891 5700 xxttt,
920 5637 1009 5693 M.

666 5775 938 5851 _'_09'3$st;.

523 5844 635 5915 ('58;
666 5844 826 5902 Forte
856 5851 912 5903 ἐν
951 5849 1117 5920 αὐτῷ.

1082 5638 1127 5671 ³⁸
1159 5638 1303 5696 Psal.
1332 5656 1487 5705 xvttt.
1516 5641 1603 5698 t3.

2131 4626 2266 4678 νας,
2288 4608 2429 4664 κατὰ
2455 4608 2517 4663 τὸ
2547 4608 2949 4682 γεγραμμένον.
2982 4607 3397 4679 Καταλήγοντες
3441 4607 3549 4679 γὰρ
3605 4606 3715 4660 τῶν

2133 4700 2639 4773 πλημμελημάτων,
2672 4700 2768 4755 καὶ
2795 4703 2913 4765 ταῖς
2938 4702 3017 4764 είς
3047 4700 3116 4753 τὰ
3141 4700 3351 4772 ἀμείνω
3367 4702 3561 4771 ῥοπαῖς
3583 4700 3718 4754 ἀνα-

2134 4789 2525 4861 στοιχειοῦντες
2548 4791 2751 4863 τρόπον
2774 4790 2899 4845 τινὰ
2942 4790 3035 4844 τὸν
3062 4790 3210 4855 νοῦν,
3242 4792 3322 4854 είς
3345 4789 3407 4842 τὸ
3431 4789 3542 4844 δεῖν
3601 4789 3717 4843 tu-

2135 4885 2258 4940 σθαι
2307 4884 2370 4937 τδ
2399 4883 2664 4955 ὠφελοῦν,
2725 4885 2790 4937 ἐκ
2844 4884 3011 4956 μέσου
3063 4881 3370 4954 ποιούμεθα
3415 4882 3486 4936 τὰ
3540 4898 3713 4954 προσ-

2133 4976 2482 5048 πταίσματαο
2531 4978 2625 5031 καὶ
2671 4977 2770 5049 τὴν
2817 4977 3059 5047 ἄκοσμον
3107 4976 3383 5047 ἁμαρτίαν
3437 4978 3558 5038 ταῖς
3604 4973 3715 5028 τῶν

2132 5067 2331 5138 ἐφεξῆς
2378 5069 2631 5133 εὐωδίαις
2693 5070 3018 5141 νικήσαντες
3052 5107 3068 5133 ,
3132 5067 3557 5139 είσελευσόμεθα
3609 5068 3717 5123 πά·-

2130 5159 2215 5214 λιν
2235 5161 2316 5225 είς
2344 5160 2454 5215 τῶν
2508 5162 2679 5231 ἁγίων
2725 5160 3102 5234 παρεμϐολὴν,
3157 5160 3435 5215 τουτέστιν
3486 5163 3568 5225 είς
3615 5160 3719 5226 τὴν

2130 5251 2241 5307 τῶν
2273 5254 2631 5326 πρωτοτόκων
2656 5254 2971 5326 ἐκκλησίαν.
3038 5256 3127 5309 Ἐν
3168 5255 3388 5327 Χριστῷ
3440 5254 3497 5308 δὲ
3556 5254 3719 5308 τοῦτο

2130 5340 2454 5414 πληροῦται,
2489 5345 2537 5397 εί
2557 5342 2816 5416 λάϐοιμεν
2868 5345 2961 5399 τὸν
3012 5343 3177 5398 αὑτοῦ
3231 5344 3495 5415 σταυρὸν,
3529 5342 3718 5416 γοργῷ

2132 5432 2244 5505 (59)
2277 5436 2371 5489 καὶ
2394 5434 2745 5507 εύζωνοτὰτῳ
2772 5437 3077 5509 φρονήματι
3115 5435 3463 5507 κεχρημένοι.
3498 5435 3573 5487 Τὸ
3604 5435 3719 5507 γὰρ

2132 5524 2278 5596 ἔχειν
2309 5526 2459 5597 ἡμᾶς
2504 5528 2598 5582 ἐπὶ
2625 5528 2717 5583 τοῦ
2747 5528 3026 5601 ζωστῆρος
3084 5525 3384 5593 πάσσαλόν,
3426 5526 3595 5598 ἤγουν
3655 5523 3723 5580 ’ὼ

2211 5782 2323 5855 (59)
2349 5785 2505 5854 Cod.,
2532 5801 2689 5859 γς-ργ.
