4186 6430
388 293 522 348 ~35

1685 318 1935 377 ADNOT.
1977 319 2042 374 IN
2085 320 2480 380 DEUTERON.

3603 287 3727 383 si

454 442 644 508 ξύλον.
694 441 852 496 τοῦτο
899 441 1142 512 πλαγίως
1195 441 1582 496 ὑπαινίττεται.
1642 442 2036 512 Πνευματικῶς

2139 441 2456 497 lectualium
2491 460 2675 500 rerum
2709 444 3000 515 imaginem
3029 444 3328 502 eﬂiciamus
3353 462 3416 502 ea
3445 463 3566 518 qua).
3597 463 3724 504 cor-

423 531 549 587 ·οῦν
578 534 686 587 τῶν
716 533 920 606 νοητῶν
963 534 1310 588 ὑποτύπωσιν
1377 533 1686 605 ποιούμενοι
1735 534 1805 588 τὰ
1854 551 2040 605 σωμαο

455 626 584 679 τικά
609 643 622 656 ·
651 627 712 678 ού
756 626 864 697 γάρ
893 628 1058 697 ἐσμεν
1101 629 1158 679 ἐν
1218 625 1596 698 ἀκαθαρσίαις,
1628 628 1686 680 ἐν
1744 625 2041 698 ὀφθαλμοῖς

457 718 764 790 ἐπαμύνειν
818 717 913 771 τοῦ
979 720 1340 789 πεποιηκότος
1396 719 1531 772 Θεοῦ
1584 721 1665 783 εἰς
1728 718 2039 791 ἐφεδρῶνας

429 835 433 838 ~
460 808 647 871 ιόντες.
680 810 771 862 Δεῖ
794 805 888 861 οὖν
915 810 1062 878 ἡμᾶς
1091 810 1489 880 καταχωννύειν
1514 809 1878 881 ἀκαθαρσίας,
1919 811 2038 862 ’Ὁτι

459 901 670 968 Κύριος
689 903 999 968 περιπατεῖ
1019 903 1088 956 ἐν
1125 901 1200 969 τῇ
1224 900 1590 971 παρεμϐολῇ.
1639 901 1887 955 Ἑνοικεῖ
1930 901 2037 973 γὰρ

455 991 602 1060 ἡμῖν
620 993 717 1045 καὶ
743 993 1131 1065 ἐμπεριπατεῖ
1149 996 1420 1062 Χριστός.

1101 1087 1258 1140 ΚΕΦ.
1286 1087 1410 1140 ΚΔ’.

459 1175 570 1248 (60)
588 1176 736 1247 Στίχ.
763 1183 836 1241 ς’.
875 1179 998 1231 Οὐκ
1048 1177 1437 1248 ἐνεχυράσεις
1465 1179 1684 1247 μύλον.
1724 1178 1867 1233 οὐδὲ
1915 1179 2040 1232 ἐπι-

625 1248 870 1316 μύλιον,
913 1249 1003 1302 ὅτι
1042 1247 1256 1319 ψυχὴν
1284 1249 1472 1314 οὕτως
1503 1248 1860 1317 ἐνεχυράζει.

526 1380 628 1444 Εἷς
654 1379 720 1433 τὸ
741 1380 888 1434 αὐτὸ
909 1381 1129 1448 ἄλλως.
1161 1383 1273 1436 Οὐκ
1291 1381 1405 1435 ἔστι
1426 1381 1594 1453 μύλος
1610 1382 1729 1435 οὐδὲ
1745 1383 2038 1454 ἐπιμύλιον

459 1471 604 1543 ψυχῇ
632 1473 790 1544 (60‘),
823 1475 956 1528 ἀλλὰ
1000 1475 1136 1546 πρὸς
1180 1476 1439 1547 ἐργασίαν
1467 1475 1707 1528 συντελεῖ
1737 1479 1924 1548 ἄρτου,
1970 1477 2039 1530 δι’

454 1557 515 1617 οὗ
540 1564 769 1634 μάλιστα
795 1564 959 1628 ζῶσιν
988 1566 1035 1618 οἱ
1061 1564 1352 1637 ἄνθρωποι.
1379 1564 1722 1635 Σημειωτὲον
1739 1564 1923 1618 αὐτόν’
1951 1563 2042 1617 διὰ

453 1653 515 1706 τὸ
543 1649 700 1726 αἷμα.
735 1656 844 1708 Καὶ
870 1655 976 1728 γὰρ
1012 1657 1139 1728 περὶ
1168 1656 1330 1710 αὐτοῦ
1355 1655 1550 1727 ἐλέχθη
1576 1671 1592 1687 ο
1632 1657 1762 1708 ’Ὁτι
1795 1656 1900 1710 τοῦ
1926 1655 2041 1710 σώ-

449 1763 640 1816 ματος
685 1747 751 1800 τὸ
791 1742 932 1816 αἷμα
963 1747 1134 1817 ψυχή
1182 1749 1372 1803 ἐστιν.
1421 1748 1894 1820 Καταχρηστικῶς
1945 1745 2038 1804 οῦν

453 1837 624 1890 ταῦτα
656 1839 890 1909 νοητέον.
911 1838 1045 1891 Οῦτε
1073 1839 1180 1911 γὰρ
1213 1841 1273 1893 τὸ
1292 1836 1452 1911 αἷμα,
1476 1839 1598 1892 οὕτε
1621 1841 1648 1892 ό
1677 1838 1840 1911 μύλος
1864 1840 2031 1912 ψυχὴ,

453 1929 590 1983 ἀλλά
621 1931 757 2003 πρὸς
789 1931 848 1984 τὸ
875 1929 974 2003 ζῇν
1006 1931 1442 2002 συμϐαλλόμενα.

1085 2045 1243 2099 ΚΕΦ.
1288 2046 1413 2097 ΚΖ¹.

552 2155 665 2226 (6|)
687 2155 832 2225 Στίχ.
862 2162 942 2208 ιε’.
974 2157 1082 2211 Καὶ
1117 2155 1290 2222 θήσει
1322 2156 1470 2210 αὐτὸ
1498 2157 1568 2210 ἐν
1598 2159 1942 2227 ἀποκρύφῳ.
2019 2217 2028 2228 λ

539 2248 755 2320 Ἐπειδὴ
785 2250 929 2313 εἰκὸς
961 2246 1054 2321 ἧν,
1077 2249 1229 2314 τινὰς
1260 2249 1409 2320 φόϐῳ
1440 2251 1539 2321 τῆς
1567 2252 1835 2323 τιμωρίας
1868 2270 2036 2320 σπου-

453 2337 636 2403 δάζειν
669 2339 972 2407 λανθάνειν,
1018 2341 1112 2394 καὶ¹
1157 2343 1214 2394 ἐν
1244 2341 1582 2412 παραϐύστῳ
1615 2343 1711 2396 κα)⁸
1743 2343 2036 2397 λανθανόν-

456 2447 564 2493 τως
588 2431 686 2502 τὴν
713 2431 969 2486 ἀσέϐειαν
1011 2433 1368 2504 ἐπιτηδεύειν·
1422 2434 1561 2506 πρὸς
1605 2433 1827 2506 μείζονα
1871 2435 2034 2504 φόϐον

457 2523 552 2576 καὶ
578 2524 807 2595 ἀπειλὴν
835 2525 945 2578 τῶν
984 2524 1158 2578 ταῦτα
1195 2525 1512 2590 ποιούντων,
1542 2529 1638 2580 καὶ
1691 2528 1853 2598 ἀραῖς
1899 2529 2034 2580 ύπο-

455 2611 641 2667 ϐάλλει
671 2617 791 2680 τοὺς
818 2617 1136 2689 ἀμάρτυρον
1161 2618 1261 2689 τὴν
1291 2619 1565 2689 ἁμαρτίαν
1611 2618 2032 2690 ἐργαζομένους.

456 2706 700 2760 Τοιοῦτοί
738 2711 874 2763 εἰσιν
911 2712 960 2762 οἱ
1000 2709 1281 2763 εὐλάϐειαν
1306 2710 1636 2764 ἐπίπλαστον
1677 2712 2037 2781 ὑποκρινόμε-

451 2815 556 2862 νοι,
585 2798 732 2852 ἔνδον
751 2801 808 2853 δὲ
840 2802 906 2855 τὰ
939 2801 1086 2872 πάθη
1121 2802 1562 2873 κατορύττοντες,
1584 2802 1680 2856 καὶ
1712 2803 1771 2855 ἐν
1822 2801 1901 2872 τῷ
1935 2801 2066 2872 τῆς.

453 2890 692 2955 διανοίας
717 2893 978 2963 κινήματι
1001 2893 1135 2965 πρὸς
1158 2898 1268 2949 πᾶν
1285 2890 1421 2957 εἶδος
1455 2892 1683 2956 ἀτοπίας
1713 2891 2038 2961 ἐκϐακχευό-

459 2998 630 3051 μενοι.
667 2979 823 3036 οὗτοί
843 2986 982 3037 είσιν
1015 2987 1063 3038 οί
1080 2988 1138 3040 ἐν
1152 2984 1454 3056 ἀποκρύφῳ
1476 2982 1716 3045 τιθέντες
1733 2981 1802 3035 τὰ
1817 2982 2032 3035 εἴδωλα.

457 3070 570 3141 (62)
603 3072 750 3143 Στίχ,
796 3072 880 3137 ιζ’.
943 3073 1400 3142 Ἐπικατάρατος
1450 3076 1483 3127 ό
1529 3071 1860 3142 μετατιθεὶς
1909 3072 2038 3140 ὅρια

1035 3147 1141 3199 τοῦ
1181 3137 1469 3213 πέλησίον.
1530 3137 1545 3142 ⁷
1938 3137 1948 3140 ’
2063 3137 2106 3195 C

530 3233 693 3306 Ὃρια
715 3234 808 3288 τοῦ
837 3235 1065 3306 πλησίον
1094 3234 1414 3308 μετατίθησι
1450 3233 1547 3287 καὶ
1573 3234 1602 3286 ό
1641 3234 1750 3287 ἀπὸ
1781 3234 1881 3304 τῆς
1909 3234 2037 3306 ἁλη-

454 3323 579 3389 θοῦς
604 3325 952 3395 θεογνωσίας,
981 3328 1076 3381 καὶ
1103 3327 1203 3398 τῆς
1238 3326 1420 3380 ἐνθέου
1474 3325 1746 3388 πολιτείας
1781 3343 2035 3396 παρασα-

452 3415 624 3470 λεύων
649 3417 738 3470 τὸν
767 3418 917 3482 ἐντὸς
949 3420 1353 3491 εὑρισκόμενον.
1389 3417 1500 3471 Καὶ
1531 3415 1680 3487 δηλοῖ
1721 3416 1787 3470 τὰ
1838 3418 2036 3487 ἐπαγό-

456 3523 593 3578 μενα
618 3506 752 3578 (65).

455 3612 566 3685 (64)
597 3614 746 3686 Στίχ.
794 3619 882 3684 ιη’.
921 3612 1382 3735 Ἐπικαὲᾇίέςὲῑές
1418 3618 1452 3669 ό
1489 3615 1743 3671 πλανῶν
1799 3615 2036 3687 τυφλόν

1220 3701 1356 3749 οοῳ.

530 3774 641 3829 Τοῦ
657 3774 862 3829 αὐτοῦ.
887 3773 1129 3828 Τοιοῦτοί
1157 3775 1260 3827 είσι
1278 3776 1372 3828 καλ⁵
1391 3777 1439 3828 oi
1463 3776 1572 3830 ἀπὸ
1588 3777 2035 3849 είδωλολατρείας

453 3867 700 3931 καὶτοὺς
727 3870 792 3921 ἐκ
826 3869 1125 3939 περιτομῆς
1150 3870 1243 3922 ἐπὶ
1299 3870 1550 3942 μυσαρὰς
1586 3869 1827 3941 αἱρέσεις
1871 3870 2034 3939 ἐφελ-

455 3959 694 4030 κόμενοι.
725 3958 971 4030 Τυφλοὺς
991 3960 1100 4032 γὰρ
1127 3960 1288 4025 ὄντας
1310 3962 1508 4023 αὐτοὺς
1536 3962 1628 4014 καὶ
1653 3963 1819 4032 μήπω
1842 3961 1902 4014 τὸ
1919 3961 2034 4028 φῶς

452 4049 554 4120 τῆς
571 4049 826 4120 ἀληθείας
852 4052 1150 4121 ἐσχηκότας
1178 4052 1270 4105 καὶ
1293 4051 1621 4121 θεογνωσίας
1642 4093 1656 4112 ,
1694 4051 1945 4105 ἀπατῶσι
1975 4051 2033 4104 δὲ

455 4141 550 4194 καὶ
576 4140 870 4207 πλανῶσιν,
907 4142 1098 4214 ἑτέραν
1135 4144 1257 4198 ἀντὶ
1283 4144 1380 4216 τῆς
1440 4141 1802 4212 ἀποπολικῆς
1854 4159 2034 4213 παρα-

455 4230 764 4296 δεικνύντες
784 4232 921 4286 ὀδόν.

456 4321 569 4394 (65)
593 4324 738 4393 Στίχ.
767 4323 850 4377 ιθ’.
891 4320 1347 4395 Ἐπικατάρατος
1391 4321 1458 4389 ὃς
1509 4322 1586 4395 ᾂν
1612 4323 1867 4395 ἐκκλίνῃ
1906 4328 2032 4395 κρί-

597 4391 1121 4461 σινῖπροσηλύτου
1149 4393 1246 4446 καὶ
1279 4391 1543 4460 ὀρφανοῦ
1569 4395 1668 4448 καὶ
1701 4391 1911 4464 χήρας.

2141 535 2348 604 poralia
2378 549 2522 590 sunt.
2569 537 2684 592 Non
2718 538 2861 592 enim
2895 554 3082 593 sumus
3112 540 3164 593 in
3196 539 3574 606 immunditiis,
3616 543 3722 596 sub

2139 626 2312 680 oculis
2355 627 2447 682 Dei
2492 629 2727 684 valentis
2767 630 2958 698 juvare
3001 631 3090 698 qui
3146 630 3358 696 fecerit,
3404 632 3528 686 dum
3579 633 3722 691 imus

2139 717 2206 769 ad
2251 721 2653 773 exonerandam
2699 720 2901 774 alvum.
2951 720 3176 790 Oportet
3210 738 3340 791 ergo
3385 733 3445 776 ut
3480 739 3579 778 nos
3625 726 3722 780 de-

2139 806 2410 862 fodiamus
2445 811 2813 866 immunditias
2837 854 2852 877 ,
2907 813 3047 876 Quia
3083 813 3342 868 Dominus
3378 815 3613 869 ambulat
3660 817 3720 870 in

2139 902 2345 954 castris.
2392 899 2612 956 Habitat
2655 906 2802 959 enim
2841 905 2897 959 in
2929 907 3102 973 nobis,
3143 917 3191 960 et
3233 907 3526 962 inambulat
3558 906 3720 962 Chri-

2139 1002 2252 1048 stus
2283 993 2350 1046 ³¹.

2727 1088 2886 1144 CAP.
2934 1059 3124 1146 xxiv.

2141 1185 2204 1241 ν.
2225 1186 2279 1242 6,
2301 1186 2426 1240 Νοη
2448 1184 2668 1252 accipies
2691 1183 2746 1236 in
2769 1185 2954 1251 pignus
2981 1182 3196 1244 molam,
3221 1199 3382 1251 neque
3403 1183 3543 1251 quod
3565 1189 3720 1239 mola:

2209 1259 2600 1327 superponitur,
2621 1255 2870 1322 quoniam
2911 1255 3140 1306 animum
3157 1254 3230 1306 sic
3247 1253 3298 1306 in
3321 1255 3509 1322 pignus
3532 1256 3716 1308 tradit.

2210 1345 2280 1402 In
2326 1349 2565 1402 eumdem
2616 1346 2791 1398 locum
2822 1345 2999 1398 aliter.
3029 1344 3145 1398 Non
3196 1344 3360 1399 habet
3401 1343 3600 1401 molam
3624 1356 3720 1400 aut

2139 1437 2285 1506 quod
2335 1437 2490 1492 mola:
2535 1433 2938 1504 superponitur,
2972 1434 3156 1488 anima
3193 1451 3209 1490 :
3251 1437 3347 1488 sed
3393 1432 3608 1489 confert
3651 1437 3720 1490 ad

2142 1528 2449 1583 faciendum
2499 1541 2739 1597 panem,
2782 1539 2890 1594 quo
2939 1525 3174 1578 maxime
3221 1523 3405 1578 vivant
3446 1525 3716 1580 homines.

2141 1619 2447 1674 Notandum
2497 1620 2598 1672 hoc
2649 1618 2822 1687 ipsum
2855 1627 3079 1686 propter
3113 1616 3456 1686 sanguinem.
3486 1615 3622 1672 Nam
3660 1627 3721 1671 et

2143 1713 2206 1767 de
2251 1711 2368 1778 ipso
2403 1710 2607 1763 dictum
2647 1718 2775 1764 est:
2812 1708 2954 1774 Quia
2997 1709 3230 1776 corporis
3271 1709 3491 1778 sanguis
3531 1711 3714 1762 anima

2070 1799 2111 1853 Β
2138 1821 2212 1859 est
2243 1804 2310 1860 ⁸¹.
2343 1804 2448 1858 Per
2478 1803 2824 1859 catachresiu
2867 1803 2983 1858 haec
3020 1811 3148 1857 sunt
3198 1801 3570 1870 intelligenda.
3601 1783 3712 1862 Nec

2138 1899 2279 1951 enim
2314 1896 2394 1950 vel
2422 1895 2661 1965 sanguis,
2692 1893 2776 1949 vel
2809 1894 2947 1948 mola
2983 1892 3163 1947 anima
3192 1903 3297 1956 est,
3327 1892 3418 1946 scd
3443 1892 3510 1946 ad
3541 1895 3708 1948 vitam

2135 1990 2441 2046 eonferunt.

2711 2056 2864 2112 CAi’.
2915 2055 3129 2111 XXVII.

2436 2149 2500 2204 V.
2528 2151 2614 2204 15.
2654 2150 2715 2202 Et
2746 2161 2896 2219 ponet
2934 2149 3068 2203 illud
3103 2149 3155 2202 in
3183 2147 3406 2202 occulto.

2208 2242 2474 2310 Quoniam
2525 2242 2821 2296 verisimile
2855 2251 2971 2296 erat
2997 2281 3012 2305 ,
3046 2238 3330 2293 nonnullos
3365 2249 3510 2291 metu
3543 2251 3715 2307 pinnae

2138 2337 2359 2390 studere
2381 2334 2572 2399 latere,
2609 2333 3113 2402 exercitaturosque
3145 2330 3264 2386 fore
3294 2330 3625 2398 impietatem
3659 2331 3712 2384 in

2138 2428 2464 2484 ab<condito
2505 2437 2560 2481 et
2586 2425 2962 2491 clandestine;
2992 2426 3060 2478 ad
3101 2422 3360 2490 majorem
3414 2431 3616 2475 metum
3650 2437 3716 2476 ac

2139 2519 2317 2573 minas
2347 2517 2402 2571 in
2443 2531 2540 2572 eos
2572 2516 2664 2586 qui
2699 2515 2814 2570 lucc
2857 2513 3147 2581 facerent,
3186 2515 3352 2568 etiam
3404 2511 3715 2567 maledictis

2138 2609 2402 2663 obnoxios
2437 2607 2569 2662 facit
2605 2607 2647 2662 si
2680 2607 2798 2661 sine
2832 2605 3064 2660 testibus
3095 2613 3374 2673 peccatum
3410 2611 3712 2672 patrarent.

2141 2702 2301 2757 Tales
2329 2713 2458 2756 sunt
2487 2700 2577 2770 qui
2611 2699 2917 2754 simulatam
2951 2699 3210 2767 pietatem
3247 2713 3356 2768 pra:
3385 2711 3444 2751 se
3490 2694 3672 2748 ierunt
3695 2734 3712 2758 ,

2139 2795 2368 2849 interius
2400 2809 2526 2848 vero
2551 2791 2799 2846 morbum
2825 2789 3097 2843 defossum
3134 2787 3354 2851 habent,
3381 2798 3436 2840 et
3468 2786 3519 2839 in
3547 2785 3714 2838 animi

2140 2893 2289 2938 motu
2318 2883 2387 2938 ad
2430 2897 2593 2937 omne
2619 2896 2791 2953 genus
2826 2881 3182 2949 turpitudinis
3199 2878 3622 2934 debacchantur.
3648 2874 3715 2930 Hi

2139 2986 2265 3030 sunt
2291 2976 2382 3045 qui
2415 2975 2467 3028 in
2499 2973 2717 3028 occulto
2750 2973 2893 3028 idola
2927 2982 3152 3041 ponunt.

2247 3071 2313 3126 V.
2352 3071 2433 3125 l7.
2467 3068 2782 3124 Maledicta:
2805 3071 2896 3139 qui
2920 3067 3175 3137 transfert
3201 3066 3336 3135 ﬁnes
3355 3063 3603 3134 proximi.

2209 3210 2371 3266 Fines
2413 3210 2648 3280 proximi
2689 3206 2950 3264 transfert
2978 3216 3032 3262 et
3075 3208 3120 3262 is
3147 3247 3162 3271 ,
3207 3206 3299 3277 qui
3335 3219 3366 3259 a
3399 3204 3580 3260 veraci
3619 3203 3710 3257 Dei

2137 3302 2445 3374 cognitione
2474 3342 2488 3366 ,
2515 3312 2570 3356 et
2616 3300 2798 3355 divino
2844 3299 3104 3369 regimine
3132 3299 3416 3352 submovet
3443 3311 3588 3360 eum,
3619 3293 3713 3363 qui

2139 3398 2281 3450 intra
2313 3395 2413 3450 hos
2466 3394 2604 3450 ﬁnes
2655 3393 2946 3464 reperitur.
2981 3390 3145 3460 quue
3175 3389 3461 3460 sequentia
3490 3388 3710 3458 planum

2137 3488 2364 3543 faciunt.

2192 3627 2259 3682 γ.
2295 3627 2382 3682 18.
2417 3625 2732 3681 Maledicta:
2757 3623 2847 3694 qui
2875 3638 3055 3678 errare
3080 3621 3209 3693 facit
3239 3635 3436 3676 cwcum
3459 3619 3514 3672 in
3547 3619 3653 3674 via.

2207 3785 2489 3858 Ejusdem.
2523 3784 2685 3840 Tales
2717 3794 2844 3840 sunt
2871 3791 2926 3837 et
2955 3781 3013 3848 ii,
3047 3779 3138 3851 qui
3169 3779 3414 3833 homines
3445 3778 3514 3833 ab
3543 3776 3716 3831 idolo-

2137 3878 2330 3934 latrico
2357 3877 2506 3933 cultu
2534 3886 2589 3931 et
2626 3874 3043 3930 circumcisione
3067 3871 3136 3926 ad
3167 3871 3562 3926 abominandas
3600 3867 3714 3922 Ιιω-

2137 3986 2285 4026 reses
2315 3970 2659 4040 pertrahunt.
2693 3967 2827 4022 Cum
2855 3966 3001 4020 enim
3041 3965 3166 4020 caeci
3199 3966 3311 4019 sint
3333 4002 3350 4027 ,
3381 3974 3436 4017 et
3481 3964 3710 4016 necdum

2137 4061 2314 4115 lumen
2346 4060 2591 4114 veritatis
2643 4058 2882 4113 habeant
2924 4071 2986 4111 ac
3016 4054 3343 4124 cognitionis
3394 4051 3526 4114 Dei,
3566 4051 3714 4103 deci-

2135 4149 2288 4218 piunt
2321 4163 2415 4203 eos
2438 4156 2493 4202 et
2526 4148 2787 4201 aberrare
2815 4145 3022 4199 faciunt
3044 4183 3061 4209 ,
3095 4143 3256 4197 aliam
3302 4140 3372 4195 ab
3415 4140 3710 4209 apostolica

2135 4242 2571 4296 demonstrantes
2600 4237 2762 4290 viam.

2206 4330 2390 4386 v.19.
2422 4329 2739 4384 Maledicta:
2777 4327 3074 4396 quicunque
3107 4322 3339 4396 declinat
3371 4319 3640 4391 judicium

2474 4398 2746 4468 proselyti,
2769 4393 2819 4450 et
2851 4396 3072 4463 orphaui
3097 4405 3144 4448 et
3169 4393 3363 4447 viduae.

537 4484 672 4538 Ὑπὸ
700 4485 798 4556 τὴν
828 4486 996 4557 αὐτὴν
1026 4486 1167 4557 ἀρὰν
1199 4486 1380 4556 τίθησι
1411 4489 1536 4550 τοὺς
1558 4487 1819 4553 ὡσαύτως
1851 4490 2033 4544 ἐκκλί-

2208 4491 2395 4548 Eidem
2423 4488 2786 4545 maledictioui
2835 4484 3056 4554 subjicit
3087 4484 3177 4555 qui
3207 4483 3398 4539 eodem
3425 4481 3586 4536 modo
3610 4480 3706 4535 de-

455 4592 645 4641 νοντας
674 4577 855 4648 κρίσιν
880 4577 1220 4648 προσηλύτω
1272 4579 1368 4632 καί⁹
1422 4579 1660 4650 ὀρφανοῦ
1703 4582 1798 4635 καὶ
1831 4583 2028 4656 χήρας,

453 4667 628 4730 ἄλλως
657 4685 773 4731 πως
801 4667 961 4720 πάλιν
990 4667 1051 4720 τὸ
1078 4667 1210 4720 αὐτὸ
1233 4667 1420 4722 εἰπών.
1473 4671 1535 4722 Et
1593 4669 1700 4742 γὰρ
1759 4671 1820 4725 τὸ
1868 4674 2032 4745 ῥητὸν

455 4761 566 4832 ἔχει
596 4759 656 4812 τὸ
693 4759 977 4830 ὀφέλειμον
1011 4758 1143 4830 (66),
1181 4758 1316 4812 ἀλλὰ
1337 4761 1428 4814 καὶ
1460 4763 1493 4832 ἡ
1523 4760 1721 4834 θεωρία
1748 4765 1808 4817 τὸ
1833 4764 2032 4836 ὑψηλό-

453 4869 630 4924 τερον.
650 4850 987 4924 Προσήλυτοι
1017 4851 1124 4924 γάρ
1154 4854 1292 4905 εἰσιν
1317 4855 1365 4905 οἱ
1395 4853 1453 4920 ἐξ
1478 4854 1647 4910 ἐθνῶν
1675 4857 1935 4921 εἰσιόντες
1964 4861 2030 4929 τῇ

454 4945 589 5015 ἁγία
611 4943 706 4996 τοῦ
732 4943 868 4997 Θεοῦ
908 4943 1224 5015 Ἐκκλησία.
1258 4945 1322 4996 Οί
1351 4945 1408 4997 δὲ
1446 4945 1674 5016 ὀρφανοὶ
1717 4949 1923 5020 κυρίως
1953 4952 2033 5002 εί-

457 5037 540 5090 σὶν
567 5037 616 5090 οἱ
651 5035 1058 5106 ἀποταξάμενοι
1091 5036 1188 5107 μὲν
1217 5035 1296 5107 τῷ
1325 5037 1532 5091 ἑαυτῶν
1557 5040 1726 5110 πατρὶ
1753 5039 1832 5112 τῷ
1861 5041 2037 5094 Σατα-

455 5130 540 5199 νᾷ,
566 5129 790 5200 μηδέπω
822 5128 878 5181 δὲ
898 5127 989 5182 τὸν
1029 5127 1236 5199 Ἰησοῦν
1271 5127 1641 5198 ἐνδυσάμενοι,
1667 5129 1782 5184 ἀλλ’
1805 5131 1884 5185 ἔτι
1937 5134 2034 5185 καὶ

455 5220 878 5292 κατηχουμὲνοις
890 5219 1194 5293 ἐνάριθμοι.
1238 5219 1468 5290 Ὁμοίως
1497 5221 1552 5274 δὲ
1586 5223 1679 5275 καὶ
1705 5217 1849 5277 οῦτοι
1878 5223 2047 5296 χῆραί

456 5314 613 5378 εἰσιν,
651 5314 1082 5386 ἀποστραφεῖσαι
1118 5313 1214 5383 μὲν
1257 5312 1348 5366 τὸν
1381 5314 1882 5386 ἐγκατασπείροντα
1937 5317 2036 5371 αὐ-

527 5427 571 5459 ³⁸
606 5426 650 5481 ll
675 5427 801 5482 Cor.
828 5444 902 5492 γι,
937 5428 1022 5483 16.
1115 5428 1160 5460 ³⁸
1183 5427 1312 5483 Lev.
1336 5445 1466 5495 xvu,
1495 5428 1579 5482 11.

526 5519 798 5594 (ϐω-ϐρό.
832 5521 956 5587 554,
983 5539 1106 5594 pag.
1137 5523 1266 5594 228.

528 5587 668 5662 (60³)
698 5591 879 5664 Forte,
899 5587 1182 5664 legendum
1201 5593 1369 5664 ψυχή,
1407 5593 1836 5664 vertendumque
1861 5610 1878 5649 :
1905 5587 2034 5647 Non

458 5669 601 5715 est...
641 5663 840 5716 anima.
871 5662 1029 5719 Eni-1'.
1055 5662 1298 5720 ΡΑτιιυιᾹ.

532 5731 642 5801 (iii)
667 5731 797 5801 Pag.
831 5732 926 5788 ‘25!
945 5771 959 5786 .

2139 4586 2343 4641 clinant
2373 4583 2637 4656 judicium
2683 4580 2941 4652 proselyti
2967 4619 2983 4644 ,
3025 4589 3082 4634 et
3123 4576 3354 4648 orphani
3404 4585 3459 4630 et
3489 4575 3711 4629 viduae:

2138 4677 2245 4732 alio
2287 4685 2445 4747 pacto
2487 4673 2886 4746 quodammodo
2933 4671 3076 4726 idem
3130 4670 3338 4725 dicens.
3402 4666 3516 4722 Etsi
3565 4660 3714 4719 enim

2144 4771 2321 4839 ipsum
2362 4766 2588 4822 verbum
2630 4779 2782 4820 suam
2812 4763 3107 4817 utilitatem
3141 4761 3343 4824 habet,
3395 4767 3450 4812 at
3501 4755 3712 4812 theoria

2133 4862 2297 4918 etiam
2366 4858 2652 4913 sublimius
2699 4857 2904 4926 aliquid
2955 4854 3190 4910 obtinet.
3237 4850 3506 4922 Proselyti
3566 4850 3713 4905 enim

2137 4960 2284 5014 sunt,
2316 4950 2408 5019 qui
2441 4963 2505 5004 ex
2535 4947 2785 5019 gentibus
2807 4955 3053 5000 sanctam
3085 4944 3178 4998 Dei
3213 4941 3594 5012 ingrediuntur
3619 4938 3718 4993 Ec-

2133 5042 2375 5097 clesiam.
2409 5037 2650 5108 Orphani
2681 5037 2898 5109 proprie
2935 5045 3065 5092 sunt
3095 5035 3155 5099 ii,
3179 5033 3270 5104 qui
3303 5031 3554 5087 nuntium
3585 5031 3714 5084 mit-

2135 5141 2311 5188 tentes
2341 5131 2481 5201 patri
2520 5144 2618 5184 suo
2649 5128 2865 5184 Satanae
2891 5167 2906 5193 ,
2938 5127 3173 5182 necdum
3210 5135 3388 5179 tamen
3421 5112 3602 5178 Jesum
3631 5121 3718 5175 in-

2135 5225 2365 5279 duentes
2391 5262 2406 5288 ,
2437 5208 2632 5275 adhuc
2672 5221 2814 5274 inter
2857 5219 3282 5275 catechumenos
3333 5223 3710 5270 numerantur.

2143 5313 2410 5370 Similiter
2444 5327 2662 5382 quoque
2695 5312 2751 5368 hi
2787 5313 2963 5367 viduae
2990 5321 3136 5378 sunt,
3163 5326 3282 5382 qua:
3311 5319 3575 5365 aversata:
3595 5310 3720 5380 qui.

2346 5517 2552 5600 genter
2576 5519 3004 5578 Theodorctum.

2346 5587 2481 5671 l_l_)i.d_.

2231 5657 2305 5713 65⁷
2358 5659 2492 5714 Ibid.

2233 5663 2324 5802 ὅδὲ
2353 5727 2516 5788 Forte
2541 5728 2859 5802 ὠφέλιμον.
