4186 6388
368 359 372 368 ·
407 334 473 388 ’57
1679 313 1930 369 ADNOT.
1972 310 2036 366 IN
2075 307 2384 366 JUDICES.
3607 299 3677 352 38

409 448 638 522 καρπῶν
668 444 995 519 προσφέρειν
1014 441 1116 505 τὰς
1141 437 1414 511 ἀπαρχὰς,
1440 436 1612 500 οὕτως
1640 435 1892 488 ἐκέλευσε
1919 431 1990 485 τὰ
2019 482 2023 493 γ

2122 435 2311 497 eperat
2341 467 2357 491 ,
2394 435 2452 480 ut
2482 423 2582 494 ipsi
2635 423 2911 476 fructuum
2956 418 3221 475 offerrent
3250 417 3519 489 primitias
3540 457 3558 483 ,
3600 417 3674 470 Ita

408 509 518 592 ’ἶῶν
547 537 755 591 σκύλων
789 535 1175 606 προσενεγκεῖν
1198 529 1500 602 ἀκροθίνια.
1529 527 1672 599 Πρὸς
1694 527 1751 580 δὲ
1784 525 1993 588 τούτοις

2122 521 2256 574 ussit
2306 531 2367 576 ut
2400 517 2702 588 spoliorum
2731 515 2989 569 oll‘errent
3011 513 3303 582 principia.
3352 509 3624 565 Praeterea
3659 551 3673 571 ,

412 631 507 684 καὶ
535 627 803 699 γυμνάζει
837 626 1034 689 αὐτοὺς
1088 624 1176 678 διὰ
1208 622 1413 676 τούτων
1466 619 1574 673 τῶν
1616 619 1816 690 νόμων,
1854 617 1994 671 ὥστε

412 724 539 786 τοὺς
562 720 888 790 ἀναγκαίους
918 720 1116 790 νόμους
1142 720 1350 789 τηρεῖν.
1401 715 1512 786 Τὴν
1548 713 1752 768 οἰκείαν
1799 712 1856 765 δὲ
1895 715 1996 767 αύ-

413 821 527 880 τοϊς
569 815 874 876 ἐπιδεικνὺς
924 813 1152 882 δύναμιν
1177 851 1192 874 ,
1252 809 1350 880 τὴν
1395 807 1619 880 πρώτην
1681 807 1832 859 πόλιν
1878 805 1999 876 δίχα

416 909 592 963 ὃπλων
631 909 724 961 καὶ
773 905 1180 978 μηχανημάτων
1236 903 1375 956 ἑλεῖν
1428 900 1845 972 παρεσκεύασε,
1906 899 1999 950 καὶ⁹

421 999 556 1071 μόνῃ
585 998 848 1051 κατέλυσε
886 998 952 1066 τῇ
982 997 1090 1048 τῶν
1118 994 1432 1062 σαλπίγγων
1459 993 1567 1062 ἠχῇ
1592 1008 1606 1021 ο
1641 991 1706 1043 ἵν’
1743 991 1868 1042 ὅταν
1901 991 1998 1060 ἡτ-

417 1091 621 1163 τηθῶσι
655 1091 1148 1162 παραταττόμενοι,
1176 1087 1400 1157 γνῶσιν,
1424 1086 1500 1148 ὡς
1530 1085 1684 1138 αὐτοὶ
1729 1083 2001 1154 παρέσχον

419 1183 521 1254 τῆς
545 1183 716 1254 ἥττης
744 1182 843 1246 τὰς
870 1179 1142 1255 ἀφορμὰς,
1169 1179 1278 1232 τῶν
1318 1179 1476 1232 θείων
1507 1177 1687 1250 νόμων
1730 1192 2003 1248 καταφρο-

421 1278 706 1348 νήσαντες.

1066 1365 1224 1418 ΚΕΦ.
1260 1364 1342 1416 H'.

431 1461 545 1532 (7I)
575 1461 720 1530 Στίχ,
760 1459 822 1530 β’.
845 1459 952 1512 Καὶ
975 1458 1091 1536 τὴν
1110 1455 1559 1536 προνομὴητῶν
1609 1453 1850 1521 κτηνῶν
1871 1468 2006 1520 προ-

879 1531 1200 1598 νομεύσας
1219 1531 1472 1592 σεαυτῷ.

511 1620 728 1693 Ἐπειδὴ
751 1622 850 1674 οὐκ
881 1620 987 1673 ἔδει
1021 1622 1095 1685 ὡς
1129 1623 1186 1674 ἐν
1217 1623 1282 1692 τῇ
1321 1621 1532 1692 Ὶεριχὼ
1557 1618 1626 1670 τὰ
1662 1617 1836 1671 πάντα
1878 1619 2007 1671 ἀνα-

427 1715 668 1786 τεθῆναι.

429 1785 710 1880 meum.
730 1813 843 1871 κς’.
871 1803 1290 1880 missam-gi-
1310 1805 1342 1856 δ
1378 1801 1739 1880 Ἱῃσιζῦςίτὸν
1765 1801 2002 1870 mmor,
2038 1785 2084 1843 Β

884 1877 980 1929 καὶ
1012 1874 1127 1942 τὴν
1158 1875 1326 1943 χεῖρα
1358 1873 1566 1926 αὑτοῦ.

503 1970 703 2040 Ἔμενε
733 1968 842 2041 γὰρ
890 1969 1094 2050 Ἰησοῦς
1123 1966 1489 2037 ὲκτεταμένην
1521 1965 1660 2035 ἔχων
1686 1965 1784 2036 τὴν
1831 1968 2004 2036 χεῖρα·

431 2061 564 2126 (va;
596 2060 918 2128 θεασάμενοι
973 2061 1021 2111 oi.
1075 2059 1171 2128 τῆς
1210 2057 1452 2128 ἐνέδρας,
1490 2055 2009 2126 προκαταλὰϐωνται

432 2152 530 2225 τὴν
565 2151 738 2207 πόλιν.

2097 612 2260 666 etiam
2289 617 2510 664 exercet
2532 621 2625 661 eos
2661 620 2754 673 per
2787 606 2885 658 has
2916 601 3062 673 leges
3093 645 3107 668 ,
3145 613 3204 656 ut
3244 604 3389 672 leges
3421 616 3668 656 necessa-

2100 704 2209 756 rias
2240 702 2546 756 observent.
2593 699 2760 753 Suam
2803 708 2980 750 autem
3023 696 3130 749 illis
3171 695 3468 749 ostendens
3495 693 3670 744 virtue

2101 803 2232 857 tem,
2274 793 2506 862 primum
2539 790 2796 859 oppidum
2846 789 2966 842 sine
2995 787 3162 839 armis
3198 797 3254 840 et
3300 784 3574 838 machinis
3619 789 3679 835 ut

2101 891 2356 950 caperem
2393 879 2582 934 .elfecit
2606 918 2623 943 ,
2655 879 2880 946 soloque
2909 877 3155 930 dissolvit
3193 876 3443 930 tubarum
3474 875 3676 928 sonitu.

2102 969 2174 1029 Ut
2201 974 2244 1027 si
2278 971 2494 1040 quando
2535 972 2586 1024 in
2621 971 2738 1024 acie
2766 968 2928 1037 positi
2972 967 3345 1028 vincerentur,
3383 965 3590 1020 scirent
3619 979 3680 1018 se

2103 1064 2404 1136 praebuisse
2432 1061 2604 1118 cladis
2638 1076 2750 1114 suae
2783 1074 3000 1124 causas,
3027 1057 3237 1113 divinas
3267 1057 3416 1128 leges
3438 1063 3682 1111 contema-

2105 1155 2311 1212 uendo.

2729 1352 2880 1408 CAP.
2915 1343 3047 1407 VIII.

2266 1445 2328 1500 V.
2355 1446 2408 1499 2.
2442 1445 2507 1498 Et
2534 1446 2766 1514 prmium
2781 1445 3141 1566 quZientorum
3176 1441 3496 1510 pra’daberis

2813 1527 2850 1566 ιι
2890 1531 2926 1566 ι.

2813 1527 2926 1568 ιιυι.

2180 1607 2315 1672 Quia
2353 1623 2456 1658 non
2489 1607 2773 1674 Oporlebztl
2795 1645 2809 1663 .
2841 1608 2982 1659 sicut
3021 1606 3071 1658 iu
3104 1604 3330 1660 Jericho
3355 1645 3371 1669 ,
3417 1611 3473 1657 ul
3505 1603 3685 1657 omnia

2113 1700 2451 1752 anathemati
2490 1697 2913 1764 suhjicereutur.

2215 1789 2276 1844 ι’.
2302 1788 2374 1842 26
2429 1788 2494 1841 Et
2523 1791 2753 1841 extendit
2793 1788 2948 1841 Jesus
2987 1797 3228 1850 contum,
3259 1796 3305 1839 et
3347 1802 3559 1838 manum

2783 1875 2954 1911 suam.

2183 1969 2340 2025 Jesus
2385 1971 2530 2024 enim
2585 1980 2866 2023 extensam
2916 1968 3149 2022 habebat
3179 1981 3438 2032 manum,
3493 1973 3552 2019 ut
3600 1966 3684 2020 iu-

2113 2066 2324 2113 tuentes
2369 2059 2460 2128 qui
2495 2060 2550 2112 in
2591 2054 2804 2114 insidiis
2833 2055 3078 2113 latebant
3104 2101 3118 2124 ,
3165 2057 3520 2126 prasciperent
3553 2056 3692 2110 civi-

2116 2157 2306 2204 talem.

443 2269 3675 2301 _———~——————_———————-—_———_——I—————C-‘

1528 2434 2140 2522 ΩΡΙΓΕΝΟΥΣ
2178 2436 2670 2522 ΕΚΛΟΓΑΙ

1747 2618 1856 2670 ΕΙΣ
1883 2615 2064 2669 ΤΟΥΣ
2097 2615 2375 2671 ΚΡῙΤΑΣ.

857 2902 1441 2995 OBIGENIS
1509 2899 2456 2994 ADNOTATIONES
2531 2902 2657 2991 IN
2730 2903 3266 2992 JUDICES.

1662 3095 1754 3155 (Ex
1785 3094 2094 3146 Bibliotheca
2119 3092 2478 3160 Gallandiana.)

1084 3352 1243 3405 ΚΕΦ.
1285 3353 1385 3406 IE'.
1445 3353 1456 3358 “

425 3441 566 3514 (75)
586 3441 732 3512 Στίχ.
771 3440 854 3514 ιϐ’.
887 3441 1008 3514 Καί
1029 3441 1282 3514 ἕῤῥῃξεν
1311 3445 1343 3496 ό
1369 3446 1512 3509 Θεὸς
1533 3442 1852 3514 τὸίτραῦμιι
1871 3444 1936 3498 τὸ
1958 3443 2028 3497 ἐν

627 3511 883 3582 σιαγόνι,
915 3512 1016 3566 καί
1054 3511 1314 3580 ἐξῆλθεν
1348 3513 1416 3578 ἐξ
1445 3513 1632 3568 αὑτοῦ
1654 3511 1845 3584 θῦδωρ.

534 3606 676 3659 Ἀντὶ
701 3605 818 3659 τοῦ·
845 3606 1082 3678 Ἐρῤηξε
1108 3611 1175 3679 τῇ
1207 3608 1388 3680 πληγῇ
1404 3609 1502 3680 τῆς
1519 3609 1766 3678 σιαγόνος
1783 3611 1880 3682 τὴν
1902 3611 2028 3681 γῆν,

452 3701 546 3754 καὶ
575 3699 798 3770 ἐξῆλθεν
833 3699 1022 3759 ὕδατα.

1104 3793 1269 3846 ΚΕΦ.
1292 3793 1378 3849 Κ’.

583 3882 697 3952 (74)
724 3881 871 3952 Σίτίχ.
900 3887 1006 3935 κα’.
1031 3884 1141 3936 Καὶ
1165 3883 1429 3952 ἐξῆλθον
1457 3887 1572 3940 υἱοὶ
1603 3890 1903 3957 Βενιαμίν.

523 3974 680 4037 Τίνος
729 3975 916 4028 ἕνεκεν
956 3975 1220 4046 ἡττῶνται
1252 3976 1473 4041 δικαίως
1515 3979 1924 4045 ὲπεξελθόντες;
1962 3979 2033 4030 Ἦ

453 4063 694 4137 δηλονότι
715 4065 801 4119 διὰ
821 4065 1195 4137 προλαϐούσας
1212 4067 1406 4131 αἰτίας.
1434 4068 1544 4121 Καὶ
1566 4071 1594 4121 ὁ
1614 4070 1825 4141 ψαλμός
1849 4087 2031 4140 φησιν’

458 4157 636 4211 Ὅταν
684 4156 846 4211 λάϐω
886 4159 1114 4227 καιρὸν,
1153 4157 1268 4230 ἐγὼ
1309 4161 1638 4228 εὑθύτητας
1673 4160 1871 4230 κρινῶ.
1902 4157 2036 4214 Εἶτα

462 4248 602 4320 μετὰ
629 4248 690 4302 τὸ
719 4249 1020 4321 ἡττηθῆναι
1046 4253 1139 4304 καὶ
1171 4251 1300 4322 μίαν
1329 4253 1424 4305 καὶ
1461 4253 1738 4322 δευτέραν,
1777 4250 2036 4322 μετῆλθεν

459 4343 494 4412 ἡ
515 4343 651 4414 ὀργὴ
668 4343 758 4394 ἐπὶ
785 4343 912 4404 τοὺς
927 4341 1273 4413 ἠδικηκότας,
1292 4342 1484 4396 νικῶσι
1500 4343 1712 4397 δικαίαν
1727 4343 1881 4414 δίκην
1900 4342 2033 4408 (73$).

459 4432 748 4503 Θαυμάσαι
775 4433 831 4486 δὲ
861 4432 1008 4497 ἄξιον
1039 4433 1099 4486 τὺ
1143 4433 1345 4505 πλῆθος
1390 4433 1496 4486 τῶν
1541 4432 1906 4504 Ἰσραηλιτῶν,
1935 4434 2035 4495 ὃτι,

460 4526 683 4588 δικαίως
709 4529 822 4588 τοῖς
835 4525 1182 4595 Βενιαμίταις
1215 4525 1550 4589 ἐπελθόντες,
1574 4526 1670 4579 κα)⁸
1695 4525 2036 4598 ἡττηθέντες,

429 4631 440 4656 -·
461 4615 563 4669 οὐκ
598 4616 881 4678 ὲνενόησάν
913 4633 964 4667 τι
1000 4616 1232 4688 πονηρὸν
1257 4617 1400 4670 κατὰ
1431 4616 1522 4669 τοῦ
1550 4616 1707 4678 Θεοῦ,
1735 4616 1870 4668 ἀλλὰ
1907 4617 2041 4686 μᾶλ-

2727 3353 2880 3409 CAP.
2918 3352 3035 3409 XV.

2132 3445 2196 3500 ν.
2229 3445 2315 3500 I9.
2347 3443 2414 3499 Et
2444 3445 2645 3515 effregit
2689 3444 2830 3526 Dens
2856 3446 3043 3498 vulnus
3070 3445 3208 3514 quod
3231 3454 3341 3498 erat
3376 3445 3428 3498 in
3453 3443 3698 3510 maxilla,

2601 3526 2650 3569 et
2693 3527 2846 3568 exivit
2877 3531 2942 3568 ex
2980 3531 3040 3568 eo
3080 3532 3243 3583 aqua.

2202 3610 2306 3663 Pro
2357 3623 2422 3664 eo
2473 3619 2532 3662 ut
2570 3609 2757 3672 dicat,
2800 3606 3025 3679 Eﬂregit
3072 3608 3424 3678 percussione
3477 3608 3707 3663 masillxe‘

2137 3713 2361 3768 terram,
2397 3710 2449 3754 et
2479 3703 2730 3755 exierunt
2759 3714 2932 3770 aquae.

2770 3795 2922 3852 CAP.
2955 3793 3072 3848 XX.

2347 3889 2411 3944 Ἴ.
2446 3887 2535 3943 21.
2568 3887 2636 3940 Et
2675 3891 2870 3958 egressi
2897 3897 3020 3941 sunt
3051 3887 3150 3954 ﬁlii
3191 3885 3494 3957 Benjamin.

2203 3979 2317 4046 Qua
2349 3981 2414 4034 de
2444 3996 2606 4035 causa
2638 3981 2951 4043 vincuntur,
2985 3996 3105 4034 cum
3147 3981 3269 4049 jure
3303 3980 3506 4049 egressi
3552 3979 3657 4032 sint
3687 3978 3712 4032 ἵ

2136 4067 2368 4124 Omnino
2413 4080 2633 4140 propter
2667 4073 3038 4139 praecedentes
3087 4071 3294 4139 culpas.
3342 4069 3406 4124 Et
3458 4069 3712 4123 Psalmus

2137 4161 2269 4213 dicit
2303 4179 2315 4214 :
2346 4161 2480 4216 Cum
2519 4177 2769 4226 accepero
2822 4162 3187 4224 occasionem,
3227 4177 3320 4230 ego
3368 4161 3711 4213 rectitudine:

2128 4251 2386 4320 jndicabo
2419 4253 2485 4308 ³⁸.
2523 4253 2724 4307 Deinde
2758 4263 2882 4322 post
2913 4251 3123 4306 cladem
3157 4265 3344 4304 eorum
3391 4260 3444 4303 et
3474 4251 3707 4320 primaut

2139 4353 2194 4397 et
2222 4344 2542 4405 secundam,
2579 4344 2792 4398 transiit
2821 4346 2898 4397 ira
2927 4344 2979 4398 in
3025 4357 3118 4396 eos
3148 4343 3241 4412 qui
3279 4342 3552 4402 laeserant,
3584 4347 3708 4394 viu-

2139 4445 2374 4502 cuutque
2419 4435 2622 4502 justam
2674 4435 2982 4489 victoriam.
3035 4434 3220 4488 Mirari
3270 4442 3448 4486 autem
3499 4447 3594 4500 par
3627 4443 3712 4487 est

2140 4527 2509 4582 Israelitarum
2536 4527 2956 4590 multitudinem,
2976 4527 3104 4597 quia
3127 4525 3271 4594 juste
3297 4526 3560 4579 adversus
3581 4525 3715 4578 Bima

2138 4618 2421 4687 jaminitas
2450 4617 2648 4673 bellum
2695 4617 3056 4688 suscipientes
3097 4627 3153 4673 et
3192 4618 3318 4672 victi
3350 4658 3365 4682 ,
3396 4617 3525 4671 nihil
3553 4620 3713 4686 qual-

462 4705 555 4758 λον
582 4706 702 4758 οὐδὲ
739 4705 1043 4759 ἐπαύσαντο
1074 4704 1477 4776 προκλαίοντες,
1505 4705 1610 4767 ἓως
1631 4705 1719 4756 ὅτε
1739 4703 1896 4774 δίκην
1915 4703 2023 4755 ἕλαι

2143 4724 2308 4778 quam
2351 4708 2476 4762 mali
2511 4709 2772 4764 adversus
2809 4707 2981 4763 Deum
3009 4707 3422 4778 cOgitaverunt,
3454 4706 3583 4775 quin
3617 4722 3713 4773 po-

466 4796 560 4852 σον
585 4797 726 4851 κατὰ
754 4797 860 4849 τῶν
886 4794 1244 4868 ἠδικηκότων.

541 4982 616 5034 Οὐ
633 4954 1236 5052 καταμεμφόμενοίτοῦ
1268 4977 1402 5031 Θεοῦ
1420 4973 1590 5031 εἷπον·
1637 4975 1795 5028 Ἀλλὰ
1829 4971 2041 5045 ἀπόχρη

469 5072 646 5126 τοῦτο.
681 5073 890 5143 Τρόπον
919 5072 1106 5142 μαθεῖν
1135 5069 1392 5125 ἱκέτευον.
1420 5067 1513 5122 Τό·
1549 5068 1830 5137 Βενιαμὶν
1857 5069 2045 5132 λύκος

471 5162 688 5231 ἅρπαξ·
720 5164 871 5230 πρωϊ
892 5162 1105 5228 ἔδεται,
1143 5161 1240 5215 καὶ
1267 5161 1333 5214 τὸ
1359 5160 1408 5213 ἐ.
1461 5154 1572 5230 (76)
1614 5155 1888 5210 διαδώσει
1925 5172 2050 5224 τρο-

472 5254 617 5324 φὴν,
649 5254 878 5308 ἐνταῦθα
906 5255 1222 5327 πληροῦται.
1257 5254 1367 5307 Καὶ
1386 5250 1491 5322 γὰρ
1515 5247 1774 5324 πρότερον
1792 5249 2039 5319 νικήσας,

476 5347 698 5417 ἔσχατον
728 5347 920 5419 βρῶμα
943 5347 1038 5401 τοῦ
1067 5346 1194 5401 λαοῦ
1226 5347 1438 5416 γέγονε.

548 5461 594 5493 ³³
618 5461 756 5515 Psal.
788 5477 972 5526 Lxxw,
1003 5461 1058 5516 '5.
1136 5459 1182 5492 ³⁸
1216 5459 1355 5516 Gen.
1384 5472 1531 5525 xux,
1566 5455 1657 5510 27.

451 5583 463 5615 ι
551 5575 661 5648 (ἶί)
685 5574 818 5648 ϐοά.
861 5575 984 5640 554,
1008 5591 1132 5648 pag.
1161 5574 1292 5641 249.

553 5646 664 5702 I79.)
709 5647 838 5700 Cod.
883 5651 971 5698 xv”.
1087 5646 1123 5672 ί·

553 5657 644 5702 (72
709 5657 838 5700 LOU.
883 5661 971 5698 XV.

553 5657 664 5785 (ἴός
693 5715 825 5769 Cod.
866 5715 986 5770 554.

555 5787 665 5855 (Ἰό)
705 5788 834 5841 Cod.
864 5801 952 5840 xv.

2147 4801 2251 4854 tius
2281 4798 2412 4856 ﬂere
2440 4815 2549 4856 non
2579 4809 2891 4866 cessarunt,
2921 4799 3098 4854 donec
3123 4813 3312 4869 poenas
3339 4798 3406 4851 de
3429 4796 3716 4850 oﬂ'eusot'i-

2143 4887 2246 4944 bus
2276 4897 2652 4958 sumpserunt.

2219 4979 2566 5048 Nequaquam
2595 4980 2661 5034 de
2687 4978 2798 5033 Deo
2816 4989 3134 5048 querentes,
3161 4976 3350 5030 dixere
3381 4989 3396 5027 :
3423 4975 3489 5028 At
3521 4973 3715 5027 sumi-it

2147 5070 2270 5125 hoc.
2325 5071 2535 5124 Modum
2570 5073 2780 5125 discere
2824 5070 3093 5138 supplices
3123 5067 3487 5138 postulabant.
3538 5065 3713 5119 Illud:

2147 5153 2429 5224 Benjamin
2471 5157 2626 5225 lupus
2669 5173 2838 5223 rapax
2867 5173 2886 5211 :
2916 5173 3068 5210 mane
3100 5148 3369 5221 comedet,
3419 5166 3465 5208 et
3511 5170 3717 5222 vespere

2148 5249 2425 5304 distribuet
2474 5266 2651 5305 escam
2676 5233 2758 5315 ⁸⁸,
2793 5251 2882 5304 hic
2929 5250 3203 5318 impletur.
3233 5240 3392 5306 Prius
3417 5247 3560 5302 enim
3595 5248 3718 5299 viu-

2149 5355 2297 5409 cens,
2332 5354 2610 5413 postremo
2638 5359 2762 5400 esca
2792 5344 2973 5415 populi
3006 5341 3128 5399 fuit.

2221 5566 2336 5636 (75)
2371 5564 2644 5620 Hactenus
2668 5560 2804 5636 etin
2833 5559 2966 5636 edit.
3015 5557 3146 5628 Quae
3195 5564 3495 5625 sequuntur
3549 5552 3721 5609 etiam

2150 5631 2390 5704 reliquos
2429 5644 2618 5689 versus
2655 5631 2969 5704 respiciunt.

2224 5701 2336 5778 (7'6)
2361 5705 2526 5763 Forte
2554 5701 2810 5778 ἑσπέρας.
