4186 6404
395 332 456 386 -Η
556 334 561 339 ’
1113 373 1118 384 ,
1595 323 1848 380 ADNOT.
1889 321 1954 377 IN

2064 322 2122 376 Β.
2151 320 2169 375 1
2196 320 2456 378 REGUM.
3420 349 3430 358 ·
3581 329 3650 384 42

1060 388 1102 426 δ’

397 454 446 506 οἱ
496 451 644 520 λόγοι
687 450 764 516 ὡς
797 429 1104 522 ἀκουόμενα
1158 452 1266 505 alat
1305 451 1604 522 πράγματα
1661 450 1750 503 διά
1785 448 1846 502 τὺ
1887 449 1966 517 γι-

2078 446 2238 501 muel.
2275 446 2420 501 Sane
2451 445 2576 514 quia
2627 458 2914 501 sermones
2942 453 3073 501 sunt
3111 447 3263 503 velut
3311 462 3398 504 res
3424 450 3646 516 auditae,

397 544 605 596 νεσθαι.

397 636 544 706 Στίχ.
581 632 665 700 ιζ’.
701 633 798 701 Μὴ
826 625 1155 706 δὴκρύψνῃς
1169 634 1269 706 ἀπ’
1285 635 1448 704 ἐμοῦ.
1474 633 1616 687 Τάδε
1631 632 1855 702 ποιήσαι
1877 649 1976 687 σοι

746 709 778 758 ὁ
808 705 975 770 Θεὸς.
1003 706 1100 757 καὶ
1128 704 1268 758 τάδε
1305 706 1613 773 προσθείη.

479 796 641 866 Ὁρᾷς
669 795 764 848 τοῦ
783 795 920 849 Θεοῦ
949 796 1048 866 τὴν
1075 797 1414 868 οἰκονομίαν;
1445 797 1503 849 Ὁ
1526 797 1800 869 Σαμουὴλ,
1831 799 1978 851 ἐπει-

395 886 463 957 δὴ
489 887 700 957 χαλεπά
728 887 1016 960 προλέγειν
1061 890 1244 953 αὐτοῖς
1275 888 1520 960 ἔμελλεν,
1565 890 1767 943 ἔδεισεν
1798 891 1976 960 ἀπαγ-

395 979 570 1046 γεῖλαι
597 978 667 1032 τά
700 979 930 1050 ρηθέντα
956 980 1093 1050 πρὸς
1123 979 1303 1034 αὐτόν.
1334 981 1392 1034 Ὁ
1425 981 1482 1034 δὲ
1524 980 1644 1034 Ἠλὶ
1669 982 1850 1052 ὅρκοις
1878 982 1976 1035 αὺ-

393 1070 488 1125 τὸν
544 1069 716 1139 φοϐεῖ·
750 1070 844 1134 οὓς
890 1071 1169 1142 φοϐηθεὶς,
1215 1070 1516 1142 ἀπήγγειλε
1558 1072 1654 1125 τοῦ
1711 1073 1846 1126 Θεοῦ
1874 1074 1974 1145 τὴν

396 1161 737 1230 ἀποκάλυψιν
763 1161 843 1232 τῷ
885 1163 1022 1217 Ἦλί.
1059 1164 1118 1216 '0
1155 1164 1212 1217 δὲ
1257 1164 1516 1227 ἀκούσας,
1558 1163 1678 1218 δέον
1705 1165 1973 1220 νουθετεῖν

393 1249 464 1302 τὰ
507 1250 671 1306 τέκνα
703 1252 796 1305 καὶ
832 1253 1212 1324 τιμωρεῖσθαι,
1246 1254 1332 1309 ἵνα
1363 1257 1396 1324 ή
1443 1254 1531 1307 διὰ
1555 1254 1656 1325 τῆς
1700 1255 1973 1320 κολάσεως

394 1341 575 1396 αὐτῶν
623 1344 925 1416 ἐπιστροφὴ
965 1345 1058 1400 τὸν
1105 1346 1236 1400 Θεὸν
1267 1345 1638 1416 ὲξιλεώσηται,
1684 1347 1807 1401 οὐδὲ
1844 1350 1972 1403 ὲπέ-

396 1431 618 1504 πληξεν.

1041 1527 1200 1581 ΚΕΦ.
1241 1530 1314 1582 Δ⁹.
1402 1572 1407 1576 .

395 1613 625 1690 Στίχγ,
641 1615 872 1690 β¹.Κᾳτὰ
896 1615 954 1670 τί
966 1616 1268 1690 Δἔπταισεν
1281 1618 1439 1688 ἡμᾶς
1459 1621 1674 1688 Κύριος
1701 1619 1970 1690 σήμερον

468 1686 728 1739 ἐνώπιον
743 1688 1106 1756 ἀλλοφύλων
1126 1705 1147 1752 ;
1172 1686 1455 1759 Λάϐὡμεν
1478 1686 1594 1759 τῆν
1626 1686 1894 1748 κιϐωτόν).

2078 543 2205 592 dum
2232 539 2519 592 habemur.

2078 631 2143 686 V.
2174 632 2259 686 l7.
2303 631 2388 686 Ne
2428 630 2666 701 equidem
2693 628 2960 700 'celaverts
2989 648 3020 684 a
3051 647 3153 687 me.
3189 630 3318 686 Haec
3349 631 3516 701 faciat
3551 633 3647 687 tibi

2496 702 2658 766 Deus,
2680 712 2730 754 et
2767 701 2876 755 haec
2914 701 3101 754 addat.

2148 791 2344 848 Viden’
2380 792 2475 848 Dei
2523 792 3027 861 dispensationem?
3054 793 3271 850 Samuel
3306 794 3433 865 quia
3468 795 3644 849 tristia

2074 887 2432 958 prmdicturus
2466 896 2590 942 erat
2629 887 2734 942 illis
2761 929 2776 950 ,
2809 887 3018 942 veritus
3046 898 3132 942 est
3164 889 3495 943 annuntiare
3519 903 3642 957 quae

2073 980 2179 1034 sibi
2215 977 2358 1033 dicta
2399 977 2636 1034 fuerant.
2664 979 2734 1032 At
2755 976 2870 1032 Heli
2907 977 3340 1048 adjurationibus
3371 993 3492 1033 eum
3519 995 3616 1048 per

2076 1080 2244 1126 terret
2276 1088 2290 1124 :
2324 1084 2460 1139 quas
2514 1069 2781 1125 reveritus
2808 1109 2825 1135 ,
2869 1070 3202 1126 renuntiavit
3255 1069 3370 1125 Heli
3429 1071 3523 1124 Dei
3558 1087 3649 1125 rm

2075 1162 2420 1217 relationem.
2453 1159 2505 1215 ls
2533 1162 2621 1216 ubi
2648 1161 2925 1226 audisset,
2947 1176 3072 1217 cum
3103 1171 3378 1230 Oporteret
3403 1177 3644 1219 commo-

2072 1269 2204 1310 nere
2227 1266 2281 1309 et
2303 1255 2575 1323 castigare
2612 1251 2832 1319 liberos,
2865 1261 2924 1306 ut
2960 1241 3246 1308 conversio
3275 1267 3461 1307 eorum
3493 1267 3522 1306 a
3551 1268 3643 1307 ca-

2071 1344 2365 1414 stigatione
2381 1353 2500 1399 orta
2534 1342 2700 1398 Deum
2722 1344 3015 1414 propitium
3039 1343 3312 1410 redderet,
3332 1343 3644 1409 nullatenus

2069 1435 2320 1504 perculit.

2714 1524 2865 1580 CAP.
2907 1523 2996 1580 IV.

2072 1612 2184 1669 VV.
2215 1613 2270 1681 5,
2299 1613 2354 1670 2.
2384 1613 2584 1685 thuid
2607 1614 2943 1684 labefactavit
2971 1632 3064 1670 nos
3085 1615 3344 1670 Dominus
3373 1615 3527 1671 hodie
3548 1633 3640 1671 eo-

2307 1702 2421 1738 ram
2459 1687 2766 1754 alienigenis
2787 1687 2813 1740 7
2840 1687 3169 1752 Accipiam“;
3191 1703 3392 1740 arcam.

466 1779 683 1850 Ἐπειδὴ
716 1779 936 1851 ἔμελλεν
963 1783 996 1852 ὴ
1028 1779 1146 1834 θεία
1177 1782 1370 1854 Γραφὴ
1407 1782 1504 1854 τὴν
1542 1782 1815 1837 ἀπώλειαν
1857 1782 1966 1837 τῶν

2138 1775 2403 1843 Quoniam
2431 1778 2756 1848 pratdictura
2789 1786 2908 1831 erat
2941 1778 3124 1833 divina
3151 1777 3442 1850 Scriptura
3467 1779 3638 1836 inter-

393 1868 524 1922 υἱῶν
578 1870 697 1924 Ἦλῖι⁴
744 1870 1050 1942 προλέγειν,
1089 1872 1170 1924 ὄτι
1217 1888 1277 1924 τε
1326 1874 1360 1944 ἡ
1415 1873 1644 1937 κιϐωτὸς
1693 1873 1787 1926 τοῦ
1832 1872 1966 1926 Θεοῦ

393 1959 724 2032 ληφθήσεται
758 1961 865 2016 ὑπὸ
893 1963 1002 2016 τῶν
1037 1963 1350 2034 ἀλλοφύλων
1374 1979 1388 1994 ·
1425 1964 1771 2036 προλαϐοῦσα
1809 1964 1968 2037 θερα-

393 2053 548 2106 πεύει
579 2055 676 2126 τὴν
710 2054 898 2126 ἀκοήν,
931 2057 1140 2127 μήποτέ
1170 2075 1252 2120 τις
1280 2056 1435 2126 οἰηθῇ
1473 2057 1703 2129 σκληρὸν
1720 2053 1857 2112 εἶναι
1877 2059 1968 2112 τὸν

392 2143 542 2197 Θεόν.
567 2145 666 2196 Διά
687 2143 866 2209 τοῦτο,
895 2145 970 2209 ὡς
1012 2145 1170 2218 ἔφην,
1206 2148 1408 2220 ἱστορεῖ
1438 2148 1514 2212 ὡς
1544 2149 1644 2201 οὐκ
1679 2147 1967 2220 ἠλαττώθη

390 2235 499 2290 τῶν
533 2236 662 2290 υἱῶν
710 2237 924 2309 Ἰσραὴλ
956 2240 989 2308 ἡ
1024 2239 1192 2292 κακία
1224 2241 1319 2293 καὶ
1361 2241 1394 2311 ή
1435 2239 1678 2311 ἁμαρτία
1729 2239 1817 2293 διὰ
1865 2241 1967 2311 τῆς

391 2325 620 2397 ἀπειλῆς
641 2326 733 2378 καὶ
746 2326 846 2398 τῆς
875 2327 995 2382 κατ’
1016 2329 1194 2383 αὐτῶν
1215 2331 1592 2402 προρρήσεως,
1620 2329 1735 2384 ἀλλ’
1756 2331 1967 2404 ηὐξήθη

395 2415 614 2486 μᾶλλον.

393 2506 541 2582 Στίχ.
575 2506 639 2576 β’.
656 2508 976 2582 βΕκλινεν,
1005 2511 1187 2582 φησὶν,
1213 2513 1247 2566 ὁ
1269 2512 1548 2581 πόλεμος·
1573 2509 1693 2565 ἀντὶ
1720 2510 1837 2576 τοῦ,
1854 2512 1967 2566 Οὐκ

455 2573 598 2652 ἦσαν
654 2579 940 2652 ἰσόρροποι-
979 2573 1106 2652 περὶ
1311 2573 1520 2652 Edim).
1583 2582 1742 2634 Ἀλλά
1792 2573 1851 2636 τὸ
1908 2582 1966 2636 ἓν

467 2600 598 2648 ησσιν
654 2600 930 2651 ισορροποι
979 2600 1106 2652 περι
1154 2600 1253 2652 την
1311 2600 1420 2652 μαχ
1463 2600 1512 2634 ν.
1598 2600 1742 2634 ΑΛΑα
1792 2600 1851 2636 το
1908 2600 1965 2636 εν

467 2647 654 2718 μέρος,
693 2653 773 2712 εἰς
811 2648 991 2721 φυγὴν
1021 2651 1251 2723 τραπὲν,
1286 2600 1530 2724 ὲϐαρᾎθη
1562 2652 1638 2716 ὡς
1691 2653 1785 2706 ἐπὶ
1828 2651 1965 2708 πλά-

464 2731 703 2772 στιγγος.

464 2733 549 2770 στι
688 2757 703 2772 .

461 2733 956 2881 (Ἰθῖἒοτξμειωτέον,
977 2814 1060 2866 ὅτι
1075 2811 1204 2867 ἄνευ
1228 2811 1407 2877 αἰτίας
1432 2813 1686 2870 οὐδέποτε
1708 2816 1907 2888 ἡττᾶτο
1936 2817 1966 2869 6

407 2901 640 2973 Ἰσραήλ’
671 2903 752 2956 διὸ
783 2906 878 2958 καὶ⁵
908 2905 1203 2978 ἀνεζήτουν
1225 2907 1328 2978 τὴν
1350 2907 1548 2961 αἰτίαν.

395 2992 546 3064 Στίχ.
580 2999 654 3066 η’.
695 2998 761 3070 Οί
803 2995 1180 3070 πατάξαντες
1213 2997 1658 3070 ᾲτὴν-ᾼζγιξπτον
1687 2998 1760 3054 ἐν
1794 2999 1963 3070 πάσῃ

678 3065 903 3135 πληγῇ,
929 3068 1043 3137 (80)
1070 3069 1173 3122 καί
1198 3065 1364 3137 ἐντῇ
1394 3065 1610 3136 ἐρήμῳ.

2069 1865 2202 1919 itum
2244 1864 2477 1921 ﬁliorum
2516 1865 2652 1933 Heli,
2684 1880 2981 1935 areamque
3031 1867 3122 1921 Dei
3160 1869 3478 1938 capiendam
3520 1885 3642 1926 esse

2066 1956 2136 2011 ab
2183 1955 2546 2028 alienigenis:
2597 1967 2944 2028 praeoccupat
2995 1959 3235 2013 mulcere
3273 1959 3537 2028 auditum,
3571 1978 3640 2016 ne

2065 2047 2187 2115 quis
2219 2046 2360 2104 forte
2382 2058 2659 2118 reputaret
2687 2048 2884 2104 durum
2926 2064 3049 2104 esse
3084 2051 3272 2104 Deum.
3320 2051 3634 2120 Propterea,

2065 2147 2126 2191 ut
2151 2139 2394 2208 inquam,
2421 2149 2608 2194 narrat
2631 2142 2775 2209 quod
2810 2156 2918 2196 non
2957 2141 3120 2195 fuerit
3150 2142 3493 2198 imminutum
3517 2160 3636 2199 sees

2067 2231 2151 2286 lus
2176 2242 2232 2286 et
2255 2244 2534 2300 peccatum
2564 2232 2796 2288 ﬁliorum
2831 2231 2998 2288 Israel
3047 2233 3160 2305 (82)
3196 2244 3418 2304 propter
3463 2238 3637 2292 minas

2065 2332 2120 2375 et
2145 2323 2544 2392 praedictionem
2575 2324 2838 2380 adversus
2876 2324 3017 2390 illos,
3037 2325 3168 2395 quin
3205 2327 3384 2396 potius
3416 2337 3632 2382 auctum

2064 2412 2249 2468 fuerit.

2066 2505 2132 2559 V.
2164 2505 2221 2562 2.
2277 2505 2589 2570 Declinavit,
2651 2507 2848 2578 inquit,
2900 2508 3111 2580 bellum.
3148 2507 3275 2573 Pro,
3325 2525 3431 2564 non
3462 2525 3636 2580 teque

2139 2586 2314 2630 marte
2340 2587 2891 2651 pugnarepoterant.
2921 2579 3026 2634 Sed
3069 2595 3174 2651 una
3208 2595 3333 2649 pars
3367 2581 3419 2634 iu
3450 2579 3632 2651 fugam

2137 2660 2316 2711 versa,
2349 2647 2780 2716 praeponderavit
2811 2649 2956 2704 velut
2985 2651 3037 2705 in
3065 2647 3241 2705 lance.

2135 2819 2463 2890 Notandum,
2515 2837 2635 2878 sine
2683 2838 2847 2880 causa
2897 2839 3173 2896 nunquam
3217 2825 3422 2882 victum
3464 2825 3635 2882 Fuisse

2063 2911 2229 2966 lsrael
2255 2926 2268 2962 :
2301 2923 2590 2982 propterea
2620 2917 2786 2970 etiam
2814 2930 3032 2970 causam
3081 2917 3456 2986 requirebant.

2064 3004 2128 3060 γ.
2153 3005 2210 3061 8.
2251 3005 2357 3070 Qui
2383 3017 2745 3087 percusserunt
2774 3005 3068 3129 flgyptum
3106 3008 3162 3060 in
3193 3007 3335 3061 omni
3370 3009 3551 3078 plaga,
3579 3017 3629 3061 et

2694 3093 2752 3129 ιη
2817 3093 2928 3129 eser
2951 3094 3001 3128 ο.

2694 3093 2752 3130 ιη
2780 3093 3001 3130 aeserto.

476 3154 566 3208 Ἐν
610 3155 718 3228 γὰρ
764 3161 832 3230 τῇ
867 3161 1058 3230 ἐρήμῳ
1088 3160 1284 3224 αὐτοὺς
1330 3161 1457 3223 τοὺς
1502 3163 1650 3225 υἱοὺς
1693 3160 1906 3234 Ἰσραὴλ
1935 3163 1965 3216 ὁ

2137 3165 2195 3220 1η
2241 3165 2458 3222 deserto
2505 3166 2652 3222 enim
2702 3168 2962 3238 ipsosmet
2995 3168 3133 3223 ﬁlios
3161 3166 3328 3222 Israel
3359 3169 3500 3224 Deus
3537 3185 3637 3222 va-

394 3245 528 3312 Θεὸς
571 3247 847 3320 διαφόροις
874 3251 1111 3321 ἐδάμασε
1139 3250 1395 3323 πληγαῖς,
1429 3251 1616 3326 ὥσπερ
1644 3254 1768 3318 τοὺς
1800 3256 1965 3323 Αἰγυ-

393 3341 584 3406 πτίους
607 3344 664 3395 ὲν
693 3347 759 3415 τῇ
787 3344 1072 3416 Αἰγύπτῳ.

392 3433 542 3505 Στίχ.
576 3441 664 3504 ιγ’.
686 3431 816 3489 Ὅτι
830 3433 911 3508 ἦν
929 3438 968 3506 ἡ
997 3437 1211 3520 καρδία
1228 3437 1414 3520 αὺξοῦ
1436 3437 1801 3509 ἑξεστηκυῖα
1830 3440 1963 3508 περὶ

969 3511 1081 3576 τῆς
1112 3511 1378 3565 κιϐωτοῦ.

463 3594 708 3668 Εὐσεϐὴς
749 3597 776 3650 6
818 3597 938 3651 Ἠλὶ
989 3597 1111 3651 καθ’
1159 3599 1370 3653 ἑαυτόν.
1414 3599 1487 3653 Οὐ
1531 3598 1640 3672 γὰρ
1685 3602 1813 3673 περὶ
1865 3603 1965 3674 τῆς

394 3690 668 3762 σωτηρίας
705 3691 814 3744 τῶν
852 3691 1058 3745 τέκνων
1101 3692 1308 3761 ἠγωνία
1342 3694 1767 3765 προηγουμένως
1790 3735 1806 3759 ,
1849 3695 1962 3748 ἀλλ’

393 3781 534 3853 ὑπὲρ
565 3783 662 3854 τῆς
691 3781 945 3847 κιϐωτοῦ,
983 3783 1189 3854 μήποτε
1209 3783 1419 3852 γένοιτο
1459 3785 1564 3838 ὑπὸ
1590 3789 1701 3849 τοῖς
1733 3786 1963 3856 ἀλλοφύ-

393 3872 522 3938 λοιςο
548 3873 576 3926 ὂ
603 3874 666 3945 δὴ
690 3875 784 3927 καὶ
809 3875 1030 3945 συνέϐη.

392 3966 540 4038 Στίχ.
580 3974 669 4038 ιη’.
699 3966 808 4038 Kal
859 3967 1094 4037 ἐγένετο
1121 3963 1508 4038 ὠς-ἐμιῖήον-θη
1553 3963 1666 4034 τῆς
1711 3969 1960 4022 κιϐωτοῦ

427 4034 533 4091 τοῦ
575 4034 742 4100 Θεοῦ,
765 4038 863 4091 καὶ
882 4034 1104 4091 ἕπεο-εν
1124 4036 1241 4091 ἀπὸ
1261 4034 1365 4089 τοῦ
1377 4034 1590 4104 δίφρου
1619 4037 1924 4103 ὀπισθίως.

459 4129 582 4182 Τῶν
626 4129 756 4183 υἱῶν
781 4130 881 4200 τὴν
912 4129 1125 4198 σφαγὴν
1167 4127 1441 4197 ἐγνωκὼς,
1475 4128 1577 4180 οὐκ
1623 4127 1862 4196 ἀγεννῶς
1900 4129 1963 4200 ἦ·

390 4238 551 4289 νεγκε
608 4220 790 4292 πατὴρ
826 4221 920 4274 καὶ
958 4219 1268 4292 πρεσϐύτης
1299 4218 1394 4272 ὢν.
1432 4218 1542 4290 Τὴν
1585 4219 1766 4289 μέντοι
1794 4220 1961 4272 κιϐω-

389 4314 481 4366 τὸν
527 4313 848 4386 δοριάλωτον
897 4312 1224 4383 γεγενῆσθαι
1271 4309 1476 4382 μαθὼν,
1512 4309 1804 4373 κατέπεσε,
1865 4311 1962 4363 καὶ

387 4409 454 4478 τῇ
482 4407 582 4477 τῆς
602 4405 838 4476 ἀθυμίας
878 4405 1148 4478 ὑπερϐολῇ
1172 4404 1266 4457 τοῦ
1302 4404 1418 4474 βίου
1449 4405 1512 4458 τὸ
1541 4403 1692 4467 τέλος
1721 4403 1956 4471 ἐδέξατο.

1045 4497 1202 4549 ΚΕΦ.
1232 4496 1308 4548 E'.

384 4589 691 4661 Στίχ.γ’,δ’.
713 4586 1133 4661 Καὶῶρθρισαν
1156 4592 1210 4661 oi
1247 4587 1517 4661 Ἀζώτιοι,
1539 4587 1638 4661 καὶ
1667 4588 1958 4661 εἰσῆλθον

456 4658 544 4726 εἷς
564 4662 733 4713 οἷκον
753 4659 970 4727 Δαγὼν·
1004 4659 1101 4712 καὶ
1131 4658 1313 4721 εἶδον,
1339 4659 1436 4729 καὶ
1472 4659 1600 4729 ἰδοὺ
1625 4659 1827 4729 Δαγὼν
1850 4676 1957 4712 πε-

456 4730 699 4795 πτωκὼς
728 4729 825 4782 ἐπὶ
857 4730 1178 4797 πρόσωπον
1220 4728 1402 4783 αὑτοῦ
1434 4727 1688 4783 ἐνώπιον
1712 4727 1960 4784 κιϐωτοῦ

452 4801 560 4855 τοῦ
583 4799 747 4853 Θεοῦ.

457 4895 577 4947 Ἵνα
599 4893 798 4962 γνῶσιν
824 4893 872 4944 οἱ
900 4890 1204 4961 ἀλλόφυλοι,
1238 4891 1319 4943 ὅτι
1343 4888 1467 4943 οὔτε
1507 4892 1536 4944 6
1571 4888 1704 4954 Θεδς
1748 4888 1954 4962 ἡττήθη

383 4985 472 5040 διά
493 4986 602 5038 τῶν
637 4969 1002 5056 Ἰσραηλιτῶν,
1026 4983 1149 5036 οὔτε
1173 4982 1332 5035 αὐτὸν
1358 4983 1673 5054 νενικήκασι
1698 4983 1764 5052 τῇ
1782 4981 1959 5052 οἰκείᾳ.

383 5079 612 5150 δυνάμει
639 5095 654 5108 °
689 5077 824 5131 ἀλλά
849 5076 958 5130 τῶν
999 5074 1267 5128 Ἰουδαίων
1300 5075 1354 5126 αἱ
1383 5073 1649 5145 ἁμαρτίαι
1692 5073 1785 5125 καὶ
1829 5071 1958 5124 ἀσέ-

383 5173 526 5225 ϐειαι
559 5171 657 5241 τὴν
685 5165 856 5244 ἧτταν
889 5169 1244 5238 πεποιήκασι.
1294 5166 1562 5218 Πέπτωκε
1605 5163 1662 5217 δὲ
1709 5162 1814 5232 πρὸ
1856 5161 1957 5232 τῆς

382 5263 615 5317 κιϐωτοῦ
666 5265 695 5316 6
740 5261 949 5330 Δαγὼν,
992 5261 1090 5332 οὐχ
1132 5260 1220 5312 ἵνα
1251 5258 1628 5330 προσκυνήσῃ·
1661 5257 1721 5309 οὐ
1750 5257 1858 5328 γὰρ
1883 5251 1952 5327 ἦν

381 5353 551 5418 ἄξιοςο
571 5351 685 5406 ἀλλ’
711 5353 798 5407 ἵνα
831 5352 1088 5425 συντριϐῇ
1106 5367 1122 5382 ο
1157 5351 1185 5403 ὃ
1215 5350 1279 5423 δὴ
1309 5350 1402 5402 καὶ
1423 5347 1671 5417 γέγονεν.

428 5442 1315 5519 οί(81)Ἀζώτιοι,πεπτωκότατδν
1331 5439 1518 5511 Δαγὼν
1535 5438 1956 5511 ἀνορθώσαντες,

454 5601 566 5672 (79)
607 5600 734 5654 Haec
769 5612 960 5672 rursus
984 5605 1255 5672 pertinent
1291 5596 1358 5650 ad
1397 5611 1450 5650 ν.
1473 5595 1544 5672 ’5.

460 5602 544 5672 (79
607 5601 734 5654 Hrec
769 5612 960 5654 rursus
984 5605 1255 5668 pertinent
1291 5601 1358 5650 ad
1397 5611 1450 5650 v.
1491 5601 1544 5649 5.

460 5601 570 5743 (sui
599 5672 681 5726 Ab
709 5673 810 5726 Itoc
839 5667 952 5743 καί,
997 5668 1140 5736 quod
1182 5676 1359 5743 exstat
1415 5665 1578 5743 etiam
1621 5665 1676 5718 in
1712 5664 1830 5743 coll.
1860 5663 1944 5743 _A-

381 5735 629 5800 leranilr.
657 5743 854 5812 pendet
875 5738 1267 5807 interpretatio.
1296 5739 1461 5791 Abest
1494 5737 1546 5789 in
1583 5745 1732 5790 textu
1777 5735 1942 5790 llcbr.

699 5835 973 5895 PATBOL.
1005 5833 1126 5892 Gn.
1152 5832 1341 5894 XVII.

2065 3259 2165 3314 riis
2217 3261 2460 3316 edomuit
2493 3260 2684 3332 plagis,
2737 3261 3190 3330 quemadmodum
3251 3261 3534 3334 Egyptios
3576 3264 3634 3319 iu

2064 3350 2322 3421 Egypto.

2138 3442 2316 3500 v.15.
2358 3443 2498 3510 Quia
2543 3453 2658 3497 erat
2695 3459 2786 3497 cor
2823 3440 2939 3512 ejus
2991 3453 3140 3498 extra
3185 3459 3241 3498 se
3290 3443 3635 3498 constitutum

2631 3525 2843 3583 propter
2866 3531 3067 3568 arcam.

2137 3604 2264 3660 Pius
2287 3605 2404 3660 Heli
2443 3605 2494 3659 in
2523 3606 2721 3671 seipso.
2762 3603 2880 3659 Non
2932 3603 3078 3659 enim
3131 3619 3230 3674 pro
3283 3603 3457 3660 salute
3490 3603 3633 3658 ﬁlio-

2064 3712 2184 3752 rum
2217 3700 2516 3766 angebatur
2566 3696 2845 3765 primario,
2892 3696 2987 3752 sed
3039 3711 3137 3765 pro
3186 3711 3338 3760 arca,
3392 3711 3460 3752 ne
3493 3696 3635 3750 forte

2063 3788 2119 3843 in
2151 3799 2474 3858 potestatem
2508 3788 2938 3859 alienigenarum
2977 3789 3228 3844 veniret:
3269 3788 3414 3858 quod
3446 3787 3638 3858 utique

2062 3882 2308 3950 contigit.

2063 3969 2129 4025 V.
2169 3969 2255 4024 18.
2293 3969 2359 4024 Et
2389 3969 2581 4024 accidit
2607 3979 2661 4022 ut
2683 3969 2827 4036 facta
2853 3980 2928 4025 est
2978 3970 3172 4024 mentio
3223 3985 3366 4025 arcte
3407 3969 3538 4036 Dei,
3583 3983 3633 4023 et

2462 4042 2648 4093 cecidit
2676 4041 2740 4094 de
2768 4039 2900 4093 sella
2923 4050 3227 4093 retrorsum.

2131 4129 2264 4186 Cum
2315 4132 2554 4186 audisset
2602 4131 2838 4185 ﬁliorum
2891 4132 3115 4197 caedem,
3169 4144 3274 4184 non
3324 4127 3636 4200 ignobiliter

2073 4223 2216 4288 tulit,
2253 4224 2502 4293 quamvis
2532 4233 2587 4277 et
2624 4233 2798 4293 pater,
2829 4233 2885 4278 et
2921 4237 3110 4277 senex.
3136 4227 3208 4277 At
3232 4223 3320 4278 ubi
3365 4222 3633 4277 intellexit

2062 4329 2250 4370 arcam
2287 4315 2426 4370 bello
2454 4324 2664 4383 captam
2697 4313 2887 4379 fuisse,
2919 4315 3150 4381 corruit,
3173 4323 3226 4369 et
3263 4313 3434 4368 nimio
3461 4313 3633 4369 animi

2063 4423 2289 4478 angore,
2321 4409 2444 4461 vitae
2473 4405 2633 4460 linem
2659 4406 2891 4474 accepit.

2712 4497 2864 4553 CAP.
2906 4497 2968 4552 ν.

2062 4592 2176 4649 νν.
2210 4593 2266 4654 ὅ,
2299 4591 2354 4646 ι.
2394 4590 2467 4646 Et
2509 4600 2852 4645 surrexerunt
2883 4607 3040 4644 mane
3079 4591 3252 4644 Aeolii
3272 4630 3289 4656 ,
3320 4600 3368 4644 et
3413 4594 3635 4657 ingressi

2130 4648 2265 4717 sunt.
2287 4664 2498 4716 domum
2535 4663 2758 4730 Dagon:
2800 4670 2850 4715 et
2894 4664 3160 4720 uiderunt.
3203 4648 3395 4732 etecce
3441 4648 3630 4732 ﬁagon

2131 4735 2308 4802 lapsus
2342 4738 2396 4786 in
2424 4732 2609 4797 faciem
2640 4748 2794 4785 suam
2823 4749 3001 4786 coram
3039 4749 3166 4785 arca
3195 4731 3313 4784 Dei.

2136 4886 2206 4941 Ut
2231 4887 2439 4942 scirent
2467 4887 2810 4956 alienigenae,
2841 4886 2982 4955 quod
3013 4899 3113 4940 nec
3141 4885 3282 4940 Deus
3317 4886 3489 4940 victus
3512 4886 3631 4942 lue-

2062 4987 2147 5030 rat
2178 4987 2401 5046 propter
2445 4975 2746 5041 lsraelitas,
2779 4992 2882 5032 nec
2923 4978 3097 5046 ipsum
3138 4976 3383 5030 vicerant
3413 4979 3629 5046 prepria

2057 5068 2302 5122 virtute:
2335 5069 2430 5122 sed
2472 5067 2779 5123 Iudaeorum
2811 5079 3030 5138 peccata
3077 5077 3130 5123 et
3170 5068 3478 5138 impietates
3520 5069 3634 5123 cla-

2056 5161 2180 5217 dem
2215 5159 2528 5216 ell‘ecerant.
2554 5160 2764 5218 Cecidit
2783 5176 2912 5216 vero
2941 5169 3067 5214 ante
3087 5175 3269 5214 arcam
3300 5160 3502 5231 Dagon,
3522 5176 3630 5214 non

2057 5261 2114 5306 ut
2148 5253 2441 5317 adoraret;
2473 5267 2648 5322 neque
2683 5254 2830 5307 enim
2858 5251 3054 5322 dignus
3079 5262 3223 5307 erat:
3264 5253 3357 5308 sed
3401 5263 3460 5306 ut
3498 5267 3633 5308 con-

2063 5353 2369 5399 tereretur:
2403 5344 2548 5414 quod
2577 5343 2744 5400 etiam
2767 5344 2985 5399 accidit.

2135 5435 2316 5491 ΔιοιῘί
2347 5435 2554 5506 lapsum
2605 5434 2876 5505 Dagonetn
2917 5435 3214 5506 erigentes,
3263 5436 3523 5491 damnant
3561 5449 3632 5490 ex

2127 5594 2240 5665 (8i)
2269 5593 2362 5649 Sic
2404 5596 2668 5665 sequitur,
2708 5609 2813 5652 non
2849 5602 3058 5652 mutato
3113 5607 3352 5652 auctoris
3386 5607 3630 5652 nomine.

2133 5664 2247 5738 (ss)
2280 5665 2438 5722 Forte
2468 5664 2610 5720 Heli.

3321 5820 3362 5880 2
