4186 6428
513 309 583 364 45
1391 313 1952 372 SUPPLEMENTUM
1990 316 2080 370 AD
2115 314 2446 374 ORIGENIS
2485 315 2899 374 EXECETICA.
3687 320 3758 375 ιι

515 423 922 494 comparatione
962 426 1099 482 filios
1131 425 1321 483 lsrael.
1361 429 1440 483 Illi
1469 445 1701 502 namque
1726 447 1852 487 cum
1885 433 2075 487 iterum

2185 433 2507 502 κατέκριναν
2530 433 2594 486 ὲκ
2621 433 2973 504 παραθέσεως
2989 431 3112 494 τοὺς
3140 431 3286 494 υἱοὺς
3324 431 3636 503 ’1σραήλ.Οί
3660 435 3764 504 μὲν

519 517 702 588 Dagon
737 519 1056 584 corruisset,
1099 532 1367 591 caputque
1393 522 1539 578 illius
1578 533 1634 578 et
1662 526 1856 593 pedum
1891 539 2084 578 manu-

519 624 718 679 umque
741 611 1122 666 extremitates
1149 613 1346 668 excisae
1373 623 1580 680 essent,
1608 625 1664 669 et
1705 615 1758 670 in
1787 615 1973 669 limine
1997 615 2085 684 ja-

515 711 742 766 cerent;
777 716 948 772 usque
983 703 1120 757 adeo
1159 718 1265 759 non
1299 714 1676 774 temperarunt
1706 720 1736 760 a
1758 706 1952 761 n0titia
1976 705 2087 761 cla-

513 793 618 858 dis,
657 808 818 862 quam
870 790 1006 848 deus
1035 793 1276 864 ipsorum
1313 797 1577 852 contritus
1600 797 1806 862 retulit,
1835 806 1900 852 ut
1922 810 1987 851 ex
2020 810 2088 852 eo

515 895 759 955 tempore
785 901 890 940 non
936 885 1170 953 amplius
1200 886 1377 942 limini
1420 889 1751 953 insisterent,
1789 889 1835 944 si
1870 889 2086 960 quando

510 993 634 1032 cum
678 978 954 1034 adoraturi
1004 979 1471 1050 ingrediebantur,
1499 989 1783 1051 propterea
1833 982 1980 1051 quod
2012 982 2086 1037 ibi

512 1069 654 1126 illius
668 1072 907 1127 membra
919 1072 1305 1142 jacuerunt,de
1313 1073 1510 1143 quibus
1524 1073 2085 1130 commemoravimus.

509 1166 580 1218 At
624 1163 785 1221 Israel
825 1166 1088 1221 invictum
1136 1165 1344 1220 habens
1395 1167 1584 1233 Deum,
1614 1167 1695 1222 sic
1737 1167 1905 1238 impie
1952 1168 2084 1237 egit.

1141 1298 1296 1355 CAP.
1326 1298 1443 1353 XV.

511 1389 578 1446 ν.
636 1391 725 1446 Ιθ.
783 1391 850 1446 Et
901 1391 1005 1460 fuit
1066 1395 1284 1515 verbis:
1348 1392 1560 1447 Domini
1614 1395 1684 1448 ad
1743 1393 2084 1464 Samuclem,

1237 1478 1254 1514 ι
1285 1478 1376 1515 ens
1399 1477 1418 1515 :

1237 1477 1376 1516 ιοεηε
1399 1477 1418 1515 .’

605 1551 670 1606 V.
700 1552 788 1606 Η.
823 1541 1197 1616 Ρωηὶιιιὶίπιε,
1230 1554 1368 1622 quod
1401 1552 1530 1606 anxi
1563 1549 1697 1606 Saul
1721 1551 1775 1606 in
1800 1569 1992 1624 regem.

583 1705 1044 1778 Quemadmodum
1073 1708 1350 1763 hmumum
1379 1722 1595 1774 manus,
1625 1718 1683 1765 et
1705 1724 1823 1780 pes,
1864 1720 1922 1768 et
1953 1727 2078 1769 ocn-

2191 522 2318 594 γὰρ,
2353 523 2602 594 δεύτερον
2620 523 2714 576 τοῦ
2737 524 2926 592 Δαγὼν
2954 524 3322 587 πεπτωκότος,
3353 525 3446 577 καὶ
3472 524 3570 594 τῆς
3592 542 3760 595 κεφα-

2188 613 2306 682 λῆς,
2334 614 2429 665 καὶ
2459 613 2567 665 τῶν
2599 613 2778 666 ποδῶν
2804 614 2898 666 καὶ
2926 614 3125 686 χειρῶν
3164 613 3274 666 τῶν
3304 613 3488 685 άκρων
3520 616 3764 688 ἀποτμη.

2189 703 2411 768 θέντων,
2467 705 2563 756 καὶ
2617 707 2676 758 ὲν
2712 705 2791 775 τῷ
2841 704 2981 775 οὐδῷ
3015 706 3304 775 κειμένων,
3342 705 3595 760 τοσοῦτον
3623 706 3760 761 ἀπι-

2190 813 2380 866 σχοντο
2408 795 2504 850 τοῦ
2527 798 2652 868 (μὴ)
2685 796 2887 866 γνῶναι
2913 795 3012 867 τὴν
3035 791 3224 866 ἧτταν,
3266 796 3334 867 ἢν
3364 798 3394 850 ὁ
3432 797 3552 861 θεὸς
3580 797 3763 853 αὐτῶν

2187 888 2395 958 ἡττήθη
2441 887 2767 958 συντριϐεὶς,
2812 885 2943 939 ὥστ’
2968 886 3028 952 ἐξ
3072 886 3281 939 ἐκείνου
3329 886 3558 958 μηδέπω
3599 886 3756 940 οὐδοῦ

2187 955 2506 1042 ἐπιθαίνειν,
2537 955 2701 1049 ἡνίκα
2726 979 2792 1033 ἂν
2819 979 3018 1033 εἰσίασι
3052 955 3373 1050 προσκυνεῖν
3393 955 3543 1050 αὐτῷ
3563 1017 3581 1044 ,
3607 979 3689 1048 ἐφ’
3715 971 3763 1046 ᾧ

2187 1070 2397 1125 ἐκειντο
2409 1070 2572 1124 αὐτοῦ
2599 1071 2668 1124 τά
2701 1070 2861 1142 μέρη,
2884 1064 2959 1126 ῶν
2979 1070 3484 1142 ἐμνημονεύσαμεν.
3521 1070 3580 1123 Ὀ
3610 1070 3668 1124 δέ
3695 1088 3760 1141 γε

2202 1162 2435 1235 Ἰσραὴλ,
2457 1163 2723 1234 ἀήττητον
2745 1162 2884 1233 ἔχων
2903 1163 2994 1218 τὸν
3018 1163 3172 1230 Θεὸν,
3201 1163 3374 1227 οὕτως
3395 1162 3602 1234 ἠσέϐει.

2816 1297 2972 1350 ΚΕΦ.
3011 1298 3114 1351 1Ε⁹.

2187 1389 2335 1460 Στίχ.
2365 1396 2415 1443 ι’.
2433 1389 2542 1443 Kal
2571 1387 2825 1459 ἐγενήθη
2840 1389 3256 1529 ᾝιφίου
3284 1392 3433 1458 πρὸς
3451 1392 3756 1462 Σαμουὴλ,

2185 1551 2336 1622 Στίχ.
2375 1557 2460 1605 ια’.
2483 1549 3132 1687 Μεταμεμὲἷέηέεισ,
3147 1551 3364 1621 ἕχρισα
3405 1553 3510 1608 τὸν
3558 1555 3756 1609 Σαοὺλ

2258 1712 2392 1783 (82⁸)
2415 1714 2624 1785 Ὠσπερ
2639 1712 2938 1783 ἀνθρώπων
2957 1714 3055 1784 μὲν
3070 1715 3190 1785 χεὶρ
3206 1716 3296 1768 καὶ
3311 1712 3446 1780 ποῦς
3462 1717 3556 1770 καὶ
3568 1716 3757 1787 ὀφθαλ-

511 1801 615 1865 lus,
645 1810 699 1854 et
727 1800 893 1865 auris,
927 1809 983 1855 et
1005 1799 1052 1854 si
1092 1805 1218 1864 quid
1271 1799 1578 1869 huiusmodi
1626 1801 1956 1868 nominatur,
2007 1805 2075 1859 εἰ·

2185 1804 2285 1875 μὸς
2305 1782 2397 1858 καῖ
2413 1801 2526 1868 οὕς,
2543 1782 2638 1860 καὶ
2653 1804 2707 1858 ei
2724 1782 2775 1858 τι
2808 1782 3048 1860 τοιοῦτον
3072 1782 3421 1878 νόνομάζεται,
3445 1782 3756 1879 σημαντικὰ

509 1889 818 1958 gnificativa
857 1897 984 1943 sunt
1036 1892 1405 1944 membrorum
1468 1891 1641 1946 nostri
1690 1893 1977 1963 corporis;
2025 1894 2082 1950 in

511 1984 621 2038 Deo
648 1992 848 2047 autem,
875 1997 1071 2038 manus
1101 1982 1617 2040 innuitcreatricem
1643 1984 1923 2052 virtutem,
1951 2001 2081 2042 ocn-

508 2075 591 2130 lus
617 2076 724 2131 vim
751 2077 932 2131 omnia
966 2077 1318 2145 inspiciendi;
1359 2077 1509 2132 auris
1533 2077 1834 2146 potentiam
1858 2079 2080 2134 univer‘

508 2184 566 2223 sa
596 2168 874 2235 audiendi,
931 2183 1025 2240 pes
1077 2185 1206 2225 vero
1249 2171 1398 2226 illius
1437 2170 1808 2239 praesentiam,
1858 2173 2080 2240 quando

507 2262 636 2332 quid
671 2270 978 2332 operatur:
1013 2263 1094 2317 sic
1145 2262 1225 2317 ira
1275 2262 1368 2318 Dei
1411 2263 1615 2318 dicitur
1657 2263 1916 2330 eruditio,
1967 2278 2077 2334 qua

507 2354 723 2423 quidam
758 2355 1120 2424 castigantur,
1148 2370 1257 2409 non
1291 2354 1384 2410 Dei
1411 2356 1612 2424 passio.
1640 2353 1966 2409 Pmnitentia
1997 2363 2080 2410 est

507 2445 790 2500 translatio
819 2445 1014 2500 divinae
1040 2446 1458 2514 dispensationis
1479 2447 1549 2501 dc
1573 2462 1629 2500 re
1652 2448 1718 2501 ad
1749 2462 1862 2501 rem
1891 2447 2077 2502 aliam.

503 2536 657 2604 Quod
687 2536 831 2591 enim
867 2551 967 2592 nos
1000 2537 1312 2606 paenitendo
1338 2536 1588 2602 facimus,
1620 2539 1672 2592 id
1703 2549 1786 2594 est
1810 2541 2078 2596 evitamus

505 2645 568 2684 ea
601 2644 831 2698 quorum
853 2642 952 2683 nos
973 2630 1222 2698 paenitet,
1244 2629 1347 2683 alia
1371 2643 1502 2683 vero
1527 2629 1748 2684 meliora
1771 2641 2073 2699 sectamur;

505 2721 558 2776 id
587 2718 680 2774 Dei
711 2719 1025 2789 poenitentia
1053 2729 1298 2774 vocatur.
1362 2718 1560 2790 thuid
1594 2721 1776 2776 istuc?
1804 2720 2074 2788 Quoniam

506 2813 915 2866 accommodate
954 2819 1212 2880 quantum
1245 2811 1360 2865 fieri
1389 2820 1602 2880 poterat
1637 2812 1704 2866 ad
1749 2827 1836 2868 res
1882 2829 2076 2883 corpoo

519 2918 642 2959 reas
688 2904 973 2972 oportebat
1037 2913 1097 2957 ut
1140 2901 1512 2958 hebetioribus
1540 2904 1817 2974 propheta:
1862 2905 1929 2960 de
1964 2905 2075 2961 Deo

505 2997 882 3067 loquerentur,
924 3004 982 3050 ut
1033 3011 1116 3050 res
1160 2995 1304 3050 illius
1345 2995 1463 3065 capi
1493 3005 1736 3066 possent.
1783 2997 1886 3064 Qui
1925 2999 2072 3054 enim

2181 1896 2290 1950 τῶν
2312 1896 2488 1967 μελῶν
2524 1896 2618 1950 τοῦ
2651 1897 2919 1968 ἡμετέρου
2942 1897 3192 1969 σώματός
3216 1900 3363 1953 ἐστιν
3382 1918 3394 1930 ο
3420 1900 3513 1954 lett
3534 1901 3591 1954 δὲ
3618 1901 3755 1955 Θεοῦ

2181 1986 2302 2056 χεὶρ
2324 1985 2422 2055 μὲν
2449 1985 2512 2038 τὸ
2534 1985 3238 2059 δημιουργικὸν,ὁφθαλμὸς
3259 1989 3316 2042 δὲ
3337 1989 3400 2042 τὸ
3431 1991 3750 2046 ἑποπτικόν·

2181 2075 2276 2129 καὶ
2298 2070 2391 2138 οῦς
2420 2075 2517 2145 μὲν
2534 2075 2596 2128 τὸ
2622 2075 2964 2138 ἀκουστικὸν,
2984 2075 3119 2139 ποῦς
3141 2076 3198 2129 δὲ
3225 2076 3286 2130 τὸ
3300 2075 3402 2147 τῆς
3427 2079 3751 2149 παρουσίας,

2178 2167 2254 2221 ὅτ’
2279 2166 2347 2220 ἂν
2371 2168 2565 2238 ἐνεργῇ
2607 2183 2661 2218 τι
2696 2183 2710 2196 ο
2752 2165 2896 2219 οὕτω
2929 2167 3022 2221 καὶ
3044 2166 3214 2238 θυμὸς
3248 2169 3346 2238 μὲν
3372 2169 3504 2222 Θεοῦ
3539 2169 3753 2238 λέγεται

2181 2257 2418 2321 παιδεία,
2443 2259 2476 2327 ἡ
2495 2256 2636 2311 κατὰ
2656 2256 2766 2310 τῶν
2796 2258 3086 2323 παιόντων,
3108 2260 3170 2311 οὺ
3196 2258 3365 2323 πάθος
3387 2259 3521 2314 Θεοῦ
3541 2278 3554 2290 ·
3587 2278 3752 2331 μετα-

2181 2351 2369 2422 μέλεια
2403 2351 2461 2404 δὲ
2493 2352 2527 2421 ἡ
2556 2350 2665 2404 ἀπὸ
2708 2351 3031 2422 πράγματος
3079 2353 3160 2416 είς
3196 2354 3428 2425 πρᾶγμα
3464 2354 3751 2425 μετάθεσις

2177 2443 2277 2513 τῆς
2320 2441 2415 2497 τοῦ
2439 2442 2575 2495 Θεοῦ
2607 2443 2940 2513 οἰκονομίας.
2983 2445 3050 2496 Ὀ
3083 2443 3191 2515 γὰρ
3220 2445 3379 2514 ἡμεῖς
3412 2445 3749 2516 μεταμελού-

2181 2551 2331 2606 μενοι
2371 2532 2660 2604 ποιοῦμεν,
2688 2534 2966 2587 τουτέστιν
2991 2536 3173 2587 ἐκεῖνα
3206 2535 3304 2604 μὲν
3348 2535 3620 2606 φεύγομεν
3664 2537 3750 2605 ἐφ’

2175 2621 2257 2690 οἷς
2288 2625 2759 2697 μετεμελήθημεν,
2791 2625 2953 2697 ἕτερα
2978 2626 3035 2680 δὲ
3062 2625 3330 2697 διώκομεν
3370 2625 3440 2679 τὰ
3469 2626 3700 2697 κρείττω
3731 2643 3745 2657 ·

2175 2718 2334 2772 τοῦτο
2361 2718 2693 2789 μεταμέλεια
2724 2717 2858 2771 Θεοῦ
2888 2719 3124 2787 λέγεται.
3151 2719 3250 2771 Διὰ
3268 2719 3354 2782 τί;
3404 2718 3618 2789 Ἐπειδὴ
3654 2736 3751 2772 σω-

2178 2807 2550 2881 ματικώτερον
2587 2811 2698 2873 τοῖς
2728 2809 3050 2881 βαρυτάτοις
3081 2810 3181 2881 τὴν
3227 2809 3465 2862 διάνοιαν
3488 2808 3593 2860 ἔδει
3622 2808 3751 2878 περὶ

2174 2901 2271 2956 τοῦ
2301 2902 2438 2956 Θεοῦ
2459 2903 2584 2966 τοὺς
2613 2903 2899 2974 προφήτας
2930 2902 3159 2973 ὁμιλεῖν,
3180 2902 3267 2954 ῖνα
3300 2900 3544 2972 χωρηθῇ·
3573 2901 3749 2972 οίγὰρ

2173 2994 2314 3063 ἀγάλ
2320 3011 2460 3066 ματα
2471 2993 2615 3066 άπερ
2625 2993 2853 3062 ἔγλυφον
2869 2994 2963 3047 καὶ
2976 2992 3238 3063 ἐχώνευον
3252 2991 3406 3056 θεοὺς
3417 2991 3749 3062 νομίζοντες,

502 3098 715 3144 statuas
750 3103 887 3156 quas
928 3087 1245 3158 sculpebant
1279 3085 1362 3142 v'el
1393 3086 1714 3154 fundebant,
1760 3089 1890 3145 deos
1918 3090 2070 3145 arbi-

2175 3085 2272 3158 ἤδη
2288 3086 2347 3140 δὲ
2369 3088 2462 3141 καὶ
2481 3087 2672 3155 ἄλογα,
2701 3086 2819 3149 πῶς
2849 3084 2915 3139 ἂν
2944 3085 3227 3156 ἐχώρησαν
3248 3084 3337 3136 διὰ
3364 3083 3747 3154 πνευματικῶν

510 3179 817 3245 trahantur,
857 3192 946 3232 res
976 3175 1267 3245 cmteroqui
1305 3177 1515 3233 ratione
1558 3177 1865 3242 destitutas,
1917 3179 2072 3248 quei-

503 3285 626 3324 nam
665 3268 936 3339 cepissent
956 3283 1054 3338 per
1093 3267 1402 3338 spirituales
1426 3268 1784 3339 cogitationes
1812 3277 1867 3324 et
1886 3270 2072 3337 verba,

497 3378 562 3419 ea
612 3379 733 3434 quae
767 3363 833 3418 de
871 3363 980 3418 Deo
1009 3361 1367 3418 dicerentur?

1133 3474 1200 3530 Et
1221 3476 1410 3530 iterum
1436 3491 1454 3529 :

568 3564 625 3620 Si
661 3565 916 3622 universa
941 3566 1194 3636 praevidit
1222 3567 1385 3634 Deus,
1415 3581 1516 3623 nec
1559 3566 1627 3623 de
1661 3567 1731 3624 iis
1770 3583 1890 3640 quae
1920 3571 2074 3627 novit

499 3658 777 3722 irascitur,
821 3667 915 3714 aut
954 3658 1280 3729 paenitentia
1335 3658 1597 3726 ducitur;
1655 3675 1766 3716 non
1807 3671 1895 3717 est
1941 3677 2073 3732 ergo

497 3749 680 3819 passio
707 3764 827 3819 qua:
857 3749 910 3804 in
946 3749 1115 3805 Deum
1136 3751 1313 3814 cadat,
1343 3750 1424 3805 ira
1449 3749 1536 3806 vel
1563 3752 1887 3822 paenitentia
1917 3771 1933 3809 :
1976 3755 2074 3810 sed

500 3842 595 3894 iraa
629 3854 766 3910 Opus
797 3851 883 3896 est
915 3841 1170 3909 punitio;
1218 3842 1362 3910 quod
1405 3850 1462 3896 et
1488 3841 1556 3897 ad
1584 3843 1962 3912 paenitentiam
1995 3845 2072 3901 si-

497 3929 699 3985 militer
735 3929 1172 3984 transferendum
1205 3947 1219 3984 :
1256 3944 1374 3999 qua:
1415 3940 1498 3985 est
1545 3932 1830 3989 derelictio
1878 3933 2074 4003 prioris

493 4016 698 4086 operis,
728 4025 784 4071 et
823 4016 1113 4071 translatio
1147 4018 1202 4071 in
1237 4017 1397 4073 aliam
1427 4019 1916 4090 dispensationem.
1977 4022 2071 4080 Sic

491 4116 549 4161 et
583 4107 648 4162 de
684 4107 861 4178 gladio
903 4108 1103 4164 dicitur
1133 4127 1147 4163 :
1189 4107 1379 4166 Gladio
1416 4123 1590 4178 acute,
1640 4123 1815 4167 macta
1839 4113 1903 4166 ³⁷.
1932 4111 2068 4170 Item

491 4215 685 4255 manus
709 4201 890 4256 ferrea
924 4204 1239 4258 nominatus
1263 4213 1348 4259 est
1377 4203 1633 4260 Salomon
1660 4223 1676 4260 :
1707 4203 1778 4260 Ut
1804 4207 1995 4276 eripiat
2018 4217 2069 4262 te

492 4295 558 4349 de
590 4311 748 4349 manu
779 4297 956 4364 ferrea
1001 4307 1050 4352 et
1081 4297 1257 4368 gladio
1285 4299 1355 4357 ³⁸.
1403 4299 1473 4356 Ut
1504 4300 1673 4356 David
1729 4302 1942 4372 inquit:
1998 4302 2067 4357 In

490 4401 678 4440 manus
708 4386 874 4455 gladii
905 4390 973 4445 '°.
1006 4387 1210 4446 Eodem
1238 4393 1399 4448 modo
1431 4393 1646 4449 animus
1680 4394 1770 4449 Dei
1797 4395 1956 4450 irasci
1986 4397 2069 4452 di-

2175 3176 2464 3248 νοημάτων
2496 3193 2556 3230 τε
2577 3176 2672 3230 καὶ
2701 3175 2961 3248 ῥημάτων
2993 3175 3062 3229 τὰ
3089 3191 3155 3227 πε
3164 3176 3220 3246 pl.
3262 3173 3400 3228 Θεοῦ
3443 3173 3745 3244 λεγόμενας

2775 3473 2884 3528 Καὶ
2916 3472 3122 3527 πάλιν·

2243 3566 2306 3619 Ei
2335 3565 2511 3620 πάντα
2544 3564 2792 3637 προεῖδεν
2824 3566 2853 3617 ὁ
2885 3564 3038 3628 Θεὸς,
3065 3565 3166 3616 οὐκ
3200 3563 3293 3634 ἀφ’
3323 3557 3401 3618 ὧν
3425 3557 3484 3615 δὲ
3512 3554 3620 3615 οἶδε
3651 3561 3745 3616 θυ-

2175 3656 2371 3729 μοῦται
2402 3657 2436 3728 ἢ
2470 3656 2874 3728 μεταμελεὴαι·
2909 3655 2971 3709 οὐ
3000 3656 3170 3719 πάθος
3211 3655 3320 3726 ἄρα
3340 3653 3475 3707 Θεοῦ
3496 3653 3686 3724 θυμὸς,
3710 3652 3745 3723 ἢ

2175 3747 2527 3820 μεταμέλεια·
2557 3746 2693 3802 ἀλλὰ
2719 3747 2813 3801 τοῦ
2847 3746 3021 3819 θυμοῦ
3045 3746 3204 3819 ἔργον
3231 3749 3265 3819 ἡ
3293 3747 3532 3812 κόλασις
3561 3748 3655 3800 καὶ
3684 3745 3747 3798 τὸ

2169 3841 2269 3912 τῆς
2315 3837 2676 3910 μεταμελείας
2715 3838 2946 3910 ὁμοίως·
2992 3839 3294 3902 ἀπόστασις
3335 3837 3431 3892 τοῦ
3479 3838 3745 3909 προτέρου

2171 3930 2516 4002 πράγματος,
2550 3930 2839 4001 μετάθεσις
2864 3930 2921 3984 δὲ
2945 3931 3025 3995 είς
3059 3929 3158 4001 τὴν
3180 3931 3374 4002 ἑτέραν
3409 3930 3742 4000 οἰκονομίαν.

2170 4023 2327 4076 Οὕτω
2353 4021 2446 4076 καὶ
2469 4022 2596 4092 περὶ
2624 4020 2896 4093 ῥομφαίας
2924 4020 3158 4090 λέγεται·
3190 4020 3480 4089 Ῥομφαία
3503 4021 3747 4084 ὀξύν-(ηυ-

2169 4127 2273 4176 σα,
2297 4112 2512 4183 σφάζε.
2535 4111 2692 4167 Οὕτω
2706 4113 2800 4166 καὶ
2823 4114 2945 4184 χεὶρ
2958 4111 3271 4184 ὠνόμασται
3294 4111 3513 4181 σιδήρου
3537 4113 3565 4162 ὁ
3588 4111 3745 4162 Σολο-

2171 4207 2330 4278 μῶν⁶⁶
2363 4209 2486 4262 ἰνα
2506 4207 2768 4275 ρύσηταί
2792 4221 2865 4260 σε
2886 4205 2956 4258 ἐκ
2979 4205 3178 4274 χειρὸς
3205 4202 3457 4271 σιδήρου
3477 4203 3578 4259 καὶ
3601 4204 3749 4271 ῥομ-

2167 4300 2384 4370 scatat,"
2411 4300 2489 4364 ὡς
2535 4301 2565 4354 ὁ
2606 4299 2770 4354 Δαυῖδ
2805 4312 2968 4367 φησιν
2992 4313 3006 4326 ·
3050 4297 3155 4362 Εἰς
3196 4294 3398 4363 χεῖρας
3423 4296 3743 4364 ῥομφαίας.

2169 4391 2328 4446 Οὕτω
2355 4392 2450 4445 ut
2469 4392 2499 4444 ὁ
2523 4391 2695 4462 θυμὸς
2718 4388 2814 4443 τοῦ
2839 4387 2976 4442 Θεοῦ
3003 4386 3319 4459 ὀργίζεσθαι
3359 4387 3608 4457 λέγεται,
3652 4389 3748 4440 καὶ

492 4479 653 4543 citur,
693 4488 748 4532 et
780 4479 974 4535 faciem
1013 4482 1216 4538 habere
1258 4494 1502 4553 peccata,
1540 4486 1836 4541 secundum
1874 4486 2064 4554 David,

2175 4482 2461 4553 πρόσωπον
2491 4481 2636 4553 ἔχειν
2659 4479 2934 4552 ἁμαρτίας
2960 4478 3101 4533 κατὰ
3118 4478 3209 4531 τὸν
3235 4479 3416 4543 Δαυῑδ,
3451 4481 3545 4533 καὶ
3574 4479 3743 4550 πρόσ-

491 4576 548 4622 et
572 4567 768 4622 faciem
799 4569 878 4623 ira
917 4569 1032 4634 Dei,
1059 4570 1201 4626 sicut
1252 4572 1304 4626 in
1337 4572 1548 4641 psalmo
1591 4573 1871 4630 tricesimo
1899 4575 2066 4644 septi-

491 4675 628 4715 mo:
671 4673 725 4716 et
749 4662 1002 4717 manibus
1033 4664 1290 4734 plaudere
1335 4663 1579 4720 flumina.
1611 4665 1723 4722 Nec
1760 4677 1940 4723 tamen
1969 4667 2067 4723 liu—

490 4751 636 4805 mina
667 4765 862 4806 manus
887 4753 1110 4818 habent,
1146 4753 1232 4809 vel
1259 4753 1450 4810 faciem
1479 4767 1722 4825 peccata.
1750 4757 1921 4813 Nemo
1960 4759 2064 4830 igi-

494 4852 581 4897 tur
621 4857 692 4897 cx
750 4843 816 4898 iis
862 4859 982 4914 quae
1026 4846 1391 4916 corporaliter
1433 4849 1502 4904 de
1537 4851 1646 4905 Deo
1688 4850 1947 4906 dicuntur
1999 4853 2066 4908 ad

489 4944 704 5004 captum
741 4945 1005 5004 veterum,
1039 4937 1132 4992 Dei
1154 4953 1353 5006 corpus
1377 4941 1600 5010 cogitet,
1627 4951 1717 4997 aut
1759 4942 1909 4998 illum
1935 4958 2062 5014 pas-

488 5026 735 5081 sionibus
759 5036 990 5081 scatere.

556 5113 891 5172 Mutabilitas
915 5119 1202 5175 sententia:
1233 5121 1486 5177 humana:
1509 5138 1614 5178 non
1645 5133 1728 5180 est
1761 5124 2064 5182 attribuen-

485 5205 551 5258 da
586 5205 716 5264 Deo.
741 5205 850 5262 Nos
878 5208 1022 5263 enim
1049 5210 1102 5264 in
1140 5211 1295 5267 nobis
1334 5213 1469 5282 ipsis
1512 5217 1838 5272 mutationes
1866 5217 2061 5275 divina:

485 5297 927 5366 dispensationis,
959 5316 1079 5371 quae
1115 5304 1273 5359 nobis
1317 5305 1439 5372 jure
1469 5307 1812 5378 contingant,
1860 5322 2058 5378 opera-

485 5402 629 5455 mur,
681 5389 808 5444 dum
847 5391 1096 5462 indignos
1127 5409 1226 5450 nos
1274 5396 1580 5465 praebemus
1627 5409 1850 5470 propter
1893 5417 2056 5473 opera

486 5482 714 5548 honore,
745 5497 906 5553 quem
942 5485 1170 5556 largitur
1201 5486 1366 5543 Deus.
1391 5488 1528 5544 Cum
1560 5490 1731 5560 igitur
1768 5494 2058 5562 repudias-

536 5615 600 5646 δ’
629 5615 828 5672 Ezccb.
858 5632 976 5684 ιιι,
1007 5617 1063 5674 9.
1139 5617 1183 5650 ⁸⁸
1224 5622 1367 5679 Psal.
1393 5641 1452 5691 ιι,
1474 5625 1528 5682 9.
1621 5622 1667 5658 ³⁸
1689 5622 1895 5682 Psalm-
1923 5623 2149 5696 ull.“-

559 5774 696 5846 (εει)
723 5775 947 5832 Confer.
990 5786 1122 5835 tom.
1158 5777 1268 5849 xu,
1301 5779 1405 5837 col.
1444 5779 1568 5837 99:.

2169 4590 2318 4628 ωπον
2348 4575 2378 4628 ὁ
2407 4573 2500 4627 τοῦ
2545 4572 2680 4627 Θεοῦ
2723 4571 2912 4643 θυμὸς,
2940 4575 3014 4635 ὼς
3029 4573 3086 4625 ὲν
3109 4569 3188 4641 τῷ
3209 4571 3515 4642 τριακοστῷ
3535 4571 3747 4642 ἑόὃόμῳ

2169 4662 2386 4734 ψαλμῷ·
2417 4665 2511 4717 καὶ
2529 4664 2717 4736 χερσὶν
2738 4664 2788 4716 οἱ
2814 4663 3049 4733 ποταμοὶ
3075 4664 3305 4734 κροτεῖν.
3335 4663 3472 4717 Οὕτε
3497 4663 3553 4716 δὲ
3580 4680 3746 4717 ποτα-

2175 4757 2293 4828 μοῖς
2331 4756 2510 4828 χεῖρές
2552 4759 2725 4821 εἰσιν,
2769 4753 2898 4809 οὕτε
2945 4754 3234 4827 πρόσωπον
3291 4754 3603 4827 ἁμαρτίαις.
3652 4755 3744 4825 Μὴ

2171 4849 2350 4902 τοίνυν
2397 4866 2482 4913 τις
2525 4848 2596 4902 τὰ
2645 4849 2975 4920 σωματικῶς
3011 4851 3142 4923 περὶ
3175 4847 3311 4903 Θεοῦ
3345 4846 3632 4916 λεγόμενα,
3669 4846 3744 4908 ώς

2165 4941 2405 5013 ἐχώρουν
2437 4942 2486 4995 οἱ
2526 4941 2766 5005 παλαιοὶ,
2812 4942 2971 5014 σῶμα
3007 4943 3099 4999 τὸν
3141 4942 3274 4997 Θεὸν
3318 4938 3660 5011 νομίζωμεν,
3706 4939 3739 5010 ἢ

2165 5032 2353 5087 παθῶν
2376 5032 2538 5087 αὑτὸν
2570 5033 2979 5106 πεπληρῶσθαι.

2239 5127 2313 5180 Οὐ
2343 5127 2404 5180 τὸ
2447 5126 2908 5198 εὐπερίστρεπτον
2948 5126 3050 5196 τῆς
3091 5123 3378 5196 ἀνθρώπου
3415 5122 3637 5194 γνώμης
3665 5120 3744 5191 τῷ

2166 5213 2286 5286 Θεῷ
2315 5217 2676 5287 προσαπτέον.
2714 5215 2903 5287 Ἡμεῖς
2928 5217 3037 5288 γὰρ
3062 5217 3148 5286 ἐφ’
3176 5215 3382 5269 ἑαυτῶν
3414 5218 3513 5279 τὰς
3536 5213 3743 5285 τροπάς

2165 5307 2264 5378 τῆς
2299 5305 2450 5371 θείας
2481 5307 2812 5379 οἰκονομίας,
2851 5308 2950 5373 τὰς
2976 5310 3060 5379 ἐφ’
3087 5309 3217 5380 ἡμῖν
3248 5307 3470 5372 δικαίως
3513 5307 3718 5378 συμϐαι

2166 5398 2254 5452 νού
2262 5415 2358 5464 σας
2372 5397 2815 5471 άπεργαζὸμεθα,
2832 5400 3078 5468 ἀναξίους
3098 5401 3322 5464 ἑαυτοὺς
3341 5397 3643 5461 δεικνύντες
3657 5395 3746 5450 διὰ

2165 5490 2275 5546 τῶν
2307 5491 2558 5565 πράξεων
2577 5492 2678 5563 τῆς
2723 5491 2876 5565 παρὰ
2899 5492 2993 5547 τοῦ
3037 5491 3172 5546 Θεοῦ
3203 5490 3536 5564 δωρηθείσης
3553 5491 3739 5560 τιμῆς.
