4186 6392
426 359 431 364 .
464 312 536 370 48
1647 310 1897 369 ADNOT.
1938 311 2002 367 ΙΝ

2123 313 2170 370 Β.
2194 311 2214 366 Ι
2251 311 2512 369 REGUM.
3636 321 3710 378 46

463 433 783 502 Καταγνοῦς
809 429 902 488 οὖν
932 433 1028 488 τοῦ
1055 434 1248 498 Σαοὺλ,
1289 433 1383 488 καὶ
1415 433 1733 504 βουλόμενος
1763 432 1842 504 τῷ
1874 429 2026 485 Δαυΐὲ

2137 443 2223 488 set
2272 433 2511 498 Saulem,
2559 432 2830 502 velletque
2885 432 3075 490 Davidi
3125 437 3409 507 imperium
3467 440 3706 507 tradere,

461 525 796 599 παραδοῦναι
829 526 898 580 τὰ
932 528 1032 599 τῆς
1068 528 1264 600 ἀρχῆς,
1311 529 1406 581 καὶ
1432 526 1512 598 τῷ
1545 527 1822 598 σπέρματι
1872 525 2037 580 αὐτοῦ

461 619 695 688 φυλάξαι
717 620 816 691 τὴν
860 619 1155 691 βασιλείαν,
1185 620 1274 674 διὰ
1304 621 1395 674 τὸν
1433 619 1600 673 αὑτοῦ
1636 619 2038 691 τεχθησόμενον

461 712 601 766 κατὰ
626 713 804 784 σάρκα
832 712 1055 784 βασιλέα
1077 714 1177 784 τῆς
1217 713 1448 777 κτίσεως
1487 713 1726 785 ἁπάσης,
1760 711 2035 784 ἀνθρωπί-

461 820 571 868 νοις
584 805 851 876 ἐχρήσατο
865 808 1098 878 ῥήμασιν
1111 805 1220 879 (83)
1233 804 1330 861 ἄνθ
1339 823 1516 876 ρωπος
1529 805 1740 874 διαλεγὸ
1747 821 1923 876 μενος,
1941 806 2036 858 καὶ

460 891 600 950 εἷπε·
631 898 1146 968 Μεταμεμέλημαι,
1174 897 1264 951 ὅτι
1290 897 1507 967 ἕχρισα
1551 897 1659 952 τὸν
1701 897 1900 952 Σαοὺλ
1948 899 2036 962 είς

455 988 748 1053 βασιλέα·
775 989 896 1044 ἀντὶ
933 989 1028 1043 τοῦ
1048 1006 1061 1020 ·
1104 989 1304 1063 Ἐτέρῳ
1330 989 1588 1062 βούλομαι
1604 989 1786 1043 δοῦναι
1807 989 1907 1061 τῆς
1932 989 2033 1062 βα·-

460 1080 664 1145 σιλείας
691 1081 790 1151 τὴν
819 1081 1014 1155 ἀρχὴν,
1043 1081 1232 1136 τοῦτον
1261 1082 1317 1134 δὲ
1340 1081 1547 1135 παῦσαι
1573 1082 1673 1152 τῆς
1693 1080 2031 1144 δυναστείας.

529 1176 626 1240 Τὸ,
648 1175 1154 1246 μεταμεμέλημαι,
1176 1174 1265 1229 διὰ
1296 1175 1387 1229 τὸν
1412 1173 1585 1228 Σαούλ
1603 1191 1618 1205 ·
1645 1172 1924 1229 τουτέστιν
1942 1173 2033 1228 οῦ-

457 1286 568 1332 τως
593 1268 811 1334 ἀνάξιον
837 1269 1028 1322 ἑαυτὸν
1057 1269 1158 1340 τῆς
1189 1267 1464 1339 βασιλείας
1491 1266 1768 1339 ἐποίησεν,
1795 1266 1956 1334 ὥστε,
1981 1267 2037 1320 εί

456 1377 522 1430 γε
565 1361 724 1431 φύσιν
756 1356 900 1432 εἶχον
929 1359 1313 1433 μετανοοῦσαν,
1341 1360 1613 1430 μετέγνων
1648 1359 1715 1415 ἂν
1748 1361 1834 1413 ἐπ’
1859 1360 2028 1432 αὐτῷ.

457 1457 557 1508 Διά
577 1455 630 1508 τί
658 1449 752 1509 οὖν
779 1454 1040 1528 ὲχρίσθη;
1074 1456 1196 1510 Ὅτι
1238 1455 1360 1508 τότε
1383 1455 1531 1520 ἄξιος
1567 1451 1634 1526 ἦν
1657 1473 1672 1487 ·
1717 1457 1948 1529 τραπεὶς
1972 1458 2029 1512 δὲ

455 1547 638 1614 πάλιν,
657 1548 874 1616 ἀνάξιος
903 1549 1111 1618 γέγονε.

2137 541 2466 596 servareque
2499 529 2694 583 semini
2731 528 2877 583 illius
2923 537 3194 598 regnum,i
3222 544 3319 598 per
3361 546 3482 585 eum
3525 533 3617 602 qui
3655 535 3707 590 ei

2137 613 2447 670 nasciturus
2485 625 2606 671 erat
2633 617 2928 671 secundum
2959 632 3180 672 carnem
3212 635 3304 674 rex
3332 620 3498 676 ιοιίιιε
3545 637 3704 677 crea—

2137 713 2291 770 turas,
2325 705 2576 762 humanis
2595 724 2724 764 usus
2751 718 2835 765 est
2863 709 3042 765 verbis
3068 709 3280 766 locutus
3325 711 3470 767 velut
3514 714 3703 776 homo.

2135 806 2192 852 et
2237 798 2411 867 inquit
2442 815 2458 852 :
2492 799 2750 855 Paenituit
2781 817 2886 867 me,
2917 810 3056 872 quod
3089 804 3215 857 anxi
3245 801 3381 858 Saul
3408 803 3464 858 in
3508 821 3700 876 regem.

2133 882 2261 952 Pro,
2295 885 2466 940 Alteri
2512 887 2635 943 volo
2687 889 2816 946 dare
2843 891 2991 962 regni
3020 892 3329 962 imperium,
3383 895 3530 950 hunc
3574 911 3704 950 vero

2132 986 2396 1048 potestate
2424 979 2696 1038 abdicare.

2203 1161 2359 1228 illud,
2397 1161 2636 1232 paenituit
2657 1177 2761 1228 me,
2784 1173 2865 1219 est
2895 1173 3112 1236 propter
3131 1164 3288 1221 Saul:
3321 1167 3375 1224 id
3403 1177 3505 1236 est,
3532 1186 3701 1241 usque

2133 1253 2273 1310 adeo
2312 1253 2564 1324 indignus
2609 1256 2846 1325 seipsum
2881 1272 3046 1328 regno
3073 1259 3277 1328 eliecit,
3321 1263 3453 1318 utsi
3484 1279 3696 1333 possem

2130 1359 2231 1414 per
2255 1355 2501 1400 naturam
2530 1349 2865 1417 poenitentia:
2897 1351 3168 1406 obnoxius
3205 1366 3350 1417 esse,
3405 1364 3694 1410 mutassem

2130 1437 2380 1506 equidem
2419 1439 2484 1494 de
2540 1437 2632 1495 illo
2691 1442 3037 1496 sententiam.
3088 1441 3290 1512 thuid
3334 1459 3462 1514 ergo
3505 1459 3698 1504 unctus

2128 1531 2260 1586 est?
2287 1529 2422 1598 Quia
2474 1541 2604 1587 tunc
2660 1532 2853 1604 dignus
2899 1542 3051 1590 erat:
3093 1543 3150 1591 at
3191 1537 3387 1614 iterum
3432 1548 3692 1606 mutatus,

2128 1621 2389 1693 indignus.
2404 1623 2598 1678 evasit.

453 1730 600 1802 Στίχ.
621 1715 715 1785 λέ.
747 1729 859 1802 Καί
891 1729 1104 1802 Κύριος
1127 1729 1518 1802 μετεμελήθη,
1553 1728 1643 1802 ὅτι
1671 1729 2026 1784 ἐϐασίλευσε

2128 1711 2194 1768 ν.
2223 1713 2315 1770 55.
2358 1711 2428 1769 Ει
2472 1713 2781 1802 Domitiam.
2809 1718 3069 1802 pmnitait,
3114 1719 3253 1802 quod
3299 1725 3470 1790 regem
3518 1723 3690 1792 e/i'ecit

802 1801 910 1854 τὸν
933 1800 1132 1856 Σαοὺλ
1161 1801 1259 1854 ἐπὶ
1290 1801 1396 1854 τὸν
1427 1799 1685 1869 Ἰσραήλ.

451 1985 668 2055 λέγεται
697 1987 732 2057 ἡ
788 1983 882 2037 τοῦ
913 1982 1048 2040 Θεοῦ
1093 1983 1403 2056 οἰκονομίας
1449 1983 1557 2038 ἀπὸ
1606 1983 1929 2055 πράγματος
1947 1986 2027 2049 είς

452 2079 686 2150 πρᾶγμα
720 2074 1027 2148 μετάθεσις.

519 2168 802 2222 Δείκνυσιν
843 2167 872 2221 ὁ
901 2165 1077 2235 λόγος,
1110 2166 1213 2231 δτι,
1247 2165 1350 2220 κᾶν
1381 2167 1665 2239 προφήτης
1695 2165 1790 2220 καὶ
1819 2165 2026 2231 δίκαιος

450 2259 735 2332 ἄνθρωπος
763 2261 793 2312 ὁ
824 2259 963 2330 ὑπὲρ
986 2259 1161 2314 ἄλλων
1193 2258 1464 2330 δεόμενος,
1495 2259 1595 2313 οὑκ
1625 2259 1800 2324 ἄλλως
1830 2259 2025 2314 ἀκούε-

450 2370 562 2417 ται,
593 2354 642 2406 εί
675 2352 749 2424 μὴ
779 2354 986 2416 ἐκεῖνος
1018 2351 1164 2423 ἔργῳ
1204 2350 1367 2416 δείξει
1394 2351 1492 2423 τὴν
1529 2351 1832 2423 μετάνοιαν.
1868 2351 2026 2406 Οῦτω

451 2445 626 2518 γὰρὴ
669 2444 850 2516 δέησις
897 2445 1071 2516 ἰσχύει
1115 2445 1208 2499 τοῦ
1243 2445 1474 2509 δικαίου,
1521 2445 1886 2518 ἐνεργουμένη
1935 2446 2025 2500 διὰ

449 2538 545 2592 τοῦ
572 2538 1007 2609 ἁμαρτήσαντος.
1039 2539 1156 2592 Ἵνα
1171 2534 1266 2592 οὖν
1299 2540 1378 2601 είς
1395 2539 1568 2610 πέρας
1599 2537 1738 2609 ἀχθῇ
1769 2538 2025 2610 ὼπρᾶγ-

452 2642 550 2696 μα,
581 2624 663 2677 δεῖ
699 2625 987 2698 ἀμφότερα
1034 2627 1359 2700 συνδραμεῖν
1400 2627 1496 2681 καὶ
1534 2627 1632 2699 τὴν
1664 2627 1759 2682 τοῦ
1811 2628 2021 2684 δικαίου

447 2715 632 2786 εὐχὴν,
656 2714 833 2769 καὶτὸ
863 2714 1023 2784 ἔργον
1043 2714 1138 2769 τοῦ
1171 2715 1574 2787 μετανοοῦντος.

1080 2809 1237 2862 ΚΕΦ.
1286 2809 1388 2863 ΙΘ’.

447 2895 611 2970 Στίχ.Δ
647 2895 751 2970 κγ’.
801 2897 910 2951 Καὶ
953 2896 1204 2968 ἐγενήθη
1249 2899 1343 2952 ἐπ’
1380 2897 1540 2964 αὐτῷ
1571 2899 1808 2970 πνεῦμα
1851 2901 2019 2956 Θεοῦ’

360 2993 372 2998 -
517 2967 618 3021 καὶ
651 2967 968 3036 ἐπορεύετο
993 2967 1394 3038 πορευόμενος
1413 2971 1511 3024 καὶ
1539 2967 1948 3040 προφητεύων.

529 3061 742 3133 Ἐπειδὴ
774 3062 997 3126 δυνατὸς
1025 3057 1094 3134 ἦν
1119 3065 1148 3116 ὁ
1169 3062 1362 3126 Σαοὺλ,
1397 3063 1600 3134 πλῆθος
1624 3063 1764 3136 ἔχων
1791 3063 2022 3136 βοηθοῦν

2055 1781 2102 1838 Β

535 1894 629 1947 Ἐκ
661 1896 864 1948 τούτων
893 1893 1167 1948 δείκνυται
1197 1893 1226 1946 ὃ
1263 1895 1543 1965 προεῖπον,
1577 1893 1660 1946 ὅτι
1695 1892 2027 1964 μεταμέλεια
2111 1937 2114 1940 .

2646 1785 2781 1840 Saul
2799 1804 2954 1854 super
2978 1785 3172 1844 Israel.

2201 1876 2278 1932 Ex
2315 1877 2399 1933 bis
2425 1877 2732 1933 ostenditur
2776 1881 2918 1950 quod
2957 1889 3115 1935 antea
3153 1881 3287 1948 dixi,
3317 1882 3690 1951 paenitentiam

2133 1969 2313 2024 vocari
2343 1970 2749 2026 translationem
2789 1971 3199 2041 dispensationis
3227 1971 3322 2027 Dei
3367 1972 3436 2026 ab
3483 1988 3586 2026 una
3623 1976 3691 2028 ad

2130 2060 2289 2116 aiiam
2317 2075 2454 2116 rem.

2202 2153 2390 2209 Oratio
2431 2153 2704 2220 ostendit,
2737 2154 2878 2224 quod
2922 2155 3168 2224 quamvis
3207 2157 3473 2228 propheta
3505 2157 3599 2222 sit,
3635 2167 3692 2213 et

2128 2246 2215 2300 vir
2238 2245 2414 2316 justus
2442 2245 2533 2316 qui
2555 2261 2652 2318 pro
2679 2246 2797 2302 aliis
2821 2257 2966 2314 orat,
3005 2263 3112 2304 non
3148 2248 3305 2303 aliter
3329 2251 3563 2317 auditur,
3585 2252 3688 2306 nisi

2132 2337 2223 2394 ille
2259 2351 2421 2408 opere
2446 2339 2821 2410 pcenitentiam
2851 2340 3120 2396 ostendat.
3167 2339 3321 2396 Tunc
3345 2341 3486 2396 enim
3513 2344 3691 2399 oratio

2125 2429 2256 2502 justi
2292 2429 2483 2487 efﬁcax
2533 2439 2650 2500 est,
2702 2446 2822 2502 qua:
2872 2433 2933 2486 tit
2970 2442 3189 2503 propter
3213 2443 3581 2504 peccatorem.
3619 2433 3692 2491 Ut

2130 2525 2294 2596 igitur
2324 2539 2413 2581 res
2435 2525 2502 2581 ad
2536 2523 2784 2582 eﬂectum
2820 2526 3117 2596 redigatur,
3141 2534 3358 2596 oportet
3387 2535 3445 2579 ut
3466 2535 3692 2596 utraque

2129 2626 2476 2684 concurrant,
2502 2626 2559 2672 et
2585 2619 2762 2674 oratio
2785 2615 2939 2688 justi,
2964 2625 3018 2672 et
3042 2631 3177 2689 opus
3205 2618 3548 2689 paenitentis.

2747 2800 2900 2858 CAP.
2932 2799 3074 2858 XIX.

2133 2895 2202 2954 ν.
2249 2897 2344 2955 25.
2379 2895 2450 2950 Et
2473 2895 2577 2966 {ait
2605 2910 2767 2966 super
2790 2910 2850 2947 eo
2873 2895 3100 2966 spiritus
3115 2891 3209 2946 Dei
3247 2907 3266 2946 :
3304 2901 3352 2945 et
3377 2892 3690 2962 procedebat

2539 2965 2823 3034 procedens
2861 2975 2908 3017 et
2949 2962 3283 3032 prophetam.

2101 3033 2120 3053 ’
2197 3061 2334 3130 Quia
2366 3070 2556 3130 p0tens
2575 3069 2695 3114 erat
2721 3057 2874 3123 Saul,
2907 3057 3113 3112 habens
3148 3056 3546 3112 multitudinem
3581 3057 3692 3112 sibi

445 3154 596 3225 αὐτῷ
624 3155 810 3219 κακῶς
852 3154 994 3209 κατὰ
1022 3155 1200 3208 Δαυτδ·
1231 3157 1281 3208 oi
1312 3156 1369 3210 δὲ
1403 3156 1496 3210 δύο
1539 3157 1688 3228 μόνοι
1719 3157 2021 3223 ἐδιώκοντο,

2127 3157 2270 3211 male
2305 3153 2656 3208 auxiliantem
2709 3151 2972 3205 adversus
3021 3147 3226 3207 David;
3274 3149 3382 3202 duo
3428 3161 3556 3202 vero
3587 3147 3688 3203 soli

445 3249 475 3300 ὁ
500 3247 752 3318 Σαμουὴλ
783 3247 922 3302 καὶὸ
947 3247 1127 3302 Δαυῖδ·
1161 3250 1194 3319 ἡ
1227 3247 1320 3302 τοῦ
1358 3247 1494 3302 Θεοῦ
1525 3249 1686 3321 χάρις
1716 3251 1861 3304 ποιεῖ
1884 3236 2022 3320 προ-

447 3339 700 3412 φητεύειν
729 3339 820 3394 τὸν
857 3339 1047 3403 Σαοὺλ,
1067 3339 1128 3393 οὐ
1165 3339 1324 3410 μόνον
1353 3341 1453 3394 ὅσα
1482 3341 1603 3395 κατ’
1619 3340 1784 3396 αὐτοῦ
1815 3336 1902 3413 ἦν,
1928 3341 2020 3395 ἀλ-

447 3428 514 3483 λὰ
544 3430 638 3484 καὶ
667 3429 736 3485 τὰ
765 3430 904 3503 ὑπὲρ
919 3430 1012 3485 τοῦ
1043 3433 1222 3486 Δαυΐᾶ
1258 3432 1354 3486 καὶ
1386 3432 1566 3505 ῥίπτει
1596 3433 1801 3503 γυμνὸν
1818 3449 2022 3505 προση-

451 3523 831 3595 μαίνουσα,ὃτι
863 3522 1279 3596 γυμνωθήσεται
1310 3523 1408 3594 τῆς
1440 3521 1737 3596 βασιλείας.

1069 3709 1227 3762 ΚΕΦ.
1261 3708 1392 3762 KA'.

445 3801 592 3872 Στίχ.
627 3801 688 3858 ἃ.
720 3801 826 3856 Καὶ
857 3801 1142 3872 ἀπεκριᾷη
1176 3802 1209 3853 ό
1239 3799 1431 3872 ἱερεὺς
1469 3798 1551 3866 τῷ
1577 3796 1779 3872 Δᾳυῒδ,
1808 3796 1907 3851 καὶ
1923 3793 2020 3872 *ετ-ς

514 3866 648 3926 αἰὲν·
704 3874 824 3925 Οὐκ
857 3866 1017 3924 είσὶκ
1065 3866 1227 3938 ἄρτοι
1253 3866 1503 3938 ,ϐέϐηλοι
1538 3869 1658 3924 ὑπὸ
1704 3867 1820 3936 τὴν
1849 3866 2020 3938 χεῖρά

509 3962 650 4013 μου,
679 3942 768 3996 ὅτι
801 3941 941 3996 ἀλλ’
959 3940 998 4010 ἢ
1023 3939 1188 4009 ἄρτοι
1214 3939 1370 4010 ἅγιοι
1383 3941 1523 3994 εισι.

517 4035 628 4106 (84)
658 4034 929 4105 Βεόήλους
958 4032 1106 4100 λέγει
1125 4029 1222 4085 νῦν
1248 4030 1310 4083 οὐ
1335 4029 1461 4093 τοὺς
1482 4026 1848 4100 ἀκαθάρτους,
1880 4025 2018 4080 ἀλλὰ

443 4127 570 4192 τοὺς
603 4127 700 4198 οὐχ
740 4126 949 4195 ἁγίους,
986 4123 1122 4197 πρὸς
1153 4121 1551 4194 ἀντιδιαστολὴν
1580 4121 1689 4175 τῶν
1718 4119 1889 4188 ἁγίων
1918 4119 2018 4190 ἄρ-

443 4237 572 4285 των,
602 4217 708 4272 τῶν
739 4219 832 4272 ἐπὶ
854 4218 951 4289 τῆς
971 4215 1244 4290 τραπέζης
1276 4213 1742 4287 παρατιθεμένων.
1778 4210 1876 4278 Ἐξ
1907 4212 2015 4281 γὰρ

445 4307 590 4382 εἶχεν
635 4312 830 4384 ἄρτους
871 4311 906 4383 ἡ
959 4310 1203 4383 τράπεζα
1254 4307 1544 4372 διαπαντὸς
1584 4303 2016 4375 ἀλλασσομένους

447 4403 587 4476 ὑπὲρ
618 4403 725 4457 τῶν
756 4402 960 4456 δώδεκα
993 4401 1173 4472 φυλῶν
1205 4400 1298 4455 τοῦ
1343 4399 1577 4472 Ἰσραὴλ,
1609 4394 1702 4460 οὒς
1723 4393 2016 4458 ἐνωπίους

2122 3245 2516 3318 persecutionis
2565 3251 2724 3300 erant
2778 3255 2998 3310 scapus,
3044 3238 3261 3294 Samuel
3327 3237 3576 3294 videlicet
3634 3249 3691 3293 et

2122 3337 2290 3391 David
2315 3356 2330 3392 :
2357 3336 2532 3391 divina
2551 3333 2724 3404 gratia
2747 3331 2909 3386 eﬂicit
2935 3339 2996 3384 ut
3057 3329 3340 3400 prophetet
3399 3329 3555 3396 Saul,
3575 3345 3682 3384 non

2121 3431 2284 3486 modo
2318 3443 2381 3485 ea
2415 3443 2534 3499 quae
2565 3435 2755 3482 contra
2801 3425 2975 3496 ipsum
3005 3431 3183 3488 erant,
3225 3423 3320 3478 sed
3347 3429 3403 3478 et
3443 3435 3563 3492 quae
3590 3437 3688 3491 pro

2122 3523 2290 3579 David
2312 3530 2469 3578 erant
2493 3538 2510 3578 :
2536 3519 2862 3590 projicitque
2891 3517 3093 3573 nudum
3114 3556 3132 3585 ,
3161 3515 3506 3587 praainnuens
3539 3512 3682 3585 quod

2120 3615 2210 3672 ille
2236 3613 2521 3669 nudandus
2546 3620 2664 3667 erat
2687 3623 2878 3681 regno.

2734 3699 2888 3757 CAP.
2918 3697 3060 3755 XXI.

2119 3801 2188 3858 Υ.
2212 3801 2269 3858 4.
2287 3799 2354 3856 Et
2378 3797 2652 3869 respondit
2672 3792 2918 3869 sacerdos
2940 3791 3153 3855 Davidi,
3180 3798 3230 3845 et
3263 3789 3337 3844 ait
3360 3801 3380 3840 :
3407 3785 3530 3842 Non
3557 3793 3684 3840 sunt

2189 3887 2350 3943 panes
2368 3868 2580 3940 profani
2602 3868 2696 3922 sub
2724 3880 2936 3919 manum
2960 3879 3128 3918 meam
3148 3877 3167 3914 :
3196 3871 3547 3932 prwterquam
3584 3875 3685 3926 pa-

2189 3959 2281 3997 nes
2305 3943 2476 3996 sancti
2508 3948 2653 3994 sunt.

2188 4033 2457 4088 l’rol'anos
2479 4030 2612 4085 dicit
2639 4041 2808 4090 nunc,
2837 4040 2946 4081 non
2971 4021 3300 4084 immundos,
3333 4019 3429 4074 sed
3462 4017 3684 4099 minime

2117 4134 2361 4190 sanctos,
2404 4122 2475 4176 ad
2523 4118 2924 4176 distinctionem
2963 4128 3160 4184 panum
3203 4120 3538 4173 sanctorum,
3589 4107 3680 4177 qui

2117 4228 2282 4283 super
2313 4225 2498 4267 mensa
2528 4206 2987 4280 proponebantur.
3020 4203 3126 4258 Sex
3173 4215 3405 4269 namque
3443 4199 3682 4252 habebat

2115 4322 2285 4378 panes
2312 4317 2521 4368 mensa,
2551 4303 2641 4372 qui
2673 4312 2889 4369 semper
2932 4294 3317 4357 mutabantur,
3354 4306 3451 4362 pro
3474 4291 3682 4345 duode-

2115 4401 2222 4456 cim
2261 4397 2510 4452 tribubus
2548 4393 2732 4458 Israel,
2772 4407 2907 4461 quos
2946 4384 3340 4457 conspectuales
3387 4382 3676 4437 vocabant.

445 4474 688 4552 ἐκάλουν·
709 4495 782 4558 ὡς
807 4489 945 4548 εἶναι
967 4494 1193 4548 ἕκαστον
1222 4491 1330 4545 τῶν
1348 4492 1526 4563 ἄρτων
1546 4487 1684 4560 ὑπὲρ
1714 4486 1808 4541 δύο
1831 4483 2013 4557 φυλῶν

2123 4497 2249 4552 Erat
2283 4494 2467 4562 itaque
2501 4489 2657 4561 panis
2706 4501 2849 4543 unus
2899 4499 2997 4555 pro
3019 4480 3217 4552 duplici
3260 4478 3401 4533 tribu
3431 4474 3679 4539 oblatus;

445 4588 905 4660 προσφερόμενον,
938 4587 1063 4650 τοὺς
1091 4585 1148 4638 δὲ
1179 4584 1239 4650 ἒξ
1271 4584 1409 4655 ὑπὲρ
1436 4581 1543 4636 τῶν
1571 4581 1780 4635 δώδεκα
1807 4577 2012 4650 φυλῶν.

447 4679 512 4734 Τί
534 4675 630 4733 οὖν
655 4682 719 4732 ὲκ
745 4677 933 4731 τούτου
963 4677 1126 4732 καλὸν
1154 4676 1391 4744 ὲγίνετο;
1423 4674 1520 4738 τὰς
1550 4671 1723 4743 φυλὰς
1745 4669 1840 4725 τοῦ
1908 4669 2014 4723 ἰσ-

449 4771 588 4846 ραὴλ
637 4771 772 4844 πρὸς
816 4770 1070 4842 ὁμόνοιαν
1123 4765 1510 4822 συνάπτεσθαι.
1557 4764 1622 4817 Τί
1660 4763 1719 4816 δὲ
1771 4762 2014 4834 κρεῖττον

446 4861 909 4936 προεσημαίνετο;
941 4860 1068 4925 τοὺς
1107 4858 1406 4930 μακαρίους
1435 4853 1763 4916 ἀποστόλους
1791 4850 1896 4906 ἀνὰ
1923 4849 2016 4903 δύο

443 4957 537 5012 δύο
568 4955 877 5027 πέμπεσθαι
901 4952 1005 5006 ὑπὸ
1032 4950 1124 5006 τοῦ
1142 4951 1390 5023 Σωτῆρος
1418 4949 1484 5003 τὰ
1507 4946 1697 5020 πρῶτα
1717 4940 2011 5014 κηρύσσειν

446 5051 504 5105 ὲν
555 5052 674 5114 ταῖς
723 5048 915 5120 φυλαῖς
962 5045 1055 5100 τοῦ
1111 5044 1349 5116 Ἰσραὴλ,
1377 5043 1452 5106 ὡς
1500 5039 1642 5094 εἶναι
1678 5036 1738 5103 ἓξ
1764 5036 1882 5108 ἅμα
1904 5035 2012 5089 τῶν

443 5141 652 5197 δώδεκα
678 5139 932 5214 μαθητῶν
963 5137 1088 5211 ἁριθ
1097 5137 1215 5209 μόν.

445 5235 594 5308 Στίχ.
628 5213 690 5308 e'.
731 5231 1155 5308 Kaidztexplon
1203 5226 1382 5308 Δαυζδ
1411 5224 1492 5308 cf?)
1525 5221 1684 5308 ίερεξ,
1717 5218 1819 5308 σεἱαὶ
1847 5213 2020 5308 εἶπεν

512 5291 694 5372 α’ὖτῷο
735 5305 910 5358 Ἀλλὰ
939 5291 1055 5356 ἀπὶ)
1080 5291 1376 5374 γυναικὸς
1415 5291 1804 5374 ἀξεσξιήειίερα
1841 5291 2012 5374 ἡμεῖς

509 5381 542 5434 ἐ
583 5362 685 5443 θές
706 5375 803 5429 καὶ
827 5375 1034 5442 τρίτην
1059 5362 1301 5441 ἡμέραν·
1335 5362 1406 5422 ἐν
1425 5366 1505 5431 τῷ
1529 5362 1797 5429 ἐξελθεῖν
1815 5378 1893 5430 με
1922 5362 2010 5425 εις

510 5397 656 5505 (ﬁgor
697 5446 976 5505 γεγόνασι
1014 5443 1210 5497 πάντα
1254 5440 1327 5494 τὰ
1358 5435 1635 5505 παιδάρια
1655 5429 2006 5505 ﬁrmaverat.

697 5429 990 5515 τεγόῆαονί
1014 5429 1210 5515 πείᾉᾶ
1254 5440 1327 5515 ζᾲ
1337 5429 2006 5515 ⁸παιδάρια.ήιγιιςιοίιρέίφςὶιξ.

509 5498 630 5575 alii
659 5498 810 5587 ai)?"
857 5513 969 5587 (85)
999 5514 1038 5587 ἡ
1073 5512 1216 5587 acac
1239 5498 1713 5587 gestamen;
1734 5498 2010 5574 ἁγιασθή-

507 5607 678 5644 σεται
713 5582 978 5657 σήμερον
999 5585 1095 5640 διὰ
1115 5584 1186 5637 τὰ
1207 5582 1398 5647 σκεύη
1420 5595 1561 5648 μου.

502 5682 770 5752 Σήμερον
789 5676 1214 5749 ἀγιασθήσρται
1250 5673 1348 5728 διὰ
1379 5670 1452 5724 τὰ
1487 5669 1677 5737 σκεύη
1703 5664 2003 5736 ἀσαφέστε-

511 5779 626 5846 (83)
657 5777 886 5832 Videtur
913 5779 1100 5846 deesse
1121 5771 1217 5846 ᾡς.

506 5832 622 5922 (si;
646 5847 845 5922 Confer
876 5857 916 5903 ι.
942 5843 1052 5911 xu,
1079 5832 1188 5899 col.
1211 5841 1367 5907 ton,
1400 5837 1567 5894 Levit.
1594 5849 1744 5900 unv,
1771 5832 1824 5888 6.

2113 4605 2210 4645 sex
2239 4601 2368 4642 vero
2393 4592 2551 4640 erant
2580 4588 2802 4652 propter
2822 4576 3106 4634 duodecim
3132 4571 3326 4626 tribus.
3355 4567 3496 4637 Quid
3517 4568 3680 4635 igitur

2114 4684 2242 4740 hinc
2279 4680 2404 4736 boni
2442 4671 2887 4734 obveniebat‘lut
2920 4671 3096 4725 tribus
3139 4663 3306 4721 lsrael
3349 4664 3412 4718 ad
3451 4676 3682 4716 concor-

2113 4776 2256 4831 diam
2293 4779 2634 4843 aptarenlur.
2665 4768 2738 4822 At
2761 4766 2890 4837 quid
2916 4758 3269 4820 excellentius
3295 4752 3680 4825 prteliguraba-

2113 4864 2401 4935 tur‘Iquod
2436 4861 2580 4918 beati
2617 4858 2845 4930 apostoli
2890 4855 3004 4912 bini
3047 4851 3392 4906 mitterentur
3425 4860 3455 4899 a
3487 4844 3678 4935 Salva-

2119 4967 2236 5013 tore
2267 4933 2418 5026 prius
2441 4951 2733 5022 praedicare
2763 4947 2814 5002 in
2849 4945 3098 5001 tribubus
3125 4938 3310 5006 lsrael,
3341 4937 3414 4992 ita
3447 4945 3506 4990 ut
3527 4933 3686 4988 senio

2116 5053 2270 5108 ﬁeret
2289 5065 2358 5105 ex
2386 5046 2673 5104 duodecim
2701 5039 2982 5114 apostolis.

2118 5213 2182 5269 ν.
2215 5214 2270 5270 5.
2307 5212 2373 5268 Et
2417 5208 2682 5278 respondit
2712 5204 2883 5278 David
2912 5199 3196 5278 sacerdoti,
3246 5204 3298 5278 et
3337 5191 3533 5278 aitilli
3555 5189 3675 5278 _:.At

2190 5269 2332 5340 enim
2372 5300 2405 5338 a
2453 5269 2670 5334 m'uliere
2713 5273 3058 5329 abstinuimus
3094 5271 3194 5335 ipsi
3239 5269 3352 5319 lteri
3393 5274 3441 5316 et
3471 5269 3676 5341 tertiam.

2181 5357 2320 5410 diem
2341 5370 2362 5409 :
2392 5345 2805 5419 dum_egrederer
2824 5347 2881 5419 ἑτι
2899 5345 3074 5419 υίιιιη,Δ
3093 5341 3302 5397 fuerunt
3326 5349 3501 5419 omnes
3525 5345 3676 5419 pueri

2181 5424 2472 5497 puriﬁcati.
2507 5411 2588 5497 Εἴ
2619 5416 2805 5497 isthazc
2837 5417 2919 5468 via
2950 5411 3199 5497 profana,
3236 5415 3512 5476 propterea
3547 5416 3677 5454 eam

2185 5491 2499 5567 cliﬁcabitur
2526 5491 2681 5544 hodie
2708 5501 2800 5556 per
2825 5500 2949 5538 vasa
2981 5496 3118 5536 mea.

2185 5652 2356 5708 Hodie
2401 5642 2819 5710 sanctiﬁcabitur
2843 5654 2951 5709 ,ρετ
2988 5652 3114 5692 vasa
3149 5632 3424 5701 aliquanto
3457 5624 3669 5697 quidem

2185 5751 2296 5819 (85)
2330 5745 2427 5819 bis.
2465 5760 2627 5816 αυτη,
2657 5737 2806 5795 nullo
2841 5732 3030 5806 spiritu
3082 5738 3177 5785 aut
3227 5735 3474 5783 accentu.
3534 5718 3650 5774 Cod

2108 5818 2261 5880 Alex.
2300 5818 2457 5889 αὐτή.
