4186 6454
487 455 549 515 6|
1377 455 1939 514 SUPPLE-MENTUM
1979 457 2072 512 AD
2107 454 2432 514 ORIGENIS
2468 455 2881 516 EXEGETICA.

553 577 788 632 (abimus
805 593 892 632 eos
924 576 1150 632 Domino
1172 577 1228 630 in
1259 575 1391 632 colle
1413 575 1567 640 Saul,
1590 577 1779 632 electos
1802 575 2027 631 Domino

2128 629 2132 638 ,
2226 575 2359 648 tot“),
2390 575 2868 648 καίξῖξιλόσομεν
2898 577 3010 648 (96)
3040 577 3261 645 αὐτοὺς
3302 577 3383 644 τῷ
3421 580 3615 648 Κυρίῳ
3653 580 3725 636 ἐν·

485 738 547 792 ν.
588 737 645 792 8.
686 736 755 790 Et
787 738 988 802 accepit
1028 753 1121 791 rex
1161 738 1294 792 duos
1342 739 1482 806 ﬁlios
1518 736 1725 803 Respira
1773 737 1904 807 ιειξω
1953 738 2052 792 Aia

551 807 855 878 concubina:
905 807 1112 873 Saulis,
1161 824 1293 878 quos
1327 805 1522 875 peperit
1579 805 2050 878 Sauli,‘Ermothi

548 885 601 946 et
641 875 1090 942 Memphibosthe;
1133 875 1183 932 et
1218 879 1445 946 quinque
1496 878 1634 944 ﬁlios
1684 877 1864 932 Πενοὺ
1921 879 2051 946 Ιίρἰ

550 945 707 1014 Saul,
725 963 856 1018 quos
874 949 1069 1019 peperit
1086 945 1296 1003 Esdriel
1309 948 1422 1016 ﬁlio
1443 947 1670 1004 Berulli
1693 945 2047 1002 Moulothitc.

479 1174 542 1231 V.
584 1178 638 1234 9.
684 1177 750 1235 Et
788 1177 930 1234 dedit
974 1195 1062 1234 eos
1103 1181 1159 1235 in
1210 1181 1452 1235 manibus
1501 1176 1916 1234 Gabaonitarum
1947 1196 1966 1235 :
1997 1191 2047 1234 et

545 1249 888 1317 placaveruut
909 1267 996 1305 eos
1021 1251 1077 1304 in
1111 1262 1288 1306 monte
1307 1268 1484 1305 coram
1516 1251 1764 1306 Domino.

544 1411 606 1469 Si
638 1413 691 1468 in
723 1413 843 1470 zelo
867 1413 1034 1470 lsrael
1055 1424 1110 1470 et
1131 1411 1269 1470 Juda
1298 1411 1428 1468 Saul
1459 1412 1791 1470 Gabaonitas
1818 1416 2048 1485 perdere

473 1519 766 1574 aggressus
803 1517 910 1573 est,
929 1507 1248 1576 quibuscum
1264 1507 1470 1562 hedera
1498 1506 1692 1560 inierat
1711 1504 1872 1561 Jesus
1901 1506 2045 1562 illius

471 1595 644 1663 Nave,
694 1605 751 1650 et
800 1597 1088 1652 universus
1137 1597 1395 1668 populus;
1432 1607 1488 1652 et
1516 1605 1804 1666 propterea
1837 1606 2042 1667 septem

471 1685 653 1741 Saulis
690 1687 833 1757 ﬁlios
879 1687 1235 1751 sustulerunt,
1285 1687 1378 1757 qui
1429 1701 1459 1741 a
1500 1686 1714 1742 ﬁliabus
1762 1686 1879 1757 ejus
1927 1686 2041 1741 nati

470 1779 724 1834 fuerant:
749 1795 845 1834 cur
869 1780 999 1850 ipsa:
1024 1775 1198 1836 tribus
1229 1795 1334 1836 non
1371 1791 1496 1836 sunt
1533 1781 1584 1835 in
1610 1779 1789 1850 culpa,
1823 1781 1916 1836 sed
1945 1780 2040 1851 qui

468 1872 601 1926 nihil
630 1873 881 1928 laserant
911 1888 1102 1943 pmnas
1126 1872 1445 1928 luuntlHoc
1468 1872 1612 1928 enim
1633 1872 1891 1944 injustum
1931 1882 2038 1929 est.

2223 646 2304 712 τῷ
2318 645 2528 711 ,βουνῷ
2580 647 2778 700 Σαοὺλ
2806 645 3132 714 ἐκλεκτοὺς
3170 651 3383 718 Κυρίῳ.

2154 739 2302 810 Στίχ.
2333 747 2405 810 η’.
2436 740 2540 794 Kal
2575 741 2792 794 ἐλαϐεν
2831 744 2864 793 ό
2901 741 3200 806 ,ϐασιλεὺς
3237 742 3381 806 τοὺς
3415 740 3525 794 δύο
3556 743 3728 809 υίοὺς

2233 810 2477 879 Ῥεσφὰ.
2507 812 2796 879 θυγατρὸς
2844 812 2957 864 Ἀϊὰ
2980 810 3303 878 παλλακῆς
3340 813 3537 865 Σαοὺλ
3568 851 3582 873 ,
3617 813 3724 879 οὓς

2217 881 2383 934 ἔτεκε
2421 880 2501 946 τῷ
2526 881 2757 943 Σαοὺλ,
2789 881 2895 934 τὸν
2950 882 3188 949 Ἐρμωθί
3223 882 3318 934 καί
3355 883 3460 935 τὸν
3495 885 3722 950 Μεμφι-

2223 951 2426 1015 ϐοσθὲ,
2473 951 2571 1004 καί
2598 952 2738 1017 τοὺς
2773 950 2951 1003 πέντε
2991 952 3160 1018 υίοὺς
3194 951 3305 1017 τῆς
3332 953 3527 1019 Μερόὸ
3546 957 3723 1019 θυγα-

2216 1023 2355 1092 τρὸς
2380 1021 2579 1092 Σαοὺλ
2600 1061 2614 1083 ,
2653 1023 2760 1088 οὓς
2799 1023 2964 1075 ἔτεκε
2999 1021 3080 1088 τῷ
3116 1021 3396 1092 Ἐσόριὴλ
3427 1021 3534 1087 υίῴ
3579 1024 3723 1090 Βερ-

2217 1089 2379 1152 ζελλί
2414 1091 2494 1157 τῷ
2521 1092 2844 1146 Μοουλαθι.

2148 1185 2298 1254 Στίχ.
2325 1183 2390 1254 θ’.
2416 1183 2529 1238 Kal
2555 1182 2776 1254 ἔδωκεν
2804 1181 3033 1254 αὐτοὺς
3052 1181 3122 1236 ἐν
3141 1181 3312 1254 χερσί
3344 1180 3461 1254 τῷν
3487 1183 3722 1254 Γαϐαω-

2213 1251 2428 1326 κιτῶνᾷ·
2480 1253 2578 1306 καί
2616 1253 2912 1326 ἐξίλασαν
2949 1253 3062 1326 (97)
3106 1251 3324 1319 αὐτοὺς
3378 1252 3448 1306 ἐν
3480 1251 3560 1318 τῷ
3599 1251 3720 1320 ὄρει

2214 1323 2492 1379 ἐναντίον
2521 1325 2764 1392 Κυρίου.

2217 1416 2280 1470 El
2335 1415 2395 1469 tv
2429 1416 2509 1488 τῷ
2542 1415 2690 1487 ζήλῳ
2737 1415 2830 1470 τοῦ
2898 1415 3112 1489 Ἰσραὴλ
3163 1415 3258 1470 καὶ
3305 1413 3400 1468 τοῦ
3455 1415 3623 1469 Ἰούδα
3688 1415 3720 1468 ὁ

2145 1506 2316 1561 Σαοὺλ
2339 1507 2465 1572 τοὺς
2492 1506 2837 1570 Γαϐαωνίτας
2851 1507 3058 1562 ἀνελεῖν
3086 1507 3408 1578 ἐπεχείρησε
3433 1547 3448 1571 ,
3492 1506 3610 1577 μεθ’
3641 1499 3719 1561 ὧν

2145 1596 2418 1667 συνθήκας
2443 1597 2738 1667 ἐποιήσατο
2773 1597 2979 1668 Ἰησοῦς
3009 1600 3038 1651 ὁ
3070 1596 3165 1650 τοῦ
3201 1597 3352 1666 Ναυῆ
3378 1636 3392 1660 ,
3428 1597 3521 1649 καὶ
3556 1597 3664 1659 πᾶς
3687 1596 3719 1650 6

2143 1690 2302 1754 λαὸς,
2335 1692 2426 1744 καὶ
2459 1689 2550 1744 διά
2574 1689 2730 1743 τοῦτο
2770 1690 2911 1757 ἑπτὰ
2934 1689 3029 1743 τοῦ
3077 1689 3245 1742 Σαοὺλ
3281 1688 3641 1762 ἀνῃρέθησαν,
3664 1690 3715 1743 οί

2139 1780 2251 1834 ἀπὺ
2272 1780 2382 1834 τῶν
2403 1779 2718 1852 θυγατέρων
2741 1779 2903 1832 αὐτοῦ
2926 1779 3307 1850 γεγεννημένοι
3322 1797 3335 1808 ·
3366 1778 3508 1841 τίνος
3529 1778 3716 1832 ἕνεκεν

2141 1872 2240 1943 οὐχ
2264 1873 2319 1925 al
2347 1872 2509 1941 φυλαί
2543 1873 2681 1925 είσιν
2710 1872 2767 1924 ὲν
2796 1870 3016 1935 αἰτίαις,
3048 1870 3162 1924 ἀλλ’
3191 1872 3240 1922 οί
3270 1870 3435 1941 μηδὲν
3463 1869 3714 1938 ἠδικηκό-

463 1959 586 2017 Nisi
615 1963 660 2018 si
691 1964 813 2033 quis
838 1933 1003 2030 dicat,
1033 1964 1251 2019 Saulem
1300 1979 1484 2034 regem
1529 1979 1634 2020 non
1681 1933 1924 2034 potuisse
1949 1965 2027 2020 ad-

2138 1933 2240 2028 τεῖ
2262 1933 2421 2036 δίκην
2439 1963 2703 2017 δεδώκασι
2727 1980 2742 2029 ;
2767 1963 2939 2016 Τοῦτο
2976 1933 3082 2034 γὰρ
3121 1933 3500 2033 ἀδικολιίῐῖλὴιλ
3546 1933 3711 2031 είίμή

465 2055 676 2109 versari
704 2063 759 2110 et
793 2053 1053 2112 lsraelitis
1093 2065 1148 2111 et
1177 2056 1340 2111 tribui
1371 2053 1529 2122 Juda,
1563 2072 1662 2112 nec
1694 2056 1903 2113 solvere
1935 2056 2038 2112 lce-

465 2145 594 2199 dera
621 2154 836 2215 patrum
879 2162 1002 2202 cum
1047 2145 1371 2204 Gabaonitis
1415 2148 1568 2204 inita.
1615 2147 1731 2220 Ego
1781 2162 1911 2204 vero
1941 2148 2037 2204 ad-

467 2239 656 2293 derem
706 2238 828 2294 istis
859 2248 915 2294 et
954 2239 1057 2295 hoc
1087 2257 1101 2294 :
1134 2238 1341 2294 Divina:
1381 2240 1805 2311 dispensationis
1841 2239 2032 2306 fuisse,

467 2339 526 2384 ut
547 2345 716 2402 genus
733 2330 865 2386 Saul
885 2333 1200 2388 universum
1225 2333 1493 2399 interiret,
1515 2342 1776 2404 quantum
1797 2332 2036 2402 suspicio

460 2439 584 2479 esse
635 2433 868 2492 poterat,
893 2433 956 2480 ut
988 2425 1283 2496 aliquando
1325 2427 1430 2483 sibi
1470 2427 1675 2497 regiam
1718 2426 2033 2497 dignitatem

458 2533 709 2574 asserere
738 2518 1032 2587 niteretur,
1060 2535 1126 2576 ac
1155 2534 1442 2592 prapterea
1467 2521 1519 2576 in
1543 2520 1804 2577 Davidem
1840 2538 2033 2580 exsur-

453 2619 628 2677 geret,
676 2609 900 2681 ejusque
924 2611 1143 2668 liberos.
1192 2612 1321 2668 Illud
1380 2628 1556 2669 vero:
1591 2612 1898 2669 Insolarunt
1940 2633 2027 2672 eos

457 2699 768 2756 Gaboonita:
814 2719 996 2756 coram
1039 2703 1264 2758 Domino
1303 2705 1361 2759 in
1404 2713 1600 2772 monte,
1655 2705 1889 2776 positum
1943 2718 2031 2765 est

458 2807 576 2860 pro,
605 2791 922 2848 interfectos
949 2809 1055 2848 non
1082 2795 1432 2864 sepelierunt.
1452 2797 1545 2852 sed
1571 2797 1817 2852 siverunt
1842 2798 2028 2870 jacere

456 2884 560 2938 sub
585 2883 778 2942 solem.
809 2882 878 2937 Et
910 2884 1156 2940 dissoluti
1186 2896 1328 2952 sunt,
1363 2887 1555 2956 inquit,
1581 2898 1629 2942 et
1658 2889 1778 2943 tulit
1800 2906 1886 2944 eos
1905 2889 2024 2946 Dan

454 2973 600 3042 ﬁlius
635 2972 740 3029 Joa
778 2991 844 3030 ex
889 2977 1164 3046 nepotibus
1207 2980 1478 3049 gigantum
1498 2982 1566 3036 υ.
1600 2981 1754 3048 Quod
1800 2984 2025 3038 omnino

452 3062 748 3133 signiﬁcat,
782 3078 876 3120 eos
913 3067 1004 3136 qui
1035 3067 1132 3122 soli
1165 3069 1396 3138 expositi
1431 3081 1590 3126 erant
1618 3073 1894 3142 accepisse
1935 3073 2020 3144 gi-

453 3161 691 3222 gantem,
722 3163 778 3214 et
805 3154 1096 3214 abstulisse
1137 3158 1428 3219 dissolutos
1453 3160 1563 3231 iam
1603 3177 1634 3218 a
1659 3163 1826 3223 solari
1860 3173 2016 3221 testu.

520 3427 682 3487 Ratio
702 3429 1124 3490 Gabaonitarum
1141 3433 1370 3493 obscura
1391 3435 1587 3493 mansit
1613 3457 1626 3491 :
1651 3436 1754 3492 nisi
1778 3437 1916 3494 forte
1939 3438 2019 3497 di-

447 3535 660 3586 camus,
677 3523 818 3591 quod
841 3525 1059 3594 quando
1084 3518 1599 3584 matiebatinGabee
1621 3540 1678 3583 ut
1703 3529 1902 3602 bellum
1925 3548 2019 3603 ge-

447 3619 618 3678 reret,
637 3623 694 3667 et
715 3613 768 3667 in
793 3613 970 3684 fugam
997 3615 1514 3688 vertitalienigenas
1543 3619 1694 3688 Saul,
1723 3623 2018 3691 perdiderit

445 3719 572 3760 cum
617 3704 727 3760 illis
755 3705 919 3765 etiam
950 3705 1305 3763 Gabaonitas.
1345 3707 1539 3766 Exstat
1573 3727 1734 3782 porro
1775 3715 2018 3770 narratio

444 3795 500 3847 in
527 3793 806 3849 tricesimo
832 3797 1095 3862 secundo,
1111 3804 1166 3850 et
1179 3796 1453 3852 tricesimo
1481 3799 1638 3854 tertio
1657 3814 1882 3855 numero
1901 3800 2014 3872 ($15)

444 3885 643 3952 prioris
656 3885 852 3955 Regni,
874 3897 930 3943 et
956 3888 1007 3942 in
1040 3887 1316 3944 tricesimo
1335 3890 1593 3960 septimo,
1621 3890 1713 3946 ubi
1745 3891 1912 3947 dicit:
1944 3891 2016 3947 Et

441 3975 673 4029 bellabat
700 3977 756 4031 in
783 3978 1008 4032 circuitu
1036 3996 1218 4036 omnes
1245 3981 1486 4042 inimicos
1517 3997 1638 4036 suos
1653 3981 2015 4050 “,etc.Quod

441 4076 620 4125 autem
650 4069 830 4127 littera
868 4071 967 4139 ait,
994 4073 1138 4128 hunc
1167 4073 1335 4128 habet
1363 4088 1622 4130 sensum:
1648 4073 1776 4129 Saul
1812 4075 2014 4146 injuste

439 4168 628 4213 contra
663 4175 786 4215 eum
824 4162 936 4232 egit
963 4179 979 4228 ;
1005 4174 1060 4221 et
1089 4179 1158 4221 ex
1195 4165 1357 4222 domo
1392 4167 1540 4224 illius
1578 4167 1726 4224 facta
1767 4178 1852 4224 est
1879 4169 2012 4225 ultio

437 4251 649 4320 injuriae
672 4252 758 4308 vel
785 4269 884 4324 pro
909 4253 1058 4311 .lesu.

510 4433 626 4490 Non
652 4434 963 4493 afﬁciuntur
991 4453 1120 4495 vero
1146 4439 1342 4512 injuria
1371 4441 1572 4501 sublati
1601 4457 1722 4499 cum
1744 4442 2009 4513 principio

437 4541 538 4581 suo
579 4527 614 4581 ii
643 4529 732 4597 qui
766 4529 834 4584 ab
865 4530 957 4586 illo
992 4533 1322 4588 exstantiam
1354 4548 1509 4590 suam
1532 4536 1812 4592 consecuti
1837 4545 2003 4602 sunt;

2136 2074 2221 2121 τις
2246 2056 2412 2121 εἴποι,
2440 2056 2612 2111 Σαοὺλ
2653 2055 2876 2126 βασιλέα
2913 2057 3047 2109 ὄντα
3078 2056 3352 2118 ἀδυνάτως
3387 2055 3530 2123 ἔχειν
3564 2055 3710 2107 ἀντι-

2138 2146 2328 2218 στῆναι
2359 2146 2453 2199 καὶ
2478 2148 2592 2209 τοῖς
2622 2146 2982 2216 Ἰσραηλίταις
3013 2146 3105 2199 καὶ
3126 2148 3190 2216 τῇ
3218 2145 3354 2215 φυλῇ
3385 2144 3583 2211 Ἰούδα,
3618 2146 3714 2198 καὶ

2138 2237 2214 2308 μὴ
2263 2236 2419 2290 λῦσαι
2468 2235 2567 2300 τάς
2619 2235 2892 2306 συνθήκας
2935 2235 3043 2288 τῶν
3090 2236 3377 2306 πατέρων,
3423 2236 3520 2297 τάς
3575 2235 3711 2303 πρὸς

2133 2331 2258 2395 τοὺς
2305 2329 2673 2393 Γαϐαωνίτας.
2725 2328 2868 2399 Ἐγὼ
2896 2329 2954 2382 δὲ
2994 2328 3335 2400 προσθοίμην
3392 2328 3458 2380 ἂν
3501 2326 3710 2388 τούτοις

2132 2423 2224 2477 τό·
2252 2420 2360 2476 Τοῦ
2395 2422 2531 2475 Θεοῦ
2559 2420 2872 2491 οἰκονομίας
2920 2415 3059 2473 εἶναι
3105 2418 3167 2472 τὸ
3211 2419 3368 2486 γένος
3401 2415 3494 2470 τοῦ
3538 2414 3709 2468 Σαοὺλ

2133 2513 2472 2586 ἀναλωθῆναι
2504 2517 2632 2579 πᾶν,
2666 2515 2789 2567 ὅσον
2821 2512 3109 2565 ὑπώπτευε
3139 2511 3359 2563 πώποτε
3412 2509 3706 2562 ἀντιποιεῖ-

2134 2607 2257 2661 σθαι
2278 2606 2372 2660 τοῦ
2399 2606 2676 2678 βασιλικοῦ
2699 2605 3026 2676 ἀξιώματος,
3047 2604 3134 2658 διά
3152 2620 3210 2656 τε
3227 2601 3384 2655 τοῦτο
3399 2602 3705 2672 ἐπαναστή-

2132 2698 2317 2752 σεσθαι
2333 2698 2409 2768 τῷ
2420 2697 2600 2764 Δαυῖδ,
2618 2698 2845 2760 καὶτοῖς
2865 2696 3052 2749 τούτου
3075 2696 3250 2749 παισί.
3276 2695 3349 2748 Τὸ
3362 2695 3419 2748 δὲ
3434 2693 3707 2760 unum.

2128 2805 2251 2844 σαν
2277 2790 2499 2856 αὐτοὺς
2518 2794 2570 2845 oi
2601 2789 2966 2846 Γαϐαωνῖται
2993 2789 3270 2842 ἐναντίον
3289 2787 3510 2853 Κυρίου
3533 2787 3601 2839 ὲν
3626 2783 3706 2850 τῷ

2127 2885 2270 2948 ὄρει,
2305 2884 2427 2937 ἀντὶ
2458 2881 2551 2936 τοῦ
2570 2923 2585 2948 ,
2625 2881 3035 2954 ’Δναιρεθίντας
3065 2881 3165 2932 οὐκ
3190 2878 3414 2944 ἔθαψαν,
3448 2877 3561 2931 ἀλλ’
3591 2877 3705 2930 sla.-

2127 2993 2227 3031 σαν
2276 2975 2383 3028 ὑπὸ
2421 2974 2514 3028 τὸν
2556 2975 2706 3045 ἥλιον
2749 2973 2987 3027 κεῖσθαι.
3060 2971 3504 3037 Ἐξελύθησαν,
3546 2968 3700 3037 φησι,

2122 3068 2222 3123 καί
2246 3068 2463 3123 ἔλασεν
2497 3067 2718 3134 αὐτοὺς
2743 3067 2863 3120 Δὰν
2890 3065 3022 3131 υίὸς
3062 3064 3191 3118 Ἰωὰ
3233 3061 3351 3116 τῶν
3389 3061 3702 3129 ἀπογόνων

2118 3159 2240 3216 τῶν
2270 3159 2578 3231 γιγάντων.
2606 3160 2829 3223 Πάντως
2853 3176 2954 3212 που
2983 3157 3229 3228 βούλεται
3249 3153 3445 3223 λέγειν,
3468 3154 3550 3206 ὅτι
3575 3152 3701 3215 τοὺς

2122 3251 2228 3307 ὑπὸ
2269 3253 2360 3305 τὸν
2406 3251 2554 3323 ἥλιον
2604 3251 2862 3314 τεθέντας
2907 3248 3086 3302 λαϐὼν
3132 3248 3162 3300 ὁ
3205 3247 3406 3314 γίγας,
3460 3244 3703 3298 ἀνείλετο

2122 3342 2513 3415 ἐκλελυμένους
2550 3343 2651 3415 ἥδη
2682 3342 2787 3396 ὑπὸ
2815 3341 2916 3410 τῆς
2944 3340 3174 3412 ἡλιακῆς
3200 3337 3416 3409 φλογός.

2196 3436 2255 3491 Ὃ
2286 3436 2461 3506 λόγος,
2499 3437 2530 3488 ὁ
2564 3434 2706 3488 κατά
2725 3435 2851 3498 τοὺς
2878 3432 3241 3495 Γαϐαωνίτας,
3268 3431 3542 3497 ἄγνωστος
3570 3425 3700 3480 καθ-

2123 3528 2387 3600 έστηκεν·
2426 3530 2476 3581 εί
2512 3529 2587 3599 μή
2643 3527 2745 3580 πού
2778 3543 2842 3595 γε
2875 3526 3148 3596 εῐτιωμεν,
3179 3525 3261 3577 ὅτι
3293 3523 3457 3593 ἡνίκα
3493 3519 3696 3589 mon-

2118 3636 2180 3673 το
2204 3620 2263 3672 ὲν
2295 3617 2466 3672 Γαϐεὲ
2490 3617 2588 3672 τοῦ
2623 3618 2882 3688 πολεμεῖν
2903 3658 2917 3681 ,
2955 3617 3049 3670 κα)⁵
3075 3613 3423 3688 ὲτροπώσατο
3446 3612 3571 3674 τοὺς
3603 3610 3698 3663 ἀλ-

2117 3709 2379 3780 λοφύλους
2410 3713 2439 3764 ὁ
2471 3710 2660 3775 Σαοὺλ,
2683 3709 2778 3763 καὶ
2801 3707 3047 3762 ἀπώλεσε
3083 3707 3199 3779 μετ’
3227 3705 3405 3760 αὐτῶν
3441 3702 3535 3757 καὶ
3570 3701 3695 3765 τοὺς

2117 3802 2486 3867 Γαϐαωνίτας.
2521 3802 2629 3856 Καὶ
2659 3801 2774 3854 Ξστι
2800 3801 2862 3854 τὸ
2879 3801 3124 3872 διήγημα
3159 3799 3220 3851 ὲν
3248 3793 3553 3868 τριακοστῷ
3577 3792 3694 3845 δευ-

2115 3896 2259 3968 τέρῳ
2291 3894 2722 3967 καῖτριακοστῷ
2765 3894 2934 3964 τρίτῳ
2965 3890 3184 3965 ἀριθμῷ
3210 3889 3310 3959 τῆς
3342 3886 3565 3959 πρώτης
3598 3885 3692 3954 βα-

2118 3987 2358 4053 σιλείας,
2404 3987 2500 4041 καὶ
2545 3985 2850 4056 τριακοστῷ
2899 3984 3144 4055 ἑϐδόμῳ·
3181 3981 3309 4034 ενθα
3353 3978 3522 4048 φησί’
3577 3976 3688 4030 Καί

2112 4079 2389 4149 ἐπολέμει
2415 4080 2620 4146 κύκλῳ
2645 4077 2877 4145 πάντας
2893 4077 3035 4143 τοὺς
3057 4073 3309 4144 ἐχθροὺς·
3337 4071 3545 4134 αὑτοῦ.
3594 4068 3690 4122 καὶ

2111 4167 2178 4221 τά
2222 4167 2367 4240 ἑξῆς.
2409 4169 2474 4223 Ὃ
2520 4168 2579 4222 δὲ
2612 4167 2759 4238 λέγει
2798 4168 2862 4221 τὸ
2909 4167 3093 4239 ῥητὸν,
3127 4163 3285 4217 τοῦτό
3321 4164 3436 4215 ἐστι
3461 4179 3474 4186 ·
3521 4158 3691 4214 Σαοὺλ

2108 4259 2333 4331 ἠδίκησε
2367 4261 2487 4315 κατ’
2517 4261 2686 4315 αὑτοῦ
2717 4260 2810 4314 καὶ
2842 4261 2907 4312 ὲκ
2936 4257 3031 4312 τοῦ
3077 4257 3228 4310 οῐκου
3258 4253 3422 4308 αὑτοῦ
3469 4252 3691 4323 γεγένη-

2107 4370 2200 4408 ται
2232 4355 2266 4425 ἡ
2298 4353 2579 4425 ἐκδίκησις
2610 4352 2709 4424 τῆς
2735 4351 2948 4416 ἀδικίας
2974 4349 3008 4420 ἢ
3037 4349 3130 4402 ἰπὶ
3164 4345 3388 4419 Ἰησοῦν.

2182 4449 2298 4502 υὺκ
2341 4448 2651 4504 ἀδικοῦνται
2698 4448 2757 4513 δὲ
2799 4442 3276 4516 συναναιρούμενοι
3318 4440 3427 4494 τῶν
3468 4440 3582 4508 (98)
3629 4440 3690 4499 ἐν

2107 4539 2249 4611 ἀρχῇ
2271 4540 2321 4600 οξ
2349 4539 2408 4605 ἐξ
2441 4538 2648 4592 ἐκείνου
2679 4536 2740 4591 τὸ
2763 4532 2900 4590 εἶναι
2935 4534 3188 4606 λαχόντες
3207 4550 3222 4564 ο
3249 4532 3369 4586 ὅθεν
3421 4530 3529 4601 γὰρ
3560 4529 3686 4598 εσχε

437 4617 582 4672 unde
610 4620 938 4674 esstantiam
968 4621 1296 4689 habuerunt,
1331 4624 1456 4680 inde
1500 4635 1560 4681 ut
1589 4640 1696 4681 non
1731 4635 2008 4682 exstarent

2128 4630 2172 4684 :o
2202 4625 2372 4695 εἶναι,
2403 4629 2652 4683 ἐντεῦθεν
2686 4627 2748 4681 τὸ
2779 4628 2855 4700 μὴ
2888 4624 3027 4681 εἶναι
3060 4627 3275 4698 ἔχοντες
3299 4640 3315 4656 ·
3361 4627 3408 4678 εί
3449 4624 3506 4678 δέ
3540 4639 3684 4686 τινος

439 4710 771 4780 accipientes
802 4731 818 4769 :
850 4714 896 4770 si
918 4714 1104 4784 aliquo
1127 4715 1271 4774 bono
1307 4732 1407 4790 per
1441 4731 1503 4774 se
1523 4717 1630 4790 ipsi
1657 4717 1804 4789 digni
1828 4728 2008 4786 erant,

435 4803 565 4859 illud
589 4814 774 4875 postea
803 4809 1108 4865 consecuti.

512 4979 603 5037 “l
628 4983 759 5058 Reg.
794 5005 910 5062 ut,
940 4996 1027 5053 10.
1140 4993 1187 5028 ⁸⁵
1220 4995 1396 5064 chg.
1420 5009 1530 5061 κεν,
1564 4995 1651 5048 47.

500 5138 614 5209 (95)
650 5139 884 5222 Attende
911 5142 1023 5212 jam
1057 5158 1086 5198 a
1117 5147 1454 5217 temporibus
1494 5146 1745 5221 Origenis
1773 5150 1998 5206 divisio-

427 5223 545 5264 nem
569 5226 627 5264 sa
636 5221 712 5266 cri
733 5221 930 5268 textus.

492 5279 605 5349 (96)
638 5281 778 5354 Lege
801 5283 1177 5358 ὲξηλιάσομεν,
1204 5299 1253 5346 et
1281 5299 1432 5348 verte
1466 5289 1826 5346 insolabimus.

2113 4720 2321 4789 ἀγαθοῦ
2353 4721 2422 4776 δι’
2458 4722 2685 4787 ιαυτοὺς
2714 4717 2854 4794 ἦσαν
2876 4719 3015 4789 ἀξιοι
3033 4761 3048 4786 ,
3090 4719 3312 4791 ὕστερον
3337 4717 3493 4770 τοῦτο
3522 4733 3682 4788 κομι-

2115 4806 2352 4884 ζόμςνοι.

2177 5147 2289 5220 (97)
2330 5147 2763 5220 Ἐξηλίασανρ-υι
2798 5149 2936 5204 inl'ra
2963 5156 3016 5204 et
3056 5147 3112 5220 i_n
3141 5145 3258 5220 cod.
3299 5147 3456 5220 Ales.

2179 5216 2288 5290 (98)
2325 5216 2487 5277 Forte
2517 5220 2616 5292 τῷ.
2650 5218 2774 5276 llos
2808 5221 3019 5277 videtur
3067 5216 3346 5288 legendum
3389 5216 3571 5291 ἔσχον.
