4186 6392
467 391 541 452 53
1644 393 1897 453 ADNOT.
1942 396 2007 450 IN
2045 396 2171 452 LIB.
2220 395 2287 451 ΙΙΙ
2323 393 2586 453 REGUM.
3669 399 3733 455 5i

1532 553 3694 583 “mm

1366 710 2105 800 ΩΡΙΓΕΝΟΥΣ

2196 713 2779 800 ΕΚΛΟΓΛΙ

1512 894 1621 948 ΕΙΣ
1650 895 1793 949 ΤΗΝ
1826 894 2085 948 ΤΡΙΤΗΝ
2110 894 2245 948 ΤΩΝ
2282 894 2662 951 ΒΛΣΙΛΕΙΩΝ.

552 1198 1133 1295 ORIGENIS
1198 1201 2152 1297 ADNOTATIONES
2206 1204 2331 1293 ΙΝ
2408 1201 2877 1296 LIBRUM
2960 1201 3103 1290 ΙΙΙ
3189 1195 3635 1290 REGUM.

1705 1398 1803 1462 (Ex
1822 1396 2136 1449 Bibliotheca
2159 1398 2517 1461 Gallandiana.)

1117 1654 1274 1708 ΚΕΦ.
1312 1655 1387 1708 B'.
1456 1690 1461 1693 ε

467 1747 621 1819 Στίχ.
656 1752 727 1818 η’.
776 1746 887 1819 Καὶ
929 1745 1064 1819 ἰδοὺ
1099 1745 1252 1815 μετὰ
1300 1744 1435 1819 οόῦ⁸
1471 1744 1647 1819 Σεμεῖ
1674 1744 1822 1819 υίὸς-
1860 1744 2048 1813 Γηρᾶ,

537 1816 687 1903 εἰῶς’
706 1817 813 1903 τοᾷ
853 1817 1016 1887 Ἰεμεῒ
1040 1817 1111 1903 ἐκ
1146 1816 1495 1903 Βαθομίρείμ.
1522 1816 1644 1903 ⁸Καὶ
1683 1816 1873 1903 αὐτὸς
1908 1833 2050 1903 κατε

530 1888 802 1959 mare
840 1885 929 1956 με’
958 1886 1225 1955 κατάραν
1268 1886 1583 1959 ,ὀδυνηρὰν
1638 1885 1713 1954 τῇ
1744 1886 1972 1959 nam
2010 1885 2049 1959 ᾗ

538 1955 914 2026 ἐπορευόμην
944 1959 1031 2023 εις
1052 1955 1447 2025 παρεμϐολὰς,
1469 1955 1581 2011 καί
1613 1955 1813 2023 αὐτὸς(
1833 1955 2030 2011 κατέόἆ

533 2031 621 2095 εις
648 2026 998 2097 ἀπάντησιν
1021 2045 1139 2097 μου
1174 2026 1391 2097 εὶς-,τὸν
1431 2026 1751 2095 Ἰορδάνην,
1780 2028 1878 2097 καί
1902 2028 2051 2097 ὤμο-

535 2112 621 2152 σα
644 2096 807 2163 αὐτῷ
837 2098 907 2150 ἐν
927 2095 1124 2166 Κυρίῳ
1142 2138 1159 2165 ,
1198 2095 1394 2166 λέγων
1418 2113 1435 2132 ⁸
1480 2101 1549 2152 Et
1581 2096 1901 2153 θανατώσω
1937 2095 2048 2153 αὐ-

532 2169 643 2222 τὸν
670 2169 741 2222 ἐν
754 2168 1041 2237 ῥομφαίᾳ.

465 2258 617 2330 Σηίχ.
649 2259 717 2330 θ’.
755 2258 867 2330 K91
897 2261 988 2330 οὐ
1028 2259 1116 2329 μὴ
1160 2259 1450 2328 ἀθωὼσῃς
1485 2258 1704 2324 αὐτὸν,
1759 2260 1848 2313 ὅτι
1893 2258 2050 2327 ἀνὴρ

531 2326 725 2398 άὸφὸς
759 2326 820 2400 ετ
840 2328 944 2394 σὺ,
972 2326 1073 2383 κάκ
1098 2326 1303 2400 γνώσῃ
1349 2326 1697 2397 (nomen
1731 2330 1925 2396 αὐτῷ·
1949 2326 2048 2384 καὶ

527 2398 920 2537 ιέἓοζατάξδις
950 2400 1079 2471 τὴν,
1107 2398 1331 2456 κολιᾶν
1372 2402 1559 2457 αὐτοῦ
1599 2402 1673 2455 ἐν
1707 2400 1919 2471 εἰρήνῃ
1962 2404 2049 2467 εὶς

538 2564 836 2634 Ζητεῖται,
859 2561 978 2626 πῶς
1016 2564 1045 2617 6
1094 2563 1257 2617 Δαυῖδ
1317 2562 1395 2634 τῷ
1454 2563 1618 2634 Σεμεῖ
1666 2563 2045 2635 συγχωρήσας,

466 2653 907 2725 παρακελεύεται
922 2652 1000 2725 τῷ
1028 2654 1338 2725 Σολομῶνα
1372 2654 1578 2708 ἀνελεῖν
1606 2654 1788 2719 αὑτὸν,
1814 2655 2048 2726 άμνησί-

469 2763 640 2811 κακος
666 2747 761 2800 καὶ
788 2748 1000 2819 πρᾶος,
1034 2746 1172 2801 ἀλλά
1210 2747 1306 2801 καὶ
1354 2746 1446 2801 τὸν
1492 2745 1649 2800 Ἰωὰϐ
1694 2747 2048 2821 συγκαμόντα

465 2836 637 2908 αὐτῷ.
682 2838 748 2890 Τί
782 2837 972 2909 δήποτ’
996 2832 1093 2892 οὖν
1124 2837 1299 2891 ταῦτα
1341 2837 1512 2902 οὕτως
1542 2836 1900 2909 ᾡκονομῄθη;
1950 2838 2047 2890 Σο-

467 2928 567 2999 φδς
597 2928 674 2982 ῶν
696 2930 725 2983 6
757 2930 921 2984 Δαυῒδ
942 2930 1209 3001 ἠπίστατο
1230 2970 1246 2997 ,
1273 2931 1356 2984 ὅτι
1386 2929 1512 2984 οὔτε
1548 2930 1643 2984 τὸν
1681 2929 1845 3001 Σεμεϊ
1892 2928 2049 2982 Σολο·

2069 1658 2121 1719 Δ

2796 1652 2949 1709 CAP.
2990 1652 3053 1707 ll.

2158 1750 2223 1805 ν.
2260 1749 2313 1805 8.
2363 1749 2428 1803 Et
2451 1765 2566 1804 ecce
2591 1758 2759 1803 tecum
2801 1750 2973 1805 Semei
3016 1747 3163 1817 ﬁlius
3190 1746 3350 1817 Cera,
3384 1748 3531 1815 ﬁlius
3559 1746 3729 1803 Jemei

2220 1822 2285 1873 de
2303 1821 2598 1873 Bathurim.
2628 1819 2960 1889 lpsequoque
2981 1817 3256 1873 maledixit
3284 1835 3364 1869 me
3384 1819 3721 1871 maledictio-

2227 1907 2344 1945 nem
2374 1890 2770 1953 dolorosam,in
2797 1891 2881 1943 die
2913 1906 3016 1959 qua
3044 1889 3186 1959 ibant
3210 1890 3262 1959 i_n
3302 1900 3502 1959 castra,
3535 1898 3582 1940 et
3615 1890 3727 1959 ipse

2186 2015 2190 2018 .
2226 1961 2492 2015 descendit
2526 1962 2581 2013 in
2615 1976 2891 2013 oceanum
2918 1956 3090 2013 meum
3118 1958 3187 2009 ad
3212 1956 3526 2019 Jordanem,
3549 1967 3597 2009 et
3630 1956 3725 2024 ju-

2223 2031 2430 2153 τρυὲεἱ
2478 2030 2537 2085 in
2588 2030 2835 2128 Domino,
2872 2027 3176 2083 dicens:Si
3230 2027 3468 2081 occidam
3514 2043 3633 2080 eum
3669 2030 3724 2079 in

2223 2119 2304 2153 aa
2348 2117 2420 2153 to.

2221 2117 2420 2171 gtaato.

2152 2260 2215 2316 ν.
2259 2263 2313 2317 9.
2358 2260 2426 2315 Et
2450 2277 2552 2314 non
2585 2262 2868 2315 immunem
2901 2259 3069 2329 facias
3100 2256 3379 2328 eum,quia
3409 2258 3491 2312 vir
3514 2257 3724 2325 sapiens

2219 2349 2274 2385 es
2314 2342 2393 2395 tu,
2418 2342 2468 2385 et
2495 2348 2775 2399 cognosces
2800 2347 2918 2400 qua
2946 2330 3108 2397 [acies
3138 2330 3188 2382 ei
3216 2345 3234 2383 :
3259 2337 3312 2382 et
3354 2345 3460 2383 non
3494 2330 3720 2383 deducas

2221 2403 2464 2456 canitiem
2494 2402 2606 2473 ejus
2630 2402 2686 2454 in
2723 2416 2850 2471 pace
2876 2402 2943 2454 ad
2973 2400 3189 2468 inferos.

2219 2564 2492 2631 Qumritur
2518 2562 2788 2632 quomodo
2816 2561 3011 2625 David,
3046 2561 3138 2631 qui
3171 2560 3348 2616 Semei
3400 2560 3725 2623 indulserat,

2151 2659 2375 2713 mandet
2411 2656 2692 2713 Salomoni
2717 2664 2775 2711 ut
2797 2654 3092 2711 interﬁciat
3118 2670 3268 2719 eum,
3293 2654 3409 2723 ipse
3440 2653 3531 2724 qui
3580 2652 3723 2722 inju-

2151 2752 2355 2805 riarum
2398 2763 2608 2806 memor
2640 2764 2747 2804 non
2785 2757 2932 2815 erat,
2988 2747 3083 2804 sed
3136 2747 3441 2817 benignus,
3487 2746 3727 2815 itemque

2150 2838 2379 2894 Joabum
2413 2842 2504 2909 qui
2538 2852 2721 2895 secum
2770 2838 3135 2892 laboraverat.
3176 2836 3415 2893 Curnam
3451 2850 3581 2906 ergo
3610 2836 3727 2891 haec

2154 2932 2229 2986 ita
2286 2931 2542 2987 ordinata
2577 2932 2740 2987 sunt?
2774 2930 2944 2986 David
2999 2930 3198 3000 quippe
3249 2930 3465 2999 sapiens
3496 2926 3727 2996 sciebat,

470 3018 588 3091 μὼν
619 3021 769 3076 ἐάσει
806 3020 908 3091 ζῇν
935 3021 1045 3075 δέει
1078 3022 1179 3093 τῆς
1200 3022 1625 3085 ἐπαναστάσεως
1646 3040 1659 3051 ·
1694 3021 1772 3085 ὼς
1809 3020 1917 3093 γὰρ
1942 3021 2051 3076 ἀπὸ

2157 3024 2296 3094 quod
2322 3037 2500 3093 neque
2531 3021 2803 3077 Semeium
2828 3021 3087 3077 Salomon
3112 3022 3295 3076 vivere
3326 3021 3553 3085 sineret,
3574 3028 3723 3075 metu

470 3111 747 3181 βασιλικοῦ
773 3112 1083 3185 ἀξιώματος
1112 3113 1295 3185 μέλλει
1331 3114 1462 3185 περὶ
1508 3112 1612 3184 τῆς
1635 3112 1910 3184 βασιλείας
1942 3114 2047 3186 μά·

468 3203 660 3275 χεσθαι
688 3204 767 3276 τῷ
796 3203 1134 3276 Σολομῶντιο
1161 3203 1289 3258 οὔτε
1310 3203 1405 3257 τὸν
1444 3203 1623 3269 Ἰωάϐ,
1655 3204 1733 3268 ὡς
1766 3204 1922 3266 ἐκτὸς
1950 3204 2049 3276 τῆς

466 3294 562 3349 τοῦ
603 3295 768 3353 Δαυῖδ
813 3297 1041 3369 γνώμης
1090 3298 1170 3369 είς
1201 3295 1426 3366 βασιλέα
1454 3294 1547 3349 τὸν
1579 3296 1695 3350 υἱὸν
1748 3296 1841 3350 τοῦ
1888 3296 2051 3351 Δαυτδ

468 3390 887 3460 καταστήσαντα
904 3405 918 3419 ο
965 3389 1041 3453 ὡς
1086 3388 1342 3443 ἀνελόντα
1378 3388 1558 3443 τοίνυν
1605 3388 1698 3442 καὶ
1737 3388 1831 3442 τὸν
1870 3388 2047 3454 Ἰωὰ6,

468 3481 819 3552 συγκαμόντα
863 3482 922 3537 δὲ
970 3481 1049 3553 τῷ
1094 3482 1265 3555 πατρὶ
1312 3484 1372 3536 ἐν
1413 3483 1629 3546 πολλοῖς
1666 3481 1926 3554 πολέμοις
1956 3482 2053 3535 καὶ

468 3571 912 3643 κατορθώσαντα.
959 3574 1147 3629 Ταῦτα
1184 3574 1418 3646 προϊδὼν
1448 3576 1478 3629 6
1515 3574 1675 3629 Aau‘l6
1698 3615 1715 3641 ,
1764 3573 2051 3648 προλαϐὼν

467 3663 740 3718 διατάττει
771 3662 851 3735 τῷ
882 3664 1190 3736 Σολομῶντι
1216 3667 1473 3737 ποιῆσαι,
1518 3666 1556 3722 ἃ.
1597 3667 1691 3720 καὶ
1733 3666 1826 3736 ἀφ’
1857 3665 2050 3720 ἐαυτοῦ

468 3755 723 3827 Σολομὼν
754 3756 975 3822 πάντως
1018 3757 1220 3823 ἐποίει,
1255 3759 1343 3827 ἵν’,
1382 3761 1513 3814 ὅταν
1551 3759 1911 3832 ἀναιρεθῶσιν
1959 3761 2052 3814 ὑπ’

469 3852 656 3919 αὑτοῦ,
688 3851 937 3908 τουτέστι
975 3854 1069 3908 τοῦ
1116 3855 1495 3926 Σολομῶντος,
1542 3858 1591 3910 οἱ
1639 3856 2049 3929 προειρημένοι,

472 3942 803 4015 συγγνώμην
836 3946 939 4017 σχῇ
976 3946 1006 3999 6
1052 3944 1307 4015 Σολομὼν
1328 3985 1345 4010 ,
1399 3945 1477 4009 ὡς
1506 3945 1769 4019 πατρικὸν
1805 3945 2054 4019 βούλημα

470 4036 786 4109 πληρώσας,
810 4037 905 4094 καὶ
927 4036 1029 4092 οὐκ
1053 4036 1217 4101 αὐτὸς
1243 4037 1337 4109 ἀφ’
1372 4036 1567 4092 ἐαυτοῦ
1597 4040 1718 4093 κατ’
1751 4037 1931 4093 αὐτῶν
1971 4057 2054 4093 κι-

471 4124 677 4198 νηθείς.

1104 4222 1265 4278 ΚΕΦ.
1314 4223 1415 4277 ΙΕ’.

472 4310 621 4385 Στίχ.
657 4310 971 4385 κγ’.,11λήν
1018 4313 1090 4369 ἐν
1134 4314 1316 4385 καιρῷ
1363 4315 1471 4369 τσῦ

542 4451 751 4506 αὐτοῦ.

548 4542 672 4606 Πῶς
720 4543 941 4615 νοητέον
961 4585 976 4611 ,
1048 4543 1224 4615 Πλὴν
1260 4546 1330 4601 ἐν
1372 4548 1454 4615 τῷ
1502 4548 1687 4618 καιρῷ
1727 4550 1836 4606 τοῦ
1868 4551 2063 4622 γήρως

473 4633 773 4701 ἐποίησεν
802 4636 939 4691 Ἀσὰ
966 4636 1033 4690 τὸ
1063 4638 1353 4707 πονηρὸν,
1382 4640 1481 4693 καὶ
1506 4640 1764 4696 ἐπόνεσε
1786 4643 1927 4709 τοὺς
1960 4644 2069 4698 πό-

473 4722 585 4789 δας
613 4723 839 4789 αὐτοῦ;
869 4726 1208 4799 Σαφέστερον
1234 4730 1330 4783 καὶ
1373 4729 1531 4784 τοῦτο
1558 4731 1667 4786 τῶν
1696 4735 2063 4803 Παραλειπο-

468 4814 727 4889 μένωνη
758 4816 938 4888 emo;
967 4818 1222 4886 ἐδίδαξεν.
1264 4822 1367 4877 Ἐν
1390 4823 1501 4893 γὰρ
1528 4823 1603 4893 τῇ
1626 4825 1928 4895 ἀρρωστίᾳ
1951 4830 2055 4883 αὐ-

474 4907 580 4961 τοῦ
599 4947 615 4973 ,
650 4910 844 4981 φησὶν,
869 4911 981 4965 οὐκ
1016 4910 1269 4982 ἐζήτησε
1303 4914 1550 4984 Κύριον,
1578 4915 1743 4971 ἀλλὰ
1792 4916 1936 4984 τοὺς
1970 4921 2057 4973 ια·-

474 5001 671 5067 τρούς.
716 4999 857 5072 Ἐγὼ
901 5001 959 5056 δέ
990 5003 1136 5058 δυοῖν
1161 5003 1390 5079 Θάτερον
1430 5006 1797 5079 ὑπολαμϐάνω
1817 5048 1832 5073 ,
1862 5008 1895 5081 ἢ
1930 5010 2058 5076 τοὺς

476 5093 712 5163 ἐπρδαῖς
740 5094 1112 5168 κεχρημένους
1142 5098 1235 5151 καὶ
1278 5100 1632 5171 μαγγανείαις
1664 5101 1926 5175 κληθῆναι
1967 5103 2051 5156 ία-

475 5187 669 5257 τροὺς,
699 5186 734 5258 ἢ
767 5188 849 5242 ὅτι
882 5189 1066 5259 μόνοις
1097 5188 1384 5245 ἐπίστευσε
1417 5195 1529 5258 τοῖς
1569 5195 1771 5267 ἰατροῖς
1794 5194 1942 5267 ,τὴν
1972 5196 2052 5260 είς

474 5278 568 5331 τὸν
600 5278 735 5333 Θεὸν
769 5280 870 5334 οὐκ
902 5279 1041 5351 ἔχων
1066 5280 1276 5335 ἐλπίδα.
1305 5282 1368 5336 Οί
1398 5282 1507 5355 γὰρ
1535 5284 1788 5357 εὐσεϐείᾳ
1818 5284 2055 5357 κοσμού-

481 5388 629 5442 μενοι
656 5370 951 5443 κέχρηνται
982 5372 1083 5443 μὲν
1120 5376 1233 5438 τοῖς
1267 5375 1472 5446 ἰατροῖς
1510 5375 1587 5440 ὡς
1619 5377 1913 5450 ὑπουργοϊς
1959 5376 2055 5431 τοῦ

476 5462 635 5530 Θεοῦ,
663 5464 882 5531 ειδότες,
915 5467 998 5520 ὅτι
1026 5466 1121 5520 καὶ
1152 5466 1250 5539 τὴν
1279 5468 1525 5541 ἰατρικὴν
1550 5471 1859 5543 ἐπιστήμην
1891 5471 2054 5537 αὐτὸς

549 5635 594 5666 ⁸⁵
630 5632 673 5687 ll
704 5631 884 5689 Paral.
917 5649 1030 5700 ινι,
1058 5633 1143 5689 l2.

551 5784 666 5853 (99)
701 5785 1017 5851 Ἐποίησεν
1067 5783 1203 5838 Ἀσὰ
1238 5786 1301 5841 τὸ
1330 5787 1613 5853 πονηρόν.
1652 5785 1775 5839 Ilaec
1802 5785 2049 5853 nuspinm

482 5854 1174 5927 alibiexstant£himcbius
1199 5863 1378 5913 tamen
1392 5857 1607 5929 scribit,
1626 5857 1766 5914 male
1782 5856 2053 5917 audivisse

2152 3115 2495 3183 rebellionis;
2531 3124 2791 3185 tanquam
2838 3113 2983 3170 enim
3035 3128 3134 3183 pro
3188 3112 3338 3183 regia
3369 3111 3633 3183 dignitate
3660 3111 3731 3167 de

2154 3223 2322 3281 regno
2348 3223 2469 3263 cum
2516 3206 2810 3263 Salomone
2842 3215 3182 3277 pugnaturus
3202 3213 3321 3260 erat
3345 3222 3360 3271 ;
3402 3219 3578 3274 neque
3603 3202 3731 3259 Joa-

2152 3301 2303 3367 bum,
2349 3299 2550 3370 quippe
2576 3298 2670 3369 qui
2702 3306 2892 3353 contra
2950 3296 3171 3352 Davidis
3204 3296 3536 3352 sententiam
3562 3297 3615 3351 in
3645 3312 3732 3351 re-

2160 3407 2281 3464 gem
2308 3392 2479 3446 lilium
2508 3390 2732 3445 Davidis
2765 3389 3148 3454 constituerat,
3177 3389 3326 3443 velut
3351 3388 3582 3458 proinde
3606 3403 3731 3442 eum

2152 3487 2243 3557 qui
2270 3485 2498 3541 Joabum
2530 3483 2606 3556 (Ι)
2634 3484 2936 3548 sustulerit,
2967 3483 3061 3537 sed
3089 3498 3212 3538 cum
3258 3491 3414 3552 patre
3454 3482 3508 3536 in
3541 3480 3730 3535 multis

2153 3568 2310 3633 bellis
2338 3575 2667 3632 laboraverit
2686 3583 2745 3631 et
2768 3577 2943 3629 victor
2964 3573 3256 3629 exstiterit.
3279 3571 3404 3628 Haec
3424 3572 3732 3641 przevidens

2155 3670 2345 3737 David,
2376 3666 2718 3739 praeveniens
2742 3666 2966 3720 mandat
2997 3663 3273 3721 Salomoni
3305 3673 3365 3719 ut
3392 3663 3584 3728 faciat,
3609 3678 3732 3733 quae

2153 3761 2324 3817 etiam
2351 3775 2417 3814 ex
2463 3758 2642 3829 seipso
2673 3756 2929 3814 Salomon
2962 3758 3183 3813 omnino
3234 3755 3468 3812 fecisset.
3507 3755 3577 3811 Ut
3610 3771 3733 3809 cum

2156 3851 2356 3908 sublati
2371 3858 2561 3907 essent
2582 3849 2650 3904 ab
2666 3848 2777 3914 illo,
2810 3849 2861 3904 id
2881 3859 2965 3904 est
2993 3849 3303 3912 Salomone,
3333 3847 3434 3901 viri
3461 3845 3734 3916 prmdicti,

2155 3942 2373 3999 veniam
2416 3941 2644 3996 haberet
2677 3937 2961 4006 Salomon,
3004 3946 3261 4007 tanquam
3305 3936 3399 4005 qui
3450 3946 3733 4005 paternam

2154 4032 2489 4089 voluntatem
2514 4029 2816 4099 implesset,
2839 4038 2893 4085 et
2910 4044 3013 4085 non
3043 4030 3161 4099 ipse
3182 4042 3247 4082 ex
3271 4042 3329 4083 se
3344 4028 3458 4098 ipso
3474 4026 3735 4081 adversus

2156 4142 2251 4185 eos
2278 4136 2456 4183 motus
2486 4123 2703 4180 fuisset.

2788 4213 2940 4273 CAP.
2980 4211 3097 4267 XV.

556 4315 621 4381 ίχ.
657 4318 762 4380 κγ’.
796 4315 971 4382 Πλὴν
1018 4315 1090 4369 ἐν
1134 4315 1316 4385 καιρῷ
1363 4315 1471 4369 τσῦ
1513 4315 1707 4384 γήρως
1763 4315 2052 4384 ἐποίησεν

556 4381 801 4458 ᾉσὰ-τὸ
843 4385 1111 4454 πονηρὸν
1136 4385 1272 4458 (99),
1300 4385 1403 4445 καί
1424 4387 1680 4442 ἐπόνεσε
1704 4386 1847 4454 τοὺς
1868 4386 2052 4455 πόδας

2162 4334 2227 4391 V.
2267 4332 2360 4388 2'5.
2411 4332 2785 4389 Verumtamen
2808 4348 2865 4384 in
2894 4339 3124 4396 tempore
3149 4323 3433 4381 senectutis
3469 4322 3590 4390 fecit
3626 4320 3736 4376 Asa

2398 4404 2621 4458 malum.
2660 4413 2709 4457 et
2742 4402 3041 4458 inﬁrmatus
3067 4406 3143 4453 est
3174 4397 3329 4458 pedes
3357 4409 3502 4450 suos.

2398 4404 2621 4470 malum,
2660 4413 2709 4457 et
2742 4402 3041 4472 inﬁrmatus
3067 4406 3143 4453 est
3174 4397 3329 4465 pedes
3357 4409 3502 4450 suos.

2236 4542 2523 4611 Quomodo
2583 4538 2995 4610 intelligendum
3062 4545 3149 4590 est
3195 4551 3211 4589 :
3252 4530 3629 4587 Verumtamen
3680 4528 3737 4583 in

2166 4645 2396 4705 tempore
2423 4632 2708 4689 senectutis
2774 4629 2898 4699 fecit
2925 4627 3037 4681 Asa
3066 4624 3291 4689 malum,
3348 4631 3396 4679 et
3435 4620 3737 4691 inﬁrmatus

2164 4740 2239 4787 est
2276 4730 2430 4799 pedes
2456 4742 2583 4781 suos
2621 4725 2649 4779 .’
2690 4722 2906 4779 Clarius
2932 4720 2986 4775 id
3015 4732 3233 4789 quoque
3278 4715 3736 4785 Paralipomenon

2165 4824 2304 4879 liber
2320 4819 2555 4877 edocuit.
2608 4816 2689 4872 In~
2721 4813 3035 4883 inﬁrmitate
3081 4810 3218 4865 enim
3247 4826 3370 4873 sua,
3402 4807 3603 4878 inquit,
3634 4822 3738 4860 non

2163 4913 2432 4985 requisivit
2488 4910 2800 4973 Dominum,
2844 4905 2936 4961 sed
2983 4906 3214 4959 medicos
3244 4902 3313 4957 “.
3353 4901 3465 4972 Ego
3509 4914 3640 4957 vero
3669 4901 3739 4956 de

2162 5005 2373 5061 duobus
2424 5001 2750 5057 alterutrum
2790 5008 3063 5064 suppono,
3106 4993 3192 5049 vel
3236 4992 3535 5048 advocatos
3569 4992 3739 5047 fuisse

2161 5097 2401 5153 medicos
2443 5096 2536 5167 qui
2574 5090 3135 5149 incantationibuset
3182 5086 3475 5159 praestigiis
3506 5086 3735 5142 uteban-

2162 5201 2290 5257 tur;
2338 5189 2424 5245 vel
2458 5188 2591 5244 solis
2624 5186 2785 5241 ﬁdem
2839 5183 3157 5239 adhibuisse
3202 5180 3454 5243 medicis,
3489 5193 3595 5233 non
3634 5179 3737 5233 ha-

2161 5283 2377 5339 bentem
2425 5282 2482 5334 in
2524 5278 2696 5334 Deum
2752 5289 2927 5345 spem.
2976 5273 3080 5340 Qui
3125 5272 3272 5328 enim
3306 5270 3571 5341 religione
3609 5279 3737 5324 sunt

2163 5373 2394 5446 praediti,
2430 5367 2901 5439 utunturoquidem
2934 5364 3163 5420 medicis
3187 5372 3445 5431 tanquam
3469 5360 3740 5415 ministris

2166 5470 2283 5535 Dei,
2317 5466 2552 5524 scientes
2566 5464 2712 5535 quod
2740 5469 2797 5516 et
2822 5459 3086 5516 medicam
3108 5457 3395 5515 scientiam
3430 5455 3545 5526 ipse
3571 5454 3738 5523 largi-

2160 5787 2341 5847 Asam,
2370 5800 2435 5840 eo
2467 5786 2608 5854 quod
2636 5785 2999 5855 angariaverjt
3029 5782 3321 5855 discipulos
3345 5781 3673 5852 sapientum.

2161 5892 2188 5925 ι,
2234 5858 2311 5928 (l)
2342 5853 2504 5916 Eorte
2530 5853 2800 5916 Abner'es
2827 5853 2893 5912 ιιι
2932 5854 3068 5923 Reg.
3102 5853 3184 5910 ιιι.
