4186 6402
493 357 566 412 55
1372 362 1932 423 SUPPLEMENTUM
1975 368 2066 422 AD
2100 367 2422 429 ORIGENIS
2462 371 2871 434 EXEGETICA.
3658 382 3729 438 55

500 484 589 528 tus
619 482 703 528 est
737 474 1065 540 hominibus,
1096 478 1552 546 quemadmodum
1587 490 1644 534 et
1670 482 1923 552 reliquas,
1945 485 2106 546 her-1

2164 485 2329 540 ἔδωκε
2358 489 2470 551 τοῖς
2501 488 2824 560 ἀνθρώποις,
2857 489 3046 564 ὥσπερ
3066 492 3130 563 δὴ
3165 493 3258 546 καὶ
3285 493 3382 556 τὰς
3405 493 3569 558 ἄλλας
3593 534 3607 558 ,
3637 496 3732 548 καὶ

495 564 595 620 bas
622 581 837 636 quoque
870 569 983 636 ipse
1013 571 1080 623 de
1120 582 1263 626 terra
1309 575 1618 642 germinare
1645 577 1834 632 edixit.
1868 577 2060 632 Sciunt

496 667 676 712 tamen
717 659 1094 724 nihilominus,
1147 662 1279 716 nihil
1325 680 1483 733 posse
1516 667 1845 721 medicorum
1886 677 2059 724 artem

497 748 607 804 Deo
653 750 868 805 nolente
891 756 932 818 ,ι
980 753 1074 807 sed
1128 762 1337 810 tantum
1388 771 1571 826 posse,
1613 768 1873 826 quantum
1919 759 2059 816 Deus

493 841 627 894 vult.
656 839 970 897 Jeroboami
1028 859 1190 912 porro
1232 844 1427 902 donius
1450 849 1818 905 omnimodum
1869 852 2059 906 interi-

494 940 610 985 tum
636 934 896 988 sustinuit
929 935 1082 1004 juxta
1114 937 1521 1004 praedictionem
1553 941 1735 996 Achiaa
1785 942 2054 1002 Silonitae.

499 1021 770 1078 Percussit
797 1041 1052 1098 namque,
1081 1029 1177 1094 ait,
1212 1028 1390 1083 Baaaa
1419 1047 1510 1085 rea:
1548 1031 1718 1086 Israel
1755 1044 1921 1088 totum
1961 1036 2058 1090 do-

489 1133 632 1169 mum
653 1117 965 1181 Jcroboam,
1027 1130 1076 1174 et
1115 1136 1214 1172 non
1250 1122 1459 1189 reliquit
1485 1139 1688 1178 omnem
1717 1127 2056 1193 spirationem

488 1209 543 1260 in
569 1206 873 1275 Jeroboum,
918 1211 1082 1264 donec
1129 1211 1376 1281 funditus
1428 1216 1665 1282 perderet
1706 1216 1816 1278 ipso
1853 1233 2053 1282 omnes,

482 1295 640 1360 juxta
681 1301 891 1353 verbum
953 1299 1190 1364 Domini.
1239 1305 1379 1370 quod
1422 1305 1629 1359 locutus
1677 1316 1757 1362 est
1796 1308 1851 1360 in
1893 1324 2054 1363 manu

486 1387 621 1441 servi
649 1390 730 1441 sui
751 1389 931 1446 Acilia
963 1391 1202 1449 Silonita:
1230 1394 1298 1447 “.
1322 1395 1518 1450 Eadem
1546 1413 1739 1467 passus
1767 1410 1850 1456 est
1883 1399 2052 1456 Baasa

488 1494 726 1550 quoque.
778 1481 1037 1538 Eamdem
1081 1487 1225 1541 enim
1257 1498 1314 1542 et
1355 1489 1456 1544 iste
1491 1490 1826 1560 impietatem
1853 1503 1909 1550 et
1948 1495 2052 1550 ini-

485 1571 750 1640 quitatem
790 1575 1072 1644 amplexus
1100 1588 1204 1644 est,
1239 1578 1477 1650 Ilelaque
1503 1581 1622 1649 ejus
1659 1584 1802 1640 tilius
1826 1599 1856 1638 a
1887 1585 2050 1641 Zam-

485 1665 568 1718 bri
602 1665 798 1719 vulnus
829 1669 1056 1737 accepit.
1089 1669 1198 1724 Iste
1229 1685 1356 1726 vero
1399 1675 1697 1729 secundum
1742 1679 2048 1746 praedictio-

486 1771 609 1811 nem
659 1756 879 1825 factam,
924 1759 1117 1814 iterum
1151 1777 1370 1818 omnem
1422 1764 1607 1822 Bassa
1655 1767 1902 1824 dissolvit
1946 1771 2046 1824 do—

481 1865 651 1904 mum.
683 1849 817 1904 Cum
846 1853 1076 1921 populus
1100 1853 1320 1907 Zambri
1350 1871 1526 1924 regem
1562 1868 1820 1923 creasset,
1850 1861 2041 1916 obses-

477 1958 575 1998 sus
602 1943 824 1999 Zambri
871 1947 1088 2000 domum
1120 1948 1171 2001 in
1197 1962 1303 2018 qua
1351 1950 1580 2020 degebat
1621 1953 1944 2017 combussit,
1988 1963 2044 2010 et

476 2048 602 2087 cum
654 2033 748 2088 illa
787 2045 1014 2091 exustus
1049 2039 1299 2107 oppetiit.
1339 2040 1416 2094 Ex
1454 2040 1538 2095 his
1563 2055 1728 2108 porro
1757 2042 2040 2107 docemur,

473 2140 570 2180 eos
619 2126 712 2196 qui
759 2129 952 2182 eadem
988 2130 1177 2186 vivunt
1223 2132 1516 2201 pravitate,
1551 2132 1836 2188 Dominum
1871 2133 2040 2190 Deum

474 2216 638 2271 alium
675 2233 770 2287 per
814 2219 979 2275 alium
1021 2223 1232 2289 punire,
1282 2233 1339 2278 et
1384 2226 1606 2280 tradere
1644 2225 1899 2294 nquiori
1942 2241 2039 2282 ne-

473 2324 658 2379 quam,
684 2313 836 2381 quasi
868 2313 1192 2382 quibusdam
1234 2317 1591 2373 cantillcibus
1629 2325 1870 2374 utentem
1911 2317 2036 2374 illis.

538 2583 808 2651 Quoniam
857 2601 988 2643 vero
1029 2588 1273 2643 nonnulli
1318 2600 1589 2658 quaerunt,
1627 2594 1898 2648 undenam
1929 2592 2033 2648 Sa-

472 2677 684 2732 maritae
717 2678 860 2734 hanc
914 2680 1331 2749 appellationem
1374 2684 1695 2748 habuerint,‘
1727 2699 1792 2738 ex
1835 2700 2033 2755 propo-

2159 578 2257 642 τὰς
2285 578 2510 648 βοτάνας
2545 581 2705 646 αὐτὸς
2749 585 2812 636 ἐκ
2851 583 2952 653 τῆς
2985 585 3086 654 γῆς
3138 584 3432 653 βλαστῆσαι
3466 594 3729 656 προσετα-

2159 668 2270 733 ξεν.
2304 671 2480 723 Ἵσασι
2508 672 2564 725 δὲ
2597 673 2745 743 ὅμως
2766 713 2782 736 ,
2811 673 2887 735 ὡς
2915 674 3065 725 οὐδὲν
3100 673 3271 743 ἰσχύει
3301 674 3406 727 τῶν
3452 675 3648 746 ίατρῶν
3693 678 3726 745 η

2156 761 2352 832 τέχνη,
2385 763 2459 834 μὴ
2487 764 2804 835 βουλομένου
2833 763 2968 816 Θεοῦ
3037 765 3174 818 ἀλλὰ
3214 765 3445 818 τοσαῦτα
3485 766 3726 828 δύναται,

2155 853 2255 906 ὅσα
2292 855 2452 918 αὐτὸς
2495 854 2759 925 βούλεται.
2808 855 2913 908 Τοῦ
2964 855 3021 908 δὲ
3066 856 3346 926 Ἰεροδοὰμ
3385 859 3414 909 6
3449 852 3597 920 οἶκος
3629 857 3726 925 τὴν

2157 947 2530 1018 πανωλεθρίαν
2591 948 2848 1018 ὑπέμεινε
2897 948 3033 1001 κατὰ
3078 948 3174 1018 τὴν
3221 949 3520 1019 πρόρρησιν
3573 949 3729 1018 Ἀχιᾶ

2154 1037 2249 1089 τοῦ
2273 1038 2588 1108 Σηλωνίτου,
2632 1039 2915 1102 Ἐπάταξε
2951 1038 3080 1108 γὰρ,
3114 1040 3281 1107 φησὶ,
3311 1041 3520 1093 Βαασὰ
3544 1040 3725 1103 ,βασι-

2154 1129 2300 1197 λεὺς
2346 1129 2590 1197 Ἰσραὴλ
2622 1130 2769 1184 ὅλον
2796 1130 2901 1183 τὸν
2933 1126 3101 1182 οἷκον
3137 1130 3451 1198 Ἱεροϐοάμ,
3482 1131 3581 1183 καὶ
3609 1132 3725 1200 οὐχ

2152 1223 2507 1278 ὑπελείπετο
2547 1221 2753 1277 πᾶσαν
2788 1221 2987 1289 πνοὴν
3030 1223 3100 1275 ἐν
3141 1221 3220 1286 τῷ
3256 1222 3578 1290 Ἱεροϐοάμ,
3611 1222 3724 1288 ἕως

2153 1313 2258 1368 τοῦ
2297 1313 2722 1382 ἑξολοθρεῦσαι
2761 1315 2947 1368 αὑτὸν
2979 1312 3241 1379 πάντας,
3277 1314 3425 1366 κατὰ
3465 1314 3528 1365 τὸ
3557 1313 3725 1382 ῥῆμα

2151 1408 2368 1474 Κυρίου
2407 1405 2440 1459 ὃ
2478 1405 2779 1473 ἐλάλησεν
2816 1407 2886 1459 ἐν
2927 1406 3078 1473 χειρὶ
3122 1404 3227 1458 τοῦ
3271 1405 3494 1457 δούλου
3535 1404 3722 1457 αὑτοῦ

2164 1493 2319 1560 Ἇχιὰ
2341 1493 2445 1546 τοῦ
2470 1494 2830 1560 Σηλωνίτου.
2852 1493 3035 1546 Ταῦτα
3058 1493 3114 1545 δὲ
3138 1491 3232 1545 καὶ
3259 1490 3441 1544 Βαασὰ
3467 1491 3717 1544 πέπονθε.

2148 1585 2259 1656 Τὴν
2304 1584 2413 1654 γὰρ
2446 1583 2616 1654 αὐτὴν
2649 1587 2744 1637 καὶ
2777 1579 2927 1647 οὗτος
2960 1584 3213 1637 ἀσέϐειαν
3247 1583 3342 1638 καὶ
3377 1584 3720 1656 παρανομίαν

2147 1677 2447 1745 ἠσπάσατο.
2484 1676 2595 1729 Καὶ
2639 1676 2771 1728 'tm
2794 1676 2849 1729 δὲ
2881 1677 2912 1728 6
2944 1675 3130 1728 τούτου
3165 1678 3291 1738 παῖς
3331 1677 3481 1745 παρὰ
3507 1675 3720 1746 Ζαμϐρὶ

2149 1769 2361 1836 ἐδέξατο
2382 1770 2480 1842 τὴν
2513 1770 2743 1842 πληγήν.
2772 1764 2938 1834 Οὗτος
2970 1769 3025 1822 δέ
3058 1769 3196 1823 κατὰ
3219 1770 3320 1841 τὴν
3351 1769 3720 1839 γεγενημένην

2077 1826 2122 1886 Β
2152 1826 2454 1934 πρδρῤησιν
2485 1826 2645 1915 «alii
2681 1826 2692 1842 Ι
2715 1862 2892 1915 πάντα
2919 1826 3035 1914 *τὸν
3098 1861 3191 1916 τοῦ
3231 1826 3440 1914 Βὲαὲέ
3490 1826 3718 1914 κὲτέλᾴ-

2152 1969 2244 2006 σεν
2286 1949 2452 2007 οἷκον.
2479 1952 2589 2008 Τοῦ
2645 1951 2702 2005 δὲ
2745 1952 2875 2006 λαοῦ
2926 1953 3018 2006 τὸν
3051 1953 3266 2024 Ζαμερὶ
3313 1957 3720 2024 χειροτονήσαν-

2148 2062 2239 2108 τος
2273 2045 2521 2115 βασιλέα,
2566 2045 3016 2117 πολιορκούμενος
3047 2047 3076 2099 6
3106 2046 3321 2116 Ζαμῆρὶ
3351 2045 3438 2096 τὸν
3481 2041 3629 2098 οἶκον
3660 2047 3720 2098 ἐν

2145 2129 2191 2205 ᾧ
2213 2137 2398 2207 διῆγεν
2426 2137 2720 2207 ἐνέπρησε,
2746 2136 2839 2190 καὶ
2873 2137 2969 2189 σὺν
3001 2136 3195 2204 ἐκείνῳ
3227 2135 3445 2197 καυθεὶς
3477 2133 3719 2188 τετελεύ-

2145 2245 2300 2299 τηκε.
2336 2229 2706 2299 Διδασκόμεθα
2729 2229 2785 2282 δὲ
2816 2228 2903 2282 διὰ
2932 2228 3135 2283 τούτων
3166 2230 3344 2298 ἡμεῖς,
3365 2228 3440 2291 ὡς
3469 2228 3592 2291 τοὺς
3623 2245 3718 2280 πο-

2144 2321 2308 2391 νηρίᾳ
2339 2320 2614 2385 συζῶντας
2633 2321 2700 2374 δι’
2726 2321 2968 2392 ἀλλήλων
2997 2321 3308 2388 ὁΔεσπύτης
3330 2319 3544 2382 κολάζει
3563 2318 3714 2382 Θεὸς,

2144 2413 2238 2466 καὶ
2274 2411 2353 2483 τῷ
2394 2413 2740 2484 πονηροτέρῳ
2775 2412 2868 2465 τὸν
2907 2413 3142 2482 πονηρὸν
3182 2411 3574 2483 παραδίδωσιν,
3605 2406 3717 2464 οἷόν

2143 2520 2252 2560 τισι
2283 2503 2498 2574 δημίοις
2528 2504 2863 2574 κεχρημένος
2891 2503 3090 2565 αὐτοῖς.

2223 2595 2440 2666 Ἐπειδὴ
2490 2594 2548 2648 δέ
2588 2610 2733 2657 τινες
2781 2591 3032 2664 ζητοῦσι,
3078 2591 3244 2645 πόθεν
3279 2590 3331 2643 ol
3377 2589 3714 2659 Σαμαρεῖται

2140 2684 2298 2758 τήνδε
2321 2685 2417 2756 τὴν
2448 2685 2812 2756 προσηγορίαν
2840 2688 3164 2755 ἐσχήκασιν,
3193 2685 3257 2735 ἐκ
3282 2683 3381 2752 τῆς
3420 2678 3713 2750 προκειμέ-

471 2769 578 2822 sita
609 2770 837 2824 historia
876 2772 978 2825 hoc
1010 2773 1291 2828 addiscere
1334 2789 1561 2842 pronum
1603 2785 1708 2830 est.
1743 2775 2034 2847 Acquiaivit

2141 2795 2236 2849 νης
2271 2777 2504 2848 ἱστορίας
2539 2777 2694 2830 τοῦτο
2728 2777 2916 2847 μαθεῖν
2945 2775 3188 2837 εὐπετές.
3232 2774 3560 2841 Ἐκτήσατο
3581 2771 3710 2844 γὰρ,

465 2861 640 2928 enim,
665 2861 863 2931 inquit,
913 2861 1128 2917 Zambri
1181 2876 1407 2918 montem
1430 2864 1678 2922 Semeron
1720 2885 1753 2922 α
1799 2866 2035 2924 Semmer

2141 2871 2293 2942 φησὶ,
2332 2869 2550 2940 Ζαμϐρὶ
2582 2869 2649 2923 τὸ
2695 2867 2831 2938 ὅρος
2865 2868 2928 2922 τὸ
2955 2867 3226 2936 Σεμέρων
3266 2867 3424 2933 παρὰ
3469 2865 3712 2934 Σεμμὴρ

464 2954 681 3007 domino
708 2954 825 3024 ejus
856 2966 1078 3026 argento
1102 2962 1265 3011 duum
1295 2959 1630 3024 talentorum,
1658 2969 1706 3013 et
1747 2960 2032 3027 aediﬁcavit

2141 2961 2245 3015 τοῦ
2279 2962 2486 3028 κυρίου
2526 2960 2711 3014 αὐτοῦ
2753 2959 2862 3013 δύο
2893 2957 3205 3012 ταλάντων
3236 2956 3521 3026 ἀργυρίου
3545 2995 3560 3016 .
3610 2957 3709 3009 καὶ

464 3057 717 3110 montem,
740 3057 788 3100 et
816 3047 1098 3116 appellauit
1130 3064 1318 3103 nomen
1345 3049 1456 3120 ejus
1483 3052 1696 3114 montis.
1724 3068 1877 3121 quem
1897 3051 2031 3105 tedi-

2141 3052 2479 3122 ῲκοδόμησε
2510 3051 2576 3105 τὸ
2605 3052 2760 3120 ὅρος,
2804 3051 2902 3104 καὶ
2929 3050 3260 3103 exaudiens
3297 3047 3364 3101 τὸ
3392 3048 3577 3116 ὄνομα
3605 3049 3710 3100 αὑ-

464 3139 737 3208 ﬁcaverat,
766 3141 830 3193 de
854 3144 1062 3195 nomine
1090 3139 1325 3195 Sentmer
1360 3143 1560 3196 domini
1594 3148 1806 3209 montis,
1853 3143 2030 3199 Seme—
2056 3185 2100 3244 ϐ

2141 3143 2240 3198 τοῦ
2266 3144 2440 3212 ὄρους
2459 3139 2531 3200 οὗ
2550 3143 2954 3211 ᾠκοδόμησεν,
2977 3141 3075 3194 ἐπὶ
3107 3139 3188 3206 τῷ
3209 3140 3450 3208 ὀνόματι
3473 3139 3709 3206 Σεμμὴρ

465 3246 563 3283 ron
585 3227 654 3284 ".
683 3229 763 3283 Ex
797 3241 982 3286 monte
1013 3232 1212 3288 civitas
1243 3233 1492 3287 Samaria
1530 3234 1671 3288 dicta
1701 3245 1806 3289 est.
1841 3235 2030 3289 Sama-
2059 3227 2100 3244 ν

2141 3234 2238 3288 τοῦ
2263 3237 2472 3303 κυρίου
2498 3233 2603 3288 τοῦ
2632 3235 2825 3302 ὄρους,
2856 3232 3144 3301 Σεμέρων.
3185 3230 3316 3283 Ἀπὸ
3337 3229 3396 3283 δέ
3426 3229 3518 3281 τοῦ
3549 3230 3707 3298 ὅρους

461 3323 542 3376 ria
577 3336 740 3391 porro
767 3332 870 3387 est,
905 3337 1024 3390 qua:
1074 3339 1215 3378 nunc
1265 3324 1491 3380 Sebaste
1517 3329 1762 3380 vocatur.
1806 3325 1883 3382 lbi
1913 3336 2032 3382 erat

2141 3330 2164 3399 ἡ
2197 3328 2348 3391 πόλις
2376 3327 2677 3398 Σαμάρεια.
2708 3325 2991 3396 Σαμάρεια
3024 3324 3080 3376 δέ
3113 3325 3259 3375 ἐστιν
3284 3323 3316 3392 ἡ
3341 3321 3434 3374 νῦν
3465 3320 3707 3390 Σεϐαστὴ

462 3417 612 3486 regia
655 3415 842 3470 decem
876 3415 1137 3470 tribuum.
1177 3418 1248 3471 At
1286 3417 1476 3473 decem
1534 3419 1782 3475 tribubus
1828 3423 1882 3474 in
1938 3436 2031 3476 ca-

2141 3416 2666 3490 προσαγορευομένη.
2709 3416 2798 3468 Ἐν
2840 3415 2976 3485 αὐτῇ
3026 3412 3082 3465 δέ
3125 3408 3193 3482 ἦν
3235 3411 3342 3464 τῶν
3389 3409 3595 3463 δώδεκα
3627 3410 3707 3479 (‘2)

460 3505 762 3575 ptivitatem
817 3505 1085 3572 abductis,
1123 3516 1179 3563 et
1224 3517 1373 3564 terra
1408 3508 1497 3563 illa
1551 3509 1740 3565 ellecta
1772 3511 2026 3578 deserta;

2141 3509 2310 3578 ρυλῶν
2338 3509 2407 3562 τὰ
2434 3507 2698 3578 βασίλεια.
2729 3503 3345 3578 Ἐξανδραποδισθεισῶν
3363 3503 3421 3556 δέ
3446 3503 3552 3555 τῶν
3574 3502 3707 3557 δέκα

463 3596 710 3652 translati
754 3609 880 3653 sunt
920 3599 1141 3667 quidam
1188 3599 1254 3656 de
1307 3601 1663 3658 orientalibus
1695 3604 1937 3673 partibus
1975 3605 2028 3658 in

2141 3599 2310 3669 ρυλῶν
2333 3639 2348 3663 ,
2382 3600 2475 3652 καὶ
2514 3599 2614 3669 τῆς
2651 3597 2756 3668 γῆς
2792 3597 3009 3668 ἐκείνης
3061 3598 3268 3668 ἐρήμου
3313 3594 3704 3667 γεγενημένης,

456 3699 522 3739 ea
556 3687 750 3756 oppida
779 3686 847 3741 ab
873 3689 1224 3758 Assyriorum
1281 3692 1518 3763 regibus.
1556 3693 1648 3749 Isti
1696 3708 1826 3764 ergo
1867 3707 1898 3748 a
1928 3693 2030 3748 Sa-

2141 3693 2466 3764 μετέστησάν
2490 3709 2643 3756 τινας
2671 3693 2736 3745 ἐκ
2759 3691 2868 3744 τῶν
2890 3689 3041 3760 ἑῴων
3069 3689 3251 3761 μερῶν
3272 3690 3352 3752 εις
3373 3688 3585 3752 ἐκείνας
3608 3689 3706 3750 τὰς

464 3780 635 3834 maria
668 3779 798 3836 dicti
829 3789 958 3834 sunt
997 3780 1299 3837 Samaritte.

2141 3784 2310 3848 πόλεις
2348 3784 2457 3838 τῶν
2499 3783 2796 3853 Ἀσσυρίων
2835 3785 2883 3836 οῖ
2921 3781 3176 3852 βασιλεῖς.
3212 3773 3371 3835 Οὗτοι
3403 3780 3459 3834 δέ
3498 3781 3562 3833 ἐκ
3603 3778 3705 3848 τῆς

2127 3875 2436 3948 Σαμαρείας
2467 3875 2860 3946 ὠνομάσθησαν
2892 3876 3245 3946 Σαμαρεῖται.

529 3963 624 4019 llis
655 3964 724 4019 de
755 3963 975 4020 Zamhri
1031 3966 1287 4030 narratis,
1338 3965 1405 4019 ad
1453 3963 1644 4020 ludam
1697 3967 1934 4031 transiit,
1971 3976 2024 4021 et

2195 3965 2383 4019 Ταῦτα,
2408 3966 2535 4037 περὶ
2561 3964 2654 4019 τοῦ
2702 3965 2918 4037 Ζαμσρὶ
2949 3963 3187 4035 εἰρηκὼς
3210 4003 3226 4026 ,
3257 3963 3349 4016 ἐπὶ
3376 3962 3467 4015 τὸν
3504 3960 3706 4013 Ἰούδαν

457 4057 760 4112 admiratus
789 4065 875 4112 est
898 4056 1275 4125 Josaphatum.
1313 4057 1457 4111 Inter
1495 4058 1602 4110 alia
1635 4057 1831 4126 inquit,
1855 4059 2027 4127 ipsum

2141 4057 2350 4128 ιετέόη,
2376 4058 2471 4112 κα)⁸
2500 4056 2813 4126 τεθαύμακε
2836 4056 2927 4108 τὸν
2963 4053 3248 4123 Ἰωσαφάτ.
3285 4054 3373 4105 Ἐν
3391 4054 3501 4114 τοῖς
3525 4050 3703 4113 ἄλλοις

464 4149 652 4218 fecisse
687 4149 826 4218 quod
855 4158 1056 4203 rectum
1079 4159 1192 4202 erat
1225 4165 1402 4203 coram
1440 4149 1666 4203 Domino
1691 4149 1764 4204 “.
1793 4154 2025 4216 Questus

2141 4148 2226 4220 εφη
2255 4149 2441 4204 αὐτὸν
2478 4149 2546 4202 τὸ
2569 4147 2742 4213 εὑθὲς
2763 4147 3020 4201 ἐνώπιον
3043 4145 3263 4212 Κυρίου
3292 4140 3701 4209 πεποιηκέναι.

458 4249 640 4292 tamen
690 4247 775 4294 est
831 4239 900 4295 de
951 4254 1036 4302 eo,
1069 4239 1217 4309 quod
1246 4255 1352 4294 non
1379 4240 1666 4296 abstulerit
1693 4242 1901 4296 cultum
1930 4242 2022 4310 qui

2141 4240 2453 4312 Ἐμέμψατο
2476 4239 2536 4293 δὲ
2573 4240 2649 4303 ὡς
2676 4238 2774 4309 τὴν
2817 4240 2876 4290 ἐν
2906 4237 3020 4300 τοῖς
3065 4236 3287 4306 ὑψηλοῖς
3330 4233 3581 4303 λατρείαν
3626 4232 3701 4301 μὴ

454 4331 510 4384 in
544 4330 681 4386 locis
710 4331 870 4386 editis
898 4333 1295 4396 exercebatur;
1326 4333 1455 4400 quin
1494 4342 1550 4388 et
1593 4334 1800 4388 Achabi
1846 4334 2023 4388 amni-

2141 4332 2446 4397 ταύσαντα,
2497 4330 2634 4384 ἀλλὰ
2679 4331 2775 4384 καὶ
2819 4327 2914 4382 τοῦ
2966 4326 3169 4396 Ἀχαὰϐ
3213 4325 3311 4396 τὴν
3378 4325 3701 4393 συγγένειαν

456 4431 620 4478 tatem
645 4423 985 4492 amplexatus
1011 4424 1104 4478 sit.
1140 4423 1266 4480 Haec
1298 4440 1462 4493 porro
1489 4425 1818 4482 luculentius
1858 4426 2023 4480 Para-

2141 4421 2528 4492 ισπασάμενον.
2597 4419 2782 4473 Ταῦτα
2842 4418 2899 4470 δέ
2955 4417 3284 4487 σαφέστερον
3339 4415 3447 4469 τῶν
3503 4418 3698 4481 Παρα-

455 4514 766 4584 lipomenon
793 4514 930 4568 liber
954 4514 1186 4572 edocuit.
1226 4516 1392 4583 Cujus
1421 4517 1496 4572 rei
1532 4519 1705 4588 gratia
1741 4528 1797 4572 et
1817 4519 1910 4588 qui
1940 4520 2020 4573 lti-
2053 4527 2097 4582 1)

2141 4511 2494 4583 λειπομένων
2525 4513 2558 4583 ἠ
2597 4510 2778 4581 βίϐλος
2815 4509 3069 4576 ἐδίδαξεν.
3112 4503 3191 4563 Oi:
3227 4508 3292 4580 δὴ
3338 4508 3498 4578 χάριν
3544 4506 3639 4559 καὶ
3671 4508 3701 4560 6

453 4606 680 4662 storiam
714 4607 1061 4677 conscripsit,
1094 4610 1161 4664 ad
1195 4609 1343 4664 illum
1379 4625 1478 4665 nos
1509 4611 1736 4666 remisit.

2141 4607 2227 4678 τὴν
2260 4606 2498 4677 ἱστορίαν
2530 4602 2929 4675 συγγεγραφὼς
2972 4604 3051 4665 εἰς
3088 4601 3304 4672 ἐκείνην
3339 4601 3486 4671 ἡμᾶς
3524 4598 3698 4671 παρέ-

2129 4698 2360 4769 πεμψεν.

525 4783 743 4842 Tertius
773 4794 964 4856 regnat
989 4785 1161 4842 Baasa
1198 4787 1251 4841 in
1304 4788 1486 4844 Israel.
1516 4787 1691 4844 Nabat
1731 4789 1876 4846 enim
1911 4790 2022 4847 tilio

449 4877 738 4932 Jeroboam
772 4889 1039 4948 regnante
1069 4888 1194 4949 post
1227 4891 1456 4948 patrem,
1480 4882 1808 4938 interﬁcitur
1840 4883 1909 4938 ab
1929 4900 2016 4950 eo,

450 4980 507 5022 ct
538 4968 654 5035 ipse
685 4983 913 5038 regnum
941 4971 1241 5038 usurpavit.
1265 4970 1422 5026 Cura:
1451 4988 1612 5040 porro
1638 4973 1740 5028 fuit
1771 4975 2014 5030 historia:

448 5057 661 5111 auctori
692 5058 939 5112 narranti
965 5073 1028 5113 ea
1056 5073 1178 5129 quae
1206 5061 1258 5114 iu
1295 5063 1402 5116 vita
1438 5062 1547 5117 Asa
1572 5063 1934 5130 obvenerant,
1960 5066 2014 5120 in

448 5149 687 5204 medium
735 5149 983 5220 proferre
1031 5151 1215 5209 Baasa:
1265 5169 1572 5223 personam.
1627 5156 1706 5209 Ac
1756 5157 2016 5228 deinceps

447 5258 571 5296 cum
619 5243 920 5314 hyperbato
955 5247 1197 5313 procedit
1228 5249 1490 5303 narratio.
1524 5246 1580 5302 ln
1623 5247 1776 5305 libris
1812 5249 2016 5321 Regum

448 5351 555 5391 non
588 5335 816 5393 aﬂ‘ertur
843 5337 1148 5395 Jeroboami
1181 5355 1361 5405 mora,
1410 5342 1505 5397 sed
1538 5341 1590 5396 in
1634 5345 1875 5399 secundo
1913 5345 2014 5398 Pa-

448 5428 816 5498 ralipomenon
843 5431 1096 5493 habetur,
1127 5432 1272 5501 quod
1305 5444 1609 5497 persecutus
1638 5443 1717 5486 est
1741 5435 1875 5487 Abia
1898 5445 2015 5504 post

445 5517 752 5590 Jeroboam,
803 5532 852 5578 et
897 5527 1169 5594 prteripuit
1227 5526 1292 5579 ab
1350 5524 1442 5578 illo
1491 5526 1726 5580 civitates
1780 5527 1914 5580 hanc
1965 5539 2013 5581 et

2197 4792 2276 4862 (5)
2298 4791 2492 4862 Τρίτος
2527 4789 2626 4861 μὲν
2658 4786 2929 4859 βασιλεύει
2976 4786 3165 4840 Βαασά
3191 4785 3283 4838 ἐπὶ
3323 4783 3556 4854 Ἰσραήλ.
3589 4783 3696 4836 Τοῦ

2126 4887 2234 4958 γὰρ
2273 4884 2459 4939 Ναϐὰτ
2490 4883 2608 4936 υίοῦ
2649 4881 2925 4954 Ἰεροὸοὰμ
2966 4879 3377 4950 βασιλεύσαντος
3422 4877 3559 4947 μετὰ
3607 4876 3700 4928 τὺν

2126 4975 2338 5046 πατέρα
2362 5016 2377 5040 ,
2411 4974 2787 5028 ἀποκτείνεται
2816 4972 2907 5025 ὑπ’
2952 4970 3117 5024 αὐτοῦ
3137 4987 3150 5000 ·
3188 4969 3350 5028 αὐτὸς
3374 4968 3432 5021 δὲ
3464 4969 3563 5037 τὴν
3596 4967 3693 5037 βα-

2128 5068 2329 5122 σιλείαν
2361 5068 2700 5139 ὑφήρπασεν.
2741 5063 3072 5119 Ἐσπούδασε
3110 5062 3169 5116 δὲ
3207 5062 3236 5113 6
3285 5060 3694 5131 ἱστοριογράφος

2122 5159 2192 5212 τὰ
2227 5162 2286 5212 ἐν
2314 5161 2381 5229 τῇ
2412 5156 2524 5228 ζωῇ
2566 5157 2660 5210 τοῦ
2706 5156 2837 5210 Ἀσὰ
2881 5155 3182 5223 γιγνόμενα
3227 5152 3423 5220 λέγων,
3466 5170 3692 5224 παρεισ-

2123 5255 2363 5321 ενεγκεῖν
2385 5250 2476 5304 τοῦ
2496 5249 2679 5304 Βαασὰ
2703 5248 3008 5319 πρόσωπον.
3034 5247 3142 5298 Καὶ
3171 5244 3354 5297 λοιπὸν
3390 5246 3506 5315 μεθ’
3535 5246 3696 5314 ὑπερ-

2123 5344 2288 5398 ϐατοῦ
2320 5343 2540 5412 γέγονεν
2572 5343 2606 5412 ἡ
2647 5340 2925 5410 ἐξήγησις.
2958 5338 3046 5391 Ἐν
3075 5340 3192 5399 ταῖς
3219 5337 3558 5400 Βασιλείαις
3594 5335 3693 5404 μὲν

2121 5436 2221 5490 οὐκ
2266 5433 2560 5504 ἐμφέρεται
2602 5433 2630 5483 6
2679 5430 2905 5491 θάνατος
2948 5427 3042 5480 τοῦ
3085 5427 3394 5498 Ἰεροὸοάμ·
3440 5427 3498 5478 ἐν
3526 5425 3580 5477 δὲ
3624 5427 3688 5494 τῇ

2120 5526 2345 5598 δευτέρᾳ
2377 5524 2482 5579 τῶν
2510 5520 3044 5592 Παραιειπομένων
3073 5520 3411 5592 περιέχεται,
3444 5519 3528 5573 ὅτι
3559 5535 3691 5571 κατ-

517 5659 562 5689 “
594 5659 658 5713 Ill
684 5660 818 5730 Reg.
846 5678 933 5732 xv,
964 5663 1054 5720 29.
1131 5663 1172 5694 "
1199 5664 1417 5733 llllicg.
1442 5654 1652 5732 “If-25.
1683 5664 1726 5695 "
1777 5664 1814 5721 ll
1853 5665 2026 5724 Paral.
2066 5684 2158 5726 xx.

518 5796 596 5866 (ε)
629 5797 785 5850 Δέκα.

2201 5800 2276 5871 (3)
2314 5799 2434 5856 [huc
2465 5808 2753 5872 sequentes
2784 5815 2968 5857 versus
2992 5799 3306 5873 respiciunt.
