4186 6444
396 396 466 455 57
1625 378 2165 452 innumerans
2199 392 2267 449 IN
2297 391 2441 449 JOB.
2920 350 2925 355 ’
3576 388 3646 443 58

394 519 639 585 εδίωξεν
681 516 831 574 Ἆόιὰ
884 517 1077 571 ὀπίσω
1107 513 1403 585 ἰεροϐοάμ
1422 555 1437 580 ,
1474 514 1575 568 καὶ
1604 514 1957 583 προκατελά-

2072 516 2207 568 hanc
2238 529 2258 569 :
2298 521 2346 567 et
2384 526 2489 565 non
2530 509 2714 564 habuit
2757 505 3065 576 facultatem
3095 503 3376 560 Jeroboam
3413 507 3643 574 antplius

396 613 529 665 6-:ro
548 609 684 680 παρ’
715 608 899 664 αὐτοῦ
925 611 1133 673 πόλεις
1157 606 1340 676 τήνδε
1360 606 1458 661 καὶ
1492 606 1698 673 τήνδε·
1727 606 1826 660 καὶ
1856 609 1969 661 οὐκ

394 701 581 769 ἔσχεν
632 700 815 769 ισχὺν
867 698 1156 768 Ἰεροϐοὰμ
1216 698 1307 753 ἔτι
1352 696 1555 764 πάσας
1600 698 1706 764 τὰς
1745 696 1969 766 ἡμέρας

409 793 593 858 Ἀϐιά,
623 794 722 847 καὶ
761 791 1060 858 ἐπάταξεν
1096 790 1284 846 αὐτὸν
1316 790 1563 859 Κύριος,
1598 790 1700 844 καὶ
1733 790 1964 845 ἐτελεύ-

394 898 598 952 τησεν.

463 975 541 1044 (4)
575 974 950 1030 Ἐϐασίλευσεν
970 975 1157 1047 ἕτερος
1177 974 1393 1047 Ζαμὸρὶ
1414 975 1474 1028 ὲν
1509 974 1722 1045 Ἰσραὴλ
1747 974 1843 1046 ἔτη
1876 975 1963 1042 ιϐ’,

391 1066 450 1130 ὃς
474 1066 708 1137 κατέστη
737 1067 842 1120 ὐπὸ
867 1066 961 1121 τοῦ
1004 1067 1133 1121 λαοῦ
1177 1066 1589 1138 πολιορκοῦντος
1612 1066 1711 1138 τὴν
1738 1065 1965 1119 Γαὸαὼθ

389 1159 493 1230 τὴν
515 1158 622 1213 τῶν
640 1158 969 1229 ἀλλοφύλων,
993 1159 1428 1231 ἀρχιστράτηγος
1447 1159 1524 1212 ὣν
1542 1159 1639 1230 τῆς
1661 1158 1960 1230 δυνάμεως.

401 1250 461 1304 '0
521 1251 630 1324 γὰρ
698 1251 886 1323 ἕτερος
937 1252 1150 1324 Ζαμϐρὶ
1209 1253 1239 1306 6
1302 1250 1507 1305 ἀνελὼν
1545 1251 1638 1305 τὸν
1701 1250 1833 1305 me
1866 1268 1965 1322 με·

390 1343 585 1398 θύοντα
621 1346 679 1399 ὲν
715 1349 782 1417 τῇ
817 1345 1030 1418 Θερσά,
1077 1344 1413 1416 τυραννικῶς
1451 1343 1763 1414 βασιλεῦσαι
1800 1361 1966 1397 σπου-

386 1436 588 1505 δάσας,
632 1438 823 1493 ἑαυτὸν
864 1439 962 1493 σὺν
1005 1437 1085 1511 τῷ
1130 1435 1394 1509 βασιλικῷ
1436 1437 1571 1509 οἴκῳ
1612 1436 1965 1509 πυρπολήσας

388 1529 616 1584 ἀνείλὲν.

455 1623 533 1695 (5)
562 1614 689 1677 Ὧδε
717 1621 934 1696 πρῶτον
965 1620 1280 1695 Σαμάρειαν
1305 1621 1461 1675 καλεῖ
1485 1621 1612 1684 τοὺς
1633 1619 1832 1683 τόπους
1854 1619 1963 1673 τῶν

384 1715 515 1769 δέκα
539 1715 739 1785 φυλῶν.
768 1714 1105 1787 Σημειωτέον
1136 1710 1250 1779 οὖν,
1276 1714 1358 1767 ὅτι
1392 1714 1449 1766 αί
1477 1713 1607 1767 δέκα
1636 1711 1799 1783 φυλαὶ
1836 1713 1964 1765 ἑκα-

385 1806 571 1861 λοῦντο
615 1807 850 1880 Ἰσραὴλ,
881 1808 977 1861 καὶ
1006 1810 1035 1861 6
1064 1805 1480 1877 κατοικούμενος
1523 1804 1613 1857 ὑπ’
1667 1803 1844 1857 αὐτῶν
1870 1804 1960 1857 τό-

2071 621 2249 659 omnes
2282 606 2394 657 dies
2424 603 2582 669 Abiu,
2605 610 2655 656 et
2683 599 2942 671 percussit
2966 614 3087 653 eum
3115 596 3395 662 Dominus,
3418 609 3465 653 et
3494 615 3640 652 mor—

2070 704 2192 750 tuus
2216 704 2292 750 ert
2324 694 2427 751 ⁸⁸⁸.

2140 971 2410 1041 Regnavit
2434 968 2575 1025 alius
2604 967 2826 1024 Zambri
2874 966 2930 1021 in
2976 962 3141 1020 Israel
3190 978 3367 1019 annos
3412 977 3513 1028 xu,
3544 963 3637 1033 qui

2067 1063 2398 1119 constitutus
2427 1058 2531 1115 fuit
2559 1074 2590 1112 a
2617 1057 2817 1129 populo
2845 1056 3133 1111 obsidente
3170 1052 3419 1109 Gabaoth
3447 1052 3638 1106 alieni-

2066 1168 2350 1226 genarum,
2401 1166 2525 1207 cum
2575 1158 2719 1205 esset
2772 1150 3074 1218 imperator
3120 1145 3423 1200 exercitus.
3485 1142 3639 1197 Alius

2064 1248 2208 1303 enim
2236 1243 2476 1311 Zambri,
2511 1245 2609 1314 qui
2634 1241 2909 1298 interfecit
2932 1239 3062 1295 Heia
3080 1238 3289 1294 ebrium
3322 1237 3375 1292 in
3406 1236 3636 1299 'l‘bersa,

2065 1355 2189 1397 cum
2223 1337 2512 1410 tyrannice
2540 1351 2774 1408 regnare
2803 1336 3091 1398 voluisset,
3124 1334 3367 1405 seipsum
3389 1346 3495 1387 una
3511 1345 3637 1386 cum

2065 1432 2230 1487 domo
2256 1430 2404 1502 regia
2442 1443 2713 1485 succenso
2747 1428 2872 1499 igne
2901 1428 3127 1484 occidit.

2133 1610 2233 1668 Hic
2273 1626 2509 1682 primum
2552 1609 2860 1665 Samariam
2891 1606 3127 1679 appellat
3157 1606 3275 1662 loca
3317 1604 3507 1660 decem
3538 1600 3637 1656 tri-

2062 1705 2250 1758 buum.
2281 1703 2686 1757 Advertendum
2734 1701 2923 1771 igitur,
2960 1699 3103 1770 quod
3127 1700 3312 1754 decem
3346 1697 3515 1751 tribus
3539 1711 3635 1749 vo-

2060 1796 2325 1849 cabantur
2357 1795 2546 1859 Israel,
2581 1802 2638 1848 et
2670 1792 2822 1848 locus
2852 1792 2921 1846 ab
2955 1791 3090 1861 ipsis
3119 1789 3460 1844 iubahitatus
3492 1787 3637 1843 dice-

384 1918 483 1965 πος
514 1866 796 1972 Σαμάρεια
826 1866 1088 1954 ἐκαλεῖτο.
1118 1866 1397 1963 Ἕκτος-δὲ
1437 1866 1710 1969 βασιλεύει
1755 1894 1957 1969 Ἀχαάὃ

2062 1890 2222 1941 batur
2247 1887 2520 1942 Samaria.
2560 1885 2758 1941 Sextus
2786 1898 2950 1955 porro
2976 1891 3167 1952 regnat
3202 1882 3425 1937 Acbaab
3468 1894 3638 1951 super

383 1996 476 2049 ἐπὶ
506 1994 596 2049 τὸν
636 1992 849 2066 Ἰσραὴλ
879 1992 975 2065 ἐτη
1000 1994 1107 2047 κδ’.

1022 2082 1178 2135 ΚΕΦ.
1222 2080 1326 2134 10'.

592 2175 738 2246 Στίχ.
774 2182 849 2242 ς’.
896 2176 1008 2231 Καὶ
1036 2176 1407 2245 ἐπιστρέψας
1436 2173 1742 2244 ἐκοιμήθη.

381 2265 531 2347 Στίχ.
575 2264 641 2347 ξς.
691 2267 799 2321 Καὶ
844 2267 1224 2347 ἐπέστρεψεν·
1257 2270 1290 2321 ὀ
1315 2265 1844 2347 ηᾶγτεῆοςνΚυρίου
1882 2265 1959 2345 ἐκ

451 2330 766 2407 δὲυτέρου,
802 2337 901 2392 καὶ
933 2330 1131 2407 ἥψατο
1159 2336 1344 2396 αὐτοῦ
1364 2330 1392 2404 ,’
1420 2330 1518 2391 καὶ
1555 2330 1726 2390 εἶπεν
1754 2335 1915 2403 αὐτῷ
1939 2352 1954 2369 ⁸

466 2404 795 2475 Ἀνάστηθι,
822 2404 994 2478 pars.

452 2494 527 2566 (6)
556 2497 664 2551 Καὶ
694 2497 1081 2567 ἐπιστρέψας,
1114 2498 1300 2571 φησὶν,
1335 2495 1641 2567 ἐκοιμήθη.
1677 2496 1786 2551 Καὶ
1820 2495 1957 2551 ἐπέ-

378 2592 642 2657 στρεψεν
659 2590 958 2661 admotae
972 2591 1191 2660 Κυρίου
1218 2591 1287 2645 ἐκ
1308 2590 1608 2659 δευτέρου,
1634 2589 1733 2643 καὶ
1758 2589 1956 2658 ἧψατο

378 2680 583 2735 αὐτοῦ.
617 2681 769 2753 Τάχα
802 2683 1085 2754 δυνάμεων
1115 2683 1380 2755 σύμϐολος
1411 2682 1487 2755 (7)
1518 2678 1659 2755 ἦσαν
1683 2681 1957 2737 διακονου-

383 2770 559 2839 μένων
580 2774 831 2845 προφήτῃ
865 2773 1182 2846 πρέπουσαν
1214 2774 1449 2846 τροφήψ
1479 2772 1556 2845 τῷ
1583 2772 1955 2846 ἀναχωροῦντι

378 2862 486 2915 ἀπὸ
508 2862 615 2917 τῶν
638 2863 1011 2936 ἀνθρωπίνων,
1037 2866 1131 2920 καὶ
1154 2865 1289 2939 ἀξίῳ
1313 2866 1415 2938 τῆς
1438 2867 1546 2922 ἀπὸ
1571 2867 1678 2920 τῶν
1697 2866 1953 2923 τοιούτων

375 2953 740 3022 διδασκαλίας,
768 2958 855 3012 ἴνα
888 2958 1027 3030 μετά
1058 2959 1231 3014 ταῦτα
1262 2960 1493 3014 ἀκοῦσαι
1515 2960 1736 3031 δυνηθῇ,
1787 2959 1955 3015 Ἀνά-

377 3049 573 3114 στηθι,
606 3047 707 3101 καὶ
732 3048 912 3119 φάτο,
947 3052 1044 3105 καὶ
1068 3050 1204 3124 εὕρῃ
1236 3050 1376 3124 πρὸς
1400 3051 1642 3123 κεφαλῆς
1665 3050 1952 3125 ἀπόρρητα

1931 2049 1943 2062 ,
2060 1978 2222 2035 lsrael
2252 1993 2424 2034 annos
2442 1992 2582 2033 nn.

2678 2066 2830 2123 CAP.
2872 2065 3019 2121 XIX.

2408 2158 2474 2215 V.
2500 2158 2556 2216 6.
2589 2159 2657 2215 Et
2690 2176 2972 2215 conversus
3014 2158 3284 2213 dormivit.

2058 2273 2124 2329 ν.
2151 2275 2206 2330 7.
2244 2273 2308 2327 Et
2350 2290 2629 2329 corruerant
2663 2283 2739 2328 est
2787 2274 3007 2343 angelus
3034 2272 3246 2343 Domini
3283 2286 3351 2324 ea:
3379 2270 3633 2337 secundo,

2195 2356 2245 2400 et
2272 2347 2440 2417 tetigit
2473 2361 2617 2412 eum,
2647 2356 2695 2400 et
2720 2341 2874 2400 dixit
2898 2345 2947 2399 ei
2973 2358 2992 2398 :
3018 2341 3209 2414 Surge,
3240 2343 3473 2396 comede.

2127 2500 2197 2555 Et
2237 2515 2542 2565 conuersus,
2598 2498 2792 2568 inquit,
2822 2496 3097 2552 dormivit.
3136 2495 3203 2549 Et
3240 2510 3517 2549 conversus
3554 2503 3631 2550 est

2055 2598 2274 2669 angelus
2318 2597 2535 2652 Domini
2581 2612 2647 2651 ea:
2678 2596 2932 2661 secundo,
2975 2604 3024 2649 et
3060 2593 3228 2663 tetigit
3269 2609 3412 2647 eum.
3447 2590 3633 2647 Facile

2056 2691 2349 2747 societates
2402 2689 2648 2760 quaedam
2700 2690 2960 2743 virtutum
2992 2695 3150 2742 erant
3199 2684 3626 2739 ministrantium

2054 2782 2336 2852 propheta:
2368 2789 2760 2850 congruentem
2788 2793 2968 2833 escam
3004 2795 3019 2845 ;
3072 2776 3277 2832 homini
3314 2790 3507 2846 nempe
3535 2776 3627 2845 qui

2056 2874 2345 2929 recedebat
2372 2873 2443 2929 ab
2474 2872 2730 2928 humanis
2753 2872 2939 2939 rebus,
2960 2881 3017 2926 et
3049 2870 3210 2939 digno
3241 2868 3332 2937 qui
3368 2882 3397 2921 a
3432 2866 3632 2921 talibus

2054 2966 2401 3031 edoceretur,
2432 2973 2493 3021 ut
2526 2974 2713 3034 postea
2758 2964 2947 3018 audire
2994 2971 3202 3032 posset,
3251 2958 3420 3031 Surge
3447 2968 3497 3013 et
3541 2976 3629 3013 ro-

2055 3056 2223 3123 mede,
2259 3056 2640 3124 inveniretque
2680 3054 2749 3109 ad
2795 3062 2957 3123 caput
3009 3050 3300 3106 ineffabilia
3343 3048 3629 3121 mysteria,

380 3138 681 3209 μυστήρια,
711 3129 788 3195 ὧν
814 3140 1066 3215 ὀλυρίτης
1106 3143 1407 3214 ἐγκρυφίας
1431 3142 1600 3208 τύπος
1621 3139 1690 3215 ἦν
1713 3161 1726 3174 ·
1762 3137 1823 3198 οὗ
1855 3144 1951 3198 καὶ

2058 3163 2286 3218 quorum
2317 3148 2567 3218 siliginea
2599 3147 2845 3217 placenta
2898 3156 3059 3217 typus
3102 3134 3222 3199 erat
3252 3163 3265 3199 :
3315 3159 3419 3214 qua
3455 3143 3627 3196 etiam

373 3223 619 3297 δεύτερον
647 3231 790 3284 κατά
819 3214 921 3303 τὴν
944 3232 1036 3285 τοῦ
1075 3234 1306 3303 ἀγγέλου
1346 3214 1946 3307 πρόσταξινγμεταλαμ-

2058 3241 2256 3296 iterum
2292 3214 2446 3309 juxta
2477 3214 2655 3310 angeli
2686 3214 3012 3309 praeceptum
3042 3234 3308 3300 vescitur,
3346 3236 3577 3289 dicentis
3608 3252 3625 3289 :

374 3312 545 3382 δάνει,
572 3318 852 3384 εξπόντος·
900 3322 1192 3390 Ἀνάστα,
1225 3325 1411 3395 φάγε,
1447 3326 1536 3381 ὅτι
1579 3326 1783 3396 πολλὴ
1828 3328 1947 3383 ἀπὸ

372 3407 491 3462 σοῦ
530 3410 569 3478 ἡ
596 3409 752 3478 ὁδός.
782 3414 1011 3486 Ἄρτους
1046 3416 1145 3486 μὲν
1195 3414 1290 3471 οὖν
1328 3417 1408 3489 τῷ
1449 3417 1593 3489 πρωῒ
1634 3418 1826 3489 ἔφερον
1870 3418 1949 3491 τῷ

383 3497 540 3572 Ἠλίᾳ
579 3504 629 3556 οἱ
673 3505 908 3576 κόρακες
930 3525 945 3539 ·
979 3507 1239 3578 ἀνάλογον
1271 3512 1385 3574 τοῖς
1431 3510 1814 3583 λελαλημένοις
1843 3512 1949 3567 ὑπὸ

376 3589 577 3660 Κυρίου
600 3595 628 3646 6
642 3593 773 3657 Θεὸς
794 3595 952 3665 ἡμῶν
972 3615 985 3627 ο
1011 3599 1149 3670 κρέα
1170 3599 1226 3653 δὲ
1245 3599 1305 3652 τὸ
1325 3600 1523 3671 δείλης,
1548 3601 1948 3675 παραπλησίως

372 3681 432 3734 τό
461 3682 538 3753 (8)
558 3700 573 3714 ⁸
609 3687 765 3754 Πρὸς
791 3688 1054 3756 ἑσπέραν
1082 3689 1297 3746 ἐδεσθε
1320 3692 1485 3760 κρέα.

2056 3334 2247 3404 Surge,
2275 3334 2507 3398 comede,
2547 3333 2675 3403 quia
2728 3331 2953 3389 multum
2981 3330 3074 3383 abs
3120 3340 3170 3383 te
3202 3330 3305 3382 iter
3342 3328 3409 3382 δ’.
3450 3327 3630 3381 Panes

2056 3424 2225 3493 igitur
2272 3439 2433 3477 mane
2485 3423 2731 3478 ferebant
2764 3422 2831 3475 ad
2868 3419 3080 3476 lleliam
3118 3419 3265 3473 corvi
3293 3434 3307 3470 :
3339 3417 3481 3485 quod
3514 3430 3624 3469 nou

2054 3510 2261 3566 abludit
2282 3510 2350 3565 ab
2376 3511 2443 3566 iis
2473 3526 2594 3581 quae
2623 3512 2768 3566 dicta
2809 3518 2936 3565 sunt
2980 3508 3137 3563 nobis
3175 3522 3206 3563 a
3241 3507 3473 3561 Dotuino
3512 3505 3630 3559 Deo

2054 3612 2245 3657 nostro
2280 3620 2295 3658 :
2330 3616 2524 3657 carnes
2572 3617 2706 3657 vero
2746 3611 2866 3671 post
2893 3599 3173 3656 meridiem
3214 3614 3230 3651 :
3283 3598 3428 3652 haud
3465 3596 3629 3651 aliter

2051 3707 2213 3765 atque
2244 3695 2403 3751 illud:
2433 3695 2516 3750 Ad
2546 3712 2811 3767 vesperam
2843 3694 3125 3749 comedetis
3153 3708 3337 3746 carnes
3363 3692 3432 3745 '°.

1106 3954 1944 4142 ΩΡΙΓΕΝΟΥΣ
1997 3966 2901 4142 ΕΞΗΓΗΤΙΚΑ

1657 4251 1828 4338 ΕΙΣ
1862 4253 2087 4338 TON
2124 4251 2323 4340 ΙΩΒ.

921 4572 1504 4674 ORIGENIS
1575 4578 2509 4676 ENARRATIONES
2585 4581 2708 4673 ΙΝ
2781 4581 3043 4677 JOB.

1599 4772 1689 4840 (Ex
1715 4773 2025 4824 Bibliotheca
2050 4772 2410 4838 Gallandiaua.)

1014 5089 1174 5144 ΚΕΦ.
1211 5090 1288 5145 A'.

434 5180 509 5250 (9)
535 5181 677 5255 Στίχ.
715 5189 767 5237 ι’.
798 5183 976 5239 Οὺσὺ
1001 5184 1398 5255 περιέφραξας
1415 5187 1487 5241 τὰ
1512 5187 1627 5253 ἔξω
1652 5188 1871 5253 αὑτοῦ;

440 5275 609 5329 Πόθεν
644 5271 811 5341 οἶδας,
856 5278 938 5331 ὅτι
980 5279 1325 5350 πέφρακται;
1368 5274 1535 5345 Οὗτος
1567 5285 1601 5336 ὁ
1633 5282 1938 5349 ἀντίδικος

364 5366 535 5437 ἡμῶν
565 5371 598 5423 ό
623 5366 900 5436 διάϐολος
921 5370 1001 5437 ὠς
1026 5370 1183 5426 λέων
1200 5370 1535 5453 ὠρυόμενος
1564 5374 1937 5443 περιεπορεύε-

2159 5185 2222 5241 γ.
2259 5186 2347 5243 10.
2388 5184 2511 5240 Non
2532 5196 2591 5239 tu
2612 5101 3036 5242 nimiarum:
3062 5186 3328 5243 exteriora
3353 5186 3509 5257 ejus?

2115 5275 2266 5333 Unde
2290 5279 2418 5344 scis,
2443 5277 2587 5346 quod
2619 5278 2857 5333 munitus
2894 5279 3095 5335 fuerit?
3135 5282 3247 5335 Iste
3276 5280 3613 5335 adversarius

2041 5383 2216 5429 noster
2242 5371 2506 5439 diabolus,
2534 5382 2787 5443 tanquam
2815 5374 2896 5429 leo
2926 5375 3137 5446 rugiens
3168 5376 3434 5443 circumit,
3457 5393 3607 5448 quie-

439 5532 519 5566 ⁶⁸⁹
555 5532 597 5588 ll
643 5532 826 5589 Paral.
876 5549 996 5606 xm,
1040 5534 1132 5603 i9,
1160 5535 1255 5592 20.
1327 5537 1374 5569 δ’
1412 5540 1472 5600 ill
1497 5538 1630 5612 Reg.
1659 5554 1771 5608 XIX,
1795 5538 1848 5596 7.
1940 5537 1987 5570 ”
2018 5536 2189 5594 Exod.
2223 5552 2333 5605 xvr,
2372 5538 2462 5595 12.

438 5670 516 5741 (4)
554 5670 772 5726 Videlll
806 5670 940 5739 Reg.
966 5686 1079 5734 xvr,
1109 5670 1182 5724 23
1206 5679 1261 5725 et
1290 5670 1377 5727 18.‘

436 5742 517 5881 (Β)
547 5741 641 5795 Ms.
677 5744 727 5794 iu
760 5744 999 5806 margine
1021 5746 1122 5808 ογ’.

439 5813 494 5881 (6
538 5811 660 5869 llaec
688 5811 825 5869 forte
858 5810 1189 5869 Theodoreti
1228 5812 1359 5869 sint;

439 5810 517 5881 (6)
538 5811 660 5869 llaec
688 5811 825 5869 forte
858 5810 1189 5869 Theodoreti
1228 5812 1365 5869 sint;

2103 5663 2181 5732 (7)
2223 5664 2383 5736 forte
2404 5664 2469 5736 σύ
2476 5665 2682 5736 μῦολοι.

2098 5736 2178 5813 (ᾗ)
2216 5734 2379 5813 [forte
2401 5734 2593 5813 rtp‘zﬁt
2632 5737 2800 5813 {aulo
2835 5748 2983 5813 ante,
3020 5738 3114 5797 τοῦ
3138 5736 3293 5795 Θεοῦ.

2106 5803 2185 5877 (9)
2216 5803 2290 5865 Ex
2333 5803 2461 5863 cod.
2489 5804 2628 5865 Ven.
2662 5807 2769 5866 538
