4186 6398
612 377 682 431 59
1515 371 2076 430 SUPPLEIENTUM
2116 371 2211 428 AD
2242 367 2578 433 ORIGENIS‘
2601 371 3016 431 EXECETICA.
3794 368 3864 422 60

612 509 732 548 rens
780 493 1036 563 deglutire
1061 492 1283 564 aliquem
1305 492 1373 550 ".
1409 491 1570 548 Venit
1619 509 1751 566 ergo
1791 505 1847 551 et
1877 496 2023 552 circa
2061 494 2164 551 Job

2289 512 2403 560 ται,
2436 495 2622 562 ζητῶν
2659 495 2966 549 καταπιεῖν
3016 510 3166 548 τινα.
3229 488 3431 545 Ἶιλθεν
3471 485 3566 543 οὖν
3610 490 3703 543 καὶ
3739 493 3863 561 περὶ

611 584 799 639 volens
826 586 1016 639 eadem
1042 584 1241 639 facere.
1276 584 1467 641 Postea
1496 596 1718 656 accepta
1757 587 2038 654 facultate,
2069 587 2185 643 hac

610 676 758 731 fecit.
796 676 903 732 Sed
927 680 1052 746 quia
1073 679 1256 731 omnia
1283 679 1706 734 circummunita
1727 688 1884 735 erant
1915 682 2018 751 (sic
2038 681 2183 735 enim

611 765 876 832 reputavit
923 779 991 819 ex
1036 778 1104 818 eo
1157 767 1302 834 quod
1336 768 1642 836 prohibitus
1675 768 1834 836 fuit);
1869 785 1994 824 cum
2025 769 2186 826 vellet

607 857 875 922 perlicere
907 871 970 911 ea
994 873 1115 926 qua
1145 858 1213 913 de
1236 856 1376 916 Jubo
1399 872 1580 928 erant,
1603 861 1815 932 inquit:
1846 861 1925 917 Tu
1958 864 2185 917 circus-

606 946 824 999 munisti
857 946 1112 1000 interiora
1139 947 1255 1016 ejus
1287 961 1336 1004 et
1368 954 1634 1006 exteriora
1666 952 1781 1022 ejus
1813 953 1879 1007 ⁸¹.
1920 952 2183 1010 Uuiverse

608 1032 792 1101 igitur,
819 1048 1091 1104 quatenus
1121 1058 1227 1098 non
1257 1041 1494 1098 traditur
1520 1042 1836 1109 diabolo,tu
1865 1043 2182 1098 circe-tntu-

605 1125 752 1180 nisti.
1020 1135 1032 1150 ‘

603 1217 670 1274 V.
710 1219 796 1273 18.
833 1221 1021 1274 Adhuc
1055 1225 1154 1275 isto
1182 1224 1443 1289 loquente.
1481 1226 1619 1281 alius
1651 1227 1868 1282 nuntius
1896 1227 2065 1284 adest.
2093 1228 2178 1281 di-

673 1290 950 1364 αιτιοόο
972 1308 990 1345 :
1027 1291 1183 1347 ("iliis
1211 1297 1317 1347 tuis
1351 1307 1398 1348 et
1421 1297 1634 1364 ﬁliabus
1656 1299 1764 1351 tuis
1790 1299 2179 1354 eomedentibus

673 1370 720 1413 et
755 1361 1071 1428 bibentibus,
1094 1365 1236 1433 apud
1260 1361 1483 1434 fratrem
1510 1384 1663 1420 suum
1685 1369 1945 1422 seniorem
1966 1385 1985 1432 ;

602 1544 668 1598 ν.
707 1545 795 1601 19.
827 1545 1048 1612 Repente
1083 1558 1262 1604 ventus
1296 1565 1515 1616 magnus
1549 1549 1843 1614 supervenit
1889 1565 1916 1602 e
1949 1549 2171 1612 deserto,

671 1627 718 1668 et
759 1618 926 1680 tetigit
960 1628 1186 1686 quatuor
1223 1619 1443 1685 angulos
1473 1621 1680 1681 domus,
1713 1630 1762 1670 et
1781 1620 1964 1672 cecidit
1989 1620 2174 1672 domus

672 1702 831 1751 super
854 1687 1049 1759 filiolas
1079 1699 1216 1746 tuos.
1239 1699 1287 1741 et
1318 1690 1509 1741 mortui
1534 1699 1676 1744 sunt.
1705 1687 1866 1744 Evasi
1886 1700 2059 1744 autem
2079 1705 2174 1759 ego

671 1760 838 1821 solus,
863 1770 910 1810 et
933 1758 1048 1812 aeni
1073 1767 1130 1811 ut
1159 1760 1513 1813 renuntiarent
1548 1760 1666 1814 tibi.

672 1916 926 1972 Camelos
953 1933 1074 1973 esse
1116 1917 1244 1973 fecit
1291 1918 1343 1973 in
1376 1928 1642 1989 potestate
1682 1920 1948 1990 equitum,
1991 1922 2174 1977 asinos

596 2010 800 2080 etjuga
851 2011 1015 2064 boum
1071 2012 1123 2064 in
1155 2022 1427 2080 potestate
1461 2013 1893 2084 captivantium,
1935 2029 2067 2070 oves
2111 2030 2174 2069 o-

603 2103 698 2156 dio
736 2101 950 2157 habuit.
996 2100 1288 2173 PrOpterea
1335 2103 1511 2174 ignem
1553 2118 1719 2172 super
1754 2104 1901 2174 ipsas
1925 2103 2167 2159 deduxit.

596 2193 738 2260 Quin
771 2195 936 2249 etiam
965 2194 1154 2251 liberis
1199 2196 1427 2252 insidias
1472 2198 1694 2261 struxit,
1721 2206 1930 2265 tempus
1962 2212 2172 2266 quare-

594 2285 690 2340 bat
733 2301 829 2342 eos
877 2286 1157 2355 perdendi.
1210 2287 1268 2343 Si
1305 2289 1607 2344 invenisset
1643 2286 1910 2360 legentes,
1951 2289 2168 2343 domum

597 2379 788 2446 utique
835 2393 941 2432 non
983 2378 1270 2448 tetigisset,
1318 2394 1495 2440 neque
1538 2379 1715 2434 locum
1744 2379 2019 2435 habuisset
2049 2380 2170 2435 illos

593 2471 977 2527 interﬁciendi.
1008 2470 1065 2526 Si
1110 2471 1411 2527 invenisset
1437 2472 1670 2528 orationi
1713 2481 2005 2537 vacantes,
2031 2471 2168 2526 nihil

591 2563 864 2632 potuisset
892 2572 1082 2617 contra
1117 2577 1214 2618 eos
1241 2561 1440 2618 facere.
1480 2563 1588 2618 Sed
1628 2564 1758 2632 quia
1785 2565 2167 2632 opportunita-

591 2663 703 2708 tem
757 2653 983 2721 reperit,
1037 2653 1340 2723 pravaluit.
1371 2654 1692 2723 Cuiusmodi
1737 2654 1905 2725 igitur
1952 2663 2167 2721 tempus

590 2747 748 2801 erat?
796 2746 1045 2802 Ebrietas
1073 2757 1214 2814 erat,
1264 2748 1573 2803 convivium
1613 2758 1754 2802 erat.
1788 2747 1942 2815 Quod
1967 2732 2170 2804 ventus

595 2836 828 2906 angulos
865 2837 1058 2892 domus
1101 2838 1374 2909 tetigerit;
1403 2838 1541 2893 scito
1573 2839 1722 2909 quod
1757 2838 1810 2894 in
1840 2838 2163 2909 angulorum

591 2928 784 2998 plateis
833 2928 1132 2998 hypocrita:
1165 2936 1376 2985 stantes
1426 2939 1606 2986 orant.
1661 2930 1988 3001 Quicunque
2031 2945 2165 2985 sero

590 3035 700 3074 non
725 3027 807 3074 est
835 3020 1111 3090 ingressus
1131 3031 1336 3076 rectam
1361 3023 1531 3086 viam,
1554 3022 1766 3092 angulis
1782 3023 1972 3077 utitur.
1996 3021 2163 3077 Latus

587 3121 768 3166 autem
799 3113 1048 3185 angulus,
1075 3121 1159 3169 est
1189 3113 1359 3169 multa
1395 3129 1460 3171 ac
1492 3115 1755 3171 dissoluta
1779 3115 2122 3187 improbitas.

1296 3295 1406 3352 AP.
1448 3294 1512 3350 11.

1296 3297 1406 3352 ΑΡ.
1448 3297 1512 3350 ll.

647 3387 705 3442 ν.
738 3390 794 3443 (2.
833 3387 904 3444 Et
935 3389 1070 3444 dixit
1097 3297 1352 3444 Domitius
1376 3389 1592 3445 diabolo
1623 3406 1641 3444 :
1673 3387 1824 3446 Unde
1847 3399 1904 3444 tu
1928 3392 2070 3445 venis
2089 3391 2117 3446 τ

659 3541 1030 3612 Prospiciebat
1063 3545 1225 3608 Deus.
1260 3555 1322 3601 ut
1347 3546 1609 3603 confusus
1632 3545 2026 3616 defatigaretur
2056 3547 2160 3603 Sa-

590 3643 764 3690 tanas.
789 3634 1020 3702 Quando
1050 3646 1229 3692 autem
1254 3638 1598 3708 interrogans
1615 3639 1763 3693 novit
1791 3640 2160 3695 insensibilein

586 3740 732 3790 esse,
783 3735 913 3781 tunc
960 3728 1401 3785 malefacientem
1465 3729 1669 3800 arguit,
1720 3730 1865 3787 sicut
1906 3740 2164 3802 arguerat

585 3813 839 3870 Cainum.
1103 3889 1110 3896 ι

591 3907 654 3961 ν.
687 3909 742 3963 9.
778 3907 820 3962 Τ
821 3925 1031 3980 entpore
1057 3919 1234 3964 autem
1257 3911 1590 3980 procedente,
1621 3913 1755 3968 dixit
1782 3917 1834 3970 ei
1862 3931 1998 3970 uxor
2022 3916 2159 3982 ejus.

654 4063 790 4121 Vide
830 4066 1117 4123 malitiam.
1143 4069 1277 4125 Cum
1302 4069 1530 4124 multum
1562 4079 1777 4140 tempus
1800 4071 2156 4138 praeterisset,

585 4169 712 4216 tunc
752 4161 982 4230 impetit.
1002 4160 1153 4218 Tunc
1175 4164 1321 4218 enim
1351 4163 1585 4218 maxime
1606 4164 1804 4218 virtute
1829 4164 2156 4223 inﬁrmatur.

585 4250 702 4305 Duo
729 4261 888 4306 erant
912 4266 1032 4321 qua
1055 4253 1412 4309 inﬁrmiorem
1445 4252 1692 4309 facerent
1719 4272 1732 4308 :
1769 4264 1881 4310 tum
1913 4257 2039 4326 quia
2078 4257 2157 4313 l'e-

588 4343 757 4399 rendo
786 4343 1093 4415 languidior
1120 4345 1453 4401 reddebatur
1479 4345 1839 4402 diuturnitate
1876 4350 2156 4419 temporis,

583 4443 699 4487 tum
721 4434 844 4502 quia
861 4434 1035 4502 magis
1057 4435 1422 4505 despondebat
1443 4435 1704 4491 animum.
1726 4435 1794 4490 Et
1816 4437 1976 4506 paulo
1997 4449 2114 4507 post
2137 4454 2156 4493 :

2283 588 2380 642 τὸν
2438 588 2578 652 Ἰὼ6,
2637 588 2956 659 βουλόμενος
3003 586 3070 638 τὰ
3120 585 3257 637 αὺτά
3313 584 3555 653 ποιῆσαι.
3599 583 3864 650 ’Υστερον

2284 679 2463 734 λαῦὼν
2491 680 2760 745 ἐξουσίαν,
2791 679 2963 734 ταῦτα
2991 679 3275 748 πεποίηκε.
3313 677 3422 728 Καὶ
3455 677 3535 728 ὅτι
3561 676 3737 727 πάντα
3770 692 3863 726 πε-

2287 771 2705 841 ριπεφραγμένα
2726 765 2815 841 ἦν,
2849 770 2944 822 καὶ
2979 767 3151 822 ταῦτα
3182 769 3380 838 νοήσας
3405 767 3469 819 ἐκ
3500 765 3594 818 τοῦ
3625 764 3863 817 κεκωλύ-

2286 861 2428 915 σθαιο
2469 862 2790 933 βουλόμενος
2818 863 2992 914 ποιεῖν
3022 860 3089 912 τὰ
3127 859 3254 930 περὶ
3283 856 3375 910 τοῦ
3423 856 3563 920 Ίὼὸ,
3596 852 3733 908 εἷπε⁸
3777 855 3861 909 Σὺ

2282 952 2677 1022 περιέφραεας
2700 954 2772 1006 τὰ
2791 952 2913 1006 ἔσω
2938 950 3125 1005 αὐτοῦ
3149 950 3246 1003 καί
3262 949 3333 1002 τὰ
3356 949 3472 1012 ἔξω
3489 949 3696 1002 αὑτοῦ.
3726 949 3860 1000 Πάν-

2280 1061 2351 1098 τα
2390 1041 2484 1097 οὖν
2533 1046 2620 1113 ἐφ’
2656 1044 2781 1098 ὅσον
2819 1045 2880 1097 οὐ
2930 1042 3127 1096 δίδοται
3158 1041 3236 1112 τῷ
3278 1041 3526 1110 διασόλῳ,
3555 1041 3636 1096 σὺ
3664 1058 3756 1110 πελ
3778 1044 3854 1094 te-

2279 1130 2526 1199 φραξαςο

2280 1225 2484 1301 Etet-
2515 1225 3245 1301 ἐτίτριὲτρυςιέιιοῦῐτοςν
3270 1223 3460 1301 ἀυιιος
3476 1222 3853 1301 ἀπτέιοςυφ)

2575 1296 2655 1363 τῷ
2692 1297 2826 1351 Ὶώὅο
2871 1296 2993 1350 Τῶν
3023 1293 3166 1348 υἱῶν
3193 1311 3309 1347 σου
3343 1296 3440 1345 καὶ
3469 1293 3585 1366 τῶν
3608 1295 3850 1366 apport-

2339 1362 2467 1432 ραίν
2480 1383 2597 1421 σου
2618 1362 2944 1421 ἐσθιόντων
2966 1367 3062 1419 καί
3091 1366 3407 1431 πινόντων,
3420 1365 3578 1432 παρὰ
3595 1362 3673 1428 τῷ
3687 1363 3855 1416 ἀδελ-

2347 1436 2439 1503 φῷ
2467 1437 2668 1492 αὐτῶν
2687 1435 2767 1502 τῷ
2789 1435 3186 1505 πρεσϐυτέρῳ,

2277 1526 2368 1612 Στ,
2404 1527 2488 1612 ιθί.
2550 1529 2867 1612 Ὲξαίρνςής
2900 1526 3135 1607 πνεῦμα
3165 1525 3326 1612 μέγα
3354 1523 3620 1592 ἐπῆλθεν

2343 1597 2590 1666 ἐρήμου.
2624 1601 2721 1653 καὶ
2771 1599 2969 1667 ἥψατο
2997 1597 3114 1650 τῶν
3140 1597 3451 1667 τεσσάρων
3491 1597 3713 1667 Ma?”
3747 1597 3844 1660 τῆς

2345 1664 2562 1734 οἰκίας,
2596 1669 2692 1721 καί
2724 1664 2946 1724 ἔπεσεν
2980 1668 3019 1733 ἡ
3061 1668 3216 1719 οίκία
3233 1665 3432 1719 ἐπὶ-τὰ
3462 1664 3666 1717 παιδία
3713 1682 3850 1724 σου,

2339 1738 2439 1791 καί
2490 1738 2910 1804 ἐτελεύτησαν.
2959 1738 3224 1803 Ἐσώθην
3253 1736 3320 1789 δὲ
3348 1736 3462 1806 ἐγὼ
3490 1736 3698 1805 μόνος,
3751 1735 3849 1787 καί

2203 1854 2245 1910 Β
2343 1806 2535 1879 ἦλθον
2564 1809 2670 1862 τοῦ
2701 1807 3058 1877 ἀπαγγεῖλαί
3072 1822 3192 1860 σοι.

2343 1899 2458 1971 (ll)
2489 1900 2599 1962 Τὰς
2625 1899 2724 1970 μὲν
2753 1896 2847 1953 οὖν
2879 1898 3153 1969 καμήλους
3174 1897 3438 1966 πεποίηκε
3467 1894 3717 1963 γενέσθαι
3747 1893 3853 1946 ὑπὸ

2271 1990 2398 2053 τοὺς
2428 1991 2637 2052 ἱππεῖς,
2669 1991 2795 2052 τοὺς
2842 1989 2997 2051 δνους
3018 1987 3074 2040 δέ
3107 1988 3201 2041 καὶ
3248 1987 3318 2040 τά
3362 1985 3528 2056 ζεύγη
3571 1986 3678 2037 τῶν
3712 1985 3851 2054 βοῶν

2273 2082 2378 2134 ὑπὸ
2429 2082 2555 2144 τοὺς
2596 2080 3109 2151 αίχμαλωτιζοντας·
3145 2079 3213 2133 τά
3263 2078 3509 2149 πρόδατα
3555 2078 3613 2130 δέ
3645 2078 3846 2148 ἐμίσει.

2270 2173 2370 2226 Διά
2397 2172 2556 2227 τοῦτο
2587 2172 2701 2246 πῦρ
2735 2175 2820 2225 ἐπ’
2849 2173 2990 2228 αὺτά
3035 2174 3368 2243 κατήγαγεν.
3414 2171 3571 2224 ’Λλλά
3615 2171 3708 2224 καὶ
3740 2173 3850 2233 τοῖς

2271 2267 2408 2328 υίοῖς
2436 2265 2818 2328 ἐπεϐούλευσε,
2852 2263 3041 2335 καιρὸν
3072 2266 3253 2334 ἐζήτει
3287 2263 3380 2317 τοῦ
3425 2263 3621 2325 αὐτοὺς
3653 2262 3847 2315 ἀπολέ-

2272 2375 2383 2412 σαι.
2423 2359 2487 2412 Εί
2518 2358 2742 2429 εὑρήκει
2776 2356 3263 2426 ἀναγινώσκοντας,
3297 2356 3398 2410 οὐκ
3438 2356 3504 2410 ἀν
3535 2355 3710 2425 ἥψατο
3747 2355 3848 2423 τῆς

2267 2448 2467 2512 οἰκίας,
2516 2448 2639 2501 οὐδέ
2687 2447 2852 2500 τόπον
2889 2441 2999 2517 εἶχε
3039 2444 3134 2498 τοῦ
3173 2445 3368 2508 αὐτοὺς
3405 2444 3741 2497 ἀποκτεῖναι.
3788 2444 3849 2496 El

2268 2540 2493 2610 εὑρήκει
2527 2537 3014 2609 προσευχομένους,
3048 2535 3201 2589 οὐδὲν
3229 2535 3459 2604 ἠδύνατο
3488 2535 3710 2604 ποιῆσαι
3730 2533 3848 2587 κατ’

2267 2631 2467 2686 αὐτῶν.
2508 2632 2648 2684 Ἀλλ’
2670 2632 2756 2684 ὅτε
2782 2630 2893 2700 (1‘2)
2929 2624 3084 2701 εὗρεν
3117 2627 3421 2699 εὐκαιρίαν,
3452 2627 3655 2696 ἴσχυσε.
3693 2627 3848 2690 Uolo;

2265 2719 2359 2777 οὖν
2386 2724 2417 2777 ό
2459 2723 2681 2795 καιρόςς
2725 2721 2880 2791 Μέθη
2910 2716 3000 2791 ἦν,
3039 2720 3337 2790 συμπόσιον
3372 2714 3459 2790 ἦν.
3487 2719 3581 2783 Τὸ,
3610 2719 3717 2771 τῶν
3742 2735 3849 2785 γω-

2264 2815 2394 2870 νιῶν
2431 2814 2528 2886 τῆς
2561 2813 2739 2877 οἰκίας
2772 2811 3012 2882 ἅψασθαι
3044 2811 3106 2865 τὸ
3144 2811 3382 2882 πνεῦμα,
3417 2811 3731 2879 ἐπίστησον,
3764 2809 3848 2862 ὅτι

2263 2907 2323 2962 ἐν
2353 2909 2473 2970 ταῖς
2502 2905 2610 2958 τῶν
2640 2905 2850 2974 γωνιῶν
2885 2905 3164 2968 πλατείαις
3192 2906 3240 2957 oi
3284 2902 3575 2972 ὑποκριταὶ
3611 2901 3844 2963 ἐστῶτες

2264 2997 2679 3070 προσεύχονται·
2711 2999 2818 3061 πᾶς
2846 2997 2903 3050 δὲ
2943 3000 2972 3051 ό
2997 2997 3072 3068 μὴ
3093 2994 3436 3066 ἐπιϐεϐηκὼς
3465 2993 3676 3056 εὐθείας
3704 2992 3846 3054 ὁδοῦ,

2263 3093 2384 3154 ταῖς
2417 3090 2640 3159 γωνίαις
2673 3089 2958 3161 κέχρηται.
3012 3089 3247 3142 Πλατεῖα
3287 3087 3342 3140 δὲ
3385 3085 3556 3155 γωνία
3595 3086 3630 3156 ἠ
3679 3082 3845 3154 πολλὴ

2187 3183 2232 3246 C
2262 3183 2358 3236 καὶ
2378 3181 2636 3252 ἀνειμένη
2657 3181 2843 3236 κακία.

2925 3272 3082 3326 ΚΕΦ.
3116 3272 3192 3324 B'.

2263 3365 2376 3437 (l3)
2407 3364 2554 3437 Στίχ.
2591 3364 2656 3435 β’.
2690 3363 2800 3419 Καὶ
2828 3359 3000 3417 εἶπεν
3024 3366 3067 3437 Δό
3095 3364 3306 3437 ῌύριος
3335 3358 3416 3425 τῷ
3442 3358 3714 3423 διαϐόλῳ·
3741 3360 3848 3412 Πό-

2833 3437 2938 3487 θεν
2968 3433 3050 3486 σὺ
3093 3434 3279 3501 ἐρχῃ;

2346 3521 2523 3598 Ἐὠρα
2546 3527 2576 3579 ό
2596 3526 2748 3590 Θεὸς,
2771 3526 2920 3590 ὅπως
2951 3524 3260 3596 αἰσχυνθεὶς
3293 3524 3591 3577 διεπονεῖτο
3613 3523 3642 3574 ό
3672 3521 3842 3573 Σατα-

2261 3623 2378 3685 νᾶς.
2422 3622 2589 3674 Ὅταν
2633 3619 2690 3674 δὲ
2746 3619 3038 3690 ἐπερωτῶν
3084 3618 3169 3690 ἴδῃ
3227 3615 3666 3687 ἀγνωμονοῦντα,
3722 3614 3843 3667 τότε

2262 3713 2475 3783 ἐλέγχει
2506 3712 2939 3782 κακουργοῦντα,
2968 3711 3044 3775 ὡς
3071 3710 3264 3782 ἡλεγξε
3287 3709 3378 3763 τὸν
3397 3708 3554 3765 Κάῖν.

2263 3891 2372 3963 (14)
2394 3893 2485 3948 Στ.
2513 3892 2578 3946 θ’.
2609 3893 2837 3962 Χρόνου
2862 3892 2931 3946 δὲ
2952 3893 3408 3960 προϐεϐηκότος,
3428 3886 3599 3946 εἶπεν
3626 3889 3786 3957 αὑτῷ
3807 3891 3843 3960 ἡ

2864 3963 3020 4034 γυνὴ
3037 3963 3244 4018 αὐτοῦ.

2333 4055 2475 4124 Ὅρα
2489 4054 2550 4108 τὸ
2565 4053 2892 4124 κακοῦργον.
2930 4055 3062 4108 Ὅτι
3088 4052 3255 4116 πολὺς
3277 4051 3460 4122 διῆλθε
3488 4052 3699 4123 χρόνος,
3721 4051 3841 4104 τότε

2259 4144 2580 4198 ἐπιτίθεται·
2610 4144 2730 4198 τότε
2772 4143 2884 4214 γὰρ
2919 4142 3154 4213 μάλιστα
3183 4142 3285 4212 τῆς
3304 4141 3585 4212 δυνάμεως
3620 4141 3842 4207 ἐξασθε-

2258 4238 2359 4289 νεῖ.
2402 4236 2580 4289 Διπλᾶ
2611 4235 2683 4289 τά
2714 4236 2812 4306 τῆς
2859 4234 3144 4297 ἀσθενείας
3179 4228 3269 4304 ἦν,
3309 4232 3390 4303 τῷ
3415 4249 3472 4286 τε
3498 4233 3588 4286 τὸν
3611 4235 3841 4305 φέροντα

2262 4324 2654 4396 ἀσθενέστερον
2678 4324 2931 4394 γενέσθαι
2956 4323 3036 4394 τῷ
3070 4323 3347 4394 μήκειτοῦ
3383 4324 3596 4395 χρόνου,
3634 4326 3725 4378 καὶ
3767 4326 3844 4396 τῷ

2259 4415 2359 4486 τὴν
2401 4415 2593 4469 ἐλπίδα
2635 4413 3060 4483 ἀπογνωσθῆναι
3089 4415 3308 4486 μᾶλλον.
3347 4415 3458 4469 Καὶ
3483 4417 3612 4485 μετ’
3645 4417 3837 4485 ὀλίγα·

585 4524 666 4578 Ne
699 4525 864 4594 igitur
900 4527 1247 4582 attendamus
1271 4526 1399 4598 quia
1422 4543 1560 4582 uxor
1588 4539 1728 4592 erat,
1755 4505 1850 4585 sed
1875 4505 2005 4601 quid
2025 4545 2156 4585 con-

2268 4507 2352 4577 Μὴ
2389 4506 2569 4560 τοίνυν
2596 4505 2754 4560 τοῦτο
2791 4506 3012 4577 ἴδωμεν,
3040 4507 3122 4560 ὅτι
3150 4506 3308 4578 γυνὴ,
3342 4507 3479 4560 ἀλλά
3519 4508 3571 4560 τί
3608 4509 3844 4579 συμϐου-

583 4615 748 4672 sulat.
779 4615 894 4674 Hoc
945 4624 1001 4672 et
1039 4628 1236 4673 nostra:
1265 4619 1441 4675 aetatis
1471 4620 1780 4676 hominibus
1816 4636 2038 4686 moneo,
2084 4637 2154 4678 ne

580 4707 652 4762 ad
673 4722 1027 4778 personarum
1055 4709 1346 4782 dignitates
1377 4712 1695 4781 respiciant,
1723 4715 1815 4768 sed
1849 4713 1916 4767 ad
1937 4715 2155 4771 consilii

583 4799 825 4855 modum.
859 4800 1009 4857 Uxor
1033 4810 1138 4869 est,
1175 4809 1234 4856 ut
1263 4801 1508 4873 adjuvet,
1532 4821 1638 4860 non
1668 4814 1735 4860 ut
1759 4805 2087 4876 supplautet.

671 4963 737 5020 V.
767 4964 822 5021 9.
857 4963 1007 5022 Dixit
1035 4967 1086 5023 ei
1111 4983 1248 5022 uxor
1278 4967 1397 5039 ejus
1423 4983 1443 5022 :
1476 4967 1727 5034 Quandiu
1751 4969 2033 5025 sustinebis
2057 4970 2083 5023 2

649 5118 902 5176 Omnium
927 5124 1350 5191 praecedentium
1389 5126 1767 5182 machinarum
1796 5127 2147 5184 fortissimam

2259 4598 2424 4652 λεύει.
2469 4598 2640 4652 Τοῦτο
2683 4599 2780 4652 καὶ
2822 4601 2936 4664 τοῖς
2963 4599 3060 4653 νῦν
3091 4598 3402 4672 ἀνθρώποις
3447 4600 3718 4672 παραινῶ,
3765 4600 3841 4672 μὴ

2257 4691 2395 4761 πρὸς
2417 4690 2485 4743 τά
2504 4689 2613 4743 τῶν
2638 4689 2944 4762 προσώταυν
2969 4690 3255 4762 ἀξιώματα
3274 4691 3512 4762 βλέπειν,
3535 4691 3672 4745 ἀλλά
3707 4691 3842 4763 πρὸς

2253 4784 2347 4836 τὸν
2379 4783 2578 4854 τρόπον
2623 4783 2723 4853 τῆς
2774 4783 3105 4854 συμϐουλῆς.
3145 4784 3287 4856 Γυνή
3333 4785 3482 4838 ἐστιν
3520 4785 3606 4837 ἵνα
3648 4785 3839 4857 βοηθῇ,

2255 4877 2353 4946 οὐχ
2383 4877 2468 4930 ἵνα
2489 4874 2843 4948 ὑποσκελίζῃ.

2257 4967 2368 5037 (15)
2396 4967 2486 5020 Στ.
2524 4965 2590 5021 θ’.
2622 4962 2814 5022 Εἶπεν
2833 4964 2995 5030 αὐτῷ
3029 4966 3068 5032 ἡ
3106 4963 3262 5032 γυνὴ
3303 4964 3511 5020 αὐτοῦ’
3541 4965 3726 5035 Μέχρι
3757 4966 3840 5019 τί-

2766 5053 2873 5101 νος
2905 5037 3295 5103 καρτερήσεις
3313 5052 3330 5100 ;

2323 5129 2399 5183 Τὸ
2429 5129 2648 5184 πάντων
2695 5126 3107 5198 μηχανημάτων
3147 5126 3257 5178 τῶν
3292 5127 3669 5198 προλαϐόντων
3700 5129 3839 5196 ἰσχυ-

579 5223 858 5282 postremo
904 5212 1024 5269 loco
1068 5215 1314 5272 diabolus
1356 5218 1594 5274 adhibet.
1653 5219 1872 5276 Utinam
1909 5229 1965 5275 et
2006 5219 2150 5277 hanc

2268 5221 2470 5291 ›ότερον
2514 5217 2739 5290 ὕστερον
2768 5220 2797 5272 ό
2838 5217 3084 5279 διάϐολος
3112 5218 3398 5289 προσάγει.
3433 5219 3559 5274 Em:
3586 5223 3679 5274 καὶ
3704 5220 3836 5272 ub-

579 5305 921 5374 accepisses!
955 5303 1175 5362 Utinam
1208 5323 1332 5364 cum
1363 5309 1549 5366 liberis
1571 5311 1880 5368 obruisses!
1916 5309 2146 5380 Quidam

2268 5329 2348 5384 την
2377 5310 2597 5374 ἔλαόεςί
2631 5309 2755 5363 Είθε
2779 5309 2916 5380 μετά
2944 5306 3052 5362 τῶν
3079 5309 3284 5364 παίδων
3305 5313 3648 5384 κατέχωσαςε
3677 5314 3834 5377 Τινὲς

579 5411 710 5451 vero
743 5396 948 5461 dicunt,
974 5413 1081 5452 non
1122 5414 1243 5456 esse
1289 5402 1482 5458 uxoris
1513 5418 1578 5458 ea
1627 5405 1812 5472 verba,
1843 5404 1938 5459 sed
1970 5404 2146 5474 ipsum

2268 5403 2307 5457 ἱέ
2334 5419 2495 5473 φασιν
2523 5401 2643 5456 οὐδὲ
2657 5401 2756 5472 τῆς
2780 5400 3039 5470 γυναικὸς
3060 5395 3198 5455 εἶναι
3225 5403 3294 5458 τά
3322 5406 3564 5475 ῥήματα,
3592 5407 3708 5462 ἀλλ’
3743 5407 3835 5458 αὑ-

653 5515 694 5547 ⁸¹
722 5513 740 5568 l
771 5513 921 5570 Petr.
955 5531 1010 5583 v,
1030 5515 1083 5572 8.
1161 5519 1210 5553 "
1235 5519 1337 5576 Job
1389 5539 1428 5588 l,
1460 5524 1549 5578 l0.

649 5632 772 5709 (IO)_
796 5633 1194 5709 θεοῦ-ἔρχεται
1223 5638 1306 5692 vel
1333 5634 1485 5709 ἦλθε.
1515 5641 1580 5693 Hi
1629 5642 1734 5699 duo
1779 5658 1971 5701 versus
2025 5651 2151 5702 sunt

579 5719 642 5758 ex
673 5704 795 5756 cod.
829 5703 1075 5760 Naniaiio
1102 5703 1458 5768 (,‘ontmenlar.
1484 5712 1538 5763 in
1565 5711 1689 5768 Job.

787 5773 1006 5849 genter.
1043 5787 1082 5831 t.
1113 5764 1226 5849 ΧΙΙ,
1251 5779 1356 5835 col.
1390 5780 1546 5837 1031.

655 5843 766 5913 (ta)
788 5841 948 5901 Forte
967 5845 1069 5901 ὅτι.

2333 5642 2449 5714 (l3)
2485 5642 2559 5697 Ex
2591 5642 2780 5714 eodem
2808 5643 2930 5698 cod.
2955 5640 3122 5712 Nam,
3148 5642 3239 5700 ubi
3270 5643 3610 5709 inscribitur,
3650 5644 3828 5714 Ὀλυμ-

2263 5712 2548 5782 πιοδώρου,
2599 5713 2923 5782 Ὠριγένους.

2332 5733 2548 5782 οοωρου,
2613 5733 2654 5766 υ
2699 5733 2923 5782 ιγενους.

2332 5783 2441 5851 (id)
2468 5784 2541 5837 Ex
2573 5733 2694 5840 COtf-
2731 5783 2861 5854 Y_eu.
2899 5799 3008 5838 xxi.
3038 5781 3241 5854 {iuul'er
3268 5793 3321 5836 et
3351 5784 3723 5854 Olympiodor.

2333 5853 2445 5924 (15)
2475 5854 2551 5911 Ex
2579 5855 2700 5914 cod.
2739 5851 2927 5912 Venet.
2965 5853 3069 5910 538
