4186 6390
385 401 448 457 M
1624 398 2160 457 ENARllATlONES
2194 401 2264 459 IN
2300 402 2444 463 JOB.
3582 409 3653 464 62

383 514 474 569 τὸν
500 514 579 577 είς
607 512 777 586 αὐτὴν
800 512 1120 569 τυπωθὲντα
1144 512 1315 568 ταῦτα
1334 512 1691 584 φθέγγεσθαιθ
1713 514 1836 568 οὐδὲ
1860 514 1944 584 γάι

2071 532 2191 573 eam
2224 526 2707 589 repraesentantem
2758 517 2874 573 haec
2923 516 3091 572 fuisse
3145 515 3429 585 loculum;
3474 535 3653 590 neque

382 601 452 678 ἦν
482 607 582 677 τὴν
603 609 833 676 γυναῖκα
858 606 953 660 τοῦ
992 605 1111 661 Ἰὼϐ
1140 608 1397 678 τοιαύτην
1426 601 1586 659 εῖναι·
1619 606 1763 678 πλὴν
1802 606 1856 660 εῐ
1879 623 1965 670 τις

383 698 551 768 λέγοι,
584 698 838 770 συμφορᾷ
858 700 1313 771 περιτραπεῖσαν,
1336 697 1593 770 τοιαύτην
1612 697 1782 770 αὐτὴν
1812 697 1966 767 γενέ-

384 790 529 846 σθαι.
560 788 671 845 Kal
703 792 829 860 μετ’
855 791 1047 860 ἀλέγω
1084 791 1247 853 Εἰκὸς
1287 790 1349 843 οὐ
1381 789 1589 862 ταύτην
1619 788 1844 862 πρώτην
1872 805 1965 859 γε-

2066 609 2211 664 enim
2239 618 2455 680 poterat
2499 625 2638 665 uxor
2663 607 2785 665 Jobi
2816 622 2941 664 esse
2977 607 3312 678 hujusmodi.
3360 608 3474 663 Nisi
3522 611 3647 680 quis

2065 699 2236 765 dicat,
2266 699 2581 756 calamitate
2617 708 2902 766 mutatam,
2939 712 3060 754 eam
3093 700 3255 755 talem
3278 701 3542 758 evasisse.
3576 701 3645 755 Et

2064 802 2179 862 post
2206 807 2378 861 postea
2403 806 2421 846 :
2449 792 2681 848 Videtur
2705 806 2813 847 non
2846 790 2955 846 hoc
3001 790 3234 861 primum
3265 790 3434 846 fuisse
3462 792 3642 846 consi-

382 880 646 952 γενῆσθαι
674 882 773 954 τὴν
800 880 1128 954 συμϐουλὴν,
1174 880 1311 936 ἀλλά
1340 881 1599 945 πολλάκις
1626 880 1798 935 πολλὰ
1840 880 1944 935 τού

2064 883 2221 949 lium,
2245 883 2341 939 sed
2372 898 2519 954 sape
2558 883 2727 938 multa
2760 883 2885 939 istis
2913 883 3167 953 graviora
3199 882 3268 937 ab
3297 898 3464 938 uxore
3486 883 3644 937 inau-

382 990 490 1027 των
540 972 772 1028 ἀκοῦσαι
813 972 1172 1046 χαλεπώτερα
1207 973 1357 1045 παρά
1384 974 1483 1045 τῆς
1512 974 1789 1042 γυναικός.
1822 974 1964 1046 Ὅρα

382 1066 691 1138 διαϐολικὴν
707 1066 944 1139 ἀπάτην.
977 1067 1257 1139 Ἐνενόησε
1272 1066 1372 1138 τὴν
1394 1066 1559 1122 Εὕαν.
1579 1067 1769 1133 Τοῦτο,
1805 1067 1960 1139 φησὶ,

381 1158 473 1213 τὸν
504 1159 719 1232 πρῶτον
746 1162 1084 1231 κατήνεγκεν
1122 1158 1218 1215 ἀνθ
1228 1174 1427 1230 ρωπονο
1453 1158 1611 1213 τοῦτο
1639 1160 1735 1214 καὶ
1766 1158 1960 1213 τούτου

382 1250 761 1323 περιγενέσθαι
801 1252 1107 1323 δυνήσεται.
1154 1250 1314 1317 Ἀλλ’,
1346 1244 1392 1306 ὧ
1423 1250 1574 1308 ἄθλιε
1603 1252 1699 1306 καὶ
1727 1252 1954 1323 ἀνόητεῐ

379 1339 583 1394 ἐκεῖνον
608 1340 808 1411 ἥττονα
830 1339 1067 1411 γαστρὸς
1094 1338 1349 1411 εὑροῦσα,
1374 1340 1451 1395 ἰὸν
1468 1338 1691 1412 ἔσπειρε
1718 1340 1809 1395 τὸν
1834 1341 1960 1395 ἑαυ-

376 1430 496 1501 τῆς.
536 1429 737 1486 Τοῦτον
773 1430 832 1485 δὲ
872 1432 1006 1502 ὁρᾷς
1038 1429 1455 1500 φιλοσοφοῦντα,
1489 1430 1585 1485 καὶ
1611 1431 1781 1501 αὐτῆς
1804 1448 1960 1501 περι-

377 1522 666 1595 γενόμενον
709 1524 809 1596 τῆς
862 1522 1097 1594 φύσεως.
1129 1524 1244 1579 Οὐκ
1275 1524 1598 1596 ὲπέκαμψεν
1625 1524 1792 1579 αὑτὸν
1818 1542 1955 1596 χρη-

379 1612 566 1684 μάτων
604 1610 869 1679 ἀπώλεια,
903 1613 1025 1667 οὑδὲ
1074 1612 1280 1667 παίδων
1314 1612 1541 1675 θάνατος
1573 1610 1781 1683 ,ἀωρος,
1832 1612 1956 1666 οὐδὲ

377 1703 609 1775 βάσανος
634 1703 885 1777 σώματος
919 1704 1373 1778 ἀπαραμύθητος,
1408 1703 1531 1758 οὐδὲ
1562 1704 1757 1774 χρόνου
1781 1703 1956 1774 μῆκος

372 1796 643 1852 τοσοῦτον.
678 1797 791 1852 Καὶ
817 1797 911 1851 τὸν
943 1798 1049 1852 ὑπὸ
1084 1798 1424 1871 πραγμάτων
1455 1797 1556 1867 οὐχ
1583 1796 1802 1863 ἁλόντα,
1826 1794 1952 1849 τοῦ·

372 1907 465 1945 τον
494 1889 601 1945 ὑπὸ
627 1888 801 1959 λόγων
827 1890 1133 1962 προσδοκᾷς
1164 1887 1561 1961 χειρώσασθαι;

974 1981 1087 2036 Τοῦ
1140 1981 1348 2036 αὐτοῦ.

441 2073 509 2127 Τί
526 2073 620 2128 τὸν
645 2072 883 2145 ἀθλητὴν
921 2072 1165 2141 ὲκλύεις;
1195 2072 1262 2126 Τί
1290 2072 1677 2136 καταστέλλεις
1707 2072 1808 2135 τὰς
1836 2072 1948 2142 χεῖ-

372 2183 503 2237 ρας;
535 2165 653 2220 δέον
672 2166 848 2221 εἰπεῖν
882 2164 1025 2220 κατά
1053 2165 1147 2220 τὸν
1187 2161 1529 2220 ’Δπόστολοψ
1566 2167 1690 2219 Ἔτι
1706 2164 1944 2235 μικρὸν,

366 2258 455 2312 ἔτι
469 2257 709 2327 μικρόν.

367 2351 459 2408 Στ.
492 2350 558 2408 θ’.
602 2349 754 2405 Ἀλλ’
779 2344 955 2406 εἶπόν
1000 2367 1058 2405 τι
1082 2350 1263 2477 feign
1300 2350 1414 2424 (l6)
1452 2353 1541 2419 εις
1568 2351 1807 2420 Κύριον,
1847 2348 1948 2405 καὶ

1018 2438 1082 2475 τε
1199 2438 1291 2476 τα.

1018 2438 1193 2476 τενιευ
1199 2438 1291 2476 τα.

436 2509 596 2564 Μετὰ
614 2510 676 2564 τὸ
702 2512 801 2584 τὴν
814 2511 1121 2584 τραγῳδίαν
1147 2512 1392 2584 ἀκριϐῶς
1419 2488 1801 2585 διηγήσασθαι,
1824 2516 1944 2571 τότε

364 2602 464 2675 τὴν
489 2604 841 2675 ἀναίσχυντον
886 2605 1138 2674 ἐπιφέρει
1181 2604 1513 2678 συμϐουλήν.
1544 2608 1656 2661 Καὶ
1690 2608 1810 2662 οὐδὲ
1848 2610 1947 2662 αὑ-

362 2694 442 2765 τῷ
473 2695 723 2768 φανερῶς
742 2692 886 2761 εἷπε,
913 2697 1332 2769 Βλασφήμησον.
1358 2698 1420 2751 Ol
1445 2697 1552 2771 γὰρ
1574 2701 1785 2773 πονηρὰ
1808 2719 1945 2774 συμ-

364 2787 710 2853 ϐουλεύοντες
758 2792 819 2843 οὐ
866 2789 1141 2862 τολμῶσιν
1197 2790 1725 2865 ἀνακεκαλυμμένην
1788 2794 1941 2848 εἰσά-

362 2896 480 2948 γειν
518 2879 618 2953 τὴν
651 2880 979 2953 συμϐουλήν.
1023 2881 1087 2935 Τί
1124 2881 1324 2950 λέγεις,
1356 2876 1402 2935 ὧ
1431 2881 1621 2951 γύναι;
1656 2884 1786 2939 Δέον
1830 2883 1942 2951 ὲξι-

362 2967 689 3034 λεώσασθαι,
724 2971 842 3026 δέον
870 2970 1220 3037 καταλλάξαι,
1243 2971 1543 3042 παροξῦναι
1573 2974 1771 3045 μᾶλλον
1801 2993 1944 3048 παρ-

360 3063 564 3128 αινεῖς;
614 3062 678 3115 El
708 3061 817 3135 γὰρ
856 3064 887 3117 6
921 3063 1054 3127 Θεὸς
1085 3062 1259 3117 ταῦτα
1290 3064 1538 3137 ἐποίησε,
1564 3067 1942 3139 παρακαλέσαι

358 3154 541 3219 αὐτὸν,
580 3154 642 3208 οὐ
688 3154 1078 3228 βλασφημῆσαι
1108 3156 1209 3211 δεῖ.
1244 3155 1414 3212 Πόθεν
1450 3157 1508 3211 δὲ
1533 3156 1714 3229 δῆλον,
1743 3160 1827 3214 ὅτι
1848 3161 1942 3215 καὶ

2062 975 2285 1032 divisse.
2319 976 2556 1032 Attende
2584 974 2905 1031 diabolicam
2929 974 3326 1030 seductionem.
3350 973 3639 1043 Recogita-

2060 1067 2142 1122 vit
2177 1066 2368 1122 Evam.
2410 1066 2548 1134 Hoc,
2574 1068 2775 1138 inquit,
2801 1068 3038 1137 primum
3071 1065 3437 1137 praecipitavit
3466 1065 3642 1120 homi-

2061 1174 2225 1214 nem:
2258 1159 2361 1215 hoc
2409 1159 2573 1215 istum
2627 1174 2847 1230 quoque
2888 1175 3149 1232 superare
3198 1160 3415 1228 poterit.
3451 1159 3640 1223 Sed,o

2060 1249 2230 1305 miser
2250 1258 2308 1305 et
2338 1248 2566 1305 stolide!
2605 1246 2759 1305 illum
2792 1252 2973 1307 ventri
3008 1251 3305 1307 obnoxium
3331 1258 3509 1314 nacta,
3542 1265 3638 1304 ve-

2060 1356 2256 1396 nenum
2281 1341 2569 1409 inspiravit
2599 1355 2782 1396 suum.
2814 1343 2887 1397 At
2926 1344 3074 1397 hunc
3102 1342 3256 1397 vides
3292 1341 3480 1396 virtuti
3511 1355 3638 1409 ope-

2058 1446 2176 1487 ram
2197 1432 2440 1497 dantem,
2471 1442 2526 1488 et
2549 1432 2838 1502 ipsammet
2860 1444 3203 1504 superantem
3227 1441 3496 1488 naturam.
3516 1430 3631 1487 Non

2056 1538 2181 1579 eum
2232 1522 2444 1578 inﬂexit
2496 1522 2813 1578 facultatum
2870 1525 3117 1591 amissio,
3165 1540 3271 1580 non
3332 1524 3627 1579 liberorum

2057 1627 2208 1668 mors
2236 1612 2551 1681 immatura,
2574 1628 2683 1669 non
2702 1615 2951 1685 corporis
2974 1624 3181 1670 tortura
3202 1616 3633 1679 inconsolabilis,

2055 1717 2157 1759 nec
2205 1703 2475 1775 temporis
2521 1713 2672 1760 tanta
2726 1706 3079 1767 diuturnitas.
3122 1706 3339 1777 Ergone
3385 1723 3507 1762 eum
3541 1708 3633 1776 qui

2057 1797 2218 1851 rebus
2248 1796 2380 1867 ipsis
2413 1798 2594 1852 victus
2624 1812 2729 1853 non
2770 1798 2895 1866 fuit,
2920 1797 3107 1855 verbis
3135 1807 3190 1855 te
3220 1801 3431 1856 huncce
3474 1803 3637 1856 suba-

1985 1873 2027 1930 Β
2055 1896 2272 1943 cturum
2313 1888 2639 1946 existimas?

2705 1979 2985 2035 Eiusdem.

2705 1999 2751 2033 ιι
2781 1999 2813 2034 ιι
2969 2019 2985 2034 .

2125 2070 2265 2139 Quid
2299 2072 2564 2129 athletam
2593 1999 3369 2140 labefaictazegnQuidcontrahis
3407 2085 3624 2135 manus,

2052 2179 2177 2220 cum
2216 2171 2496 2234 oporteret
2520 2165 2702 2220 dicere
2743 2178 2870 2219 cum
2910 2163 3172 2235 Apostolo
3200 2180 3216 2218 :
3248 2164 3433 2216 Adhuc
3457 2163 3629 2217 modi-

2052 2273 2195 2322 cum,
2226 2257 2400 2311 adhuc
2426 2257 2691 2311 modicum
2722 2255 2882 2311 "'“1

2054 2348 2119 2405 V.
2139 2350 2195 2406 9.
2220 2348 2328 2405 Sed
2347 2349 2436 2404 dic
2459 2349 2671 2417 aliquod
2694 2350 2903 2404 verbum
2930 2364 2984 2403 tn
3006 2347 3316 2415 Dominum,
3340 2357 3388 2402 et
3404 2360 3631 2403 morere.

2121 2505 2414 2578 Postquam
2436 2506 2741 2563 luctuosum
2762 2515 3016 2561 eventum
3041 2506 3333 2577 diligenter
3355 2504 3629 2574 exposuit,

2056 2608 2186 2653 tunc
2216 2598 2504 2669 impudens
2553 2598 2765 2670 profert
2788 2598 3103 2655 consilium.
3154 2597 3341 2669 Neque
3366 2597 3416 2651 ei
3448 2597 3628 2650 mani~

2056 2692 2195 2747 {este
2218 2692 2356 2747 dixit
2375 2711 2389 2749 :
2410 2691 2872 2763 Blasphema.Qui
2891 2693 3036 2747 enim
3062 2690 3293 2760 maligna
3312 2688 3624 2747 consulunt,

2049 2801 2159 2842 non
2191 2788 2389 2841 audent
2433 2796 2682 2858 apertum
2729 2786 2927 2840 aﬂ‘erre
2952 2782 3267 2840 consilium.
3294 2781 3433 2848 Quid
3461 2780 3563 2843 ais,
3595 2794 3630 2831 ο

2050 2878 2225 2935 uxor?
2248 2878 2381 2934 Cum
2424 2893 2650 2934 necesse
2682 2878 2863 2949 potius
2890 2883 3039 2931 esset
3069 2873 3344 2943 placatum
3372 2869 3625 2934 reddere,

2047 2986 2173 3027 cum
2206 2972 2431 3027 necesse
2457 2979 2607 3025 esset
2642 2968 2973 3032 conciliare,
3018 2965 3239 3021 irritare
3274 2963 3454 3032 potius
3500 2974 3628 3014 sua-

2048 3065 2180 3120 des?
2204 3062 2262 3119 Si
2297 3064 2444 3118 enim
2477 3063 2593 3117 haec
2625 3062 2769 3117 Deus
2820 3060 2978 3125 fecit,
3016 3070 3250 3113 exorare
3296 3054 3471 3119 illum,
3517 3068 3625 3107 non

2048 3156 2435 3227 blasphemare
2455 3162 2690 3224 oportet.
2719 3151 2875 3209 Unde
2906 3160 3088 3205 autem
3132 3148 3325 3217 liquet,
3355 3142 3498 3215 quod
3529 3143 3619 3197 ubi

358 3246 633 3319 δρώμενον
673 3248 784 3319 (l7)
817 3248 1159 3320 τελευτήσω;
1184 3247 1330 3320 Πλὴν
1362 3249 1466 3321 ὅρα
1496 3250 1646 3314 ὅπως
1671 3247 1785 3323 εἶχε
1816 3254 1944 3325 περὶ

2046 3257 2365 3304 exsecratus
2382 3246 2560 3312 fuero,
2584 3245 2791 3300 moriar
2810 3243 2835 3299 τ
2856 3242 3242 3298 Verumtamen
3270 3236 3488 3293 attende
3518 3249 3625 3305 qua

358 3338 457 3409 τῆς
487 3338 833 3411 βλασφημίας
859 3341 894 3412 ή
946 3342 1106 3414 γυνή.
1148 3343 1359 3414 Ὠσπερ
1401 3342 1746 3415 παραχρῆμα
1773 3344 1943 3416 αὐτὴν

358 3429 586 3485 θάνατον
611 3431 839 3501 ὲπάγειν
876 3432 1068 3505 ἱκανὴν
1099 3436 1309 3507 ήγεῖτο.

357 3520 471 3593 (18)
500 3521 591 3576 Στ.
621 3528 673 3576 ι’.
701 3524 779 3598 ἘΖ
809 3524 893 3598 τὰ,
910 3525 1103 3598 ἀγαθά
1132 3526 1462 3596 ἐδεξάμεθα
1489 3527 1559 3582 ἐκ
1592 3527 1793 3598 χειρὸς
1821 3531 1941 3584 Κυ-

644 3594 807 3663 ρίου,
836 3595 908 3649 τὰ
944 3595 1097 3650 κακὰ
1133 3599 1246 3667 οὐχ
1270 3594 1642 3668 ὑποίσομειλξ

435 3684 495 3740 Ὀ
532 3685 642 3758 γὰρ
694 3686 964 3758 μακάριος
1003 3682 1178 3754 οὗτος,
1222 3690 1558 3762 πανταχόθεν
1592 3688 1938 3761 βαλλόμενος,

353 3775 757 3851 ἀσφαλέστερον
787 3781 992 3847 ἵστατο,
1023 3781 1117 3837 καὶ
1150 3783 1321 3856 μυρία
1346 3784 1473 3855 βέλη
1504 3784 1815 3855 δεχόμενος,
1840 3784 1941 3838 οὐκ

354 3866 605 3921 ἐνεδίδου.
648 3868 786 3927 Ἀλλ’
810 3870 1044 3926 ὲκένωσε
1075 3872 1175 3943 μὲν
1203 3872 1298 3926 τοῦ
1326 3873 1575 3929 διαϐόλου
1600 3872 1699 3945 τὴν
1727 3872 1941 3946 βελοθή-

353 3972 478 4028 κην,
506 3957 668 4023 αὐτὸς
689 3959 746 4013 δὲ
767 3960 828 4013 οὐ
864 3962 1183 4029 κατέπεσεν,
1209 3964 1330 4017 οὐδὲ
1353 3963 1740 4035 ὐπεσκελίσθη.
1787 3964 1940 4017 Ἀλλ’

352 4046 541 4123 ὥσπερ
571 4048 793 4120 ἄριστος
821 4050 1183 4125 κυϐερνήτης,
1198 4052 1323 4107 οὔτε
1358 4054 1691 4126 μαινομένης
1713 4055 1812 4126 τῆς
1849 4054 1940 4109 θα-

353 4138 581 4210 λάσσης,
615 4142 711 4195 καὶ
748 4142 855 4197 τῶν
877 4143 1138 4215 κυμάτων
1162 4145 1575 4218 διεγειρομένων
1616 4148 1937 4201 κατεποντί-

353 4231 496 4296 ζετο,
535 4232 660 4286 οῦτε
689 4234 932 4309 γαλήνης
954 4235 1122 4309 οὔσης
1144 4237 1513 4311 ῥᾳθυμότερος
1532 4238 1761 4307 ἐγίνετο.
1795 4240 1936 4293 Ἀλλ’

355 4325 415 4378 ὲν
444 4325 682 4399 ἑκατέρᾳ
708 4330 775 4399 τῇ
816 4327 924 4383 τῶν
956 4330 1169 4402 καιρῶν
1201 4331 1436 4404 διαφορᾷ
1467 4330 1590 4402 ῐσην
1615 4332 1715 4403 τὴν
1738 4331 1935 4387 ἑαυτοῦ

349 4416 549 4489 τέχνην
578 4417 886 4490 διετήρησε.
916 4420 1027 4474 Καὶ
1040 4419 1164 4474 οῦτε
1198 4419 1428 4486 πλοῦτος
1448 4422 1639 4477 ἑαυτὸν
1665 4422 1775 4495 (l9)
1813 4423 1937 4493 ἐφύ-

2044 3337 2315 3395 sententia
2345 3346 2494 3393 esset
2540 3336 2729 3393 isthmc
2763 3335 2961 3391 mulier
2995 3334 3173 3404 quoad
3211 3328 3621 3401 blasphemiam.

2044 3431 2349 3503 Reputabat
2378 3431 2588 3488 scilicet
2608 3445 2728 3486 eam
2748 3444 2910 3500 posse
2929 3428 3113 3484 statim
3135 3434 3363 3481 mortem
3399 3421 3622 3478 inferre.

2044 3525 2111 3582 ν.
2144 3524 2233 3580 10.
2262 3524 2321 3580 Si
2366 3524 2503 3579 bona
2537 3524 2863 3591 suscepimus
2901 3520 2966 3574 de
3003 3534 3165 3591 ntanu
3206 3515 3445 3581 Domini,
3476 3512 3621 3567 mala

2561 3611 2666 3648 non
2691 3589 3109 3646 sustinebimus?

2120 3686 2325 3743 Beatus
2354 3687 2455 3743 iste
2480 3686 2716 3755 undique
2736 3679 3217 3752 circumpulsatus,
3246 3677 3493 3734 securius
3507 3683 3621 3732 sta-

2040 3780 2156 3847 bat,
2191 3789 2248 3835 et
2284 3779 2494 3834 inﬁnita
2546 3777 2849 3847 suscipiens
2891 3774 3022 3841 tela,
3071 3788 3178 3829 non
3213 3771 3459 3827 cedebat.
3512 3769 3622 3825 Sed

2038 3871 2327 3929 evacuavit
2357 3870 2577 3940 quidem
2601 3868 2803 3924 diaboli
2842 3867 3182 3939 pharetram,
3220 3863 3339 3932 ipse
3364 3875 3495 3917 vero
3522 3875 3621 3913 ne-

2039 3976 2309 4032 quaquam
2336 3960 2597 4027 concidit,
2627 3973 2804 4029 neque
2839 3957 3142 4013 subversas
3172 3964 3279 4011 est.
3307 3954 3415 4008 Sed
3450 3951 3618 4007 veluti

2037 4052 2279 4122 optimus
2328 4061 2570 4123 proreta,
2600 4064 2777 4118 neque
2830 4048 3048 4103 furente
3097 4046 3213 4101 salo
3260 4044 3622 4111 excitatisque

2036 4138 2292 4195 ﬂuctibus
2324 4140 2813 4211 submergebatur;
2844 4152 3019 4206 neque
3046 4135 3327 4190 obtinente
3358 4131 3615 4198 malacia,

2036 4233 2397 4304 negligentior
2430 4242 2566 4288 erat.
2609 4230 2713 4286 Sed
2751 4230 2805 4284 in
2854 4238 3084 4296 utraque
3129 4223 3617 4294 temporum.vice,

2036 4326 2303 4397 aequalem
2342 4335 2516 4381 artem
2550 4340 2704 4380 suam
2741 4322 3120 4379 conservabat.
3161 4320 3227 4374 Et
3268 4331 3445 4387 neque
3477 4315 3618 4370 clivi-

2038 4420 2128 4475 tia:
2156 4418 2303 4473 illum
2338 4417 2619 4484 inﬂavere,
2659 4430 2835 4485 neque
2862 4422 3157 4486 paupertas
3185 4410 3381 4482 dejecit
3406 4408 3615 4471 animo,

351 4522 538 4578 σησεν,
574 4506 696 4561 οὔτε
719 4508 881 4562 πενία
912 4509 1291 4574 ἐταπείνωσεν,
1316 4510 1460 4576 οὔτε,
1499 4510 1643 4567 κατὰ
1668 4511 1795 4585 ῥοῦν
1823 4514 1934 4569 τῶν

2046 4526 2214 4584 neque
2251 4527 2426 4583 prono
2470 4512 2627 4566 alveo
2676 4511 2843 4565 rebus
2872 4507 2986 4564 suis
3024 4503 3351 4567 liuentibus,
3383 4499 3617 4571 supinus

351 4576 693 4670 πραγμάτων
713 4601 1052 4673 φερομένων,
1069 4600 1261 4667 ὕπτιος
1285 4598 1355 4675 ἦν
1381 4603 1475 4657 καὶ
1496 4576 1928 4671 ἀναπεπτωκὼς,

2046 4576 2159 4663 erat
2189 4576 2499 4677 et-segnes.
2539 4603 2795 4672 Quinimo
2847 4615 2915 4656 ne
2964 4607 3076 4654 tota
3092 4597 3310 4667 quidem
3334 4603 3617 4664 propemo-

348 4688 495 4755 οὗτε,
526 4690 656 4762 ὅλης
684 4691 872 4763 σχεδὸν
898 4692 999 4763 τῆς
1028 4695 1236 4759 οἰκείας
1259 4695 1372 4765 (20)
1393 4696 1818 4768 ἀνατραπείσης,
1838 4697 1932 4751 καὶ

349 4778 710 4853 πανολεθρίας
741 4781 1061 4854 γενομένης,
1087 4782 1436 4857 διεταράχθη,
1463 4786 1559 4840 καί
1580 4786 1679 4859 τήν
1710 4787 1932 4859 ἀνδρίαν

348 4870 542 4943 ήλεγξε
566 4870 663 4943 τὴν
694 4872 908 4928 ἑαυτοῦ.
953 4874 1325 4929 Ἀκουέτωσαν
1357 4874 1623 4943 πλούσιοι,
1655 4877 1929 4932 ἀκουέτω-

350 4974 451 5023 σαν
480 4956 732 5031 πένητες·
766 4960 1051 5030 ἑκατέροις
1100 4962 1211 5033 γὰρ
1252 4964 1315 5017 τὸ
1346 4964 1591 5040 διήγημα
1638 4968 1929 5039 χρήσιμον,

348 5049 443 5104 καὶ
487 5050 654 5105 πᾶσιν
686 5050 995 5122 ἀνθρώποις
1025 5054 1060 5125 ή
1096 5053 1312 5127 ἱστορία
1342 5054 1650 5129 λυσιτελής
1679 5059 1776 5113 καὶ¹
1816 5062 1930 5124 τοῖς

346 5143 409 5195 ἑν
435 5141 727 5216 εὐημερίᾳ,
772 5146 868 5198 καὶ
898 5148 1012 5210 τοῖς
1054 5146 1115 5202 ἐν
1143 5151 1472 5219 συμφοραῖς.
1520 5150 1791 5223 Ἐκάτερα
1819 5154 1929 5225 γὰρ

345 5234 416 5288 τὰ
444 5233 585 5288 ὅπλα
609 5234 995 5307 μεταχειρίσας
1025 5238 1055 5290 6
1078 5237 1179 5308 τῆς
1205 5237 1487 5304 εὐσεϐείας
1523 5240 1847 5315 ἀγωνιστὴς,
1898 5245 1929 5298 6

344 5325 445 5395 τῆς
462 5325 787 5398 οίκουμένης
808 5327 1153 5400 στεφανίτης,
1181 5329 1240 5383 ὲν
1261 5329 1544 5401 ἑκατέροις
1578 5331 1642 5386 τὸ
1669 5333 1928 5405 τρόπαιον

346 5414 561 5487 ἔστησε·
614 5417 709 5472 καὶ
764 5417 903 5487 πρὸς
950 5420 1058 5473 πᾶν
1084 5416 1226 5484 εἶδος
1264 5420 1503 5492 πολέμου
1538 5423 1636 5477 τοῦ
1677 5425 1928 5495 δαίμονος

417 5554 535 5586 ⁸³·’δ
561 5540 726 5610 Hebr.
755 5570 810 5620 ι,
836 5554 927 5613 57.

446 5672 533 5745 ιϐ)
560 5673 694 5745 god.
738 5675 912 5745 Ὠριγ.
939 5676 1019 5739 είς
1038 5676 1115 5730 τό·
1158 5677 1323 5733 Ἀλλ’
1342 5671 1517 5734 εἶπόν
1544 5692 1596 5728 τι
1613 5674 1799 5745 ῥῆμα.

448 5742 531 5817 η)
562 5743 724 5817 sane
752 5742 1055 5817 ᾲρείέμενον-
1610 5745 1615 5751 ’

423 5811 641 5895 (ίὸλβι
668 5811 805 5895 θοαί(
835 5811 971 5895 Nan.
996 5818 1098 5895 _ubi
1145 5818 1339 5895 titulus
1373 5817 1785 5895 Χρυσοστόμου,
1835 5818 1916 5869 Ὠ-

348 5898 460 5955 ριγ.
500 5881 872 5957 Chrysostomi
899 5886 1076 5959 potius
1108 5887 1340 5960 videtur,
1371 5881 1438 5948 de'
1463 5889 1615 5959 cujus
1640 5881 1911 5947 commen-

2034 4699 2162 4755 dum
2195 4713 2388 4754 eversa
2420 4697 2604 4764 domo,
2636 4705 2692 4750 et
2712 4692 2935 4748 interitu
2981 4689 3352 4759 contingente,
3389 4691 3617 4740 contur-

2036 4788 2194 4842 batus
2220 4796 2327 4852 est,
2356 4796 2413 4841 et
2445 4800 2557 4840 sua:
2590 4784 2806 4839 virtutis
2838 4778 3120 4837 luculenta
3161 4775 3334 4831 edidit
3362 4773 3613 4829 testimo-

2034 4876 2145 4931 nia.
2171 4865 2696 4939 Audiunto'divites,
2726 4872 2990 4927 audiuuto
3024 4879 3293 4938 pauperes
3322 4882 3337 4918 :
3364 4862 3615 4930 utrisque

2032 4965 2182 5021 enim
2207 4966 2451 5020 narratio
2481 4963 2750 5035 perutilis,
2785 4970 2842 5017 et
2879 4959 3131 5017 omnibus
3174 4954 3484 5011 hominibus
3518 4951 3604 5007 hi-

2034 5058 2209 5112 storia
2233 5066 2318 5113 est
2342 5057 2608 5125 proﬁcua,
2635 5055 2749 5111 sive
2772 5054 2824 5107 in
2848 5050 3208 5122 prosperitate
3235 5046 3369 5111 sint,
3402 5044 3519 5099 sive
3547 5042 3603 5098 in

2031 5150 2458 5207 calamitatibus.
2490 5149 2734 5219 Utraque
2752 5148 2900 5203 enim
2929 5159 3081 5199 arma
3106 5141 3370 5197 adhibens
3389 5138 3480 5193 hic
3502 5136 3612 5206 pie-

2033 5243 2161 5300 tatis
2187 5244 2463 5315 agonista.
2496 5244 2587 5299 hic
2616 5242 2765 5297 orbis
2790 5247 3083 5297 coronatus
3106 5234 3307 5291 athleta
3330 5272 3346 5299 ,
3372 5233 3424 5287 in
3451 5231 3612 5286 utris-

2028 5352 2136 5408 que
2195 5344 2458 5407 tropaeum
2504 5337 2680 5393 erexit
2712 5352 2728 5391 :
2759 5346 2815 5391 et
2864 5333 2931 5390 ad
2978 5347 3140 5389 omne
3177 5343 3347 5400 genus
3382 5324 3505 5380 belli
3536 5323 3608 5377 ir-

2030 5438 2225 5486 ruente
2254 5432 2497 5487 daemone
2519 5430 2633 5494 illo,
2656 5439 2851 5486 contra
2888 5426 3071 5484 omnia
3096 5425 3152 5481 in
3179 5420 3351 5478 aciem
3375 5416 3602 5475 descen-

2032 5675 2190 5730 tariis
2221 5674 2274 5727 in
2310 5673 2506 5730 lolium
2530 5674 2751 5731 consule
2772 5675 2850 5731 sis
2885 5684 3085 5734 nostrae
3114 5670 3253 5730 Bibl.
3285 5680 3417 5726 tom.
3468 5663 3602 5733 Vill,

2027 5762 2083 5817 p.
2109 5746 2329 5818 A21l‘5,4et
2352 5747 2559 5818 proleg.
2616 5747 2839 5803 ibidem.

2097 5814 2207 5874 H9)
2236 5814 2425 5868 Αὐτόν.

2095 5884 2207 5957 (20)
2235 5884 2436 5950 Οἰκίας.
