4186 6388
320 314 390 370 63
1551 301 2084 364 ENARRATIONES
2119 301 2186 356 IN
2220 300 2361 357 JOB.
3493 302 3566 351 ob

317 429 412 484 καὶ
455 429 881 501 ἀνεπικούρητος
936 429 1188 499 κάθηται.
1243 429 1353 481 Καὶ
1417 430 1739 499 περιέμενον
1800 424 1890 479 διὰ

2008 422 2226 487 sederet,
2279 430 2336 475 et
2364 417 2735 474 inauxiliatus.
2786 412 2973 485 Itaque
3009 421 3466 484 exspectaverunt
3505 425 3565 469 ut

317 518 576 572 πλειόνων
609 517 980 570 πιστώσασθαι
1014 517 1110 587 τὴν
1157 515 1346 588 ἀκοὴν,
1395 517 1430 588 ἢ
1487 517 1582 569 καὶ
1612 515 1891 585 ἐκπέμψαι.

317 609 412 664 καὶ
436 609 583 674 ίδεῖν,
606 611 655 662 εί
682 609 775 663 καὶ
800 607 972 680 ἀληθῆ
995 607 1065 660 τὰ
1095 607 1382 678 λεγόμενα.
1435 608 1523 661 Ἐν
1564 605 1771 669 τούτοις
1799 601 1893 659 οὖν

318 702 347 754 ὁ
383 700 576 770 χρόνος
606 699 866 769 ἐτρίϐετο.
913 698 1056 771 Πρὸς
1099 699 1163 771 δὴ
1207 697 1434 762 τούτοις,
1484 699 1573 751 ὅτε
1604 697 1666 752 τὸ
1695 696 1894 767 ἀληθὲς

320 793 586 860 ἔγνωσαν,
636 790 873 861 βασιλεῖς
918 792 1068 855 ὄντες
1128 791 1224 845 καὶ
1276 791 1532 861 ἐκδημεῖν
1589 788 1891 861 μέλλοντες,

320 878 564 948 ἀνάγκην
605 873 748 948 εἶχον
788 879 1050 950 πρότερον
1095 874 1153 932 εὗ
1201 878 1465 933 διαθεῖναι
1500 879 1570 933 τά
1610 879 1751 934 κατὰ
1801 879 1895 933 τὸν

318 965 464 1023 οἷκον
485 1008 500 1032 ,
547 969 643 1022 καὶ
699 969 992 1039 ἐπιστῆσαι
1043 972 1156 1034 τοῖς
1220 969 1544 1042 ἀρχομένοις
1604 970 1730 1034 τοὺς
1776 969 1893 1025 ἀνθ’

319 1059 548 1116 ἑαυτῶν.
593 1059 778 1114 Ταῦτα
823 1061 1003 1116 πάντα
1045 1061 1242 1125 αὐτοὺς
1280 1063 1600 1134 ἀπησχόλει,
1639 1063 1734 1117 καὶ
1775 1064 1895 1116 ἐνε-

321 1149 598 1221 ϐράδυνον.
622 1151 731 1204 Καὶ
759 1152 807 1204 εί
835 1151 910 1223 μὴ
944 1151 1148 1223 σφόδρα
1172 1169 1236 1221 γε
1263 1153 1540 1225 ἀγαπητοί
1570 1171 1717 1218 τινες
1753 1151 1896 1225 ἦσαν

321 1239 414 1294 καὶ
444 1239 658 1306 δίκαιοι,
691 1241 790 1294 ούκ
815 1240 902 1307 ἂν,
935 1241 1030 1306 τὰς
1061 1242 1268 1307 οἰκείας
1305 1243 1684 1308 καταλιπόντες
1715 1243 1898 1315 χώρας

321 1331 417 1383 καὶ
443 1329 736 1400 βασιλείας,
771 1332 1095 1401 ἀφικνοῦντο
1128 1333 1263 1404 πρὸς
1294 1334 1394 1406 τὴν
1424 1335 1728 1406 ἐπίσκεψιν,
1763 1336 1899 1392 ἀλλὰ

321 1421 384 1475 δι’
426 1421 628 1494 ἐτέρων
668 1423 767 1494 τήν
812 1423 1002 1494 χρείαν
1036 1425 1330 1497 ἐπλήρουν.
1380 1428 1537 1481 Ἐστι
1572 1428 1629 1482 δὲ
1667 1429 1892 1492 ἐννοεῖν,

320 1511 396 1576 ὡς
421 1514 514 1565 καὶ⁸
537 1514 814 1584 οἰκονομία
836 1532 920 1578 τις
951 1510 1018 1587 ἦν
1045 1516 1162 1570 θεία
1195 1517 1293 1589 τῆς
1317 1518 1554 1589 ἀφίξεως
1575 1523 1607 1593 ἡ
1633 1521 1894 1593 ἀναϐολή.

334 1604 549 1676 Ἐπειδὴ
573 1605 680 1677 γὰρ
702 1607 835 1676 ὁμοῦ
868 1609 934 1678 τῇ
961 1606 1069 1662 τῶν
1103 1609 1272 1679 φίλων
1301 1609 1532 1678 διαλέξει
1571 1613 1663 1666 καὶ
1691 1613 1753 1666 τὸ
1788 1615 1899 1668 πᾶν

1993 513 2235 582 pluribus
2261 511 2677 566 conﬁrmaretur
2733 508 2906 572 fama;
2937 505 3024 560 vel
3071 508 3236 560 etiam
3268 514 3324 558 nt
3371 505 3560 557 mitte-

1992 615 2116 660 rent
2146 618 2211 659 ac
2245 602 2508 665 viderent,
2530 601 2574 657 si
2607 600 2826 670 quidem
2853 613 2983 654 vera
3021 597 3188 652 relata
3232 604 3438 650 essent.
3473 595 3562 648 ln-

1993 705 2140 751 terea
2173 693 2336 765 igitur
2359 701 2575 761 tempus
2605 689 2903 746 terebatur.
2937 687 3018 742 Ad
3051 687 3196 747 lucc,
3229 685 3318 739 ubi
3368 699 3558 738 verum

1993 800 2112 841 esse
2137 783 2506 847 resciverunt;
2536 796 2660 836 cum
2688 795 2846 852 reges
2871 785 3072 842 essent,
3103 791 3166 831 ac
3195 790 3419 848 peregre
3436 791 3536 845 pro

1993 874 2212 939 fecturi,
2237 887 2458 929 necesse
2490 872 2799 926 habuerunt
2831 870 2982 939 prius
3022 883 3110 923 res
3139 881 3268 922 suas
3303 867 3562 921 domesti-

1994 978 2087 1020 cas
2124 974 2272 1020 recte
2298 963 2606 1032 disponere,
2634 977 2699 1017 ac
2745 961 3022 1032 praeﬁcere
3065 959 3296 1016 subditis
3327 957 3564 1013 vicarius

1993 1066 2142 1110 suos.
2197 1052 2326 1109 Haec
2372 1054 2555 1109 omnia
2588 1053 2734 1122 ipsos
2764 1061 3057 1122 occupatos
3083 1051 3356 1115 tenebant,
3388 1059 3446 1106 et
3472 1064 3561 1104 re-

1997 1145 2364 1200 morabantur.
2401 1145 2480 1200 Ac
2512 1145 2616 1199 nisi
2649 1143 2999 1198 vehementer
3025 1141 3206 1196 dilecti
3246 1140 3475 1196 fuissent
3505 1151 3563 1195 et

1993 1235 2147 1307 justi,
2185 1251 2291 1291 non
2323 1237 2510 1306 utique
2534 1235 2725 1290 domos
2747 1250 2873 1290 suas
2905 1235 3292 1304 relinquentes,
3318 1233 3564 1304 regiones

1997 1344 2062 1385 ac
2121 1344 2306 1399 regna,
2339 1328 2624 1383 venissent
2651 1329 2720 1381 ad
2750 1326 3085 1381 invisendnm
3131 1327 3302 1392 illum,
3331 1325 3423 1381 sed
3468 1340 3565 1394 per

1997 1420 2134 1476 alios
2165 1421 2268 1475 hoc
2297 1403 2529 1474 oﬂicium
2572 1417 2963 1486 implevissent.
2994 1416 3350 1486 Cogitandum
3383 1425 3562 1469 autem

1997 1523 2102 1581 est,
2135 1513 2414 1583 cujusdam
2447 1512 2612 1565 etiam
2669 1510 2868 1564 divinae
2916 1509 3337 1579 dispensationis
3371 1507 3562 1576 fuisse,

1999 1618 2058 1662 ut
2092 1608 2355 1660 adventus
2380 1618 2566 1658 eorum
2597 1602 2920 1658 differretur.
2955 1599 3091 1668 Qula
3119 1602 3262 1656 enim
3293 1616 3397 1654 una
3425 1616 3547 1655 cum

322 1693 416 1746 τοῦ
444 1695 653 1761 ἀγῶνος
682 1694 864 1766 ἐλύθη,
889 1696 982 1750 τοῦ
1015 1697 1148 1751 Θεοῦ
1178 1701 1637 1772 χρηματίσαντος,
1668 1703 1762 1756 καὶ
1803 1702 1898 1758 τὸν

2008 1697 2303 1752 amicorum
2337 1692 2704 1764 disputatione
2737 1693 2901 1746 etiam
2953 1702 3225 1746 certamen
3255 1692 3564 1746 universum

322 1783 527 1839 δίκαιον
564 1787 1007 1859 ἀνακτησαμένου
1064 1791 1158 1844 καὶ
1199 1791 1658 1861 στεφανώσαντος,
1703 1797 1902 1850 οἰκονο-

2008 1787 2328 1856 diremptum
2354 1793 2457 1846 est,
2485 1783 2844 1852 respondente
2895 1781 3035 1846 Deo,
3081 1792 3132 1835 et
3165 1780 3368 1850 justum
3423 1781 3566 1835 hunc

327 1876 425 1946 μία
462 1895 545 1941 τις
600 1877 793 1946 γέγονε
844 1879 983 1944 θεία,
1027 1881 1358 1952 ἐμϐραδῦναι
1392 1885 1518 1947 τοὺς
1563 1884 1770 1953 φίλους,
1815 1887 1902 1941 ἵνα

2008 1879 2218 1932 l'oveute
2249 1885 2304 1932 et
2333 1883 2664 1940 coronante;
2695 1873 2874 1928 divina
2919 1873 3190 1943 quaepiam
3229 1872 3564 1940 providentia

325 1969 612 2040 παραταθῇ
648 1968 717 2022 τὰ
767 1968 859 2022 τοῦ
903 1971 1238 2042 νοσήματος,
1291 1975 1385 2028 καὶ
1422 1973 1686 2046 μειζόνως
1729 1977 1900 2049 ἀθλή-

2008 1968 2124 2035 fuit,
2164 1976 2224 2023 ut
2257 1981 2437 2021 moras
2482 1967 2768 2020 traherent
2814 1964 2996 2027 amici,
3039 1978 3148 2033 quo
3198 1961 3570 2017 intenderetur

328 2076 426 2124 σας
480 2062 510 2114 ὁ
553 2062 780 2126 δίκαιος,
857 2061 1186 2137 δικαιότερον
1263 2066 1542 2141 ἀναρρηθῇ
1600 2068 1753 2142 παρά
1806 2069 1902 2123 τοῦ

2008 2061 2246 2125 morbus,
2278 2070 2334 2114 et
2361 2059 2544 2127 justus
2596 2059 2684 2111 vir
2739 2056 3004 2111 illustrius
3049 2069 3318 2126 pugnans,
3369 2055 3566 2124 potiori

327 2151 482 2206 θεοῦ.

328 2241 438 2314 (26)
461 2243 606 2319 Σμτλίχ.
638 2249 724 2298 ια’.
747 2247 861 2319 _Kat
888 2246 1279 2319 παρεγένοντο
1311 2248 1459 2319 πρὸς
1478 2248 1664 2302 αὐτὸν
1691 2251 1903 2319 ὁμοθυ-

668 2315 776 2370 τοῦ
833 2313 1248 2384 παρακαλέσαι
1300 2313 1399 2372 mea
1435 2313 1904 2388 ἐπισκέψασθαι

401 2400 607 2436 αυτον.

411 2474 473 2528 Ὀ
516 2477 807 2549 Σύμμαχος
840 2477 1014 2544 οὕτως
1053 2479 1320 2545 ἐξέδωκε-ο
1356 2481 1771 2547 ΣυνετάξΜο
1795 2481 1906 2553 γὰρ

334 2569 485 2640 ὁμοῦ
516 2572 795 2640 ἐλθόντες
833 2575 1227 2644 συμπαθῆσιιι
1271 2575 1452 2642 αὐτῷ,
1492 2575 1591 2630 καὶ
1636 2592 1906 2646 παραμυ-

336 2660 635 2728 θήσασθαι
663 2665 869 2719 αὐτόν.
904 2665 1046 2736 Ὅρα
1077 2665 1170 2718 καὶ
1195 2663 1465 2728 ἐντεῦθεν,
1497 2665 1574 2728 ὡς
1601 2666 1696 2718 καὶ
1721 2665 1906 2736 ἕτερος

335 2753 577 2826 παρῆλθε
603 2755 812 2826 χρόνος,
853 2757 958 2820 ἕως
988 2757 1098 2818 ὅτε,
1131 2754 1267 2826 πρὸς
1307 2755 1565 2827 ἀλλήλους
1601 2756 1909 2827 διαπεμψά-

341 2863 513 2917 μενοι,
539 2847 638 2918 τὴν
668 2848 761 2901 ἐπὶ
793 2847 856 2901 τὸ
881 2847 1011 2902 αὐτὸ
1059 2846 1272 2903 σύνοδόν
1303 2865 1364 2902 τε
1392 2848 1488 2902 καὶ
1514 2847 1693 2920 ἄφιξιν
1724 2850 1911 2922 ἐποιή-

340 2953 503 2991 σαντο
510 2980 522 2992 .

335 3011 450 3100 (2'7)
497 3030 643 3102 Στίχ.
689 3030 776 3086 ιϐ’.
817 3031 928 3086 Kal
991 3030 1474 3104 καταπασᾴμενοι
1509 3031 1627 3104 γῆν
1671 3033 1768 3088 ἐπὶ
1801 3034 1910 3102 τὰς

852 3106 1118 3172 κεφαλὰς
1159 3103 1376 3156 αὐτῶν.

1933 3127 1980 3190 C

1997 2150 2122 2222 jure
2147 2165 2177 2204 a
2213 2150 2324 2205 Deo
2360 2150 2536 2205 victor
2561 2146 3013 2219 proclamaretur.

2004 2245 2070 2302 γ.
2107 2245 2196 2302 li.
2238 2244 2308 2298 Et
2347 2253 2592 2299 venerunt
2621 2243 2690 2296 ad
2725 2240 2878 2294 illum
2907 2241 3254 2308 concorditer,
3284 2249 3343 2295 ut
3379 2255 3569 2296 conso-

2369 2314 2605 2368 larentur
2624 2322 2674 2367 et
2700 2312 2978 2366 inviserent
3006 2311 3183 2366 illum.

2076 2465 2435 2536 Symmachus
2482 2463 2554 2518 ita
2577 2463 2785 2518 edidit:
2834 2461 3190 2519 Condixerant
3218 2465 3380 2529 enim,
3409 2474 3464 2518 ut
3492 2466 3570 2520 si-

2003 2559 2118 2614 mul
2157 2561 2419 2614 uenientes
2447 2567 2869 2626 campaterentur
2889 2558 2956 2619 ei,
3001 2567 3050 2611 et
3080 2557 3479 2611 consolarentur
3505 2557 3572 2610 il-

2007 2652 2139 2707 lum.
2169 2651 2300 2707 Vide
2333 2662 2388 2707 et
2415 2653 2569 2716 hinc,
2599 2649 2694 2718 qui
2721 2649 2866 2704 aliud
2899 2651 3061 2707 etiam
3090 2650 3408 2720 praeterierit
3435 2659 3572 2704 tem-

2008 2758 2140 2814 pus;
2171 2744 2343 2798 donec
2370 2744 2437 2798 ad
2471 2759 2530 2798 se
2560 2742 2792 2798 invicem
2828 2743 3128 2810 mittentes,
3149 2757 3470 2799 cuncursum
3501 2742 3578 2799 si-

2008 2837 2118 2893 mul
2143 2843 2198 2892 et
2223 2836 2515 2891 adventum
2551 2836 2819 2893 fecerunt.

2083 3016 2148 3073 ν.
2188 3016 2274 3073 l2.
2308 3013 2376 3070 Et
2406 3025 2708 3088 spargentes
2733 3027 2927 3069 terram
2956 3029 3115 3082 super
3137 3011 3313 3108 capita
3341 3028 3439 3066 sua
3463 3049 3480 3065 .

336 3189 484 3263 Στίχ.
535 3198 623 3262 ιγ’.
673 3167 1088 3264 Παρεκάρισαν
1136 3191 1296 3264 αὐτῷ
1333 3192 1482 3248 ἑπτὰ
1521 3190 1764 3262 ἡμέρας,
1806 3192 1903 3248 καὶ

2011 3170 2077 3228 γ.
2112 3174 2201 3231 15.
2236 3171 2494 3228 Sederunt
2523 3186 2662 3239 apua
2705 3171 2873 3264 ipsum
2917 3179 3110 3239 septem
3147 3167 3280 3233 dies,
3307 3177 3356 3223 et
3383 3177 3576 3237 septem

905 3262 1056 3318 ἑπτὰ
1102 3263 1347 3330 νύκτας.

409 3352 525 3404 Οὐκ
566 3347 685 3406 εἷπε
739 3352 798 3406 δέ
851 3355 884 3425 ἡ
932 3353 1144 3426 Γραφὴ,
1201 3353 1284 3408 ὅτι
1332 3351 1715 3425 παρεκάθηντο
1769 3350 1910 3407 ἐπτά

336 3442 548 3514 ἡμέρας
579 3444 814 3516 πρωῖθεν
851 3445 953 3509 ἕως
984 3445 1238 3518 ἑσπέρας,
1268 3444 1388 3498 οὐδὲ
1419 3444 1558 3498 ἑπτὰ
1586 3443 1786 3507 νύκτας
1815 3442 1909 3514 ἀφ’

337 3532 574 3604 ἐσπέρας
609 3535 768 3607 μέχρι
797 3535 964 3608 πρωῒ.
1007 3536 1175 3605 Δῆλον
1210 3532 1324 3601 οὖν,
1363 3536 1465 3600 ὅτι,
1504 3536 1566 3589 τὸ
1595 3535 1774 3590 πλεῖον
1809 3535 1911 3607 τῆς

339 3625 549 3696 ἡμέρας
578 3625 1102 3698 παρακαθεζόμενοι,
1132 3625 1449 3700 ὑπεχώρουν
1482 3626 1582 3690 τὰς
1605 3625 1910 3696 ἀναγκαίας

338 3711 780 3784 ἐκπληρώσοντες
819 3715 1006 3786 χρείας
1029 3732 1042 3745 ·
1079 3716 1172 3768 καὶ
1201 3714 1362 3769 πάλιν
1392 3716 1777 3787 ἐπανήκοντες,
1815 3715 1910 3786 μέ-

337 3821 430 3874 χρι
478 3801 670 3859 πολλοῦ
711 3806 810 3878 τῆς
868 3805 1059 3869 νυκτὸς
1109 3806 1564 3877 παρεκαθέζοντο,
1610 3808 1704 3860 καὶ
1755 3803 1911 3871 αὖθις

338 3895 606 3962 ἀπιόντες,
653 3898 813 3952 πάλιν
849 3895 1114 3970 ὥρθριζον
1164 3898 1300 3969 πρὸς
1353 3898 1534 3953 αὐτόν.
1586 3901 1652 3954 '0
1693 3898 1758 3970 δὴ
1801 3899 1909 3953 τῶν

339 3990 720 4058 γνησιωτάτων
755 3989 848 4044 καὶ
882 3987 1344 4060 συμπαθεστάτων
1374 3988 1542 4058 φίλων
1572 3989 1719 4043 ἴδιον.
1750 3990 1829 4062 Τῇ
1853 3989 1910 4043 δὲ

343 4083 492 4152 κοινῇ
523 4081 775 4153 συνηθείᾳ
803 4082 1056 4154 χρωμένη
1087 4083 1121 4153 ή
1157 4079 1368 4153 Γραφὴ,
1415 4079 1588 4144 οὕτως
1625 4079 1910 4144 ἀπολύτως

343 4163 487 4222 εἶπε·
522 4172 940 4241 Παρεκάοισαν
978 4171 1138 4239 αὐτῷ
1171 4171 1322 4227 ἑπτὰ
1365 4171 1590 4241 ἡμέρας
1631 4171 1729 4226 καὶ
1760 4171 1912 4225 ἑπτὰ

339 4261 584 4329 νύκτας.
619 4265 772 4318 Ἐπεὶ
796 4265 890 4319 καὶ
914 4267 1002 4319 ὅτε
1021 4265 1168 4334 λέγει
1191 4264 1284 4318 τὸν
1321 4262 1514 4316 Ἰακὼϐ
1538 4263 1910 4334 δεκατέσσαρα

342 4351 440 4424 ἐτη
503 4353 814 4420 δουλεῦσαι,
864 4356 960 4410 καὶ
1011 4356 1362 4426 συγκαίεσθαι
1417 4355 1499 4428 τῷ
1545 4354 1766 4409 καύσονι
1809 4356 1912 4427 τῆς

2693 3251 2888 3293 "Of-(£8.

2077 3336 2195 3394 Non
2227 3335 2362 3392 dixit
2388 3349 2516 3390 vero
2541 3331 2851 3400 Scriptura,
2871 3331 3014 3402 quod
3037 3331 3342 3387 assederint
3367 3339 3576 3400 septem

2011 3430 2152 3495 dies,
2180 3444 2210 3484 a
2238 3441 2398 3482 mane
2429 3440 2603 3495 usque
2633 3425 2698 3478 ad
2721 3438 3024 3494 vesperam,
3045 3438 3219 3492 neque
3238 3432 3446 3492 septem
3475 3436 3576 3476 no-

2010 3531 2200 3586 ctes,a
2231 3533 2456 3590 vespera
2499 3516 2564 3571 ad
2624 3530 2802 3570 mane.
2845 3513 3040 3585 Liquet
3068 3528 3220 3585 ergo,
3269 3515 3414 3583 quod
3451 3527 3580 3570 cum

2011 3613 2300 3669 maximam
2331 3608 2436 3665 diei
2464 3613 2670 3677 partem
2717 3604 3086 3671 assedissent,
3115 3603 3442 3659 recedebant
3479 3617 3581 3657 ne-

2010 3685 2261 3762 cessariis
2289 3703 2474 3758 usibus
2510 3699 2793 3767 esplendis
2825 3713 2842 3752 :
2875 3710 2940 3753 ac
2972 3697 3174 3751 iterum
3221 3703 3578 3759 revertentes,

2010 3812 2182 3868 usque
2244 3797 2310 3851 ad
2355 3794 2579 3850 multam
2636 3803 2847 3850 noctem
2899 3790 3236 3855 assidebam,
3280 3797 3338 3844 et
3380 3785 3578 3841 iterum

2009 3887 2290 3952 abeuntes,
2341 3901 2532 3942 rursus
2577 3900 2736 3940 mane
2781 3884 3074 3940 veniebant
3107 3879 3174 3934 ad
3220 3894 3370 3936 eum.
3424 3877 3580 3944 Quod

2009 3994 2142 4036 Sane
2161 3977 2564 4033 verissimorum
2589 3975 3264 4040 aﬂ‘ectunsissimorumque
3282 3967 3580 4024 amicorum

2009 4068 2284 4138 proprium
2313 4075 2416 4123 est.
2431 4067 2715 4122 Communi
2749 4073 2928 4119 autem
2994 4061 3385 4116 consuetudine
3423 4066 3583 4111 utens

2011 4159 2316 4229 Scriptura,
2363 4157 2432 4211 ita
2470 4156 2719 4211 absolute
2769 4157 2948 4209 locuta
2991 4160 3113 4205 est:
3143 4150 3402 4206 Sederunt
3441 4146 3582 4216 apud

2011 4252 2182 4321 ipsum
2210 4258 2407 4318 septem
2429 4249 2563 4314 dies,
2578 4256 2626 4300 et
2648 4255 2841 4315 septem
2873 4251 3071 4298 noctes.
3108 4239 3375 4307 Quoniam
3415 4238 3580 4292 etiam

2009 4338 2227 4410 quando
2258 4337 2414 4403 dicit,
2448 4335 2712 4392 Iacobum
2743 4331 3155 4405 quattuordecim
3185 4342 3356 4383 annos
3380 4325 3584 4382 servis-

336 4416 551 4514 ἡμέρας
571 4444 665 4497 καὶ
698 4444 778 4515 τῷ
801 4416 1022 4515 παγετῷ
1070 4416 1169 4517 τῆς
1211 4445 1426 4508 νυκτὸς,
1469 4416 1586 4516 ’ἆρα
1634 4442 1740 4496 ὑπὸ
1791 4416 1903 4495 στέί

2013 4446 2093 4498 se,
2127 4441 2183 4486 et
2233 4439 2482 4486 exustum
2514 4427 2709 4499 {fuisse
2767 4433 2901 4481 aestu
2946 4422 3076 4487 diei,
3124 4431 3179 4476 et
3215 4419 3338 4491 gelu
3369 4416 3580 4479 noctis;

338 4551 444 4606 γην
490 4535 591 4590 υύκ
640 4536 810 4608 εἰσῄει
866 4536 1030 4604 ποτέ;
1079 4532 1192 4610 ἆρα
1242 4537 1500 4608 οὐδεμιᾶς
1550 4532 1908 4598 ἀναπαύσεως

340 4626 527 4698 ἔτυχεν
551 4627 657 4699 ὅλῳ
681 4628 760 4700 τῷ
787 4629 997 4700 χρόνῳ;
1029 4629 1212 4684 Ταῦτα
1251 4629 1350 4700 μὲν
1400 4624 1492 4682 οῦν
1536 4627 1630 4681 καὶ
1659 4625 1911 4680 λεπτολο-

339 4720 457 4785 γεῖν
491 4716 747 4790 φλύαρον.
799 4718 886 4782 Ὠς
918 4719 1026 4791 γὰρ
1049 4718 1205 4791 ἔφην,
1247 4721 1280 4790 ἡ
1312 4718 1504 4791 Γραφὴ
1544 4721 1696 4789 κοινῇ
1744 4735 1910 4790 συνη-

340 4807 462 4880 θείᾳ
497 4809 715 4880 χρῆται.
783 4810 998 4880 Ἐπειδὴ
1045 4809 1102 4863 δέ
1148 4828 1326 4879 τινες,
1367 4808 1757 4882 κωμῳδοῦντες
1807 4808 1910 4882 τὴν

339 4898 582 4971 Γραφὴν,
610 4900 706 4954 καὶ
724 4899 972 4954 ἐντεῦθεν
997 4901 1166 4972 αὐτὴν
1196 4900 1270 4964 ὡς
1303 4899 1476 4971 ψευδῆ
1523 4897 1872 4970 διασύρουσιν
1892 4912 1908 4927 ⁸

351 4989 594 5064 ’ίις(27⁹)
629 4990 737 5063 γὰρ
765 4992 854 5056 ἂν,
889 4992 1072 5062 φασιν,
1096 4992 1269 5047 ἄσιτοι
1293 4990 1560 5044 διετέλουν
1586 4989 1680 5043 καὶ
1718 4989 1913 5044 ἀῦπνοι

341 5083 435 5137 ἐπὶ
453 5083 735 5147 τοσαύταις
773 5084 1038 5156 ήμέραις;
1073 5081 1496 5154 ἠναγκάσθημεν
1521 5079 1699 5136 αὐτῶν
1749 5096 1911 5134 συνα-

342 5174 614 5246 παχθιῖψαι
641 5177 708 5246 τῇ
735 5174 948 5246 ἀκαίρῳ
981 5174 1331 5247 στενοχωρίᾳ.

993 5358 1153 5412 ΚΕΦ.
1187 5356 1266 5414 Γ’.

422 5447 528 5524 με)
555 5451 693 5506 Ἀλλ’
721 5451 781 5505 ἐν
797 5449 1004 5516 τούτοις
1021 5451 1118 5522 μὲν
1140 5449 1201 5502 τὸ
1229 5447 1476 5521 δεύτερον
1495 5447 1719 5519 ἧνυσται
1742 5442 1914 5515 κεφά-

345 5550 512 5596 λαιονο
537 5544 630 5598 τοῦ
654 5542 836 5619 τρίτου
866 5543 924 5596 δὲ
969 5539 1312 5614 προθεωρίαν
1343 5536 1678 5610 ποιούμενοι,
1709 5536 1911 5608 φαμὲν,

415 5681 528 5750 (26)
556 5682 686 5736 ibid.
715 5679 900 5734 eodem
940 5678 1021 5750 tit.
1046 5677 1316 5750 ascripta.

417 5749 526 5808 (‘27)
554 5750 685 5808 Ibid.
719 5751 907 5808 eodem
937 5749 1116 5806 titulo.

2016 4523 2255 4593 nunquid
2287 4531 2485 4578 tectum
2520 4533 2797 4590 nunquam
2834 4514 3090 4572 subibat?
3113 4511 3352 4582 nunquid
3380 4507 3583 4565 nullam

2015 4613 2208 4669 babuit
2230 4613 2478 4683 requiem
2508 4619 2622 4666 toto
2653 4609 2743 4663 illo
2773 4605 3056 4676 tempore?
3090 4603 3164 4659 De
3199 4601 3286 4657 liis
3312 4599 3586 4655 subtiliter

2015 4711 2368 4776 pertractare,
2419 4699 2764 4773 nugatorium
2812 4705 2976 4754 esset.
3027 4695 3098 4752 Ut
3157 4693 3303 4748 enim
3353 4689 3584 4752 aiebam,

2017 4796 2296 4867 Scriptura
2329 4791 2609 4850 communi
2642 4788 3034 4846 consuetudine
3089 4785 3278 4839 utitur.
3317 4780 3586 4848 Quoniam

2016 4904 2148 4944 vero
2172 4888 2394 4960 quidam
2445 4886 2800 4959 suggillantes
2844 4881 3207 4950 Scripturam,
3235 4873 3320 4930 vel
3354 4875 3481 4928 hinc
3507 4873 3588 4941 ip-

2015 4995 2134 5036 8am
2159 4993 2258 5035 ceu
2286 4980 2600 5033 mendacem
2635 4975 2927 5030 traducunt
2953 4987 2967 5024 :
2995 4965 3278 5036 Quomodo
3306 4964 3474 5029 enim,
3498 4962 3588 5016 di-

2017 5079 2168 5137 cunt,
2214 5071 2332 5125 sine
2381 5067 2504 5122 cibo
2541 5067 3034 5138 perseveravernnt
3073 5066 3129 5112 et
3167 5057 3444 5126 insomnes
3494 5067 3592 5122 per

2020 5169 2103 5216 tot
2143 5159 2294 5216 dies?
2326 5158 2499 5214 coacti
2554 5169 2742 5213 sumus
2793 5165 2983 5210 eorum
3033 5163 3134 5206 nos
3178 5144 3590 5205 accommodare

2019 5251 2344 5324 importunae.
2367 5248 2680 5306 subtilitati.

2669 5335 2824 5393 CAP.
2858 5331 2948 5390 Ill.

2089 5437 2169 5491 Ac
2194 5433 2248 5490 in
2281 5433 2368 5488 bis
2395 5430 2615 5503 quidem
2647 5428 2945 5486 secundum
2974 5431 3138 5496 caput
3165 5421 3466 5478 absolutum
3483 5427 3586 5474 est.

2019 5527 2192 5586 Tertii
2230 5539 2360 5580 vero
2388 5523 2676 5594 quemdam
2709 5521 2874 5580 veluti
2905 5527 3250 5591 prospectum
3295 5513 3584 5576 iacientes,

2083 5660 2409 5737 (2??)F9rle
2437 5657 2714 5737 les-1.15:-

2089 5729 2199 5808 ('28)
2229 5729 2361 5788 Ibid.
2391 5729 2514 5787 eoa;
2560 5733 2644 5786 tit.
