4186 6392
347 309 418 368 69
1575 299 1920 356 ENARRATI

2019 298 2109 356 ES
2148 299 2214 357 IN
2250 298 2391 357 JOB.

3527 257 3614 354 70.

349 431 487 504 μετὰ
510 430 696 486 τοῦτο·
734 426 979 482 τουτέστι
1024 424 1160 497 μετὰ
1192 424 1254 477 τδ
1295 422 1436 495 μέγα
1473 421 1748 495 τρόπαιον,
1799 423 1915 493 μετ’

2021 431 2304 489 tropaeum,
2332 423 2456 488 post
2476 414 2757 486 passiones
2781 412 2926 478 illas,
2952 426 3060 466 non
3089 427 3211 468 stne
3240 412 3491 467 examine
3513 413 3595 466 lo-

343 526 529 579 ἐκεῖνα
551 523 620 578 τὰ
642 522 810 593 πάθη,
841 521 942 574 οὐκ
970 517 1342 580 ἀϐασανίστως
1371 516 1668 586 φθέγγεται
1691 514 1917 586 περιαλ-

343 617 457 686 γῶν
481 614 560 687 τῷ
578 614 812 685 σώματι,
837 613 936 683 τῆς
957 610 1208 681 γλώσσης
1232 607 1538 679 φθανούσης
1563 608 1625 661 τὸ
1654 607 1755 678 τῆς
1783 623 1918 678 φρο-

342 709 408 779 νή
416 724 552 770 σεως
599 705 879 776 ἔνθεσμον,
917 700 1056 756 ἀλλὰ
1101 696 1394 770 σωφρονῶν
1430 696 1526 750 καὶ
1563 697 1684 761 ταῖς
1714 697 1920 765 φωναῖς

344 799 740 854 ὑποδείκνυται.
775 794 936 866 Δηλοῖ
965 793 1023 846 δέ
1064 789 1158 844 καὶ
1188 789 1287 860 τὴν
1323 788 1563 860 γαλήνην
1611 789 1710 860 τῆς
1740 787 1920 858 ψυχῆς

345 890 567 946 καὶτῶν
591 888 848 961 ῥημάτων
868 885 930 938 τδ
951 882 1233 956 ἐμπρεπὲς
1259 882 1294 954 ἠ
1315 879 1410 934 τοῦ
1435 880 1640 948 ἀνοῖξαι
1663 879 1725 935 τὸ
1745 879 1918 952 στόμα

345 981 512 1036 αὐτοῦ
542 979 818 1052 μαρτυρία
845 977 979 1050 (55).

980 1067 1135 1120 ΚΕΦ.
1181 1065 1285 1119 ΙΘ’.

346 1163 457 1236 (36)
485 1163 633 1234 Στίχ.
662 1167 732 1217 α’.
765 1161 913 1226 Ἕως
933 1159 1099 1224 τίνος
1127 1157 1390 1228 ἐγκοπον
1403 1154 1684 1222 ποιήσετε
1709 1153 1921 1224 ψυχήν

1049 1244 1206 1298 μου;

417 1327 626 1397 Ὥσπερ
667 1323 896 1396 σώματα
941 1321 1114 1394 βαρέα
1153 1319 1508 1390 ἐπιτιθέμενα
1546 1316 1702 1382 ζώων
1742 1315 1923 1387 σῶμα·

348 1436 452 1484 σιν,
493 1417 722 1489 κάμνειν
761 1416 934 1469 ποιεῖν
975 1413 1044 1467 τά
1089 1411 1459 1483 βαστάζοντα·
1504 1409 1678 1472 οὕτως
1706 1407 1811 1461 είσί
1840 1425 1920 1460 τι-

345 1527 436 1574 νες
469 1510 615 1579 λόγοι
650 1508 860 1580 βαρεῖς,
903 1505 996 1570 οὒς
1027 1505 1267 1568 ἀκούσας
1293 1521 1378 1568 τις
1418 1503 1640 1574 κάμνει.
1691 1501 1781 1564 Ὠς
1815 1498 1921 1553 ὑπὸ

346 1603 546 1674 βάρους
572 1601 912 1672 πιεζόμενος,
941 1599 1040 1670 τῆς
1070 1597 1352 1668 δυνάμεως
1385 1595 1495 1649 τῶν
1526 1595 1700 1664 λόγων
1727 1592 1835 1647 τῶν
1857 1591 1919 1644 οὐ

347 1694 554 1757 κακῶς,
594 1693 686 1746 καὶ
729 1691 980 1763 χαλεπῶς
1012 1691 1145 1763 (57),
1176 1691 1211 1762 ἢ
1254 1689 1346 1743 ἐπὶ
1395 1687 1659 1759 λοιδορίας
1696 1682 1920 1757 εἰρημέ-

2018 513 2207 582 quitur
2230 519 2342 565 toto
2369 522 2602 578 corpore
2622 506 2833 573 dolens,
2857 503 3229 576 praeveniente
3253 503 3432 572 lingua
3463 519 3563 572 pru

2018 606 2218 661 dentiaa
2241 603 2410 672 leges,
2436 602 2530 657 sed
2553 599 2638 656 vel
2668 600 2720 654 in
2753 599 2888 669 ipsis
2912 597 3140 654 vocibus
3159 595 3377 650 sobrius
3405 603 3589 650 oste»-

2018 697 2186 751 ditur.
2231 693 2436 748 lndicat
2475 691 2640 746 etiam
2678 690 2872 744 anima:
2913 685 3390 756 tranquillitatem.
3443 686 3588 754 ipso-

2017 801 2249 857 rumque
2282 785 2570 840 verborum
2611 781 2885 849 decorem,
2915 779 3062 852 quod
3083 779 3150 836 de
3175 777 3270 834 illo
3297 777 3590 850 perhibea-

2021 889 2106 934 tur
2134 877 2417 949 aperuisse
2447 889 2531 931 os.

2021 1149 2090 1214 ν.
2126 1149 2179 1204 1.
2215 1148 2497 1220 Quousque
2525 1057 3083 1220 labfr‘i‘ofamxgcietis
3125 1151 3356 1204 animam
3382 1149 3591 1204 meam?

2087 1303 2555 1372 Quemadmodum
2608 1318 2837 1374 corpora
2882 1303 3070 1374 gravia
3108 1301 3359 1374 imposita
3385 1303 3590 1358 anima-

2018 1398 2151 1454 lium
2178 1397 2522 1467 corporibus,
2545 1398 2811 1468 gestantia
2839 1396 3269 1467 defatigant:sic
3302 1404 3430 1452 sunt
3464 1396 3588 1466 qui-

2019 1491 2142 1546 dam
2167 1504 2446 1546 sermones
2483 1505 2700 1560 graves,
2728 1505 2865 1560 quos
2899 1491 3130 1544 audiens
3154 1489 3280 1558 quis
3309 1487 3586 1556 fatigatur.

2021 1581 2304 1654 Tanquam
2338 1597 2368 1636 a
2417 1583 2632 1636 sarcina
2682 1596 3007 1652 oppressus,
3033 1581 3086 1635 vi
3133 1594 3446 1636 sermonum
3480 1594 3587 1633 non

2019 1677 2164 1733 male
2186 1690 2250 1730 ac
2274 1673 2519 1738 moleste,
2545 1672 2630 1726 vel
2656 1674 2723 1726 ad
2753 1672 3058 1728 convicium
3080 1671 3351 1727 dictorum
3376 1671 3444 1726 ab
3468 1671 3589 1724 aliis

345 1802 451 1839 νων
484 1782 584 1839 ὑπὸ
610 1781 719 1836 τῶν
759 1781 935 1836 ἄλλων
985 1781 1080 1835 δύο
1129 1781 1266 1852 μετὰ
1319 1778 1524 1833 Βαλδὰὸ
1567 1776 1918 1848 ἐληλυθότων,

2024 1769 2256 1834 duobus,
2288 1768 2380 1838 qui
2411 1781 2533 1823 cum
2558 1765 2800 1820 Baldado
2823 1775 3107 1832 venerant,
3127 1774 3384 1834 tanquam
3407 1763 3590 1819 oneris

344 1872 507 1926 οἱονεὶ
546 1871 765 1944 φορτίου
813 1869 1066 1940 αἴσθησις
1097 1868 1210 1941 (58)
1265 1867 1481 1940 βαρέος,
1529 1869 1559 1921 6
1615 1865 1733 1918 Ἰὼϐ
1785 1881 1916 1935 φησι

348 1962 540 2034 καμὼν
589 1965 658 2034 τῇ
710 1961 854 2033 ψυχῇ
911 1961 997 2031 ἐφ’
1057 1953 1142 2024 οἷς
1195 1961 1507 2032 εἰρήκασιν·
1559 1958 1709 2024 Ἕως
1753 1955 1920 2021 τινος

347 2053 603 2124 ἔγκοπον
621 2053 899 2120 ποιήσετε
922 2051 1134 2122 ψυχήν
1145 2070 1264 2121 μου
1279 2068 1377 2116 ;-
1390 2051 1500 2106 Καὶ
1521 2049 1649 2121 μετ’
1679 2049 1887 2120 ὀλίγον
1899 2063 1916 2080 ·

358 2146 520 2218 ὐρᾷς
564 2146 641 2209 ὡς
687 2143 1107 2216 προγέγραπται
1133 2143 1162 2195 6
1190 2142 1474 2214 Σαυχαίων
1510 2139 1787 2212 τύραννος.
1815 2138 1921 2191 Τυ-

349 2239 589 2312 ραννικοὶ
612 2237 774 2292 αὑτοῦ
800 2238 936 2291 εἰσιν
960 2238 1010 2289 οί
1037 2235 1205 2304 λόγοι,
1227 2234 1319 2299 οὓς
1352 2232 1591 2297 ἀκούσας
1607 2235 1636 2287 6
1675 2231 1814 2297 Ἰὼϐ,
1839 2231 1922 2286 λέ-

346 2331 582 2398 γει·”Εω
633 2329 798 2394 τίνος
815 2329 1072 2399 ἕγκοπον
1096 2325 1378 2393 ποιήσετε
1407 2324 1524 2395 τὴν
1537 2323 1750 2394 ψυχήν
1767 2339 1919 2394 μου;

348 2422 461 2492 Οὐχ
487 2419 658 2484 οὕτως
696 2420 1031 2474 καθικνεῖται
1060 2419 1238 2490 ψυχῆς
1274 2417 1558 2490 ἀνθρώπου
1595 2417 1722 2472 ἄλλο
1748 2435 1819 2480 τι,
1845 2415 1922 2480 ὡς

348 2513 505 2582 λόγος
551 2511 804 2584 σκληρός.
860 2511 1130 2574 Πολλάκις
1174 2510 1471 2580 ὑπομείνας
1514 2509 1612 2573 τὰς
1655 2508 1920 2580 βασάνους

349 2603 562 2674 σώματι
612 2602 1081 2676 προσφερομένας,
1119 2601 1312 2671 λόγους
1362 2602 1461 2672 οὐχ
1502 2600 1813 2672 ὑπέμεινεν.
1863 2599 1922 2652 Ὁ

351 2695 598 2767 μέντοιγε
619 2695 822 2759 τέλειος
847 2694 1107 2767 ἀθλητὴς,
1152 2695 1201 2748 εί
1235 2695 1327 2748 καὶ
1356 2694 1601 2764 κάμνων,
1637 2691 1754 2746 ἀλλ’
1786 2691 1922 2745 ὑπο-

349 2786 500 2858 μένει
534 2788 660 2852 τοὺς
700 2787 966 2858 χαλεποὺς
1000 2786 1210 2855 λόγους.
1245 2786 1443 2858 Ὕϐριν
1483 2786 1590 2858 γὰρ
1635 2785 1923 2855 ὑπομένειν

351 2880 587 2952 μεγάλου
617 2881 807 2954 ἀνδρός
831 2881 998 2934 ἐστιν.
1030 2879 1231 2952 Διόπερ
1269 2881 1328 2933 ἐν
1355 2881 1466 2946 τοῖς
1504 2875 1925 2950 ἀνδραγαθήμα-

352 2989 434 3026 σιν
456 2971 645 3026 ἑαυτοῦ
671 2974 700 3026 6
740 2972 1059 3037 Ἀπόστολος
1080 2973 1226 3041 λέγει
1245 2989 1261 3004 ο
1284 2971 1732 3040 Δοιδορούμενοι
1760 2970 1926 3023 εὐλο-

347 3063 588 3133 γοῦμεν,
637 3063 983 3134 διωκόμενοι
1038 3063 1402 3132 ἀνεχόμεθα,
1435 3059 1926 3130 δυσφημούμενοι

2017 1878 2181 1919 sensu
2234 1863 2439 1934 gravis,
2481 1861 2612 1916 dicit
2639 1859 2741 1915 .lob
2771 1859 3101 1932 defatigatus
3146 1860 3334 1914 animo
3363 1868 3590 1929 propter

2017 1972 2082 2013 ea
2115 1970 2234 2026 quae
2264 1956 2557 2012 dixerant:
2587 1956 2866 2025 Quousque
2888 1953 3205 2008 laboriosam
3240 1952 3444 2022 facietis
3471 1952 3590 2004 ani-

2017 2066 2158 2102 mam
2179 2051 2390 2105 meam?
2413 2077 2485 2089 —-
2514 2049 2583 2104 Et
2606 2063 2721 2120 post
2746 2064 2919 2118 pauca
2951 2061 2970 2100 :
3007 2045 3168 2101 Vides
3193 2043 3335 2114 quod
3379 2043 3586 2099 descri-

2018 2148 2146 2210 ptus
2193 2140 2359 2195 fuerit
2393 2139 2777 2206 Sauchaeorum
2805 2150 3088 2208 tyrannus.
3125 2136 3420 2209 Tyrannici
3462 2142 3590 2190 sunt

2019 2231 2136 2302 ejus
2168 2246 2468 2297 sermones,
2497 2247 2634 2302 quos
2672 2233 2898 2288 audiens
2925 2229 3027 2285 Job
3057 2231 3170 2284 ait:
3201 2229 3486 2298 Quousque
3514 2226 3592 2278 ta-

2021 2325 2281 2380 boriosam
2313 2325 2519 2394 facietis
2539 2325 2772 2379 animam
2804 2339 2972 2378 meam
2993 2323 3018 2376 7
3037 2321 3154 2378 Non
3183 2321 3258 2375 ita
3289 2318 3453 2375 allicit
3479 2319 3592 2373 ani-

2022 2429 2165 2470 mam
2199 2415 2435 2470 hominis
2464 2414 2608 2468 aliud
2633 2413 2788 2485 quid,
2819 2420 2877 2468 ut
2901 2428 3084 2469 sermo
3109 2412 3410 2482 praedurus.
3435 2409 3591 2480 Saepe

2022 2507 2113 2576 qui
2144 2507 2402 2561 sustinuit
2432 2515 2704 2561 tormenta
2740 2505 2958 2576 corpori
3006 2504 3282 2569 adhibita,
3308 2516 3591 2557 sermones

2021 2613 2130 2652 non
2163 2598 2442 2653 sustinuit.
2481 2597 2761 2654 Perfectus
2789 2607 2965 2652 tamen
2997 2596 3087 2652 hic
3118 2595 3347 2660 athleta,
3376 2595 3478 2650 etsi
3497 2594 3591 2648 de-

2023 2689 2301 2760 l'atigatus,
2339 2689 2571 2744 sustinet
2602 2689 2962 2745 nihilominus
2996 2688 3253 2743 molestos
3288 2699 3587 2742 sermones.

2023 2778 2413 2835 Contumeliam
2443 2780 2588 2834 enim
2613 2779 2860 2845 sufferre,
2881 2779 3058 2852 magni
3089 2788 3174 2835 est
3195 2778 3318 2833 viri.
3337 2775 3592 2846 Propter-

2023 2882 2086 2923 ea
2129 2868 2182 2922 in
2216 2869 2328 2924 suis
2358 2868 2652 2924 virtutibus
2685 2869 2980 2939 Apostolus
3012 2879 3264 2925 recenset
3289 2886 3302 2922 :
3325 2865 3590 2921 Couviciis
3626 2867 3642 2883 ⁶

2024 2959 2279 3024 lacessiti,
2315 2961 2666 3015 benedicimus
2687 2977 2707 3025 ;
2732 2962 3143 3024 persecutionem
3165 2961 3442 3029 patientes,
3470 2958 3593 3012 tole-

2026 3068 2244 3119 ramus;
2279 3053 2614 3123 blasphemiis
2643 3055 3297 3125 proscissi,deprecamur.
3317 3051 3588 3120 Tanquam

348 3152 830 3222 παρακαλοῦμεν.
882 3153 1109 3220 ’Ὠσπερ
1157 3149 1498 3220 καθάρματα
1535 3149 1642 3204 τοῦ
1687 3148 1920 3216 κόσμου

2021 3154 2370 3216 purgamenta
2394 3147 2576 3201 mundi
2603 3147 2774 3216 effecti
2803 3163 3005 3211 sumus,
3046 3147 3278 3200 omnium
3299 3145 3592 3214 peripsema

345 3243 733 3314 ἐγενήθημεν,
757 3243 997 3298 πάντων
1026 3243 1334 3313 περίψημα
1355 3242 1464 3308 ἕως
1484 3240 1630 3310 ἄρτι.
1657 3239 1770 3295 Καὶ⁸
1802 3240 1920 3311 μετ’

346 3333 526 3403 ὀλίγον
560 3335 722 3404 φησὶν
744 3330 882 3400 εἶτα,
903 3333 992 3388 διὰ
1009 3333 1090 3399 τὸ,
1124 3333 1270 3399 Ἕως
1290 3333 1454 3398 τίνος
1471 3333 1728 3402 ἕγκοστον
1749 3329 1921 3397 ποιήο

346 3441 486 3480 σετε
511 3426 722 3497 ψυχήν
746 3443 904 3497 μου;
946 3427 1142 3499 Ὁρᾷς;
1190 3424 1308 3479 Ἰὼϐ
1340 3425 1508 3490 ἐστιν,
1537 3416 1598 3477 οὗ
1634 3421 1813 3477 καὶτὸ
1842 3421 1922 3494 βι-

347 3519 495 3572 ϐλίον
524 3519 674 3573 οὐδὲν
728 3519 855 3574 ἄλλο
882 3519 1176 3593 ἐξαιρέτως
1207 3519 1450 3592 περιέχει
1494 3517 1528 3590 ἢ
1569 3517 1670 3589 τὴν
1700 3516 1920 3590 ἀνδρίαν

347 3609 512 3663 αὐτοῦ
562 3611 657 3664 καὶ
700 3610 799 3682 τὴν
856 3612 1154 3682 ὑπομονήν.
1223 3610 1362 3663 Ἀλλ’
1402 3611 1551 3682 ὅμως
1605 3608 1919 3663 αἰσθάνεται

345 3701 456 3756 τῶν
470 3701 756 3773 καμάτων,
786 3696 861 3755 ὧν
883 3705 1157 3774 κεκμήκει
1181 3701 1290 3755 άπὸ
1310 3699 1402 3755 τοῦ
1431 3700 1592 3770 λόγου
1629 3698 1723 3755 τοῦ
1750 3700 1918 3772 σκλη-

349 3792 446 3864 ροῦ
494 3794 602 3846 τῶν
649 3791 984 3864 ἐληλυθότων
1017 3792 1181 3846 αὐτὸν
1215 3793 1603 3864 ἐπισκοπῆσαι.

348 3884 458 3956 (59)
490 3884 638 3956 Στίχ.
669 3891 739 3954 γ’.
771 3882 1331 4024 Γνῶτειιὲόῖἓζῶἕτι
1364 3886 1398 3939 ό
1421 3885 1638 3954 Κύριος
1667 3885 1920 3957 ἐποίησέ

425 4045 493 4097 Ἀ
522 4042 744 4115 βλέπετε
768 4043 898 4116 περὶ
921 4043 1043 4115 ἐμὲ,
1082 4043 1156 4114 μὴ
1181 4042 1442 4114 νομίσητε
1473 4041 1696 4098 ἄλλοθεν
1728 4044 1920 4118 ἐληλυ-

352 4127 500 4182 θέναι
535 4150 622 4203 μοι
649 4132 684 4204 ἢ
715 4132 824 4186 ἀπὸ
845 4131 936 4186 τοῦ
963 4131 1118 4188 Θεοῦ.
1159 4131 1437 4203 Φοϐήθητε
1468 4131 1666 4185 τοίνυν.
1723 4132 1783 4186 Ὅ
1813 4134 1919 4206 γὰρ

351 4218 476 4289 ἐμοὶ
502 4223 670 4276 ταῦτα
694 4223 914 4291 ἐπάγων
941 4222 1164 4276 δύναται
1196 4221 1293 4275 καὶ
1321 4220 1450 4291 ὑμῖν
1472 4221 1793 4289 ἐπαγαγεῖν.

352 4310 501 4378 Στίχ.
531 4310 600 4380 γ’.
627 4313 1023 4370 Καταλαλεῖτέ
1044 4330 1163 4384 μου
1182 4330 1196 4344 ·
1227 4314 1338 4367 οὐκ
1369 4312 1797 4382 αἰσχυνόμενοι
1819 4329 1917 4383 με,

911 4384 1214 4439 ἐπίκεισθέ
1236 4401 1360 4453 μοι.

2020 3255 2182 3310 usque
2204 3241 2359 3294 modo
2387 3240 2458 3294 ⁵⁸.
2485 3240 2553 3295 Et
2583 3240 2744 3311 paulo
2767 3253 2888 3311 post
2910 3239 3170 3310 deinceps
3193 3239 3345 3305 dicit,
3373 3247 3594 3307 propter

2021 3331 2149 3387 illud
2177 3348 2193 3386 :
2231 3330 2508 3402 Usquequo
2537 3330 2855 3386 laboriosam
2889 3330 3092 3399 facietis
3123 3331 3352 3384 animam
3382 3343 3548 3382 meam
3568 3329 3595 3383 ?

2027 3421 2256 3478 Viden’?
2280 3421 2378 3478 Job
2405 3431 2490 3478 est
2515 3439 2530 3479 τ
2551 3423 2706 3494 cujus
2729 3423 2890 3478 etiam
2907 3422 3042 3477 liber
3061 3420 3195 3476 nihil
3227 3419 3373 3474 aliud
3403 3419 3594 3490 prmci-

2019 3529 2124 3586 pue
2171 3515 2434 3584 continet,
2483 3529 2648 3584 quam
2698 3513 2869 3571 robur
2911 3524 2968 3569 et
3013 3512 3354 3569 tolerantiam
3424 3509 3589 3567 illius.

2018 3589 2388 3663 Nihilominus
2415 3606 2582 3663 sentit
2604 3606 2843 3672 labores,
2873 3605 3069 3676 quibus
3093 3603 3434 3661 laboraverat
3457 3617 3589 3672 pro-

2019 3702 2141 3766 pter
2185 3695 2382 3750 durum
2417 3709 2724 3752 sermonem
2753 3709 2974 3762 eorum,
3000 3693 3092 3766 qui
3125 3701 3388 3750 venerant
3413 3693 3481 3748 ad
3511 3693 3596 3748 in-

2018 3785 2300 3843 visendum
2327 3787 2498 3842 illum.

2019 3877 2086 3933 ν.
2112 3879 2165 3932 5.
2197 3878 2473 3949 Agnoscite
2489 3882 2772 3949 duntaxat,
2794 3880 2934 3952 quod
2957 3878 3217 3934 Dominus
3242 3879 3366 3949 fecit
3391 3895 3472 3934 me
3495 3879 3591 3934 sic.

2090 4057 2222 4126 Quae
2263 4060 2409 4115 circa
2452 4074 2542 4115 me
2592 4061 2840 4127 cernitis,
2886 4075 2956 4117 ne
3009 4062 3334 4132 putaveritis
3377 4061 3593 4118 aliunde

2019 4150 2266 4206 evenisse
2290 4149 2445 4217 mihi,
2469 4166 2632 4221 quam
2660 4167 2692 4206 a
2719 4153 2852 4208 Deo.
2891 4151 3114 4207 Metuite
3134 4159 3284 4222 ergo.
3316 4153 3420 4220 Qui
3447 4154 3594 4208 enim

2021 4241 2154 4295 mihi
2184 4241 2372 4296 istltaac
2394 4242 2633 4310 adducit,
2664 4253 2843 4313 potest
2877 4251 2932 4298 et
2961 4243 3118 4298 vobis
3142 4244 3429 4298 adducere.

2024 4328 2088 4385 V.
2106 4330 2162 4386 3.
2185 4327 2545 4398 Obloquimini
2569 4333 2634 4388 de
2659 4349 2742 4387 me
2762 4348 2781 4387 :
2797 4349 2924 4457 Oxon,
2939 4333 3145 4388 reveriti
3171 4349 3273 4400 me,
3294 4331 3594 4386 incumbitis

2734 4419 2806 4456 mt
2850 4421 2886 4457 ι.
2987 4418 2990 4421 ·

2734 4418 2886 4457 ηιυιι.
2987 4418 2990 4421 ’

423 4471 536 4543 (40)
567 4469 834 4539 Πολλάκις
870 4477 966 4530 καὶ
1011 4475 1307 4531 καταλαλεῖ
1340 4492 1425 4539 τις
1475 4474 1661 4538 κακῶς
1721 4473 1910 4528 ποιῶν.

2087 4491 2242 4563 Saepe
2261 4500 2317 4548 et
2337 4491 2651 4563 obloquitur
2677 4494 2802 4565 quis
2839 4509 3120 4566 perperam
3148 4508 3336 4564 agens.
3369 4493 3597 4561 Quando

353 4563 482 4616 Ὅτε
515 4564 583 4619 ἂν
625 4565 684 4619 δὲ
729 4568 830 4622 οὐκ
873 4568 1276 4642 ἁπερυθριάσῃ,
1329 4569 1410 4632 είς
1453 4567 1744 4639 πρόσωπον
1773 4566 1920 4636 λέγει

349 4659 565 4730 ἐκείνῳ,
585 4660 706 4731 οὐχ),
739 4661 994 4733 ἐλέγχων,
1027 4663 1150 4717 οὐδὲ
1173 4660 1382 4733 τάληθῆ
1409 4659 1604 4729 λέγων,
1633 4659 1747 4714 ἀλλ’
1779 4659 1920 4714 ὀνει-

349 4753 510 4819 δίζων
561 4755 659 4808 καὶ
700 4754 953 4827 ὑϐρίζων.
993 4757 1120 4822 Τοῖς
1170 4755 1280 4829 γὰρ
1322 4756 1428 4810 ὑπὸ
1463 4753 1600 4809 Θεοῦ
1644 4772 1919 4828 τιμωρου-

354 4843 535 4913 μένοις
582 4843 931 4915 ἐπεμϐαίνειν
973 4845 1034 4900 οὺ
1078 4845 1204 4918 χρὴ,
1251 4845 1386 4900 ἀλλὰ.
1435 4844 1656 4918 θρηνεῖν
1701 4845 1794 4899 καὶ
1825 4861 1922 4916 φο-

350 4931 579 4986 ϐεῖσθαι.

350 5021 461 5091 (41)
478 5021 626 5145 Στίχ.
656 5019 697 5075 δ’
704 5063 718 5077 .
744 5023 856 5078 Ναὶ
975 5023 1069 5077 ἐπ’
1101 5024 1389 5112 ἀληθείας
1406 5025 1523 5097 ἐγὼ
1546 5024 1919 5106 ἐπλανήθην,

417 5105 539 5145 :zao
613 5092 710 5145 uol
735 5093 803 5145 δὲ
828 5093 1124 5145 αυλίᾰςται
1149 5100 1380 5145 πλανοι·
1399 5113 1414 5126 ·
1444 5099 1712 5145 Minoas
1737 5097 1919 5145 ὸιηιια-

417 5092 803 5217 ἓτιὲῗκέιέἕὲιϐὲ
828 5093 1124 5156 αὐλίζεται
1149 5092 1380 5163 πλάνος
1399 5113 1414 5126 ·
1444 5092 1712 5165 ζλαλῆσαι
1729 5092 1919 5168 ῥῆμα,

418 5250 553 5308 Εἶτά
580 5270 744 5325 φησιν
774 5253 895 5308 καθ’
939 5252 1194 5312 ὑπόθεσιν
1211 5271 1230 5290 ο
1274 5255 1434 5329 Ὑμῖν
1457 5257 1673 5329 δίδωμι,
1698 5257 1776 5323 ὡς
1801 5259 1923 5314 ὑπο-

420 5369 466 5403 ⁸⁶
489 5367 506 5424 l
533 5371 658 5426 Cor.
689 5385 763 5438 tv,
797 5369 886 5436 12,
925 5373 1015 5429 15.

420 5504 535 5586 (ᾷὸ)
564 5504 709 5586 Nibil
737 5505 1000 5586 deinceps
1021 5521 1087 5564 ex
1139 5511 1243 5586 hoc
1295 5509 1544 5586 Naniano
1587 5512 1775 5586 codice
1831 5516 1921 5571 de-

355 5576 821 5657 scriptumjnveni
844 5616 860 5642 ,
898 5576 1001 5632 nisi
1040 5581 1288 5647 quaedam
1345 5582 1408 5657 in
1436 5580 1657 5638 Venetis
1697 5594 1918 5641 exstan—

356 5652 601 5730 tia,_q‘uzg
624 5652 677 5700 in
707 5660 771 5730 eo
793 5663 1012 5730 quoque
1033 5664 1332 5730 occurrere
1349 5653 1634 5730 dicuntur.

425 5715 637 5793 ς’ὄϐλξς
672 5715 852 5793 utroﬂ.
879 5715 1222 5793 codLVenet.
1251 5751 1319 5761 —
1343 5722 1563 5780 Confer.
1615 5732 1744 5781 tom.
1796 5723 1910 5793 XII,

355 5781 459 5836 col.
500 5785 656 5842 1032.
679 5815 751 5830 -
781 5781 938 5844 Eutr.
988 5787 1159 5846 Pun.
1432 5819 1434 5822 ν

2027 4593 2343 4640 autemnon
2374 4587 2673 4652 erubescit,
2706 4588 2761 4642 in
2797 4586 2991 4644 faciem
3017 4587 3148 4643 dicit
3177 4586 3276 4651 illi,
3303 4601 3411 4643 non
3438 4587 3596 4640 evin-

2027 4689 2177 4744 cens,
2214 4691 2389 4748 neque
2437 4692 2568 4734 vere
2613 4677 2864 4748 loquens,
2891 4680 2988 4735 sed
3040 4679 3308 4734 conviciis
3352 4687 3510 4733 utens
3541 4685 3598 4732 et

2025 4769 2390 4826 contumeliis.
2417 4767 2534 4825 Non
2580 4772 2726 4825 enim
2763 4785 2793 4825 a
2821 4771 2932 4826 Deo
2959 4769 3177 4826 aﬂlictis
3226 4768 3595 4825 insultandum

2027 4869 2130 4929 est,
2158 4861 2252 4918 sed
2276 4862 2681 4919 lamentantium
2709 4863 2890 4934 pctius
2914 4873 2973 4920 et
2995 4863 3365 4920 metuendum.

2031 5032 2094 5088 ν.
2121 5034 2177 5090 4.
2220 5033 2486 5109 Ntesane
2529 5053 2586 5090 ιη
2635 5039 2854 5109 veritate
2899 5053 2994 5109 ego
3040 5038 3306 5102 aberraui,
3337 5039 3476 5106 apud
3513 5053 3595 5092 me

2098 5116 2274 5229 qeubteqn
2311 5107 2450 5178 degit
2496 5123 2612 5162 erro
2652 5123 2672 5162 :
2710 5108 2853 5180 loqui
2883 5107 3096 5164 uerbum
3130 5111 3270 5180 quod
3303 5125 3408 5163 non
3439 5124 3595 5178 opor-

2186 5194 2216 5229 a
2246 5217 2259 5229 .

2123 5192 2259 5230 εοαι.

2095 5265 2303 5328 Deinde
2333 5271 2468 5330 dicit
2503 5287 2574 5331 ex
2621 5273 2910 5347 hypotbesi
2935 5293 2954 5334 :
2981 5274 3235 5332 Concedo
3262 5271 3416 5329 vobis
3448 5270 3594 5344 quod

2099 5519 2214 5591 (377)
2235 5519 2368 5591 god.
2400 5519 3168 5591 XXI,ﬁXX'8tﬂ6V€t5tﬂtXt3;
3199 5520 3294 5575 καὶ
3317 5512 3590 5591 χαλεπῶς·

2093 5589 2209 5661 (58)
2237 5589 2396 5661 Forte
2429 5589 2698 5661 αἰσθήσει.

2117 5659 2209 5716 39)
2249 5659 2388 5713 Idem
2421 5661 2474 5713 in
2513 5659 2743 5716 uti-onue
2787 5661 2906 5716 cod.

2091 5661 2209 5799 (59)
2249 5661 2388 5713 Idem
2421 5661 2474 5713 in
2513 5674 2743 5787 utr0t§te
2787 5661 2906 5716 cod.

2118 5729 2187 5784 ιο
2240 5727 2460 5799 Confer.
2496 5741 2629 5786 tom.
2705 5729 2773 5799 ll,
2801 5732 2906 5790 col.
2935 5730 3094 5788 1054.

2090 5798 2202 5866 (41)
2231 5798 2363 5856 Cod.
2389 5811 2638 5865 uterque.
