4186 6392
415 396 492 461 ’Π
1613 398 2156 462 ENARRATIONES
2193 409 2260 462 IN
2300 405 2442 464 JOB.
3612 412 3679 465 ττι

419 545 548 586 κασι
603 526 974 594 πλουτοῦντες,
1010 527 1104 582 καί
1164 527 1251 581 ἀεὶ
1295 525 1385 580 τὸν
1438 526 1664 580 πλοῦτον
1719 527 1964 591 αὔξοντες

2070 529 2488 598 ,ἱιηρθῐιᾱοι-ιιηι
2536 528 2887 593 ditescentes,
2946 539 3272 600 semperqne
3323 530 3542 586 divitias
3585 545 3685 587 au-

558 708 704 779 Στίχ.
733 707 799 779 η’.
840 709 894 759 Ὁ
943 709 1170 776 σπόρος
1207 706 1405 761 αὐτῶν
1427 689 1597 761 ’κατὰ
1621 709 1852 778 ψυχήν.

479 799 594 853 ’Τοῦ
648 801 747 871 μὲν
777 799 987 854 δικαίου
1036 803 1065 853 ὁ
1123 801 1516 872 σπόρος’κατὰ
1571 799 1790 870 πνεῦμά
1844 803 1988 854 ἑστι·

415 885 651 959 Σπείρει
683 890 790 964 γάρ
821 894 907 958 εἰς
936 890 1004 944 τὸ
1030 890 1286 960 πνεῦμα,
1318 891 1413 944 καί
1434 891 1502 943 ἐκ
1528 891 1634 946 τοῦ
1660 896 1996 961 πνεύματος

415 981 620 1051 θερίζει
640 982 794 1052 ζωὴν
810 981 1089 1036 αἰώνιον-ο
1123 983 1232 1035 τῶν
1266 983 1322 1035 δὲ
1353 983 1630 1047 τοιούτων,
1665 983 1788 1036 ἐπεὶ
1814 987 1994 1052 ψυχι-

413 1073 522 1139 κὸς
545 1072 857 1142 ἅνθρωπος
878 1073 950 1126 οὐ
970 1070 1205 1140 δέχεται
1234 1073 1305 1124 τὰ
1337 1071 1442 1124 τοῦ
1469 1072 1806 1139 πνεύματος
1829 1089 1840 1099 ·
1877 1089 1995 1140 μω-

405 1164 512 1232 ρία
534 1166 644 1233 γὰρ
669 1161 830 1229 αὐτῷ
860 1163 1031 1217 ἐστιν
1047 1181 1058 1191 ·
1086 1165 1114 1215 ὁ
1141 1163 1414 1234 σπόροςού
1442 1161 1584 1216 κατὰ
1605 1160 1842 1232 πνεῦμα,
1858 1162 1994 1217 ἀλλὰ

390 1255 556 1310 ’κατὰ
580 1255 779 1326 ψυχὴν,
811 1254 872 1307 τὺ
899 1254 1306 1324 ὑποδεέστερον.

521 1345 669 1416 Στίχ.
699 1352 767 1415 η’.
801 1343 878 1398 Τὰ
901 1343 970 1399 δὲ
997 1345 1175 1398 τέκνα
1201 1343 1399 1399 αὐτῶν
1430 1347 1499 1398 ἑν
1530 1347 1876 1416 ὀφθαλμοῖς.

485 1437 670 1491 Πάντα
695 1439 797 1491 ὅσα
829 1437 1070 1490 ποιοῦσιν
1090 1477 1104 1499 ,
1142 1437 1290 1504 πρὸς
1321 1437 1386 1490 τὸ
1415 1437 1692 1505 θεαθῆναι
1718 1441 1834 1493 ὑπὸ
1867 1441 1986 1495 τῶν

415 1526 738 1596 ἀνθρώπων
761 1525 993 1580 ποιοῦσι.
1019 1526 1193 1580 Τέκνα
1218 1526 1325 1598 γὰρ
1344 1527 1410 1580 τὰ
1440 1527 1573 1596 ἔργα
1600 1530 1844 1585 ἑκάστου.
1870 1530 1983 1583 Οὐκ

413 1620 530 1673 ἔστι
559 1619 726 1674 τέκνα
761 1617 872 1672 τῶν
907 1617 1226 1690 ἑτεροδόξων
1267 1621 1325 1672 ὲν
1355 1620 1570 1692 καρδίᾳ,
1607 1623 1665 1673 ἑν
1706 1622 1982 1693 λογισμοῖς

410 1708 660 1779 ἀγαθοῖς,
692 1710 805 1764 ἀλλ’
835 1711 894 1763 ἑν
917 1708 1244 1779 ὀφθαλμοῖς,
1275 1711 1424 1780 πρὸς
1453 1714 1519 1765 τὸ
1552 1713 1831 1782 θεαθῆναι
1861 1718 1979 1770 ὑπὸ

414 1803 534 1858 τῶν
566 1803 908 1871 ἀνθρώπων.

548 1893 661 1968 (65)
691 1897 837 1967 Στίχ.
870 1897 935 1950 θ’.
969 1899 1036 1950 οι
1064 1893 1213 1958 οἶκοι
1241 1898 1438 1952 αὐτῶν
1459 1897 1841 1965 ε’ὺθηνοῦσιν.

488 1987 600 2044 Ὅτ’
634 1987 700 2040 ἂν
745 1987 990 2059 εἰσέλθῃς
1034 1987 1113 2050 εἰς
1160 1987 1478 2058 συναγωγὴν
1517 1987 1838 2057 αἰρετικῶν,
1886 1988 1978 2040 καὶ

413 2080 529 2152 ἴδῃς
557 2082 672 2134 ἐκεῖ
713 2079 914 2152 πλῆθος
955 2081 1355 2149 συναγομένων,
1392 2078 1575 2149 βλέπε,
1619 2081 1698 2132 ὅτι
1742 2084 1796 2132 ol
1827 2076 1978 2134 οἶκοι

405 2171 608 2226 αὐτῶν
637 2172 1026 2240 εὐθηνοῦσιν.

607 2243 619 2252 “
754 2258 901 2330 Στίχ.
927 2259 995 2314 θ’.
1031 2259 1218 2326 Φόϐος
1249 2259 1318 2313 δὲ
1338 2260 1625 2330 οὐδαμοῦ.

478 2346 705 2416 Ἀφοϐοί
759 2349 920 2404 εἰσιν.
957 2350 1032 2402 Οὐ
1082 2350 1372 2419 φοϐοῦνται
1399 2351 1490 2405 τὸν
1519 2351 1672 2415 Θεὸν,
1707 2339 1978 2421 καταφρο-

400 2439 550 2494 νοῦσι
584 2443 684 2513 τῆς
723 2442 986 2514 Θεότητος
1013 2462 1026 2475 ·
1059 2444 1284 2499 τοιαῦτα
1310 2446 1558 2515 λέγοντες
1586 2447 1712 2518 περὶ
1743 2445 1895 2509 Θεοῦ,
1912 2448 1974 2501 οῦ

400 2532 713 2600 φοϐοῦνται,
753 2534 835 2587 ὅτι
871 2536 1002 2608 περὶ
1027 2536 1162 2591 Θεοῦ
1197 2537 1469 2592 λαλοῦσιν.

371 2624 550 2696 ’Στίχ.
587 2625 651 2678 θ’.
684 2625 921 2692 Μάστιξ
951 2626 1019 2680 δὲ
1067 2628 1484 2717 παρὰαΚυρίου
1525 2631 1635 2683 οὐκ
1667 2627 1841 2682 ἐστιν
1883 2625 1973 2676 ἐπ’

1076 2717 1300 2765 αυτοις.

471 2787 582 2843 T06
636 2789 846 2844 αὐτοῦ.
887 2790 1012 2845 Ἐὰν
1062 2789 1178 2864 ἴδῃς
1226 2789 1511 2862 ἄνθρωπον
1570 2792 1792 2846 τοιαῦτα
1837 2788 1979 2842 κατὰ

393 2877 532 2932 Θεοῦ
562 2880 844 2947 λαλοῦντα,
880 2882 1191 2952 ὑγιαίνοντα
1220 2882 1299 2954 τῷ
1337 2881 1569 2954 σώματι,
1597 2885 1974 2954 βλέποντα,τὰ

365 2991 370 2994 ·
393 2970 730 3045 αἰσθητήρια
762 2973 1024 3042 σώζοντα,
1053 2975 1147 3028 καὶ
1166 2974 1426 3030 δοκοῦντα
1459 2976 1628 3030 ἑνίοτε
1651 2978 1746 3031 καὶ
1773 2980 1831 3032 ἑν
1857 2980 1979 3040 τοῖς

394 3069 680 3136 κοσμικοῖς
707 3069 982 3139 εὐτυχεῖν·
1010 3069 1135 3140 ὅρα,
1169 3069 1250 3120 ὅτι
1277 3068 1633 3140 πεπλήρωται
1680 3071 1767 3123 ἐπ’
1806 3070 1971 3124 αὑτοῦ

391 3158 623 3224 ἀσεϐοῦς
665 3160 816 3225 ὄντος
849 3161 946 3216 τό·
1002 3162 1239 3227 Μάστιξ
1289 3161 1358 3215 δὲ
1386 3161 1546 3230 παρὰ
1598 3163 1818 3230 Κυρίου
1856 3163 1969 3217 οὐκ

394 3248 571 3306 ἔστιν
596 3254 690 3306 ἐπ’
723 3254 954 3321 αὐτοῖς.

527 3348 675 3420 Στίχ.
715 3347 768 3401 ι’.
807 3349 871 3407 Ἡ
903 3349 1064 3416 ,ϐοῦς
1101 3350 1299 3405 αὐτῶν
1321 3353 1433 3404 οὐκ
1463 3349 1826 3420 ὠμοτόκησε.

468 3439 580 3493 Τοῦ
637 3441 842 3496 αὑτοῦ.
887 3443 944 3494 ὐ
995 3442 1121 3513 βοῦς
1167 3442 1308 3507 ζῶόν
1349 3445 1470 3496 ἑστι
1516 3443 1840 3515 γεωργικὸν,
1877 3445 1971 3497 καὶ

385 3531 680 3601 συμπνέων
713 3536 795 3597 εἰς
817 3536 1113 3606 γεωργίαν.
1133 3536 1243 3590 Καὶ
1269 3537 1422 3589 αὐτοί
1441 3533 1762 3606 γεωργοῦσι.
1797 3536 1971 3607 Γεωρ-

385 3618 544 3686 γοῦσι
589 3620 646 3674 δὲ
683 3621 891 3694 Σόδομα
943 3623 1038 3676 καὶ
1084 3623 1359 3694 Γόμορρα,
1395 3623 1732 3696 γεωργοῦσιν
1763 3625 1970 3692 Αἴγυπ-

382 3726 498 3763 τον.
545 3711 786 3777 Ἡβοῦς
842 3713 1045 3766 αὐτῶν
1090 3713 1204 3766 οὐκ
1236 3712 1652 3781 ὠμοτόκησεν·
1693 3713 1830 3768 ἀλλὰ
1872 3718 1966 3768 καὶ

386 3797 526 3866 αὐτὴ
551 3799 852 3871 ἀπεκύησε,
877 3801 972 3855 καὶ
1000 3800 1258 3871 ἐγέννησε
1287 3799 1495 3866 τέκνον,
1532 3803 1619 3856 ἵνα
1653 3804 1962 3874 γεωργῆται

382 3887 568 3943 αὐτῶν
591 3891 624 3960 ἡ
652 3891 862 3961 πονηρὰ
900 3891 993 3963 γῆ.

383 3973 538 4045 Στίχ.
572 3973 624 4030 ι’.
647 3977 906 4047 Διεσώθη
939 3979 1007 4032 δὲ
1034 3979 1232 4035 αὐτῶν
1249 3981 1319 4034 ἐν
1351 3981 1562 4051 γαστρί
1589 3981 1838 4051 ἔχουσα,
1863 3985 1958 4037 καὶ

945 4052 1055 4104 οὐκ
1097 4051 1388 4130 ἔσφηλεν.

454 4137 594 4190 Ὅσα
626 4139 1082 4212 συλλαμϐάνουσι,
1112 4143 1286 4198 ταῦτα
1318 4145 1412 4197 καὶ
1453 4143 1693 4208 κύουσιν,
1723 4146 1823 4198 οὐκ
1851 4146 1958 4198 ἀπὸ

379 4226 473 4281 τοῦ
505 4229 670 4298 φόϐου
708 4231 842 4285 Θεοῦ
875 4233 1368 4307 συλλαμϐάνοντες,
1420 4236 1533 4289 ἀλλ’
1561 4237 1669 4291 ἀπὸ
1713 4237 1811 4308 τῆς
1860 4253 1957 4290 κα-

379 4322 523 4386 κίας.
566 4325 709 4380 Ἰδοὺ
749 4326 1053 4398 ὠδίνησεν
1097 4331 1356 4397 ἀδικίαν,
1399 4331 1698 4387 συνέλαϐε
1743 4317 1950 4398 πόνον,

378 4417 474 4469 καὶ
501 4416 706 4473 ἔτεκεν
731 4421 1008 4492 ἀνομίαν.

443 4509 588 4585 Στίχ.
620 4514 708 4570 ια’.
735 4518 1001 4572 Μένουσι
1023 4518 1092 4572 δὲ
1125 4517 1328 4589 ὥσπερ
1354 4522 1618 4590 πρόϐατα
1652 4519 1878 4576 αἰώνια.

2097 630 2306 691 gentes.
2369 633 2374 636 '

2256 712 2321 766 V.
2361 714 2414 769 8.
2447 713 2704 769 Sementis
2737 729 2918 767 eorum
2944 715 3231 768 secundum
3260 703 3516 772 animam.

2166 803 2304 860 Justi
2331 805 2551 875 quidem
2601 807 2863 862 sementis
2915 816 3001 862 est
3045 807 3345 862 secundum
3397 808 3674 878 spiritum.

2097 895 2333 952 Seminat
2374 901 2520 955 enim
2550 901 2610 953 in
2637 900 2910 968 spiritum,
2939 910 2987 953 et
3019 916 3086 954 ex
3111 901 3304 969 spiritu
3332 902 3481 955 metit
3510 902 3678 956 vitam

2093 1003 2346 1046 wternam
2370 993 2435 1046 “.
2463 993 2696 1049 Istorum
2740 1009 2893 1058 vero,
2925 993 3053 1064 quia
3090 991 3339 1047 animalis
3373 993 3528 1048 homo
3569 1010 3678 1048 non

2092 1086 2311 1155 suscipit
2341 1103 2456 1157 qua;
2489 1095 2608 1140 sunt
2637 1087 2855 1156 spiritus
2901 1085 3172 1150 ;stultitia
3191 1095 3268 1140 est
3301 1085 3438 1138 enim
3468 1087 3569 1155 ipsi
3584 1084 3628 1116 ⁸⁵
3659 1100 3673 1148 ;

2092 1177 2354 1232 sementis
2384 1192 2489 1234 non
2535 1187 2620 1234 est
2662 1178 2960 1234 secundum
3007 1178 3284 1248 spiritum,
3334 1178 3432 1232 sed
3478 1191 3674 1232 secun-

2083 1268 2218 1324 dum
2249 1272 2508 1339 animam,
2549 1273 2695 1342 quod
2727 1272 2950 1342 sequius
2977 1272 3232 1341 quiddam
3266 1281 3369 1327 est.

2347 1363 2414 1418 V.
2441 1362 2494 1418 8.
2526 1361 2658 1417 Filii
2701 1373 2877 1418 autem
2916 1379 3099 1418 eorum
3122 1363 3175 1416 in
3206 1361 3393 1416 oculis.

2158 1457 2509 1527 Quaecunque
2539 1456 2770 1521 faciunt,
2801 1455 3008 1511 faciunt
3033 1465 3090 1509 ut
3113 1456 3391 1510 rideantur
3412 1454 3477 1508 ab
3501 1453 3672 1508 homi-

2088 1550 2242 1605 nibus
2261 1550 2326 1605 ⁶⁶.
2353 1549 2478 1604 Filii
2504 1564 2666 1620 porro
2697 1558 2826 1604 sunt
2887 1564 3051 1618 Opera
3083 1547 3367 1619 cujusque.
3402 1547 3518 1601 Non
3542 1553 3673 1602 sunt

2087 1643 2184 1697 ﬁlii
2218 1642 2675 1697 heterodoxorum
2712 1643 2765 1696 in
2790 1643 2975 1706 corde,
3026 1642 3079 1696 in
3109 1642 3436 1713 cogitatibus
3468 1639 3668 1709 bouis;

2086 1735 2180 1791 sed
2209 1736 2262 1789 in
2293 1733 2489 1801 oculis,
2514 1742 2570 1787 ut
2597 1734 2874 1789 videantur
2901 1734 2966 1787 ab
2989 1733 3316 1789 hominibus.

2434 1892 2500 1948 ν.
2530 1893 2585 1949 9.
2618 1892 2818 1946 Domus
2847 1907 3028 1946 eorum
3061 1891 3312 1962 gliscunt.

2154 1985 2213 2042 Si
2238 1985 2564 2058 ingrediaris
2598 1999 2928 2056 synagogam
2957 1982 3362 2044 haereticorum,
3397 1988 3454 2035 et
3474 1977 3666 2036 videas

2078 2079 2154 2136 ibi
2187 2079 2594 2134 multitudinem
2625 2084 3122 2146 congregatorum;
3155 2072 3361 2141 aspice,
3397 2070 3522 2139 quia
3564 2068 3664 2124 do-

2078 2186 2197 2225 mus
2220 2185 2405 2225 eorum
2425 2169 2676 2238 gliscunt.

2459 2261 2524 2317 V.
2555 2261 2609 2316 9.
2639 2258 2823 2313 Timor
2849 2272 2967 2312 vero
3009 2255 3280 2324 nuspiam.

2151 2351 2284 2408 Sine
2321 2352 2517 2408 timore
2548 2359 2698 2408 sunt.
2726 2349 2842 2405 Non
2876 2349 3069 2404 timent
3092 2345 3284 2413 Deum,
3307 2352 3662 2400 contemnunt

2079 2444 2429 2501 Divinitatem
2458 2461 2473 2509 ;
2507 2444 2622 2498 haec
2642 2441 2886 2498 dicentes
2913 2441 2979 2496 de
3004 2439 3138 2508 Deo,
3163 2453 3272 2494 non
3300 2437 3488 2492 timent
3514 2435 3660 2506 quod

2078 2539 2144 2593 de
2174 2538 2286 2594 Deo
2317 2537 2630 2609 loquuntur.
2665 2601 2684 2626 ι

2078 2630 2144 2685 ν.
2180 2631 2233 2687 9.
2262 2629 2562 2702 Flagellum
2582 2621 2754 2684 autem
2775 2645 2807 2682 a
2832 2627 3054 2682 Domino
3085 2641 3188 2679 non
3215 2631 3293 2678 est
3321 2637 3476 2692 super
3494 2621 3650 2690 ipsos.

2150 2765 2426 2836 Ejusdem.
2466 2763 2524 2819 Si
2555 2764 2740 2820 videas
2789 2762 3068 2818 hominem
3101 2757 3229 2814 talia
3259 2767 3449 2812 contra
3482 2755 3648 2810 Deum

2076 2857 2409 2926 loquentem,
2467 2872 2659 2912 sanum
2698 2869 2946 2925 corpore,
2984 2855 3102 2908 acie
3143 2850 3430 2922 praeditum
3465 2847 3653 2903 oculo-

2076 2966 2216 3018 rum,
2251 2950 2502 3006 sensibus
2554 2949 2851 3014 valentem,
2897 2947 2989 3016 qui
3042 2946 3292 3000 videatur
3325 2941 3654 3013 quandoque

2074 3045 2237 3100 etiam
2272 3045 2324 3098 in
2357 3045 2647 3100 mundanis
2674 3045 2835 3099 rebus
2883 3055 3142 3111 prospere
3178 3053 3360 3110 agere,
3406 3035 3652 3100 attende.

2075 3138 2350 3207 impletum
2380 3138 2547 3193 fuisse
2574 3140 2626 3191 in
2658 3151 2724 3192 eo
2751 3137 2949 3206 quippe
2974 3135 3158 3204 impio,
3182 3130 3452 3203 ﬂagellum
3479 3140 3651 3184 autem

1999 3239 2041 3296 C
2075 3247 2106 3283 a
2133 3229 2357 3285 Domino
2387 3247 2490 3284 non
2523 3241 2596 3284 est
2627 3246 2784 3299 super
2816 3232 2976 3297 ipsos.

2218 3323 2281 3378 ν.
2312 3321 2397 3375 10.
2435 3321 2606 3377 Vacca
2641 3337 2822 3376 eorum
2845 3322 3125 3374 immature
3148 3334 3252 3372 non
3287 3317 3505 3386 peperit.

2146 3411 2422 3482 Ejusdem.
2455 3413 2560 3468 Bos
2596 3411 2799 3466 animal
2842 3421 2928 3466 est
2956 3409 3200 3466 colendae
3246 3416 3405 3462 terra:
3437 3415 3648 3474 aptum,

2072 3507 2323 3575 quodque
2349 3505 2402 3559 in
2435 3503 2822 3575 agriculturam
2855 3502 3156 3572 conspirat.
3203 3501 3270 3555 Et
3309 3498 3413 3568 ipsi
3445 3507 3646 3552 terram

2070 3598 2258 3653 colunt
2295 3615 2310 3651 :
2341 3598 2439 3654 sed
2485 3597 2671 3652 colunt
2719 3596 2956 3651 Sodoma
3001 3603 3055 3650 et
3089 3593 3419 3658 Gomorrha,
3463 3591 3648 3646 colunt

2068 3687 2381 3762 Egyptum.
2427 3686 2595 3743 Vacca
2625 3705 2808 3743 eorum
2830 3689 3111 3742 immature
3150 3703 3252 3740 non
3280 3685 3476 3754 peperit
3501 3697 3521 3736 .‘
3551 3686 3645 3738 sed

2067 3790 2121 3834 et
2159 3782 2272 3850 ipsa
2303 3779 2550 3848 concepit
2584 3789 2640 3833 et
2670 3779 2876 3850 peperit
2907 3778 3100 3843 filium,
3131 3788 3190 3831 ut
3217 3777 3426 3831 colatur
3455 3789 3643 3830 eorum

2064 3873 2302 3944 maligna
2345 3873 2523 3929 tellus.

2067 3963 2130 4015 ν.
2158 3963 2244 4016 10.
2273 3962 2492 4017 Salvata
2520 3974 2595 4016 est
2620 3972 2791 4084 auter:
2816 3962 3001 4044 illisoin
3034 3971 3182 4014 utero
3225 3959 3442 4026 habens,
3465 3969 3512 4013 et
3540 3975 3641 4012 non

2715 4049 2747 4084 a
2785 4041 2983 4084 ortmt.

2715 4041 2983 4086 abortivit.

2132 4128 2480 4198 Qumcunque
2534 4125 2882 4196 concipiunt,
2938 4125 3058 4178 haec
3106 4125 3159 4176 in
3211 4135 3367 4184 utero
3419 4133 3637 4194 gerunt,

2059 4237 2167 4276 non
2209 4235 2276 4275 ex
2323 4220 2418 4274 Dei
2455 4221 2649 4274 timore
2675 4217 3072 4286 concipientes,
3113 4216 3207 4270 sed
3246 4230 3314 4269 ex
3345 4217 3633 4284 pravitate.

2059 4311 2195 4367 Ecce
2225 4313 2477 4384 parturiit
2491 4309 2830 4380 injustitiam,
2848 4309 3079 4377 concepit
3095 4306 3350 4373 laborem,
3364 4317 3412 4359 et
3438 4308 3634 4374 peperit

2054 4406 2381 4472 iniquitatem
2398 4405 2464 4457 ⁸⁷.

2181 4499 2243 4555 γ.
2277 4501 2361 4554 Η.
2393 4498 2608 4554 Manent
2643 4494 2817 4552 autem
2851 4504 3104 4564 tanquam
3131 4508 3249 4547 oves
3275 4503 3506 4546 wternce.

446 4584 602 4668 Ποῖος
630 4606 755 4670 νοῦς
783 4609 899 4661 ἑστι
926 4608 1020 4662 τοῦ
1041 4627 1053 4638 ·
1085 4584 1486 4678 μενοῦσιν-ὠς
1513 4609 1776 4678 πρόϐατα
1814 4607 1948 4662 αἰώ-

2126 4594 2260 4660 Quis
2294 4607 2486 4648 sensus
2514 4600 2597 4646 est
2622 4593 2817 4644 horum
2855 4587 3172 4651 verborum,
3199 4584 3480 4638 manebunt
3515 4592 3632 4634 tan-

374 4712 512 4761 νια;
541 4697 678 4768 Περὶ
703 4691 779 4756 ὦν
812 4717 977 4771 φησιν
1018 4703 1047 4753 ὁ
1092 4701 1361 4773 Χριστόςι
1410 4700 1488 4754 Τὰ
1533 4701 1647 4770 ἐμὰ
1685 4700 1950 4767 πρόϐατα

373 4785 485 4856 τῆς
515 4788 666 4858 ἐμῆς
695 4790 900 4861 φωνῆς
924 4793 1241 4858 ἀκούουσι,
1269 4794 1367 4848 καὶ
1396 4792 1512 4863 ἐγὼ
1527 4791 1680 4861 ζωὴν
1710 4790 1950 4846 αἰώνιον

371 4873 579 4948 δίδωμι
603 4881 826 4949 αὐτοῖς,
851 4884 946 4936 καὶ
971 4885 1038 4936 τά
1085 4881 1214 4954 ἑξῆς
1234 4900 1246 4912 ·
1279 4883 1452 4936 ταῦτά
1498 4884 1613 4935 ἑστι
1649 4881 1718 4935 τὰ
1751 4881 1949 4936 αἰώνια

372 4970 642 5040 πρόϐατα.
690 4975 841 5028 Ἐπεὶ
873 4970 966 5028 οῦν
1012 4976 1168 5046 μῖμοί
1210 4977 1348 5030 εἰσιν
1393 4975 1442 5028 οἱ
1499 4973 1817 5046 ἑτερόδοξοι,
1852 4975 1949 5026 καὶ

337 5114 341 5118 .
371 5060 612 5116 ἐθέλουσι
644 5066 932 5136 μιμεῖσθαι
969 5069 1070 5140 τὴν
1109 5067 1347 5138 ποίμνην
1386 5063 1480 5118 τοῦ
1511 5063 1771 5136 Χριστοῦ,
1830 5065 1950 5114 ἐπι-

370 5153 606 5219 σκόπους
629 5157 844 5223 ἑαυτοῖς
879 5159 1327 5232 χειροτονοῦντες,
1375 5157 1800 5231 πρεσϐυτέρους,
1830 5155 1949 5209 δια-

367 5245 575 5310 κόνους,
626 5248 998 5318 διδασκάλους,
1038 5253 1188 5319 λαὸν,
1239 5251 1698 5323 κατηχουμένους,
1747 5247 1942 5321 μιμοῦ-

369 5354 521 5408 μενοι
541 5337 611 5392 τὰ
633 5339 826 5396 αἰώνια
855 5346 1121 5417 πρόϐατα,
1146 5344 1413 5418 πληροῦσι
1432 5344 1492 5397 τό
1509 5361 1521 5374 ⁸
1568 5343 1835 5399 Μένουσι
1874 5341 1942 5396 δὲ

364 5428 445 5494 ὡς
479 5431 744 5498 πρόϐατα
787 5433 1013 5490 αἰώνια.
1060 5439 1175 5491 Οὐκ
1209 5438 1316 5490 εἰσὶ
1359 5436 1415 5490 δὲ
1445 5435 1692 5508 πρόϐατα
1723 5434 1939 5497 αἰώνια,

361 5520 500 5576 ἀλλὰ
521 5523 819 5591 μένουσιν
853 5525 932 5591 ὡς
967 5530 1231 5596 πρόϐατα
1266 5527 1490 5582 αἰώνια.

2053 4701 2213 4756 quam
2245 4701 2363 4739 oves
2389 4693 2597 4737 (sternte
2619 4681 2644 4733 ἱ)
2678 4679 2818 4734 Sunt
2855 4677 2982 4741 illae,
3015 4679 3081 4732 de
3114 4675 3312 4744 quibus
3355 4673 3433 4726 ait
3467 4668 3628 4724 Chri-

2054 4787 2212 4833 stus:
2246 4775 2374 4830 Mea:
2403 4791 2521 4829 oves
2552 4789 2723 4828 meam
2758 4786 2932 4825 vocem
2965 4769 3212 4834 audiunt,
3259 4777 3306 4819 et
3340 4780 3433 4834 ego
3469 4763 3630 4816 vitam

2053 4881 2304 4926 azternam
2333 4871 2403 4924 do
2431 4869 2504 4924 eis
2521 4867 2589 4935 ⁸⁸,
2614 4877 2722 4922 etc.
2753 4865 2846 4919 Hae
2869 4872 2996 4918 sunt
3023 4876 3153 4916 oves
3195 4867 3431 4915 aeternae.
3487 4855 3630 4923 Quo-

2053 4965 2202 5018 niam
2230 4963 2394 5032 igitur
2423 4961 2570 5016 mimi
2599 4968 2725 5015 sunt
2746 4955 3092 5020 heterodoxi,
3123 4961 3180 5007 et
3201 4951 3395 5007 volunt
3420 4947 3626 5003 imitari

2056 5070 2274 5126 gregem
2302 5053 2528 5118 Christi,
2560 5051 2844 5120 episcopos
2879 5047 2986 5103 sibi
3025 5045 3302 5108 ordinant,
3343 5040 3632 5113 presbyte-

2056 5165 2170 5217 ros,
2222 5149 2507 5212 diaconos,
2559 5146 2832 5210 doctores,
2884 5139 3121 5210 plebem,
3167 5135 3626 5190 catechumenos:

2054 5242 2441 5309 imitantesque
2472 5251 2602 5293 oves
2635 5244 2867 5289 aeternas
2913 5230 3140 5302 implent
3185 5227 3378 5292 illud:
3412 5221 3630 5279 Manent

2051 5343 2228 5387 autem
2272 5342 2526 5400 tanquam
2575 5344 2691 5382 oves
2722 5335 2954 5381 (sternte.
3002 5324 3117 5378 Non
3153 5331 3282 5379 sunt
3321 5332 3454 5374 vero
3495 5329 3628 5371 oves

2049 5434 2286 5490 aeternae,
2324 5423 2417 5478 sed
2440 5429 2649 5474 manent
2681 5429 2930 5488 tanquam
2962 5432 3080 5469 oves
3112 5425 3342 5470 ceterum.

435 5681 619 5740 “Gal.
650 5697 724 5747 vr,
753 5681 805 5736 8.
885 5681 930 5714 "
961 5681 1124 5740 lCor.
1153 5701 1214 5754 ιι,
1240 5685 1329 5742 14.
1406 5686 1450 5718 ⁸⁸
1475 5684 1665 5742 Matth.
1688 5698 1850 5752 mn,
1873 5683 1926 5740 5.
1955 5682 1964 5714 ⁴

2070 5680 2178 5738 'sal.
2217 5695 2309 5745 vn,
2345 5676 2430 5737 15.
2505 5675 2553 5709 “
2587 5673 2749 5729 Joan.
2792 5687 2846 5737 κ,
2882 5668 2973 5736 9.7,
2999 5667 3093 5723 28.

328 5843 334 5852 ’
433 5860 550 5933 (65)
570 5827 912 5935 ln‘utroque‘
927 5861 1050 5919 cod.
