4186 6452
542 416 610 472 79
1440 414 2009 472 SUPPLEMENTUM
2047 415 2136 471 AD
2171 415 2500 475 ORIGENIS
2538 417 2946 474 EX'EGETICA.
3725 421 3795 479 80

765 533 826 590 V.
864 535 951 589 11.
990 533 1179 589 Filioli
1213 544 1387 590 autem
1410 553 1589 591 eorum
1636 538 1887 594 illuduut.

686 623 751 681 γ.
778 625 863 681 12.
895 626 1230 681 Assumentes
1274 628 1582 697 psalterium
1615 640 1664 682 et
1691 630 1969 683 citharam.

612 716 795 777 Nostri
819 729 1101 774 assumunt
1130 720 1446 790 psalterium
1479 729 1534 776 et
1558 722 1851 787 citharam,
1883 721 2111 776 laudan-

536 822 627 867 tes
676 810 867 877 Deum,
907 818 963 865 et
994 811 1365 881 gloriﬁcantes
1393 810 1561 867 illum.
1608 812 1829 866 Illorum
1878 829 1998 867 vero
2044 815 2115 881 [i-

545 903 682 971 lioli,
712 904 805 973 qui
838 902 1018 958 stolidi
1047 912 1174 958 sunt
1204 904 1258 958 ia
1281 904 2115 975 seipsis,illudunt,'auuntentes

545 996 853 1064 psalterium
911 1006 958 1048 et
1009 994 1289 1049 citharam.
1334 995 1796 1064 Quandocumque
1847 1004 2113 1064 usurpant

548 1091 691 1145 dicta
719 1089 930 1144 Veteris
957 1086 1313 1152 Testamenti,
1342 1087 1593 1154 illudont,
1616 1097 1671 1143 et
1714 1088 1947 1143 irrident
1982 1103 2109 1143 ora-

547 1181 667 1237 cula
693 1180 827 1250 legis
848 1194 915 1235 ac
943 1180 1352 1250 prophetarum.
1386 1180 1741 1235 Assumentes
1771 1179 2108 1245 harmonica,

550 1272 866 1343 psalterium
905 1286 1098 1342 nempe
1138 1272 1287 1342 legis,
1320 1281 1373 1326 et
1404 1271 1674 1326 citharam
1717 1270 2111 1342 propheticum,

550 1365 781 1420 illudunt
816 1365 942 1419 illis.

876 1546 936 1600 V.
968 1546 1050 1599 I2.
1082 1543 1147 1597 Et
1176 1543 1422 1597 (celantur
1445 1558 1564 1596 ecce
1584 1540 1794 1610 psalmi.

623 1641 729 1712 Ipsi
781 1652 998 1710 quoque
1030 1639 1218 1693 dicunt
1251 1634 1487 1703 psalmos
1536 1632 1830 1698 Valentini,
1877 1641 1935 1686 et
1981 1630 2115 1686 ollas

550 1732 822 1794 Basilidis,
856 1741 911 1787 et
937 1732 1186 1800 quadam
1221 1725 1530 1797 huiusmodi
1586 1724 1968 1796 pronuntiant,
2017 1721 2115 1777 Ia-

552 1834 727 1880 tantes
757 1838 885 1877 voce
917 1821 1125 1891 psalmi.

688 1916 753 1970 V.
784 1914 872 1969 13.
904 1913 968 1967 In
998 1914 1173 1983 requie
1205 1921 1381 1965 autem
1402 1894 1597 1979 inferni
1624 1908 1968 1963 dormierunt.

616 2007 674 2063 In
710 2008 897 2075 requie
923 2013 1123 2069 autem,
1152 2019 1260 2059 non
1285 2003 1434 2069 cmli,
1488 2003 1583 2058 sed
1633 2000 1833 2056 inferni
1877 2000 2113 2055 domic-

530 2113 697 2156 τιιιιι.
749 2098 859 2155 Nos
904 2108 1084 2154 autem
1125 2110 1366 2163 oramus,
1409 2094 1554 2149 haud
1600 2094 1655 2148 in
1690 2094 1880 2163 requie
1916 2090 2113 2147 inferni

542 2194 810 2258 dormire,
848 2192 944 2247 sed
976 2190 1031 2245 in
1064 2189 1159 2246 Dei
1194 2190 1382 2259 requie
1424 2187 1477 2243 in
1523 2187 1734 2243 sanctis
1776 2185 1955 2246 cmiis,
1987 2198 2113 2238 cum

544 2284 767 2342 Christo
793 2297 919 2354 rege
943 2294 1174 2347 nostro;
1210 2281 1296 2335 cui
1330 2278 1505 2350 gloria
1536 2289 1595 2333 et
1626 2278 1909 2349 imperium
1934 2276 1988 2331 in
2011 2289 2115 2330 ste-

542 2376 666 2433 cola
698 2377 1037 2433 mulorum.
1078 2377 1268 2431 Amen.

1116 2557 1346 2616 CAPUT
1370 2556 1534 2612 XXII.

529 2652 611 2711 Ὑ.
636 2655 691 2712 2.
729 2653 988 2727 Nunquid
1033 2596 1430 2727 ποηυῖσζιξηζε
1455 2596 1554 2727 eii,
1589 2649 1681 2727 qui
1717 2648 1865 2702 docet
1916 2645 2114 2701 intelli-
2146 2596 2159 2611 .

1001 2727 1230 2794 gentiam
1252 2734 1299 2777 et
1326 2723 1596 2776 scientiam
1613 2721 1640 2776 Ρ

617 2817 749 2887 Quae
778 2816 1228 2873 administrantur
1249 2830 1277 2869 a
1303 2814 1510 2885 Spiritu
1542 2822 1752 2878 sancto,
1791 2811 1954 2883 digna
1986 2818 2115 2865 sunt

547 2921 608 2965 ut
640 2910 1039 2967 describantur.
1061 2905 1357 2978 Propterea
1402 2906 1809 2971 describuntur,
1836 2912 1898 2959 ut
1941 2902 2115 2958 lector

536 3002 765 3074 juvetur
793 3016 859 3056 ex
908 3000 975 3056 iis
1023 3015 1144 3070 qua:
1169 2999 1440 3070 leguntur.
1481 2996 1596 3052 Nisi
1632 2997 1798 3067 igitur
1831 2996 1994 3051 utiles
2023 3011 2115 3050 es-

546 3103 669 3152 sent
700 3107 981 3149 sermones
1015 3092 1207 3146 horum
1240 3091 1427 3157 trium,
1458 3090 1547 3159 qui
1574 3098 1840 3143 venerunt
1872 3088 1939 3142 ad
1988 3085 2109 3155 Job,

2146 545 2190 601 Α
2302 540 2452 610 Στίχ.
2489 540 2582 594 ια’.
2622 541 2696 595 Τὰ
2718 539 2785 592 δὲ
2817 538 3023 592 παιδία
3041 537 3241 593 αὐτῶν
3267 538 3721 607 προσπαίζουσι.

2219 630 2367 700 Στίχ.
2407 631 2494 684 ιϐ’.
2546 633 2964 697 Ἀνωασὸντες
3011 630 3347 700 ψαλτήριον
3388 632 3484 686 καὶ
3522 631 3793 701 κιθάραν.

2283 723 2345 775 Ol
2377 721 2637 793 ἡμέτεροι
2674 721 3114 791 ἀναλαμϐάνουσι
3152 722 3450 794 ψαλτήριον
3495 723 3590 778 καὶ
3641 724 3796 777 κιθά-

2219 829 2338 883 ραν,
2394 812 2686 883 ὑμνοῦντες
2724 813 2815 866 τὸν
2840 813 2995 877 Θεὸν,
3025 814 3117 867 καὶ
3152 814 3561 883 δοξολογούντες
3607 815 3790 870 αὐτόν.

2229 906 2502 960 Ἐκείνων
2520 905 2589 959 δὲ
2614 908 2685 961 τὰ
2712 907 2940 971 παιδία,
2966 908 3016 960 οἰ
3045 908 3261 978 ἀνόητοι
3292 909 3349 961 ὲν
3381 910 3587 972 αὐτοῖς,
3605 924 3795 976 προσ-

2213 998 2563 1065 παίζουσιν,
2605 999 3130 1068 ἁναιαμόἁνοντες
3196 999 3534 1068 ψωιτιὶρισν
3571 1002 3670 1055 καί
3708 1019 3793 1054 κι-

2215 1091 2423 1159 θάραν.
2456 1091 2573 1144 ’θ’θ’
2606 1092 2672 1146 ἂν
2712 1093 3021 1147 ἀναλάϐωσι
3042 1097 3169 1159 τοὺς
3212 1096 3399 1163 λόγους
3424 1097 3524 1166 τῆς
3553 1096 3793 1160 “alata;

2215 1181 2513 1253 Διαθήκης,
2564 1185 2984 1252 προσπαίζουσι,
3026 1187 3121 1240 καὶ
3166 1188 3363 1255 γελῶσι
3396 1189 3464 1242 τά
3510 1188 3665 1256 λόγια
3694 1185 3792 1242 τοῦ

2215 1276 2379 1345 νόμου
2431 1275 2525 1329 καὶ
2558 1275 2666 1329 τῶν
2694 1278 3007 1348 προφητῶν.
3026 1280 3519 1349 Ἀναλαμεάνοντες
3546 1279 3615 1334 τά
3635 1282 3794 1352 ἔναρ-

2220 1366 2399 1435 μόνια,
2432 1364 2733 1437 ψαλτήριον
2756 1367 2817 1421 τὺ
2850 1368 2945 1421 τοῦ
2970 1369 3157 1439 νόμου,
3191 1370 3422 1441 κιθάραν
3448 1369 3547 1440 τὴν
3576 1386 3790 1440 προφη-

2216 1457 2393 1530 τικὴν,
2428 1459 2857 1530 προσπαίζουσιν
2878 1461 3080 1525 αὐτοῖς.

2321 1549 2467 1619 Στίχ.
2520 1548 2606 1603 ιδ’.
2637 1551 2746 1605 Kal
2775 1553 3191 1621 εὐφραίνονται
3220 1554 3391 1622 φωνῇ
3420 1554 3683 1624 ψαλμοῦ.

2286 1642 2399 1696 Καὶ
2420 1644 2575 1697 αὐτοὶ
2597 1642 2844 1713 λέγωσιν
2886 1644 3132 1717 ψαλμοὺς
3174 1647 3552 1711 ούαλεντίνου,
3574 1648 3668 1702 καὶ
3714 1648 3795 1702 λέρ

2216 1750 2400 1802 γουσιν
2438 1734 2583 1805 ᾠδὰς
2626 1736 2960 1801 Βασιλείδου,
2995 1740 3091 1792 καὶ
3124 1739 3345 1795 τοιαῦτά
3370 1757 3489 1795 τινα
3530 1740 3795 1812 φθέγγον-

2215 1843 2327 1893 ται,
2356 1830 2774 1901 εὐφραινόμενοι
2804 1834 2955 1903 φωνῇ
2976 1832 3212 1903 ψαλμοῦ.

2146 1897 2189 1952 Β
2221 1917 2373 1988 Στίχ.
2558 1897 2655 1974 Ἐν
2690 1921 2759 1975 δὲ
2791 1897 3130 1977 (irriget-130m
3171 1922 3318 1991 ᾅδου
3361 1923 3789 1993 ἐκοιμήθησαν.

2303 2010 2391 2063 Ἐν
2422 2010 2477 2063 δὲ
2518 2012 2822 2066 ἀναπαύσει
2853 2013 2953 2067 οὐκ
2992 2013 3244 2085 ούρανοῦ,
3278 2015 3390 2068 ἀλλ’
3422 2016 3546 2086 ᾅδου
3570 2016 3794 2087 ἐκοιμή-

2219 2099 2409 2172 θησαν.
2453 2102 2643 2173 Ἡμεῖς
2689 2104 2745 2157 δὲ
2786 2103 3057 2175 εὐχόμεθα
3096 2106 3197 2159 οὐκ
3234 2109 3292 2160 ὲν
3320 2107 3618 2161 ἀναπαύσει
3661 2107 3790 2179 ᾅδου

2220 2193 2569 2262 κοιμηθῆναι,
2609 2194 2722 2248 ἀλλ’
2752 2198 2810 2249 ὲν
2830 2197 3133 2252 ἀναπαύσει
3161 2198 3296 2251 Θεοῦ
3326 2201 3383 2252 έν
3407 2202 3521 2263 τοῖς
3542 2199 3789 2271 οὐρανοῖς

2218 2286 2331 2348 τοῖς
2353 2286 2529 2354 ἁγίοις
2577 2288 2715 2357 μετά
2755 2288 2992 2359 Χριστοῦ
3033 2290 3407 2360 βασιλεύοντος
3448 2289 3634 2361 ἡμῶν·
3677 2283 3723 2359 ᾧ
3753 2293 3788 2362 ἡ

2217 2375 2346 2440 δόξα
2387 2378 2480 2431 καὶ
2514 2378 2575 2432 τὸ
2628 2380 2831 2451 κράτος
2884 2382 2965 2445 εἰς
3006 2384 3132 2446 τοὺς
3174 2382 3378 2446 αἰῶνας
3419 2383 3528 2436 τῶν
3554 2382 3787 2437 αἰώνων.

2234 2465 2421 2538 Ἀμήν.

2458 2554 2465 2569 ’
2846 2560 3005 2619 ΚΕΟ.
3045 2563 3174 2617 KB'.

2221 2651 2333 2725 (66)
2368 2654 2518 2725 Στίχ.
2560 2653 2623 2723 β’.
2658 2656 2917 2722 Πότερον
2953 2654 3091 2724 οὐχί
3130 2655 3347 2725 Κύριός
3379 2653 3549 2707 ἐστιν
3572 2654 3606 2706 ὁ
3634 2651 3796 2708 διεδ-

2424 2724 2436 2735 ’
2498 2740 2668 2777 σκων
2706 2726 2965 2779 σύνεσιν
3001 2726 3099 2779 καὶ
3132 2723 3510 2793 ἐπιστήμην;

2292 2814 2374 2868 Τά
2409 2814 2839 2888 οἰκονομούμενα
2869 2817 2974 2871 ὑπὸ
3006 2816 3100 2870 τοῦ
3128 2817 3284 2885 ἀγίου
3315 2815 3636 2887 Πνεύματος
3667 2815 3793 2868 ἀναο

2219 2907 2438 2977 γραφῆς
2465 2907 2762 2979 ἀξιωθῆναι
2794 2910 2921 2981 χρὴ.
2945 2908 3045 2964 Διά
3073 2908 3232 2962 τοῦτο
3254 2908 3627 2981 ἀναγράφεται
3654 2907 3795 2978 ῠπὶρ

2217 2997 2312 3051 τοῦ
2344 2998 2438 3053 τὸν
2483 3001 2883 3072 ἐντυγχάνοντα
2927 3001 3252 3070 ὠφελεῖσθαι
3287 3004 3351 3056 ὲκ
3382 3002 3490 3056 τῶν
3528 3002 3796 3069 avath

2220 3090 2522 3160 σκομένων.
2570 3091 2634 3144 Εἰ
2690 3092 2767 3164 μὴ
2813 3087 2907 3146 οὗν
2954 3094 3216 3165 χρήσιμοι
3240 3089 3380 3165 ἦσαν
3413 3095 3465 3146 οἰ
3508 3091 3653 3161 λόγοι
3682 3091 3794 3145 τῶν

548 3186 627 3241 ita
667 3192 726 3240 ut
751 3182 921 3238 lector
944 3181 1192 3251 accipere
1218 3180 1422 3251 aliquid
1452 3180 1621 3250 possit
1651 3178 1719 3233 ab
1756 3179 1825 3234 iis
1859 3193 1978 3248 quae
2016 3192 2113 3249 per

2216 3182 2406 3254 τριιῖιν,
2437 3182 2546 3238 τῶν
2581 3184 3041 3255 παραγενομένων
3088 3186 3225 3256 πρὸς
3276 3186 3367 3240 τὸν
3405 3184 3544 3251 Ἰὼϐ,
3582 3184 3658 3248 ὡς
3702 3185 3795 3238 τὸν

528 3279 672 3335 ‘illos
697 3276 766 3332 ad
802 3272 907 3332 Job
936 3274 1079 3330 dicta
1122 3283 1284 3337 sunt;
1324 3287 1431 3326 non
1481 3271 1666 3340 utique
1698 3270 1882 3325 divina
1930 3270 2114 3340 provi-

2214 3274 2605 3345 ἐντυγχάνοντα
2632 3275 2816 3329 λαόείν
2837 3293 2890 3329 τι
2915 3276 3024 3330 ἀπὸ
3043 3255 3151 3329 τῶν
3182 3277 3482 3348 εἰρημένων
3503 3278 3593 3330 ὑπ’
3614 3277 3796 3331 αὐτῶν

538 3371 732 3428 dentis
760 3369 816 3425 in
855 3368 1053 3423 librum
1085 3365 1187 3422 Job
1202 3366 1427 3421 describi
1446 3364 1659 3420 fecisset
1691 3376 1971 3419 sermones
2019 3363 2115 3417 bo-

547 3480 670 3520 rum
706 3463 892 3517 trium.
925 3459 1078 3515 Licet
1110 3471 1241 3527 ergo
1273 3464 1335 3510 ut
1361 3456 1487 3526 quis
1520 3453 1942 3511 emolumentum
1992 3468 2116 3524 per-

544 3558 717 3627 cipiat
737 3570 768 3610 a
805 3550 1144 3609 sermonibus
1173 3562 1386 3612 eorum,
1418 3547 1760 3619 dogmatibus
1789 3547 2110 3602 intendens:

547 3640 801 3706 observet
824 3661 954 3702 vero
993 3645 1183 3699 vitium
1234 3656 1550 3698 sermonum
1592 3642 1647 3696 in
1688 3655 1796 3696 uno
1832 3652 1957 3695 esse
1979 3641 2115 3694 dun-

534 3752 726 3807 taxat,
749 3741 966 3811 quoties
997 3751 1189 3809 nempe
1210 3734 1405 3793 Jobum
1443 3733 1781 3799 insimulant,
1823 3733 1927 3787 rati
1968 3732 2116 3787 illum

550 3836 661 3906 pati
690 3844 909 3905 propter
938 3846 1023 3895 ea,
1054 3843 1174 3900 quae
1202 3827 1510 3899 peccaverit
1537 3844 1549 3881 :
1589 3840 1695 3881 non
1736 3824 1981 3879 videntes
2003 3863 2018 3888 ,
2061 3831 2118 3879 et

548 3927 687 3982 alias
722 3937 843 3982 esse
873 3923 1067 3977 multas
1103 3934 1322 3986 causas,
1348 3919 1699 3990 quamobrem
1753 3917 1897 3972 istud
1937 3917 2116 3971 homi-

551 4018 711 4073 nibus
740 4015 1043 4084 contingat.
1074 4009 1121 4066 'i'
1128 4011 1233 4066 alia
1287 4019 1415 4066 sunt
1477 4024 1594 4080 qua:
1643 4009 1998 4064 constitutum
2032 4018 2117 4063 est

548 4110 690 4172 ﬁeri,
716 4109 856 4163 bona
899 4107 1016 4163 sive
1048 4104 1297 4169 molesta,
1344 4112 1439 4157 aut
1487 4118 1829 4173 quocumque
1882 4102 2117 4156 voluerit

548 4202 669 4272 quis
701 4215 765 4255 ea
792 4200 1012 4256 nomine
1045 4214 1263 4254 vocare.
1301 4197 1371 4252 Εε
1404 4207 1517 4262 post
1547 4212 1717 4267 pauca
1744 4211 1763 4250 :
1787 4194 1976 4250 Nonne
2004 4193 2116 4249 Do-

542 4296 718 4350 minus
746 4302 844 4357 est,
900 4292 991 4362 qui
1052 4293 1199 4347 docet
1257 4289 1656 4359 intelligentiam
1686 4297 1738 4343 et
1787 4289 2063 4343 scientiam
2091 4287 2117 4341 2

544 4384 748 4455 Dogma
787 4399 977 4440 sanum
1014 4393 1099 4439 est
1130 4401 1145 4438 :
1184 4383 1440 4454 quoniam
1476 4397 1640 4437 verus
1679 4382 1867 4437 doctor
1896 4381 2115 4435 virtutis

545 4495 653 4536 non
685 4488 867 4549 potest
916 4492 1038 4534 esse
1089 4477 1270 4532 homo.
1326 4475 1429 4541 Qui
1474 4476 1621 4530 docet
1670 4474 1815 4528 enim
1850 4474 2116 4527 hominem

2215 3363 2352 3435 πρὸς
2372 3363 2464 3419 τὸν
2506 3363 2657 3418 Ἱὼὅ·
2682 3366 2785 3419 οὐκ
2815 3364 2883 3419 ἂν
2915 3368 2950 3438 ἡ
2985 3368 3210 3438 πρόνοια
3244 3370 3323 3432 εἰς
3353 3368 3450 3441 τὴν
3492 3367 3671 3438 βίϐλον
3698 3367 3794 3421 τοῦ

2228 3453 2348 3507 Ἰὼό
2397 3456 2655 3527 ἐποίησεν
2699 3459 3086 3531 ἀναγραφῆναι
3127 3461 3221 3513 καὶ
3270 3461 3395 3524 τοὺς
3454 3460 3643 3528 λόγους
3687 3460 3797 3512 τῶν

2213 3547 2404 3618 τριῶν.
2444 3549 2634 3602 Ἔστιν
2664 3545 2760 3604 οὖν
2791 3550 3139 3621 ὠφεληθῆναι
3196 3551 3297 3624 μὲν
3340 3551 3449 3606 ἀπὸ
3487 3552 3594 3605 τῶν
3622 3551 3797 3621 λόγων

2215 3639 2381 3694 αὐτοῦ
2405 3640 2539 3714 (67),
2563 3642 2833 3713 ἐνορῶντα
2854 3647 2969 3708 τοῖς
2982 3644 3248 3715 δόγμασιν
3263 3662 3276 3675 ·
3308 3646 3441 3716 όρᾷν
3456 3645 3513 3698 δὲ
3533 3645 3594 3699 τὸ
3608 3644 3800 3716 ἐγκλη-

2215 3747 2306 3785 τον
2326 3731 2435 3786 τῶν
2465 3732 2639 3802 λόγων
2661 3736 2789 3806 περὶ
2808 3735 2867 3788 ιν
2896 3737 3077 3806 μόνον,
3109 3738 3198 3790 ὅτε
3226 3737 3502 3792 αἰτιιῖινται
3528 3736 3620 3791 τὸν
3654 3736 3793 3801 Ἰὼϐ,

2214 3823 2449 3894 οἰόμενοι
2491 3825 2654 3879 αὐτὸν
2694 3827 2925 3897 πάσχειν
2956 3828 3046 3882 διά
3081 3828 3152 3882 τά
3203 3829 3569 3901 ἡμαρτημένα
3605 3825 3790 3897 αὐτῷ’

2215 3915 2313 3984 οὐχ
2337 3915 2592 3986 ὁρῶντες,
2620 3917 2702 3970 ὅτι
2737 3919 2831 3972 καὶ
2858 3918 2994 3972 ἀλλα
3026 3919 3202 3974 πολλά
3228 3921 3375 3974 alata
3396 3922 3510 3972 ἐστι
3534 3917 3626 3972 τοῦ
3658 3934 3795 3989 συμ-

2216 4006 2421 4061 ϐαίνειν
2455 4007 2784 4079 ἀνθρώποις.
2824 4009 3065 4065 Τοιαῦτά
3089 4012 3206 4064 έστι
3242 4011 3611 4081 νενομισμένα
3653 4006 3795 4065 εἶναι

2216 4095 2356 4149 καλά
2400 4096 2433 4169 ἢ
2489 4098 2725 4168 χαλεπὰ,
2759 4100 2794 4170 ἢ
2845 4101 2995 4164 ὅπως
3051 4102 3181 4155 ποτὲ
3229 4101 3476 4171 βούλεταί
3519 4118 3603 4166 τις
3655 4101 3795 4156 αὐτὰ

2214 4188 2518 4259 ὀνομάζειν.
2561 4191 2671 4244 Kal
2704 4191 2833 4260 μετ’
2873 4194 3076 4263 Mirer
3134 4194 3393 4261 Πότερον
3425 4193 3561 4261 οὐχί
3606 4196 3639 4247 d
3684 4194 3794 4247 Κύ-

2206 4281 2339 4348 ριός
2393 4282 2563 4334 ἐστιν
2594 4286 2627 4336 ό
2669 4282 2973 4338 διδάσκων
3002 4287 3260 4339 σύνεσιν
3286 4286 3382 4339 καί
3423 4285 3793 4356 emoriatur;

2216 4370 2325 4441 (68)
2344 4368 2420 4425 Τὸ
2447 4371 2626 4443 δόγμα
2656 4374 2808 4442 ὑγιές
2866 4377 3015 4428 ἐστι’
3047 4376 3129 4429 ὅτι
3181 4375 3435 4446 ἀληθινὸς
3473 4376 3793 4439 διδάσκαλος

2215 4462 2416 4535 ἀρετῆς
2456 4464 2517 4517 οὐ
2564 4464 2789 4519 δύναται
2835 4462 2974 4519 εἶναι
3024 4467 3331 4538 ἄνθρωπος.
3387 4470 3452 4522 Ὀ
3492 4468 3794 4523 διδάσκων

530 4573 822 4627 scientiam
846 4573 915 4641 ",
939 4572 1102 4627 etiam
1125 4572 1177 4626 in
1222 4570 1451 4626 Psalmis
1477 4567 1754 4633 scribitur,
1786 4583 1893 4622 non
1948 4567 2110 4621 alium

2216 4555 2326 4623 γὰρ
2348 4556 2664 4625 ἄνθρωπον
2698 4557 2945 4628 γνῶσιν,
2981 4560 3075 4614 καὶ
3105 4562 3163 4614 ὲν
3185 4565 3299 4626 τοῖς
3326 4562 3575 4635 Ψαλμοῖς
3597 4559 3794 4627 ἀναγέ-

542 4678 688 4732 esse,
716 4678 879 4734 quam
904 4660 1093 4717 Deum.
1118 4661 1354 4730 Et,Doce
1370 4677 1470 4726 me,
1498 4655 1971 4731 inquitPropheta,
1982 4657 2113 4726 jura

2215 4664 2479 4718 γραπται,
2516 4649 2597 4701 ὅτι
2631 4650 2732 4704 οὐκ
2757 4649 2915 4715 ἀλλος
2948 4653 3098 4705 εστὶν
3136 4652 3170 4724 ἢ
3197 4653 3349 4717 Θεός.
3382 4654 3512 4714 Καὶ,
3532 4649 3791 4713 Δίὸσξόν

529 4760 641 4811 ‘tua
670 4754 759 4810 τοι
816 4755 993 4811 sciens
1019 4753 1190 4810 Deum
1224 4769 1345 4809 esse
1369 4752 1649 4808 doctorem
1672 4766 1861 4807 verum
1903 4760 1957 4805 et
1986 4766 2113 4821 per-

543 4846 765 4902 fectum.
799 4844 965 4902 Docet
989 4859 1119 4901 vero
1145 4843 1307 4911 Deus,
1339 4841 1601 4915 aﬂ'ulgens
1631 4844 1827 4897 anima:
1853 4841 2114 4898 discentis

526 4939 617 4993 ‘ab
644 4940 784 5009 ipso,
814 4948 869 4996 et
890 4945 1127 4993 mentem
1144 4936 1456 4992 illuminans
1476 4935 1698 5002 lumine,
1716 4934 1898 4990 veraci
1918 4947 2111 5003 nempe

532 5033 713 5089 uerbo
745 5048 864 5088 suo.
904 5032 1085 5100 Quare
1114 5031 1278 5085 etiam
1309 5029 1557 5085 homines
1593 5028 1726 5098 justi
1753 5029 1952 5083 docent
1987 5040 2105 5093 nos,

534 5124 637 5196 qui
670 5124 900 5180 docendi
935 5129 1167 5194 gratiam
1194 5131 1541 5193 acceperunt.

722 5288 789 5343 V.
815 5287 871 5341 4.
921 5286 989 5342 Et
1021 5287 1341 5358 ingredietur
1361 5296 1527 5340 tecum
1556 5284 1608 5337 in
1644 5284 1926 5351 judicium.

608 5375 902 5432 Rationem
932 5375 1139 5431 habens
1183 5374 1324 5429 Deos
1351 5375 1490 5445 ejus,
1528 5375 1614 5444 qui
1657 5375 1797 5428 illius
1825 5374 2143 5441 ordinatur.

524 5466 906 5537 ‘providentia,
928 5465 1108 5534 arguit
1133 5478 1278 5519 eum.
1308 5463 1376 5517 Et
1398 5464 1719 5533 ingredietur
1740 5474 1913 5517 tecum
1938 5464 1993 5519 in
2023 5465 2111 5532 iu-

536 5561 755 5611 dicium.
787 5555 940 5626 Saepe
968 5556 1226 5621 diximus,
1260 5555 1304 5608 si
1337 5557 1552 5633 quando
1591 5556 1829 5609 occurrit
1855 5554 1957 5611 hoc
2010 5555 2110 5612 do-

606 5654 654 5686 ⁸⁸
683 5651 831 5708 Psal.
864 5666 1021 5715 xcm,
1047 5651 1137 5705 I0.
1243 5652 1290 5685 τ’
1316 5650 1461 5706 Psal.
1493 5667 1683 5718 cxvm,
1724 5651 1808 5708 12.

608 5766 721 5840 (ϐξ)
750 5767 892 5840 βοάΖ
914 5777 1163 5836 uterque.
1191 5765 1328 5822 IIinc
1348 5767 1529 5823 hausit
1553 5764 1859 5840 Olympiod.

604 5838 715 5907 (υτ)
745 5836 955 5907 Αὐτῶν-

600 5903 714 5979 (σε)
740 5906 824 5964 cr.
861 5918 899 5965 t.
926 5903 1040 5975 xu,
1080 5906 1187 5965 col.
1226 5905 1382 5961 I055.

2208 4755 2305 4807 με,
2338 4739 2608 4810 φησὶν,τὰ
2619 4740 2980 4811 δικαιώματά
3000 4761 3138 4807 σου,
3153 4745 3184 4798 ό
3211 4746 3517 4817 Προφήτης,
3532 4742 3689 4806 εἰδὼς
3709 4740 3791 4794 δι-

2212 4827 2479 4883 δάσκαλον
2517 4827 2657 4886 εἶναι
2702 4832 2877 4905 ἀληθῆ
2927 4836 3021 4889 καὶ
3056 4835 3265 4889 τέλειον
3298 4836 3391 4889 τὸν
3433 4833 3587 4887 Θεόν.
3640 4832 3793 4886 Διδά·

2212 4936 2333 4974 σκει
2354 4922 2411 4975 δὲ
2437 4925 2466 4976 ό
2499 4924 2633 4989 Θεὸς
2664 4926 2959 4997 ἐλλάμπων
2994 4930 3061 4998 τῇ
3094 4928 3242 4999 ψυχῇ
3283 4925 3379 4980 τοῦ
3432 4925 3793 4997 μανθάνοντος

2211 5015 2304 5066 ὑπ’
2335 5016 2525 5079 αὐτοῦ,
2559 5018 2654 5072 καὶ
2688 5019 2788 5091 τὴν
2833 5020 3072 5076 διάνοιαν
3120 5020 3370 5089 φωτίζων
3405 5018 3482 5088 τῷ
3520 5017 3679 5087 φωτὶν
3714 5014 3795 5086 τῷ

2208 5105 2448 5180 ἀληθινῷ
2476 5107 2622 5180 λόγῳ
2652 5111 2839 5165 αὐτοῦ.
2864 5112 2976 5185 (69)
2999 5111 3211 5166 Οὐκοῦν
3243 5111 3338 5163 καὶ
3375 5109 3566 5179 ἀνδρες
3595 5107 3792 5161 δίκαιοι

2207 5197 2353 5267 ἡμᾶς
2387 5198 2701 5254 διδάσκουσι
2743 5202 3135 5273 διδασκαλικὴν
3155 5199 3439 5269 εἰληφότες
3468 5198 3629 5269 χάριν
3651 5194 3789 5265 (70).

2214 5286 2327 5358 (71)
2359 5288 2504 5359 Στίχ.
2527 5289 2589 5343 δ’.
2620 5293 2732 5346 Kal
2759 5290 3296 5347 συνεισελεύσεται
3320 5303 3419 5343 σοι
3444 5289 3531 5352 εἰς
3570 5287 3789 5354 κρίσιν.

2283 5377 2455 5447 Λόγον
2486 5380 2804 5452 ποιούμενος
2824 5386 2853 5436 ό
2880 5382 3012 5445 Θεὸς
3028 5381 3121 5435 τοῦ
3157 5376 3551 5453 προνοουμένου
3578 5375 3671 5431 ὑπ’
3693 5376 3794 5430 αὺ-

2211 5470 2330 5537 τοῦ,
2375 5472 2588 5545 ἐλέγχει
2615 5476 2801 5530 αὐτόν.
2840 5477 2951 5530 Kal
2985 5472 3520 5531 συνεισελεύσεται
3561 5486 3660 5527 σοι
3703 5473 3794 5538 εις

2218 5565 2442 5633 κρίσιν.
2473 5566 2740 5631 Πολλάκις
2767 5568 3015 5639 εἴπομεν,
3047 5568 3228 5621 εἴποτε
3267 5566 3491 5621 ἐνέπεσε
3527 5564 3590 5620 τὸ
3614 5564 3793 5635 δόγμα

2286 5771 2400 5842 (69)
2432 5771 2487 5825 In
2514 5773 2636 5828 cod.
2660 5771 3060 5829 Nani.additur.

2284 5837 2400 5914 ιῖυ)
2431 5841 2658 5914 Reliqua
2693 5859 2866 5912 usque
2894 5845 2961 5898 ad
2991 5844 3151 5914 χάριν
3184 5842 3393 5913 γίνεται
3420 5849 3479 5897 ut
3525 5839 3580 5899 in
3606 5837 3789 5896 editis.

2291 5911 2406 5985 (7|)
2441 5911 2641 5970 Conler
2675 5911 2870 5985 Chrys.
2908 5911 3030 5982 pag.
3054 5911 3176 5970 376.
