4186 6394
417 315 476 368 8i
1669 311 2014 366 ENARRATI

2118 311 2196 367 ES
2233 311 2300 366 ΙΝ
2338 310 2478 368 JOB.
3607 318 3712 372 δευ-

416 431 576 490 τοῦτο
607 434 666 487 ὲν
704 433 892 496 ἄλλαις
921 432 1148 497 λέξεσιν,
1183 433 1264 485 ὅτι
1291 429 1469 492 οὕτως
1493 429 1638 482 ἐστὶν
1665 432 1692 483 ό
1719 429 1850 494 Θεὸς
1877 430 1996 499 φιλ-

2118 445 2230 499 gma
2279 430 2332 484 in
2364 429 2484 485 aliis
2511 429 2696 498 dictis,
2733 428 2898 485 Deum
2928 443 3048 486 esse
3077 432 3210 487 adeo
3265 433 3580 504 benignum,
3617 445 3681 489 ut

421 526 726 596 ἅνθρωπος,
767 523 930 588 ὥστε,
983 524 1080 576 καὶ
1118 524 1370 594 χρηστῶς
1423 521 1626 590 κρίνων
1658 521 1827 591 ἡμᾶς,
1881 522 2000 573 ἐπι-

421 618 616 690 τρέπει
643 615 818 684 λέγειν
848 616 995 685 ἡμᾶς
1023 615 1161 686 πρὸς
1187 615 1370 676 αὐτὸν,
1411 623 1490 676 ὡς
1520 612 1836 683 κρινόμενον
1881 613 2000 684 μεθ’

423 708 600 780 ἡμῶν,
633 707 760 778 περὶ
793 700 868 760 ὧν
902 705 1218 776 βουλόμεθα.
1259 704 1612 777 Ἐχρησὰμην
1643 700 1738 758 οὖν
1766 707 1876 768 τοῖς
1898 705 2004 758 ἀπὸ

424 797 518 854 τοῦ
554 799 757 852 Ἦσαϊα
779 815 793 827 ·
820 797 1162 860 Δεῦτε,²καὶ
1210 795 1641 866 διαλεχθῶμεν,
1679 793 1844 863 λέγει
1898 795 2006 848 Κύ-

417 907 569 960 ριος.
605 890 678 943 Τὸ
710 890 840 960 γὰρ,
873 886 1298 957 διαλεχθῶμεν,
1351 886 1592 941 τοιοῦτόν
1637 887 1815 938 ἐστιν’
1851 873 1917 938 Ei
1955 885 2006 938 τί

429 1002 498 1056 με
529 983 674 1054 ἔχεις
702 983 940 1052 ἐλέγξαι,
973 983 1066 1036 καὶ
1093 981 1192 1053 τὴν
1239 981 1493 1052 πρόνοιάν
1525 995 1650 1050 μου,
1695 979 1772 1042 ὡς
1802 978 2008 1050 ἀμελή-

429 1077 619 1140 σαντός
649 1093 742 1129 σου
771 1075 905 1146 (72),
943 1075 1019 1138 ὼς
1049 1075 1121 1145 μὴ
1149 1074 1215 1128 τὰ
1235 1073 1420 1126 δέοντα
1443 1075 1821 1142 πεποιηκότος,
1846 1073 2004 1142 λέγε·

429 1166 622 1235 Κάγὼ,
649 1169 677 1221 ὅ
697 1184 750 1220 τι
793 1166 920 1220 ποτὲ
946 1166 1052 1236 ἔχω
1073 1165 1204 1238 ἐρῶ,
1233 1167 1408 1218 πείσω
1439 1183 1518 1230 σε,
1546 1164 1924 1228 καταδικάζων
1949 1183 2008 1218 σε

427 1257 580 1325 ἀξιον
611 1258 738 1312 ὂντα
761 1257 854 1311 τοῦ
884 1255 1370 1324 καταδικασθῆναι.

429 1348 578 1418 Στίχ.
609 1346 672 1400 ε’.
701 1348 961 1416 Πότερον
985 1349 1100 1416 οὐχ
1132 1347 1170 1414 ἡ
1205 1346 1384 1399 κακία
1417 1360 1534 1398 σου
1581 1344 1718 1398 ἐστὶ
1770 1341 2010 1408 Moliri;

501 1441 742 1503 Εἰκότως
775 1441 874 1510 οὐχ
905 1439 1093 1502 ἁπλῶς
1148 1456 1294 1510 φημι
1339 1439 1454 1510 (75)
1484 1439 1766 1508 γεγονέναι
1793 1437 1974 1490 ἄδικον
1994 1454 2006 1466 '

431 1535 554 1588 ἐπεὶ
589 1535 788 1605 πάσχει
819 1533 1062 1597 τοιαῦτα,
1081 1534 1240 1586 ὁποῖα
1271 1534 1448 1596 οὐδεὶς
1473 1531 1650 1586 αὐτῶν
1673 1530 2012 1601 τηλικούτοις

433 1627 744 1690 πέπτωκεν,
787 1625 919 1688 οἵοις
973 1624 1058 1678 σύ.
1111 1625 1273 1688 Εἰκὸς
1299 1624 1388 1677 διὰ
1415 1625 1478 1677 τὸ
1515 1622 1888 1694 ἁναρίθμητόν
1919 1639 2012 1676 σου

431 1718 542 1772 τῶν
569 1719 941 1788 πταισμάτων,
963 1718 1138 1772 ταῦτά
1169 1735 1250 1772 σοι
1281 1717 1616 1788 ἐληλυθέναι.

2103 529 2157 572 et
2193 517 2401 574 utiliter
2421 519 2675 588 judicans
2703 534 2802 575 nos
2845 521 3130 589 permittat
3159 537 3257 578 nos
3284 537 3472 578 secum
3507 523 3678 593 loqui',

2103 611 2256 680 quasi
2286 626 2512 667 causam
2538 613 2684 668 dicat
2720 612 3027 678 nobiscum,
3064 615 3130 670 de
3160 615 3226 670 iis
3256 631 3376 686 quae
3405 616 3678 674 volumus.

2106 700 2260 757 Usus-
2281 719 2398 758 sum
2425 717 2558 774 ergo
2603 707 2724 760 loco
2761 704 2908 788 Isaia:
2935 723 2950 760 :
2998 704 3198 772 Venite,
3229 717 3278 760 et
3309 707 3636 777 disputemus
3661 751 3678 774 ,

2106 797 2180 848 ait
2213 794 2470 850 Dominus
2525 797 2593 850 '“.
2630 797 2764 852 lllud
2793 798 2938 852 enim
2967 841 2982 865 ,
3038 799 3404 866 disputemus,
3438 801 3544 856 hoc
3572 801 3680 856 sibi

2107 888 2268 942 vult:
2303 888 2360 944 Si
2391 888 2522 958 quid
2573 890 2744 946 habes
2775 905 2862 944 me
2909 906 3144 960 arguere
3176 901 3232 946 et
3281 893 3682 960 providentiam

2109 995 2306 1045 meam,
2345 989 2598 1050 tanquam
2629 983 2717 1052 qui
2755 981 3082 1052 neglexerint
3139 992 3212 1046 te,
3275 993 3532 1052 tanquam
3587 981 3684 1055 qui

2109 1087 2228 1140 quae
2259 1070 2503 1126 facienda
2532 1082 2686 1127 erant
2715 1089 2822 1128 non
2860 1072 3081 1128 fecerim
3101 1114 3115 1136 ,
3153 1073 3278 1139 dic;
3334 1087 3439 1142 ego
3467 1089 3686 1146 quoque

2110 1166 2374 1236 quidquid
2404 1167 2600 1232 habeo,
2630 1157 2806 1221 dicam
2838 1184 2853 1222 :
2909 1167 3250 1238 persuadebo
3283 1175 3356 1234 te,
3395 1177 3590 1223 contra
3629 1177 3683 1222 te

2111 1259 2296 1314 ferens
2317 1261 2667 1327 sententiam,
2687 1260 2830 1329 quod
2855 1261 3052 1330 dignus
3069 1260 3146 1314 sis
3168 1260 3258 1329 qui
3283 1261 3682 1316 condemneris.

2213 1351 2276 1404 V.
2309 1351 2364 1408 5.
2401 1349 2657 1420 Nunquid
2693 1368 2798 1404 non
2822 1351 3128 1421 improbitas
3156 1361 3245 1404 tua
3277 1361 3352 1406 est
3384 1351 3596 1406 multa!

2187 1444 2380 1499 Merito
2409 1461 2514 1498 non
2557 1445 2880 1514 simpliciter
2911 1445 3002 1499 aio
3023 1443 3192 1498 fuisse
3243 1445 3528 1514 injustam,
3557 1444 3688 1514 quia

2116 1538 2240 1592 talia
2273 1541 2494 1607 patitur,
2529 1538 2710 1606 qualia
2747 1553 2908 1592 nemo
2931 1537 3146 1592 illorum
3175 1538 3230 1590 iu
3269 1537 3576 1604 huiusmodi
3603 1537 3690 1592 in-

2113 1629 2268 1695 cidit,
2295 1631 2436 1683 sicut
2461 1636 2537 1682 tu.
2570 1628 2782 1694 Merito,
2805 1637 3027 1698 propter
3055 1628 3692 1700 innumerabileslapsus

2117 1729 2260 1784 tuos,
2295 1721 2410 1776 haec
2443 1719 2538 1773 tibi
2571 1720 2876 1774 obvenisse.

503 1809 614 1884 (74)
651 1785 762 1867 Τοῦ
789 1812 994 1866 αὐτοῦ.
1021 1813 1098 1865 Ού
1122 1785 1386 1883 πρότερον
1411 1810 1692 1881 ὠνόμασεν
1713 1807 2010 1881 ἁμαρτίαν,

2191 1813 2466 1883 Ejusdem.
2495 1811 2612 1868 Non
2646 1813 2796 1883 prius
2817 1813 3114 1868 nominavit
3145 1824 3426 1884 peccatum
3450 1855 3476 1878 ,_
3493 1813 3692 1870 deinde

431 1897 552 1957 εἶτα
571 1904 669 1974 τὴν
699 1905 926 1960 κακίαν·
961 1904 1075 1958 ἀλλ’
1111 1903 1254 1976 ὁρῶν
1281 1903 1378 1974 τὴν
1417 1903 1618 1956 κακίαν
1662 1902 1760 1972 τὴν
1801 1901 2014 1972 φαύλην

433 1997 568 2062 ἕξιν,
618 1993 738 2052 εἶτα
791 1997 928 2068 μετὰ
960 1997 1118 2050 τοῦτο
1165 1996 1233 2049 τὰ
1285 1996 1394 2048 ἀπὸ
1445 1995 1546 2065 τῆς
1586 1993 1796 2064 φαύλης
1847 1992 2016 2058 ἕξεως

433 2089 876 2161 ἁμαρτανόμενα,
907 2088 1049 2160 ειπερ
1071 2085 1224 2142 εἶπεν
1251 2087 1654 2161 ἀναριθμήτους
1675 2083 1814 2142 εἶναι
1839 2089 2018 2158 ἀμαρ-

434 2197 576 2242 τιας.

471 2270 585 2340 (75)
620 2253 768 2341 Στίχ.
799 2269 859 2326 ε’.
901 2272 1306 2340 Ἀναριθμητοι
1333 2269 1400 2324 δέ
1435 2285 1552 2325 σου
1580 2274 1640 2325 ai
1678 2272 1973 2342 ἁμαρτίαι.

519 2359 921 2430 ’Υπολαμδάνει
975 2360 1136 2414 τοῦτο
1189 2363 1218 2414 ό
1269 2359 1491 2428 Ἐλιφὰς
1547 2363 1676 2432 περὶ
1719 2361 1814 2416 τοῦ
1874 2361 2014 2416 Ἰὼϐ.

441 2451 596 2522 ᾚδει
629 2453 794 2505 αὐτὸν
819 2452 1092 2517 πλούσιον,
1149 2453 1244 2506 καί
1275 2469 1470 2522 φησιν·
1513 2454 1800 2523 Ἑνέχυρα
1836 2454 2020 2524 sedp-

436 2547 615 2610 ϐανες
643 2546 762 2599 ἀπὸ
808 2543 924 2600 τῶν
947 2543 1078 2599 σῶν
1107 2535 1406 2616 ἀδελφῶν,
1439 2547 1515 2611 ὡς
1562 2547 1887 2616 ὀφειλόντων
1944 2550 2020 2619 μὴ

439 2637 782 2706 ὀφειλόντων.
826 2638 900 2690 Τὸ
931 2638 1059 2710 γὰρ,
1105 2637 1477 2708 Ἠνεχύραζες
1507 2639 1814 2708 διακενῆς,
1848 2639 2020 2693 τοιοῦ-

439 2729 534 2782 τόν
559 2731 726 2783 ἐστιν.

443 2821 557 2894 (76)
599 2822 749 2894 Στίχ.
818 2831 892 2887 ς’.
933 2822 1314 2894 Ἡνεχύραζες
1359 2824 1500 2891 τοὺς
1551 2823 1856 2893 ἀδελφούς
1903 2839 2020 2878 σου

1075 2893 1376 2964 διακενῆς.

518 2983 628 3040 Τοῦ
665 2984 872 3040 αὐτοῦ.
905 2986 1318 3058 Προσεπιτείνει
1362 2987 1419 3042 δὲ
1453 2988 1614 3042 πάλιν
1639 2987 1804 3060 ἀλλην
1855 2987 2019 3042 αὐτοῦ

439 3061 737 3148 ἀμαρτίαν.
766 3078 922 3131 Ἔστι
957 3079 1088 3132 ποτὲ
1114 3077 1297 3130 λαϐεῖν
1333 3077 1734 3150 ἀμφιάσματα;
1775 3079 1848 3131 Οὐ
1881 3095 2023 3148 γυμ-

440 3171 556 3236 νοῦ,
611 3169 748 3224 ἀλλὰ
797 3170 1052 3224 πλουσίου
1105 3171 1320 3241 ἔχοντος
1359 3172 1700 3242 ἀποκείμενα
1751 3169 2024 3239 ἐνδύματα

442 3260 614 3316 πολλὰ
641 3259 843 3314 λαϐεῖν.
877 3261 1088 3334 Τρία...
1105 3261 1216 3333 (77)
1239 3261 1302 3333 δὴ
1336 3263 1365 3314 ό
1389 3259 1498 3314 τῶν
1524 3261 1729 3314 πολλῶν
1761 3263 1876 3314 ἐκεῖ
1904 3259 2024 3312 ἔλα-

443 3354 538 3407 ϐον
573 3353 876 3424 ἀμφίασιν·
932 3352 1070 3408 ἀλλὰ
1112 3353 1343 3424 γυμνοῦ,
1385 3353 1522 3408 ἀλλὰ
1568 3353 1844 3406 πλουσίου.
1901 3352 2024 3405 Ἐὰν

447 3444 629 3517 μέντοι
647 3461 710 3514 γε
734 3443 940 3516 χιτῶνά
960 3462 1043 3510 τις
1071 3443 1170 3517 ἔχῃ
1199 3444 1314 3511 ἕνα,
1346 3445 1440 3498 καὶ
1463 3443 1652 3498 τοῦτον
1679 3444 1770 3498 τὸν
1802 3444 2022 3514 χιτῶνα,

441 3537 715 3609 προφάσει
729 3537 823 3592 τοῦ
855 3539 1105 3592 ἀπαιτεῖν
1133 3538 1196 3591 τὺ
1225 3537 1378 3607 ἐμὸν,
1419 3536 1650 3602 ὲκδύσω,
1689 3535 1761 3607 μὴ
1797 3535 2026 3603 ἐλεήσας

445 3631 652 3684 ἐκεῖνον
676 3629 768 3683 τὸν
801 3630 1028 3700 γυμνὸν,
1055 3629 1322 3700 ἀμφίασιν
1347 3628 1444 3682 τοῦ
1471 3627 1679 3700 γυμνοῦ
1701 3627 2022 3698 ἀφειλόμην.

445 3720 624 3774 Πολλὰ
650 3721 706 3774 δὲ
751 3720 996 3785 τοιαῦτα,
1039 3721 1096 3774 ἐν
1129 3722 1260 3791 ἡμῖν
1298 3721 1526 3788 γίνεται,
1566 3721 1642 3772 ὅτ’
1677 3717 1744 3772 ἂν
1781 3717 2028 3782 δανείζω-

451 3829 569 3884 μεν,
597 3815 672 3867 ὅτ’
697 3813 764 3866 ἂν
785 3814 922 3884 πρὸς
951 3811 1232 3882 ὀφειλέτας
1257 3812 1564 3883 ἐρχώμεθα.
1593 3811 1862 3874 Πολλάκις
1880 3813 2028 3876 ὀφει-

447 3904 608 3976 λέτης
651 3903 806 3976 ἡμῶν
841 3905 919 3968 εἰς
962 3903 1268 3975 ὑπερϐολὴν
1313 3905 1558 3976 πένεται,
1615 3905 1688 3975 μὴ
1733 3903 2028 3974 δυνάμενος

450 3993 772 4050 ἀποδοῦναι·
807 3997 904 4048 καὶ
942 3995 1123 4065 ἡμεῖς,
1157 3993 1225 4046 τὰ
1272 3975 1555 4062 σπλάγχνα
1587 3991 1742 4064 ἡμῶν
1775 3993 2028 4046 ἀποκλεί-

443 4101 660 4152 σαντες,
693 4085 938 4156 ἀνηλεεῖς
971 4084 1066 4138 καὶ
1105 4083 1248 4154 ὼμώ¹
1290 4081 1574 4154 γινόμεθα,
1631 4085 1705 4154 μὴ
1741 4081 2028 4152 βλέποντες

445 4179 532 4233 δτι
573 4181 809 4248 γυναῖκα
846 4178 1038 4251 τρέφει
1080 4177 1174 4229 καὶ
1211 4175 1398 4240 τέκνα,
1435 4175 1530 4230 καὶ
1577 4175 1728 4246 μόλις
1771 4173 2030 4246 τρέφεται

457 4270 568 4324 ἀπὸ
595 4269 704 4324 τῶν
739 4267 1114 4341 ποριζομένων
1151 4266 1300 4337 αὐτῷ
1339 4266 1536 4334 ὀλίγων
1567 4263 1790 4318 ὀὸολῶν.
1850 4265 2030 4322 Ἀπαιο

447 4363 650 4434 τοῦμεν
688 4361 899 4434 πικρῶς
946 4361 1057 4415 ἔσθ’
1105 4361 1193 4413 ὅτε
1224 4361 1316 4414 καὶ
1361 4358 1596 4430 περισσὰ
1647 4357 1858 4427 ἔχοντες
1899 4359 2028 4428 παρ’

2117 1907 2310 1958 vitium
2343 1923 2354 1958 :
2392 1906 2486 1960 sed
2537 1906 2730 1960 videns
2763 1905 2954 1960 vitium
3001 1905 3200 1959 malum
3233 1919 3356 1959 esse
3387 1907 3638 1960 habitum
3671 1944 3688 1970 ,

2119 1999 2311 2053 deinde
2335 2008 2518 2067 postea
2551 2013 2669 2066 qua:
2693 2005 2820 2051 sunt
2843 2011 2874 2050 a
2901 1996 3042 2051 malo
3067 1996 3256 2052 habitu
3289 2007 3516 2065 peccata
3540 2018 3550 2052 :
3571 2012 3692 2067 quze

2117 2092 2252 2146 dixit
2285 2090 2700 2146 innumerabilia
2731 2105 2852 2148 esse
2887 2100 3130 2161 peccata.

2723 2172 2768 2200 ν

2293 2277 2360 2330 ν.
2389 2275 2443 2330 5.
2475 2275 2892 2329 Innumerabilia
2924 2285 3100 2329 autem
3137 2285 3353 2344 peccata
3396 2285 3510 2330 tua.

2197 2367 2463 2438 Suppouit
2494 2369 2596 2422 hoc
2623 2367 2847 2436 Eliphaz
2879 2369 2944 2423 de
2974 2365 3096 2422 Job.
3143 2366 3316 2421 Norat
3365 2381 3488 2421 eum
3523 2365 3693 2422 fuisse

2123 2463 2426 2526 divitem,et
2455 2461 2531 2514 ait
2555 2478 2569 2516 :
2590 2457 2826 2530 Pignora
2850 2460 3138 2528 accipiebas
3156 2476 3186 2512 a
3205 2458 3460 2529 fratribus
3495 2459 3601 2512 tuis
3623 2459 3693 2523 τ’,

2125 2563 2381 2622 tanquam
2417 2551 2693 2606 debitores
2741 2559 2948 2612 essent,
2976 2551 3068 2619 qui
3116 2550 3250 2604 nihil
3299 2549 3592 2604 debebant.
3625 2547 3695 2604 ll-

2121 2638 2212 2693 lud
2248 2638 2416 2703 enim,
2443 2635 2682 2708 Bignora
2723 2635 3027 2706 postulabas
3067 2637 3320 2706 inaniter,
3351 2639 3691 2694 tantumdem

2121 2729 2426 2800 significat-

2193 2845 2259 2900 ν.
2290 2844 2344 2900 6.
2374 2843 2612 2914 Pignora
2641 2841 2952 2911 postulabas
2977 2841 3172 2910 fratres
3210 2851 3328 2900 tuos
3367 2844 3621 2901 inaniter.

2195 2957 2469 3029 Ejusdem.
2497 2957 2688 3012 Adhuc
2717 2956 2904 3025 objicit
2930 2957 3074 3012 aliud
3107 2957 3300 3012 iterum
3333 2957 3451 3028 ejus
3501 2972 3698 3027 pecca-

2126 3061 2260 3106 tum.
2309 3050 2528 3105 Licetne
2575 3065 2814 3119 unquam
2875 3051 3122 3119 accipere
3155 3051 3520 3106 indumenta?
3578 3049 3700 3104 Non

2050 3134 2091 3190 C
2129 3145 2278 3212 nudi,
2311 3145 2407 3200 sed
2434 3143 2620 3198 divitis
2645 3143 2897 3211 accipere
2936 3143 3082 3208 licet,
3107 3144 3200 3212 qui
3227 3143 3398 3198 multa
3425 3143 3588 3198 habet
3613 3158 3700 3198 re-

2127 3238 2302 3306 posita
2336 3237 2678 3292 indumenta.
2733 3233 2983 3290 Tria.....
3021 3235 3233 3290 scilicet
3285 3235 3577 3290 multorum
3624 3235 3700 3288 ibi

2127 3332 2313 3401 accepi
2357 3332 2774 3387 indumentum:
2809 3331 2902 3387 sed
2927 3329 3089 3396 nudi,
3143 3329 3234 3384 sed
3289 3328 3493 3384 divitis.
3541 3329 3612 3382 At
3653 3330 3699 3382 si

2127 3425 2251 3493 quis
2286 3425 2522 3479 tunicam
2547 3424 2874 3496 singularem
2895 3423 3115 3486 habeat,
3141 3433 3195 3476 et
3215 3421 3316 3476 bac
3343 3422 3546 3485 tunica,
3567 3437 3702 3492 prae-

2133 3526 2281 3571 textu
2311 3517 2564 3588 exigendi
2592 3517 2734 3588 quod
2767 3531 2946 3571 meum
2974 3526 3076 3583 est,
3106 3531 3206 3588 ego
3251 3530 3374 3571 eum
3429 3516 3652 3584 spoliem
3685 3554 3700 3578 ,

2129 3623 2234 3661 non
2260 3607 2519 3661 misertus
2551 3607 2816 3662 nuditatis
2845 3606 2985 3675 ejus,
3011 3607 3406 3660 vestimentum
3439 3607 3566 3660 nudi
3587 3603 3707 3656 abs-

2131 3699 2240 3754 tuli.
2297 3698 2470 3754 .Multa
2504 3699 2808 3767 bujusmodi
2837 3713 2866 3751 a
2905 3697 3062 3753 nobis
3093 3699 3249 3763 ﬁunt,
3277 3698 3498 3766 quando
3516 3707 3704 3752 mutuo

2130 3791 2346 3857 damus,
2381 3792 2603 3860 quando
2638 3793 2704 3847 ad
2735 3791 3012 3848 debitores
3061 3791 3359 3863 pergimus.
3393 3793 3548 3860 Saepe
3579 3804 3708 3844 con-

2133 3883 2312 3952 tingit,
2347 3894 2405 3938 ut
2427 3884 2644 3938 debitor
2679 3896 2867 3941 noster
2907 3897 3154 3941 extrema
3207 3893 3524 3954 paupertate
3557 3881 3707 3936 labo-

2132 3988 2234 4041 ret,
2277 3977 2504 4030 reddere
2537 3992 2642 4031 nou
2705 3979 2939 4032 valens:
2997 3985 3051 4032 et
3109 3991 3208 4032 nos
3267 3980 3479 4031 viscera
3517 3986 3704 4031 nostra

2130 4063 2462 4128 claudentes,
2501 4066 2962 4122 iutmisericordes
2997 4079 3052 4122 et
3075 4067 3326 4122 crudeles
3371 4065 3562 4127 limus,
3597 4081 3702 4119 ηοει

2131 4157 2474 4208 attendentes
2503 4157 2642 4224 quod
2669 4171 2890 4212 uxorem
2914 4158 3007 4210 alit
3027 4170 3080 4212 et
3109 4158 3271 4224 lilios,
3293 4173 3356 4212 ac
3377 4158 3464 4210 vix
3488 4167 3704 4212 susten-

2133 4259 2278 4304 tatur
2301 4266 2329 4304 a
2353 4251 2542 4318 paucis
2587 4265 2709 4319 qua:
2758 4251 2862 4306 sibi
2901 4263 3158 4322 superant
3190 4251 3388 4306 obolis.
3423 4251 3704 4320 Exigimus

2133 4343 2338 4396 acriter
2373 4342 2686 4411 aliquando,
2713 4345 2926 4398 tametsi
2961 4343 3234 4414 superﬂua
3271 4359 3436 4413 penes
3464 4358 3564 4398 nos
3621 4359 3706 4398 re-

451 4459 690 4519 ὲαυτοῖς.
719 4455 904 4509 Ταῦτα
941 4450 1034 4508 οὖν
1056 4453 1204 4523 λέγει
1227 4451 1475 4520 ἐγκαλῶν
1497 4451 1577 4522 τῷ
1619 4451 1758 4515 Ἰὼϐ,
1804 4453 1884 4504 ὅτι
1923 4451 2018 4521 ἀμ-

2137 4431 2430 4488 tineaiuus.
2467 4431 2591 4488 Haec
2613 4433 2780 4504 igitur
2815 4433 3044 4504 culpans
3071 4437 3214 4502 apud
3248 4432 3370 4498 Job,
3400 4433 3532 4488 dicit
3560 4435 3706 4502 quod

452 4547 638 4616 φίασιν
657 4565 723 4617 γυ
733 4548 880 4619 μνῶν
899 4546 1138 4616 ἀφεῖλεν.

454 4641 600 4713 Στίχ.
629 4643 692 4706 ζ’.
719 4639 874 4696 Οὐδὲ
921 4641 1084 4713 *ὕδωρ
1135 4639 1442 4713 διψῶντας
1497 4639 1783 4713 ὲπότισας
1807 4657 1820 4668 ·
1871 4640 2032 4694 ἀλλὰ

761 4711 1097 4766 πεινώντων
1119 4710 1458 4778 ἐστέρησας
1489 4712 1718 4780 ψωμόν.

529 4805 641 4872 (78)
675 4807 778 4871 Εὶς
807 4804 874 4858 τὸ
923 4804 1088 4858 αὐτό.
1133 4802 1344 4856 Οὐκοῦν
1379 4803 1441 4855 οὐ
1505 4801 1664 4872 μόνον
1710 4801 1768 4854 τὸ
1804 4801 2029 4864 ἀδικεῖν,

456 4896 590 4956 ἀλλὰ
609 4897 702 4949 καὶ
728 4897 790 4950 τὸ
815 4895 889 4967 μὴ
913 4895 1222 4967 εὐεργετεῖν
1252 4892 1568 4946 ὑπεύθυνον.

528 4989 640 5062 (79)
666 4988 849 5042 Ταῦτα
875 4987 1052 5044 πάντα
1081 4984 1512 5057 κατηγορήματά
1537 4985 1662 5046 εἰσι,
1697 4986 1790 5038 καὶ
1817 4985 2032 5056 ἀληθῶς

453 5081 650 5151 ψεκτά.
697 5080 834 5134 Ἀλλ’
871 5083 972 5134 οὐκ
1007 5079 1178 5151 ἀληθῆ
1229 5078 1358 5149 περὶ
1399 5077 1493 5130 τοῦ
1536 5076 1674 5141 Ἰὼϐ,
1708 5077 1827 5130 οὐδὲ
1855 5077 2032 5140 καλῶς

455 5175 674 5246 ἐλέγετο
702 5177 830 5248 περὶ
861 5175 1048 5232 αὑτοῦ.

533 5268 646 5324 Τοῦ
699 5270 906 5324 αὐτοῦ.
967 5269 1204 5324 Τοιαῦτα
1251 5269 1460 5335 γίνεται
1519 5267 1576 5320 ὲν
1628 5267 1746 5327 ταῖς
1807 5266 2030 5335 πικραῖς

528 5385 575 5419 ⁷⁸
628 5391 770 5445 lsa.t
797 5426 811 5450 ,
847 5383 932 5438 18.
1011 5385 1054 5416 ⁷¹
1094 5384 1195 5444 hic,
1227 5401 1275 5439 v.
1309 5385 1360 5437 6.

529 5501 645 5575 (τε)
676 5501 809 5575 cod.
840 5479 968 5575 χιι,
985 5518 1107 5572 μου.

535 5571 647 5638 (75)
679 5571 790 5626 Hoc
829 5571 972 5641 φημί
991 5571 1064 5624 ex
1101 5571 1221 5624 cod.
1263 5585 1373 5623 χχι.

534 5643 646 5712 (74)
678 5642 810 5698 Cod.
844 5639 936 5696 εει
967 5641 1153 5695 tribuit
1190 5639 1496 5709 Olympiod.
1531 5655 1692 5710 quem
1739 5639 1860 5694 vide
1904 5656 2028 5711 pag.

460 5713 584 5768 377.

534 5782 647 5852 (75)
675 5781 726 5836 lu
757 5793 986 5850 utroque
1028 5782 1145 5835 cod.

2135 4524 2509 4579 indumentum
2543 4527 2812 4582 nudorum
2843 4526 3155 4582 abstulerit.

2135 4634 2198 4690 ν.
2248 4635 2300 4690 7.
2337 4639 2444 4695 Nec
2469 4653 2606 4707 aqua
2654 4639 2892 4698 sitientes
2931 4639 3161 4706 potasti;
3200 4639 3328 4708 quin
3358 4650 3404 4692 et
3432 4635 3703 4708 {antelicos

2667 4712 2882 4776 privasti
2907 4709 3159 4764 buccelta.

2204 4799 2270 4853 In
2295 4801 2456 4854 idem.
2517 4799 2662 4872 Ergo
2718 4817 2825 4856 non
2869 4803 3032 4858 modo
3077 4800 3270 4868 injuria
3306 4799 3522 4858 allicere
3551 4841 3566 4866 ,
3617 4803 3708 4856 sed

2133 4893 2296 4948 etiam
2333 4909 2440 4948 non
2475 4892 2694 4950 allicere
2725 4895 2990 4950 beneﬁcio
3022 4895 3075 4948 in
3104 4893 3260 4963 culpa
3297 4907 3403 4950 est.

2171 4985 2336 5050 .Haac
2387 4988 2572 5044 omnia
2606 4989 2984 5044 accusationes
3028 4997 3182 5052 sunt,
3215 4997 3273 5042 et
3321 5002 3450 5042 vere
3501 4987 3712 5054 vitupe-

2137 5084 2326 5136 randa.
2357 5081 2462 5136 Sed
2497 5095 2600 5136 non
2626 5096 2752 5134 vera
2783 5084 2960 5152 quoad
2986 5081 3108 5145 Job,
3144 5095 3319 5148 neque
3345 5080 3482 5135 bene
3505 5081 3570 5133 de
3598 5081 3714 5146 ipso

2135 5173 2279 5228 dicta
2305 5185 2453 5228 sunt.

2208 5265 2486 5336 Ejusdem.
2527 5268 2652 5323 Haec
2697 5269 3021 5336 contingunt
3055 5267 3108 5320 in
3164 5264 3380 5320 acerbis
3409 5262 3712 5318 exactioni-

2215 5502 2326 5572 (76)
2358 5500 2581 5572 Confer.
2609 5501 2820 5572 Qlymp.

2211 5569 2324 5642 (77)
2358 5571 2532 5626 Locus
2555 5569 2819 5642 deﬁciens
2838 5578 2892 5624 et
2930 5569 3240 5642 impeditus.

2219 5639 2334 5712 (78)
2363 5643 2513 5712 Cod.)
2538 5657 2650 5696 χιιι.
2677 5639 2896 5712 Confer.
2932 5639 3147 5712 Olympi.

2220 5650 2334 5768 (78)
2363 5650 2497 5696 Cod.
2538 5657 2650 5696 κει.
2677 5650 2896 5696 Uouler.
2932 5650 3147 5709 Ulymp.

2220 5713 2322 5779 (79,
2349 5713 2420 5767 Ex
2451 5711 2556 5767 alio
2585 5712 2709 5766 cod.
2739 5709 2954 5765 Confer.
2992 5719 3046 5764 et
3081 5709 3170 5766 hic
3203 5707 3416 5778 Olymp.

2315 5773 2322 5780 ρ
