4186 6400
502 302 573 356 83
1374 297 1933 354 SUPPLEMENTUM
1968 298 2062 352 AD
2095 297 2417 354 ORIGENIS
2455 297 2872 355 EXEGETICA.
3675 298 3748 351 88

507 418 631 472 bus.
660 414 964 486 Aliquando
996 414 1172 484 ipsam
1221 415 1519 470 buccellam
1568 417 1782 471 unicam
1819 433 1941 487 quis
1977 418 2061 469 ba-

2174 418 2551 487 ὰπαιτήσεσιν.
2592 418 2788 470 Ἐνίοτε
2823 417 2983 470 αὑτὸν
3012 416 3103 469 τὸν
3126 417 3314 486 ψωμὸν
3343 416 3456 485 ἔχει
3494 433 3574 479 τις
3609 417 3745 471 ἕνα*

506 506 766 561 betzetsi
809 506 1075 577 integrum
1105 520 1299 576 panem
1339 521 1448 562 non
1494 508 1727 570 habeat,
1776 507 2072 563 auferimus

505 596 577 659 ei,
613 596 856 652 dicentes
891 614 902 649 :
940 596 1008 650 At
1039 598 1253 651 debitor
1278 613 1358 652 es.

719 689 784 743 Υ.
817 689 872 743 9.
915 688 1117 744 Viduas
1145 700 1320 744 autem
1361 691 1618 745 dimisisti
1646 709 1859 746 vacuas.

588 780 970 845 Attendamus,
999 782 1045 836 si
1073 782 1233 837 vidua
1259 783 1477 838 domum
1508 794 1753 838 nostram
1803 785 2072 854 ingredia-

509 883 618 938 tur,
666 889 731 928 ne
760 890 999 944 unquam
1029 890 1255 930 vacuam
1284 892 1405 932 eam
1443 878 1802 933 dimittamus.
1833 877 1941 934 Pro
1987 877 2070 932 l'a-

503 966 705 1022 cultate
733 982 834 1022 sua
861 967 1090 1037 quisque
1119 983 1187 1024 ex
1212 983 1278 1024 eo
1293 970 1435 1038 quod
1461 969 1627 1025 habet
1649 972 1867 1040 impleat
1890 971 2068 1026 sinum

503 1059 700 1114 viduae.

823 1151 885 1205 V.
919 1152 974 1208 9.
1007 1150 1282 1222 Orphanos
1319 1163 1492 1207 autem
1535 1157 1750 1208 vexasti.

578 1239 853 1310 Ejusdem.
909 1240 1188 1297 Neminem
1254 1258 1449 1300 vexare
1495 1254 1744 1313 oportet:
1800 1248 2071 1316 praecipue

505 1343 683 1386 autem
720 1347 944 1389 necesse
973 1343 1057 1389 est
1079 1350 1306 1403 parcere
1331 1335 1612 1405 orphanis.
1641 1336 1747 1391 Pro
1785 1339 2070 1393 animabus

503 1425 647 1481 enim
676 1425 882 1480 auxilio
904 1427 1180 1481 destitutis
1202 1428 1548 1496 pugnandum
1574 1429 1744 1482 edixit
1764 1428 1923 1484 Deus.
1951 1427 2070 1486 Ρη

502 1514 709 1570 cameris
722 1530 854 1570 vero
873 1517 1184 1572 hominibus
1210 1555 1227 1581 ,
1276 1532 1539 1588 pauperes
1565 1559 1580 1581 ,
1629 1520 1802 1574 vidua:
1825 1561 1840 1584 ,
1876 1519 2066 1590 pupilli

505 1606 708 1664 auxilio
740 1608 1005 1679 indigent.

701 1700 766 1754 V.
797 1702 884 1759 10.
924 1700 1056 1756 Ideo
1095 1704 1552 1758 circumdederunt
1587 1717 1637 1758 te
1667 1706 1861 1774 laquei.

2177 507 2279 559 κᾶν
2305 509 2380 578 μὴ
2405 507 2502 578 ἔχῃ
2534 508 2697 578 ἄρτον
2729 507 3042 578 ὁλόκληρον,
3081 507 3422 578 ἀφαιροῦμεν
3462 508 3554 561 ἀπ’
3579 509 3748 562 αὑτοῦ

2173 598 2422 665 λέγοντες
2446 618 2457 629 ο
2501 601 2638 651 Ἀλλ’
2664 600 2898 667 ὀφείλεις
2925 601 3058 668 (80).

2315 691 2462 760 Στίχ.
2505 691 2570 745 θ’.
2610 691 2808 758 Χήρας
2834 691 2902 743 δὲ
2932 692 3366 757 ἐξαπέστειλας

2245 783 2609 853 Προσέχωμεν
2627 783 2722 836 ἐὰν
2749 785 2891 854 χήρα
2915 784 3069 853 ἡμῶν
3085 783 3301 856 εἰσέλθῃ
3325 786 3404 847 είς
3426 784 3520 855 τὴν
3540 784 3742 851 οἰκίαν,

2179 877 2388 946 μήποτε
2422 876 2583 946 κενὴν
2612 876 2781 946 αὐτὴν
2827 877 3311 946 ὲξαποστείλωμεν.
3364 876 3522 929 Κατὰ
3578 875 3748 932 δῦνον-ι

2175 985 2267 1036 μιν
2301 967 2527 1030 ἕκαστος
2557 964 2690 1036 πρὸς
2711 968 2740 1018 ὃ
2777 967 2888 1035 ἔχει
2922 967 3262 1038 πληρωσατω
3290 967 3382 1019 τὸν
3411 967 3609 1023 κόλπον
3641 967 3741 1037 τῆς

2173 1060 2370 1128 χήρας·

2335 1147 2446 1216 (81)
2500 1149 2644 1216 Στίχ.
2687 1148 2751 1200 θ’.
2806 1147 3124 1214 Ὀρφᾶν-οὺς
3160 1147 3226 1199 δὲ
3254 1148 3584 1214 ἐκάκωσας.

2246 1239 2356 1291 Τοῦ
2387 1238 2594 1292 αὑτοῦ,
2627 1238 2835 1291 Οὐδένα
2859 1240 2955 1307 μὲν
2981 1239 3061 1290 δεῖ
3101 1237 3324 1299 κακοῦν,
3365 1238 3652 1308 ἐξαιρέτως
3683 1237 3744 1290 δὲ

2172 1329 2276 1401 χρὴ
2308 1329 2583 1396 φείδεσθαι
2616 1330 2724 1382 τῶν
2750 1331 3020 1401 ὀρφανῶν.
3059 1332 3192 1400 Περὶ
3222 1331 3331 1400 γὰρ
3359 1330 3465 1383 τῶν
3503 1328 3739 1398 ἀϐοηθή-

2167 1436 2276 1473 των
2302 1420 2489 1490 ψυχῶν
2518 1422 2776 1492 πολεμεῖν
2827 1425 2856 1474 ὀ
2904 1423 3036 1486 Θεὸς
3073 1422 3393 1475 ἐνετείλατο.
3441 1421 3658 1475 Μᾶλλον
3681 1421 3737 1472 δὲ

2170 1513 2322 1582 παρὰ
2350 1514 2475 1576 τοὺς
2495 1512 2686 1572 ἄλλους
2711 1514 3051 1584 ἀνθρώπους,
3091 1515 3317 1583 πτωχοὶ,
3359 1513 3546 1584 ᾑραι,
3572 1512 3742 1584 oppa-

2169 1604 2249 1655 vni.
2280 1603 2486 1657 δέονται
2519 1605 2792 1674 βοηθείας.

2273 1699 2420 1767 Στίχ.
2452 1696 2502 1748 ι’.
2534 1699 2850 1767 Τοιγαροῦν
2879 1697 3235 1751 ἐκύκλωσὰν
3262 1711 3336 1749 σε
3373 1694 3637 1765 πατίδες.

573 1790 822 1862 Laqueos
853 1793 1106 1863 appellat,
1133 1809 1197 1849 ea
1227 1810 1348 1864 qua:
1376 1795 1454 1850 illi
1485 1809 1779 1852 evenerant
1806 1817 1818 1850 :
1853 1799 1906 1851 in
1927 1812 2061 1866 quos

2244 1787 2484 1855 Παγίδας
2517 1788 2662 1855 λέγει
2706 1791 2772 1842 τὰ
2807 1788 3194 1858 ωμῦεὸηκότα
3230 1787 3400 1857 αὐτῷ,
3437 1788 3495 1838 ὲν
3527 1782 3614 1848 αἷς
3640 1787 3740 1856 ἑμ-

503 1884 718 1949 incidit,
755 1886 952 1954 quibus
983 1887 1147 1940 etiam
1181 1886 1505 1957 illaqueatur
1534 1889 1677 1944 illius
1700 1890 1880 1944 anima
1901 1905 1968 1944 ex
1999 1891 2065 1944 iis

501 1990 620 2046 qua:
656 1974 729 2029 illi
755 1976 1091 2030 acciderant.

817 2069 882 2123 ν.
921 2071 1008 2123 11.
1046 2070 1162 2124 Lua:
1187 2073 1280 2125 tibi
1308 2073 1532 2126 tenebris
1554 2075 1741 2126 evasit.

570 2159 626 2213 ln
656 2159 778 2215 luce
805 2174 948 2224 eras,
981 2162 1205 2230 quando
1243 2177 1374 2232 opes
1409 2162 1649 2217 habebas
1676 2202 1692 2227 ,
1745 2163 1962 2232 quando
1997 2163 2062 2217 li-

496 2252 612 2308 beri
642 2253 716 2307 tui
753 2256 1077 2322 superstites
1106 2266 1287 2317 erant,
1333 2257 1554 2326 quando
1579 2273 1769 2312 sanum
1802 2267 1920 2313 erat
1941 2273 2064 2313 cor-

497 2362 598 2416 pus
625 2357 794 2402 tuum.
824 2348 975 2403 Nunc
989 2357 1168 2404 autem
1193 2351 1346 2419 quasi
1373 2351 1425 2403 in
1447 2349 1697 2406 tenebras
1714 2350 2061 2418 descendisti,

495 2442 550 2494 in
587 2442 897 2509 hujusmodi
929 2457 1120 2512 nempe
1143 2444 1504 2499 calamitates.

566 2531 636 2588 In
668 2533 827 2587 idem.
857 2533 969 2588 Hoc
995 2543 1098 2598 est,
1131 2535 1182 2588 in
1206 2534 1518 2601 solitudine,
1555 2546 1612 2589 et
1665 2536 1768 2592 sub
1796 2537 1886 2592 dio
1919 2538 2062 2608 posi-

496 2634 604 2687 tus,
641 2625 1008 2690 errabundus,
1033 2628 1292 2689 extorris.
1324 2638 1379 2681 et
1412 2628 1529 2682 sine
1559 2627 1699 2684 lare.

633 2719 698 2773 ν.
735 2719 821 2776 1-1.
854 2718 1229 2772 Dormitantem
1266 2729 1438 2772 autem
1468 2731 1517 2774 te
1549 2739 1686 2791 aqua
1709 2723 1931 2789 aperuit.

564 2808 700 2874 Hoc,
731 2811 1104 2870 dormitantem
1126 2820 1174 2864 te
1187 2827 1323 2880 aqua
1349 2814 1574 2877 operuit,
1601 2813 1906 2881 signiﬁcat:
1931 2827 2062 2882 ope-

496 2902 606 2960 ruit
658 2912 709 2957 te
740 2902 1019 2956 contraria
1052 2903 1244 2956 virtus.
1301 2902 1437 2970 Quia
1473 2919 1576 2957 non
1612 2905 1894 2974 vigilabas,
1931 2907 2060 2976 quia

495 3010 601 3057 non
659 2995 987 3050 dormiebas.
1051 2994 1213 3049 Novit
1257 3005 1436 3050 autem
1477 2997 1754 3065 Scriptura
1806 3012 2059 3053 somnum

2166 1880 2476 1940 πέπτωκεν.
2510 1883 2588 1943 εἰς
2613 1880 2678 1942 ἃς
2713 1881 2807 1933 καὶ
2824 1881 3172 1948 παγιδεὺεται
3202 1881 3366 1933 αὑτοῦ
3392 1882 3425 1950 ἡ
3452 1880 3598 1951 ψυχὴ
3631 1879 3748 1934 ἀπὺ

2164 1969 2273 2021 τῶν
2297 1969 2722 2041 συμϐεϐηκότων
2743 1971 2908 2040 αὐτῷ.

2377 2064 2522 2133 Στίχ.
2552 2063 2644 2118 ια’.
2681 2065 2751 2118 Τὸ
2784 2064 2907 2132 φῶς
2933 2080 3033 2118 σοι
3059 2069 3277 2130 σκότος
3313 2065 3525 2131 ἀπέϐη.

2247 2155 2334 2207 Ἐν
2384 2159 2523 2224 φωτὶ
2556 2153 2644 2227 ἧς.
2692 2158 2779 2210 ὅτε
2824 2159 2892 2211 τὰ
2945 2160 3259 2229 ὑπάρχοντά
3300 2175 3384 2210 σοι
3423 2154 3512 2227 ἦν,
3543 2158 3632 2210 ὅτε
3669 2156 3740 2211 τὰ

2164 2246 2328 2299 τέκνα
2359 2263 2451 2299 σου
2483 2249 2695 2318 περιῆν,
2726 2251 2814 2301 ὅτε
2849 2249 3058 2315 ὑγίαινέ
3087 2266 3179 2302 σου
3223 2250 3284 2302 τὺ
3313 2250 3491 2319 σῶμα.
3541 2248 3652 2300 Νῦν
3680 2247 3740 2301 δὲ

2164 2333 2274 2392 οἷον
2324 2342 2639 2404 εἰς.σκότος
2683 2343 3084 2412 κατασέϐηκας,
3125 2345 3204 2406 εἰς
3250 2343 3347 2405 τὰς
3388 2341 3737 2411 περιστάσεις

2165 2432 2390 2495 ταύτας.

2236 2525 2348 2595 (82)
2373 2527 2476 2590 Εις
2517 2526 2581 2578 τὸ
2611 2527 2779 2582 αὑτό.
2819 2527 3107 2578 Τουτὲστιν
3147 2528 3204 2578 ὲν
3238 2526 3468 2596 ἐρημία,
3510 2526 3606 2579 καὶ
3652 2527 3738 2578 αῐι.

2164 2615 2330 2686 θριος,
2357 2618 2579 2688 ἀλήτης,
2609 2620 2702 2672 καὶ
2730 2620 2925 2688 φυγὰς,
2955 2620 3049 2670 καὶ
3087 2619 3350 2680 ἀνέστιος.

2234 2709 2344 2779 (83)
2373 2710 2517 2780 Στίχ.
2546 2718 2631 2764 ια’.
2658 2710 3020 2779 Κοιμηθέντα
3049 2709 3114 2761 δὲ
3137 2709 3284 2776 ὕδωρ
3303 2725 3375 2761 σε
3403 2708 3733 2776 ἐκάιινψεγ.

2241 2800 2343 2866 Τὸ,
2393 2803 2747 2871 κοιμηθέντα
2784 2817 2856 2854 σε
2905 2801 3060 2867 ὕδωρ
3102 2800 3448 2868 ἐκάλυψεν,
3498 2799 3739 2853 τοιοῦτόν

2162 2901 2326 2952 ἐστιν·
2373 2895 2638 2963 Ἐκάλυψέ
2691 2910 2750 2946 σε
2801 2896 2833 2963 ἡ
2879 2892 3230 2961 ἀντικειμένη
3266 2892 3535 2961 ἐνέργεια.
3584 2891 3740 2943 Ἐπεὶ

2160 2992 2259 3043 οὐκ
2288 2988 2630 3061 ἐγρηγόρεις,
2661 2986 2783 3039 ἐπεὶ
2813 2987 2911 3054 οὐχ
2948 2984 3221 3047 ὖπνωσας.
3243 2980 3363 3036 Οἵδε
3393 2984 3448 3035 δὲ
3479 2985 3512 3051 ἡ
3545 2981 3745 3058 Γραφὴ.

493 3087 782 3156 quemdam
811 3087 1042 3156 peccati.
1071 3086 1278 3142 Idcirco
1312 3089 1568 3158 praecepit
1626 3089 1782 3144 nobis
1817 3089 2007 3145 dicens
2039 3110 2051 3145 :

2164 3084 2331 3136 ὕπνον
2355 3082 2476 3135 τινὰ
2504 3081 2795 3150 ἁμαρτίας.
2839 3080 2930 3132 Διὸ
2956 3077 3263 3131 ἐντέταλται
3302 3078 3434 3146 ἡμῖν
3471 3076 3736 3142 λέγουσα·

497 3179 578 3236 Ne
605 3183 694 3236 des
717 3196 957 3235 somnum
987 3180 1150 3236 oculis
1176 3173 1299 3246 tuis,
1318 3197 1477 3250 neque
1497 3181 1915 3237 dormitationem
1944 3185 2062 3252 pal-

493 3277 684 3343 pebris,
714 3284 772 3328 ut
796 3278 936 3330 vivas
967 3285 1215 3344 tanquam
1252 3278 1440 3328 dorcas
1468 3291 1496 3329 e
1521 3275 1740 3346 laqueis,
1770 3287 1819 3331 et
1855 3287 1910 3330 ut
1950 3280 2061 3334 avi-

493 3369 612 3426 cula
644 3385 710 3423 ea:
733 3369 917 3439 laqueo
945 3367 1012 3422 ⁷³.

612 3462 678 3519 ν.
709 3463 795 3517 12.
822 3461 1012 3517 Nonne
1034 3463 1125 3532 qui
1157 3462 1402 3517 sublimia
1432 3462 1638 3528 incolit,
1671 3465 1950 3519 intuetur?

560 3553 632 3607 At
665 3553 811 3608 enim
851 3561 1106 3622 reputas,
1164 3568 1506 3624 nequaquam
1535 3555 1722 3609 videre
1759 3570 1882 3624 qua:
1929 3554 2066 3608 ﬁunt

497 3649 689 3711 Deum,
712 3647 804 3715 qui
845 3645 901 3700 in
950 3646 1274 3702 sublimibus
1323 3646 1613 3702 inhabitat.
1645 3647 1716 3703 Ut
1748 3648 1912 3719 igitur
1940 3649 2062 3703 uni-

491 3751 651 3792 versa
680 3736 922 3804 intuens,
949 3751 1043 3793 eos
1081 3737 1173 3806 qui
1212 3753 1282 3793 ex
1313 3738 1710 3794 contumelioso
1753 3738 1944 3794 babitu
1967 3752 2062 3794 co-

492 3829 812 3901 gitationem
850 3828 1084 3898 superbe
1125 3829 1342 3895 tollunt,
1366 3829 1670 3898 pmcipites
1696 3831 1826 3900 agit.

493 3920 558 3974 V.
584 3919 672 3975 12.
703 3918 812 3974 Eos
839 3936 955 3974 vero
991 3920 1082 3991 qui
1108 3919 1426 3974 contumelia
1454 3921 1722 3990 feruntur,
1745 3920 2060 3974 humiliavit.

561 4061 625 4116 Si
655 4060 780 4130 quis
833 4061 1039 4114 feratur
1067 4058 1419 4124 contumelia,
1444 4067 1500 4114 et
1531 4059 1936 4129 quodammodo
1966 4061 2061 4114 ab-

491 4151 726 4220 ripiatur
745 4149 815 4204 ab
845 4150 1032 4204 habitu
1065 4149 1405 4204 conviciandi
1440 4158 1498 4207 et
1528 4160 1672 4216 actu,
1723 4151 1813 4206 bic
1859 4167 1887 4205 a
1948 4153 2060 4208 Deo

491 4243 830 4299 humiliatur.
857 4242 966 4298 Par
995 4255 1076 4300 est
1103 4245 1286 4314 igitur,
1314 4245 1440 4315 quia
1470 4254 1594 4300 ettu
1621 4246 1942 4299 contumelia
1975 4246 2061 4299 af-

490 4336 669 4392 fecisti
694 4336 883 4391 viduas
911 4345 967 4392 et
1002 4337 1260 4406 pupillos,
1306 4346 1360 4392 et
1414 4339 1642 4407 exegisti
1681 4339 1905 4408 pignora
1941 4341 2060 4394 ina-

2163 3174 2261 3241 Μὴ
2311 3172 2428 3238 δῷς
2476 3173 2671 3225 ὕπνον
2719 3171 2852 3237 σοῖς
2897 3171 3139 3239 ὄμμασι,
3187 3168 3343 3238 μηδὲ
3389 3169 3742 3238 νυστατμὸν·

2163 3264 2286 3330 τοῖς
2309 3263 2662 3332 βλεφάροις,
2696 3264 2796 3314 ἵνα
2821 3261 2970 3329 (riam
3004 3261 3205 3327 ὥσπερ
3237 3260 3454 3327 defuit;
3490 3260 3559 3313 ἐκ
3591 3259 3738 3326 ,ϐρόο

2163 3373 2306 3424 χων,
2337 3355 2434 3407 καὶ
2461 3353 2663 3421 ὥσπερ
2686 3353 2894 3420 ὄρνεον
2923 3354 2990 3404 ἐκ
3014 3353 3285 3420 παγίδος.

2165 3447 2278 3516 (81)
2305 3445 2450 3516 Στίχ.
2484 3446 2567 3497 ιε’.
2600 3443 2695 3511 Μὴ
2726 3444 2860 3511 οὐχὶ
2899 3446 2931 3497 ὁ
2964 3444 3034 3496 τὰ
3065 3443 3274 3510 ὑψηλὰ
3303 3444 3488 3495 ναίων
3513 3437 3736 3509 ἐξα-(πρῶ

2248 3537 2406 3591 Ἀλλὰ
2449 3536 2709 3606 νομίζεις,
2755 3535 2837 3586 ὅτι
2886 3535 2983 3603 οὐχ
3015 3536 3116 3604 ὁρᾷ
3141 3533 3211 3585 τὰ
3239 3532 3586 3603 πραττόμενα
3618 3533 3646 3583 ὁ
3678 3530 3738 3581 ἐν

2165 3630 2387 3701 ὑψηλοῖς
2431 3627 2698 3682 κατοικῶν
2730 3626 2880 3688 Θεὸς.
2923 3621 3025 3677 Οἷα
3067 3626 3248 3677 τοίνυν
3287 3626 3461 3678 πάντα
3503 3621 3734 3691 ἐφορῶν,

2163 3724 2288 3786 τοὺς
2325 3723 2428 3775 ὑπὸ
2459 3722 2556 3791 τῆς
2586 3718 2901 3790 ὑϐριστικῆς
2938 3719 3104 3782 ἕξεως
3144 3719 3486 3789 ἐπηρμένους
3516 3715 3577 3767 τὸ
3605 3713 3736 3784 φρό-

2163 3832 2227 3886 νη
2237 3832 2312 3885 μα
2343 3814 2658 3885 καταφέρει.

2165 3907 2278 3978 (85)
2305 3906 2450 3977 Στίχ.
2485 3906 2570 3960 ιδ’.
2615 3906 2766 3972 Τοὺς
2804 3905 2870 3957 δὲ
2915 3905 3072 3970 iipr
3107 3900 3471 3971 φερομένους
3508 3895 3734 3950 ἐταπειο

2846 3991 3062 4027 νωσεν.

2234 4072 2299 4123 Et
2327 4088 2407 4132 τις
2442 4070 2661 4140 φέρεται
2705 4068 2878 4138 ὕϐρει,
2910 4067 3003 4120 καὶ
3034 4065 3195 4117 οἱονεὶ
3240 4061 3601 4130 κατασῦρεται
3631 4053 3742 4110 ὑπὺ

2163 4164 2480 4235 ὑϐριστικῆς
2531 4163 2695 4228 ἕξεως
2739 4162 2833 4214 καὶ
2876 4158 3146 4230 πράξεως,
3193 4152 3344 4218 οὗτος
3387 4153 3736 4207 ταπεινοῦται

2164 4257 2267 4308 ὑπὸ
2297 4255 2389 4308 τοῦ
2415 4255 2570 4308 Θεοῦ.
2601 4253 2760 4316 Εἰκὸς
2792 4248 2906 4313 οὖν,
2940 4249 3064 4303 ἐπεὶ
3093 4249 3185 4302 καὶ
3215 4250 3277 4301 σὺ
3311 4247 3538 4317 ὕϐρισας
3562 4245 3736 4314 χήρας

2162 4350 2257 4408 κα)⁵
2295 4348 2579 4418 ὀρφανοὺς,
2623 4347 2715 4398 καὶ
2748 4342 3089 4414 ὴνεχὺρασας
3127 4339 3376 4407 διακενῆς
3423 4338 3548 4398 τοὺς
3578 4333 3734 4387 ἁδελ-

489 4429 634 4483 niter
659 4442 689 4480 a
719 4427 982 4481 fratribus
1013 4428 1157 4493 tuis;
1211 4436 1272 4481 ut
1326 4427 1534 4483 idcirco
1564 4427 1679 4480 haec
1723 4429 1974 4496 patiaris,
2005 4437 2060 4485 et

2166 4442 2297 4510 φούς
2321 4458 2442 4493 σου·
2480 4438 2566 4491 διὰ
2597 4437 2755 4490 τοῦτο
2794 4436 2965 4488 ταῦτα
3008 4433 3301 4496 πέπονθας,
3353 4433 3446 4484 καὶ
3487 4427 3732 4482 τεταπεί-

489 4519 803 4575 humiliatus
833 4519 1020 4574 lueris.

735 4611 802 4666 ν.
828 4613 913 4667 15.
953 4611 1023 4666 Et
1049 4613 1254 4681 dixisti,
1284 4612 1424 4679 Quid
1455 4616 1594 4668 novit
1634 4613 1851 4669 Fortis?

557 4704 666 4758 Par
681 4712 796 4760 est:
825 4707 953 4775 quia
979 4714 1035 4760 tu
1072 4714 1246 4760 tecum
1280 4705 1485 4770 dixisti,
1516 4705 1657 4772 Quid
1682 4709 1820 4761 novit
1835 4707 2060 4763 Fortis?

487 4796 646 4866 quasi
678 4797 902 4863 dixeris,
939 4797 1196 4853 Potestne
1225 4798 1408 4852 omnia
1440 4800 1658 4854 novisse
1693 4798 1872 4855 Deus?

777 4890 842 4945 γ.
877 4891 967 4945 15.
1005 4892 1112 4945 Aut
1145 4891 1201 4944 in
1227 4889 1451 4960 caligine
1464 4890 1772 4958 judicabit?

560 4977 828 5048 Ejusdem.
885 4979 1072 5036 Potest
1130 4988 1310 5034 autem
1343 4979 1590 5047 judicare
1641 4978 1782 5038 Deus
1806 4982 2059 5040 etiamin

487 5071 727 5143 procella
749 5073 1032 5130 exsistens.

783 5165 848 5218 ν.
882 5165 968 5218 14.
1004 5163 1072 5217 Et
1097 5165 1269 5218 orbem
1289 5164 1407 5217 cmli
1435 5164 1757 5219 obambulat.

553 5256 740 5311 Ambit
761 5267 818 5311 et
845 5257 1316 5326 circumplectitur
1339 5256 1435 5314 Dei
1465 5259 1829 5328 providentia.

555 5396 602 5427 ’³
633 5394 795 5450 Prov.
829 5409 907 5460 v1,
934 5395 989 5459 4,
1013 5394 1067 5449 5.

557 5507 669 5576 (80)
699 5510 766 5563 ν.
798 5509 832 5564 8
857 5519 1036 5564 exstat
1073 5520 1202 5562 tom.
1232 5509 1353 5574 XII,
1378 5510 1479 5565 col.
1520 5511 1677 5565 1058.

556 5579 768 5714 (ἐρέῃ
792 5579 914 5635 cod.
944 5596 1037 5634 xxI
1065 5581 1455 5665 phrysostomo
1476 5583 1756 5661 tribuitur.

729 5652 820 5707 od.
850 5667 960 5705 xxI.
994 5651 1149 5705 Altus
1180 5653 1366 5705 tribuit
1395 5650 1609 5706 loanm.

556 5651 670 5793 (83)
695 5721 827 5778 Cod.
861 5739 954 5778 xxi
989 5722 1176 5778 tribuit
1209 5723 1423 5793 (ilymp.
1450 5722 1640 5792 Aquila
1673 5735 1727 5780 et

555 5719 670 5793 (83)
695 5721 827 5778 Cod.
861 5739 954 5778 xxI
989 5722 1176 5778 tribuit
1209 5723 1423 5795 (ilymp.
1450 5722 1640 5792 Aquila
1673 5735 1727 5780 et
1763 5724 2055 5793 Thcodot.,

2166 4548 2353 4584 νωσαι.

2297 4623 2444 4692 Στίχ.
2481 4628 2567 4689 ιγ’.
2602 4621 2712 4675 Kal
2752 4616 2944 4683 εἶπας,
2982 4620 3040 4672 Τί
3066 4619 3215 4685 ἔγνω
3255 4619 3285 4667 c'
3324 4613 3627 4681 Ἰσχιγιίςί

2235 4716 2414 4779 Εἰκὸς,
2433 4717 2511 4768 ὅτι
2541 4717 2604 4768 σὺ
2630 4714 2810 4781 ἔλεγες
2835 4711 2974 4765 κατὰ
2997 4711 3210 4770 σαυτὸν,
3235 4711 3292 4762 Τι’
3309 4708 3460 4775 ἔγνω
3483 4705 3733 4770 ό,“1σχυ-

2158 4809 2303 4874 ρός;
2339 4801 2484 4870 Οἷον,
2521 4806 2754 4859 Δύναται
2782 4805 2956 4858 πάντα
2981 4803 3275 4871 ἐγνωκέναι
3304 4803 3333 4852 ὁ
3355 4798 3520 4861 Θεὸςς

2342 4897 2485 4968 Στίχ.
2519 4904 2604 4965 ιγ’.
2634 4900 2703 4953 ‘H
2729 4897 2879 4950 κατὰ
2909 4894 3016 4948 τοῦ
3035 4896 3262 4964 γνόφου
3295 4892 3516 4960 κρινεῖἶ

2235 4989 2349 5044 Τοῦ
2380 4991 2587 5043 αὑτοῦ.
2619 4990 2848 5043 Δύναται
2881 4988 2942 5041 δὲ
2967 4988 3172 5059 κρίνειν
3200 4988 3228 5038 ὁ
3253 4985 3382 5047 Θεὸς
3410 4982 3502 5035 καὶ
3536 4982 3594 5034 ἑν
3619 4993 3734 5052 χιι-

2161 5083 2300 5156 μῶνι
2332 5083 2638 5154 γενόμενος.

2260 5175 2410 5243 Στίχ.
2442 5175 2523 5230 ιδ’.
2555 5175 2664 5230 Καὶ
2703 5175 2887 5244 γῦρον
2933 5171 3194 5240 οὐρανοῦ
3232 5167 3662 5236 διαπορεύεται.

2241 5268 2683 5339 Ἐκπεριέρχεται
2711 5268 2745 5336 ἡ
2776 5265 2998 5336 πρόνοια
3023 5262 3116 5316 τοῦ
3149 5262 3304 5315 Θεοῦ.

2170 5515 2278 5568 Καὶ
2307 5513 2505 5582 πλῆθος
2534 5515 2740 5568 ὑδάτων
2776 5515 3003 5583 καλύψει
3037 5531 3115 5566 σε.

2239 5586 2351 5650 (8.1)
2379 5585 2512 5639 Cod.
2547 5603 2658 5639 ut.
2695 5586 2891 5639 Confer
2932 5586 3142 5650 ()lvmp.

2234 5656 2348 5725 (ὃῆ)
2389 5657 2566 5712 Codex
2595 5668 2818 5725 uterque
2846 5655 3037 5711 tribuit
3065 5653 3310 5726 Origeni.
