4186 6444
453 361 526 420 85
1631 359 2172 418 ENARRATIONES
2203 364 2270 418 IN
2309 365 2447 422 103.
3625 370 3706 430 .85

621 475 767 547 Στίχ.
799 483 881 530 ιε’.
913 473 1010 548 Μὴ
1044 479 1246 547 τρίϐον
1273 477 1512 532 αἰώνιον·
1543 479 1858 548 φυλάξῃς

517 563 610 636 Μὴ
653 563 874 618 δύνασαι
910 567 972 618 σὺ
1011 567 1110 638 τὴν
1154 567 1336 638 τρίϐον
1383 567 1481 639 τὴν
1525 567 1761 632 αἰώνιον,
1807 569 1926 623 καθ’
1961 565 2028 641 ἧς

449 651 740 723 πορεύεται
774 655 806 725 ἡ
843 655 1064 724 πρόνοια
1089 655 1182 708 τοῦ
1205 655 1361 721 Θεοῦ,
1395 659 1760 729 ἐπιτηρῆσαις

516 741 628 812 (86)
663 741 808 812 Στίχ.
846 749 927 797 ιε’.
969 745 1074 799 Ἢν
1106 743 1419 813 ἐπάτησαν
1455 747 1672 814 ἄνδρες
1716 745 1950 800 δίκαιοι.

521 833 632 886 Τοῦ
658 833 863 890 αὐτοῦ.
893 835 1004 905 Τὴν
1030 835 1213 906 τρίϐον
1241 837 1340 907 τὴν
1372 837 1587 892 αἰώνιον
1620 837 1898 908 ἐπάτησαν
1927 837 2015 890 ἄν·

446 924 568 994 δρες
617 923 831 979 δίκαιοι.
877 927 1033 980 Κατὰ
1073 927 1182 998 γὰρ
1231 927 1416 1000 τρίϐου
1463 927 1686 991 αίωνίας
1727 927 2020 998 βαίνουσιν.

459 1015 609 1069 Ἐπεὶ
633 1017 809 1071 πάντα
839 1019 1022 1082 αὐτοῖς
1051 1021 1328 1091 πρόκειται
1362 1022 1643 1092 πράττειν,
1677 1018 1816 1072 ὥστε
1840 1025 2022 1090 τυχεῖν

443 1110 538 1165 τοῦ
566 1111 850 1182 μέλλοντος
882 1113 1096 1178 αἰῶνος.
1145 1116 1264 1169 Κᾶν
1299 1116 1529 1169 δοκῶσιν
1565 1111 1656 1170 οὖν
1702 1116 1897 1186 ἐπίσης
1929 1116 2023 1185 βα-

440 1202 627 1269 δίζειν,
657 1205 770 1264 ἀλλ’
805 1208 836 1277 ἡ
871 1204 1018 1278 ψυχὴ
1047 1207 1184 1276 αὑτὴ
1227 1208 1495 1270 ἐπιϐαίνει
1537 1207 1738 1279 τρίϐων
1767 1207 2016 1266 αἰωνίων.

599 1395 710 1469 (87)
743 1397 890 1468 Στίχ.
929 1405 1023 1461 ις’.
1058 1397 1126 1451 Οἳ
1155 1399 1636 1469 συνελήφθησαν
1664 1402 1858 1471 ἄωροι.

508 1488 774 1554 Πολλάκις
828 1491 1024 1543 δίκαιοι
1087 1491 1192 1562 πρὸ
1242 1493 1436 1565 καιροῦ
1487 1495 1861 1566 ἐτελεύτησαν.
1925 1501 2017 1550 Ta—

436 1579 701 1646 λεῑωθεὶς
726 1581 836 1649 γὰρ
860 1581 952 1633 ἐπ’
989 1581 1170 1651 ὀλίγῳ
1197 1585 1228 1636 ὁ
1251 1584 1498 1652 δίκαιος,
1531 1587 1846 1654 ἐπλήρωσε
1875 1593 2014 1656 χρά-

423 1687 582 1736 ⁴κους
607 1674 874 1740 μακρούς
893 1688 905 1702 ·
935 1673 1100 1744 ἀρετὴ
1126 1673 1237 1746 (88)
1267 1675 1372 1748 γὰρ
1403 1679 1459 1730 ἐν
1497 1677 1573 1748 τῷ
1599 1678 1787 1749 Κυρίῳ
1811 1681 1843 1750 ἡ
1867 1681 2011 1752 ψυχὴ

436 1779 621 1814 αυτου.

439 1855 585 1924 Ετίχ.
619 1862 712 1919 ις’.
743 1857 1012 1926 Ποταμὸς
1057 1859 1341 1928 ἐπιρρέων
1377 1865 1440 1915 οὶ·
1491 1861 1746 1932 θεμέλιοι
1793 1865 2006 1918 αὐτῶν.
2043 1841 2084 1896 Β

509 1944 869 2002 Τοῦ-αὑτοῦ.
918 1949 1036 2002 Τῶν
1069 1949 1289 2004 δικαίων
1333 1955 1380 2004 οἱ
1425 1952 1664 2024 θεμέλιοι
1705 1949 1817 2008 οἷόν
1849 1959 2006 2012 εἰσιν.

445 2035 555 2090 Ἀεὶ
587 2041 1002 2110 προκόπτουσιν,
1037 2043 1123 2098 ἀεὶ
1158 2043 1412 2108 αὔξουσιν
1441 2048 1498 2098 ἐν
1524 2049 1636 2109 τοῖς
1669 2046 1912 2114 ἀγαθοῖς.

429 2126 579 2196 Στίχ.
633 2133 722 2197 ιη’.
762 2131 866 2196 Ὃς
897 2131 966 2185 δὲ
1001 2131 1306 2256 ὲνεὲτλτὲιζε
1350 2134 1486 2200 τοὺς
1545 2135 1754 2201 οἴκους
1813 2137 2010 2192 αὐτῶν

1133 2221 1204 2256 να
1239 2221 1346 2256 ων.

1133 2221 1346 2271 rantur.

505 2279 614 2338 Τοῦ
652 2287 858 2342 αὑτοῦ.
901 2289 1022 2344 Τῶν
1060 2291 1284 2346 δικαίων
1332 2293 1598 2368 ἐνέπλησε
1647 2301 1774 2364 τοὺς
1823 2302 2006 2366 οἴκους

427 2376 666 2443 ἀγαθῶν.
725 2375 866 2448 Ἐγὼ
905 2382 1004 2436 οὐκ
1043 2383 1228 2438 ἀκούω
1273 2385 1415 2452 τοὺς
1457 2389 1664 2456 οἴκους
1716 2394 1997 2460 τούτους·

427 2467 564 2521 ἀλλὰ
592 2469 731 2537 τοὺς
759 2472 966 2540 οἴκους
989 2474 1207 2539 αὐτῶν,
1248 2477 1373 2540 τοὺς
1407 2479 1549 2533 κατὰ
1581 2481 1640 2534 τὸ
1677 2484 2004 2554 ἡγεμονικὸν

426 2561 717 2632 ἐνέπλησεν
749 2563 986 2631 ἀγαθῶν.
1021 2566 1198 2619 Ποίων
1227 2567 1480 2635 ἁγαθῶν;
1508 2573 1890 2644 Σωφροσύνης,
1922 2575 2001 2630 δι-

424 2653 736 2722 καιοσύνης,
765 2655 1030 2726 ἀνδρείας,
1056 2659 1387 2729 φρονήσεως,
1407 2661 1516 2716 τῶν
1539 2662 1654 2716 ἀπὸ
1667 2663 1774 2718 τῶν
1801 2665 1996 2738 ἔργων.

423 2742 678 2797 Τουτέστι
703 2745 764 2798 τὸ
793 2746 1142 2818 πληρωθῆναι
1170 2747 1352 2814 οἴκους
1387 2751 1626 2820 ἀγαθῶν.

493 2833 640 2903 Στίχ.
674 2833 757 2888 ιϐ’.
793 2837 1118 2904 Ἄμεμπτος
1153 2836 1222 2890 δὲ
1251 2839 1656 2909 ὲμυκτήρισεν
1680 2847 1922 2913 αὐτούς.

493 2925 686 2990 Τίνας;
711 2926 744 2998 ἢ
775 2927 873 2998 τὴν
902 2926 1094 2999 βουλὴν
1118 2927 1225 2982 τῶν
1249 2929 1494 2996 ἅσεϐῶν;
1531 2929 1654 2988 Οἷον
1672 2953 1684 2966 ε
1717 2934 1997 3005 βούλονταί

419 3033 540 3070 τινα
591 3017 864 3071 διδάσκειν
907 3019 976 3072 τὰ
1021 3021 1238 3074 ἐναντία
1287 3025 1352 3092 τῇ
1387 3023 1635 3097 ἀληθείᾳ,
1679 3030 1738 3080 ἐν
1779 3028 1858 3098 τῷ
1907 3029 1996 3082 λέ-

2055 491 2105 547 Α
2205 482 2268 535 V.
2305 485 2390 538 15.
2431 482 2684 555 Nunquid
2711 483 2951 538 semitam
2987 491 3236 542 cateruam
3265 488 3576 543 custodieris
3599 492 3626 544 Ρ

2199 573 2450 646 Nunquid
2478 585 2632 645 potes
2668 586 2720 630 tu
2751 576 3002 630 semitam
3043 586 3302 632 aeternam
3333 621 3348 645 ,
3404 583 3702 635 secundum

2128 682 2292 738 quam
2318 670 2496 738 pergit
2530 668 2710 723 divina
2739 667 3102 736 providentia,
3130 671 3426 726 observare
3445 673 3472 723 2

2407 760 2472 813 ν.
2505 760 2591 814 15.
2623 759 2794 824 Quam
2821 759 3092 814 calcarunt
3132 761 3228 814 viri
3253 760 3414 831 justi.

2201 850 2473 923 Ejusdem.
2499 851 2764 908 Semitam
2791 861 3050 907 aeternam
3083 853 3361 908 calcarunt
3391 853 3492 909 viri
3539 855 3699 922 justi.

2125 941 2228 996 Per
2257 944 2506 997 semitam
2545 943 2691 998 enim
2728 954 2988 998 aeternam
3029 945 3308 1000 incedunt.
3346 945 3699 1017 Quandoqui-

2124 1035 2243 1088 dem
2271 1039 2450 1090 omnia
2485 1035 2590 1090 illis
2617 1037 2954 1104 propositum
2987 1046 3072 1090 est
3097 1036 3298 1103 facere,
3333 1052 3440 1106 quo
3465 1053 3693 1107 compo-

2125 1135 2206 1182 tes
2240 1133 2373 1182 liant
2425 1128 2592 1182 futuri
2633 1129 2838 1184 szeculi.
2889 1129 3152 1196 Quamvis
3207 1129 3372 1198 igitur
3403 1130 3693 1185 videantur

2123 1237 2244 1274 cum
2273 1221 2429 1291 vulgo
2456 1220 2740 1286 incedere,
2765 1219 2947 1276 anima
2977 1230 3160 1276 tamen
3211 1221 3424 1276 illorum
3454 1221 3694 1293 ingredi-

2124 1321 2210 1364 tur
2243 1312 2462 1366 semitas
2485 1319 2736 1366 aeternas.

2387 1403 2450 1457 V.
2479 1403 2568 1460 16.
2603 1402 2708 1468 Qui
2735 1407 2936 1474 accepti
2967 1414 3088 1460 sunt
3114 1405 3411 1459 immaturi.

2190 1494 2344 1564 Saape
2368 1497 2499 1564 justi
2538 1505 2666 1550 ante
2701 1507 2914 1566 tempus
2950 1496 3076 1551 fatis
3125 1507 3533 1552 concesserunt.
3587 1497 3688 1566 Efv-

2119 1589 2282 1656 fectus
2323 1590 2458 1641 enim
2483 1587 2742 1656 perfectus
2767 1589 2823 1643 in
2849 1590 3056 1642 modico
3069 1589 3276 1657 justus,
3307 1590 3532 1658 explevit
3555 1599 3688 1644 tem-

2114 1697 2242 1746 pora
2267 1680 2422 1748 longa
2452 1694 2469 1730 :
2507 1679 2682 1732 virtus
2711 1678 2854 1732 enim
2889 1679 2944 1732 in
2973 1678 3206 1732 Domino
3231 1680 3412 1734 anima
3453 1679 3598 1735 illius
3619 1681 3686 1734 7‘.

2243 1865 2308 1920 V.
2348 1866 2434 1920 16.
2467 1865 2690 1920 Flavius
2728 1865 2976 1934 inﬂuens,
3009 1864 3355 1932 fundamenta
3377 1880 3576 1918 eorum.

2184 1959 2464 2032 Ejusdem.
2538 1956 2816 2012 Justorum
2871 1955 3224 2010 fundamenta
3280 1957 3685 2025 quodammodo

2110 2065 2255 2110 sunt.
2287 2053 2513 2120 Semper
2546 2049 2860 2120 proﬁciunt,
2896 2065 3109 2119 semper
3139 2059 3396 2110 crescunt
3423 2051 3476 2102 in
3501 2051 3677 2106 bonis.

2183 2145 2246 2201 ν.
2281 2145 2366 2200 18.
2403 2145 2505 2198 Ille
2527 2153 2704 2198 autem
2739 2143 2972 2213 implevit
3013 2144 3196 2198 domos
3229 2159 3408 2204 eorum
3435 2144 3604 2198 bonis.

2181 2283 2459 2352 Ejusdem.
2520 2281 2800 2337 Justorum
2847 2281 3038 2335 domos
3069 2279 3317 2350 implevit
3363 2280 3541 2334 bonis.
3571 2279 3679 2350 Ego

2106 2391 2213 2432 non
2247 2377 2406 2430 audio
2478 2375 2660 2430 domos
2697 2375 2872 2436 istas,
2924 2375 3019 2426 sed
3071 2374 3256 2428 donms
3307 2385 3507 2428 earum.
3567 2371 3678 2426 Has

2105 2469 2278 2538 quoad
2302 2467 2606 2537 principem
2633 2467 2800 2521 animi
2845 2465 3159 2522 facultatem
3215 2465 3444 2535 replevit
3495 2463 3671 2517 bonis.

2103 2559 2308 2626 Quibus
2333 2558 2532 2612 bonis?
2559 2557 2969 2626 Temperantia,
2994 2555 3210 2624 justitia
3235 2597 3252 2620 ,
3311 2553 3630 2608 fortitudine
3657 2593 3672 2618 ,

2101 2650 2407 2719 prudentia,
2439 2650 2762 2710 actionibus.
2787 2648 2903 2704 Hoc
2936 2658 3018 2703 est
3047 2647 3260 2716 replere
3278 2647 3466 2702 domos
3489 2644 3664 2702 bonis.

2207 2833 2270 2889 ν.
2291 2833 2376 2889 19.
2397 2833 2426 2888 Ι
2435 2831 2872 2904 rreprehensibilis
2901 2843 3071 2886 autem
3098 2830 3436 2886 subsannauit
3457 2845 3566 2883 eos.

2169 2924 2351 2992 Quos?
2431 2927 2514 2980 An
2550 2927 2880 2980 voluntatem
2915 2925 3244 2994 impiorum?
3278 2921 3450 2976 Puta:
3485 2921 3673 2974 volunt

2083 3019 2408 3088 quempiam
2443 3019 2640 3073 docere
2696 3018 2972 3073 contraria
3021 3015 3266 3080 veritati,
3295 3013 3546 3068 dicendo.
3603 3017 3672 3066 At

411 3119 570 3174 γαν.
619 3108 655 3163 ἃ
693 3109 910 3178 λέγουσι
947 3110 1190 3182 δόγματα
1233 3115 1482 3188 μοχθηρὰ
1521 3116 1754 3188 ἔχοντες.
1810 3121 1996 3176 Ταῦτα

2097 3125 2217 3180 qua:
2243 3111 2449 3177 dicunt,
2475 3113 2730 3180 dagmata
2753 3109 2956 3186 habent
2990 3108 3280 3178 ﬂagitiosa.
3321 3105 3446 3160 Haec
3481 3103 3566 3160 vir
3591 3104 3667 3156 ir-

417 3198 709 3268 ἄμεμπτος
733 3201 876 3271 ὁρῶν
906 3203 1242 3274 μυκτηρίζει.

419 3287 566 3359 Στίχ.
601 3289 668 3344 κ’.
702 3291 810 3347 Kal
848 3291 914 3344 τὸ
957 3294 1326 3376 medianum
1368 3301 1565 3356 αὐτῶν
1597 3304 1995 3376 καταφάγεται

1130 3381 1268 3420 π-υο.

665 3421 670 3426 ε
1130 3385 1268 3434 π-ιιρ.

492 3450 602 3504 Τοῦ
643 3452 850 3508 αὐτοῦ.
903 3453 1074 3508 Τοῦτο
1126 3457 1154 3510 ὃ
1201 3461 1622 3518 καταλέλειπται
1675 3466 1816 3520 κατὰ
1867 3470 1994 3532 τοὺς

405 3542 652 3608 τάσεῦεἴς,
691 3545 798 3600 τῶν
831 3548 1110 3620 προτέρων
1142 3551 1538 3619 ἀποθανόντων,
1573 3558 1634 3610 τὸ
1681 3557 1792 3630 πῦρ
1827 3569 1992 3615 κατα-

416 3652 670 3703 φαγεται.

411 3724 558 3796 Στίχ.
585 3724 688 3778 κδ’.
753 3727 972 3782 "Elatia
1003 3728 1072 3782 δὲ
1103 3731 1184 3818 ἐκ.
1215 3734 1511 3803 στόματος
1539 3741 1726 3796 αὑτοῦ
1777 3743 1988 3814 ἐξηγο-

1119 3819 1282 3868 ριιιν.

475 3885 592 3951 Τὴν
612 3881 1159 3962 ἐξητορίιινέζήτουν
1182 3896 1301 3947 κατ’
1331 3897 1582 3966 ἐμαυτὸν,
1620 3899 1672 3952 τί
1709 3903 1985 3972 σημαίνει.

409 3979 520 4042 Καὶ
539 3973 694 4050 εὗρον
719 3981 774 4034 ἐν
800 3981 940 4056 ἄλλῃ⁴
957 3983 1163 4038 ἐκδόσει
1190 3987 1302 4040 ἀντ’
1327 3989 1498 4058 αὐτῆς
1525 3991 1980 4064 ἐξομολόγησιν·

407 4070 576 4140 Φησὶν
621 4067 714 4124 οὖν
759 4072 990 4142 μᾶλλον·
1039 4073 1456 4148 Ἐξομολόγησαι
1501 4082 1638 4150 περὶ
1659 4081 1768 4136 τῶν
1800 4085 1982 4156 ἁμαρ-

404 4164 664 4234 τημάτων
699 4181 826 4218 σου·
877 4165 1070 4224 ἐκλαϐε
1112 4169 1220 4222 ἀπὸ
1269 4169 1364 4224 τοῦ
1411 4173 1676 4244 στόματος
1707 4175 1803 4228 τοῦ
1846 4176 1982 4230 Θεοῦ

403 4255 720 4328 είσηγορίαν
752 4258 848 4310 σὺν
873 4257 1284 4329 ἐξομολογήσει·
1315 4262 1552 4320 avenas
1581 4265 1638 4318 δέ
1665 4266 1732 4320 τὰ
1762 4269 1983 4340 ῥήματα

387 4345 570 4400 ,αὑτοῦ
615 4349 680 4401 ἐκ
725 4348 950 4420 καρδίας
990 4368 1102 4404 σου.
1136 4353 1320 4406 Ταῦτα
1351 4355 1405 4408 δὲ
1438 4355 1621 4425 ἔλεγεν
1661 4361 1690 4412 ὁ
1735 4359 1982 4430 Ἐλιφὰζ,

400 4438 684 4502 νουθετῶν,
715 4440 790 4504 ὼς
821 4441 976 4510 ῷετο,
1007 4444 1100 4498 τὸν
1142 4445 1281 4499 Ἰώὸ.

2022 3185 2064 3250 (ἶ
2099 3202 2547 3272 reprehensibilis
2574 3201 2784 3261 videns.
2818 3185 3140 3258 subsannat.

2239 3293 2304 3349 V.
2345 3293 2436 3346 90.
2465 3291 2531 3347 Et
2559 3293 2815 3364 reliquum
2842 3290 3329 3378 eorum‘devorabit
3363 3289 3520 3358 ignis.

2165 3449 2439 3521 Ejusdem.
2467 3451 2580 3508 Hoc
2617 3451 2768 3522 quod
2815 3449 3062 3506 relictum
3117 3457 3204 3504 est
3251 3463 3318 3504 ex
3371 3446 3662 3516 impiorum

2091 3545 2330 3614 placitis,
2363 3545 2720 3600 morientibus
2741 3543 3164 3613 prioribusillis,
3197 3541 3338 3611 ignis
3360 3539 3663 3596 devorabit.

2165 3726 2230 3782 γ.
2263 3725 2356 3780 22.
2380 3726 2588 3798 Accepit
2617 3735 2792 3780 autem
2818 3743 2884 3780 ex
2913 3741 3000 3780 ore
3028 3725 3144 3793 ejus
3177 3724 3588 3778 accusationem.

2181 3883 2580 3941 Accusationem
2619 3885 2931 3955 quaerebam
2960 3882 3256 3938 secundum
3296 3895 3382 3935 me
3419 3879 3548 3949 quid
3575 3879 3664 3934 hic

2087 3977 2188 4032 sibi
2217 3978 2400 4034 vellet.
2427 3977 2495 4032 Et
2517 3977 2698 4032 inveni
2735 3978 2788 4032 in
2822 3977 2924 4030 alia
2952 3977 3193 4031 editione
3229 3989 3325 4044 pro
3380 3989 3442 4028 ea
3467 4015 3484 4037 .
3538 3987 3665 4028 con-

2084 4068 2382 4137 fessionem.
2419 4068 2558 4124 Dicit
2591 4069 2758 4139 igitur
2785 4069 2966 4140 potius
2992 4089 3004 4120 :
3030 4067 3300 4124 Confitere
3344 4066 3412 4130 de.
3464 4079 3660 4134 pecca-

2083 4160 2153 4214 tis
2184 4161 2327 4226 tuis;
2357 4160 2542 4229 accipe
2571 4159 2639 4213 de
2673 4173 2770 4214 ore
2805 4159 2901 4214 Dei
2935 4157 3295 4227 patrocinium
3345 4171 3468 4210 cum
3520 4169 3658 4210 con-

2082 4251 2356 4318 fessione;
2419 4265 2635 4306 assume
2676 4265 2808 4312 vero
2856 4251 3022 4304 verba
3067 4249 3186 4326 ejus
3235 4261 3301 4302 ex
3345 4249 3511 4301 corde
3541 4257 3656 4306 tuo.

2081 4343 2207 4399 Haec
2229 4359 2391 4414 porro
2425 4341 2650 4412 Eliphaz
2697 4341 2854 4406 dixit,
2889 4340 3413 4404 commonefaciens,
3469 4347 3526 4392 ut
3557 4353 3660 4414 pu-

2082 4439 2262 4502 tabat,
2295 4433 2534 4502 Jobum.

387 4547 548 4618 ,Στίχ.
585 4555 691 4616 κγ’.
739 4550 874 4604 Ἐὰν
903 4551 970 4604 δὲ
993 4552 1409 4634 ἐπιστραφῇς,
1453 4558 1550 4634 καὶ
1600 4562 1974 4634 ταπεινώσῃς

2142 4551 2205 4606 γ.
2233 4552 2325 4614 25.
2359 4549 2420 4606 Si
2453 4558 2630 4604 autem
2663 4547 3006 4634 convertat-is,
3031 4555 3080 4602 et
3108 4546 3356 4606 humilies
3391 4545 3626 4614 teipsum,

789 4622 1050 4675 σεαυτὸν
1081 4622 1284 4680 ἔναντι
1325 4622 1574 4697 Κυρίου.

467 4733 728 4788 Νουθετεῖ
757 4737 918 4790 αὑτὸν
943 4739 1078 4810 πρὸς
1109 4739 1170 4792 τὸ
1209 4741 1554 4814 ἐπιστρέψαι,
1583 4746 1829 4818 οἰόμενος
1873 4751 1971 4803 αὑ-

393 4827 488 4880 τὸν
514 4826 686 4880 ταῦτα
709 4831 1068 4901 ἡμαρτηκότα
1099 4833 1442 4889 πεπονθέναι.

394 4919 542 4988 Στεχ.
579 4919 674 4972 κδ’.
709 4921 816 4974 Καὶ
851 4923 932 4987 ὡς
969 4923 1154 4990 πέτρα
1181 4925 1502 4996 χειμάρρου
1539 4929 1683 4998 (88")
1727 4931 1964 5002 Σωφείρ.

477 5009 572 5063 Ἐκ
593 5010 687 5062 τοῦ
709 5011 872 5064 τόπου
899 5005 959 5066 οὗ
989 5013 1194 5080 γίνεται
1221 5015 1282 5068 τὸ
1305 5019 1546 5089 χρυσίον,
1579 5022 1856 5079 ἐλεύσεται
1881 5026 1971 5078 ἐπὶ

387 5101 471 5164 σὲ,
505 5103 686 5168 οἱονεὶ,
705 5101 857 5157 ἕσται
893 5103 1050 5174 λόγος
1080 5123 1172 5161 σου
1217 5111 1456 5177 ποικίλος
1484 5115 1577 5170 καὶ
1615 5115 1795 5179 καλός.

389 5209 504 5283 (-89)
549 5211 697 5282 Στίχ.
747 5217 1278 5297 κεκηνίῗοταιὀῦν·Δ
1311 5238 1430 5297 σοι-
1463 5229 1496 5278 ό
1539 5227 1967 5297 Παντοκράτωρ

838 5285 1067 5353 ,ϐοηθὸς
1097 5292 1216 5344 ἀπὸ
1252 5293 1502 5363 ἐχθρῶν.

469 5371 594 5427 Ἐὰν
624 5375 898 5449 ὑποτάξῃς
921 5381 1131 5450 ἑαυτὸν,
1163 5383 1258 5438 ἐὰν
1290 5383 1584 5461 ἐξομολογή
1595 5407 1680 5464 σῃ.

489 5531 537 5563 ⁷⁸
569 5531 698 5602 Sap.
729 5548 806 5599 tv,
838 5535 922 5589 15.

456 5687 568 5762 (89)
605 5689 838 5762 Didymi,
867 5707 932 5745 ex
963 5693 1086 5747 cod.
1107 5711 1234 5749 sm.

593 5757 809 5834 Qrigetti
844 5774 1073 5830 uterque
1109 5769 1246 5830 eod.

451 5829 560 5899 (88)
595 5829 757 5888 For—te
791 5834 1018 5905 ἀρεστὴ,
1049 5829 1282 5904 placens.

2638 4635 2814 4673 coram
2843 4618 3086 4672 Domino.

2143 4734 2415 4790 Admonet
2451 4735 2622 4806 ipsum
2649 4743 2704 4791 ut
2767 4723 3156 4796 convertatur,
3195 4741 3348 4787 ratus
3379 4743 3501 4785 eum
3525 4745 3655 4800 pru-

2073 4839 2194 4899 pter
2227 4837 2454 4898 peccata
2489 4833 2604 4882 haec
2636 4839 2856 4896 passum
2884 4823 3076 4880 fuisse.

2339 4917 2520 4984 v.24.
2563 4915 2628 4974 Et
2655 4925 2711 4978 ut
2735 4927 2886 4986 petra
2919 4925 3174 4970 torrentes
3203 4909 3387 4979 Ophir.

2142 4997 2367 5074 Ex,l5co
2398 5013 2490 5068 ubi
2521 5023 2603 5068 est
2633 5025 2848 5077 aurum,
2878 5010 3060 5064 veniet
3087 5007 3152 5061 ad
3178 5017 3231 5062 te
3257 5026 3270 5062 :
3305 5007 3464 5078 quasi
3495 5007 3650 5068 dice-

2077 5121 2180 5178 ret,
2207 5110 2310 5165 erit
2341 5116 2686 5166 sermotuus
2709 5106 2902 5179 varius
2922 5113 2976 5158 et
3006 5101 3253 5172 pulcher.

2112 5223 2174 5278 V.
2206 5224 2298 5279 ‘25.
2336 5223 2450 5277 Erit
2474 5222 2662 5291 'igitur
2715 5223 2809 5304 tibi
2841 5221 3186 5304 annipotens
3219 5219 3514 5273 auxiliator
3538 5217 3644 5272 alt,

2731 5307 2976 5346 ιιιιηιισιδ.

2143 5390 2202 5448 Si
2234 5389 2496 5458 subjicias
2532 5387 2786 5456 teipsum.
2827 5385 2872 5440 si
2902 5383 3238 5442 confitearis.

2140 5697 2276 5771 (88⁸)
2324 5699 2460 5768 Lege
2486 5699 2816 5770 χειμάρρους
2863 5700 3065 5771 Ὡφείρ,

2140 5769 2252 5840 (89)
2286 5771 2416 5824 Cod.
2443 5787 2531 5826 xxI
2563 5769 2750 5826 tribuit
2788 5769 3111 5846 l’ulyclll'OIt.
