4186 6450
418 350 501 407 ’89
1591 343 2127 404 ENARRATIONES
2151 342 2218 398 IN
2249 341 2388 400 .IOB.
3609 347 3680 404 90

427 471 533 525 ἀπὸ
581 471 680 544 τῆς
731 471 955 545 Γραφῆς
1011 468 1416 544 ὠνομασμένον.
1485 468 1550 522 Τί
1617 467 1970 541 ἀποκρίνεται

2115 466 2404 520 recitatum
2428 464 2496 521 ab
2530 465 2650 538 ipso
2681 466 3035 536 prooemium,
3063 467 3524 537 quemadmodum
3551 468 3680 525 illud

430 562 758 634 πρόσχωμεν
784 562 896 636 (98)
921 567 989 636 τῇ
1020 563 1186 632 λέξει.

497 740 648 811 Στίχ.
668 745 740 798 α’.
769 733 892 797 Ἔτι
920 742 990 798 δὲ
1021 744 1306 812 προσθεὶς
1341 748 1375 800 ὁ
1418 743 1539 799 Ἰὼϐ
1577 744 1708 799 εἷπε
1754 743 1832 810 τῷ
1869 757 2011 812 προ-

1089 816 1276 883 οιμίῳ’

416 903 575 974 ἱΣτίχ.
603 902 668 973 β’.
700 903 789 973 Ζῇ
825 907 1060 974 Κύριος,
1102 906 1170 972 ὃς
1211 907 1365 961 οὕτω

497 975 973 1050 Ιζαντοκράτωρ,
1003 981 1037 1031 ό
1084 975 1542 1047 παραωκράνας
1584 975 1673 1050 (99
1685 978 1716 1050 ),
1730 995 1849 1046 μου
1887 981 2005 1045 ψυ-

496 1043 639 1112 χὴν,
668 1043 763 1100 καὶ
784 1045 852 1100 τὰ
883 1043 1032 1120 ἑξῆς.
1164 1043 1177 1046 ⁷
1346 1043 1360 1047 ⁷
1520 1043 1528 1045 ἡ
1593 1043 1602 1050 ’
1685 1043 1716 1054 ”

496 1130 628 1190 Οἶδα
652 1135 816 1191 πόθεν
852 1139 1139 1213 κεκίνησθε
1171 1146 1251 1208 εἰς
1279 1147 1340 1198 τὸ
1371 1145 1614 1216 ἐρεθίσαι
1645 1164 1734 1217 με.
1765 1146 2008 1213 Ὄμνυμι

426 1227 482 1280 δὲ
509 1229 656 1298 ύμῖν,
684 1230 776 1283 καὶ
804 1230 1010 1303 ὄμνυμι
1048 1235 1190 1290 κατὰ
1215 1236 1308 1290 τοῦ
1341 1236 1543 1301 ζῶντος
1575 1237 1782 1310 Κυρίου
1818 1233 2005 1297 αὑτοῦ,

428 1318 712 1389 κρίναντός
752 1338 817 1391 με
855 1325 1028 1379 ταῦτα
1063 1327 1274 1393 παθεῖν,
1322 1328 1486 1382 αὑτοῦ
1528 1327 1625 1382 τοῦ
1677 1327 2007 1400 παραδόντος

415 1426 496 1480 -με
541 1411 765 1478 ταύταις
825 1419 1211 1488 περιστάσεσι,
1259 1421 1352 1474 τοῦ
1410 1421 1590 1485 δόντος
1637 1419 1884 1487 ἐξουσίαν
1928 1418 2006 1489 τῷ

414 1491 653 1590 ἷδιαὸόλῳ
691 1507 951 1571 τοιούτοις
1003 1527 1070 1580 με
1112 1509 1433 1581 ὲξετασμοῖς
1474 1511 1860 1578 ἐξετάζεσθαι,
1911 1509 2005 1563 καὶ

424 1593 828 1664 βασανίζεσθαι.
859 1601 1102 1672 Ὄμνυμι
1132 1602 1271 1654 κατὰ
1315 1603 1410 1655 τοῦ
1441 1603 1668 1674 Κυρίου,
1702 1603 1795 1656 καί
1837 1619 2002 1672 φημι,

421 1687 504 1741 ὅτι
547 1688 616 1758 ζῇ
652 1691 887 1759 Κύριος,
913 1691 981 1759 ὃς
1010 1695 1162 1748 οὕτω
1188 1713 1266 1765 με
1294 1695 1548 1763 κέκρικε.
1580 1696 1676 1749 καὶ
1719 1698 1752 1749 ό
1789 1698 2008 1748 Παντο-

411 1779 672 1854 κράτωρ,
695 1783 729 1834 ό
753 1784 1207 1853 παραπικράνας
1227 1804 1348 1854 μου
1375 1786 1489 1854 τὴν
1517 1785 1747 1856 ψυχήν.

411 1871 573 1944 Στίχ.
604 1879 665 1926 ε’.
692 1873 788 1940 Μή
820 1892 922 1948 μοι
970 1877 1064 1948 sin
1122 1877 1391 1945 δικαίους
1444 1878 1602 1948 ὑμᾶς
1654 1876 1996 1946 ἀποφῆναι,

864 1945 976 2012 ἕως
1000 1946 1078 2000 ἂν
1107 1948 1407 2019 ἀποθάνω.

503 2035 626 2088 Ἐὰν
653 2037 1080 2110 συγκαταθῶμεν
1108 2039 1183 2111 (2)
1226 2035 1308 2104 οἷς
1345 2041 1554 2110 λέγετε,
1579 2041 1662 2094 ὅτι
1708 2041 1999 2111 νενοήκατε

420 2123 512 2178 διὰ
537 2127 590 2180 τί
632 2128 802 2181 ταῦτα
843 2129 1116 2195 πέπονθα,
1156 2131 1397 2196 δικαίους
1442 2135 1588 2204 ὑμᾶς
1633 2133 1999 2204 ἀπεφηνάμην

409 2215 524 2291 ,ἕως
551 2218 615 2272 ἂν
647 2219 923 2275 ἀποθάνω.

418 2305 568 2378 Στίχ.
595 2316 655 2363 ε’.
691 2313 772 2366 Οὐ
815 2311 923 2382 γὰρ
959 2309 1292 2376 ἀπαλλάξω
1329 2310 1443 2379 τὴν
1467 2312 1726 2365 ἀκακίαν
1746 2329 1866 2381 μου
1898 2311 1994 2382 (5).

491 2399 606 2453 Οὐκ
645 2402 840 2473 ἀφήσω
874 2403 934 2455 τὸ
963 2401 1247 2474 προσέχειν
1286 2403 1351 2473 τῇ
1398 2401 1742 2473 δικαιοσύνῃ·
1789 2403 1998 2472 μεμνή-

421 2505 587 2561 σομαι
611 2492 697 2545 ἀεὶ
727 2491 1072 2564 περιέχεσθαι
1097 2493 1286 2563 αὐτῆς.

405 2579 545 2661 .(4)-
579 2582 726 2654 Στίχ.
783 2589 856 2648 ς’.
909 2585 992 2639 Οὐ
1033 2583 1142 2655 γὰρ
1181 2582 1464 2719 ξύνοιδα
1523 2582 1759 2653 ἐμαυτῷ
1805 2582 1998 2639 ἄτοπα

1085 2668 1205 2719 πρα
1249 2671 1329 2708 αι.

1085 2668 1305 2722 πραιςαι
1316 2695 1329 2708 .

487 2743 662 2816 Πολλὴ
708 2746 742 2816 ἡ
790 2745 1074 2817 παρρησία
1121 2745 1289 2800 αὑτοῦ
1341 2745 1435 2800 καὶ
1483 2746 1575 2798 ἐπὶ
1615 2745 1694 2816 τῷ
1745 2746 1997 2819 προτέρῳ

419 2833 539 2908 βίῳ,
575 2839 670 2891 καὶ
695 2839 787 2892 ἐπὶ
814 2841 926 2902 τοῖς
953 2838 1094 2892 κατὰ
1119 2838 1211 2892 τὸν
1243 2838 1430 2911 καιρὸν
1459 2839 1560 2909 τῆς
1601 2839 1993 2911 περιστάσεως,

416 2923 560 2982 ὥστε
586 2928 749 2982 αὑτὸν
775 2929 949 2983 εἰπεῖν
967 2945 982 2959 °
1015 2931 1098 2982 Οὐ
1141 2928 1395 2983 σύνοιδα
1420 2927 1654 2999 ἐμαυτῷ
1690 2929 1886 2984 ἄτοπα
1915 2927 1994 3001 (5)

402 3004 656 3090 πρᾶξαι.

1048 3111 1206 3165 ΚΕΦ.
1242 3113 1377 3166 KH'.

523 3203 674 3275 Στίχ.
701 3202 791 3257 ιϐ’.
814 3204 992 3270 Ποῖος
1013 3203 1083 3258 δὲ
1111 3206 1292 3270 τόπος
1323 3203 1494 3257 ἐστὶν
1519 3203 1888 3274 ἐπιστήμης;

500 3297 805 3369 Ἑπιστήμη
835 3299 868 3369 ή
898 3297 1125 3369 περιοχὴ
1155 3299 1263 3351 τῶν
1290 3297 1553 3362 ὡσαύτως
1593 3297 1826 3368 ἐχόντων
1867 3296 1996 3352 Θεω-

418 3389 542 3462 ρίᾳο
573 3387 787 3453 σύνεσις
815 3389 873 3444 δὲ
901 3391 934 3462 ἡ
962 3389 1250 3462 διάκρισις.

414 3571 492 3645 (6)
527 3573 675 3644 Στίχ.
705 3579 785 3627 ιε’.
811 3572 922 3628 Kal
954 3575 1026 3627 οὺ
1070 3573 1435 3645 σταθήσεται
1460 3572 1744 3644 ἀργύριον
1767 3570 1990 3628 ἀντάλ-

999 3647 1199 3713 λαγμα
1229 3643 1381 3712 αὺτῆ
1388 3665 1439 3710 ς.

485 3732 647 3787 Οὐδὲν
684 3733 931 3801 ἀντάξιὸν
957 3735 1103 3788 ἐστιν
1140 3721 1252 3807 τῆς
1279 3736 1490 3806 σοφίας.
1529 3735 1656 3791 Ἐὰν
1694 3734 1991 3790 ἁπλούστεσ

418 3841 509 3897 ρον
544 3827 672 3896 νοῇς
700 3825 761 3879 τὸ
801 3825 1062 3897 ἀργύριον
1101 3827 1194 3880 καὶ
1239 3827 1302 3880 τὸ
1347 3827 1590 3898 χρυσίον,
1637 3827 1840 3892 εὐθέως
1875 3829 1992 3898 ἐρεῖ

429 3914 571 3982 Ἰὼϐ,
602 3917 684 3970 ὅτι
711 3917 864 3971 οὐδὲν
892 3915 1041 3989 ἄξιόν
1065 3921 1181 3972 ἐστι
1203 3919 1301 3988 τῆς
1332 3918 1546 3987 σοφίας.

553 4010 701 4080 Στίχ.
731 4017 825 4074 ις’.
863 4011 959 4064 Ἐν
984 4009 1158 4081 ὄνυχι
1183 4011 1352 4080 τιμίῳ
1383 4009 1481 4063 καὶ
1509 4009 1846 4079 σαετςρείρῳ.

481 4097 616 4151 Οὐδὲ
651 4095 801 4169 ὖνυχι
842 4098 1009 4171 τιμίῳ
1038 4101 1074 4170 ἡ
1117 4100 1279 4168 σοφία
1313 4098 1798 4172 παραϐληθήσεται
1821 4115 1836 4130 ο
1871 4098 1987 4153 ἀλλ’

409 4191 530 4244 οὐδὲ
561 4191 620 4245 ὲν
649 4191 934 4262 σαπφείρῳ
972 4191 1298 4263 ἰσωθήσεται
1323 4191 1487 4262 αὕτη.

410 4278 561 4350 Στίχ.
591 4287 681 4352 ιη’.
719 4282 994 4351 Μετέωρα
1043 4282 1139 4336 καὶ
1191 4281 1387 4353 γάόεις
1426 4284 1500 4337 οὐ
1540 4279 1984 4351 μνησθήσεται.

479 4373 615 4428 οὐδὲ
650 4375 717 4428 τὰ
749 4375 1000 4447 μετέωρα
1027 4374 1154 4441 ἄξιά
1191 4379 1306 4429 ἐστι
1342 4376 1444 4447 τῆς
1479 4378 1692 4446 σοφίας,
1726 4376 1848 4430 οὐδὲ
1887 4374 1988 4444 γά·-

407 4467 514 4531 6ις.
547 4468 729 4521 Ἔοικε
755 4469 814 4521 δὲ
849 4469 941 4521 ὲπὶ
978 4469 1290 4541 δυναμένων
1330 4469 1528 4542 τάχθαι
1558 4470 1658 4542 (7),
1698 4468 1865 4522 οἱονεὶ
1893 4484 1982 4536 γι-

2108 555 2340 626 appellat
2362 556 2643 628 Scriptura
2677 559 2776 630 (1).
2815 558 2954 626 Quid
2977 558 3311 629 respondet?
3340 561 3683 616 attendamus

2107 648 2364 704 orationi.

2148 739 2210 796 V.
2245 741 2298 798 1.
2334 737 2522 794 Adhuc
2563 748 2737 792 autem
2769 739 3027 810 adjiciens
3054 739 3155 794 Job
3179 742 3315 795 dixit
3344 744 3595 812 prommio
3626 759 3645 797 :

1455 926 1486 961 ε
1531 908 1784 976 κέκρικε,
1833 908 1928 960 καὶ
1977 927 1992 961 ι

2110 895 2172 951 V.
2207 895 2267 976 2.
2314 894 2449 950 Vivit
2487 895 2766 976 Dominus,
2803 899 2998 976 quisic
3028 915 3108 976 me
3127 900 3388 968 judicavit
3413 917 3431 955 :
3461 911 3509 954 et
3545 903 3677 956 0m-

2212 967 2471 1034 uipotens,
2505 967 2597 1036 qui
2626 969 2954 1022 exacerbavit
2987 967 3220 1024 animam
3252 981 3572 1038 meam,ctc.

2175 1125 2308 1179 Novi
2364 1127 2506 1180 unde
2541 1129 2803 1182 commoti
2852 1127 3089 1189 fueritis.
3123 1138 3182 1184 ut
3229 1145 3312 1184 me
3359 1131 3674 1188 irritaretis.

2104 1216 2236 1273 Juro
2270 1229 2448 1272 autem
2473 1219 2649 1284 vobis,
2687 1231 2739 1273 et
2765 1222 2892 1290 juro
2933 1237 3028 1290 per
3062 1223 3238 1292 ipsum
3269 1223 3534 1278 viventem
3571 1223 3674 1277 Do-

2105 1309 2334 1370 minum,
2373 1311 2463 1376 qui
2498 1311 2764 1380 judicavit
2812 1327 2901 1366 me
2945 1312 3135 1368 isthaec
3177 1315 3322 1383 pati;
3369 1330 3464 1384 per
3497 1315 3670 1385 ipsum

2103 1401 2194 1470 qui
2230 1401 2452 1454 tradidit
2483 1417 2568 1456 me
2593 1401 2995 1459 calamitatibus
3021 1405 3162 1472 istis,
3193 1407 3283 1474 qui
3319 1408 3468 1460 dedit
3519 1420 3677 1477 pote-

2104 1499 2300 1544 statem
2321 1490 2608 1546 diabolout
2642 1493 2838 1549 talibus
2871 1509 2956 1550 me
2977 1496 3389 1564 probationibus
3417 1500 3674 1566 probaret

2104 1595 2156 1638 et
2189 1593 2486 1654 torqueret.
2520 1585 2621 1638 Per
2651 1585 2938 1640 Dominum
2967 1589 3127 1658 juro,
3154 1599 3208 1644 et
3239 1589 3348 1657 aio,
3382 1592 3506 1658 quia
3551 1591 3675 1644 vivit

2105 1676 2378 1740 Dominus,
2421 1680 2512 1747 qui
2557 1679 2633 1732 sic
2673 1696 2754 1732 me
2791 1682 3076 1750 judicavit,
3107 1693 3154 1737 et
3179 1683 3552 1753 Omnipotens,
3583 1679 3674 1754 qui

2103 1770 2435 1822 exacerbavit
2466 1771 2698 1824 animam
2729 1788 2920 1828 meam.

2106 1880 2166 1933 V.
2205 1881 2258 1934 5.
2300 1879 2422 1936 Non
2466 1883 2595 1935 mihi
2643 1882 2805 1951 fuerit
2836 1884 3013 1953 justos
3045 1901 3133 1938 vos
3182 1883 3472 1954 appellare,
3507 1898 3674 1954 usque

2691 1955 2816 2006 dum
2842 1956 3062 2007 moriar.

2169 2017 2224 2073 Si
2276 2020 2495 2088 quidem
2549 2036 2880 2078 consensero
2917 2025 2984 2078 iis
3010 2039 3128 2092 qua:
3157 2023 3361 2088 dicitis,
3411 2023 3670 2093 quoniam

2101 2111 2472 2180 recogitastis,
2539 2112 2731 2185 utquid
2795 2114 2908 2170 haec
2954 2130 3147 2184 passus
3197 2115 3327 2180 sim;
3359 2115 3534 2185 jusms
3572 2129 3672 2170 vos

2098 2203 2480 2272 appellaverint
2514 2221 2685 2276 usque
2727 2209 2852 2260 dum
2881 2213 3102 2263 moriar.

2201 2294 2261 2348 V.
2288 2295 2342 2349 5.
2387 2295 2510 2350 Non
2535 2299 2668 2351 enim
2701 2300 2968 2352 dimittam
3020 2299 3376 2354 innocentiam
3408 2313 3598 2352 meam.

2167 2386 2281 2442 Non
2313 2391 2558 2443 omittam
2594 2391 2873 2447 attendere
2900 2391 3126 2461 iustitia:
3153 2406 3167 2442 :
3196 2390 3495 2444 meminero
3525 2403 3674 2444 sem-

2096 2494 2197 2550 per
2220 2481 2510 2550 complecti
2539 2481 2707 2536 illam.

2135 2591 2197 2647 Υ.
2229 2592 2281 2648 6.
2321 2593 2444 2648 Non
2469 2598 2606 2649 enim
2651 2596 2779 2650 mihi
2808 2596 3048 2650 conscius
3075 2611 3189 2648 sum
3223 2593 3396 2661 turpia
3427 2589 3632 2658 fecisse.

2163 2727 2355 2800 Magna
2381 2737 2465 2784 est
2497 2728 2751 2798 loquendi
2782 2729 3004 2783 libertas
3031 2727 3149 2798 ejus
3177 2726 3342 2781 etiam
3369 2723 3545 2794 quoad
3585 2722 3670 2777 vi-

2095 2828 2204 2874 tam
2236 2821 2596 2889 superiorem,
2633 2831 2688 2873 et
2719 2820 2786 2874 de
2829 2820 2894 2874 iis
2924 2833 3043 2889 quae
3077 2818 3150 2872 illi
3193 2823 3495 2871 evenerunt
3517 2812 3668 2868 cala-

2094 2911 2303 2966 mitatis
2341 2922 2603 2981 tempore,
2642 2926 2810 2979 usque
2834 2926 2900 2967 eo
2925 2921 2982 2965 ut
3010 2910 3195 2966 dicat:
3230 2905 3354 2961 Non
3383 2905 3511 2960 mihi
3539 2919 3670 2958 con-

2093 3003 2232 3059 scius
2258 3019 2374 3056 sum
2403 3008 2577 3072 turpia
2619 3003 2823 3073 fecisse.

2667 3093 2822 3149 CAP.
2864 3091 3103 3148 XXVIII.

2291 3186 2355 3242 γ.
2393 3185 2480 3240 12.
2519 3186 2708 3252 Qualis
2734 3196 2908 3241 autem
2930 3185 3076 3240 locus
3099 3194 3176 3240 est
3205 3181 3477 3237 scientia?

2165 3275 2405 3332 Scientia
2455 3286 2539 3332 est
2594 3276 3006 3346 comprehensio
3039 3290 3251 3338 eorum,
3279 3289 3399 3343 quas
3437 3273 3490 3327 in
3517 3271 3671 3328 theo-

2095 3375 2176 3430 ria
2206 3375 2368 3431 simili
2409 3378 2572 3432 modo
2627 3393 2685 3432 se
2728 3377 2930 3431 habent
2963 3394 2977 3430 :
3011 3374 3322 3430 intellectus
3354 3380 3537 3427 autem
3583 3377 3672 3428 est

2091 3469 2347 3524 secretio.

2141 3579 2207 3637 Υ.
2245 3580 2331 3636 15.
2363 3579 2430 3635 Et
2457 3595 2564 3636 non
2585 3581 2743 3636 stabit
2775 3589 3046 3650 argentum
3082 3579 3422 3632 commutatio
3448 3576 3613 3631 illius.

2160 3716 2307 3772 Nihil
2341 3725 2424 3773 est
2470 3717 2613 3787 quod
2641 3716 2803 3785 digne
2853 3731 2976 3771 cum
3020 3715 3289 3785 sapientia
3338 3713 3667 3768 commutari

2088 3812 2280 3880 possit.
2320 3809 2376 3865 Si
2401 3810 2705 3879 simplicius
2748 3808 3020 3879 intelligas
3048 3817 3331 3878 argentum
3363 3816 3419 3862 et
3443 3822 3663 3872 aurum,

2087 3902 2275 3959 statim
2303 3902 2446 3957 dicet
2471 3899 2572 3957 Job
2592 3944 2608 3969 ,
2647 3901 2775 3955 nihil
2799 3903 3018 3971 dignum
3041 3914 3162 3955 esse
3187 3897 3476 3968 sapientia.

2284 3991 2349 4048 ν.
2381 3992 2469 4048 16.
2496 3991 2565 4047 In
2591 3999 2788 4064 onyche
2821 3994 3075 4062 pretioso,
3102 4000 3152 4045 et
3186 3991 3456 4059 sapphiro.

2155 4082 2235 4141 Ne
2273 4085 2469 4154 onychi
2497 4085 2716 4155 quidem
2750 4080 2992 4154 pretioso
3022 4083 3336 4140 conferetur
3362 4083 3664 4155 sapientia,

2089 4182 2146 4228 at
2179 4188 2354 4243 neque
2375 4174 2428 4228 iu
2453 4174 2712 4243 sapphiro
2744 4173 3051 4242 aequabitur
3076 4175 3212 4244 ipsa.

2196 4263 2265 4320 ν.
2300 4266 2389 4320 18.
2423 4262 2663 4320 Heteora
2696 4275 2743 4319 et
2780 4265 2937 4334 gabes
2967 4281 3070 4318 non
3101 4265 3550 4322 memorabuntur.

2159 4357 2236 4414 Ne
2263 4369 2502 4414 meteora
2534 4358 2751 4424 quidem
2788 4358 2949 4426 digna
3001 4367 3128 4411 sunt
3163 4357 3453 4425 sapientia,
3485 4375 3662 4431 neque

2085 4451 2258 4520 gabis.
2296 4449 2518 4506 Videtur
2562 4465 2662 4520 pro
2693 4449 2998 4504 valentibus
3048 4451 3277 4519 positam
3310 4449 3500 4518 fuisse,
3529 4463 3658 4522 puta

405 4558 710 4630 γαρτικῶν.
762 4560 921 4624 Τινὲς
969 4561 1028 4615 δέ
1074 4579 1256 4630 φασιν,
1304 4562 1388 4616 ὅτι
1432 4558 1600 4628 τάσις
1651 4558 1865 4628 λέγεται
1922 4555 1984 4612 τὸ

2095 4544 2385 4600 acinaceis.
2440 4545 2669 4612 Quidam
2729 4545 2937 4612 dicunt,
2980 4545 3128 4614 gabis
3178 4547 3360 4600 voeari
3412 4548 3660 4616 superio-

406 4651 673 4723 ὑπερέχον
708 4651 800 4704 τοῦ
827 4651 1038 4723 χείλους
1069 4654 1163 4707 τοῦ
1205 4653 1482 4725 μεδίμνου,
1515 4653 1544 4706 ὃ
1569 4651 1810 4706 καλεῖται
1842 4666 1985 4719 κομ-

399 4735 734 4808 μουλᾶτον,
1203 4788 1210 4796 .

406 4827 556 4899 Στίχ.
583 4834 674 4899 ιη’.
710 4830 816 4883 Kal
845 4829 1115 4885 ἕλκυσον
1145 4829 1368 4900 σοφίαν
1399 4829 1553 4898 ὑπὲρ
1580 4828 1655 4882 τὰ
1689 4828 1980 4884 ἐσώτιιτα.

484 4921 560 4974 Τὰ
612 4919 880 4975 ἐσώτατα
922 4921 1051 4991 περὶ
1092 4921 1192 4989 τὴν
1254 4919 1464 4985 Ἰνδίαν,
1511 4919 1544 4990 ἢ
1591 4919 1660 4972 τὰ
1703 4918 1831 4988 περὶ
1883 4918 1982 4989 τὴν

405 4997 666 5062 ὶπέκεινα
718 5007 922 5080 χώραν,
966 5009 1096 5063 ἔνθα
1143 5010 1249 5062 εἰσὶ
1294 5009 1467 5080 τίμιοι
1515 5008 1676 5063 λίθοι.
1722 5008 1880 5080 Φέρει
1924 5008 1983 5062 δὲ

405 5099 588 5170 ὶκείνη
635 5101 669 5170 ἡ
713 5098 866 5172 χώρα
907 5102 1020 5163 τοῖς
1063 5098 1367 5170 ἀνθρώποις
1414 5098 1605 5164 ταῦτα,
1653 5099 1982 5172 νομιζόμενα

407 5190 561 5263 παρὰ
583 5192 694 5254 τοῖς
717 5190 989 5253 πλουσίοις
1017 5185 1155 5243 εἶναι
1181 5190 1485 5262 θαυμαστά.
1512 5191 1648 5262 Παρ’
1670 5191 1853 5244 ὲκεῖνα
1886 5186 1980 5244 οὖν

407 5283 477 5337 τὰ
517 5283 762 5336 ὲσὼτατα
810 5284 1035 5338 ἕλκυσον
1083 5286 1164 5350 είς
1221 5286 1418 5339 σαυτὸν
1465 5287 1563 5358 τὴν
1615 5286 1826 5356 σοφίαν.
1871 5288 1978 5354 Ἢ,

406 5375 558 5442 ὑπὲρ
580 5375 653 5429 τὰ
673 5374 959 5440 ἐσώτατα,
983 5377 1413 5452 ὑπεραπόρῤητα
1437 5381 1505 5433 τὰ
1529 5379 1676 5434 ἔνδον
1706 5381 1982 5450 μυστήρια

478 5489 593 5560 (98)
628 5490 761 5544 Cod.
791 5506 908 5554 XXI,
944 5492 1291 5565 προσθῶμεν.
1329 5494 1386 5548 lu
1417 5494 1767 5564 sequentibus
1788 5493 1978 5550 confer

409 5559 745 5752 υιξξῗῖῗξὲῗῑ
783 5633 1195 5752 ἰἼλἜὶἒέιέἕς
1223 5633 1310 5690 ¹¹⁵⁶
1333 5645 1387 5690 ⁸⁸
1417 5635 1577 5690 ί¹¹¹’³’

507 5699 678 5766 ilHic
707 5715 759 5755 ν.
803 5702 828 5752 1
863 5701 914 5752 in
956 5699 1167 5758 Graeco.

482 5769 562 5844 (ἓ)
589 5770 632 5844 ξ
632 5780 751 5827 orte
783 5769 1107 5844 συγκαταθῶ
1142 5774 1260 5844 μέν.

486 5840 562 5912 (ὅ)
602 5841 910 5914 Symmach.
939 5882 954 5910 ,
1012 5840 1630 5920 οὐχ’ὲπιστήσομαιξσ.
1690 5843 1818 5916 ἀπὸ)
1868 5844 1969 5919 τῆς

2090 4652 2203 4692 rem
2238 4647 2448 4704 partem
2481 4638 2610 4693 laliii
2655 4639 2948 4703 medimni,
2979 4639 3125 4708 quod
3177 4638 3380 4693 dicitur
3418 4639 3664 4695 cumula-

2087 4741 2198 4784 tum
2227 4729 2326 4802 (8).

2269 4821 2330 4877 V.
2367 4821 2454 4877 18.
2491 4821 2560 4876 Et
2592 4822 2739 4876 trahe
2761 4823 3076 4892 sapientiam
3094 4841 3248 4894 super
3267 4826 3478 4882 intima.

2159 4911 2383 4978 Intima,
2416 4913 2712 4979 ludiarum,
2731 4914 2816 4969 vel
2837 4914 3156 4970 ulteriorum
3185 4918 3461 4988 regionum
3489 4919 3662 4986 signi-

2088 5005 2394 5061 ﬁcationem
2461 5004 2642 5070 habet,
2700 5006 2794 5062 ubi
2831 5017 2958 5061 sunt
2993 5007 3199 5077 lapides
3251 5011 3498 5080 pretiosi.
3529 5011 3660 5066 Fert

2089 5107 2269 5152 autem
2304 5096 2464 5153 tellus
2495 5097 2587 5152 illa
2611 5098 2799 5154 isthaac
2824 5099 3160 5170 hominibus,
3189 5120 3312 5174 qua;
3341 5107 3482 5175 apud
3515 5107 3659 5160 divi-

2090 5200 2168 5245 tes
2198 5198 2516 5262 reputantur
2543 5205 2667 5247 esse
2691 5192 2980 5251 mirabilia.
3010 5193 3219 5258 Praeter
3260 5196 3349 5251 illa
3383 5197 3550 5267 igitur
3576 5197 3659 5252 iu-

2087 5284 2216 5336 tima
2257 5284 2412 5339 trahe
2456 5285 2524 5338 ad
2579 5293 2633 5339 te
2673 5284 3024 5353 sapientiam.
3060 5285 3188 5355 \‘el,
3217 5304 3376 5358 super
3411 5290 3600 5342 intima
3634 5306 3656 5346 :

2085 5377 2383 5432 lneﬂ'abilia
2432 5387 2562 5432 sunt
2606 5379 2832 5434 omnino
2882 5381 3099 5437 interna
3156 5383 3414 5452 mysteria
3467 5392 3656 5440 sancta

2084 5488 2388 5560 ἁπλότητός
2415 5507 2540 5560 μου.

2154 5561 2232 5630 (4)
2282 5560 2615 5613 ’Λδέσποτον.

2171 5629 2226 5697 5)
2258 5629 2390 5686 Cod.
2425 5645 2540 5695 ut,
2574 5630 2790 5684 ἄτοπον.

2147 5633 2229 5772 l6)
2253 5701 2412 5772 Deest
2441 5701 2493 5772 in
2525 5701 2644 5754 cod.
2669 5714 2788 5772 xxi.

2175 5701 2229 5756 6)
2253 5701 2412 5756 Deest
2441 5701 2493 5752 in
2525 5701 2644 5754 cod.
2669 5714 2788 5754 ιιι.

2175 5769 2228 5840 7)
2254 5769 2548 5840 Τετάχθαι,
2578 5785 2645 5822 ex
2676 5771 2795 5823 cod.
2831 5783 2946 5826 XXI.

2176 5779 2228 5841 7)
2254 5779 2548 5840 Τετάχθαι,
2578 5785 2645 5822 ex
2676 5779 2795 5823 cod.
2831 5783 2946 5826 XXI.

2074 5842 2102 5914 ξ
2145 5779 2224 5913 18)
2257 5841 2634 5919 Hebr._Gssts,
2662 5842 2787 5896 unio
2820 5849 2911 5898 aut
2931 5842 3231 5909 crystallus.

2046 5970 2089 5981 σιτ-
