4186 6428
373 357 450 406 νδ
1607 357 2144 414 ΕΝΑΒΒΑΤΞΘΝΕΞ»
2179 358 2242 411 IN
2279 357 2420 414 .IOB.
3557 367 3630 422 ibi

373 468 496 551 (.19)..
527 477 674 549 Στίχ.
705 477 792 533 ιϐ’.
819 480 1226 553 Διὲονωσαμτὰρ
1249 484 1490 552 πτωχὸν
1523 482 1594 536 ἐκ
1623 480 1824 550 χειρὸς
1849 479 1947 535 δυ-

2089 481 2163 534 .V.
2210 479 2298 537 12.
2341 479 2554 535 Salvaui
2591 481 2730 536 enim
2766 498 3046 552 pauperem
3071 484 3136 538 de
3159 500 3321 538 manu
3343 489 3592 553 potentis.

1035 550 1294 606 rdazov;

453 639 684 711 Ἴδωμεν
712 638 877 695 αὐτοῦ
923 639 992 695 τὰ
1025 641 1513 713 ἀνδραγαθήματα,
1548 642 1644 696 καὶ
1689 641 1954 696 ἀπλώσω-

379 750 500 804 μεν.
532 735 643 788 Καὶ
669 734 813 788 κατὰ
839 734 901 788 τδ
931 734 1094 806 ῥητὸν
1120 733 1232 804 ἔχει
1274 735 1430 803 λόγον
1467 733 1628 788 τοῦτο
1647 775 1662 799 ,
1707 736 1802 788 καὶ
1835 735 1954 787 κατ’

373 827 668 897 ἀναγωγὴν
720 825 836 896 ἔχει
863 825 1042 897 πολλῷ
1075 827 1274 898 μᾶλλον
1319 828 1636 898 ἑρμηνείαν,
1691 827 1851 880 Κατὰ
1895 827 1960 880 τὸ

375 919 560 990 ῥητὸν,
594 921 694 990 δση
723 919 970 990 δύναμις,
999 921 1286 991 ὀφείλομεν
1317 920 1531 990 βοηθεῖν
1554 923 1666 984 τοῖς
1695 922 1958 992 πτωχοῖς,

377 1010 486 1062 ὑπὸ
513 1010 624 1064 τῶν
645 1011 888 1066 δυνατῶν
919 1013 1566 1084 καταδυναστευομένοις.

795 1106 942 1177 Στίχ.
974 1112 1053 1159 ιε’.
1077 1106 1237 1173 Ποῦς
1255 1105 1322 1160 δὲ
1353 1105 1545 1176 χωλῷ.

446 1197 617 1262 Αὐτὸς
639 1199 922 1270 ἐχαρίζετο
939 1199 1034 1252 καὶ
1057 1201 1170 1262 τοῖς
1192 1197 1608 1269 κεχωλωμένοις
1628 1196 1728 1260 τὰς
1749 1196 1958 1268 βάσεις,

371 1289 472 1360 τῆς
499 1289 678 1360 ψυχῆς
706 1289 871 1354 πόδας
891 1307 906 1320 ο
935 1289 1030 1342 καὶ
1067 1288 1148 1360 τῷ
1178 1288 1321 1358 λόγῳ
1353 1288 1564 1356 ἐγίνετο
1590 1287 1752 1351 αὐτὸς
1780 1287 1961 1340 αὐτῶν.

375 1397 530 1444 πους.

375 1471 488 1544 (20)
521 1473 666 1542 Στιχ.
703 1479 798 1538 ις’.
821 1474 1005 1542 Δίκην
1028 1471 1098 1526 δὲ
1125 1471 1206 1540 ἣν
1232 1473 1344 1526 οὐκ
1374 1472 1544 1542 ᾔδειν
1563 1511 1577 1536 ,
1613 1471 1952 1540 ἐξιχνίασιι.

447 1564 696 1619 Διδάσκει
723 1567 870 1636 ἡμᾶς
913 1565 1034 1628 πῶς
1059 1564 1148 1617 δεῖ·
1166 1565 1427 1628 δικάζεινη,
1485 1564 1580 1617 ὲάν
1633 1580 1765 1616 ποτε
1818 1561 1954 1632 κλη-

376 1655 558 1727 θῶμεν
584 1658 677 1710 ὲπὶ
702 1657 912 1712 δίαιταν
939 1656 1208 1726 ἀδελφῶν,
1236 1655 1377 1709 ὥστε
1416 1657 1690 1726 διαιτῆσαι
1725 1654 1800 1708 τὰ
1837 1656 1954 1706 κατ’

376 1748 593 1813 αὐτούς.

1001 1841 1162 1894 ΚΕΦ.
1197 1839 1320 1893 ΛΒ’.

375 1933 524 2004 Στξχ.
551 1931 756 2004 αἠΚαὶ
794 1932 1102 2004 ἐπαύσατο
1139 1933 1260 1986 Ἰὼϐ
1274 1931 1561 2004 ῥήμασιν.
1610 1929 1953 2004 Ἠσρχασαγ

547 2002 645 2057 καὶ
668 2007 722 2055 οὶ
762 2003 918 2071 τρεῖς
949 2004 1112 2071 φίλοι
1140 1997 1336 2056 αὑτοῦ.
1354 1997 1442 2054 ἔτι
1472 1997 1783 2054 ἀντειπεῖν-⁷
1809 1997 1950 2054 Ἰὼϐ.

437 2068 560 2127 τΗν
587 2074 696 2142 γὰρ
737 2068 870 2126 ’1ὧὸ
883 2068 1110 2138 δίᾶιαιος
1141 2073 1420 2125 ἐναντίον
1447 2071 1662 2125 αὐτῶν.

445 2162 558 2232 Οὐχ
585 2163 772 2226 ἁπλῶς
801 2163 1096 2216 επαύσατο.
1121 2164 1332 2234 Καρδία
1360 2164 1416 2216 δὲ
1450 2159 1518 2234 ἦν
1555 2162 1720 2216 αὐτοῦ
1755 2159 1952 2216 νοοῦσα

369 2254 440 2316 τὰ
465 2253 604 2322 θεῖα,
649 2258 750 2310 οὐκ
797 2257 1093 2310 ἐπαύσατο.
1141 2257 1284 2327 Ἤδη
1317 2257 1425 2328 γὰρ
1465 2255 1655 2327 καιρὸς
1680 2255 1758 2327 τῷ
1789 2258 1951 2308 παντὶ

370 2349 658 2421 πράγματι
688 2351 792 2403 ὑπὸ
829 2351 924 2404 τὸν.
975 2350 1233 2422 οὐρανὸν,
1285 2350 1475 2420 καιρὸς
1517 2347 1611 2401 τοῦ
1669 2349 1826 2418 σιγᾷν
1858 2347 1952 2401 καὶ

371 2443 562 2514 καιρὸς
589 2443 682 2496 τοῦ
713 2443 912 2496 λαλεῖν.
944 2443 1070 2496 Ὅτε
1099 2439 1190 2496 οὖν
1220 2443 1408 2514 καιρὸς
1429 2439 1524 2494 τοῦ
1551 2441 1949 2512 ἀποκρίνασθαι

372 2536 510 2606 πρὸς
536 2538 662 2600 τοὺς
684 2539 854 2607 τρεῖς,
888 2535 1088 2604 ἐλεγεψ
1119 2537 1210 2589 ὅτε
1233 2532 1300 2607 ἦν
1328 2535 1540 2606 καιρὸς,
1577 2533 1715 2606 μετὰ
1751 2535 1812 2586 τὸ
1831 2535 1950 2598 em:

373 2627 626 2695 στομίσαι
671 2627 867 2688 αὐτοὺς
887 2666 901 2688 ,
943 2627 1188 2696 ἐσίγησε.
1219 2627 1330 2679 Καὶ
1368 2621 1521 2695 οἶμαι
1543 2625 1601 2677 ὲν
1623 2623 1831 2695 ἐπαίνῳ
1865 2623 1952 2677 λέ-

369 2717 564 2781 γεσθαι
594 2717 674 2780 τὺ,
712 2717 1050 2772 Ἐπαύσατο
1075 2719 1108 2770 ό
1149 2715 1296 2770 Ἰὼϐ.

369 2811 518 2880 Στιχ.
551 2808 618 2874 ζ’.
647 2808 748 2880 Διὸ
797 2809 1103 2880 ἡσύχασα,
1136 2807 1412 2880 φοϐηθεὶς
1464 2808 1569 2862 τοῦ
1767 2808 1950 2877 ἀνατο-

579 2879 771 2950 γεῖλαι
797 2878 912 2947 τὴν
947 2879 1206 2948 ἐμαυτοῦ
1238 2879 1580 2947 ἐπιστήμην
1601 2877 1739 2948 (21).

449 2973 784 3044 Ἑπιστήμην
808 2970 944 3042 ἔχει,
975 2969 1091 3034 πῶς
1120 2970 1399 3042 ἄνθρωποι
1421 2972 1691 3041 πάσχουσι
1711 2988 1724 3001 ·
1762 2969 1853 3023 διὰ
1892 2971 1946 3022 τί

361 3065 644 3136 ἄνθρωποι
673 3065 731 3118 ὲν
755 3063 1106 3135 περιστάσεσι
1128 3079 1269 3116 τισιν
1291 3065 1348 3116 ὲν
1372 3062 1448 3133 τῷ
1472 3063 1570 3134 βιῳ
1595 3061 1770 3133 τούτῳ
1804 3061 1948 3132 μόνῳ

2133 645 2418 698 Videamus
2443 644 2590 700 illius
2629 645 2790 700 fortia
2833 645 2995 708 facta,
3046 655 3102 700 et
3151 647 3507 714 explicemus.
3563 649 3630 703 Et

2056 741 2120 792 ad
2148 740 2380 792 litteram
2405 738 2506 792 huc
2533 735 2928 790 rationabiliter
2950 736 3120 804 accipi
3149 747 3344 804 potest,
3373 748 3427 791 et
3459 740 3628 794 multo

2058 833 2230 902 magis
2265 831 2561 901 anagogice
2595 828 2880 896 explicari.
2933 830 3016 882 Ad
3064 829 3318 890 litteram,
3355 845 3456 898 pro
3489 832 3636 885 viri-.

2055 925 2158 978 bus
2185 923 2448 977 debemus
2475 937 2632 993 opem
2666 921 2810 976 ferre
2825 921 3172 992 pauperibus,
3195 923 3286 992 qui
3309 923 3636 991 opprimun-t

2057 1025 2144 1070 tur
2173 1031 2202 1070 a
2230 1017 2563 1086 potentibus.

2446 1107 2508 1162 V.
2541 1108 2626 1162 15.
2665 1106 2766 1162 Pes
2809 1117 2982 1161 autem
3023 1107 3234 1161 claudo.

2126 1198 2244 1270 Ipse
2299 1199 2638 1270 largiebatur
2707 1200 2870 1254 etiam
2945 1199 3374 1254 claudicantibus
3428 1201 3632 1267 bases,

2057 1292 2256 1345 anima:
2289 1291 2454 1360 pedes
2481 1303 2499 1344 :
2528 1301 2583 1346 et
2611 1304 2863 1345 sermone
2893 1301 3016 1346 erat
3043 1291 3158 1359 ipse
3191 1305 3286 1360 pes
3319 1289 3558 1352 illorum.

2058 1479 2124 1534 V.
2161 1479 2248 1533 16.
2297 1477 2467 1532 Litem
2500 1495 2620 1533 vero
2647 1495 2806 1548 quam
2843 1495 2950 1532 non
2993 1494 3258 1541 noreram,
3301 1478 3620 1547 investigavi.

2127 1571 2295 1626 Docet
2333 1585 2430 1624 nos
2455 1571 2728 1640 quomodo
2745 1579 2996 1639 oporteat
3021 1572 3110 1641 jus
3144 1571 3350 1636 dicere,
3385 1570 3428 1624 si
3457 1585 3629 1638 quan-

2057 1663 2125 1718 do
2157 1678 2413 1718 vocemur
2440 1663 2507 1716 ad
2533 1661 2820 1716 arbitrium
2858 1663 3111 1724 fratrum,
3163 1677 3272 1730 quo
3319 1663 3636 1730 iudicemus

2058 1755 2270 1826 negotia
2295 1769 2502 1809 eorum.

2637 1845 2789 1900 CAP.
2843 1844 3055 1899 XXXII.

2056 1937 2121 1992 ν.
2183 1937 2236 1990 Ι.
2295 1937 2362 1990 Et
2421 1937 2636 1990 cessavit
2685 1936 2785 1989 Job
2837 1939 3003 1989 verbis
3042 1950 3059 1988 :
3099 1937 3404 2003 quieuerunt
3443 1945 3620 1989 autem

2125 2011 2284 2060 etiam
2315 2023 2420 2060 tres
2445 2008 2600 2058 antici
2623 2007 2736 2075 ejus
2762 2008 2935 2060 adhuc
2966 2007 3276 2075 respondere
3319 2005 3444 2058 Job.
3485 2004 3624 2058 Erat

2125 2081 2263 2132 enim
2297 2077 2396 2130 Job
2411 2078 2592 2146 justus
2625 2093 2800 2128 coram
2829 2077 2954 2130 illis.

2122 2169 2238 2224 Non
2275 2169 2524 2223 absolute
2565 2169 2820 2222 cessavit.
2856 2167 2996 2226 Cum
3046 2169 3190 2222 enim
3241 2183 3330 2222 cor
3391 2168 3623 2222 habere:

2053 2262 2357 2332 recogitans
2387 2261 2596 2326 divina,
2631 2276 2736 2313 nou
2773 2262 3030 2312 cessavit.
3066 2259 3190 2314 lam
3232 2261 3376 2313 enim
3419 2269 3622 2325 tempus

2053 2354 2193 2408 omni
2228 2353 2302 2404 rei
2335 2351 2432 2406 sub
2475 2349 2602 2404 creto
2631 2365 2650 2402 :
2685 2358 2890 2416 tempus
2939 2351 3146 2402 tacendi
3203 2361 3249 2402 et
3292 2359 3493 2418 tempus
3538 2351 3622 2401 te-

2051 2445 2332 2506 quendi".
2363 2444 2595 2509 Quando
2639 2443 2803 2512 igitur
2832 2449 3044 2510 tempus
3091 2453 3209 2498 erat
3257 2439 3622 2511 respondendi

2055 2538 2226 2594 tribus
2263 2537 2390 2603 illis,
2421 2535 2781 2606 loquebatur:
2817 2535 3030 2603 quando
3056 2534 3160 2588 fuit
3191 2543 3422 2601 tempus,
3465 2541 3626 2602 post-

2050 2645 2213 2700 quam
2245 2631 2626 2684 obmutescere
2649 2640 2748 2680 eos
2779 2625 2928 2691 fecit,
2961 2625 3132 2682 siluit.
3164 2625 3241 2680 Ac
3269 2634 3401 2694 puto
3429 2625 3496 2678 ad
3525 2639 3626 2678 eno

2050 2723 2286 2780 centium
2314 2721 2418 2774 dici
2452 2719 2606 2784 illud,
2641 2718 2876 2772 Cessavit
2912 2716 3042 2772 Job.

2087 2816 2154 2871 ν.
2190 2816 2243 2869 '1.
2287 2813 2578 2883 Propterea
2600 2811 2790 2892 quievi,
2819 2813 3017 2864 ueritus
3061 2821 3120 2864 ut
3162 2810 3301 2864 vobis
3333 2809 3612 2879 referrem.

2583 2894 2852 2936 scaeuttam
2905 2897 3094 2935 nteant.

2121 2973 2635 3044 ScientiamJtabet,
2667 2973 2945 3040 quomodo
2999 2971 3248 3027 homines
3297 2972 3622 3042 patiantur;

2051 3087 2149 3126 cur
2173 3070 2425 3128 homines
2451 3069 2504 3122 in
2531 3063 2938 3122 calamitatibus
2960 3064 3282 3133 quibusdam
3313 3065 3366 3119 in
3391 3066 3492 3120 hac
3512 3065 3625 3120 vita

368 3159 624 3228 γίνονταιθ
669 3157 784 3210 ὅσοι
833 3156 1003 3210 ἄδικοι
1027 3155 1180 3220 ὅντες
1224 3155 1562 3230 εὐτυχοῦσιν.
1604 3154 1785 3209 Εἶδον
1819 3153 1947 3207 ἀδι-

2052 3165 2166 3218 sola
2201 3164 2311 3218 sint
2341 3180 2356 3229 ;
2405 3169 2538 3232 quot
2565 3159 2748 3228 injusti
2781 3173 2902 3214 cum
2937 3159 3068 3222 sint,
3103 3156 3336 3212 feliciter
3376 3157 3624 3211 fortuna-

365 3252 628 3317 κοῦντας
656 3249 756 3303 καὶ
788 3251 1303 3320 παρανομοῦντας,
1345 3250 1444 3303 καὶ
1471 3249 1617 3319 ἐμοῦ
1664 3248 1823 3316 παρὰ
1855 3265 1949 3316 μι-

363 3345 518 3413 κρὸν
533 3345 958 3413 ἐσαλεύθησαν
976 3347 1030 3397 οἱ
1055 3345 1258 3410 πόδες.
1306 3344 1427 3396 Ἐὰν
1459 3345 1516 3397 ὲν
1539 3343 1616 3414 τῷ
1653 3341 1752 3413 βίῳ
1774 3341 1948 3410 τούτῳ

370 3434 531 3505 μόνον
579 3435 758 3500 ὲνίδω,
804 3437 941 3503 παρ’
963 3435 1172 3505 ὀλίγον
1204 3435 1459 3504 ἐξεχύθη
1505 3435 1576 3490 τὰ
1619 3432 1948 3504 διαδήματα

359 3549 504 3600 μου.
991 3557 1002 3580 .-

541 3621 689 3693 Στίχ.
719 3629 770 3675 ι’.
807 3625 930 3692 Οὐχ
952 3627 1006 3677 οἱ
1028 3623 1418 3692 πολυχρόνιοί
1436 3625 1552 3676 εἱσι
1581 3622 1778 3690 σοφοί.

434 3711 546 3786 (22)
569 3713 644 3766 οὐ
674 3713 782 3785 γὰρ
816 3714 1052 3784 ἀνάγκη,
1079 3715 1232 3784 φησὶ,
1263 3713 1392 3776 τοὺς
1417 3711 1727 3783 πρεσϐύτας
1754 3711 1948 3782 μόνους

359 3801 507 3858 εἶναι
541 3803 764 3873 σοφούς·
807 3803 922 3857 ἀλλ’
955 3803 1070 3856 ἔστι
1096 3805 1190 3857 κα)¹
1222 3804 1330 3857 ἀπὸ
1354 3804 1605 3874 νεότητος
1629 3802 1860 3856 ἀκοῦσαί
1893 3821 1944 3855 τι

363 3895 632 3968 γενναῖον.
662 3897 724 3950 Ei
753 3898 862 3972 γὰρ
900 3897 1090 3970 χρόνος
1112 3898 1258 3949 ποιεῖ
1285 3896 1502 3964 σοφοὺς,
1535 3894 1714 3965 πολλῷ
1747 3894 1945 3965 μᾶλλον

365 3991 518 4055 Θεός.

364 4082 513 4152 Στὶχ.
548 4089 638 4153 ιη’.
670 4081 896 4136 Ὠλέκει
923 4080 1032 4151 γάρ
1055 4097 1130 4149 με
1155 4080 1223 4133 τὸ
1245 4077 1482 4148 πνεῦμα
1510 4075 1618 4146 τῆς
1661 4079 1941 4148 γαστρός.

435 4175 546 4246 (25)
571 4177 784 4247 Ὥσπερ
793 4193 876 4238 τις
891 4174 1084 4243 ἔγκυος
1099 4175 1328 4243 γίνεται,
1343 4173 1437 4225 καὶ
1459 4190 1526 4244 μο
1533 4173 1678 4244 ρφωθ
1685 4173 1834 4235 ἐντος
1847 4172 1943 4226 τοῦ

363 4268 708 4337 γεννωμένου
735 4269 794 4322 ὲν
825 4266 974 4337 αὐτῷ
1001 4266 1134 4339 (24),
1156 4266 1250 4319 ὲπὶ
1279 4266 1472 4330 ὠδῖνας
1489 4266 1727 4342 ἔρχεται,
1753 4265 1946 4337 μέχρις

363 4351 426 4412 οὗ
478 4358 824 4429 ἀπογεννήσῃ
870 4354 1028 4408 τοῦτο
1064 4356 1092 4408 ὃ
1123 4357 1384 4428 πρότερον
1433 4357 1737 4426 συνείληφε·
1773 4355 1946 4416 τοιοῦ-

361 4450 455 4502 τόν
475 4450 529 4502 τί
558 4466 650 4519 μοι
676 4449 786 4502 νόει
809 4447 1062 4517 γενέσθαι
1088 4447 1200 4520 (25)
1227 4449 1324 4502 καὶ
1359 4449 1452 4501 ἐπὶ
1473 4448 1572 4518 τῆς
1594 4446 1688 4500 τοῦ
1713 4447 1943 4518 φιλομα-

2051 3267 2211 3326 teque
2247 3265 2432 3326 agant.
2473 3253 2592 3312 Vidi
2616 3261 2802 3308 contra
2820 3251 3090 3319 justitiam
3121 3261 3170 3304 et
3205 3250 3366 3320 legem
3388 3262 3620 3320 agentes,

2047 3358 2095 3400 et
2135 3347 2235 3400 mei
2271 3344 2649 3414 prapemodum
2685 3341 2814 3394 moti
2848 3349 2969 3394 sunt
3011 3341 3167 3409 pedes
3193 3341 3264 3416 "._
3313 3341 3372 3396 Si
3417 3341 3470 3395 in
3516 3342 3622 3396 hac

2049 3440 2158 3493 vita
2205 3441 2466 3494 duntaxat
2501 3435 2808 3505 inspiciam,
2871 3441 3250 3504 prapemodum
3296 3435 3451 3499 eﬂ'usi
3497 3441 3625 3490 sunt

2047 3548 2256 3604 gressus
2287 3532 2388 3585 mei
2409 3530 2480 3584 ⁷⁸.

2220 3621 2284 3676 ν.
2329 3621 2420 3676 10.
2451 3619 2576 3674 Non
2622 3617 2714 3689 qui
2747 3615 2971 3686 longaevi
3007 3625 3130 3670 sunt
3167 3616 3447 3684 sapientes.

2119 3711 2234 3768 Non
2262 3714 2406 3769 enim
2442 3726 2666 3770 necesse
2713 3720 2820 3782 est,
2852 3709 3050 3782 inquit,
3099 3717 3157 3764 ut
3203 3723 3362 3764 senes
3385 3706 3481 3764 soli
3508 3707 3624 3762 sint

2048 3808 2360 3876 sapientes;
2387 3807 2480 3863 sed
2517 3806 2645 3862 licet
2671 3805 2837 3862 etiam
2886 3805 2956 3860 ab
2989 3804 3273 3874 iuventute
3303 3802 3491 3856 audire
3521 3801 3623 3854 ali-

2047 3900 2179 3966 quid
2208 3912 2552 3968 generosum.
2602 3899 2662 3960 Si
2715 3899 2862 3954 enim
2918 3909 3132 3967 tempus
3164 3896 3438 3964 sapientes
3467 3893 3624 3960 facit,

2047 3989 2214 4044 multo
2231 3990 2398 4059 magis
2415 3991 2572 4045 Deus.

2153 4079 2218 4133 ν.
2255 4081 2340 4138 18.
2371 4081 2689 4136 Perdiderat
2727 4081 2868 4138 enim
2905 4097 2988 4135 me
3029 4080 3248 4150 spiritus
3292 4081 3508 4134 uentris.

2118 4172 2273 4228 Sicut
2301 4175 2548 4243 quaedam
2603 4174 2828 4245 gravida
2882 4171 2960 4236 iit,
2998 4182 3055 4226 et
3099 4172 3332 4226 formato
3380 4170 3514 4226 fmtu
3563 4172 3620 4232 in

2049 4265 2165 4335 ipsa
2213 4265 2280 4320 ad
2336 4265 2568 4319 tormina
2623 4265 2798 4331 venit,
2852 4279 3024 4334 usque
3071 4265 3196 4319 dum
3251 4265 3432 4332 pariat
3473 4265 3620 4332 quod

2047 4358 2200 4428 prius
2223 4367 2594 4426 conceperat;
2625 4357 2734 4420 tale
2761 4359 2892 4429 quid
2925 4367 2982 4412 tu
3019 4357 3152 4412 mihi
3185 4355 3476 4422 contigisse
3516 4369 3616 4408 co-

2048 4449 2180 4520 gita,
2229 4459 2282 4505 et
2327 4451 2380 4506 in
2426 4451 2606 4506 anima
2661 4451 2969 4508 doctrinam
3018 4447 3316 4518 diligentis.
3371 4439 3624 4514 Concipit

362 4543 490 4607 θοῢς
509 4511 706 4614 ψυχῆς.
735 4511 1104 4614 Συλλαμϐάνει
1137 4511 1246 4613 γάρ
1276 4539 1366 4595 τὸν
1395 4511 1549 4610 λόγον
1578 4540 1636 4594 ὃν
1665 4511 1943 4608 ἀπαγγελ-

2050 4541 2189 4596 enim
2218 4555 2548 4608 sermonem,
2577 4557 2735 4614 quem
2767 4542 3107 4600 enuntiatum
3131 4537 3380 4594 eil'ormat
3401 4549 3455 4594 et
3476 4537 3620 4606 ﬁgu—

360 4633 587 4705 λόμενον
618 4637 816 4706 μορφοῖ
843 4635 937 4688 καὶ
957 4638 1118 4688 τυποῖ
1154 4636 1318 4688 αὐτὸν
1355 4636 1416 4704 τῇ
1443 4631 1612 4698 τάξει.
1648 4631 1764 4682 Ὀτ’
1793 4629 1858 4682 ἂν
1885 4629 1942 4682 δὲ

363 4727 504 4800 μετὰ
523 4727 586 4780 τὸ
617 4727 864 4781 τυπῶσαι
889 4729 980 4782 καὶ
1003 4745 1070 4797 μο
1079 4728 1288 4799 ρφῶσαι
1307 4726 1469 4780 αὐτὸν
1489 4725 1704 4795 ἓτοιμον
1727 4722 1944 4792 γενόμε-

359 4835 474 4880 νον,
507 4817 580 4888 μὴ
599 4816 674 4880 ὡς
695 4816 955 4888 ἐκτρωμα
987 4817 1268 4888 ἀνέτοιμον
1297 4817 1390 4869 καὶ
1413 4813 1597 4876 ἀτελὲς
1621 4811 1898 4883 παραδιδῷ
1921 4851 1938 4876 ,

359 4909 476 4964 ἀλλ’
502 4909 578 4972 ὠς
605 4908 1000 4980 τελεσφορηθὲν
1035 4911 1130 4962 καὶ
1164 4907 1576 4978 τετελειωμένον
1603 4905 1810 4976 εἴποιμι
1850 4906 1934 4968 ἄν.

353 4997 476 5070 (26)
515 4997 663 5070 Στίχ.
706 4999 790 5052 ιϐ’.
848 5001 910 5060 Ἠ
955 5000 1023 5054 δὲ
1071 4999 1300 5070 γαστήρ
1337 5019 1457 5068 μου
1505 4999 1707 5066 ὥσπερ
1747 4997 1936 5063 ἀσκὸς

739 5072 1035 5140 γλεύκους
1067 5071 1208 5131 ζέων
1239 5070 1576 5140 δεδεμένος.

427 5163 588 5216 Δοκεῖ
625 5179 715 5232 μοι
747 5161 996 5217 ἐντεῦθεν
1021 5165 1269 5236 εἰρῆσθαι
1295 5165 1355 5218 τὸ
1393 5167 1452 5218 ὲν
1483 5164 1562 5234 τῷ
1601 5162 1931 5234 Εὐαγγελίῳ·

457 5301 506 5341 ⁷⁵
534 5305 708 5362 Eccle.
733 5318 820 5367 tu,
853 5303 908 5367 l,
945 5303 999 5356 7.
1075 5305 1122 5364 ⁷7
1149 5303 1292 5358 Psal.
1321 5320 1492 5371 um,
1514 5304 1572 5357 ‘2.
1647 5304 1706 5335 ’⁸
1731 5303 1862 5358 ibid.

427 5499 542 5570 (l9)
567 5501 732 5557 Deest
773 5502 826 5555 in
860 5518 974 5556 xxr.

433 5571 547 5642 (20)
584 5571 717 5626 Vide
745 5570 1056 5642 Olympiod.

427 5639 540 5710 (21)
572 5641 754 5710 Aquil.
782 5639 836 5698 et
864 5639 1100 5706 Theod.,
1133 5639 1358 5709 γνῶσιν.
1389 5669 1454 5679 -
1493 5641 1696 5696 Confer
1743 5650 1781 5698 t.
1821 5641 1938 5704 XII,

357 5711 466 5765 col.
496 5711 655 5764 1040.

432 5781 545 5853 (22)
583 5781 782 5838 Confer
800 5779 1012 5851 Olymp.
1048 5789 1100 5836 et
1139 5777 1284 5851 Orig.
1345 5779 1456 5836 t.-ll
1507 5780 1684 5854 (Patr.
1727 5793 1762 5836 ι.
1795 5781 1938 5852 XII),

2045 4642 2130 4686 rat
2157 4635 2372 4690 ordine.
2405 4635 2630 4702 Quando
2657 4645 2858 4701 autent,
2891 4645 3178 4705 postquam
3213 4631 3518 4686 eﬂormavit
3557 4641 3618 4686 et

2044 4721 2302 4794 ﬁguravit
2344 4739 2467 4780 eum
2516 4727 2674 4793 edit;
2708 4727 2834 4796 quia
2863 4739 3137 4797 paratum,
3193 4741 3302 4782 non
3357 4736 3615 4794 tanquam

2041 4817 2351 4872 abortivum
2401 4819 2730 4890 imparatum
2762 4836 2826 4876 ac
2859 4821 3238 4891 imperfectum
3271 4819 3472 4884 tradat,
3517 4815 3614 4874 sed

2039 4915 2101 4968 ut
2132 4909 2438 4966 absolutum
2468 4913 2898 4983 perfectumque,
2944 4929 3044 4983 ego
3073 4913 3330 4966 dixerim.

2045 4997 2110 5053 V.
2165 4999 2256 5064 i9.
2319 4999 2511 5063 Venter
2557 5012 2730 5073 autem
2761 5019 2936 5068 meus,
2965 5016 3216 5073 tanquam
3257 5010 3376 5055 uter
3422 5001 3609 5068 musti,

2605 5071 2808 5139 fervens
2833 5073 3054 5140 ligatus.

2117 5160 2340 5216 Videtur
2383 5163 2512 5218 mihi
2564 5163 2691 5217 hinc
2737 5163 2941 5218 dictum
2979 5163 3108 5218 illud
3156 5163 3209 5217 in
3262 5161 3558 5238 Evangelio
3591 5179 3611 5219 :

2037 5498 2142 5554 col.
2173 5499 2329 5554 1040.

2109 5569 2220 5640 (25)
2246 5571 2416 5640 Aliter
2439 5569 2558 5640 loco
2585 5571 2772 5623 citato.

2107 5639 2222 5704 (24)
2263 5639 2422 5694 Forte
2451 5639 2609 5708 αὐτῇ.

2111 5703 2224 5779 (25)
2256 5711 2310 5762 In
2343 5711 2465 5764 cod.
2503 5703 2618 5772 xii,
2648 5703 2886 5779 τοιοῦτρν
2922 5705 3162 5779 μοιίνὸει
3187 5705 3452 5779 γίνεσθαι.

2111 5775 2222 5852 (26)
2265 5779 2498 5837 Deestin
2524 5793 2628 5833 uno
2655 5778 2775 5832 cod.
2819 5775 2956 5831 Hinc
3015 5778 3194 5832 hausit
3243 5777 3460 5846 Olymp.
