4186 6438
400 361 464 415 9ἲ
1291 361 1294 364 ’
1633 365 2168 424 ENARRATIONES
2205 369 2272 425 IN
2309 369 2338 425 J
2343 369 2450 426 OB.
3585 371 3657 426 98

397 480 530 534 ἔστι
555 479 1010 546 absumo—Kal
1021 481 1146 551 μετ’
1165 482 1353 554 ὀλίγα·
1373 483 1498 536 Ἐὰν
1539 479 1606 555 ᾖς
1634 483 1967 557 ἁμαρτωλὸς,

2079 488 2292 556 tigentia
2331 485 2546 543 “.--Et
2561 495 2675 556 post
2699 499 2908 556 pauca:
2935 483 2992 540 Si
3046 487 3122 541 sis
3163 489 3432 556 peccator,
3473 485 3520 541 si
3579 487 3656 544 sis

400 571 494 624 ἐὰν
537 567 604 644 ᾖς
647 573 866 644 πόρνος,
907 572 1002 626 ὲάν
1049 576 1385 648 καταφερὴς,
1420 577 1482 629 οὐ
1529 576 1843 651 διορισθήσῃ
1875 578 1982 630 ἀπὸ

398 663 507 717 τῶν
530 665 893 735 τετραπόδων.
927 667 1120 719 "lamas
1157 667 1520 737 θηλυμανεῖς
1546 667 1978 738 ἐγεννήθησαν.

400 755 497 808 Διά
515 756 671 810 τοῦτο
694 757 910 829 θαρρῶν
933 759 1102 826 λέγει,
1126 760 1206 812 ὅτι
1238 759 1527 832 ἐχωρίσθη·
1547 761 1610 812 '0
1633 759 1982 830 διορίζωνμε

401 847 517 904 ἀπὸ
553 849 930 917 τετραπόδων
954 849 1084 920 γῆς.

1045 943 1199 996 ΚΕΦ.
1235 945 1322 996 Μ’.

401 1033 549 1104 Στίχ.
582 1041 650 1102 γ’.
689 1037 744 1088 Μ
751 1034 804 1101 ὴ,
827 1035 984 1088 ἀλλὰ
1019 1033 1192 1095 ζῖῦσαι
1225 1035 1424 1104 ὥσπερ
1454 1035 1608 1103 ἀνὴρ
1626 1036 1738 1102 τὴν
1779 1037 1980 1104 ὀσφύν

472 1121 608 1158 σου.
645 1105 857 1174 Δίδωμί
887 1123 986 1159 σοι
1003 1108 1364 1174 παρρησίαν.
1407 1105 1545 1174 Ἐγώ
1575 1125 1648 1161 σε
1678 1107 1974 1174 ἐρωτήσω·

464 1175 546 1228 σὺ
587 1175 653 1228 δέ
665 1193 766 1244 μοι
793 1177 1128 1244 ἀπόκριναι.

473 1266 587 1338 (55)
622 1267 760 1338 Ἤδη
795 1264 957 1322 ἆθλον
1005 1267 1153 1338 αὐτῷ
1183 1268 1396 1322 δίδωσιν
1417 1271 1446 1322 ὁ
1473 1269 1622 1332 Θεός.
1656 1269 1978 1340 Ἄνθρωπον

398 1361 598 1434 ἐρωτᾷ,
639 1361 720 1414 ὅτι
753 1360 1078 1416 πυνθάνεται
1117 1361 1304 1424 αὑτοῦ,
1341 1363 1422 1414 ὅτι
1473 1361 1686 1414 δίδωσιν
1730 1360 1975 1426 ἐξουσίαν

395 1451 496 1521 τῆς
523 1451 881 1522 ἀποκρίσεως.
901 1451 962 1504 Εἰ
988 1451 1060 1520 μὴ
1079 1447 1147 1522 ἦν
1168 1451 1486 1522 νενικηκὼς,
1517 1452 1616 1504 οὐκ
1643 1450 1708 1504 ἂν
1735 1449 1976 1520 ἐλάμϐα-

397 1562 506 1598 νεν·
539 1546 588 1597 εἰ
639 1546 712 1616 μὴ
763 1540 832 1616 ἦν
886 1543 1204 1613 ὑπομείνας,
1259 1544 1358 1596 οὐκ
1399 1543 1464 1596 ἂν
1511 1545 1730 1614 ἢκουσε·
1777 1540 1974 1595 Ζῶσαι

395 1639 598 1707 ὥσπερ
614 1637 769 1707 ἀνὴρ
795 1638 910 1705 τὴν
931 1637 1132 1706 ὀσφύν
1162 1652 1298 1690 σου.
1333 1635 1635 1704 Ἐρωτήσω
1673 1634 1740 1687 δέ
1762 1649 1853 1686 σε·
1893 1631 1974 1684 σὺ

396 1728 464 1782 δέ
479 1747 580 1798 μοι
611 1729 950 1797 ἀπόκριναι.

2085 580 2408 646 fornicator,
2437 581 2480 633 si
2513 595 2757 648 praeceps
2783 617 2798 641 ,
2835 594 2941 632 non
2976 577 3328 648 distingueris
3349 593 3378 631 a
3415 577 3651 648 quadru-

2081 671 2328 739 pedibus.
2377 669 2516 740 Equi
2569 670 2834 724 luxuriosi
2891 671 3002 724 nati
3057 679 3182 722 sunt
3226 669 3293 721 ⁸⁵.
3360 668 3662 738 Propterea.

2083 763 2342 816 audacter
2369 765 2534 828 dicit,
2581 764 2707 833 quia
2742 775 3056 832 segregatus
3093 771 3204 818 est:
3229 761 3335 828 Qui
3374 758 3662 834 distingui?

2079 867 2160 906 me
2191 869 2224 905 a
2249 854 2670 924 quadrupedibus
2689 866 2863 908 terrae.

2710 947 2862 1002 CAP.
2894 945 3010 1001 XL.

2081 1035 2227 1108 v.75.
2263 1035 2630 1106 Nequaquam,
2659 1041 2748 1092 sed
2778 1040 2990 1108 accinge
3030 1048 3086 1094 ut
3119 1041 3200 1094 vir
3222 1039 3452 1092 lumbum
3478 1049 3646 1091 tuum.

2151 1107 2232 1161 Do
2273 1109 2367 1161 tibi
2399 1110 2645 1177 loquendi
2675 1111 2898 1165 veniam.
2931 1107 3056 1180 ’Ego
3096 1119 3144 1166 te
3185 1111 3518 1179 interrogabo
3541 1125 3560 1162 :
3589 1117 3649 1162 tu

2149 1189 2324 1232 autem
2357 1181 2484 1232 mihi
2512 1182 2786 1246 responde.

2147 1267 2267 1324 Jam
2290 1278 2566 1324 certamen
2595 1270 2644 1324 ei
2678 1271 2768 1324 dat
2805 1271 2970 1326 Deus.
3007 1271 3290 1328 llominem
3323 1273 3650 1340 interrogat,

2078 1363 2204 1432 quia
2224 1362 2493 1432 dignoscit
2515 1361 2689 1426 illum,
2718 1363 2838 1432 quia
2866 1365 3052 1418 tribuit
3080 1364 3393 1420 facultatem
3427 1379 3652 1433 respon-

2077 1456 2258 1509 dendi.
2287 1456 2341 1510 Si
2370 1471 2476 1512 non
2500 1454 2736 1518 vicisset,
2765 1457 2948 1525 utique
2969 1472 3074 1514 non
3101 1458 3432 1527 accepisset:
3467 1455 3512 1510 si
3545 1470 3652 1512 non

2079 1549 2296 1604 tulisset
2329 1552 2626 1620 patienter,
2674 1571 2782 1610 non
2815 1557 3004 1624 utique
3051 1553 3391 1610 audivisset:
3425 1550 3654 1620 Accinge

2076 1653 2131 1693 ut
2157 1643 2237 1695 vir
2279 1643 2510 1696 lumbum
2537 1654 2684 1700 tuum
2720 1663 2738 1700 :
2783 1647 3123 1718 interrogabo
3152 1657 3328 1700 autem
3348 1654 3428 1708 te,
3455 1653 3513 1698 tu
3533 1657 3654 1700 vero

2074 1734 2202 1786 mihi
2230 1736 2505 1800 responde.

473 1821 583 1876 Τοῦ
627 1821 832 1876 αὐτοῦ.
887 1822 978 1892 Μὴ
1023 1821 1284 1894 πρότερον
1339 1817 1728 1889 ἀποκρινάσθω
1762 1831 1845 1880 τις
1897 1813 1967 1884 τῷ

2147 1797 2424 1896 Ejusdem.
2477 1825 2557 1883 Ne
2599 1829 2752 1898 prius
2793 1829 3120 1899 respondeat
3183 1828 3308 1897 quis
3353 1826 3487 1890 Deo,
3547 1825 3650 1880 nisi

396 1913 535 1983 Θεῷ,
571 1913 666 1966 ὲάν
703 1913 798 1984 μὴ,
843 1913 1132 1983 γενόμενος
1162 1910 1320 1982 ἀνὴρ,
1357 1908 1596 1980 ζώσηται
1619 1907 1805 1976 ὥσπερ
1835 1905 1974 1976 ἀνὴρ

393 2007 492 2078 τὴν
525 2006 698 2074 ὀσφὺν
727 2003 1082 2059 αὐτοῦ.”οσον
1113 2003 1224 2072 γὰρ
1250 2005 1282 2072 ἡ
1309 2003 1478 2071 ὀσφὺς
1507 1999 1668 2054 αὐτοῦ
1697 1999 1796 2052 ούκ
1829 1996 1964 2060 ἔζω-

395 2115 536 2162 σται,
565 2098 698 2153 ἀλλά
744 2099 980 2160 λέλυται,
1011 2098 1104 2151 καὶ
1131 2097 1251 2166 οὐχὶ
1295 2093 1653 2165 περιδὲδεται,
1689 2091 1809 2145 οὐδὲ
1839 2106 1966 2142 συν-

393 2190 701 2259 έσφιγκται,
754 2190 814 2242 οὺ
871 2188 1090 2242 δύναται
1147 2187 1382 2256 εὐλόγως
1435 2184 1831 2257 ἀποκρίνασθαι
1889 2179 1967 2250 τῷ

391 2282 602 2354 Κυρίῳ.

391 2375 541 2444 Στίχ.
582 2379 650 2442 γ’.
697 2371 1000 2441 Ἐρωτήσω
1029 2371 1097 2426 δέ
1132 2387 1224 2425 σε*
1250 2370 1330 2423 σὺ
1353 2368 1420 2422 δέ
1461 2387 1562 2440 μοι
1595 2367 1965 2436 ἁποκρίθητι.

463 2465 545 2519 Τά
574 2467 670 2538 μὲν
695 2465 876 2520 τέλεια
902 2465 1010 2519 τῶν
1029 2464 1423 2534 ἀγωνισμάτων
1461 2466 1572 2526 τοῖς
1601 2461 1778 2524 καλῶς
1802 2458 1968 2531 ἀθλή-

395 2574 520 2611 σασι
553 2556 690 2628 μετὰ
709 2557 804 2610 τὸν
833 2555 946 2626 βίον
985 2557 1274 2610 ἀπόκειται
1299 2554 1507 2608 τοῦτον.
1541 2555 1706 2608 Οὐδὲν
1730 2553 1788 2605 δὲ
1808 2547 1968 2624 ἦττον

392 2651 487 2705 καὶ
529 2649 630 2720 ήδη
675 2651 709 2720 ἡ
751 2648 908 2720 χάρις
962 2649 996 2719 ἡ
1048 2647 1142 2700 τοῦ
1187 2647 1322 2700 Θεοῦ
1367 2644 1796 2719 ἀρραϐωνίζεται
1843 2643 1970 2707 τοὺς

392 2741 646 2814 ἀθλητάς.
679 2741 777 2795 Διά
789 2739 966 2806 τοῦτο,
985 2739 1074 2793 ὅτε
1101 2740 1405 2808 ἠγωνίσατο
1429 2738 1496 2792 τὰ
1525 2738 1798 2810 μέγισταὸ
1825 2734 1965 2788 Ἱὼϐο

389 2837 502 2900 ὅτε,
532 2833 820 2889 ἀποϐαλὼν
861 2835 932 2888 τὰ
949 2833 1281 2905 ὑπάρχοντα,
1317 2831 1530 2897 ἐδόξασε
1561 2831 1648 2884 τὸν
1680 2829 1966 2884 δεδωκόταο

390 2930 502 2994 ὅτε,
526 2927 859 3000 ἀποθέμενος
887 2926 956 2980 τά
976 2927 1161 2991 τέκνα,
1187 2924 1558 2996 ηὑχαρίστησε
1597 2923 1676 2994 τῷ
1711 2919 1969 2993 παρειλη-

394 3023 534 3092 φότι-
563 3023 674 3086 ὅτε,
721 3023 918 3094 νοήσας
950 3021 1024 3086 ὡς
1060 3020 1346 3092 σκώληκας
1387 3019 1606 3086 ἀνάγειν
1648 3015 1812 3072 αὐτοῦ
1861 3015 1970 3072 ἀπὸ

391 3111 486 3166 τοῦ
521 3111 788 3183 σώματος,
823 3112 882 3165 ού
917 3112 1194 3183 νενίκηται
1221 3111 1329 3165 ἀπὸ
1351 3109 1459 3162 τῶν
1481 3110 1676 3162 πόνων·
1711 3108 1971 3180 προοίμια

391 3205 486 3259 καὶ
519 3203 810 3274 ἀρραϐῶνα
863 3201 972 3256 τῶν
1015 3202 1260 3273 ἀθλητῶν
1307 3201 1522 3255 δίδωσιν
1567 3198 1714 3270 αὐτῷ
1745 3201 1773 3252 ὁ
1814 3197 1970 3294 Θεὸς,
1993 3234 2038 3294 c

390 3294 736 3368 χρηματίσας
766 3293 914 3364 αὐτῷ
943 3293 1030 3346 διὰ
1049 3293 1306 3357 λαίλαπος
1339 3293 1434 3345 καὶ
1459 3289 1660 3361 νεφῶν.
1703 3287 1967 3352 Ἀκούσας

389 3385 482 3443 οὖν
511 3389 787 3460 προτέρων
829 3389 1023 3457 λόγων,
1063 3387 1180 3442 δέον
1208 3386 1605 3459 ἀποκρίνασθαι
1641 3385 1776 3457 πρὸς
1811 3383 1964 3448 Θεὸν,

392 3483 593 3553 σιωπᾷ,
623 3481 698 3545 ὡς
730 3483 830 3536 οὐκ
874 3481 1012 3552 ἔχων
1049 3481 1360 3553 παρρησίαν
1394 3477 1790 3550 ἀποκρίνασθαι
1831 3474 1966 3546 πρὸς

389 3573 570 3628 αὐτόν.
605 3572 770 3628 Οὔπω
799 3573 908 3645 γάρ
940 3573 1056 3645 ᾔδει
1091 3573 1152 3626 τὸ
1190 3573 1414 3644 ὕστερον
1445 3570 1830 3642 γεγραμμένον
1859 3567 1965 3621 ὑπὸ

387 3667 686 3730 Μωῦσέως,
720 3667 797 3728 ὠς
829 3665 1092 3734 Μωϋσῆς
1124 3663 1346 3730 ἐλάλει,
1381 3667 1414 3718 ό
1440 3663 1508 3716 δὲ
1543 3662 1688 3727 Θεὸς
1724 3659 1964 3727 ἀπεκρί-

386 3775 531 3815 νατο
559 3759 717 3824 αὐτῷ
745 3755 934 3828 φωνῇ.
977 3757 1064 3820 Ὠς
1091 3755 1164 3830 μὴ
1203 3756 1558 3826 ἐπιστάμενος
1579 3754 1759 3807 τοίνυν
1785 3751 1962 3813 τοῦτο,

385 3853 446 3905 ού
475 3850 616 3904 θέλει
637 3849 1032 3924 ἀποκρίνασθαι
1075 3848 1212 3921 πρὸς
1243 3848 1334 3900 τὸν
1375 3846 1528 3902 Θεόν.
1567 3847 1628 3900 '0
1652 3845 1708 3898 δὲ
1729 3845 1858 3908 Θεὸς
1887 3844 1964 3896 δί-

386 3941 548 3998 δωσιν
580 3942 727 4014 αὐτῷ
767 3939 1076 4014 παρρησίαν
1107 3939 1200 3994 τοῦ
1227 3939 1428 3995 λαλεῖν.
1466 3939 1576 3993 Καὶ
1607 3938 1736 4008 μεθ’
1769 3937 1960 4005 ἕτερα⁸

386 4035 634 4107 Τοσαύτη
668 4035 815 4089 ἐστὶν
851 4037 884 4107 ή
923 4032 1226 4105 χρηστότης
1277 4029 1372 4085 τοῦ
1399 4030 1555 4094 Θεοῦ,
1591 4029 1732 4083 ὥστε
1766 4029 1964 4084 ἀναλα-

387 4127 500 4182 ϐεῖν
530 4127 692 4181 αὐτὸν
725 4125 1011 4198 πρόσωπον
1043 4125 1103 4179 οὐ
1137 4123 1430 4196 κρίνοντος,
1464 4122 1599 4175 ἀλλά
1643 4123 1962 4194 κρινομένου

387 4218 525 4291 μετά
557 4218 651 4272 τοῦ
686 4215 989 4289 ἀνθρώπου.
1021 4217 1131 4269 Καὶ
1163 4215 1350 4268 πολλαὶ
1375 4213 1531 4267 τοῦτο
1561 4211 1804 4278 ἐδίδαξαν
1823 4213 1964 4284 Γραο

385 4309 503 4380 φαί.
535 4307 731 4374 Δεῦτε,
778 4307 876 4360 καὶ
897 4303 1320 4374 διαλεχθῶμεν,
1361 4303 1524 4373 λέγει
1553 4303 1787 4370 Κύριος.
1828 4301 1960 4366 Καὶ,

384 4403 542 4469 Λαός
550 4421 688 4472 μου,
721 4401 918 4472 μᾶλλον
952 4399 1008 4452 δὲ
1031 4399 1060 4451 ὁ
1085 4397 1217 4461 Θεὸς
1247 4397 1382 4469 μετά
1413 4395 1506 4450 τοῦ
1527 4395 1658 4449 λαοῦ
1687 4395 1964 4467 διαλεχθή·

2065 1917 2246 1973 factus
2272 1920 2376 1984 vir,
2409 1921 2748 1976 succinxerit
2777 1931 2835 1975 ut
2864 1923 2945 1975 vir
2971 1920 3210 1976 lumbum
3233 1935 3413 1976 suum.
3451 1917 3654 1985 Quate-

2069 2025 2168 2064 nus
2191 2011 2334 2063 enim
2367 2010 2583 2067 lumbus
2609 2011 2756 2068 illius
2783 2027 2886 2068 non
2916 2022 3000 2068 est
3027 2014 3328 2076 accinctus,
3349 2011 3444 2065 sed
3473 2011 3650 2064 disso-

2067 2103 2234 2164 lutus,
2258 2117 2362 2158 nec
2389 2103 2817 2161 circumcinctus
2838 2146 2854 2172 ,
2891 2119 3072 2174 neque
3101 2105 3269 2160 etiam
3317 2103 3650 2158 constrictus

2070 2191 2189 2258 fuit,
2217 2207 2324 2246 non
2361 2203 2540 2264 potest
2586 2197 2986 2254 rationabiliter
3025 2197 3358 2269 respondere
3393 2195 3644 2250 Domino.

2073 2379 2136 2434 ν.
2185 2381 2237 2436 '5.
2284 2381 2632 2452 Interrogabo
2655 2391 2834 2436 autem
2857 2393 2905 2437 te
2933 2393 3026 2437 :tu
3057 2399 3177 2437 vero
3217 2383 3345 2436 mihi
3369 2381 3645 2450 responde.

2137 2470 2381 2527 Perfecta
2427 2473 2782 2528 certaminum
2823 2473 3042 2544 praemia
3087 2473 3152 2528 iis
3190 2475 3278 2542 qui
3305 2472 3444 2528 bene
3469 2482 3646 2528 certa-

2069 2573 2266 2618 verunt
2286 2573 2410 2634 post
2427 2565 2573 2619 hanc
2597 2565 2763 2620 vitam
2792 2574 3065 2620 reservata
3085 2574 3230 2620 sunt.
3259 2565 3438 2619 Nihilo
3459 2570 3642 2619 tamen

2071 2657 2253 2709 minus
2281 2654 2394 2724 jam
2429 2657 2594 2711 etiam
2625 2655 2799 2725 gratia
2833 2656 2928 2709 Dei
2970 2657 3124 2725 quasi
3171 2657 3394 2710 arrham
3438 2657 3644 2724 prabet

2069 2747 2310 2804 athletis.
2340 2746 2637 2819 Propterea
2663 2749 2878 2817 quando
2900 2750 3136 2803 maxima
3157 2748 3453 2804 certamina
3479 2747 3648 2802 susti-

2071 2839 2337 2905 nuitJob;
2373 2839 2590 2909 quando
2615 2841 2875 2893 amittens
2921 2839 3212 2895 facultates
3239 2840 3486 2894 datorem
3521 2839 3642 2892 lau-

2071 2932 2256 2995 davit;
2313 2931 2530 3002 quando
2559 2931 2781 2986 amissis
2821 2931 3010 2986 liberis
3047 2932 3257 3002 gratias
3300 2933 3412 3002 egit
3459 2932 3507 2986 ei
3551 2932 3644 3000 qui

2071 3025 2404 3090 abstulerat;
2468 3027 2685 3094 quando
2729 3025 3172 3080 animadvertens
3213 3023 3370 3092 quasi
3423 3037 3645 3077 vermes

2071 3129 2421 3169 succrescere
2445 3116 2512 3170 de
2535 3129 2768 3187 corpore
2800 3115 2938 3184 ejus,
2971 3129 3076 3170 non
3117 3111 3218 3167 fuit
3239 3114 3416 3167 victus
3437 3129 3466 3166 a
3495 3113 3644 3168 labo-

2073 3205 2262 3270 ribus;
2311 3205 2582 3274 primitias
2637 3205 2900 3276 quasdam
2956 3215 3010 3260 et
3045 3203 3264 3258 arrham
3315 3204 3641 3258 certantium

2071 3297 2280 3352 deditei
2313 3297 2473 3360 Deus,
2501 3297 2772 3351 allocutus
2793 3309 2924 3350 eum
2949 3311 3047 3365 per
3069 3294 3333 3350 turbinem
3363 3305 3418 3349 et
3448 3296 3641 3353 nubes.

2067 3386 2200 3442 Cum
2235 3389 2399 3457 igitur
2429 3389 2643 3457 priores
2666 3402 2948 3442 sermones
2974 3387 3234 3450 audisset,
3263 3403 3387 3441 cum
3419 3398 3643 3457 oporte-

2069 3490 2162 3534 ret-
2192 3483 2518 3551 respondere
2554 3482 2702 3544 Deo,
2753 3480 2902 3546 silet,
2954 3481 3108 3549 quasi
3157 3479 3466 3534 facultatem
3533 3495 3640 3534 non

2029 3572 2270 3629 'habens
2329 3573 2578 3642 loquendi
2643 3589 2766 3629 cum
2821 3574 2934 3629 illo.
2983 3573 3234 3628 Nondum
3283 3575 3429 3629 enim
3477 3587 3643 3632 norat

2065 3665 2206 3732 quod
2241 3672 2424 3733 postea
2457 3665 2718 3734 scriptum
2748 3673 2832 3722 est
2875 3681 2905 3720 a
2939 3665 3126 3736 Moyse
3164 3687 3174 3720 :
3210 3667 3418 3736 Moyses
3456 3665 3640 3738 loque-

2030 3767 2034 3772 '
2066 3756 2243 3821 batur,
2274 3755 2414 3810 Deus
2450 3773 2568 3811 vero
2603 3757 2951 3826 respondebat
2985 3757 3032 3810 ei
3065 3771 3190 3810 uoce
3235 3755 3303 3809 ⁸⁸.
3355 3753 3640 3826 Tanquam

2031 3863 2042 3876 κ
2066 3847 2229 3918 igitur
2258 3850 2348 3918 qui
2381 3848 2482 3904 hoc
2511 3850 2752 3904 nesciret
2775 3888 2792 3913 ,
2847 3863 2955 3904 non
2991 3847 3104 3902 vult
3146 3849 3472 3917 respondere
3504 3845 3638 3902 Deo.

2062 3941 2134 3994 At
2157 3939 2299 3995 Deus
2326 3939 2514 3995 tribuit
2546 3942 2596 3995 ei
2637 3941 2892 4012 loquendi
2929 3942 3166 3997 veniam.
3231 3939 3302 3995 Et
3341 3951 3464 4010 post
3492 3941 3638 3996 alia:

2065 4031 2237 4086 Tanta
2267 4041 2351 4086 est
2382 4032 2475 4087 Dei
2503 4034 2837 4105 benignitas,
2877 4043 2936 4088 ut
2979 4033 3171 4088 induat
3199 4047 3488 4102 personam
3529 4047 3635 4088 non

2057 4115 2373 4184 iudicantis,
2403 4119 2500 4174 sed
2523 4133 2746 4174 causam
2771 4121 3007 4176 dicentis
3041 4135 3164 4175 cum
3195 4121 3450 4188 homine,
3474 4121 3640 4191 idque

2031 4209 2034 4212 λ
2063 4207 2242 4262 multae
2273 4207 2569 4277 Scriptura:
2598 4208 2917 4265 docuerunt.
2954 4209 3168 4274 Venite,
3205 4217 3258 4264 et
3289 4211 3634 4278 disputemus,

2063 4303 2190 4356 dicit
2231 4301 2484 4356 Dominus
2539 4301 2607 4356 ⁸⁷.
2653 4301 2754 4367 Ει,
2816 4299 3022 4370 Papule
3067 4317 3238 4368 meus,
3289 4310 3452 4370 atque
3499 4303 3637 4357 adeo

2065 4397 2208 4452 Deus
2245 4409 2369 4450 cum
2422 4393 2618 4465 populo
2667 4391 2986 4463 disputabit,
3035 4393 3222 4462 popula
3273 4409 3454 4457 meus,
3503 4395 3634 4464 quid

384 4512 558 4558 σεται,
582 4495 729 4560 λαός
743 4510 882 4563 μου,
899 4491 955 4545 τί
969 4487 1228 4557 ἐποίησά
1259 4503 1377 4550 σοι,
1391 4487 1428 4556 ἢ
1444 4489 1504 4541 τί
1523 4487 1963 4558 παρηνόχλησά

2065 4489 2166 4556 feci
2191 4487 2309 4552 tibi,
2335 4495 2424 4540 aut
2451 4485 2580 4558 quid
2609 4484 2914 4540 conturbavi
2945 4484 3086 4538 tibi?
3109 4485 3365 4554 responde
3403 4485 3532 4539 mihi
3562 4485 3632 4548 ⁸³,

383 4603 512 4651 σοι;
535 4583 886 4654 ἀποκρίθητί
897 4601 1016 4653 μοι,
1050 4583 1142 4635 καὶ
1163 4581 1230 4635 τὰ
1250 4579 1394 4650 ἑξῆς.

588 4679 734 4750 Στιχ.
769 4684 838 4746 γ’.
865 4676 963 4745 Μὴ
995 4673 1288 4730 detortum?
1311 4691 1431 4743 μου
1457 4673 1521 4727 τὸ
1547 4673 1744 4744 κρῖμα.

452 4771 562 4842 (56)
591 4771 688 4840 Μὴ
737 4769 1032 4825 ἀποποιοῦ
1053 4786 1171 4838 μου
1193 4767 1370 4822 τοῦτο
1403 4766 1468 4821 τό
1510 4767 1708 4837 κρῖμα.
1749 4765 1950 4820 Τούτου

379 4864 474 4919 τοῦ
506 4863 668 4935 ῥητοῦ
691 4861 765 4925 ὡς
789 4863 1060 4934 χρησίμου
1095 4859 1573 4932 μνημονεύσωμεν.
1620 4858 1756 4912 Ἀλλ’
1783 4859 1860 4913 ὅτ’
1885 4859 1951 4913 ἂν

379 4955 541 5028 κρίνῃ
566 4957 594 5008 ὁ
619 4953 751 5016 Θεὸς
791 4952 980 5006 παθεῖν
1003 4969 1054 5004 τι
1085 4952 1250 5022 ἡμᾶς,
1276 4949 1462 5004 τέκνον
1493 4949 1806 5014 ἀποϐαλεῖν,
1853 4950 1953 5021 ἅρ-

380 5063 542 5119 χοντα
567 5045 848 5108 ἀπολέσαι,
871 5043 1092 5114 νοσῆσαι
1115 5043 1257 5096 κα.τά
1285 5042 1347 5096 τὸ
1383 5042 1560 5112 σῶμα,
1593 5041 1622 5096 ὃ
1651 5058 1706 5095 τι
1755 5039 1954 5112 δήποτε

377 5137 581 5190 τούτων
609 5137 914 5207 ὑπομεῖναι·
945 5135 1097 5188 οὐδὲν
1129 5134 1332 5189 τούτων
1368 5129 1478 5188 οἷόν
1508 5135 1568 5188 τέ
1607 5137 1752 5188 ἐστιν
1805 5135 1952 5206 ἡμᾶς

377 5231 592 5295 παθεῖν,
631 5229 704 5303 μὴ
745 5231 1016 5303 κρίνοντος
1049 5229 1142 5283 τοῦ
1163 5229 1318 5285 Θεοῦ.
1362 5229 1494 5283 Οὐδὲ
1530 5229 1638 5301 γάρ
1673 5228 1951 5300 στρουθίον

378 5323 565 5377 πίπτει
595 5323 674 5387 εἰς
697 5323 901 5392 παγίδα
930 5323 1054 5378 ἄνευ
1100 5321 1438 5394 βουλήματος
1467 5321 1561 5375 τοῦ
1593 5321 1824 5393 Πατρὸς,
1859 5319 1953 5373 τοῦ

377 5417 435 5470 ὲν
458 5417 565 5478 τοῖς
591 5415 856 5487 οὐρανοῖς.
893 5415 1047 5468 Ἐπεὶ
1080 5411 1173 5469 οὖν
1201 5413 1351 5468 οὐδὲν
1383 5415 1585 5468 τούτων
1609 5414 1817 5482 γίνεται
1848 5429 1955 5484 χω-

381 5507 466 5576 ρὶς
501 5507 769 5579 κρίματος
807 5505 902 5561 τοῦ
953 5505 1110 5572 Θεοῦ,
1153 5506 1370 5577 λέγεται
1403 5507 1541 5579 πρὸς
1567 5505 1658 5560 τὸν
1689 5505 1949 5560 παθόντα·

1989 4575 2036 4630 D
2063 4589 2118 4635 et
2147 4591 2366 4635 cetera.

2275 4671 2341 4726 ν.
2400 4673 2453 4727 5.
2507 4668 2590 4725 Ne
2643 4670 2887 4740 repudies
2917 4667 3180 4739 judicium
3221 4685 3416 4722 meum.

2129 4765 2213 4822 Ne
2253 4767 2494 4832 repudies
2545 4765 2644 4818 hoc
2691 4763 2964 4832 judicium
3021 4777 3217 4816 meum.
3273 4761 3441 4831 Hujus
3499 4759 3630 4818 dicti

2058 4869 2318 4928 tanquam
2367 4857 2516 4912 utilis
2567 4854 2999 4910 meminerimus.
3045 4855 3116 4908 At
3165 4853 3388 4923 quando
3423 4851 3632 4921 iudicat

2057 4951 2200 5006 Deus
2221 4959 2280 5004 ut
2301 4949 2512 5019 aliquid
2542 4949 2837 5018 patiamur,
2875 4956 2935 5002 ut
2972 4945 3140 5000 filium
3172 4945 3522 5014 amittamus,
3570 4953 3630 5000 ut

2031 5044 2310 5115 princeps
2343 5043 2595 5108 intereat,
2625 5051 2682 5094 ut
2710 5055 2938 5110 corpore
2959 5048 3310 5109 aegrotamus,
3344 5050 3438 5092 aut
3459 5037 3631 5108 quod-

2057 5149 2275 5205 cunque
2325 5133 2470 5188 aliud
2529 5131 2838 5200 hujusmodi
2903 5131 3312 5186 sustineamus:
3346 5127 3466 5185 ﬂeri
3518 5145 3628 5186 non

2059 5236 2236 5299 potest
2264 5233 2324 5281 ut
2357 5225 2634 5298 quidpiam
2677 5225 2870 5280 horum
2912 5237 3011 5278 nos
3039 5223 3334 5293 patiamur,
3371 5223 3482 5276 Deo
3519 5235 3624 5277 non

2051 5320 2350 5392 iudicante.
2399 5319 2586 5388 Neque
2631 5317 2778 5371 enim
2825 5315 3036 5370 avicula
3081 5316 3228 5370 cadit
3279 5313 3334 5369 in
3375 5313 3628 5382 laqueum

2057 5413 2178 5470 sine
2205 5411 2486 5466 voluntate
2521 5407 2719 5471 Patris,
2746 5407 2836 5473 qui
2872 5406 2926 5458 in
2952 5405 3106 5460 cmlis
3135 5413 3241 5460 est.
3285 5403 3420 5471 Quia
3460 5405 3628 5475 igitur

2057 5501 2192 5560 nihil
2224 5501 2417 5557 horum
2450 5497 2511 5553 ﬁt
2559 5496 2676 5552 sine
2720 5493 2927 5564 judicio
2961 5495 3096 5560 Dei,
3141 5495 3338 5551 dicitur
3391 5493 3460 5550 ad
3499 5503 3628 5551 eum

445 5690 496 5726 ⁸⁵
523 5690 670 5748 Psal.
701 5705 852 5758 xui,
901 5689 954 5746 9.
1030 5690 1297 5774 "Aerem.
1333 5707 1384 5764 ν,
1427 5692 1483 5750 8.
1555 5689 1602 5725 “
1642 5689 1818 5751 Exod.
1851 5705 1968 5759 xu,
2003 5685 2090 5746 i9.
2165 5685 2210 5718 ⁸⁷
2245 5681 2435 5742 lani-.1.
2467 5679 2553 5738 18.
2628 5679 2674 5712 ⁸⁸
2696 5678 2858 5736 MiCh-
2894 5693 2971 5746 VI.
3002 5676 3058 5730 5-

450 5820 566 5920 (35)
587 5843 788 5904 Confer
807 5843 1112 5917 Olympiod.

2129 5789 2246 5918 i56)
2285 5789 2486 5899 Confer
2517 5835 2772 5924 eumdem
2793 5829 3101 5908 Olympici.
