4186 6436
409 327 512 389 ἯΗ

1640 341 2184 402 'ENARRATIONES
2219 346 2284 400 IN
2321 348 2462 404 JOB.

3573 363 3678 418 102

415 441 569 514 Στίχ.
603 448 700 496 κε’.
735 445 1150 512 Μεριτεύονται
1193 448 1261 501 δὲ
1307 451 1454 506 αὐτὸ
1503 456 1790 509 Φοινίκων
1829 457 1953 510 ἐΰν)

2052 459 2164 520 μ’.
2207 461 2296 514 25.
2333 459 2652 516 Partiuntur
2694 462 2870 520 auténi
2921 467 3072 522 illum
3117 469 3426 526 Phoenicum
3473 489 3672 546 gentes.

385 555 400 620 γ
485 535 596 604 (40)
639 537 790 588 Ἐπεὶ
824 539 1057 610 πονηρίᾳ
1089 541 1299 614 μεγάλῃ
1331 544 1778 604 διαϐάλλονταιοί
1811 552 1990 604 Χανα-

410 626 570 688 ναῖοι,
599 629 646 678 οἱ
669 627 760 678 καὶ
782 629 1044 693 Φοίνικεςο
1073 631 1162 686 διὰ
1192 632 1350 688 τοῦτὸ
1371 654 1524 708 φησι-
1553 641 1906 707 Μεριοῦνται
1923 643 1990 696 δὲ

407 714 596 768 αὐτὸν
622 717 910 770 Φοινίκων
933 721 1100 788 ἔθνη.
1136 722 1404 788 Ἕκαστος
1447 725 1610 796 μέρος
1643 745 1692 780 τι
1725 728 1988 799 λαμϐάνει

405 801 518 855 ἀπὸ
562 803 656 856 τοῦ
704 805 1014 878 δράκοντος,
1051 811 1148 864 ἐὰν
1190 807 1313 883 ᾖτὸ
1355 818 1508 883 γένος
1537 818 1838 882 Χαναναῖος
1893 820 1986 872 καὶ

405 897 530 950 Φοῖν
536 895 584 962 ιξ
593 933 606 950 .

405 987 556 1058 Στίχ.
595 995 706 1052 κςν.
739 989 958 1076 uarat
983 995 1222 1076 πλωτδν
1257 999 1772 1076 συνερθὑνούᾂμὴ
1815 1004 1982 1076 ἐνέγκ-

676 1075 824 1113 κωσι
847 1063 1093 1130 ,βύρσαν
1111 1067 1259 1134 μίαν
1294 1069 1478 1136 οὐρᾶς
1507 1063 1712 1127 αὐτοῦ’.

474 1149 584 1220 (41)
613 1151 693 1205 Τὰ
721 1153 1002 1208 τελευταῖα
1036 1155 1129 1208 τοῦ
1153 1157 1444 1229 δράκοντος
1463 1164 1557 1216 καὶ
1589 1164 1656 1218 τὰ
1689 1163 1888 1236 ἔσχατα
1917 1168 1978 1221 ού

401 1241 654 1297 δύνανται
687 1246 956 1317 νεκρῶσαι
981 1248 1159 1304 πάντα
1195 1252 1312 1322 ἅμα
1338 1254 1542 1310 πλωτά.
1585 1259 1648 1310 Οἱ
1679 1259 1974 1330 ἄνθρωποι,

399 1335 602 1400 πλοίοις
623 1337 893 1408 χρώμενοι
922 1345 1034 1405 τοῖς
1065 1343 1332 1414 σώμασιν,
1368 1349 1428 1401 οὐ
1454 1349 1706 1406 δύνανται
1733 1355 1976 1423 ἐνεγκεῖν

398 1427 602 1500 βύρσαν
635 1431 762 1500 μίαν
795 1433 960 1503 οὐρᾶς
994 1435 1178 1488 αὐτοῦ.
1209 1437 1370 1490 Αὐτοὶ
1402 1439 1524 1492 καθ’
1554 1443 1776 1507 ἑαυτοὺς
1810 1445 1870 1497 ού
1887 1445 1976 1498 δύ-

395 1537 602 1576 νανται·
637 1522 784 1587 θείας
821 1525 877 1578 δὲ
913 1527 1194 1598 δυνάμεως
1238 1531 1662 1606 ἐπισκοπούσης,
1695 1535 1972 1608 δυνάμεθα

392 1612 454 1666 οὐ
489 1615 648 1685 μόνον
688 1615 890 1690 βύρσαν
928 1619 1056 1690 μίαν
1098 1623 1266 1693 οὐρᾶς
1317 1623 1504 1691 αὐτοῦ,
1530 1627 1664 1681 ἀλλὰ
1706 1629 1802 1683 καὶ
1850 1631 1971 1684 ὅλον

391 1707 554 1762 αὐτὸν
589 1711 834 1779 κομίσαι,
885 1712 980 1764 καὶ
1026 1713 1146 1768 ὅλον
1199 1715 1361 1770 αὐτὸν
1399 1718 1690 1789 νεκρῶσαι.
1728 1722 1970 1794 Νεκροῦ-

2165 553 2302 617 Quia
2349 555 2618 623 pravitate
2665 574 2862 628 magna
2935 563 3297 621 traducuntur
3354 566 3669 636 Chananmi,

2091 644 2178 711 qui
2212 653 2264 698 et
2299 644 2601 713 Phoenices,
2629 662 2915 720 propterea
2939 654 3072 708 dicit
3107 671 3122 708 :
3161 655 3470 711 Partientur
3493 667 3674 716 autem

2087 735 2236 788 illum
2285 733 2596 792 Phoenicum
2635 751 2836 810 gentes.
2875 743 3120 813 Quisque
3167 760 3376 816 partem
3425 751 3664 818 aliquam

2086 828 2287 896 accipit
2312 845 2340 882 a
2363 833 2623 899 dracone,
2655 833 2698 887 si
2724 835 2795 888 sit
2824 851 3022 905 genere
3051 839 3395 896 Chanameus
3419 852 3476 898 et
3501 841 3670 900 Plite-

2085 917 2199 970 nix.

2084 1008 2150 1064 γ.
2189 1008 2282 1064 26.
2319 1009 2484 1095 Omne
2519 1023 2692 1095 autem
2737 1017 3032 1095 navigabile
3081 1022 3414 1095 conveniens,
3465 1040 3664 1095 nequa-

2257 1096 2414 1148 quam
2442 1081 2616 1150 [erant
2652 1081 2879 1138 cor’ium'
2895 1105 3059 1142 unum
3094 1083 3279 1145 caudis
3318 1081 3484 1149 illius.

2149 1167 2405 1226 Extrema
2441 1190 2802 1246 supremaque
2835 1175 3089 1236 draconis
3121 1198 3226 1238 non
3261 1196 3486 1253 possunt
3516 1203 3661 1243 mor-

2081 1261 2292 1318 tiﬁcare
2323 1266 2504 1318 omnia
2537 1267 2698 1321 simul
2745 1271 3094 1340 navigabilia.
3151 1273 3410 1333 Homines
3440 1289 3658 1338 utentes

2077 1356 2396 1422 corporibus
2443 1372 2542 1411 ceu
2591 1361 2854 1430 navigiis,
2921 1377 3196 1434 nequeunt
3254 1369 3396 1426 ferre
3443 1374 3653 1429 corium

2077 1461 2242 1500 unum
2273 1449 2456 1504 caudae
2481 1450 2644 1506 illius.
2682 1453 2788 1522 Ipsi
2811 1470 2907 1522 per
2928 1473 2989 1512 se
3019 1471 3292 1530 nequeunt
3321 1481 3334 1516 :
3375 1475 3430 1518 at
3461 1467 3650 1523 divina

2076 1537 2290 1596 favente
2317 1541 2538 1610 virtute,
2574 1561 2860 1615 possumus
2901 1567 3007 1606 non
3039 1555 3211 1608 solum
3240 1557 3454 1613 corium
3483 1575 3649 1615 unum

2073 1632 2256 1688 cauda:
2288 1633 2450 1701 illius,
2482 1637 2578 1690 sed
2612 1646 2668 1691 et
2701 1648 2870 1694 totum
2901 1643 3076 1712 ipsum
3111 1657 3352 1715 portare,
3384 1659 3438 1703 et
3472 1655 3646 1707 totum

2073 1721 2248 1792 ipsum
2299 1728 2652 1784 mortificare.
2725 1729 3114 1792 Mortiﬁcamus
3157 1749 3339 1794 autem
3395 1743 3646 1812 quisque,

393 1815 494 1869 μεν
517 1799 573 1852 δὲ
604 1800 849 1866 ἕκαστος,
877 1804 938 1857 τὸ
969 1805 1091 1860 ὅσον
1121 1808 1206 1877 ἐφ’
1240 1809 1435 1881 ἑαυτῷ,
1459 1811 1548 1864 τὸν
1577 1811 1840 1878 διάϐολον,
1872 1834 1953 1868 κα-

2071 1827 2328 1884 quantum
2378 1820 2430 1873 in
2479 1835 2538 1874 se
2577 1833 2680 1886 est,
2745 1823 3046 1890 diabolum,
3099 1827 3252 1896 juxta
3308 1799 3450 1898 (Illo-tl
3503 1799 3646 1902 apud

388 1889 456 1942 τὰ
490 1890 551 1942 τὸ
594 1891 883 1962 ε’ίρημένον
935 1895 1084 1966 παρὰ
1123 1897 1201 1969 τῷ
1257 1899 1581 1971 ’Λποστόλῳ·
1634 1902 1694 1955 '0
1729 1902 1798 1956 δὲ
1824 1905 1968 1972 Θεὸς

385 1983 713 2050 συντρῖψαι
741 1984 848 2037 τὸν
876 1987 1151 2044 Σατανᾶν
1183 1991 1302 2045 ὑπὸ
1335 1991 1478 2058 τοὺς
1498 1993 1688 2062 πόδας
1703 1995 1870 2066 ὑμῶν
1897 2002 1967 2050 ἐν

386 2073 582 2142 τάχει..

1019 2173 1178 2228 ΚΕΦ.
1193 2175 1340 2230 ΜΑν.

383 2256 530 2328 Στίχ.
586 2259 649 2312 δ’.
713 2260 807 2328 Τίς
851 2262 1246 2354 ἀποκαλύψει
1283 2268 1608 2336 πρόσωπον
1659 2270 1962 2340 ἐνδύσεως

1059 2351 1247 2391 αυτου
1265 2351 1286 2402 ;

445 2419 543 2472 Διὰ
572 2421 622 2473 τί
643 2423 742 2476 οὐκ
763 2419 904 2478 εἷπε
944 2427 1040 2491 Τίς
1065 2430 1400 2502 ἀποκαλύψει
1428 2435 1718 2506 πρόσωπον
1758 2437 1956 2505 αὐτοῦ;
2033 2491 2036 2494 .

375 2509 442 2562 Τί
456 2516 598 2566 ποιεῖ
611 2515 795 2570 ἐνθάδε
815 2519 959 2590 καὶή
988 2521 1268 2590 ἕνδυσις;
1296 2526 1389 2593 Τίς
1413 2528 1519 2600 γὰρ
1551 2531 1955 2600 ἀποκαλύψει,

375 2601 530 2672 φησὶ,
553 2606 878 2672 πρόσωπον
917 2611 1217 2680 ἐνδύσεως
1245 2619 1465 2682 αὐτοῦ;
1517 2619 1630 2673 Ἵνα
1676 2623 1838 2694 νοηθῇ
1895 2623 1956 2678 τὸ

369 2691 682 2766 λεγόμενον,
713 2701 1116 2772 παραδείγματι
1161 2709 1492 2778 χρησώμεθα
1524 2711 1632 2764 τῶν
1679 2691 1954 2785 περιειθε-

376 2787 551 2858 μένων
581 2792 956 2862 προσωπείων,
986 2796 1080 2850 καὶ
1111 2797 1184 2870 μὴ
1202 2802 1538 2872 φαινομένων
1557 2805 1710 2858 τοῦτο
1740 2807 1774 2859 ὃ.
1795 2810 1951 2870 εἰσιν,

371 2879 508 2933 ἀλλὰ
541 2881 748 2937 θέλουσι
775 2885 970 2941 δοκεῖν.
997 2889 1460 2962 Ἀναλαμϐάνουσι
1483 2897 1589 2967 γὰρ
1611 2903 1949 2968 προσωπεῖα,

371 2973 504 3046 φέρε
537 2977 730 3040 εἰπεῖν,
756 2975 900 3034 οὗτοι
931 2983 989 3034 ὲν
1025 2987 1145 3047 ταῖς
1186 2985 1446 3056 θυμέλαις
1479 2989 1786 3062 ὑποκριταὶ,
1820 2993 1950 3045 ποτὲ

375 3067 478 3138 μὲν
531 3071 866 3141 ἡγουμένων,
923 3075 1054 3128 ποτὲ
1105 3075 1162 3129 δὲ
1193 3077 1366 3132 ἄλλων
1409 3080 1691 3149 βασιλέων,
1725 3084 1852 3136 ποτὲ
1891 3083 1948 3136 δὲ

2067 1906 2380 1974 Apostolunt
2427 1909 2630 1966 dicitur
2661 1932 2674 1968 :
2709 1913 2852 1969 Deus
2899 1931 3076 1973 autem
3117 1933 3352 1978 conterat
3387 1924 3646 1984 Satanam

2065 1996 2159 2048 sub
2189 2000 2344 2066 pedes
2371 2011 2563 2058 vestros
2587 2006 2642 2058 in
2667 2008 2932 2064 celeritate
2957 2009 3026 2064 9'.

2687 2188 2837 2244 CAP.
2883 2189 3022 2246 XLI.

2205 2290 2269 2348 V.
2303 2293 2358 2348 4.
2399 2295 2528 2361 Quis
2556 2310 2746 2369 reteget
2781 2303 2969 2371 faciem
3005 2307 3298 2364 indumenti
3328 2312 3442 2378 eius
3466 2315 3492 2366 .9

2129 2431 2238 2488 Cur
2273 2449 2378 2489 non
2427 2435 2584 2502 dixit,
2619 2437 2754 2505 Quis
2803 2451 3016 2513 releget
3051 2443 3245 2502 faciem
3293 2449 3449 2517 ejus?
3492 2455 3632 2521 Quid

2057 2519 2194 2576 facit
2237 2523 2328 2578 hic
2371 2535 2426 2580 et
2480 2527 2848 2584 indumentum
2873 2533 2899 2585 ἱ)
2939 2535 3068 2600 Quis
3099 2537 3241 2593 enim
3281 2519 3630 2612 reteget,.ﬁait,

2053 2610 2244 2680 [aciem
2267 2615 2561 2672 indumenti
2580 2620 2738 2688 ejus?
2773 2622 2844 2678 Ut
2883 2628 3028 2694 quod
3051 2628 3254 2684 dicitur
3281 2610 3628 2706 intelligatur,

2056 2713 2272 2760 utamur
2300 2710 2547 2780 exemplo
2581 2712 2860 2770 larvarum
2895 2733 3036 2788 quas
3069 2722 3322 2788 induunt,
3357 2741 3456 2783 nec
3489 2744 3632 2784 com-

2053 2806 2246 2864 parent
2293 2801 2436 2867 quod
2469 2816 2616 2868 sunt,
2657 2807 2751 2860 sed
2795 2810 2940 2877 quod
2983 2811 3154 2867 videri
3195 2817 3400 2872 volunt.
3455 2819 3626 2876 Assu-

2053 2899 2208 2943 n'tunt
2243 2891 2388 2945 enim
2429 2893 2610 2950 larvas
2644 2901 2950 2968 generatim.
2995 2903 3034 2957 ii
3077 2906 3170 2974 qui
3209 2907 3264 2961 in
3299 2913 3478 2966 scenis
3506 2928 3632 2982 per-

2051 2993 2242 3032 sonam
2281 2981 2518 3051 aliquam
2557 2987 2840 3057 simulant,
2874 2991 3169 3063 aliquando
3213 2999 3440 3066 ducum,
3494 2981 3628 3060 alias

2051 3067 2280 3124 aliorum
2323 3087 2510 3143 regum
2531 3115 2554 3142 ,.
2597 3093 2984 3150 nonnunquam
3021 3086 3334 3144 mulierum.
3375 3091 3456 3146 Ac
3489 3109 3619 3161 pro-

367 3160 658 3228 γυναικῶν.
697 3165 808 3216 Καὶ
827 3164 888 3217 τὸ
928 3167 1026 3236 μὲν
1069 3167 1199 3222 ἴδιον
1223 3170 1402 3224 αὐτῶν
1427 3173 1713 3243 πρόσωπον
1749 3177 1949 3229 ἁποκέ-

2053 3161 2168 3232 prie
2204 3164 2422 3233 quidem
2456 3181 2646 3222 eorum
2671 3168 2840 3227 facies
2877 3175 3201 3244 occultatur,
3233 3189 3288 3234 et
3316 3184 3459 3252 quod
3495 3160 3627 3238 sunt

365 3269 623 3322 κρυπται,
654 3258 748 3310 καὶ
771 3259 800 3310 ὃ
833 3261 968 3312 εἰσιν
989 3260 1048 3312 οὐ
1081 3261 1376 3330 φαίνονται·
1407 3263 1435 3316 ὃ
1464 3265 1520 3318 δὲ
1544 3265 1778 3331 δοκοῦσι,
1819 3268 1942 3338 βλέ-

353 3352 578 3401 ’πονται.
607 3348 859 3412 Τοιοῦτός
887 3351 1036 3404 ἐστιν
1061 3353 1088 3404 ὁ
1111 3352 1345 3424 δράκων.
1390 3355 1658 3410 Οὐδέποτε
1685 3359 1746 3412 τὸ
1776 3361 1944 3430 πρόσ-

359 3454 510 3492 ωπον
533 3439 698 3492 αὑτοῦ
719 3441 1004 3496 δείκνυσιν·
1041 3443 1177 3497 ἀλλὰ
1209 3447 1256 3498 εί
1290 3445 1401 3517 (42)
1441 3448 1732 3520 πρόσωπον
1761 3450 1940 3505 λαϐὼν

347 3529 440 3591 ιείς
472 3529 686 3601 ἀπάτην
705 3532 813 3584 τῶν
840 3531 1164 3605 ἀνθρώπων,
1197 3537 1372 3589 ἐκεῖνο
1408 3537 1520 3611 (45)
1548 3540 1766 3611 χρῆται.
1827 3543 1938 3596 Καὶ

356 3617 473 3688 ἔχει
504 3637 568 3689 γε
607 3622 636 3673 ὁ
661 3623 858 3694 ἐχθρὸς
893 3619 1050 3688 οὗτος
1082 3627 1252 3680 πολλὰ
1298 3635 1641 3700 προσωπεῖα,
1684 3635 1780 3686 καὶ
1813 3635 1938 3688 καθ’

355 3709 594 3784 ἑκάστην
621 3715 818 3770 κακίαν
845 3717 1132 3788 πρόσωπον
1146 3719 1411 3792 λαμϐάνει
1441 3723 1660 3794 ἀρετῆς.
1677 3726 1786 3779 Καὶ
1809 3728 1938 3795 μετ’

342 3804 530 3874 dura
545 3809 634 3872 εὶς
659 3808 724 3860 τὸ
741 3809 908 3879 ἑξῆς.

501 3901 576 3954 Τὰ
619 3903 920 3957 ὑπόλοιπα
947 3906 1052 3959 τοῦ
1080 3909 1526 3978 προγραφέντος
1553 3913 1656 3966 στί
1657 3930 1791 3982 κου.

424 3989 536 4063 (44)
566 3993 638 4046 Τὸ
671 3995 962 4065 πρόσωπον
991 3999 1019 4049 ὃ
1049 4000 1332 4055 ἐνεδύσατο
1359 4003 1450 4066 τίς
1475 4004 1656 4066 ἱκανὸς
1686 4004 1933 4074 ὲλέγξαι;

350 4083 434 4148 τίς
461 4086 640 4151 ἱκανὸς
661 4089 1006 4160 ἀποκαλύψαι
1044 4094 1136 4146 καὶ
1177 4093 1332 4166 λῆξαι
1363 4095 1471 4166 (45)
1495 4097 1522 4150 ὅ
1554 4115 1607 4150 τι
1641 4097 1786 4151 ἔνδον
1808 4100 1937 4170 δράο

349 4189 461 4230 κων
493 4179 640 4246 ἐστί;
675 4181 920 4236 Τοιοῦτοί
939 4185 1044 4236 εἰσί
1078 4201 1222 4250 τινες
1251 4187 1344 4240 καὶ
1381 4187 1530 4242 ἄλλοι
1567 4188 1806 4260 μαθηταὶ
1839 4193 1935 4243 αὺ-

335 4267 464 4340 -τοῦ,
517 4273 744 4340 Οἵτινες
790 4274 1066 4345 ἔρχονται
1121 4278 1270 4345 πρὸς
1310 4277 1467 4348 ὑμᾶς
1505 4281 1576 4334 ἐν
1637 4281 1932 4352 ἐνδύμασι

345 4363 678 4430 προϐάτων,
697 4367 944 4422 ἔνδοθεν
965 4367 1032 4421 δέ
1059 4372 1175 4424 εἱσι
1201 4372 1377 4425 λύκοι
1416 4373 1694 4443 ἅρπαγες.

343 4455 664 4526 Στίχ.δ’.Εὶς
673 4457 741 4512 δὲ
757 4461 913 4526 πτύξ
918 4479 972 4514 ιν
983 4460 1242 4529 θώρακος
1255 4463 1440 4518 αὑτοῦ
1455 4465 1546 4530 τίς
1561 4464 1636 4518 ἂν
1649 4465 1928 4528 slve/10m;

2045 3267 2154 3307 non
2187 3267 2544 3324 comparent;
2589 3264 2734 3329 quod
2788 3278 2918 3320 vero
2951 3268 3120 3322 videri
3151 3271 3359 3336 volunt,
3389 3289 3626 3329 cernun-

2045 3354 2154 3402 tur.
2212 3346 2358 3404 Talis
2404 3361 2492 3406 est
2534 3361 2592 3407 et
2639 3355 2826 3411 draco.
2877 3357 3166 3430 Nunquam
3217 3363 3414 3419 faciem
3467 3383 3622 3422 suam

2043 3441 2280 3495 ostendit
2317 3461 2329 3495 :
2367 3443 2465 3498 sed
2489 3446 2693 3501 larvam
2719 3465 3002 3509 assumens
3031 3457 3100 3510 ad
3145 3457 3492 3527 decipiendos
3525 3461 3624 3516 ho-

2041 3533 2236 3598 mines,
2269 3535 2356 3588 illa
2385 3538 2573 3592 utitur.
2603 3539 2788 3596 Habet
2817 3559 2978 3612 porro
3007 3549 3478 3607 adversariusiste
3509 3553 3623 3608 lar-

2042 3639 2136 3678 vas
2169 3626 2392 3692 multas,
2436 3639 2492 3683 et
2526 3631 2593 3686 ad
2628 3636 2902 3702 quodlibet
2935 3639 3121 3692 vitium
3171 3641 3373 3697 larvam
3405 3647 3620 3702 virtutis

2041 3717 2290 3771 assumit.
2329 3719 2394 3774 Et
2422 3735 2539 3791 post
2567 3741 2738 3793 pauca
2777 3729 2835 3783 in
2875 3731 2932 3784 id
2967 3733 3110 3802 quod
3149 3737 3404 3805 sequitur.

2403 3903 2682 3976 Reliquum
2716 3915 3018 3983 praescripti
3048 3931 3246 3972 versus.

2109 3991 2336 4049 Larvam
2363 4011 2527 4066 quam
2562 4001 2754 4066 induit,
2805 4005 2926 4074 quis
2953 4009 3210 4063 evincere
3234 4012 3444 4080 possit?
3477 4011 3613 4080 Quis

2036 4086 2206 4152 possit
2233 4089 2484 4158 detegere
2511 4107 2574 4146 ac
2602 4096 2894 4150 ostendere
2940 4099 3070 4167 quid
3105 4099 3274 4157 draco
3313 4105 3460 4161 intus
3507 4109 3615 4162 sit?

2037 4175 2196 4232 Tales
2225 4189 2352 4233 sunt
2382 4191 2436 4235 et
2469 4182 2665 4253 reliqui
2707 4187 2966 4256 discipuli
3008 4190 3144 4258 ejus,
3170 4195 3260 4262 qui
3303 4199 3512 4250 veniunt
3538 4201 3610 4252 ad

2033 4286 2124 4322 vos
2151 4271 2204 4322 in
2239 4273 2552 4329 vestimentis
2592 4278 2783 4345 ouium,
2817 4280 2959 4335 intus
2992 4293 3166 4338 autem
3204 4297 3324 4340 sunt
3361 4288 3474 4358 lupi
3516 4309 3608 4344 ra-

2031 4381 2184 4433 paces
2210 4366 2276 4418 ”‘.

2033 4459 2096 4514 γ.
2121 4459 2174 4512 4.
2200 4458 2266 4512 In
2282 4459 2472 4528 plicam
2493 4479 2609 4517 vero
2641 4465 2872 4519 thoracis
2892 4467 3010 4535 ejus
3039 4469 3158 4538 quis
3185 4471 3388 4540 ingredi
3412 4475 3608 4542 queat?

425 4549 588 4620 Ὁρᾷς
607 4567 633 4615 ;_
676 4549 856 4622 Θώραξ
887 4545 1044 4618 οὗτος
1070 4553 1416 4625 ὀνομάζεται,
1457 4556 1550 4610 καὶ
1587 4555 1797 4628 στῆθος·
1824 4557 1918 4610 καὶ
1949 4547 1953 4600 ἶ

2093 4551 2318 4608 Viden"?
2367 4555 2562 4610 thorax
2621 4557 2722 4612 iste
2775 4561 3108 4625 nominatur,
3169 4573 3223 4616 et
3277 4574 3465 4633 pectus
3503 4581 3516 4616 :
3549 4575 3606 4620 et

343 4635 543 4712 θώραξ,
574 4643 707 4696 ὅπου
739 4645 854 4697 ἐστὶ
899 4645 960 4698 τὸ
979 4647 1315 4718 ἡγεμονικόν.
1353 4649 1462 4718 Οὐχ
1493 4649 1698 4712 ἁπλοῦς
1717 4651 1864 4703 ἐστιν
1893 4651 1922 4702 ὁ

340 4729 522 4802 θώραξ
553 4734 735 4788 αὐτοῦ.
767 4736 932 4790 Οὐδὲν
961 4737 1072 4808 ἔχει
1102 4739 1324 4793 ἁπλοῦν.
1357 4741 1538 4805 Δόλιός
1565 4741 1732 4805 ἐστιν,
1755 4743 1921 4795 ἐπτυ-

339 4825 538 4894 γμένος
571 4828 740 4884 ἐστίν.
773 4829 876 4896 Εἰς
909 4825 1001 4883 οὖν
1025 4831 1140 4900 τὴν
1171 4831 1392 4897 πτύειν
1427 4831 1690 4901 θώρακος
1731 4833 1918 4888 αὑτοῦ

337 4917 430 4982 τίς
447 4915 524 4971 ἂν
539 4920 838 4986 elo-exact;
866 4923 1054 4991 Ἄγιος
1093 4922 1150 4976 δὲ
1191 4925 1433 4996 ἐλέγχειν
1465 4923 1626 4978 αὐτὸν
1666 4925 1912 4990 δύναται,

335 5007 432 5062 καὶ
456 5009 648 5078 δεῖξαι,
677 5012 759 5065 ὅτι
787 5013 1048 5069 ἐπτυκται
1072 5015 1236 5070 αὐτοῦ
1268 5019 1296 5070 ὁ
1329 5016 1528 5090 θώραξ·
1563 5017 1658 5070 τοῦ
1679 5017 1734 5071 δὲ
1756 5017 1912 5088 ἁγίου

335 5097 438 5150 οὐκ
465 5097 744 5154 ἔπτυκται.

321 5175 330 5190 ³
409 5191 566 5261 Στίχ..
595 5191 658 5248 ε’.
687 5196 895 5262 Πύλας
918 5197 1241 5265 προσώπου
1263 5198 1448 5253 αὐτοῦ
1479 5199 1570 5264 τίς
1595 5197 1857 5262 ἀνοίξει;

405 5283 654 5354 Κρύπτει
702 5286 770 5339 τὰ
817 5287 962 5341 ἔνδον
1002 5290 1360 5361 ἀποκείμενα.
1418 5291 1514 5356 Τίς
1546 5285 1646 5343 οὖν
1677 5287 1910 5353 ἀνοίξει

325 5377 437 5444 τὰς
458 5378 656 5444 πύλας
688 5379 794 5434 τοῦ
821 5380 1148 5448 προσώπου
1175 5382 1362 5437 αὐτοῦ
1391 5399 1408 5445 ;
1431 5383 1527 5447 Τίς
1553 5375 1705 5445 οὗτός
1735 5382 1906 5448 ἐστιν,

439 5517 483 5548 ⁸⁵
505 5515 779 5582 Romam,
809 5517 900 5574 20.
977 5520 1022 5553 νε
1046 5519 1233 5577 Matth.
1269 5537 1363 5589 vn,
1397 5523 1484 5578 15.

403 5675 514 5750 (49)
539 5673 971 5750 QunieriOlymp.

423 5747 511 5824 41)
546 5748 708 5824 l_)ecst
737 5747 1088 5824 in_co_d._xx1.
1107 5747 1204 5807 Hic
1230 5764 1442 5822 quoque
1467 5749 1656 5808 confer
1681 5749 1896 5824 Olymp.

423 5753 511 5804 Ml
546 5753 708 5803 Deest
737 5753 788 5801 in
825 5753 944 5802 cod.
979 5753 1204 5807 xx1.ﬂic
1230 5764 1312 5821 qui

400 5753 510 5891 διεδ
543 5817 706 5877 Forte
733 5817 845 5875 ἀλλ’
881 5819 986 5875 ἀεί.
1307 5847 1312 5852 -

2023 4645 2348 4712 thorax,ubi
2386 4657 2470 4704 est
2519 4651 2850 4707 moderatrix
2901 4655 3097 4710 animae
3147 4657 3398 4715 facultas.
3451 4658 3603 4716 Haud

2022 4737 2254 4807 simplex
2293 4749 2377 4795 est
2406 4742 2597 4797 tborax
2627 4743 2792 4800 illius.
2820 4743 2968 4800 Nihil
3002 4749 3164 4803 habet
3189 4751 3442 4820 simplex.
3498 4751 3602 4806 Do-

2019 4824 2168 4882 losus
2191 4839 2293 4896 est,
2327 4830 2556 4899 plicatus
2585 4843 2688 4888 est.
2723 4835 2786 4889 In
2809 4835 3006 4905 pticam
3042 4837 3208 4907 igitur
3239 4839 3465 4896 thoracis
3486 4843 3602 4913 ejus

2017 4920 2134 4987 quis
2157 4919 2363 4988 ingredi
2409 4926 2607 4994 queat?
2664 4925 2897 4983 Sanctus
2945 4944 3176 4998 arguere
3224 4944 3344 4985 eum
3395 4943 3596 5002 potest,

2019 5020 2184 5079 atque
2206 5015 2492 5070 ostendere
2517 5017 2772 5086 plicatum
2803 5035 2924 5076 esse
2954 5022 3399 5094 thoracemqejus,
3426 5027 3598 5082 sancti

2019 5117 2150 5157 vero
2179 5117 2287 5157 non
2309 5119 2429 5160 esse
2459 5107 2739 5174 plicatura.

2231 5193 2296 5250 V.
2336 5195 2391 5250 5.
2433 5197 2620 5254 Portus
2653 5201 2809 5268 faciei
2845 5203 2961 5273 ejus
2985 5205 3102 5274 quis
3141 5205 3388 5271 aperiet?

2090 5285 2348 5343 Occultat
2376 5305 2500 5360 qua:
2526 5292 2672 5347 intus
2699 5299 2930 5364 reposita
2972 5309 3118 5353 sunt.
3155 5299 3284 5362 Quis
3321 5315 3450 5370 ergo
3473 5315 3598 5364 ape-

2017 5383 2312 5450 rietportas
2350 5384 2510 5451 faciei
2559 5385 2671 5455 ejus
2701 5389 2726 5441 ?
2757 5390 2888 5456 Quis
2933 5391 3034 5446 iste
3083 5401 3191 5458 est,
3222 5403 3278 5446 ut
3306 5402 3498 5465 arguat
3539 5403 3597 5451 et

2078 5676 2188 5748 (45)
2221 5675 2362 5748 Lege
2391 5675 2600 5748 ἐκείνῳ.

1993 5783 1998 5788 .
2086 5747 2196 5821 (μ)
2222 5747 2320 5821 [περ
2355 5747 2572 5821 et_ittfra-
2596 5747 2780 5806 confer
2806 5747 3020 5821 Olymp.
3083 5789 3090 5794 -

2105 5818 2193 5890 45)
2217 5815 2380 5876 Forte
2409 5816 2598 5884 δεῖξαι.
