4186 6466
433 449 529 502 I05

1600 441 1964 500 EXCERPTA
2010 438 2076 494 IN
2125 435 2468 494 PSALMOS.

3569 435 3672 490 106

425 565 478 618 δὲ
533 563 764 635 σκληρός
818 565 966 618 ἐστιν
1011 563 1294 633 ἀνήλατος,
1323 563 1620 628 ἀνένδοτος.
1659 564 1768 618 Καὶ
1819 563 1871 616 εί
1907 579 1990 624 τις

2103 570 2276 614 autem
2315 558 2617 628 praeduros,
2671 553 2966 610 indomitus
3015 561 3122 619 est,
3173 568 3278 608 non
3329 553 3548 610 cedens.
3595 555 3676 608 Ac

423 657 530 710 ἀπὸ
551 656 795 709 διαϐόλου
823 655 1108 708 ἀπέσπασε
1129 655 1378 724 δύναμιν,
1401 655 1496 708 καὶ
1519 653 1712 708 τούτου
1749 653 1840 706 τοῦ
1865 653 1992 724 δρά-

424 765 630 814 κοντος,
665 748 827 811 αὐτὸς
881 747 996 818 ἔχει
1042 747 1140 818 τὴν
1169 745 1394 818 καρδίαν
1431 746 1716 816 ἀνήλατον,
1761 743 1859 798 καλ⁸
1895 743 1994 796 οὐκ

424 839 810 910 ἐλαυνομένην.
849 839 990 892 Εἰδὲ
1022 857 1105 902 τις
1149 839 1347 912 χρυσός
1377 841 1544 902 ἐστιν,
1579 837 1886 892 ἀκολουθῶν
1915 834 1994 906 τῷ

423 932 565 1002 λόγῳ
587 931 836 1003 χρυσοκῷ
863 931 996 1000 (48)·
1028 930 1201 996 οὕτως
1231 931 1386 998 εἴκει,
1425 931 1529 995 ἓως
1559 930 1624 984 ἂν
1650 928 1873 1001 γένηται
1899 927 1994 980 πέ-

423 1023 578 1078 ταλον
605 1021 857 1095 χρυσοῦν,
891 1022 984 1075 καὶ
1013 1021 1230 1094 δέξηται
1253 1023 1380 1086 τοὺς
1424 1021 1631 1084 τύπους
1671 1020 1779 1074 τῶν
1818 1035 1996 1090 γραμ-

425 1115 611 1186 μάτων
645 1113 739 1166 τοῦ
789 1113 947 1176 Θεοῦ,
993 1113 1050 1166 ὲν
1103 1113 1325 1186 Χριστῷ
1364 1111 1538 1184 Ἰησοῦ
1561 1129 1573 1142 ·
1605 1103 1652 1180 ᾧ
1685 1113 1720 1182 ἠ
1750 1109 1880 1174 δόξα
1915 1109 1996 1172 είς

420 1207 547 1270 τοὺς
568 1205 792 1270 αἰῶνας,
819 1205 988 1276 ἀμήν.

1053 1295 1209 1348 ΚΕΦ.
1241 1295 1373 1348 MB'.

422 1389 571 1460 Στίχ.
620 1395 670 1442 ι’.
704 1387 969 1442 Ἔδωκεν
1155 1387 1368 1460 Κύριος
1394 1383 1614 1460 διπλᾶ,
1644 1383 1762 1460 (Citra
1790 1377 1870 1454 ἦν
1895 1383 1998 1453 ἐμ-

711 1463 976 1526 προσθεν
1003 1457 1124 1510 Ἰὼϐ
1154 1459 1241 1522 εἰς
1262 1456 1732 1524 διπλασιασμόν.

489 1551 600 1620 (49)
637 1551 696 1604 '0
746 1553 992 1620 γενναίος
1039 1549 1298 1620 ἀθλητὴς,
1341 1549 1436 1603 καὶ
1471 1549 1645 1602 πάντα
1689 1543 1993 1618 πειρασμὸν

421 1643 686 1708 ὑποστὰς,
750 1643 1122 1715 ἀνδρειότατος
1177 1642 1318 1706 Ἰὼϐ,
1388 1637 1526 1696 ἆθλα
1579 1640 1845 1712 λαμϐάνει
1897 1638 1998 1708 τῆς

421 1735 700 1806 ὑπομονῆς
728 1735 916 1802 αὐτοῦ,
949 1735 1090 1806 ὼςή
1139 1735 1329 1806 Γραςρή
1373 1749 1568 1806 φησιν·
1613 1734 1796 1787 Πάντα
1836 1730 2000 1784 διπλᾶ

421 1827 574 1898 παρά
602 1827 670 1880 τὰ
698 1827 954 1898 πρότερα.
974 1828 1034 1880 ’0
1062 1825 1118 1878 δὲ
1151 1823 1354 1896 Κύριος
1383 1823 1588 1896 Ἰησοῦς
1611 1821 1845 1896 Χριστὸς
1861 1815 1998 1876 ἆθλα

2099 655 2142 708 si
2193 655 2317 723 quis
2361 667 2390 706 a
2437 651 2649 706 diabolo
2703 651 2759 704 in
2801 663 2860 703 se
2918 647 3185 702 derivavit
3228 647 3358 708 vim,
3399 653 3564 714 atque
3604 645 3675 700 ab

2099 747 2202 802 hoc
2247 747 2480 798 dracone
2509 781 2523 805 ,
2557 741 2648 796 hic
2692 741 2860 794 habet
2907 751 3003 794 cor
3051 737 3409 802 indomitum,
3449 745 3507 790 et
3559 749 3672 790 non

2099 838 2426 894 exercitum.
2460 833 2516 890 Si
2559 831 2686 902 quis
2731 841 2912 886 autem
2949 845 3143 884 aurum
3189 839 3274 884 est
3300 869 3316 893 ,
3363 831 3674 897 obsequens

2100 930 2264 986 verbo
2291 929 2433 998 quod
2481 928 2644 983 veluti
2693 937 2888 982 aurum
2923 921 3122 980 conﬁat
3147 939 3162 977 :
3189 923 3232 978 is
3263 923 3336 977 ita
3385 923 3548 989 cedit,
3577 925 3674 977 do-

2101 1037 2204 1078 nec
2267 1021 2360 1076 ﬁat
2397 1021 2601 1074 lamina
2651 1027 2850 1084 aurea,
2884 1025 2940 1072 et
2995 1013 3256 1087 suscipiat
3295 1016 3498 1072 formas
3521 1011 3673 1071 litte-

2103 1131 2284 1170 rarum
2317 1113 2410 1168 Dei
2449 1115 2500 1168 in
2545 1113 2763 1168 Christo
2807 1109 2932 1167 Jesu
2969 1129 2984 1178 ;
3037 1111 3122 1166 cui
3158 1109 3328 1180 gloria
3361 1110 3414 1163 in
3445 1107 3672 1173 saecula,

2101 1221 2278 1262 auten.

2715 1295 2872 1351 CAP.
2904 1293 3062 1350 XLII.

2103 1392 2170 1450 ν.
2203 1391 2286 1448 10.
2325 1391 2476 1446 Dedit
2507 1407 2626 1446 vero
2661 1390 2914 1444 Dominus
2944 1390 3174 1456 duplicia
3201 1429 3216 1452 ,
3242 1392 3494 1456 quotquot
3525 1393 3674 1438 erant

2455 1473 2610 1516 antea
2642 1460 2777 1514 Jobo
2813 1463 2867 1513 in
2894 1461 3321 1528 duplicationem.

2175 1557 2486 1612 Generosus
2543 1553 2744 1608 athleta
2767 1593 2782 1619 ,
2815 1555 3018 1623 quique
3050 1555 3263 1610 omnem
3319 1553 3674 1608 tentationem

2103 1651 2380 1715 sustinuit,
2419 1648 2747 1704 fortissimus
2776 1645 2895 1714 Job,
2945 1647 3170 1716 praemia
3200 1647 3553 1715 consequitur
3579 1661 3680 1714 pa-

2107 1745 2308 1799 tientia:
2339 1757 2490 1810 suae,
2529 1749 2592 1796 ut
2641 1740 2920 1810 Scriptura
2978 1739 3108 1794 dicit
3141 1757 3156 1794 :
3195 1739 3387 1796 Omnia
3443 1739 3678 1810 duplicia

2105 1850 2216 1904 pne
2245 1833 2538 1904 prioribus.
2559 1833 2628 1886 At
2659 1831 2918 1885 Dominus
2945 1829 3104 1885 Iesus
3153 1829 3404 1886 Christus
3453 1833 3678 1899 pra-mia

419 1919 634 1974 δίδωσιν
666 1921 786 1992 οὐχὶ
810 1921 1146 1984 διπλασίονα,
1173 1919 1288 1974 ἀλλ’
1323 1917 1868 1974 ἑκατονταπλασίονα.
1891 1917 1998 1987 Φη-

2103 1927 2193 1981 dat
2223 1925 2402 1982 nonin
2426 1923 2778 1994 duplum,sed
2803 1924 2856 1978 in
2883 1921 3316 1990 centuplum.Ait
3339 1921 3484 1976 enim
3511 1920 3680 1988 :Qui-

421 2011 506 2064 σὶν
535 2012 664 2085 γάρ·
708 2015 804 2080 Ὃς
845 2012 954 2068 ἐὰν
983 2013 1312 2082 καταλείπῃ
1335 2012 1560 2082 πατέρα
1585 2011 1623 2082 ἢ
1639 2009 1887 2082 μητέρα,
1913 2012 1998 2064 ol-

418 2103 915 2174 κίαν,άδελεροὺς,
963 2105 1233 2176 ἀδελφὰς
1271 2105 1479 2159 ἕνεκεν
1514 2103 1680 2174 ἐμοῦ,
1723 2102 1758 2174 ἢ
1789 2101 1997 2157 ἕνεκεν

417 2193 524 2246 τοῦ
544 2197 932 2265 Ε’ὑιιγγελίου,
949 2196 1026 2262 ὡς
1057 2197 1220 2268 ἐνιτῷ
1245 2196 1388 2252 κατὰ
1413 2196 1640 2267 Μάρκον
1660 2193 1990 2267 γέγραπται,

417 2273 1016 2342 ἑκατονταπλασίονα
1065 2288 1324 2358 λήψεται
1347 2329 1362 2354 ,
1416 2288 1514 2342 καὶ
1565 2285 1720 2354 ζωὴν
1753 2285 1993 2340 αἰώνιον

419 2377 878 2446 κληρονομήσει.
907 2379 1022 2432 Οὐκ
1055 2379 1122 2434 ἂν
1149 2381 1404 2435 διπλάσια
1425 2380 1533 2434 τῶν
1562 2379 1840 2451 προτέρων
1870 2376 1993 2432 ἔλα-

421 2465 538 2529 ϐεν,
563 2469 612 2522 εί
647 2469 722 2540 μὴ
753 2470 1073 2527 διπλασίονα
1096 2473 1196 2545 τὴν
1223 2473 1426 2544 ἀρετὴν
1453 2470 1784 2538 ἐπεδείξατο.

1149 2757 2098 2923 ΩΡΙΓΕΝΟΥΣ
2185 2756 2934 2894 ΕΚΑΟΓΑΙ

2103 2033 2306 2088 cunque
2343 2015 2611 2086 reliquerit
2657 2027 2858 2078 patrem
2903 2013 2982 2068 vel
3033 2021 3277 2074 matrem,
3305 2012 3538 2076 domum,
3567 2011 3681 2078 {ra-

2103 2119 2226 2174 tres,
2257 2124 2460 2163 sorores
2497 2116 2711 2176 propter
2733 2121 2836 2170 me,
2863 2105 2948 2160 vel
2978 2113 3190 2175 propter
3215 2103 3681 2176 Evangelium’,ut

2101 2197 2156 2253 in
2213 2197 2398 2252 Marco
2443 2195 2702 2252 scribitur
2729 2233 2746 2260 ,
2793 2196 3090 2265 centuplum
3137 2195 3386 2264 recipiet,
3425 2200 3474 2250 et
3519 2193 3680 2248 vitam

2099 2301 2350 2348 tem-nam
2393 2289 2722 2344 htereditabit
2752 2288 2795 2343 ³.
2827 2289 2943 2345 Non
2979 2289 3166 2358 utique
3195 2287 3430 2358 duplicia
3466 2294 3680 2340 antece-

2101 2383 2350 2438 dentium
2405 2381 2743 2450 accepisset,
2802 2381 2906 2438 nisi
2969 2381 3300 2452 duplicatam
3350 2379 3682 2435 ostendisset

2103 2467 2392 2524 virtutem.

2934 2611 3670 2636 “an——

1389 3001 1558 3088 ΕΙΣ
1594 2989 1884 3087 ΤΟΥΣ
1921 2993 2470 3088 ΨΑΛΜΟΥΣ
2535 2990 2682 3090 (⁵ο).

1991 3183 2028 3191 —

973 3311 1557 3407 ORIGENIS
1629 3309 2262 3404 EXCERPTA
2337 3305 2466 3404 IN
2545 3309 3122 3408 PSALMOS.

1653 3503 1751 3568 (Ei
1775 3503 2080 3556 Bibliotheca
2101 3504 2459 3571 Gallandiana.)

1061 3801 1230 3866 ΨΑΛ.
1285 3812 1362 3864 θ’.

421 3903 570 3976 Στίχ.
599 3909 668 3978 η’.
701 3902 1050 3972 Ἠτοῖμασεν
1082 3903 1152 3956 ἐν
1179 3903 1370 3970 κρίσει
1403 3901 1512 3956 τὸν
1543 3893 1758 3971 θρόνον
1790 3905 1998 3962 αὐτοῦ.

421 3995 568 4066 Στὶχ.
604 3994 668 4047 0'.
705 3991 814 4047 Καὶ
844 3993 1034 4066 αὐτὸς
1059 3991 1256 4066 κριιίεῖ
1279 3991 1393 4066 τὴν
1423 3989 1786 4066 οἰκουμένην
1813 3994 1884 4046 ἐν
1915 3993 2000 4048 δι-

643 4064 956 4130 καιοσύνῃ.
993 4059 1196 4130 Κρινεῖ
1210 4061 1398 4127 λαοὺς
1421 4063 1490 4114 ἐν
1509 4059 1806 4132 sacoma.

494 4153 762 4226 Φοϐητέον
788 4153 896 4224 ἄρα
921 4153 1012 4205 τὸν
1038 4151 1276 4205 τοιοῦτον
1297 4151 1512 4224 κριτὴν,
1533 4153 1739 4221 ψεκτάς
1771 4155 1828 4207 τε
1859 4153 2002 4229 πρά-

425 4245 535 4312 ξεις
567 4247 661 4298 καὶ
704 4244 898 4307 ἀσεϐὲς
937 4243 1204 4314 φεύγοντα
1250 4241 1524 4314 φρόνημα.
1557 4245 1894 4317 Οἰκουμένην
1945 4247 2004 4300 δὲ

426 4339 640 4409 νοήσεις
665 4336 764 4407 τὴν
799 4335 1142 4406 Ἐκκλησίαν,
1193 4333 1523 4405 οἰκουμένην
1557 4335 1662 4388 ὑπό
1699 4353 1758 4388 τε
1789 4337 2005 4408 Πατρὸς

423 4431 518 4482 καὶ
541 4427 689 4494 Υἰοῦ,
719 4428 858 4482 κατὰ
887 4427 977 4480 τόο
1027 4427 1166 4498 Ἐγὼ
1198 4427 1296 4480 καὶ
1325 4430 1358 4481 ὁ
1387 4424 1588 4495 Πατήρ
1614 4445 1733 4496 μου
1759 4419 2008 4482 ἐλευσό-

417 4525 592 4591 μεθα,
621 4521 718 4574 καὶ
739 4520 940 4591 μονὴν
971 4521 1104 4589 παρ’
1139 4518 1298 4584 αὐτῷ
1329 4521 1730 4589 ποιησόμεθα·
1762 4521 1923 4584 λαοὺς
1945 4519 2002 4573 δὲ

423 4615 550 4676 τοὺς
575 4613 793 4676 λοιποὺς
821 4611 970 4684 παρὰ
991 4611 1090 4684 τὴν
1127 4609 1468 4682 Ἐκκλησίαν.

425 4705 574 4775 Στίχ.
634 4705 720 4760 ιϐ’.
751 4703 991 4760 Ψάλατε
1033 4703 1115 4769 τῷ
1135 4703 1368 4828 2ζίιξρίῳ,
1407 4702 1490 4769 τῷ
1526 4703 1904 4759 κατοικοῦντι
1934 4706 2006 4760 ἐν

1185 4791 1308 4828 ιων.

1185 4791 1308 4828 ιων.

497 4867 610 4920 Καὶ
639 4865 813 4930 ἄλλως
835 4865 892 4920 δέ
909 4884 922 4897 ο
978 4867 1036 4920 ὲν
1065 4867 1216 4938 πάσῃ
1238 4867 1383 4940 ψυχῇ
1415 4867 1553 4921 Σιὼν
1581 4867 1716 4938 οὔσῃ
1755 4867 1849 4921 καὶ
1874 4883 2001 4921 σκο-

2737 3811 2936 3869 PSAL.
2969 3813 3060 3870 IX.

2253 3903 2315 3958 V.
2345 3905 2399 3959 8.
2439 3897 2770 3975 Prwparavit
2802 3905 2856 3958 in
2877 3903 3083 3974 judicio
3105 3901 3346 3955 thronum
3367 3911 3544 3955 suum.

2106 3993 2170 4051 ν.
2213 3995 2264 4052 9.
2298 3993 2368 4048 Et
2405 3995 2522 4065 ipse
2549 3995 2818 4065 jndicabit
2866 3995 3039 4048 orbem
3072 4003 3328 4048 terrarum
3359 3994 3414 4046 in
3447 3991 3682 4062 jactitia.

2386 4063 2660 4120 Iudicabit
2706 4065 2926 4136 populos
2963 4067 3018 4118 in
3055 4065 3386 4118 rectitudine.

2179 4155 2474 4212 Timendus
2503 4165 2588 4212 est
2635 4155 2800 4228 igitur
2845 4155 3153 4225 hujusmodi
3181 4155 3370 4223 iudex,
3410 4156 3501 4226 qui
3536 4157 3681 4212 vitu-

2107 4249 2378 4321 perabiles
2405 4251 2671 4314 actiones,
2699 4257 2753 4304 et
2784 4249 2946 4318 impia
2980 4249 3218 4317 cogitata
3255 4259 3560 4306 aversatur.
3582 4249 3684 4306 0r-

2111 4343 2236 4398 betn
2267 4351 2536 4398 terrarum
2573 4339 2873 4398 Ecclesiam
2919 4341 3176 4411 intelligas,
3203 4353 3324 4410 quae
3369 4341 3622 4397 incolitur
3651 4357 3682 4397 ε

2109 4431 2275 4488 Patre
2299 4441 2354 4488 et
2385 4431 2543 4496 Filio,
2579 4431 2736 4501 juxta
2779 4429 2912 4486 illud
2956 4449 2970 4483 :
3007 4427 3120 4500 Ego
3164 4439 3214 4484 et
3247 4428 3410 4486 Pater
3424 4437 3570 4487 meus
3599 4445 3684 4488 tte-

2110 4523 2310 4578 niemus
2334 4533 2382 4578 et
2405 4525 2732 4578 mansionem
2767 4521 2912 4590 apud
2949 4529 3068 4574 eum
3093 4519 3350 4589 faciemus
3379 4521 3424 4587 δς
3459 4521 3685 4592 pOpulos

2110 4627 2239 4670 vero
2268 4613 2505 4686 intellige
2536 4613 2774 4683 reliquos
2813 4617 3014 4684 praeter
3040 4613 3362 4669 Ecclesiam.

2275 4725 2340 4782 V.
2371 4725 2458 4781 12.
2489 4723 2712 4782 Ρεοίίὶιε
2743 4725 2972 4782 Domino
2998 4727 3260 4781 habitanti
3283 4727 3340 4781 in
3367 4725 3514 4782 Sion.

2176 4861 2242 4918 Et
2275 4863 2436 4917 aliter
2465 4876 2633 4917 vero:
2674 4863 2727 4917 in
2751 4861 2899 4916 omni
2927 4862 3106 4916 anima
3134 4871 3256 4931 quae
3295 4859 3423 4915 Sion
3454 4869 3539 4916 est
3570 4862 3685 4916 sive

427 4959 708 5028 πευτηρίῳ
734 4958 868 5023 Θεὸς
900 4963 1161 5013 κατοικεῖ.
1208 4955 1458 5032 Ἑκζητεῖ
1484 4961 1540 5014 δὲ
1569 4961 1636 5015 τά
1661 4961 1866 5032 αἵματα
1893 4961 1998 5013 τῶν

2107 4953 2349 5024 specula,
2403 4951 2546 5008 Deus
2607 4953 2840 5009 habitat.
2871 4953 3116 5024 Requirit
3166 4961 3344 5007 autem
3389 4953 3684 5022 sanguines

426 5049 594 5104 ἐθνῶν
622 5051 1057 5106 ἀποκτεινάντων
1094 5052 1266 5116 αὐτὰ,
1299 5053 1392 5105 καὶ
1424 5053 1786 5126 μιμνήσκεται
1823 5053 1998 5108 αὐτῶν

2106 5046 2346 5116 gentium
2391 5045 2838 5102 interﬁcientium
2868 5057 2984 5112 eos,
3023 5053 3077 5100 et
3107 5045 3427 5100 recordatur
3471 5059 3683 5108 earum.

425 5139 662 5205 ἀναστὰς
689 5143 848 5197 αὐτά.
905 5143 1116 5196 Οὐκοῦν
1147 5145 1207 5196 τό
1229 5160 1242 5174 ·
1287 5143 1572 5199 Ἀπώλετο
1603 5143 1672 5198 τὸ
1689 5145 1998 5214 {tr-tutacu-

2109 5137 2442 5193 resnscitans
2475 5153 2590 5194 eos.
2609 5137 2777 5209 Igitur
2801 5137 2956 5202 illud,
2981 5135 3151 5191 Periit
3175 5135 3480 5191 memoriale
3501 5143 3683 5190 eorum

425 5250 537 5286 νον
560 5233 758 5288 αὐτῶν
779 5236 906 5304 μετ’
929 5235 1108 5305 ἤχου,
1143 5237 1234 5288 ἐπὶ
1276 5235 1374 5300 τὰς
1409 5237 1682 5308 ῥομφαίας
1712 5237 1998 5309 ἀνενεχθῆ-

2110 5250 2228 5288 cum
2257 5251 2384 5289 sono
2411 5231 2455 5302 ⁸,
2473 5235 2540 5290 ad
2573 5233 2780 5304 gladios
2809 5233 2999 5289 referri
3027 5241 3264 5304 oportet.
3292 5233 3492 5288 Eorum
3523 5245 3684 5302 porro

430 5339 601 5378 σεται.
647 5325 902 5378 Ἐκείνων
926 5325 984 5379 δὲ
1019 5327 1314 5399 μέμνηται,
1336 5321 1412 5382 ὧν
1436 5327 1650 5397 ἐγένετο
1691 5327 1998 5400 καταφυγή.

2113 5327 2380 5394 meminit,
2411 5342 2642 5394 quorum
2677 5327 2780 5382 fuit
2815 5325 3105 5398 refugium.

427 5415 574 5488 Στίχ.
601 5417 702 5490 λγξ.
735 5417 1062 5490 Ἀνάστηθι,
1090 5422 1281 5490 Κύριε,
1305 5423 1338 5474 ὀ
1369 5421 1513 5487 Θεὸς
1530 5436 1678 5490 μου·
1708 5417 1998 5490 ὐψωθήτω

2113 5411 2178 5469 γ.
2208 5417 2294 5470 55.
2339 5416 2536 5490 Surge,
2563 5413 2782 5490 Domine
2805 5415 2946 5472 Deus
2975 5417 3124 5470 metti
3150 5433 3168 5470 :
3197 5415 3466 5490 exaltetur
3498 5417 3686 5469 innuat

496 5485 556 5612 ἦέ
774 5503 926 5542 σου·
972 5485 1067 5559 ﬁt;
1108 5485 1364 5560 ἐαιλάθῃ
1409 5485 1840 5560 τῶνῖπενήτξιην·
1885 5485 1998 5544 σου

497 5575 528 5611 ε
552 5579 584 5624 ς
613 5575 648 5611 τ
721 5577 808 5624 ος.
949 5607 954 5612 .

2181 5500 2272 5540 tua
2297 5504 2315 5552 ,'
2344 5503 2406 5540 ne
2431 5485 2760 5542 obliviscaris
2785 5503 3076 5559 pauperum
3115 5491 3328 5541 tuorum
3349 5491 3404 5542 in
3430 5485 3611 5555 ﬁnem.

509 5649 604 5702 Ἐκ
629 5649 684 5703 δὲ
706 5649 814 5704 τῶν
846 5647 1121 5702 δυσσεϐὦν
1155 5645 1358 5702 τούτων
1389 5647 1652 5720 ῥημάτων
1685 5645 1927 5710 ἀνιαθεὶς
1973 5649 1998 5700 ὁ

2181 5643 2262 5702 Ex
2295 5647 2473 5718 impiis
2501 5647 2681 5704 verbis
2717 5649 2838 5705 istis
2871 5647 3061 5708 dolore
3115 5647 3342 5708 aﬂ‘ectus
3387 5647 3682 5718 Propheta,

517 5743 538 5776 ²
576 5741 748 5798 Marc.
793 5757 850 5808 ι,
876 5739 968 5796 29.
1049 5739 1071 5770 ³
1109 5737 1302 5794 Matth.
1357 5755 1478 5806 nx,
1510 5739 1604 5796 29.
1681 5738 1884 5813 ‘Joan.
1913 5751 1998 5793 xlv

2103 5737 2152 5794 5.
2231 5741 2252 5771 ⁵
2287 5757 2334 5794 v.
2375 5739 2431 5793 8.

503 5833 616 5916 (ίὲ)
649 5833 811 5916 Eone
837 5831 1207 5916 κριέερκεξῖκεῖιο,
1370 5901 1410 5916 η
1506 5903 1518 5916 .

2180 5833 2292 5907 (50)
2320 5833 2399 5890 Ex
2421 5836 2538 5893 cod.
2565 5837 2770 5896 Veneto
2793 5853 2926 5896 xvn.

502 5901 613 5974 (49)
651 5901 1078 5959 Μυιιυιὶῖιιὶῆεη
1097 5901 1166 5958 ab
1185 5902 1346 5957 editis
1370 5901 1542 5960 Rumi.

747 5999 1021 6062 PATROL.
1047 5997 1166 6064 Gn.
1196 5996 1398 6062 XVII-
3287 5995 3326 6050 ιι
