4186 6404
457 403 556 458 109

1623 413 1987 476 EXCERPTA
2019 375 2091 474 'IN
2131 415 2472 476 PSALMOS.

3601 433 3705 494 HO

461 521 622 577 Ἐκεῖ
637 520 694 576 δέ
721 523 782 579 ἐν
807 527 874 598 τῇ
921 527 1191 602 μελλούσῃ
1211 528 1548 604 ’συστήσεται
1587 537 1770 607 γενεᾷ,
1807 538 1935 608 περὶ
1960 532 1987 609 ἦ

2084 549 2102 600 ι
2135 546 2264 601 tem,
2299 537 2350 590 in
2381 537 2556 592 futura
2597 540 2858 596 consistet
2899 544 3275 612 generatione,
3309 547 3374 602 de
3401 565 3508 620 qua
3533 553 3696 609 etiam

476 615 661 684 πάγει.

1075 709 1244 764 ΨΑΛ.
1291 711 1391 764 IE'.

683 793 834 869 Στίχ.
872 797 942 852 α’.
976 802 1395 870 Στηλογεραερία
1425 800 1518 872 ξτῷ
1569 802 1772 856 Δαϐἰδ.

520 887 629 949 ἰοῦ
649 890 827 944 Δαϐὶδ
847 891 1165 964 ἐπέγραψαν
1187 894 1236 945 οἱ
1261 893 1436 947 λοιποί
1457 911 1469 924 ·
1490 899 1940 965 στηλοτραφίαν
1967 897 2024 950 δὲ

441 986 638 1057 ὁμοίως
667 987 960 1053 ἐξέδωκαν,
990 989 1070 1060 τῷ
1109 990 1382 1063 περιέχειν
1424 993 1762 1064 προφητείαν
1800 995 2021 1048 αἰωνίου

442 1081 661 1150 μνήμης
697 1081 876 1146 ἀξίαν.
913 1083 1122 1152 ’Ὥσπερ
1157 1083 1266 1154 γὰρ
1298 1086 1347 1137 οῖ
1398 1086 1642 1156 μέγιστοι
1677 1085 1784 1139 τῶν
1820 1087 2022 1156 ἀγωνι-

437 1169 675 1240 ζομένων
705 1172 763 1224 ἐν
795 1172 1026 1237 σταδίοις
1057 1174 1286 1246 ἀθληταὶ
1331 1173 1566 1242 στήλης
1589 1175 1882 1242 ἀξιοῦνται,
1927 1177 2020 1230 καὶ

434 1263 542 1317 τῶν
573 1265 632 1317 ἐν
659 1264 914 1336 πολέμοις
948 1265 1392 1340 κατωρθωμένων
1418 1271 1498 1332 είς
1525 1267 1624 1340 τὴν
1672 1269 1812 1340 μετὰ
1847 1269 2020 1323 ταῦτα

437 1357 656 1428 μνήμην
687 1357 900 1412 ἵσταται
925 1359 1158 1431 τρόπαια
1175 1377 1186 1389 ·
1215 1360 1356 1414 οὕτω
1377 1359 1438 1414 τὸ
1463 1363 1606 1432 μέγα
1637 1363 1899 1434 τρόπαιον
1921 1362 2016 1417 τοῦ

433 1447 704 1518 Σωτῆρος,
741 1449 876 1521 ὅπερ
895 1451 1084 1522 ἤγειρε
1113 1451 1354 1506 καθελὼν
1387 1453 1480 1506 τὸν
1505 1454 1568 1506 τὸ
1597 1455 1796 1525 κράτος
1827 1454 2017 1526 ἔχοντα

430 1537 524 1590 τοῦ
559 1538 814 1602 θανάτου,
861 1539 1108 1612 Γραφαῖς
1139 1540 1345 1595 ἄνωθεν
1374 1542 1766 1609 ἐστηλιτεύθη
1803 1559 2016 1613 προφη-

430 1631 628 1693 τικαῖς.
671 1629 760 1682 Διὸ
791 1629 886 1683 καὶ
930 1631 1156 1702 Πέτρος,
1175 1629 1282 1684 τῶν
1313 1633 1371 1685 ἐν
1411 1631 1562 1702 αὐτῷ
1607 1631 2009 1704 μνημονεύσας,

427 1721 708 1792 ἐπήγαγεν
733 1739 746 1750 ·
779 1740 800 1772 ε
839 1721 1062 1794 Ἀνδρες
1087 1722 1325 1793 ἀδελφοὶ,
1353 1723 1472 1788 ἐξὸν
1499 1724 1670 1777 εἰπεῖν
1703 1723 1840 1794 μετὰ
1871 1726 2011 1794 παῤ-

2129 636 2318 698 postea
2345 629 2604 697 loquitur.

2724 724 2919 780 PSAL.
2965 727 3084 785 XV.

2507 811 2568 866 V.
2618 814 2664 870 Ι.
2711 814 3082 887 Stelographia
3107 819 3318 874 Doridi.

2199 903 2410 975 Reliqui
2443 905 2838 978 inscripserunt
2869 911 3107 976 Davidis,
3137 913 3322 968 itidem
3348 929 3476 970 vero
3509 925 3694 972 trans-

2128 995 2365 1052 tulerunt
2400 999 2808 1069 stelographiam
2830 1041 2843 1066 ,
2877 1017 2942 1058 eo
2978 1007 3118 1073 quod
3151 1005 3430 1061 contineat
3459 1011 3696 1077 prophe-

2125 1089 2251 1141 tiam
2273 1097 2474 1144 aeterna
2500 1093 2760 1146 memoria
2791 1094 3026 1162 dignam.
3054 1096 3518 1164 Quemadmodum
3544 1101 3692 1156 enim

2122 1181 2316 1234 Summi
2377 1181 2467 1252 qui
2520 1181 2571 1235 in
2615 1181 2808 1238 stadiis
2847 1193 3202 1240 certaverunt
3257 1187 3496 1254 athletae,
3542 1189 3692 1259 stele,

2121 1284 2214 1324 seu
2247 1271 2496 1326 columna
2528 1273 2844 1344 dignantur,
2873 1285 2934 1330 et
2963 1291 3151 1332 eorum
3179 1279 3272 1349 qui
3305 1279 3358 1332 in
3392 1279 3546 1336 bellis
3576 1281 3690 1337 for-

2121 1364 2246 1417 titer
2287 1363 2624 1434 feliciterque
2677 1379 3079 1436 pugnaverunt,
3125 1371 3192 1426 ad
3243 1373 3320 1426 rei
3371 1373 3688 1429 memoriam

2120 1461 2323 1522 tropma
2354 1455 2672 1526 eriguntur:
2701 1459 2842 1512 haud
2882 1458 3046 1513 aliter
3091 1475 3345 1530 magnum
3387 1461 3690 1520 Salvatoris

2119 1554 2402 1614 tropaeum,
2445 1549 2591 1616 quod
2623 1551 2820 1613 erexit,
2854 1548 3141 1619 proﬂigato
3174 1565 3239 1606 eo
3267 1553 3360 1622 qui
3401 1553 3687 1623 imperium

2115 1637 2350 1692 habebat
2393 1639 2605 1706 mortis,
2645 1641 2949 1711 Scripturis
3001 1651 3079 1696 tot
3115 1653 3244 1698 ante
3284 1645 3482 1699 saacula
3527 1645 3682 1715 quasi

2112 1727 2290 1781 alelais
2363 1728 2703 1784 nobilitatum
2747 1741 2832 1786 est
2889 1734 3244 1801 propheticis.
3307 1734 3684 1803 Quamobrem

426 1815 622 1885 ρησίας
654 1814 792 1886 πρὸς
823 1815 968 1886 ὑμᾶς
1013 1817 1140 1887 περὶ
1184 1815 1278 1869 τοῦ
1324 1817 1662 1889 πατριάρχου
1713 1814 1896 1879 Δαῦὶδ,
1927 1817 1986 1869 ὅτ

2111 1819 2274 1874 etiam
2313 1819 2530 1880 Petrus.
2555 1821 2701 1877 facta
2748 1825 3027 1880 mentione
3081 1841 3271 1883 eorum
3311 1843 3434 1898 qua:
3469 1829 3522 1884 in
3567 1829 3684 1900 ipso

427 1908 520 1960 xui.
542 1907 858 1978 ἐτελεύτησε
887 1909 982 1961 καὶ
1004 1908 1199 1978 ἐτάφη,
1234 1909 1330 1962 καὶ
1361 1909 1421 1961 τὸ
1453 1908 1640 1979 μνῆμα
1669 1907 1834 1962 αὑτοῦ
1859 1907 1987 1960 ἕστιε

2111 1911 2477 1976 continentur,
2507 1910 2754 1979 adjunxit
2783 1931 2799 1970 :
2833 1931 2853 1964 ‹
2886 1913 2993 1969 Viri
3034 1915 3251 1980 fratres,
3279 1896 3361 1972 las
3390 1926 3474 1974 est
3502 1896 3684 1975 dicere

423 2001 482 2052 ἐν
523 2001 653 2071 ἡμῖν
705 1999 833 2070 ἄχρι
891 1999 994 2070 τῆς
1047 2000 1262 2072 ἡμέρας
1301 1999 1524 2071 ταύτης.
1580 2000 1874 2070 Προφήτης
1913 1995 2005 2053 οὖν

423 2093 704 2165 ὑπάρχων,
736 2094 828 2146 καὶ
866 2091 1040 2157 εἰδὼς,
1073 2094 1156 2146 ὅτι
1189 2094 1336 2164 ὅρκῳ
1363 2081 1580 2163 ὤμοσεν
1609 2091 1758 2162 αὐτῷ
1787 2093 1815 2143 ὁ
1847 2090 1999 2154 Θεὸς,

422 2185 486 2237 ἐκ
511 2182 724 2257 καρποῦ
753 2184 852 2255 τῆς
875 2184 1074 2253 ὀσφύος
1103 2185 1265 2238 αὐτοῦ
1302 2184 1362 2236 τὸ
1394 2184 1533 2238 κατὰ
1563 2183 1740 2254 σάρκα
1770 2183 2004 2255 ἀναστή-

421 2295 534 2332 σειν
590 2279 679 2332 τὺν
729 2277 964 2350 Χριστὸν
1011 2276 1232 2330 καθίσαι
1279 2276 1371 2330 ἐπὶ
1429 2275 1519 2330 τὸν
1567 2274 1756 2345 θρόνον
1798 2273 1995 2328 αὐτοῦ·

419 2371 654 2444 προϊδὼν
695 2371 751 2424 δὲ
784 2369 1014 2443 ἐλάλησε
1044 2370 1170 2440 περὶ
1209 2370 1308 2440 τῆς
1360 2369 1704 2432 ἀναστάσεως
1741 2367 1834 2421 τοῦ
1863 2367 1999 2439 Χρι-

418 2462 566 2528 στοῦ,
603 2464 686 2516 ὅτι
727 2461 851 2516 οὔτε
891 2459 1283 2532 ἐγκατελείφθη
1330 2462 1410 2524 είς
1450 2460 1605 2532 ᾷδην,
1639 2459 1765 2514 οὔτε
1796 2461 1828 2531 ἡ
1859 2458 1996 2530 σὰρξ

414 2551 579 2607 αὑτοῦ
609 2551 715 2606 εἶδε
742 2551 1056 2624 διαφθοράν.
1089 2551 1288 2604 Τοῦτον
1319 2551 1409 2603 τὸν
1452 2549 1658 2621 Ἰησοῦν
1695 2550 1995 2623 ἀνέστησεν

414 2645 442 2698 ὁ
472 2645 622 2712 Θεὸς,
646 2637 707 2699 οὗ
733 2645 934 2709 πάντες
966 2646 1128 2716 ἡμεῖς
1154 2645 1320 2715 ἐσμεν
1345 2643 1638 2715 μάρτυρες.
1669 2662 1688 2694 ›

2115 2013 2236 2054 cum
2269 2002 2520 2057 libertate
2559 2004 2699 2073 apud
2737 2019 2832 2060 vos
2865 2007 2932 2062 de
2970 2007 3280 2076 patriarcha
3327 2007 3515 2073 David,
3539 2011 3681 2078 quod

2113 2103 2166 2147 et
2208 2104 2454 2149 mortuus
2493 2103 2579 2150 est
2620 2106 2674 2150 et
2709 2097 2976 2165 sepultus,
3003 2107 3058 2152 et
3085 2107 3495 2154 monumentum
3537 2101 3681 2156 illius

2111 2196 2290 2242 exstat
2325 2187 2468 2244 inter
2519 2203 2618 2244 nos
2663 2203 2833 2259 usque
2881 2191 2934 2244 in
2971 2200 3290 2260 praesentem
3342 2191 3508 2248 diem.
3541 2193 3678 2248 Cum

2109 2278 2280 2348 igitur
2316 2281 2581 2349 prOpheta
2619 2290 2785 2346 esset,
2829 2281 3104 2350 sciretque
3149 2282 3290 2350 quod
3323 2279 3678 2352 jurejurando

2100 2368 2384 2436 juraverat
2415 2371 2464 2424 ei
2507 2372 2672 2436 Deus,
2713 2385 2782 2427 ex
2819 2373 2998 2426 fructu
3026 2372 3192 2426 lumbi
3219 2370 3338 2440 ejus
3379 2372 3678 2428 secundum

2103 2473 2324 2514 carnem
2367 2471 2742 2517 surrecturum
2781 2461 3080 2524 Christum,
3107 2461 3225 2530 qui
3254 2464 3470 2518 sederet
3515 2477 3679 2533 super

2103 2551 2298 2605 throno
2335 2551 2477 2608 illius
2509 2553 2853 2624 :praevidens
2897 2561 3078 2607 autem
3121 2552 3333 2608 locutus
3380 2564 3464 2608 est
3497 2553 3562 2608 de
3590 2567 3678 2609 re-

2099 2642 2440 2698 surrectione
2473 2643 2698 2711 Christi,
2735 2643 2862 2712 quia
2923 2655 3103 2710 neque
3154 2641 3447 2698 derelictus
3485 2649 3568 2698 est
3615 2641 3672 2696 in

413 2735 646 2802 inferno,
673 2751 853 2808 neque
886 2751 1016 2793 caro
1056 2735 1176 2806 ejus
1235 2735 1374 2790 vidit
1413 2737 1843 2808 corruptionem.
1889 2735 2047 2792 llunc
2093 2732 2278 2790 Iesum
2337 2737 2684 2792 resuscitavit
2726 2737 2887 2802 Deus,
2930 2733 3082 2806 cujus
3123 2749 3312 2792 omnes
3355 2749 3454 2791 nos
3487 2749 3674 2791 sumus

409 2837 578 2884 testes
597 2829 661 2883 ".
695 2849 714 2883 ι

1035 2927 1206 2980 ΨΑΛ.
1247 2925 1367 2994 Iq'.

407 3017 556 3089 Στίχ.
579 3017 641 3072 8'.
689 3021 805 3092 Ald,
834 3019 1235 3092 robe-7.16qu
1271 3021 1392 3074 τῶν
1421 3019 1669 3092 χειλέων
1708 3035 1845 3084 σου,
1873 3018 1988 3089 ἐγὼ

783 3091 856 3160 ἐφ
864 3091 1058 3156 ύλαξα
1096 3091 1275 3157 ὀδοὺς
1302 3091 1598 3160 σκληράς.

486 3179 882 3254 ’Υπογραμμδν
913 3185 1045 3255 ἡμῖν
1074 3185 1169 3237 καὶ
1201 3182 1289 3236 διὰ
1330 3181 1534 3236 τούτων
1563 3181 1779 3235 δίδωσιν
1811 3183 1840 3234 ὁ
1869 3181 1982 3234 Σω-

401 3269 525 3343 τὴρ,
558 3273 632 3344 μὴ
660 3277 874 3345 φρονεῖν
890 3276 973 3344 ἐφ’
1003 3277 1215 3338 ἑαυτοῖς
1247 3275 1520 3345 δεομένοις
1543 3275 1642 3346 τῆς
1667 3273 1821 3346 παρὰ
1848 3271 1984 3326 Θεοῦ

404 3365 672 3436 βοηθείας.
689 3365 875 3436 Τρίϐοι
908 3366 966 3418 δὲ
991 3366 1193 3437 Κυρίου
1217 3365 1326 3418 τῶν
1362 3365 1589 3418 ἐντολῶν
1613 3365 1670 3416 αἱ
1691 3364 1952 3436 τηρήσεις
1969 3379 1983 3392 ·

406 3458 604 3528 μᾶλλον
630 3458 686 3510 δὲ
715 3461 769 3511 αἱ
799 3459 921 3512 κατ’
945 3457 1145 3531 ἀρετὴν
1179 3459 1470 3529 ἐνέργειαι,
1487 3457 1688 3528 ὁμαλαὶ
1723 3456 1818 3510 καὶ
1843 3456 1983 3510 λεῖαι

399 3550 689 3622 δειχθεῖσαι
721 3553 785 3604 ἐκ
831 3549 924 3604 τοῦ
953 3550 1192 3622 συνεχῶς
1224 3549 1512 3604 πατεῖσθαι
1545 3551 1681 3620 πρὸς
1710 3548 1819 3602 τῶν
1853 3549 1984 3617 φθά-

402 3655 492 3694 σαι
543 3640 879 3694 σπευδόντων
912 3641 1004 3694 ἐπὶ
1027 3641 1088 3694 τὸ
1126 3641 1276 3705 τέλος
1327 3639 1528 3704 αὐτῶν,
1568 3641 1704 3710 ὅπερ
1753 3639 1900 3692 ἐστὶν
1947 3641 1980 3709 ἡ

402 3733 761 3803 μακαριότης,
809 3733 904 3786 καὶ
935 3733 1044 3786 τῶν
1077 3732 1414 3801 ἐπαγγελιῶν
1458 3734 1491 3804 ἡ
1526 3731 1802 3794 ἀπόδοσις.
1839 3729 1982 3801 Δρά-

403 3841 592 3895 μωμεν
623 3823 802 3877 τοίνυν
825 3827 944 3876 κατ’
977 3823 1192 3887 αὐτοὺς,
1218 3824 1280 3875 οὐ
1309 3821 1694 3893 σφαλλομένων
1720 3821 1828 3874 τῶν
1863 3820 1979 3872 δια-

397 3916 656 3987 δημάτων
681 3918 858 3988 ἡμῶν,
889 3919 936 3969 εί
959 3915 1162 3986 Κύριος
1194 3915 1333 3967 αὐτὰ
1355 3913 1734 3984 καταρτίσειεν
1767 3915 1826 3966 ἐν
1853 3913 1977 3975 ταῖς

393 4007 604 4078 τρίϐοις
637 4007 820 4061 αὐτοῦ.
851 4009 1068 4079 Ταύτης
1091 4009 1188 4079 τῆς
1221 4011 1488 4080 αἰτήσεως
1511 4011 1538 4060 ὁ
1564 4006 1740 4078 τυχών
1775 4022 1972 4077 φησιν⁹

399 4099 569 4152 Ἄνευ
602 4099 852 4169 ἀνομίας
889 4099 1152 4169 ἔδραμον
1189 4100 1289 4154 καὶ
1333 4101 1710 4168 κατηύθυνα·
1743 4101 1840 4152 καὶ
1882 4095 1964 4162 τὸ,

409 4190 582 4244 Ὀδὸν
615 4191 878 4246 ἐντολῶν
904 4207 1020 4246 σου
1045 4192 1328 4263 ἔδραμον,
1375 4191 1474 4245 ὅτε
1520 4191 1596 4245 ἂν
1625 4189 1972 4257 ἐπλάτυνας

395 4279 512 4350 τὴν
537 4281 788 4350 καρδίαν
818 4300 959 4351 μου.

1024 4381 1193 4433 ΨΑΛ.
1233 4379 1329 4434 1Ζ’.

390 4469 538 4542 Στίχ.
567 4477 640 4536 ς’.
685 4471 906 4542 Ὠδῗνες
942 4471 1090 4539 ᾅδου
1131 4469 1623 4542 περιεκύκλιίσάν
1681 4485 1787 4538 με·
1829 4479 1970 4536 προ-

425 4577 460 4600 ι»
487 4541 517 4542 ﬁ
696 4541 972 4611 ἐφθασάν
1002 4559 1078 4611 με
1113 4541 1360 4611 πατίδες
1379 4541 1660 4596 θανάτου.

464 4634 718 4705 Ἀρμὸσει
749 4635 806 4687 δὲ
828 4633 1000 4689 ταῦτα
1033 4635 1128 4688 καὶ
1159 4633 1238 4704 τῷ
1269 4634 1505 4706 Σωτῆρι,
1535 4633 1728 4704 ἔχοντα
1761 4630 1961 4702 πολλὴν

383 4722 688 4794 οἰκειότητα
717 4722 854 4794 πρὸς
882 4723 964 4786 τὸ,
995 4723 1124 4777 Νῦν
1157 4723 1197 4790 ἡ
1230 4721 1401 4792 ψυχή
1438 4740 1558 4792 μου
1577 4721 1956 4789 τετάρακται·

383 4813 496 4876 καὶ,
529 4814 864 4882 Περίλυπός
885 4815 1055 4869 ἐστιν
1080 4815 1118 4883 ἡ
1161 4815 1330 4884 ψυχή
1363 4833 1482 4884 μου
1509 4815 1618 4881 ἕως
1665 4813 1921 4868 θανάτου
1943 4854 1956 4868 .

381 4905 528 4986 Στίχε
553 4904 631 4986 ηί.
654 4905 763 4986 [fat
793 4907 1140 4986 _éo_'a.1§t50n,
1176 4908 1282 4986 zeal
1303 4908 1588 4986 ἔντρομος
1631 4905 1885 4986 ἐγενήθη
1917 4909 1982 4975 ἡ.

453 4977 547 5059 γῆ..
581 4977 690 5059 fidi
710 4977 837 5059 ,τᾲΑ
855 4977 1096 5059 θεμέλιοι
1129 4977 1248 5059 τῷν
1295 4977 1480 5059 ορεξων
1512 4977 1955 5059 ἐταράχρηραν,

447 5047 547 5099 καὶ
577 5047 1020 5114 ἑσαλεύθησαν,
1063 5047 1152 5101 ὅτι
1179 5049 1438 5117 ὠργίσθη
1470 5047 1674 5112 αὐτοῖς
1710 5050 1742 5100 ὁ
1789 5047 1952 5112 Θεός.

446 5139 736 5209 Προδήλως
759 5139 1000 5194 δείκνυσι
1031 5139 1124 5194 τοῦ
1153 5139 1288 5194 Θεοῦ
1323 5141 1422 5212 τὴν
1457 5137 1756 5194 κατάϐασιν
1784 5137 1872 5191 διὰ
1887 5137 1954 5191 τὰ

377 5231 770 5303 προειρημένα,
803 5232 896 5285 τόν
945 5249 1004 5286 τε
1044 5231 1271 5286 θάνατον
1317 5232 1413 5285 καὶ
1459 5231 1560 5296 τὰς
1607 5229 1802 5294 ὠδῖνας
1857 5227 1951 5283 τοῦ

373 5319 519 5392 ᾅδου.
558 5319 650 5384 Ἐξ
674 5313 736 5372 οὗ
762 5321 818 5373 δὲ
845 5323 1203 5387 καταϐάντος,
1233 5322 1376 5378 κατὰ
1411 5324 1504 5378 τὸν
1545 5321 1799 5386 Ἀκύλαν,
1828 5323 1950 5375 ἐκιο

369 5413 530 5480 νήοη
566 5411 666 5464 καὶ
699 5411 948 5481 ἐσείσθη
977 5414 1014 5481 ὴ
1048 5411 1144 5483 γῆ.
1172 5415 1330 5468 Πᾶσα
1352 5413 1462 5484 γὰρ
1495 5412 1632 5483 ἀκοὴ
1668 5411 1952 5483 Ἑλληνικὴ

368 5505 464 5557 καὶ
494 5503 765 5576 βάρϐαρος
791 5503 1091 5575 ἐπληροῦτο
1114 5507 1212 5576 τῆς
1238 5507 1366 5578 περὶ
1391 5505 1556 5558 αὑτοῦ
1583 5505 1789 5575 φήμης.
1821 5503 1954 5572 Γῆν

367 5594 475 5665 γὰρ
528 5593 646 5665 ἔφη,
687 5595 814 5658 τοὺς
877 5596 969 5648 ἐπὶ
1022 5596 1146 5668 γῆς.
1183 5595 1396 5664 Ὀρέων
1437 5596 1516 5659 δὲ,
1562 5595 1672 5648 τῶν
1715 5597 1953 5648 ἀντικει-

369 5685 545 5755 μένων
577 5685 855 5757 δυνάμεων
875 5703 887 5717 ·
925 5686 980 5740 αἳ
1005 5689 1072 5758 τῇ
1106 5687 1283 5758 πλάνῃ
1314 5687 1424 5742 τῶν
1446 5687 1680 5741 εἰδώλων
1704 5688 1837 5756 τοὺς,
1859 5687 1952 5739 ἁν-

2687 2919 2882 2976 PSAL.
2925 2921 3066 2977 XVI.

2093 3017 2161 3074 γ.
2200 3019 2254 3072 4.
2301 3017 2526 3087 PrOpter
2549 3034 2811 3072 sermones
2841 3017 3104 3070 labiorum
3134 3026 3370 3081 tuorum,
3403 3031 3495 3087 ego
3521 3031 3664 3085 prc-

2643 3091 2759 3142 cavi
2790 3089 2904 3142 vias
2934 3088 3119 3140 duras.

2165 3179 2555 3234 Documentum
2591 3179 2747 3234 nobis
2779 3179 2944 3233 etiam
2974 3195 3071 3249 per
3115 3181 3228 3234 hmo
3261 3180 3356 3233 dat
3390 3178 3664 3244 Salvator,

2091 3283 2147 3326 ut
2184 3273 2234 3326 in
2266 3271 2423 3328 nobis
2449 3271 2550 3340 ipsi
2578 3286 2684 3325 non
2716 3271 2823 3326 alte
2845 3271 3144 3337 sapiamus,
3176 3272 3378 3342 quippe
3405 3271 3495 3341 qui
3519 3271 3665 3326 indi—

2089 3382 2314 3436 geumus
2367 3367 2550 3421 divino
2612 3367 2837 3422 auxilio.
2882 3367 2994 3423 Viae
3041 3382 3204 3437 porro
3263 3367 3476 3424 Domini
3537 3375 3665 3423 sunt

2087 3461 2466 3514 mandatorum
2516 3459 2926 3514 observationes
2959 3477 2974 3512 :
3006 3467 3167 3528 atque
3221 3461 3354 3514 adeo
3405 3459 3664 3515 virtuosaa

2085 3551 2428 3620 operationes
2449 3593 2464 3618 ,
2495 3566 2616 3620 qua:
2655 3549 2828 3618 plana:
2884 3565 2947 3605 ac
2974 3551 3135 3606 laeves
3171 3550 3468 3605 redduntur
3496 3566 3562 3606 ex
3593 3565 3660 3604 eo

2084 3643 2229 3710 quod
2257 3641 2459 3713 jugiter
2485 3643 2766 3698 calcentur
2799 3646 2867 3698 ab
2907 3645 2973 3699 iis
3020 3643 3112 3712 qui
3148 3643 3410 3698 festinant
3443 3643 3658 3712 pertin-

2083 3747 2211 3804 gere
2245 3735 2310 3788 ad
2349 3735 2514 3788 finem
2553 3751 2734 3800 suum,
2762 3751 2881 3804 quae
2914 3744 2999 3790 est
3031 3735 3327 3800 beatitudo,
3356 3745 3408 3791 et
3431 3735 3661 3805 promis-

2082 3823 2294 3878 sionum
2347 3825 2642 3880 assecutio.
2684 3826 2985 3882 Curramus
3013 3827 3178 3896 igitur
3216 3843 3337 3882 cum
3391 3825 3520 3894 illis,
3549 3841 3659 3882 non

2081 3917 2469 3972 aberrantibus
2495 3918 2776 3987 gressibus
2801 3919 3022 3982 nostris,
3050 3919 3094 3972 si
3144 3919 3358 3988 quidem
3399 3917 3658 3973 Dominus

2077 4023 2170 4062 eos
2196 4009 2463 4076 aptaverit
2491 4009 2544 4062 in
2596 4011 2805 4066 semitis
2836 4011 2972 4064 suis.
3013 4011 3114 4076 Qui
3151 4010 3312 4079 hujus
3341 4008 3657 4079 postulatio-

2077 4101 2162 4154 nis
2194 4099 2250 4152 lit
2283 4115 2526 4169 compos,
2558 4101 2692 4156 dicit
2730 4118 2743 4153 :
2775 4101 2904 4156 Sine
2950 4103 3224 4171 iniquitate
3260 4101 3471 4154 cucurri
3499 4111 3546 4154 et
3569 4101 3656 4153 di-

2076 4193 2190 4245 rexi
2215 4193 2278 4243 ιθ.
2319 4191 2564 4261 Itemque
2605 4193 2734 4246 illud
2773 4211 2786 4243 :
2821 4193 2968 4245 Viam
3017 4193 3390 4246 mandatorum
3438 4203 3650 4245 tuorum

2074 4285 2309 4350 cucurri,
2334 4288 2754 4353 quandocunque
2785 4284 3022 4338 dilatasti
3058 4301 3148 4338 cor
3179 4301 3350 4338 meum
3371 4285 3434 4337 ιτ.

2651 4377 2845 4432 PSAL.
2901 4376 3062 4432 XVII.

2075 4467 2136 4524 V.
2179 4467 2230 4522 6.
2270 4467 2489 4522 Dolores
2521 4470 2718 4538 inferni
2750 4469 3205 4542 circumdederunt
3236 4487 3356 4525 me:
3382 4487 3647 4542 praeoccu-

2462 4550 2715 4608 paverunt
2741 4555 2820 4593 me
2841 4539 3010 4608 laquei
3047 4542 3253 4594 mortis.

2141 4630 2458 4700 Congruent
2498 4633 2612 4686 haec
2652 4632 2820 4687 etiam
2849 4631 3144 4696 Salvatori,
3178 4647 3300 4687 cum
3353 4632 3643 4702 plurimum

2071 4723 2401 4776 conveniant
2460 4739 2583 4778 cum
2655 4724 2760 4778 illis
2785 4743 2806 4778 ι
2843 4723 3002 4778 Nunc
3046 4725 3224 4777 anima
3278 4740 3392 4778 mea
3431 4725 3644 4780 turbata

2070 4827 2143 4868 est
2171 4815 2235 4867 ¹⁸.
2263 4816 2327 4869 Ει
2355 4833 2367 4867 :
2401 4814 2590 4870 Tristis
2618 4827 2692 4870 est
2722 4818 2899 4870 anima
2934 4833 3047 4870 mea
3067 4831 3230 4885 usque
3246 4819 3314 4868 ad
3337 4827 3552 4870 mortem
3573 4819 3640 4874 ".

2074 4909 2139 4965 ν.
2182 4909 2234 4964 8.
2277 4909 2342 4962 Ει
2369 4911 2572 4979 agitata
2595 4919 2691 4972 est,
2724 4920 2770 4963 et
2803 4919 3024 4961 tremens
3054 4907 3238 4977 elfecla
3265 4918 3340 4960 est
3373 4917 3535 4962 terra.
3573 4907 3642 4963 Ει

2136 4980 2482 5050 fundumenla
2523 4982 2780 5032 montium
2829 4979 3041 5050 turbata
3091 4989 3233 5042 sunt,
3283 4987 3333 5031 et
3381 4995 3642 5034 concussa

2137 5047 2279 5110 sunt,
2315 5051 2438 5120 quia
2473 5051 2641 5101 iratus
2671 5059 2747 5103 est
2788 5050 2860 5102 eis
2887 5047 3050 5101 Deus.

2135 5139 2418 5193 Manifesta
2448 5139 2686 5194 ostendit
2719 5137 2814 5192 Dei
2856 5139 3182 5192 descensum
3222 5152 3319 5208 per
3344 5138 3638 5208 praedicta;

2063 5241 2291 5286 mortem
2330 5231 2483 5294 item,
2519 5239 2572 5284 et
2603 5229 2819 5284 dolores
2863 5227 3084 5285 inferni.
3132 5227 3210 5281 Ex
3260 5244 3366 5298 quo
3418 5230 3640 5285 descen-

2062 5321 2240 5382 dente,
2289 5321 2584 5374 secundum
2623 5318 2904 5386 Aquilam,
2936 5327 3196 5372 commota
3228 5329 3302 5372 eu
3345 5328 3392 5371 et
3419 5321 3634 5372 tremuit

2064 5416 2202 5462 terra
2227 5409 2292 5462 '°.
2329 5408 2519 5465 Omnis
2549 5411 2690 5463 enim
2733 5409 2952 5464 auditus
2997 5409 3224 5464 Grmcus
3265 5421 3322 5465 et
3366 5410 3636 5464 barbarus

2063 5501 2368 5570 replebatur
2393 5501 2534 5556 fama
2561 5501 2628 5556 de
2664 5503 2780 5559 illo.
2823 5503 2996 5558 Porro
3025 5512 3222 5556 terram
3270 5501 3506 5571 appellat
3540 5515 3635 5556 eos

2059 5595 2150 5663 qui
2192 5604 2320 5649 sunt
2364 5595 2416 5649 in
2472 5605 2638 5650 terra.
2679 5595 2887 5650 Montes
2943 5605 3071 5650 sunt
3121 5594 3363 5648 adversae
3391 5601 3636 5663 potesta-

2060 5695 2158 5753 tes,
2199 5703 2320 5758 qua:
2366 5703 2558 5744 errore
2601 5689 2870 5744 idolorum
2925 5687 3178 5742 homines
3248 5684 3628 5749 conﬁciebant,

441 5803 484 5835 η
507 5805 708 5876 Αειδι,
743 5807 834 5876 29,
863 5807 952 5862 '52.
1033 5809 1075 5840 “
1106 5807 1250 5864 Psal.
1285 5823 1439 5876 LVIII,
1475 5807 1528 5862 5.
1601 5807 1640 5839 "
1672 5805 1818 5865 Psal.
1853 5819 1980 5860 cum

2084 5809 2154 5865 5?.
2227 5811 2270 5842 ³⁸
2300 5809 2458 5866 Joan.
2480 5826 2580 5876 xtl,
2602 5810 2694 5864 ‘27.
2773 5809 2814 5842 ⁸⁵
2847 5807 3035 5864 Matth.
3067 5822 3218 5867 χχιιι,
3243 5805 3331 5860 58.
3409 5805 3454 5836 ὀ
3479 5801 3624 5873 Ρειι]ξ

372 5889 502 5942 xm,
528 5876 582 5932 8.
