4186 6434
534 388 635 444 Ill

1380 383 1933 441 SUPPLEMENTUM
1974 383 2064 437 AD
2100 382 2422 442 OlthENlS
2455 385 2869 444 EXEGETICA.

3666 401 3767 456 ΗΞ

538 518 735 563 erectae
770 510 957 557 contra
998 501 1090 557 Dei
1128 502 1519 571 cognitionum.
1564 501 1951 566 Fundamenta,
1986 517 2105 571 qua:
2132 515 2180 571 Α

2132 515 2180 571 Α
2208 502 2457 575 θρώπους
2478 505 2752 570 ἐνέμοντο,
2772 507 2869 577 τῆς
2889 506 2981 559 τοῦ
3005 506 3139 561 Θεοῦ
3163 511 3627 583 κατεπαιρόμεναι
3642 517 3775 583 γνὼ-

539 605 664 652 snnt
694 592 973 665 profundae
1010 594 1365 662 cogitationes
1391 634 1406 658 ,
1448 599 1573 648 dum
1622 595 1861 648 sentiunt
1889 593 2100 651 Domini

538 687 851 758 potentiam,
875 685 1165 756 indignatae
1191 686 1498 741 turbantur.
1515 685 1721 753 Quibus
1746 695 2099 742 succensente

537 780 667 844 Dco,
688 777 929 835 ascendit
953 778 1099 833 velut
1122 777 1302 833 fumus
1331 781 1395 833 de
1431 788 1608 843 torre;
1642 779 1924 834 exstinctis
1950 793 2100 833 nem-

533 885 602 941 pe
627 870 737 926 illis
775 879 830 926 et
855 885 884 924 a
914 870 1286 926 combustione
1312 871 1668 937 cessantibus,
1699 885 1805 941 qua
1852 871 2098 926 homines

532 962 849 1016 exurebant.
887 959 1044 1016 Hunc
1085 975 1217 1015 vero
1265 960 1444 1031 ignem
1495 961 1757 1017 exstinxit
1808 962 1931 1033 igne
1973 976 2095 1017 suo.

532 1052 809 1123 Tanquam
853 1054 988 1129 ignis
1021 1069 1325 1108 consumens
1353 1053 1397 1084 "
1427 1054 1607 1108 dictus
1647 1065 1729 1109 est
1763 1053 1904 1110 Deus
1954 1056 2096 1124 apud

530 1144 772 1216 Moysen.
804 1144 872 1199 Et
902 1146 957 1199 in
982 1144 1211 1200 Psalmis
1237 1162 1255 1197 :
1282 1144 1428 1214 Ignis
1462 1161 1639 1199 coram
1665 1146 1776 1214 ipso
1811 1148 2089 1215 prcecedet,

527 1246 578 1292 et
605 1236 955 1306 inﬂammabit
989 1237 1042 1290 in
1072 1253 1200 1309 gyro
1231 1237 1475 1292 inimicos
1509 1238 1621 1306 ejus
1638 1241 1708 1292 ".
1745 1239 1814 1293 Et
1841 1240 2038 1295 iterum
2074 1257 2091 1295 :

526 1329 669 1385 Deus
699 1330 975 1398 conspicue
1004 1329 1167 1385 veniet
1201 1346 1220 1384 :
1261 1329 1403 1384 Deus
1436 1339 1631 1395 noster,
1657 1340 1705 1385 et
1737 1347 1842 1386 non
1883 1333 2092 1387 silentio

527 1421 833 1490 prwteribit.
862 1419 1009 1492 Ignis
1038 1437 1217 1476 coram
1267 1422 1381 1490 ipso
1422 1423 1789 1487 succendelur,
1819 1432 1867 1477 et
1893 1424 1948 1478 in
1985 1423 2092 1477 οξτο

527 1510 674 1564 cuitu
713 1508 826 1579 ejus
864 1509 1093 1579 procella
1135 1512 1399 1567 vehemens
1445 1513 1513 1567 ”.
1558 1512 1792 1584 Ideoque
1840 1511 2092 1569 Salvator

527 1602 741 1660 dicebat
778 1620 793 1658 :
839 1602 1016 1673 Ignem
1055 1605 1169 1659 veni
1211 1604 1468 1674 projicere
1505 1607 1560 1659 in
1596 1616 1810 1663 terram.
1855 1605 1923 1660 Et
1961 1607 2089 1676 quid

520 1695 643 1749 uolo
668 1733 684 1760 ,
712 1694 759 1748 si
778 1694 898 1764 jam
971 1686 1220 1752 accensus
1244 1707 1320 1750 est
1360 1696 1405 1729 "
1430 1698 1452 1750 ‘!
1480 1696 1604 1752 Haec
1640 1696 1770 1755 fecit
1814 1697 2088 1753 inclinans

522 1793 584 1839 et
618 1785 971 1852 descendens,
1002 1800 1111 1840 non
1145 1802 1310 1841 unum
1344 1787 1503 1845 modo
1527 1788 1750 1854 cmlum,
1776 1789 1870 1845 sed
1896 1803 2086 1844 omnes

2201 611 2356 659 σεως.
2388 596 2461 650 Τὰ
2486 594 2743 666 θεμέλια,
2775 599 2867 651 καὶ
2893 601 2944 652 οἰ
2970 600 3153 670 βαθεῖς
3183 602 3546 674 διαλογισμοὶ,
3579 608 3772 661 αἰσθα-

2199 689 2397 759 νόμενα
2447 689 2546 759 τῆς
2596 690 2691 743 τοῦ
2740 692 2943 764 Κυρίου
3009 693 3323 764 δυνάμεως,
3387 696 3772 771 ἐταράχθησαν

2195 778 2490 850 ἀχθόμενα.
2523 776 2619 847 Δῖς
2676 783 2789 852 (51)
2836 784 3179 855 ὀργισθέντος
3234 788 3327 842 τοῦ
3385 789 3521 844 Θεοῦ
3547 831 3562 855 ,
3605 793 3768 866 ἀνέϐη

2197 871 2402 934 καπνὸς
2445 871 2696 943 καθάπερ
2749 874 2843 926 ἐπὶ
2875 876 3066 931 δαλοῦ·
3122 878 3495 951 σϐεννυμένων
3546 884 3641 936 καὶ
3675 885 3769 938 τοῦ

2197 959 2367 1030 πυρὸς
2398 962 2777 1033 παυσαμένων,
2808 958 2853 1033 ᾧ
2889 968 3013 1033 τοὺς
3053 968 3372 1040 ἀνθρώπους
3417 962 3780 1045 κατέφλετον]

2196 1050 2269 1103 Τὸ
2319 1051 2430 1125 πῦρ
2465 1052 2521 1107 es
2560 1055 2718 1109 τοῦτο
2774 1058 3069 1113 κατέσϐεσε
3129 1060 3208 1132 τῷ
3254 1063 3370 1134 ἰδίῳ
3412 1066 3570 1136 πυρί.
3618 1064 3769 1120 Καθδ

2193 1140 2311 1208 πῦρ
2344 1145 2785 1199 καταναλίσκον
2807 1146 3021 1217 εἴρηται
3056 1148 3187 1215 Θεὸς
3224 1151 3375 1223 παρά
3409 1152 3488 1224 τῷ
3533 1154 3765 1226 Maliaci).

2193 1227 2305 1282 Kal.
2344 1231 2402 1285 ὲν
2431 1232 2676 1305 Ψαλμοῖς
2713 1250 2728 1264 ·
2752 1235 2878 1303 Πῦρ
2902 1238 3181 1291 ἐναντίον
3227 1240 3413 1294 αὑτοῦ
3441 1245 3769 1310 προπορεύ-

2190 1333 2390 1385 σεται,
2417 1321 2515 1373 καί
2552 1322 2788 1392 φλοτιεῖ
2829 1325 3032 1389 κύκλῳ
3076 1326 3217 1391 τοὺς
3262 1328 3514 1398 ἐχθροὺς
3552 1330 3764 1387 αὐτοῦ.

2189 1409 2300 1463 Καὶ
2327 1411 2486 1465 πάλιν
2505 1429 2518 1443 ·
2565 1415 2629 1466 '0
2680 1413 2821 1481 Θεὸς
2850 1416 3126 1485 ἐμφανῶς
3152 1419 3304 1486 ἥξει,
3340 1424 3373 1475 ὁ
3399 1422 3545 1487 Θεὸς
3575 1421 3762 1491 ἡμῶν,

2188 1500 2284 1554 καί
2307 1504 2376 1556 οὐ
2400 1509 2941 1573 παρασιωπήσεται.
2976 1509 3103 1577 Πῦρ
3129 1509 3384 1565 ἐνώπιον
3411 1513 3598 1566 αὐτοῦ
3621 1530 3765 1567 καυ-

2186 1592 2457 1661 θήσεται,
2493 1598 2589 1650 καί
2619 1600 2821 1666 κύκλῳ
2852 1601 3037 1655 αὑτοῦ
3065 1603 3330 1673 ωταιγίς
3373 1604 3626 1672 σφοδρά.
3670 1604 3762 1658 Διὸ

2187 1688 2279 1739 καὶ
2309 1686 2544 1758 ἔφασκεν
2570 1690 2599 1741 ὁ
2628 1691 2819 1763 Σωτήρ
2844 1709 2857 1722 ·
2899 1692 3024 1761 Πῦρ
3060 1688 3251 1763 ἦλθον
3263 1695 3484 1758 ,ϐαλεῖν
3512 1696 3610 1748 ἐπὶ
3642 1694 3757 1762 τὴν

2183 1777 2320 1848 γῆν.
2348 1782 2459 1836 Kal
2491 1782 2547 1835 τι
2574 1782 2744 1847 θέλω,
2771 1786 2825 1837 εἰ
2863 1783 2979 1853 ἤδη
3012 1786 3293 1857 ἁνήφθη;
3322 1786 3505 1840 Ταῦτα
3537 1788 3760 1859 ἐποίησε

518 1882 874 1946 quotcunque
915 1886 1078 1944 sunt;
1108 1877 1399 1937 inclinandi
1434 1879 1601 1935 verbo
1631 1880 1948 1937 ostendente
1986 1881 2086 1935 bn-
2115 1874 2157 1933 Β

2115 1874 2157 1933 Β
2184 1869 2369 1935 κλίνας
2414 1873 2508 1926 καὶ
2549 1873 2792 1938 καταδιὶς
2838 1874 2936 1946 οὺχ
2986 1875 3082 1930 ἕνα
3111 1877 3270 1948 μόνον
3319 1877 3545 1948 οὐρανὸν
3567 1917 3582 1941 ,
3624 1878 3759 1933 ἀλλὰ

520 1966 878 2022 miliationem
904 1966 1239 2024 celsitudinis
1267 1967 1384 2038 ejus
1410 2010 1426 2035 ,
1458 1978 1513 2025 et
1552 1971 1973 2029 exinanitionem
1996 1971 2082 2028 di-

518 2058 783 2115 vinitatis.
810 2056 1171 2117 Providentia:
1200 2075 1328 2116 vero
1354 2061 1473 2134 eius
1492 2062 1759 2118 occultam
1788 2073 2083 2120 secretam-

518 2166 627 2221 que
673 2151 937 2208 rationem
988 2154 1229 2209 tenebris
1259 2162 1316 2211 et
1342 2155 1540 2211 nebula
1585 2156 1849 2213 declarat.
1878 2157 2081 2214 Deinde

516 2256 679 2311 super
716 2242 1001 2300 cherubim
1034 2254 1343 2314 assumptus
1375 2256 1459 2301 est
1489 2285 1506 2313 ,
1540 2248 1788 2316 quamvis
1816 2264 1938 2303 cum
1970 2248 2079 2304 illis

515 2351 622 2392 non
648 2335 1035 2393 descendisset.
1063 2337 1233 2405 Quem
1263 2350 1388 2393 cum
1434 2353 1663 2409 corpore
1692 2340 2075 2397 ascendentem

513 2430 711 2485 divina
754 2429 964 2485 intuitte
1021 2442 1204 2486 essent
1250 2440 1583 2500 potestates,
1637 2433 2076 2503 agglomerantes

511 2521 588 2577 illi
622 2522 896 2590 stipabant
937 2519 1055 2591 ejus
1081 2522 1345 2588 reditum,
1378 2523 1624 2581 dicentes
1657 2544 1672 2579 :
1709 2523 1898 2580 Tollite
1944 2541 2072 2596 por-

511 2624 594 2669 tas
619 2653 635 2679 ,
657 2629 689 2668 ο
720 2615 980 2683 principes
1001 2653 1017 2679 ,
1057 2625 1255 2669 vestras
1280 2632 1298 2669 :
1318 2627 1364 2670 et
1388 2617 1895 2687 extolliminimorta
1920 2630 2074 2675 teter-

509 2696 614 2770 nle,
639 2713 688 2759 et
718 2704 1045 2777 ingredietur
1070 2704 1182 2761 Rex
1209 2708 1393 2777 gloria
1412 2710 1478 2762 ".
1514 2708 1645 2776 Quae
1675 2712 1895 2781 quidem
1928 2722 2060 2769 tunc

508 2794 652 2849 facta
680 2803 824 2859 sunt,
843 2796 1157 2865 quando,’ut
1189 2798 1240 2852 in
1266 2798 1419 2854 Actis
1443 2802 1807 2870 apostolorum
1841 2802 2069 2859 relatum

506 2894 622 2953 est,
661 2886 951 2943 uidentibus
992 2888 1099 2944 illis
1127 2890 1357 2946 elevatus
1386 2903 1460 2946 est
1487 2932 1503 2958 ,
1547 2903 1594 2947 et
1630 2893 1790 2949 nubes
1839 2893 2068 2963 suscepit

505 2990 625 3031 eum
648 2975 712 3030 ab
744 2976 909 3032 oculis
934 2993 1118 3032 eorum
1154 2978 1221 3033 ".

510 3158 690 3217 v.12.
729 3155 799 3211 Et
841 3160 1013 3228 posuit
1053 3159 1287 3214 tenebras
1328 3160 1721 3219 absconsionem
1761 3175 1912 3214 suam
1949 3176 1968 3213 :
2007 3161 2063 3215 in

777 3230 1001 3284 circuitu
1034 3229 1175 3283 illius
1207 3229 1598 3284 tabernaculum
1630 3230 1762 3299 ejus.

578 3323 714 3380 Eum
741 3322 834 3393 qui
866 3322 920 3378 in
951 3320 1298 3387 tabernaculo
1325 3331 1447 3391 est,
1479 3323 1602 3393 quis
1626 3323 1805 3379 videat
1834 3322 1937 3378 nisi
1984 3323 2067 3377 in-

508 3424 600 3470 tus
624 3413 835 3470 fuerit?
874 3415 968 3472 Sic
993 3429 1170 3485 neque
1200 3415 1395 3482 Deum,
1430 3414 1535 3471 nisi
1577 3414 1702 3486 quis
1732 3415 2067 3486 ingrediatur

502 3508 645 3562 intra
677 3505 855 3562 velum
881 3506 1389 3576 incomprensionis.
1426 3504 1637 3577 Moyses
1673 3520 1906 3577 namque
1932 3506 2066 3561 cali-

503 3598 684 3668 ginem
712 3598 902 3662 subiit,
934 3598 1029 3653 ubi
1059 3607 1180 3657 erat
1222 3598 1384 3655 Deus.
1434 3597 1700 3665 Insistens
1729 3598 1873 3654 enim
1903 3598 2065 3653 mini-

500 3685 669 3742 sterio
711 3687 854 3741 circa
882 3686 1051 3745 Deum
1082 3687 1309 3758 ejusque
1354 3688 1727 3760 providentiae,
1771 3689 1913 3743 intra
1947 3688 2063 3745 haec

498 3777 770 3837 intellexit
795 3780 1062 3837 contineri
1098 3779 1286 3837 Deum.
1320 3780 1604 3836 Paululum
1643 3781 1911 3852 siquidem
1939 3797 2058 3838 eam

496 3868 815 3939 adaperiens
836 3910 852 3936 ,
890 3870 1041 3926 illum
1068 3871 1221 3941 cujus
1261 3880 1345 3928 est
1386 3872 1600 3941 imago,
1627 3886 1696 3926 ex
1720 3886 1784 3926 eo
1816 3872 1957 3942 quod
1991 3873 2058 3929 ad

491 3958 783 4030 imaginem
807 3972 946 4025 erat,
972 3962 1239 4018 intellexit
1275 3984 1287 4018 :
1326 3973 1489 4034 atque
1508 3977 1573 4027 ex
1601 3962 1820 4037 Opiﬁcio
1847 3972 1904 4018 et
1931 3977 2058 4032 pro-

491 4051 749 4117 videntia,
781 4051 1029 4121 opiﬁcem
1054 4062 1110 4109 et
1138 4053 1496 4122 provisorem.

1077 4143 1272 4201 PSAL.
1308 4142 1473 4201 XXII.

866 4237 933 4293 Ὺ.
964 4237 1017 4292 5.
1050 4235 1279 4305 Propter
1300 4254 1485 4297 nomen
1508 4253 1681 4293 suum.

486 4323 552 4380 ν.
590 4326 645 4380 4.
676 4325 818 4380 Nam
848 4327 946 4381 etsi
972 4327 1305 4382 ambulauero
1333 4330 1386 4379 in
1409 4328 1580 4393 medio
1621 4328 1819 4383 umbra
1843 4330 2049 4396 mortis,

695 4412 803 4449 non
841 4397 1028 4451 timebo
1059 4397 1221 4461 mala,
1266 4399 1389 4466 quia
1417 4410 1474 4451 tu
1519 4414 1719 4452 mecum
1760 4415 1836 4454 es.

2184 1963 2421 2030 πάντας,
2465 1965 2579 2018 ὅσοι
2612 1966 2741 2019 ποτέ
2780 1967 2919 2021 εἰσιν
2943 1985 2956 1999 ⁸
2986 1967 3080 2022 τοῦ
3116 1968 3293 2023 κλῖναι
3324 1970 3611 2042 δηλοῦντος
3656 1973 3757 2044 τὴν

2181 2054 2508 2111 ταπείνωσιν
2542 2056 2637 2110 τοῦ
2667 2055 2832 2126 ὕψους
2873 2059 3071 2123 αὑτοῦ,
3107 2062 3200 2115 καὶ
3241 2060 3337 2132 τὴν
3386 2061 3613 2116 κένωσιν
3653 2060 3756 2135 τῆς

2181 2145 2451 2218 θεότητος.
2478 2149 2588 2220 Τῆς
2614 2150 2671 2204 δὲ
2713 2152 3028 2222 οἰκονομίας
3074 2152 3240 2206 αὺτοῦ
3289 2153 3350 2207 τὸ
3389 2153 3610 2225 λεληθὸς
3661 2154 3756 2211 καὶ

2177 2240 2509 2313 ἀπόκρυφον,
2536 2242 2613 2313 τῷ
2641 2243 2825 2314 γνόφῳ
2857 2246 2949 2298 καὶ
2979 2247 3049 2315 τῇ
3082 2245 3279 2317 ὁμίχλῃ
3297 2245 3464 2316 δηλοῖ.
3499 2243 3629 2299 Εἶτα
3660 2246 3756 2302 ἰπὶ

2177 2333 2269 2385 τοῦ
2299 2334 2562 2407 χερουσιμ
2589 2336 2862 2408 ἀνελήφθη
2884 2377 2899 2402 ,
2939 2338 3117 2391 καίτοι
3155 2338 3229 2409 μὴ
3271 2339 3369 2391 σὺν
3401 2339 3549 2410 αὐτῷ
3582 2356 3752 2392 uara-

2176 2426 2296 2491 σάς.
2328 2429 2422 2481 ’ον
2457 2430 2593 2500 μετά
2638 2429 2888 2502 σώματος
2940 2433 3297 2488 ἀναϐαίνοντα
3335 2436 3393 2488 αἰ
3444 2434 3584 2489 θεῖαι
3619 2434 3753 2489 θεω-

2175 2520 2365 2591 ροῦσαι
2391 2506 2665 2593 δυνάμεις,
2692 2527 2968 2592 γεγονυῖαι
2995 2527 3124 2596 περὶ
3154 2525 3346 2591 αὑτὸν,
3388 2525 3750 2598 ἐδορυφόρουν

2172 2609 2337 2663 αὐτοῦ
2362 2611 2461 2682 τὴν
2500 2612 2712 2679 ἀνοδον,
2747 2615 3096 2682 ἑπιλέγουσαι
3119 2632 3132 2646 ·
3178 2617 3391 2684 ’Ἄρατε
3428 2618 3660 2683 πύλας,
3693 2619 3748 2670 οἰ

2170 2701 2480 2771 ἄρχοντες,
2539 2704 2724 2775 ὑμῶν,
2765 2707 2861 2761 καὶ
2909 2707 3241 2776 ἐπάρθητε,
3275 2710 3459 2762 πύλαι
3503 2708 3747 2771 αἰώνια,

2169 2795 2268 2848 καί
2310 2798 2721 2852 εἰσελεύσεται
2759 2802 2791 2852 ό
2844 2800 3146 2866 Βασιλεὺς
3178 2799 3287 2868 τῆς
3328 2800 3530 2867 δόξης.
3578 2802 3645 2853 ’Δ
3681 2800 3747 2872 δὴ

2154 2887 2425 2956 ,γέγονεν,
2477 2890 2673 2960 ἡνίκα,
2723 2890 2799 2954 ὡς
2844 2892 2902 2944 ἐν
2948 2894 3069 2955 ταῖς
3118 2892 3358 2964 Πράξεσι
3411 2896 3585 2946 κεῖται
3635 2892 3745 2945 τῶν

2166 2980 2495 3046 ἀποστόλων,
2521 2976 2878 3046 ,βλεπόντων
2907 2982 3105 3037 αὐτῶν
3122 2983 3371 3051 ἐπήρθη,
3395 2985 3493 3038 καί
3513 2986 3742 3056 νεφέλη

2165 3068 2468 3124 ὑπέλαϐεν
2495 3070 2681 3125 αὐτὸν
2706 3070 2824 3125 ἀπὸ
2854 3069 2971 3124 τῶν
3004 3071 3325 3141 ὀφθαλμῶν
3353 3073 3571 3128 αὐτῶν.

2164 3159 2313 3231 Στίχ.
2348 3160 2439 3215 ιε’.
2473 3161 2583 3215 Kal
2622 3161 2789 3215 ἔθετο
2836 3164 3060 3233 σκότος
3093 3163 3456 3233 ἀποκρυφήν
3515 3167 3737 3221 αὐτοῦ·

2478 3233 2682 3296 κύκλῳ
2699 3232 2885 3285 αὑτοῦ
2911 3233 2949 3300 ἡ
2977 3233 3175 3301 σκηνὴ
3202 3232 3409 3288 αὐτοῦ,
3750 3256 3753 3261 λ

2239 3320 2343 3373 Τὸν
2375 3319 2432 3372 ὲν
2466 3324 2635 3392 σκηνῇ
2678 3322 2759 3384 τίς
2800 3322 2901 3375 οὐκ
2945 3321 3058 3392 (52)
3104 3322 3294 3390 ὄψεται
3339 3323 3412 3395 μὴ
3451 3326 3742 3395 γενόμενος

2166 3411 2346 3477 ἐνδονς
2378 3411 2563 3476 οὕτως
2593 3413 2713 3466 οὐδὲ
2755 3413 2845 3466 τὸν
2892 3413 3024 3466 Θεὸν
3046 3455 3060 3479 ,
3096 3415 3144 3467 εἰ
3174 3415 3246 3485 μή
3273 3432 3355 3478 τις
3387 3415 3614 3469 εἰσέλθοι
3642 3416 3737 3471 τοῦ

2163 3503 2261 3574 τῆς
2278 3503 2712 3575 δυσκαταληψίας
2732 3504 2876 3557 ἔνδον
2898 3506 3411 3575 παραπετάσματος.
3444 3506 3551 3558 Kal.
3570 3508 3738 3560 Μωῦ-

2166 3593 2263 3664 σῆς
2289 3593 2397 3666 γὰρ
2427 3596 2506 3657 εἰς
2525 3595 2614 3648 τὸν
2635 3594 2831 3665 γνόφον
2853 3594 3097 3664 εἰσῆλθεν
3114 3634 3129 3659 ,
3167 3588 3228 3647 οὗ
3254 3590 3322 3666 ἦν
3341 3598 3371 3648 ό
3393 3595 3544 3660 Θεός.
3584 3598 3736 3650 Ἑπι-

2162 3686 2364 3755 στήσας
2386 3684 2495 3757 γὰρ
2518 3688 2582 3757 τῇ
2608 3686 2734 3757 περὶ
2763 3685 2898 3739 Θεοῦ
2923 3685 3253 3758 δημιουργίᾳ
3279 3704 3339 3739 τε
3367 3687 3457 3740 καὶ
3485 3688 3731 3760 προνοίᾳ,

2160 3776 2291 3830 εἴσω
2337 3778 2541 3831 τούτων
2595 3778 2736 3845 ἔγνω
2777 3778 3128 3851 περιέχεσθαι
3172 3778 3266 3831 τὸν
3306 3779 3459 3832 Θεόν.
3523 3779 3734 3847 Ὀλίγον

2159 3864 2267 3937 γὰρ
2292 3866 2462 3938 αὐτὴν
2482 3867 2769 3932 διανοίξας,
2804 3868 2895 3921 τὸν
2922 3863 2983 3921 οῦ
3013 3867 3159 3922 ἔστιν
3181 3867 3365 3933 εἰκιῖιν,
3393 3871 3458 3923 ἐκ
3483 3868 3577 3922 τοῦ
3610 3872 3730 3922 κατ’

2157 3957 2340 4011 εἰκόνα
2372 3959 2685 4030 μεμάθηκεν
2706 3975 2721 3989 ·
2752 3961 2817 4012 ὲκ
2845 3959 2902 4012 δὲ
2944 3958 3043 4028 τῆς
3080 3959 3441 4031 δημιουργίας
3473 3959 3566 4011 καὶ
3598 3976 3734 4028 προ-

2155 4048 2302 4113 νοίας
2328 4050 2417 4103 τὸν
2440 4050 2769 4122 δημιουργὸν
2801 4050 2897 4104 καὶ
2924 4052 3247 4121 προνοητήν.

2748 4143 2918 4196 ΨΑΔ.
2966 4142 3093 4195 KB’.

2364 4233 2453 4286 Στ.
2488 4240 2557 4301 γ’.
2601 4235 2842 4294 Ἕνεκεν
2857 4232 2963 4286 τοῦ
2983 4235 3274 4301 ὀνόματος
3302 4231 3511 4285 αὑτοῦ.

2152 4325 2290 4407 Στίχ,
2328 4326 2391 4380 δ’.
2425 4326 2565 4407 Ἐὰν
2596 4325 2837 4407 γὰρ’-καί,
2853 4323 3118 4393 πορευθῶ
3150 4323 3409 4407 ἐνμέσῳ
3428 4321 3600 4407 σκιᾶς
3623 4325 3727 4407 ϐας

2217 4392 2400 4520 idem)
2425 4434 2453 4483 ζ
2486 4399 2557 4450 οὐ
2604 4392 3024 4465 ’φοϐηθήσομαι
3081 4392 3268 4447 κακά’
3319 4394 3409 4447 ὅτι
3459 4392 3541 4445 σὺ
3598 4410 3707 4461 μετ

2245 4483 2366 4535 μου
2395 4483 2466 4520 ει.

552 4551 688 4608 llinc
738 4554 806 4609 ad
836 4552 1003 4609 Deum
1037 4556 1310 4611 convertit
1361 4559 1685 4611 orationem.
1735 4557 1836 4625 Qui
1879 4556 2045 4627 igitur
2075 4555 2122 4613 D

2075 4555 2122 4613 D
2218 4555 2331 4627 (55)
2360 4555 2633 4609 Ἐντεῦθεν
2658 4556 2792 4626 πρὸς
2818 4553 2949 4607 Θεὸν
2978 4554 3305 4626 ἀποστρέφει
3335 4554 3424 4611 τὸν
3455 4554 3627 4623 λόγον.
3665 4553 3724 4608 '0

484 4644 636 4699 sedet
675 4644 728 4699 in
761 4648 952 4700 umbra
982 4648 1199 4713 mortis,
1241 4648 1432 4704 ﬁrmus
1456 4649 1613 4704 estin
1650 4649 1766 4715 illa.
1803 4651 2041 4705 obdura-

483 4746 571 4790 tus
586 4737 636 4789 in
653 4734 887 4807 ﬂagitiis,
906 4736 1259 4810 indigensque
1276 4740 1476 4794 lumine
1491 4740 1633 4811 quod
1651 4755 1715 4796 ex
1734 4740 2044 4796 misericor-

481 4824 568 4878 dia
600 4826 795 4881 oritur.
830 4829 900 4879 At
929 4826 1022 4896 qui
1066 4826 1347 4891 ambulat,
1376 4830 1863 4900 praeter-greditur;
1900 4846 2040 4901 quo-

477 4930 603 4969 cum
647 4916 810 4971 etiam
863 4918 1063 4974 incedit
1109 4919 1387 4976 Dominus.
1428 4920 1505 4976 De
1544 4923 1794 4977 sessione
1837 4921 2038 4976 dictum

476 5018 561 5062 est
593 5028 605 5062 :
635 5007 942 5065 Sedentibus
967 5013 1020 5065 in
1044 5013 1253 5083 regione
1274 5023 1324 5068 et
1357 5015 1542 5068 umbra
1575 5015 1777 5083 mortis,
1807 5013 1902 5067 lus:
1922 5023 2040 5068 orta

472 5110 548 5152 est
582 5101 656 5155 eis
687 5102 755 5156 ⁸⁷.

473 5212 537 5267 ν.
566 5214 619 5267 4.
656 5212 818 5286 Virga
834 5227 1011 5285 tua,et
1040 5217 1256 5273 baculus
1278 5226 1422 5283 tuus,
1441 5219 1552 5272 hac
1569 5233 1650 5271 me
1674 5208 2033 5272 evocaverunt.

544 5342 785 5419 Utraque
811 5348 865 5403 in
901 5347 1148 5422 ﬂagellis,
1177 5350 1344 5420 ’juxta
1392 5349 1522 5405 illud
1556 5368 1571 5404 :
1608 5347 1665 5403 Si
1703 5349 2037 5404 deseruerint

465 5434 564 5502 ﬁlii
593 5440 670 5491 tui
704 5439 868 5511 legem
901 5458 1091 5506 meam,
1128 5452 1175 5497 et
1213 5443 1596 5512 judiciis.rneis
1624 5459 1727 5496 non
1767 5442 2034 5509 incedant,

2154 4646 2253 4716 μὲν
2268 4641 2359 4700 οὖν
2381 4644 2739 4716 καθεζόμενος
2762 4647 2820 4699 ὲν
2839 4647 2965 4716 σκιᾷ
2981 4645 3235 4710 θανάτου,
3256 4645 3464 4717 “putat
3484 4648 3540 4698 ὲν
3561 4646 3721 4716 αὐτῇ,

2151 4734 2466 4805 βεϐαιωθεὶς
2494 4738 2552 4789 ὲν
2580 4735 2769 4806 κακίᾳ,
2804 4735 2897 4789 καὶ
2914 4734 3165 4806 δεόμενος
3186 4733 3292 4788 τοῦ⁶
3312 4735 3372 4799 ἐξ
3392 4735 3571 4798 ἐλέους
3588 4735 3719 4787 ἀναο

2147 4825 2427 4889 τέλλοντος
2453 4824 2647 4894 φωτός·
2683 4827 2712 4878 ό
2742 4824 2799 4877 δὲ
2827 4823 3189 4895 πορευόμενος
3214 4824 3567 4895 παρατρέχει’
3603 4821 3720 4893 μεθ’

2147 4911 2209 4970 οῦ
2242 4918 2337 4970 καὶ
2364 4916 2631 4971 συνοδεύει
2658 4919 2687 4971 ό
2716 4915 2937 4988 Κύριος.
2968 4916 3103 4987 Περί
3130 4915 3187 4968 δὲ
3213 4914 3313 4985 τῆς
3347 4914 3613 4977 καθίσεως
3644 4914 3720 4967 εἰ·

2152 5026 2307 5080 ρηται
2330 5025 2342 5038 ·
2383 5008 2752 5078 Καθημένοις
2788 5009 2859 5061 ἐν
2905 5006 3063 5076 χώρᾳ
3103 5007 3202 5061 καί
3254 5004 3398 5073 σκιᾷ
3436 5005 3717 5070 θανάτου,

2148 5099 2274 5169 φῶς
2303 5100 2607 5155 ἀνέτειλεν
2629 5098 2851 5166 αὐτοῖς.

2150 5189 2297 5260 Στίχ.
2322 5189 2383 5243 δ’.
2412 5192 2473 5247 Ἠ
2493 5191 2717 5258 ῥάϐδος
2740 5206 2879 5254 σου,
2904 5189 3001 5243 καί
3019 5190 3057 5255 η
3072 5188 3369 5258 βακτηρία
3391 5183 3722 5255 comantes!

2211 5277 2288 5329 με
2314 5261 2755 5330 παρεκάλεσαν.

2229 5352 2534 5423 ’Δμφότερα
2561 5352 2652 5405 ἐπὶ
2676 5352 2972 5423 μαστίγων,
3006 5351 3148 5407 κατὰ
3180 5350 3240 5404 τό
3258 5369 3272 5381 ·
3315 5352 3458 5405 Ἐὰν
3476 5350 3717 5418 eruam»

2144 5445 2403 5498 λίπωσιν
2428 5447 2480 5498 οἰ
2499 5444 2618 5498 vlo!
2643 5461 2759 5498 σου
2786 5444 2891 5497 τὸν
2919 5444 3106 5513 νόμον
3120 5459 3260 5513 μου,
3293 5444 3391 5497 καί
3436 5443 3561 5509 τοῖς
3594 5444 3700 5511 κρι

545 5568 589 5646 ξι
625 5569 781 5646 Dent.
808 5587 884 5646 Iv,
912 5572 1002 5627 24.
1032 5643 1049 5646 Α
1083 5574 1128 5607 ³⁸
1159 5572 1300 5630 Psal.
1331 5592 1471 5640 xcvi,
1504 5576 1557 5630 5.
1639 5576 1683 5609 ⁸³
1712 5575 1855 5631 Psal.
1883 5591 2031 5643 xux,
2061 5576 2113 5631 5.
2173 5578 2219 5609 ’δ
2250 5576 2378 5635 Luc.
2413 5594 2522 5646 xu,
2548 5580 2616 5634 49
2717 5581 2763 5611 “
2791 5579 2933 5636 Psal.
2973 5594 3112 5634 xxni
3137 5620 3151 5644 ,
3178 5579 3234 5645 7,
3270 5579 3322 5632 9.
3363 5584 3383 5635 i
3470 5581 3517 5611 ¹⁶
3584 5579 3701 5635 Act.

460 5647 509 5700 ‘l,
535 5637 589 5691 9.
679 5639 722 5671 ⁸⁷
764 5642 890 5696 lsai.
918 5659 995 5710 Ix,
1023 5643 1077 5700 2.

677 5749 978 5913 (ἕὲίιιιιμίειι
1008 5828 1237 5911 obx_,_vel
1262 5830 1322 5885 οὑ
1347 5831 1780 5904 postponendum
1815 5843 1920 5890 est.

2218 5764 2329 5835 (εὖ)
2358 5764 2454 5822 llic
2485 5776 2538 5822 et
2566 5765 2708 5821 intra
2753 5763 2940 5822 confer
2993 5774 3125 5823 tom.
3156 5764 3270 5833 Xll,
3322 5766 3425 5823 col.
3469 5765 3605 5822 l2’59
3656 5772 3716 5819 ct

2137 5851 2251 5895 δρα.
