  <div class='ocr_page' id='page_1' title='image "/cluster/home/n/w/nwhite01/storage/ocr_20150623/17:no.7/coo.31924054872977/068.png"; bbox 0 0 4186 6388; ppageno 0'>
   <div class='ocr_carea' id='block_1_1' title="bbox 426 391 531 446">
    <p class='ocr_par' dir='ltr' id='par_1_1' title="bbox 426 391 531 446">
     <span class='ocr_line' id='line_1_1' title="bbox 426 391 531 446; baseline 0 -1"><span class='ocrx_word' id='word_1_1' title='bbox 426 391 531 446; x_wconf 76' lang='lat' dir='ltr'><strong><em>H3</em></strong></span> 
     </span>
    </p>
   </div>
   <div class='ocr_carea' id='block_1_2' title="bbox 1593 377 2435 438">
    <p class='ocr_par' dir='ltr' id='par_1_2' title="bbox 1593 377 2435 438">
     <span class='ocr_line' id='line_1_2' title="bbox 1593 377 2435 438; baseline -0.004 -1"><span class='ocrx_word' id='word_1_2' title='bbox 1593 381 1960 438; x_wconf 80' lang='lat' dir='ltr'><strong><em>EXCERPTA</em></strong></span> <span class='ocrx_word' id='word_1_3' title='bbox 2000 379 2066 434; x_wconf 82' lang='grc' dir='ltr'><strong><em>ΙΝ</em></strong></span> <span class='ocrx_word' id='word_1_4' title='bbox 2099 377 2435 434; x_wconf 78' lang='lat' dir='ltr'><strong><em>PSALMOS.</em></strong></span> 
     </span>
    </p>
   </div>
   <div class='ocr_carea' id='block_1_3' title="bbox 3568 371 3684 428">
    <p class='ocr_par' dir='ltr' id='par_1_3' title="bbox 3568 371 3684 428">
     <span class='ocr_line' id='line_1_3' title="bbox 3568 371 3684 428; baseline 0.017 -2"><span class='ocrx_word' id='word_1_5' title='bbox 3568 371 3684 428; x_wconf 60' lang='lat' dir='ltr'><strong><em>Hk-</em></strong></span> 
     </span>
    </p>
   </div>
   <div class='ocr_carea' id='block_1_4' title="bbox 405 486 1985 577">
    <p class='ocr_par' dir='ltr' id='par_1_4' title="bbox 405 498 1985 577">
     <span class='ocr_line' id='line_1_4' title="bbox 405 498 1985 577; baseline -0.003 -18"><span class='ocrx_word' id='word_1_6' title='bbox 405 505 558 577; x_wconf 86' lang='grc' dir='ltr'><em>μασί</em></span> <span class='ocrx_word' id='word_1_7' title='bbox 582 522 702 575; x_wconf 87' lang='grc' dir='ltr'><strong><em>μου</em></strong></span> <span class='ocrx_word' id='word_1_8' title='bbox 717 503 803 574; x_wconf 82' lang='grc' dir='ltr'><em>μὴ</em></span> <span class='ocrx_word' id='word_1_9' title='bbox 826 500 1200 572; x_wconf 81' lang='grc' dir='ltr'><em>πορευθῶσιν</em></span> <span class='ocrx_word' id='word_1_10' title='bbox 1216 515 1230 530; x_wconf 90' lang='grc'><strong>·</strong></span> <span class='ocrx_word' id='word_1_11' title='bbox 1255 500 1365 555; x_wconf 81' lang='grc' dir='ltr'><strong><em>ἐὰν</em></strong></span> <span class='ocrx_word' id='word_1_12' title='bbox 1386 500 1458 554; x_wconf 82' lang='grc' dir='ltr'><em>τὰ</em></span> <span class='ocrx_word' id='word_1_13' title='bbox 1497 498 1856 570; x_wconf 79' lang='grc' dir='ltr'><em>δικαιώματά</em></span> <span class='ocrx_word' id='word_1_14' title='bbox 1878 517 1985 569; x_wconf 78' lang='grc' dir='ltr'><strong><em>μοι</em></strong></span> 
     </span>
    </p>
   </div>
   <div class='ocr_carea' id='block_1_5' title="bbox 2088 486 3670 577">
    <p class='ocr_par' dir='ltr' id='par_1_5' title="bbox 2101 486 3670 565">
     <span class='ocr_line' id='line_1_5' title="bbox 2101 486 3670 565; baseline -0.007 -14"><span class='ocrx_word' id='word_1_15' title='bbox 2101 500 2145 551; x_wconf 87' lang='lat' dir='ltr'><strong><em>si</em></strong></span> <span class='ocrx_word' id='word_1_16' title='bbox 2171 499 2302 565; x_wconf 85' lang='lat' dir='ltr'><strong><em>jura</em></strong></span> <span class='ocrx_word' id='word_1_17' title='bbox 2339 512 2453 548; x_wconf 87' lang='lat' dir='ltr'><strong><em>mea</em></strong></span> <span class='ocrx_word' id='word_1_18' title='bbox 2483 510 2585 548; x_wconf 90' lang='lat' dir='ltr'><strong><em>non</em></strong></span> <span class='ocrx_word' id='word_1_19' title='bbox 2619 490 2962 547; x_wconf 81' lang='lat' dir='ltr'><strong><em>custodierint</em></strong></span> <span class='ocrx_word' id='word_1_20' title='bbox 2993 505 3012 544; x_wconf 89' lang='lat'><strong><em>:</em></strong></span> <span class='ocrx_word' id='word_1_21' title='bbox 3047 488 3274 544; x_wconf 83' lang='lat' dir='ltr'><strong><em>uisitabo</em></strong></span> <span class='ocrx_word' id='word_1_22' title='bbox 3301 486 3358 542; x_wconf 89' lang='lat' dir='ltr'><strong><em>in</em></strong></span> <span class='ocrx_word' id='word_1_23' title='bbox 3387 487 3532 558; x_wconf 75' lang='lat' dir='ltr'><strong><em>uirga</em></strong></span> <span class='ocrx_word' id='word_1_24' title='bbox 3565 487 3670 540; x_wconf 88' lang='lat' dir='ltr'><strong><em>ini-</em></strong></span> 
     </span>
    </p>
   </div>
   <div class='ocr_carea' id='block_1_6' title="bbox 405 592 1996 668">
    <p class='ocr_par' dir='ltr' id='par_1_6' title="bbox 405 592 1996 668">
     <span class='ocr_line' id='line_1_6' title="bbox 405 592 1996 668; baseline -0.01 -15"><span class='ocrx_word' id='word_1_25' title='bbox 405 598 491 668; x_wconf 78' lang='grc' dir='ltr'><em>μὴ</em></span> <span class='ocrx_word' id='word_1_26' title='bbox 522 597 908 667; x_wconf 64' lang='grc' dir='ltr'><em>φυλάξωσιν·</em></span> <span class='ocrx_word' id='word_1_27' title='bbox 942 595 1344 663; x_wconf 70' lang='grc' dir='ltr'><strong><em>ἐπισκέψομαι</em></strong></span> <span class='ocrx_word' id='word_1_28' title='bbox 1377 594 1447 646; x_wconf 82' lang='grc' dir='ltr'><em>ἐν</em></span> <span class='ocrx_word' id='word_1_29' title='bbox 1479 593 1678 661; x_wconf 78' lang='grc' dir='ltr'><em>ῥάϐδῳ</em></span> <span class='ocrx_word' id='word_1_30' title='bbox 1710 592 1816 659; x_wconf 88' lang='grc' dir='ltr'><strong><em>τὰς</em></strong></span> <span class='ocrx_word' id='word_1_31' title='bbox 1862 594 1996 648; x_wconf 80' lang='grc' dir='ltr'><em>ἀνο-</em></span> 
     </span>
    </p>
   </div>
   <div class='ocr_carea' id='block_1_7' title="bbox 405 683 1988 758">
    <p class='ocr_par' dir='ltr' id='par_1_7' title="bbox 405 683 1988 758">
     <span class='ocr_line' id='line_1_7' title="bbox 405 683 1988 758; baseline -0.004 -16"><span class='ocrx_word' id='word_1_32' title='bbox 405 690 548 758; x_wconf 87' lang='grc' dir='ltr'><em>μίας</em></span> <span class='ocrx_word' id='word_1_33' title='bbox 575 686 772 741; x_wconf 82' lang='grc' dir='ltr'><em>αὐτῶν</em></span> <span class='ocrx_word' id='word_1_34' title='bbox 791 727 806 750; x_wconf 88' lang='grc'><strong><em>,</em></strong></span> <span class='ocrx_word' id='word_1_35' title='bbox 834 685 932 740; x_wconf 78' lang='grc' dir='ltr'><em>καὶ</em></span> <span class='ocrx_word' id='word_1_36' title='bbox 962 685 1032 738; x_wconf 83' lang='grc' dir='ltr'><em>ἐν</em></span> <span class='ocrx_word' id='word_1_37' title='bbox 1053 684 1297 753; x_wconf 69' lang='grc' dir='ltr'><em>μάστιγι</em></span> <span class='ocrx_word' id='word_1_38' title='bbox 1326 684 1435 750; x_wconf 83' lang='grc' dir='ltr'><strong><em>τὰς</em></strong></span> <span class='ocrx_word' id='word_1_39' title='bbox 1457 684 1745 752; x_wconf 82' lang='grc' dir='ltr'><em>ἁμαρτίας</em></span> <span class='ocrx_word' id='word_1_40' title='bbox 1771 683 1988 738; x_wconf 83' lang='grc' dir='ltr'><em>αὐτῶν.</em></span> 
     </span>
    </p>
   </div>
   <div class='ocr_carea' id='block_1_8' title="bbox 415 777 1988 846">
    <p class='ocr_par' dir='ltr' id='par_1_8' title="bbox 415 777 1988 846">
     <span class='ocr_line' id='line_1_8' title="bbox 415 777 1988 846; baseline -0.002 -13"><span class='ocrx_word' id='word_1_41' title='bbox 415 779 486 835; x_wconf 81' lang='grc' dir='ltr'><em>Τὸ</em></span> <span class='ocrx_word' id='word_1_42' title='bbox 524 779 592 832; x_wconf 87' lang='grc' dir='ltr'><em>δὲ</em></span> <span class='ocrx_word' id='word_1_43' title='bbox 619 779 790 846; x_wconf 77' lang='grc' dir='ltr'><em>ἔλεός</em></span> <span class='ocrx_word' id='word_1_44' title='bbox 831 795 952 844; x_wconf 82' lang='grc' dir='ltr'><strong><em>μου</em></strong></span> <span class='ocrx_word' id='word_1_45' title='bbox 999 779 1070 832; x_wconf 85' lang='grc' dir='ltr'><em>οὐ</em></span> <span class='ocrx_word' id='word_1_46' title='bbox 1094 777 1180 846; x_wconf 81' lang='grc' dir='ltr'><em>μὴ</em></span> <span class='ocrx_word' id='word_1_47' title='bbox 1213 777 1590 831; x_wconf 77' lang='grc' dir='ltr'><em>διασκεδάσω</em></span> <span class='ocrx_word' id='word_1_48' title='bbox 1627 778 1728 831; x_wconf 81' lang='grc' dir='ltr'><strong><em>ἀπ’</em></strong></span> <span class='ocrx_word' id='word_1_49' title='bbox 1772 777 1988 831; x_wconf 85' lang='grc' dir='ltr'><em>αὐτῶν.</em></span> 
     </span>
    </p>
   </div>
   <div class='ocr_carea' id='block_1_9' title="bbox 411 868 1994 942">
    <p class='ocr_par' dir='ltr' id='par_1_9' title="bbox 411 868 1994 942">
     <span class='ocr_line' id='line_1_9' title="bbox 411 868 1994 942; baseline -0.001 -18"><span class='ocrx_word' id='word_1_50' title='bbox 411 871 485 924; x_wconf 82' lang='grc' dir='ltr'><strong><em>Οὐ</em></strong></span> <span class='ocrx_word' id='word_1_51' title='bbox 507 871 882 924; x_wconf 74' lang='grc' dir='ltr'><em>διεσκέδατται</em></span> <span class='ocrx_word' id='word_1_52' title='bbox 915 868 1024 942; x_wconf 86' lang='grc' dir='ltr'><em>γὰρ</em></span> <span class='ocrx_word' id='word_1_53' title='bbox 1047 869 1106 921; x_wconf 89' lang='grc' dir='ltr'><strong><em>τὸ</em></strong></span> <span class='ocrx_word' id='word_1_54' title='bbox 1134 869 1273 922; x_wconf 86' lang='grc' dir='ltr'><em>θεῖον</em></span> <span class='ocrx_word' id='word_1_55' title='bbox 1294 868 1441 933; x_wconf 77' lang='grc' dir='ltr'><em>ἕλεος</em></span> <span class='ocrx_word' id='word_1_56' title='bbox 1468 869 1578 922; x_wconf 84' lang='grc' dir='ltr'><em>ἀπὸ</em></span> <span class='ocrx_word' id='word_1_57' title='bbox 1603 869 1696 922; x_wconf 81' lang='grc' dir='ltr'><em>τοῦ</em></span> <span class='ocrx_word' id='word_1_58' title='bbox 1725 869 1794 922; x_wconf 83' lang='grc' dir='ltr'><em>δι’</em></span> <span class='ocrx_word' id='word_1_59' title='bbox 1815 870 1994 940; x_wconf 88' lang='grc' dir='ltr'><em>ἁμαρ-</em></span> 
     </span>
    </p>
   </div>
   <div class='ocr_carea' id='block_1_10' title="bbox 410 959 1992 1033">
    <p class='ocr_par' dir='ltr' id='par_1_10' title="bbox 410 959 1992 1033">
     <span class='ocr_line' id='line_1_10' title="bbox 410 959 1992 1033; baseline -0.001 -17"><span class='ocrx_word' id='word_1_60' title='bbox 410 963 530 1026; x_wconf 83' lang='grc' dir='ltr'><em>τίας</em></span> <span class='ocrx_word' id='word_1_61' title='bbox 575 961 994 1033; x_wconf 75' lang='grc' dir='ltr'><em>μαστιζομένου.</em></span> <span class='ocrx_word' id='word_1_62' title='bbox 1053 963 1125 1015; x_wconf 82' lang='grc' dir='ltr'><strong><em>Οὐ</em></strong></span> <span class='ocrx_word' id='word_1_63' title='bbox 1161 961 1272 1031; x_wconf 65' lang='grc'><strong><em>(54)</em></strong></span> <span class='ocrx_word' id='word_1_64' title='bbox 1321 961 1427 1032; x_wconf 80' lang='grc' dir='ltr'><em>γὰρ</em></span> <span class='ocrx_word' id='word_1_65' title='bbox 1488 962 1868 1033; x_wconf 81' lang='grc' dir='ltr'><em>ἁμαρτάνοντα</em></span> <span class='ocrx_word' id='word_1_66' title='bbox 1918 959 1992 1032; x_wconf 85' lang='grc' dir='ltr'><em>μὴ</em></span> 
     </span>
    </p>
   </div>
   <div class='ocr_carea' id='block_1_11' title="bbox 413 1053 1992 1126">
    <p class='ocr_par' dir='ltr' id='par_1_11' title="bbox 413 1053 1992 1126">
     <span class='ocr_line' id='line_1_11' title="bbox 413 1053 1992 1126; baseline -0.001 -18"><span class='ocrx_word' id='word_1_67' title='bbox 413 1054 728 1125; x_wconf 80' lang='grc' dir='ltr'><em>μαστίξειε,</em></span> <span class='ocrx_word' id='word_1_68' title='bbox 785 1054 843 1108; x_wconf 85' lang='grc' dir='ltr'><em>οὐ</em></span> <span class='ocrx_word' id='word_1_69' title='bbox 901 1053 1296 1126; x_wconf 77' lang='grc' dir='ltr'><strong><em>παραδέχεται·</em></strong></span> <span class='ocrx_word' id='word_1_70' title='bbox 1355 1054 1661 1124; x_wconf 79' lang='grc' dir='ltr'><em>μαστιγῶν</em></span> <span class='ocrx_word' id='word_1_71' title='bbox 1731 1053 1864 1108; x_wconf 83' lang='grc' dir='ltr'><em>υἱὸν</em></span> <span class='ocrx_word' id='word_1_72' title='bbox 1921 1053 1992 1106; x_wconf 83' lang='grc' dir='ltr'><em>ὃν</em></span> 
     </span>
    </p>
   </div>
   <div class='ocr_carea' id='block_1_12' title="bbox 410 1139 1986 1217">
    <p class='ocr_par' dir='ltr' id='par_1_12' title="bbox 410 1139 1986 1217">
     <span class='ocr_line' id='line_1_12' title="bbox 410 1139 1986 1217; baseline -0.001 -19"><span class='ocrx_word' id='word_1_73' title='bbox 410 1145 820 1214; x_wconf 82' lang='grc' dir='ltr'><em>παραδέχεται.</em></span> <span class='ocrx_word' id='word_1_74' title='bbox 847 1146 982 1217; x_wconf 73' lang='grc' dir='ltr'><em>Περὶ</em></span> <span class='ocrx_word' id='word_1_75' title='bbox 1008 1139 1082 1198; x_wconf 83' lang='grc' dir='ltr'><strong><em>ὧν</em></strong></span> <span class='ocrx_word' id='word_1_76' title='bbox 1111 1145 1166 1198; x_wconf 84' lang='grc' dir='ltr'><em>δὲ</em></span> <span class='ocrx_word' id='word_1_77' title='bbox 1203 1146 1277 1216; x_wconf 84' lang='grc' dir='ltr'><em>μὴ</em></span> <span class='ocrx_word' id='word_1_78' title='bbox 1315 1145 1564 1216; x_wconf 80' lang='grc' dir='ltr'><em>μαστίζει</em></span> <span class='ocrx_word' id='word_1_79' title='bbox 1583 1183 1600 1209; x_wconf 91' lang='grc'><strong><em>,</em></strong></span> <span class='ocrx_word' id='word_1_80' title='bbox 1636 1143 1853 1212; x_wconf 81' lang='grc' dir='ltr'><em>λέγεται</em></span> <span class='ocrx_word' id='word_1_81' title='bbox 1893 1143 1953 1196; x_wconf 86' lang='grc' dir='ltr'><strong><em>τό</em></strong></span> <span class='ocrx_word' id='word_1_82' title='bbox 1975 1161 1986 1173; x_wconf 89' lang='grc'>·</span> 
     </span>
    </p>
   </div>
   <div class='ocr_carea' id='block_1_13' title="bbox 423 1235 1990 1308">
    <p class='ocr_par' dir='ltr' id='par_1_13' title="bbox 423 1235 1990 1308">
     <span class='ocr_line' id='line_1_13' title="bbox 423 1235 1990 1308; baseline -0.001 -18"><span class='ocrx_word' id='word_1_83' title='bbox 423 1239 593 1308; x_wconf 82' lang='grc' dir='ltr'><em>Ὲμοῦ</em></span> <span class='ocrx_word' id='word_1_84' title='bbox 613 1237 680 1292; x_wconf 83' lang='grc' dir='ltr'><em>δὲ</em></span> <span class='ocrx_word' id='word_1_85' title='bbox 701 1237 858 1306; x_wconf 79' lang='grc' dir='ltr'><em>παρὰ</em></span> <span class='ocrx_word' id='word_1_86' title='bbox 869 1239 1087 1307; x_wconf 80' lang='grc' dir='ltr'><em>μικρὸν</em></span> <span class='ocrx_word' id='word_1_87' title='bbox 1105 1237 1528 1305; x_wconf 75' lang='grc' dir='ltr'><em>ἐσαλεύθησαν</em></span> <span class='ocrx_word' id='word_1_88' title='bbox 1544 1240 1596 1292; x_wconf 82' lang='grc' dir='ltr'><em>οἱ</em></span> <span class='ocrx_word' id='word_1_89' title='bbox 1619 1237 1798 1302; x_wconf 82' lang='grc' dir='ltr'><strong><em>πόδες</em></strong></span> <span class='ocrx_word' id='word_1_90' title='bbox 1817 1253 1828 1266; x_wconf 92' lang='grc'><strong>·</strong></span> <span class='ocrx_word' id='word_1_91' title='bbox 1854 1235 1990 1304; x_wconf 83' lang='grc' dir='ltr'><em>παρ’</em></span> 
     </span>
    </p>
   </div>
   <div class='ocr_carea' id='block_1_14' title="bbox 410 1327 1990 1400">
    <p class='ocr_par' dir='ltr' id='par_1_14' title="bbox 410 1327 1990 1400">
     <span class='ocr_line' id='line_1_14' title="bbox 410 1327 1990 1400; baseline -0.001 -19"><span class='ocrx_word' id='word_1_92' title='bbox 410 1331 617 1400; x_wconf 72' lang='grc' dir='ltr'><em>ὀλίγον</em></span> <span class='ocrx_word' id='word_1_93' title='bbox 646 1329 900 1399; x_wconf 82' lang='grc' dir='ltr'><strong><em>ἐξεχύθη</em></strong></span> <span class='ocrx_word' id='word_1_94' title='bbox 930 1329 1002 1384; x_wconf 83' lang='grc' dir='ltr'><em>τὰ</em></span> <span class='ocrx_word' id='word_1_95' title='bbox 1025 1327 1355 1398; x_wconf 66' lang='grc' dir='ltr'><em>διαδήματά</em></span> <span class='ocrx_word' id='word_1_96' title='bbox 1369 1347 1508 1398; x_wconf 89' lang='grc' dir='ltr'><em>μου.</em></span> <span class='ocrx_word' id='word_1_97' title='bbox 1534 1329 1660 1382; x_wconf 72' lang='grc' dir='ltr'><em>Ὀτι</em></span> <span class='ocrx_word' id='word_1_98' title='bbox 1691 1331 1802 1382; x_wconf 83' lang='grc' dir='ltr'><strong><em>οὐκ</em></strong></span> <span class='ocrx_word' id='word_1_99' title='bbox 1821 1327 1990 1382; x_wconf 79' lang='grc' dir='ltr'><em>ἐστιν</em></span> 
     </span>
    </p>
   </div>
   <div class='ocr_carea' id='block_1_15' title="bbox 409 1416 1990 1486">
    <p class='ocr_par' dir='ltr' id='par_1_15' title="bbox 409 1416 1990 1486">
     <span class='ocr_line' id='line_1_15' title="bbox 409 1416 1990 1486; baseline -0.004 -12"><span class='ocrx_word' id='word_1_100' title='bbox 409 1419 736 1486; x_wconf 83' lang='grc' dir='ltr'><em>ἀνάνευσις</em></span> <span class='ocrx_word' id='word_1_101' title='bbox 770 1421 840 1473; x_wconf 82' lang='grc' dir='ltr'><em>ἐν</em></span> <span class='ocrx_word' id='word_1_102' title='bbox 881 1420 962 1485; x_wconf 87' lang='grc' dir='ltr'><em>τῷ</em></span> <span class='ocrx_word' id='word_1_103' title='bbox 999 1417 1230 1481; x_wconf 85' lang='grc' dir='ltr'><em>θανάτῳ</em></span> <span class='ocrx_word' id='word_1_104' title='bbox 1273 1416 1488 1484; x_wconf 81' lang='grc' dir='ltr'><em>αὐτῶν,</em></span> <span class='ocrx_word' id='word_1_105' title='bbox 1546 1419 1642 1472; x_wconf 81' lang='grc' dir='ltr'><strong><em>καὶ</em></strong></span> <span class='ocrx_word' id='word_1_106' title='bbox 1691 1417 1990 1486; x_wconf 80' lang='grc' dir='ltr'><strong><em>στερέωμα</em></strong></span> 
     </span>
    </p>
   </div>
   <div class='ocr_carea' id='block_1_16' title="bbox 407 1509 1990 1583">
    <p class='ocr_par' dir='ltr' id='par_1_16' title="bbox 407 1509 1990 1583">
     <span class='ocr_line' id='line_1_16' title="bbox 407 1509 1990 1583; baseline -0.003 -17"><span class='ocrx_word' id='word_1_107' title='bbox 407 1511 479 1566; x_wconf 67' lang='grc' dir='ltr'><em>ἓν</em></span> <span class='ocrx_word' id='word_1_108' title='bbox 512 1511 587 1580; x_wconf 80' lang='grc' dir='ltr'><strong><em>τῇ</em></strong></span> <span class='ocrx_word' id='word_1_109' title='bbox 607 1513 855 1583; x_wconf 76' lang='grc' dir='ltr'><em>μάστιγι</em></span> <span class='ocrx_word' id='word_1_110' title='bbox 890 1511 1108 1566; x_wconf 84' lang='grc' dir='ltr'><em>αὐτῶν.</em></span> <span class='ocrx_word' id='word_1_111' title='bbox 1167 1511 1271 1565; x_wconf 86' lang='grc' dir='ltr'><strong><em>Διά</em></strong></span> <span class='ocrx_word' id='word_1_112' title='bbox 1308 1511 1483 1564; x_wconf 85' lang='grc' dir='ltr'><em>τοῦτο</em></span> <span class='ocrx_word' id='word_1_113' title='bbox 1521 1509 1854 1580; x_wconf 80' lang='grc' dir='ltr'><em>ἐκράτησεν</em></span> <span class='ocrx_word' id='word_1_114' title='bbox 1891 1511 1990 1562; x_wconf 85' lang='grc' dir='ltr'><strong><em>αὺ-</em></strong></span> 
     </span>
    </p>
   </div>
   <div class='ocr_carea' id='block_1_17' title="bbox 408 1601 1986 1674">
    <p class='ocr_par' dir='ltr' id='par_1_17' title="bbox 408 1601 1986 1674">
     <span class='ocr_line' id='line_1_17' title="bbox 408 1601 1986 1674; baseline -0.001 -17"><span class='ocrx_word' id='word_1_115' title='bbox 408 1604 550 1669; x_wconf 87' lang='grc' dir='ltr'><em>τοὺς</em></span> <span class='ocrx_word' id='word_1_116' title='bbox 601 1605 640 1673; x_wconf 73' lang='grc' dir='ltr'><strong><em>’ἡ</em></strong></span> <span class='ocrx_word' id='word_1_117' title='bbox 673 1605 1078 1674; x_wconf 66' lang='grc' dir='ltr'><em>ὑπερηφανία·</em></span> <span class='ocrx_word' id='word_1_118' title='bbox 1133 1604 1552 1672; x_wconf 73' lang='grc' dir='ltr'><em>περιεϐάλοντο</em></span> <span class='ocrx_word' id='word_1_119' title='bbox 1609 1602 1846 1657; x_wconf 79' lang='grc' dir='ltr'><em>ἀδικίαν</em></span> <span class='ocrx_word' id='word_1_120' title='bbox 1887 1601 1986 1655; x_wconf 76' lang='grc' dir='ltr'><strong><em>καὶ</em></strong></span> 
     </span>
    </p>
   </div>
   <div class='ocr_carea' id='block_1_18' title="bbox 409 1691 1988 1769">
    <p class='ocr_par' dir='ltr' id='par_1_18' title="bbox 409 1691 1988 1769">
     <span class='ocr_line' id='line_1_18' title="bbox 409 1691 1988 1769; baseline -0.003 -19"><span class='ocrx_word' id='word_1_121' title='bbox 409 1695 690 1750; x_wconf 82' lang='grc' dir='ltr'><em>ἀσέϐειαν</em></span> <span class='ocrx_word' id='word_1_122' title='bbox 721 1695 969 1750; x_wconf 83' lang='grc' dir='ltr'><em>ἑαυτῶν.</em></span> <span class='ocrx_word' id='word_1_123' title='bbox 1024 1695 1148 1748; x_wconf 84' lang='grc' dir='ltr'><strong><em>Ἐὰν</em></strong></span> <span class='ocrx_word' id='word_1_124' title='bbox 1203 1696 1299 1765; x_wconf 80' lang='grc' dir='ltr'><em>μὲν</em></span> <span class='ocrx_word' id='word_1_125' title='bbox 1349 1691 1442 1749; x_wconf 82' lang='grc' dir='ltr'><em>οὖν</em></span> <span class='ocrx_word' id='word_1_126' title='bbox 1576 1713 1660 1758; x_wconf 90' lang='grc' dir='ltr'><strong><em>τις</em></strong></span> <span class='ocrx_word' id='word_1_127' title='bbox 1719 1693 1988 1763; x_wconf 77' lang='grc' dir='ltr'><em>πρόὸατον</em></span> 
     </span>
    </p>
   </div>
   <div class='ocr_carea' id='block_1_19' title="bbox 409 1784 1981 1860">
    <p class='ocr_par' dir='ltr' id='par_1_19' title="bbox 409 1784 1981 1860">
     <span class='ocr_line' id='line_1_19' title="bbox 409 1784 1981 1860; baseline -0.001 -20"><span class='ocrx_word' id='word_1_128' title='bbox 409 1789 761 1860; x_wconf 81' lang='grc' dir='ltr'><strong><em>ἁμαρτωλὸν,</em></strong></span> <span class='ocrx_word' id='word_1_129' title='bbox 821 1787 1000 1859; x_wconf 76' lang='grc' dir='ltr'><strong><em>ῥάϐδῳ</em></strong></span> <span class='ocrx_word' id='word_1_130' title='bbox 1053 1787 1382 1860; x_wconf 78' lang='grc' dir='ltr'><em>πλήσσεται’</em></span> <span class='ocrx_word' id='word_1_131' title='bbox 1435 1787 1530 1840; x_wconf 76' lang='grc' dir='ltr'><strong><em>ἐὰν</em></strong></span> <span class='ocrx_word' id='word_1_132' title='bbox 1577 1785 1634 1839; x_wconf 83' lang='grc' dir='ltr'><em>δὲ</em></span> <span class='ocrx_word' id='word_1_133' title='bbox 1680 1784 1981 1856; x_wconf 79' lang='grc' dir='ltr'><em>ἄνθρωπος,</em></span> 
     </span>
    </p>
   </div>
   <div class='ocr_carea' id='block_1_20' title="bbox 2099 577 3671 656">
    <p class='ocr_par' dir='ltr' id='par_1_20' title="bbox 2099 577 3671 656">
     <span class='ocr_line' id='line_1_20' title="bbox 2099 577 3671 656; baseline -0.005 -18"><span class='ocrx_word' id='word_1_134' title='bbox 2099 587 2322 656; x_wconf 85' lang='lat' dir='ltr'><strong><em>quitates</em></strong></span> <span class='ocrx_word' id='word_1_135' title='bbox 2357 601 2556 650; x_wconf 88' lang='lat' dir='ltr'><strong><em>eorum,</em></strong></span> <span class='ocrx_word' id='word_1_136' title='bbox 2591 593 2640 638; x_wconf 89' lang='lat' dir='ltr'><strong><em>et</em></strong></span> <span class='ocrx_word' id='word_1_137' title='bbox 2665 585 2720 638; x_wconf 88' lang='lat' dir='ltr'><strong><em>in</em></strong></span> <span class='ocrx_word' id='word_1_138' title='bbox 2751 581 2976 652; x_wconf 80' lang='lat' dir='ltr'><strong><em>ﬂagellis</em></strong></span> <span class='ocrx_word' id='word_1_139' title='bbox 3019 591 3231 650; x_wconf 87' lang='lat' dir='ltr'><strong><em>peccata</em></strong></span> <span class='ocrx_word' id='word_1_140' title='bbox 3265 595 3468 634; x_wconf 88' lang='lat' dir='ltr'><strong><em>eorum.</em></strong></span> <span class='ocrx_word' id='word_1_141' title='bbox 3511 577 3671 631; x_wconf 83' lang='lat' dir='ltr'><strong><em>Mise-</em></strong></span> 
     </span>
    </p>
   </div>
   <div class='ocr_carea' id='block_1_21' title="bbox 2101 670 3667 743">
    <p class='ocr_par' dir='ltr' id='par_1_21' title="bbox 2101 670 3667 743">
     <span class='ocr_line' id='line_1_21' title="bbox 2101 670 3667 743; baseline -0.005 -13"><span class='ocrx_word' id='word_1_142' title='bbox 2101 677 2386 730; x_wconf 77' lang='lat' dir='ltr'><strong><em>ricordiam</em></strong></span> <span class='ocrx_word' id='word_1_143' title='bbox 2443 685 2618 730; x_wconf 87' lang='lat' dir='ltr'><strong><em>autem</em></strong></span> <span class='ocrx_word' id='word_1_144' title='bbox 2671 689 2838 728; x_wconf 89' lang='lat' dir='ltr'><strong><em>meam</em></strong></span> <span class='ocrx_word' id='word_1_145' title='bbox 2898 689 3228 743; x_wconf 84' lang='lat' dir='ltr'><strong><em>nequaquam</em></strong></span> <span class='ocrx_word' id='word_1_146' title='bbox 3278 670 3546 734; x_wconf 75' lang='lat' dir='ltr'><strong><em>dissipabo</em></strong></span> <span class='ocrx_word' id='word_1_147' title='bbox 3601 671 3667 723; x_wconf 87' lang='lat' dir='ltr'><strong><em>ab</em></strong></span> 
     </span>
    </p>
   </div>
   <div class='ocr_carea' id='block_1_22' title="bbox 2100 761 3668 837">
    <p class='ocr_par' dir='ltr' id='par_1_22' title="bbox 2100 761 3668 837">
     <span class='ocr_line' id='line_1_22' title="bbox 2100 761 3668 837; baseline -0.003 -16"><span class='ocrx_word' id='word_1_148' title='bbox 2100 769 2172 822; x_wconf 87' lang='lat' dir='ltr'><strong><em>eis</em></strong></span> <span class='ocrx_word' id='word_1_149' title='bbox 2211 769 2275 819; x_wconf 74' lang='grc'><strong><em>³⁸.</em></strong></span> <span class='ocrx_word' id='word_1_150' title='bbox 2313 767 2426 822; x_wconf 86' lang='grc' dir='ltr'><strong><em>Νοη</em></strong></span> <span class='ocrx_word' id='word_1_151' title='bbox 2457 778 2542 822; x_wconf 88' lang='lat' dir='ltr'><strong><em>est</em></strong></span> <span class='ocrx_word' id='word_1_152' title='bbox 2570 769 2718 822; x_wconf 89' lang='lat' dir='ltr'><strong><em>enim</em></strong></span> <span class='ocrx_word' id='word_1_153' title='bbox 2765 767 3022 837; x_wconf 87' lang='lat' dir='ltr'><strong><em>dissipata</em></strong></span> <span class='ocrx_word' id='word_1_154' title='bbox 3058 765 3238 820; x_wconf 88' lang='lat' dir='ltr'><strong><em>divina</em></strong></span> <span class='ocrx_word' id='word_1_155' title='bbox 3288 761 3668 819; x_wconf 78' lang='lat' dir='ltr'><strong><em>misericordia</em></strong></span> 
     </span>
    </p>
   </div>
   <div class='ocr_carea' id='block_1_23' title="bbox 2099 855 3666 934">
    <p class='ocr_par' dir='ltr' id='par_1_23' title="bbox 2099 855 3666 934">
     <span class='ocr_line' id='line_1_23' title="bbox 2099 855 3666 934; baseline -0.003 -21"><span class='ocrx_word' id='word_1_156' title='bbox 2099 861 2166 914; x_wconf 89' lang='lat' dir='ltr'><strong><em>ab</em></strong></span> <span class='ocrx_word' id='word_1_157' title='bbox 2202 875 2267 916; x_wconf 88' lang='lat' dir='ltr'><strong><em>eo</em></strong></span> <span class='ocrx_word' id='word_1_158' title='bbox 2313 861 2403 931; x_wconf 87' lang='lat' dir='ltr'><strong><em>qui</em></strong></span> <span class='ocrx_word' id='word_1_159' title='bbox 2453 873 2676 934; x_wconf 78' lang='lat' dir='ltr'><strong><em>propter</em></strong></span> <span class='ocrx_word' id='word_1_160' title='bbox 2721 871 2942 932; x_wconf 85' lang='lat' dir='ltr'><strong><em>peccata</em></strong></span> <span class='ocrx_word' id='word_1_161' title='bbox 2989 857 3313 926; x_wconf 80' lang='lat' dir='ltr'><strong><em>ﬂagellatur.</em></strong></span> <span class='ocrx_word' id='word_1_162' title='bbox 3345 855 3666 928; x_wconf 85' lang='lat' dir='ltr'><strong><em>Peccantem</em></strong></span> 
     </span>
    </p>
   </div>
   <div class='ocr_carea' id='block_1_24' title="bbox 2100 948 3667 1021">
    <p class='ocr_par' dir='ltr' id='par_1_24' title="bbox 2100 948 3667 1021">
     <span class='ocr_line' id='line_1_24' title="bbox 2100 948 3667 1021; baseline -0.002 -17"><span class='ocrx_word' id='word_1_163' title='bbox 2100 951 2241 1006; x_wconf 90' lang='lat' dir='ltr'><strong><em>enim</em></strong></span> <span class='ocrx_word' id='word_1_164' title='bbox 2305 967 2410 1005; x_wconf 90' lang='lat' dir='ltr'><strong><em>non</em></strong></span> <span class='ocrx_word' id='word_1_165' title='bbox 2475 953 2742 1021; x_wconf 77' lang='lat' dir='ltr'><strong><em>suscipit,</em></strong></span> <span class='ocrx_word' id='word_1_166' title='bbox 2803 953 2904 1007; x_wconf 89' lang='lat' dir='ltr'><strong>nisi</strong></span> <span class='ocrx_word' id='word_1_167' title='bbox 2960 949 3308 1020; x_wconf 83' lang='lat' dir='ltr'><strong><em>ﬂagellaverit</em></strong></span> <span class='ocrx_word' id='word_1_168' title='bbox 3342 965 3357 1004; x_wconf 92' lang='lat'>:</span> <span class='ocrx_word' id='word_1_169' title='bbox 3395 948 3667 1018; x_wconf 80' lang='lat' dir='ltr'><strong><em>ﬂagellans</em></strong></span> 
     </span>
    </p>
   </div>
   <div class='ocr_carea' id='block_1_25' title="bbox 2097 1040 3664 1115">
    <p class='ocr_par' dir='ltr' id='par_1_25' title="bbox 2097 1040 3664 1115">
     <span class='ocr_line' id='line_1_25' title="bbox 2097 1040 3664 1115; baseline -0.001 -21"><span class='ocrx_word' id='word_1_170' title='bbox 2097 1043 2264 1112; x_wconf 80' lang='lat' dir='ltr'><strong><em>ﬁlium</em></strong></span> <span class='ocrx_word' id='word_1_171' title='bbox 2289 1061 2438 1112; x_wconf 83' lang='lat' dir='ltr'><strong><em>quem</em></strong></span> <span class='ocrx_word' id='word_1_172' title='bbox 2473 1047 2689 1115; x_wconf 73' lang='lat' dir='ltr'><strong><em>suscipit</em></strong></span> <span class='ocrx_word' id='word_1_173' title='bbox 2715 1046 2780 1100; x_wconf 76' lang='grc'><strong><em>³⁸.</em></strong></span> <span class='ocrx_word' id='word_1_174' title='bbox 2810 1046 2884 1101; x_wconf 87' lang='lat' dir='ltr'><strong><em>De</em></strong></span> <span class='ocrx_word' id='word_1_175' title='bbox 2913 1047 2978 1099; x_wconf 91' lang='lat' dir='ltr'><strong><em>iis</em></strong></span> <span class='ocrx_word' id='word_1_176' title='bbox 3007 1058 3139 1098; x_wconf 88' lang='lat' dir='ltr'><strong><em>vero</em></strong></span> <span class='ocrx_word' id='word_1_177' title='bbox 3167 1057 3302 1112; x_wconf 92' lang='lat' dir='ltr'><strong><em>quos</em></strong></span> <span class='ocrx_word' id='word_1_178' title='bbox 3343 1057 3448 1094; x_wconf 84' lang='lat' dir='ltr'><strong><em>non</em></strong></span> <span class='ocrx_word' id='word_1_179' title='bbox 3475 1040 3664 1110; x_wconf 79' lang='lat' dir='ltr'><strong><em>ﬂagel-</em></strong></span> 
     </span>
    </p>
   </div>
   <div class='ocr_carea' id='block_1_26' title="bbox 2099 1132 3664 1204">
    <p class='ocr_par' dir='ltr' id='par_1_26' title="bbox 2099 1132 3664 1204">
     <span class='ocr_line' id='line_1_26' title="bbox 2099 1132 3664 1204; baseline -0.003 -16"><span class='ocrx_word' id='word_1_180' title='bbox 2099 1135 2173 1189; x_wconf 84' lang='lat' dir='ltr'><strong><em>lat</em></strong></span> <span class='ocrx_word' id='word_1_181' title='bbox 2196 1135 2390 1190; x_wconf 90' lang='lat' dir='ltr'><strong><em>dicitur</em></strong></span> <span class='ocrx_word' id='word_1_182' title='bbox 2417 1135 2546 1189; x_wconf 92' lang='lat' dir='ltr'><strong><em>illud</em></strong></span> <span class='ocrx_word' id='word_1_183' title='bbox 2583 1155 2596 1188; x_wconf 90' lang='lat'><strong>:</strong></span> <span class='ocrx_word' id='word_1_184' title='bbox 2638 1135 2744 1190; x_wconf 84' lang='lat' dir='ltr'><strong><em>Mei</em></strong></span> <span class='ocrx_word' id='word_1_185' title='bbox 2765 1143 2938 1190; x_wconf 87' lang='lat' dir='ltr'><strong><em>autem</em></strong></span> <span class='ocrx_word' id='word_1_186' title='bbox 2962 1151 3092 1203; x_wconf 89' lang='lat' dir='ltr'><strong><em>pene</em></strong></span> <span class='ocrx_word' id='word_1_187' title='bbox 3127 1134 3306 1204; x_wconf 82' lang='lat' dir='ltr'><strong><em>quossi</em></strong></span> <span class='ocrx_word' id='word_1_188' title='bbox 3329 1141 3450 1186; x_wconf 88' lang='lat' dir='ltr'><strong><em>sunt</em></strong></span> <span class='ocrx_word' id='word_1_189' title='bbox 3482 1132 3664 1199; x_wconf 84' lang='lat' dir='ltr'><strong><em>pedes,</em></strong></span> 
     </span>
    </p>
   </div>
   <div class='ocr_carea' id='block_1_27' title="bbox 2095 1225 3665 1298">
    <p class='ocr_par' dir='ltr' id='par_1_27' title="bbox 2095 1225 3665 1298">
     <span class='ocr_line' id='line_1_27' title="bbox 2095 1225 3665 1298; baseline -0.003 -18"><span class='ocrx_word' id='word_1_190' title='bbox 2095 1227 2466 1296; x_wconf 84' lang='lat' dir='ltr'><strong><em>propemodum</em></strong></span> <span class='ocrx_word' id='word_1_191' title='bbox 2498 1229 2652 1298; x_wconf 64' lang='grc' dir='ltr'><em>επιιεὶ</em></span> <span class='ocrx_word' id='word_1_192' title='bbox 2680 1241 2800 1282; x_wconf 87' lang='lat' dir='ltr'><strong><em>sunt</em></strong></span> <span class='ocrx_word' id='word_1_193' title='bbox 2825 1245 3032 1297; x_wconf 81' lang='lat' dir='ltr'><strong><em>gressus</em></strong></span> <span class='ocrx_word' id='word_1_194' title='bbox 3077 1227 3198 1280; x_wconf 89' lang='lat' dir='ltr'><strong><em>mei.</em></strong></span> <span class='ocrx_word' id='word_1_195' title='bbox 3243 1225 3382 1292; x_wconf 81' lang='lat' dir='ltr'><strong><em>Quia</em></strong></span> <span class='ocrx_word' id='word_1_196' title='bbox 3432 1241 3536 1278; x_wconf 88' lang='lat' dir='ltr'><strong><em>non</em></strong></span> <span class='ocrx_word' id='word_1_197' title='bbox 3588 1231 3665 1276; x_wconf 83' lang='lat' dir='ltr'><strong><em>est</em></strong></span> 
     </span>
    </p>
   </div>
   <div class='ocr_carea' id='block_1_28' title="bbox 2096 1317 3664 1389">
    <p class='ocr_par' dir='ltr' id='par_1_28' title="bbox 2096 1317 3664 1389">
     <span class='ocr_line' id='line_1_28' title="bbox 2096 1317 3664 1389; baseline -0.003 -15"><span class='ocrx_word' id='word_1_198' title='bbox 2096 1321 2318 1374; x_wconf 85' lang='lat' dir='ltr'><strong><em>arrectio</em></strong></span> <span class='ocrx_word' id='word_1_199' title='bbox 2351 1319 2405 1372; x_wconf 86' lang='lat' dir='ltr'><strong><em>in</em></strong></span> <span class='ocrx_word' id='word_1_200' title='bbox 2437 1329 2602 1374; x_wconf 86' lang='lat' dir='ltr'><strong><em>morte</em></strong></span> <span class='ocrx_word' id='word_1_201' title='bbox 2639 1337 2842 1386; x_wconf 81' lang='lat' dir='ltr'><strong><em>eorum,</em></strong></span> <span class='ocrx_word' id='word_1_202' title='bbox 2870 1333 2916 1376; x_wconf 89' lang='lat' dir='ltr'><strong><em>et</em></strong></span> <span class='ocrx_word' id='word_1_203' title='bbox 2945 1321 3337 1389; x_wconf 84' lang='lat' dir='ltr'><strong><em>firmamentum</em></strong></span> <span class='ocrx_word' id='word_1_204' title='bbox 3366 1319 3422 1370; x_wconf 90' lang='lat' dir='ltr'><strong><em>in</em></strong></span> <span class='ocrx_word' id='word_1_205' title='bbox 3451 1317 3664 1388; x_wconf 79' lang='lat' dir='ltr'><strong><em>ﬂagello</em></strong></span> 
     </span>
    </p>
   </div>
   <div class='ocr_carea' id='block_1_29' title="bbox 2094 1407 3664 1480">
    <p class='ocr_par' dir='ltr' id='par_1_29' title="bbox 2094 1407 3664 1480">
     <span class='ocr_line' id='line_1_29' title="bbox 2094 1407 3664 1480; baseline -0.005 -16"><span class='ocrx_word' id='word_1_206' title='bbox 2094 1426 2298 1468; x_wconf 86' lang='lat' dir='ltr'><strong><em>eorum.</em></strong></span> <span class='ocrx_word' id='word_1_207' title='bbox 2339 1407 2629 1480; x_wconf 73' lang='lat' dir='ltr'><strong><em>Propterea</em></strong></span> <span class='ocrx_word' id='word_1_208' title='bbox 2692 1411 2918 1464; x_wconf 88' lang='lat' dir='ltr'><strong><em>obtinuit</em></strong></span> <span class='ocrx_word' id='word_1_209' title='bbox 2963 1426 3048 1464; x_wconf 89' lang='lat' dir='ltr'><strong><em>eos</em></strong></span> <span class='ocrx_word' id='word_1_210' title='bbox 3087 1408 3366 1464; x_wconf 70' lang='lat' dir='ltr'><strong><em>insolentia</em></strong></span> <span class='ocrx_word' id='word_1_211' title='bbox 3395 1423 3414 1460; x_wconf 89' lang='lat'><strong><em>:</em></strong></span> <span class='ocrx_word' id='word_1_212' title='bbox 3438 1407 3664 1459; x_wconf 86' lang='lat' dir='ltr'><strong><em>circum-</em></strong></span> 
     </span>
    </p>
   </div>
   <div class='ocr_carea' id='block_1_30' title="bbox 2094 1495 3665 1571">
    <p class='ocr_par' dir='ltr' id='par_1_30' title="bbox 2094 1495 3665 1571">
     <span class='ocr_line' id='line_1_30' title="bbox 2094 1495 3665 1571; baseline -0.005 -15"><span class='ocrx_word' id='word_1_213' title='bbox 2094 1502 2273 1556; x_wconf 87' lang='lat' dir='ltr'><strong><em>amicti</em></strong></span> <span class='ocrx_word' id='word_1_214' title='bbox 2311 1513 2433 1554; x_wconf 86' lang='lat' dir='ltr'><strong><em>sunt</em></strong></span> <span class='ocrx_word' id='word_1_215' title='bbox 2477 1503 2756 1571; x_wconf 75' lang='lat' dir='ltr'><strong><em>iniquitate</em></strong></span> <span class='ocrx_word' id='word_1_216' title='bbox 2779 1511 2825 1554; x_wconf 89' lang='lat' dir='ltr'><strong><em>et</em></strong></span> <span class='ocrx_word' id='word_1_217' title='bbox 2871 1502 3136 1570; x_wconf 75' lang='lat' dir='ltr'><strong><em>impietate</em></strong></span> <span class='ocrx_word' id='word_1_218' title='bbox 3159 1517 3256 1554; x_wconf 89' lang='lat' dir='ltr'><strong><em>sua</em></strong></span> <span class='ocrx_word' id='word_1_219' title='bbox 3297 1499 3363 1550; x_wconf 83' lang='grc' dir='ltr'><strong><em>³ο.</em></strong></span> <span class='ocrx_word' id='word_1_220' title='bbox 3400 1497 3458 1552; x_wconf 91' lang='lat' dir='ltr'><strong><em>Si</em></strong></span> <span class='ocrx_word' id='word_1_221' title='bbox 3501 1495 3665 1549; x_wconf 81' lang='lat' dir='ltr'><strong><em>fuerit</em></strong></span> 
     </span>
    </p>
   </div>
   <div class='ocr_carea' id='block_1_31' title="bbox 2093 1587 3662 1665">
    <p class='ocr_par' dir='ltr' id='par_1_31' title="bbox 2093 1587 3662 1665">
     <span class='ocr_line' id='line_1_31' title="bbox 2093 1587 3662 1665; baseline -0.005 -17"><span class='ocrx_word' id='word_1_222' title='bbox 2093 1609 2223 1664; x_wconf 79' lang='lat' dir='ltr'><strong><em>ergo</em></strong></span> <span class='ocrx_word' id='word_1_223' title='bbox 2249 1595 2372 1665; x_wconf 86' lang='lat' dir='ltr'><strong><em>quis</em></strong></span> <span class='ocrx_word' id='word_1_224' title='bbox 2405 1593 2524 1648; x_wconf 92' lang='lat' dir='ltr'><strong><em>ovis</em></strong></span> <span class='ocrx_word' id='word_1_225' title='bbox 2553 1607 2810 1662; x_wconf 83' lang='lat' dir='ltr'><strong><em>peccans,</em></strong></span> <span class='ocrx_word' id='word_1_226' title='bbox 2843 1592 2996 1662; x_wconf 83' lang='lat' dir='ltr'><strong><em>virga</em></strong></span> <span class='ocrx_word' id='word_1_227' title='bbox 3025 1591 3341 1660; x_wconf 77' lang='lat' dir='ltr'><strong><em>vapulabit;</em></strong></span> <span class='ocrx_word' id='word_1_228' title='bbox 3377 1600 3434 1642; x_wconf 86' lang='lat' dir='ltr'><strong><em>at</em></strong></span> <span class='ocrx_word' id='word_1_229' title='bbox 3467 1589 3512 1643; x_wconf 88' lang='lat' dir='ltr'><strong><em>si</em></strong></span> <span class='ocrx_word' id='word_1_230' title='bbox 3543 1587 3662 1640; x_wconf 83' lang='lat' dir='ltr'><strong><em>fue-</em></strong></span> 
     </span>
    </p>
   </div>
   <div class='ocr_carea' id='block_1_32' title="bbox 2096 1679 3660 1750">
    <p class='ocr_par' dir='ltr' id='par_1_32' title="bbox 2096 1679 3660 1750">
     <span class='ocr_line' id='line_1_32' title="bbox 2096 1679 3660 1750; baseline -0.006 -10"><span class='ocrx_word' id='word_1_231' title='bbox 2096 1687 2161 1740; x_wconf 90' lang='lat' dir='ltr'><strong><em>rit</em></strong></span> <span class='ocrx_word' id='word_1_232' title='bbox 2193 1687 2376 1750; x_wconf 88' lang='lat' dir='ltr'><strong><em>homo,</em></strong></span> <span class='ocrx_word' id='word_1_233' title='bbox 2402 1685 2619 1748; x_wconf 84' lang='lat' dir='ltr'><strong><em>baculo,</em></strong></span> <span class='ocrx_word' id='word_1_234' title='bbox 2651 1685 2944 1738; x_wconf 89' lang='lat' dir='ltr'><strong><em>secundum</em></strong></span> <span class='ocrx_word' id='word_1_235' title='bbox 2983 1681 3330 1736; x_wconf 89' lang='lat' dir='ltr'><strong><em>Salomonem</em></strong></span> <span class='ocrx_word' id='word_1_236' title='bbox 3363 1699 3376 1735; x_wconf 85' lang='lat'><strong>:</strong></span> <span class='ocrx_word' id='word_1_237' title='bbox 3412 1679 3514 1745; x_wconf 84' lang='lat' dir='ltr'><strong><em>Qui</em></strong></span> <span class='ocrx_word' id='word_1_238' title='bbox 3535 1695 3660 1746; x_wconf 86' lang='lat' dir='ltr'><strong><em>par-</em></strong></span> 
     </span>
    </p>
   </div>
   <div class='ocr_carea' id='block_1_33' title="bbox 2092 1773 3664 1844">
    <p class='ocr_par' dir='ltr' id='par_1_33' title="bbox 2092 1773 3664 1844">
     <span class='ocr_line' id='line_1_33' title="bbox 2092 1773 3664 1844; baseline -0.005 -13"><span class='ocrx_word' id='word_1_239' title='bbox 2092 1777 2166 1832; x_wconf 85' lang='lat' dir='ltr'><strong><em>cit</em></strong></span> <span class='ocrx_word' id='word_1_240' title='bbox 2203 1777 2412 1844; x_wconf 86' lang='lat' dir='ltr'><strong><em>baculo,</em></strong></span> <span class='ocrx_word' id='word_1_241' title='bbox 2447 1779 2556 1830; x_wconf 87' lang='lat' dir='ltr'><strong><em>odit</em></strong></span> <span class='ocrx_word' id='word_1_242' title='bbox 2586 1777 2758 1844; x_wconf 84' lang='lat' dir='ltr'><strong><em>ﬁlium</em></strong></span> <span class='ocrx_word' id='word_1_243' title='bbox 2793 1789 2949 1830; x_wconf 88' lang='lat' dir='ltr'><strong><em>suum</em></strong></span> <span class='ocrx_word' id='word_1_244' title='bbox 2985 1775 3053 1828; x_wconf 80' lang='grc' dir='ltr'><em>⁸ί.</em></span> <span class='ocrx_word' id='word_1_245' title='bbox 3082 1773 3207 1830; x_wconf 68' lang='lat' dir='ltr'><strong><em>Haec</em></strong></span> <span class='ocrx_word' id='word_1_246' title='bbox 3239 1788 3404 1844; x_wconf 89' lang='lat' dir='ltr'><strong><em>porro</em></strong></span> <span class='ocrx_word' id='word_1_247' title='bbox 3433 1779 3664 1827; x_wconf 78' lang='lat' dir='ltr'><strong><em>evocant</em></strong></span> 
     </span>
    </p>
   </div>
   <div class='ocr_carea' id='block_1_34' title="bbox 412 1861 1985 1950">
    <p class='ocr_par' dir='ltr' id='par_1_34' title="bbox 412 1873 1985 1950">
     <span class='ocr_line' id='line_1_34' title="bbox 412 1873 1985 1950; baseline -0.001 -21"><span class='ocrx_word' id='word_1_248' title='bbox 412 1876 682 1950; x_wconf 74' lang='grc' dir='ltr'><strong><em>βακτηρίᾳ</em></strong></span> <span class='ocrx_word' id='word_1_249' title='bbox 701 1919 714 1942; x_wconf 87' lang='grc'><strong><em>,</em></strong></span> <span class='ocrx_word' id='word_1_250' title='bbox 739 1877 880 1932; x_wconf 75' lang='grc' dir='ltr'><em>κατὰ</em></span> <span class='ocrx_word' id='word_1_251' title='bbox 903 1877 968 1930; x_wconf 89' lang='grc' dir='ltr'><strong><em>τὸ</em></strong></span> <span class='ocrx_word' id='word_1_252' title='bbox 989 1877 1331 1948; x_wconf 82' lang='grc' dir='ltr'><strong><em>Σολομῶντος</em></strong></span> <span class='ocrx_word' id='word_1_253' title='bbox 1352 1895 1365 1908; x_wconf 89' lang='grc'><strong>·</strong></span> <span class='ocrx_word' id='word_1_254' title='bbox 1415 1878 1478 1930; x_wconf 81' lang='grc'><strong><em>’0</em></strong></span> <span class='ocrx_word' id='word_1_255' title='bbox 1504 1875 1854 1946; x_wconf 67' lang='grc' dir='ltr'><em>φειδόμενος</em></span> <span class='ocrx_word' id='word_1_256' title='bbox 1881 1873 1985 1943; x_wconf 84' lang='grc' dir='ltr'><em>τῆς</em></span> 
     </span>
    </p>
   </div>
   <div class='ocr_carea' id='block_1_35' title="bbox 2088 1861 3664 1950">
    <p class='ocr_par' dir='ltr' id='par_1_35' title="bbox 2095 1863 3664 1940">
     <span class='ocr_line' id='line_1_35' title="bbox 2095 1863 3664 1940; baseline -0.003 -15"><span class='ocrx_word' id='word_1_257' title='bbox 2095 1871 2439 1940; x_wconf 84' lang='lat' dir='ltr'><strong><em>vapulantem</em></strong></span> <span class='ocrx_word' id='word_1_258' title='bbox 2489 1887 2503 1924; x_wconf 91' lang='lat'><strong>:</strong></span> <span class='ocrx_word' id='word_1_259' title='bbox 2546 1883 2845 1940; x_wconf 86' lang='lat' dir='ltr'><strong><em>persuasus</em></strong></span> <span class='ocrx_word' id='word_1_260' title='bbox 2891 1877 2975 1924; x_wconf 89' lang='lat' dir='ltr'><strong><em>est</em></strong></span> <span class='ocrx_word' id='word_1_261' title='bbox 3021 1868 3208 1934; x_wconf 90' lang='lat' dir='ltr'><strong><em>enim,</em></strong></span> <span class='ocrx_word' id='word_1_262' title='bbox 3255 1867 3382 1937; x_wconf 87' lang='lat' dir='ltr'><strong><em>quia</em></strong></span> <span class='ocrx_word' id='word_1_263' title='bbox 3426 1863 3664 1936; x_wconf 83' lang='lat' dir='ltr'><strong><em>ﬂagellat</em></strong></span> 
     </span>
    </p>
   </div>
   <div class='ocr_carea' id='block_1_36' title="bbox 405 1961 1993 2038">
    <p class='ocr_par' dir='ltr' id='par_1_36' title="bbox 405 1961 1993 2038">
     <span class='ocr_line' id='line_1_36' title="bbox 405 1961 1993 2038; baseline 0 -18"><span class='ocrx_word' id='word_1_264' title='bbox 405 1969 738 2036; x_wconf 76' lang='grc' dir='ltr'><em>βακτηρίας</em></span> <span class='ocrx_word' id='word_1_265' title='bbox 758 1969 932 2038; x_wconf 86' lang='grc' dir='ltr'><em>μισεῖ</em></span> <span class='ocrx_word' id='word_1_266' title='bbox 945 1968 1053 2022; x_wconf 83' lang='grc' dir='ltr'><strong><em>τὸν</em></strong></span> <span class='ocrx_word' id='word_1_267' title='bbox 1077 1967 1293 2022; x_wconf 82' lang='grc' dir='ltr'><em>ἑαυτοῦ</em></span> <span class='ocrx_word' id='word_1_268' title='bbox 1315 1961 1471 2022; x_wconf 55' lang='grc' dir='ltr'><em>ὺίόν.</em></span> <span class='ocrx_word' id='word_1_269' title='bbox 1513 1965 1695 2021; x_wconf 82' lang='grc' dir='ltr'><em>Ταῦτα</em></span> <span class='ocrx_word' id='word_1_270' title='bbox 1733 1967 1789 2020; x_wconf 83' lang='grc' dir='ltr'><em>δὲ</em></span> <span class='ocrx_word' id='word_1_271' title='bbox 1817 1982 1993 2036; x_wconf 83' lang='grc' dir='ltr'><em>παρα-</em></span> 
     </span>
    </p>
   </div>
   <div class='ocr_carea' id='block_1_37' title="bbox 409 2058 2000 2132">
    <p class='ocr_par' dir='ltr' id='par_1_37' title="bbox 409 2058 2000 2132">
     <span class='ocr_line' id='line_1_37' title="bbox 409 2058 2000 2132; baseline 0 -20"><span class='ocrx_word' id='word_1_272' title='bbox 409 2060 569 2112; x_wconf 87' lang='grc' dir='ltr'><strong><em>καλεί</em></strong></span> <span class='ocrx_word' id='word_1_273' title='bbox 599 2060 688 2113; x_wconf 89' lang='grc' dir='ltr'><strong><em>τὸν</em></strong></span> <span class='ocrx_word' id='word_1_274' title='bbox 721 2061 1085 2130; x_wconf 75' lang='grc' dir='ltr'><em>τυπτόμενονο</em></span> <span class='ocrx_word' id='word_1_275' title='bbox 1118 2061 1410 2113; x_wconf 81' lang='grc' dir='ltr'><em>πέπεισται</em></span> <span class='ocrx_word' id='word_1_276' title='bbox 1448 2061 1556 2132; x_wconf 75' lang='grc' dir='ltr'><em>γὰρ</em></span> <span class='ocrx_word' id='word_1_277' title='bbox 1576 2102 1590 2127; x_wconf 96' lang='grc'><strong><em>,</em></strong></span> <span class='ocrx_word' id='word_1_278' title='bbox 1622 2059 1697 2122; x_wconf 85' lang='grc' dir='ltr'><em>ὼς</em></span> <span class='ocrx_word' id='word_1_279' title='bbox 1713 2058 2000 2130; x_wconf 80' lang='grc' dir='ltr'><em>μαστιγοῖ</em></span> 
     </span>
    </p>
   </div>
   <div class='ocr_carea' id='block_1_38' title="bbox 411 2151 1306 2223">
    <p class='ocr_par' dir='ltr' id='par_1_38' title="bbox 411 2151 1306 2223">
     <span class='ocr_line' id='line_1_38' title="bbox 411 2151 1306 2223; baseline 0.006 -19"><span class='ocrx_word' id='word_1_280' title='bbox 411 2153 608 2205; x_wconf 79' lang='grc' dir='ltr'><em>πάντα</em></span> <span class='ocrx_word' id='word_1_281' title='bbox 635 2152 770 2206; x_wconf 80' lang='grc' dir='ltr'><em>υἱὸν</em></span> <span class='ocrx_word' id='word_1_282' title='bbox 793 2151 866 2208; x_wconf 79' lang='grc' dir='ltr'><em>ὃν</em></span> <span class='ocrx_word' id='word_1_283' title='bbox 892 2153 1306 2223; x_wconf 84' lang='grc' dir='ltr'><em>παραδέχεται.</em></span> 
     </span>
    </p>
   </div>
   <div class='ocr_carea' id='block_1_39' title="bbox 1057 2245 1392 2300">
    <p class='ocr_par' dir='ltr' id='par_1_39' title="bbox 1057 2245 1392 2300">
     <span class='ocr_line' id='line_1_39' title="bbox 1057 2245 1392 2300; baseline 0.003 -1"><span class='ocrx_word' id='word_1_284' title='bbox 1057 2245 1226 2299; x_wconf 78' lang='grc' dir='ltr'><strong><em>ΨΑΛ.</em></strong></span> <span class='ocrx_word' id='word_1_285' title='bbox 1261 2245 1367 2298; x_wconf 75' lang='lat' dir='ltr'><strong><em>KI“</em></strong></span> <span class='ocrx_word' id='word_1_286' title='bbox 1379 2285 1392 2300; x_wconf 97' lang='lat'><strong><em>.</em></strong></span> 
     </span>
    </p>
   </div>
   <div class='ocr_carea' id='block_1_40' title="bbox 481 2331 1916 2407">
    <p class='ocr_par' dir='ltr' id='par_1_40' title="bbox 481 2331 1916 2407">
     <span class='ocr_line' id='line_1_40' title="bbox 481 2331 1916 2407; baseline 0.004 -23"><span class='ocrx_word' id='word_1_287' title='bbox 481 2332 632 2403; x_wconf 82' lang='grc' dir='ltr'><em>Στίχ.</em></span> <span class='ocrx_word' id='word_1_288' title='bbox 664 2331 727 2403; x_wconf 88' lang='grc' dir='ltr'><strong><em>β’.</em></strong></span> <span class='ocrx_word' id='word_1_289' title='bbox 758 2333 868 2388; x_wconf 84' lang='grc' dir='ltr'><em>Καὶ</em></span> <span class='ocrx_word' id='word_1_290' title='bbox 903 2334 1002 2388; x_wconf 74' lang='grc' dir='ltr'><strong><em>ἐπὶ</em></strong></span> <span class='ocrx_word' id='word_1_291' title='bbox 1041 2333 1321 2406; x_wconf 82' lang='grc' dir='ltr'><em>ποταμῶν</em></span> <span class='ocrx_word' id='word_1_292' title='bbox 1353 2337 1678 2407; x_wconf 75' lang='grc' dir='ltr'><em>ἡτοίμασεν</em></span> <span class='ocrx_word' id='word_1_293' title='bbox 1707 2337 1916 2406; x_wconf 74' lang='grc' dir='ltr'><em>αὐτήν.</em></span> 
     </span>
    </p>
   </div>
   <div class='ocr_carea' id='block_1_41' title="bbox 482 2423 1988 2501">
    <p class='ocr_par' dir='ltr' id='par_1_41' title="bbox 482 2423 1988 2501">
     <span class='ocr_line' id='line_1_41' title="bbox 482 2423 1988 2501; baseline 0.005 -25"><span class='ocrx_word' id='word_1_294' title='bbox 482 2423 594 2494; x_wconf 83' lang='grc'><strong><em>(55)</em></strong></span> <span class='ocrx_word' id='word_1_295' title='bbox 643 2427 753 2478; x_wconf 76' lang='grc' dir='ltr'><em>Καὶ</em></span> <span class='ocrx_word' id='word_1_296' title='bbox 781 2425 954 2489; x_wconf 76' lang='grc' dir='ltr'><em>ἄλλως</em></span> <span class='ocrx_word' id='word_1_297' title='bbox 990 2427 1046 2480; x_wconf 82' lang='grc' dir='ltr'><strong><em>δέ</em></strong></span> <span class='ocrx_word' id='word_1_298' title='bbox 1099 2429 1206 2497; x_wconf 80' lang='grc' dir='ltr'><strong><em>πρὸ</em></strong></span> <span class='ocrx_word' id='word_1_299' title='bbox 1266 2429 1368 2499; x_wconf 83' lang='grc' dir='ltr'><em>τῆς</em></span> <span class='ocrx_word' id='word_1_300' title='bbox 1420 2429 1714 2501; x_wconf 76' lang='grc' dir='ltr'><em>ἐπιδημίας</em></span> <span class='ocrx_word' id='word_1_301' title='bbox 1755 2429 1988 2501; x_wconf 78' lang='grc' dir='ltr'><em>Χριστοῦ</em></span> 
     </span>
    </p>
   </div>
   <div class='ocr_carea' id='block_1_42' title="bbox 407 2513 1990 2591">
    <p class='ocr_par' dir='ltr' id='par_1_42' title="bbox 407 2513 1990 2591">
     <span class='ocr_line' id='line_1_42' title="bbox 407 2513 1990 2591; baseline 0.008 -26"><span class='ocrx_word' id='word_1_302' title='bbox 407 2515 675 2581; x_wconf 77' lang='grc' dir='ltr'><em>γνωστὸς</em></span> <span class='ocrx_word' id='word_1_303' title='bbox 701 2515 772 2568; x_wconf 85' lang='grc' dir='ltr'><em>ἐν</em></span> <span class='ocrx_word' id='word_1_304' title='bbox 787 2514 864 2584; x_wconf 83' lang='grc' dir='ltr'><em>τῇ</em></span> <span class='ocrx_word' id='word_1_305' title='bbox 905 2517 1152 2584; x_wconf 82' lang='grc' dir='ltr'><em>Ἰουδαίᾳ</em></span> <span class='ocrx_word' id='word_1_306' title='bbox 1189 2518 1352 2590; x_wconf 83' lang='grc' dir='ltr'><em>μόνον</em></span> <span class='ocrx_word' id='word_1_307' title='bbox 1384 2515 1452 2591; x_wconf 80' lang='grc' dir='ltr'><strong><em>ἧν</em></strong></span> <span class='ocrx_word' id='word_1_308' title='bbox 1484 2513 1520 2576; x_wconf 82' lang='grc' dir='ltr'><strong><em>ό</em></strong></span> <span class='ocrx_word' id='word_1_309' title='bbox 1543 2521 1718 2587; x_wconf 75' lang='grc' dir='ltr'><em>Θεός·</em></span> <span class='ocrx_word' id='word_1_310' title='bbox 1749 2525 1868 2591; x_wconf 88' lang='grc' dir='ltr'><em>μετ’</em></span> <span class='ocrx_word' id='word_1_311' title='bbox 1894 2523 1990 2576; x_wconf 82' lang='grc' dir='ltr'><strong><em>αὐ-</em></strong></span> 
     </span>
    </p>
   </div>
   <div class='ocr_carea' id='block_1_43' title="bbox 409 2604 1990 2687">
    <p class='ocr_par' dir='ltr' id='par_1_43' title="bbox 409 2604 1990 2687">
     <span class='ocr_line' id='line_1_43' title="bbox 409 2604 1990 2687; baseline 0.008 -31"><span class='ocrx_word' id='word_1_312' title='bbox 409 2604 506 2675; x_wconf 79' lang='grc' dir='ltr'><em>τὴν</em></span> <span class='ocrx_word' id='word_1_313' title='bbox 551 2605 626 2668; x_wconf 84' lang='grc' dir='ltr'><em>δὲ,</em></span> <span class='ocrx_word' id='word_1_314' title='bbox 667 2607 774 2660; x_wconf 89' lang='grc' dir='ltr'><em>τοῦ</em></span> <span class='ocrx_word' id='word_1_315' title='bbox 802 2608 1024 2675; x_wconf 79' lang='grc' dir='ltr'><strong><em>Κυρίου</em></strong></span> <span class='ocrx_word' id='word_1_316' title='bbox 1049 2611 1088 2678; x_wconf 78' lang='grc' dir='ltr'>ἡ</span> <span class='ocrx_word' id='word_1_317' title='bbox 1114 2608 1212 2678; x_wconf 75' lang='grc' dir='ltr'><strong><em>τῆ.</em></strong></span> <span class='ocrx_word' id='word_1_318' title='bbox 1272 2610 1408 2663; x_wconf 87' lang='grc' dir='ltr'><em>Ἀλλ’</em></span> <span class='ocrx_word' id='word_1_319' title='bbox 1423 2611 1544 2665; x_wconf 83' lang='grc' dir='ltr'><em>οὐδὲ</em></span> <span class='ocrx_word' id='word_1_320' title='bbox 1561 2612 1833 2684; x_wconf 85' lang='grc' dir='ltr'><em>πλήρωμα</em></span> <span class='ocrx_word' id='word_1_321' title='bbox 1883 2614 1990 2687; x_wconf 89' lang='grc' dir='ltr'><strong><em>πρὸ</em></strong></span> 
     </span>
    </p>
   </div>
   <div class='ocr_carea' id='block_1_44' title="bbox 406 2693 1988 2778">
    <p class='ocr_par' dir='ltr' id='par_1_44' title="bbox 406 2693 1988 2778">
     <span class='ocr_line' id='line_1_44' title="bbox 406 2693 1988 2778; baseline 0.009 -30"><span class='ocrx_word' id='word_1_322' title='bbox 406 2695 614 2768; x_wconf 80' lang='grc' dir='ltr'><em>ταύτης</em></span> <span class='ocrx_word' id='word_1_323' title='bbox 641 2693 708 2769; x_wconf 80' lang='grc' dir='ltr'><strong><em>ἦν</em></strong></span> <span class='ocrx_word' id='word_1_324' title='bbox 741 2700 798 2754; x_wconf 81' lang='grc' dir='ltr'><em>ὲν</em></span> <span class='ocrx_word' id='word_1_325' title='bbox 835 2701 984 2774; x_wconf 83' lang='grc' dir='ltr'><em>πάσῃ</em></span> <span class='ocrx_word' id='word_1_326' title='bbox 1012 2704 1078 2772; x_wconf 84' lang='grc' dir='ltr'><em>τῇ</em></span> <span class='ocrx_word' id='word_1_327' title='bbox 1124 2705 1226 2774; x_wconf 83' lang='grc' dir='ltr'><strong><em>γῇ·</em></strong></span> <span class='ocrx_word' id='word_1_328' title='bbox 1278 2703 1450 2774; x_wconf 78' lang='grc' dir='ltr'><em>μεστὰ</em></span> <span class='ocrx_word' id='word_1_329' title='bbox 1493 2705 1550 2759; x_wconf 82' lang='grc' dir='ltr'><em>δὲ</em></span> <span class='ocrx_word' id='word_1_330' title='bbox 1591 2701 1660 2777; x_wconf 81' lang='grc' dir='ltr'><strong><em>ἦν</em></strong></span> <span class='ocrx_word' id='word_1_331' title='bbox 1706 2707 1876 2778; x_wconf 83' lang='grc' dir='ltr'><em>αὐτῆς</em></span> <span class='ocrx_word' id='word_1_332' title='bbox 1919 2707 1988 2762; x_wconf 78' lang='grc' dir='ltr'><em>τὰ</em></span> 
     </span>
    </p>
   </div>
   <div class='ocr_carea' id='block_1_45' title="bbox 407 2787 1986 2867">
    <p class='ocr_par' dir='ltr' id='par_1_45' title="bbox 407 2787 1986 2867">
     <span class='ocr_line' id='line_1_45' title="bbox 407 2787 1986 2867; baseline 0.008 -28"><span class='ocrx_word' id='word_1_333' title='bbox 407 2787 630 2842; x_wconf 80' lang='grc' dir='ltr'><em>πλεῖστα</em></span> <span class='ocrx_word' id='word_1_334' title='bbox 669 2792 986 2862; x_wconf 84' lang='grc' dir='ltr'><em>κακότητος.</em></span> <span class='ocrx_word' id='word_1_335' title='bbox 1039 2795 1173 2846; x_wconf 87' lang='grc' dir='ltr'><em>Μετ’</em></span> <span class='ocrx_word' id='word_1_336' title='bbox 1203 2795 1370 2867; x_wconf 80' lang='grc' dir='ltr'><em>αὐτὴν</em></span> <span class='ocrx_word' id='word_1_337' title='bbox 1417 2796 1473 2849; x_wconf 76' lang='grc' dir='ltr'><em>δὲ</em></span> <span class='ocrx_word' id='word_1_338' title='bbox 1509 2797 1694 2850; x_wconf 71' lang='grc' dir='ltr'><em>πολλοὶ</em></span> <span class='ocrx_word' id='word_1_339' title='bbox 1737 2797 1845 2852; x_wconf 84' lang='grc' dir='ltr'><strong><em>τῶν</em></strong></span> <span class='ocrx_word' id='word_1_340' title='bbox 1887 2817 1986 2852; x_wconf 84' lang='grc' dir='ltr'><em>πε-</em></span> 
     </span>
    </p>
   </div>
   <div class='ocr_carea' id='block_1_46' title="bbox 405 2883 1988 2960">
    <p class='ocr_par' dir='ltr' id='par_1_46' title="bbox 405 2883 1988 2960">
     <span class='ocr_line' id='line_1_46' title="bbox 405 2883 1988 2960; baseline 0.008 -26"><span class='ocrx_word' id='word_1_341' title='bbox 405 2883 774 2936; x_wconf 79' lang='grc' dir='ltr'><em>πιστευκότων</em></span> <span class='ocrx_word' id='word_1_342' title='bbox 807 2883 1033 2938; x_wconf 76' lang='grc' dir='ltr'><strong><em>ἐθνικῶν</em></strong></span> <span class='ocrx_word' id='word_1_343' title='bbox 1068 2885 1272 2940; x_wconf 73' lang='grc' dir='ltr'><em>εἴποιεν</em></span> <span class='ocrx_word' id='word_1_344' title='bbox 1306 2887 1372 2942; x_wconf 83' lang='grc' dir='ltr'><strong><em>ἄν</em></strong></span> <span class='ocrx_word' id='word_1_345' title='bbox 1395 2905 1408 2918; x_wconf 91' lang='grc'><strong>·</strong></span> <span class='ocrx_word' id='word_1_346' title='bbox 1472 2891 1572 2944; x_wconf 82' lang='grc' dir='ltr'><em>Ἐκ</em></span> <span class='ocrx_word' id='word_1_347' title='bbox 1611 2891 1716 2944; x_wconf 84' lang='grc' dir='ltr'><em>τοῦ</em></span> <span class='ocrx_word' id='word_1_348' title='bbox 1755 2892 1988 2960; x_wconf 78' lang='grc' dir='ltr'><em>πληρώ-</em></span> 
     </span>
    </p>
   </div>
   <div class='ocr_carea' id='block_1_47' title="bbox 401 2975 1987 3054">
    <p class='ocr_par' dir='ltr' id='par_1_47' title="bbox 401 2975 1987 3054">
     <span class='ocr_line' id='line_1_47' title="bbox 401 2975 1987 3054; baseline 0.006 -28"><span class='ocrx_word' id='word_1_349' title='bbox 401 2989 589 3043; x_wconf 85' lang='grc' dir='ltr'><em>ματος</em></span> <span class='ocrx_word' id='word_1_350' title='bbox 612 2975 798 3029; x_wconf 87' lang='grc' dir='ltr'><em>αὺτοῦ</em></span> <span class='ocrx_word' id='word_1_351' title='bbox 834 2976 1004 3045; x_wconf 73' lang='grc' dir='ltr'><em>ἡμεῖς</em></span> <span class='ocrx_word' id='word_1_352' title='bbox 1036 2977 1260 3046; x_wconf 79' lang='grc' dir='ltr'><em>πάντες</em></span> <span class='ocrx_word' id='word_1_353' title='bbox 1304 2979 1616 3050; x_wconf 72' lang='grc' dir='ltr'><em>ἐλάϐομεν.</em></span> <span class='ocrx_word' id='word_1_354' title='bbox 1661 2982 1856 3054; x_wconf 82' lang='grc' dir='ltr'><em>Διόπερ</em></span> <span class='ocrx_word' id='word_1_355' title='bbox 1891 2983 1987 3036; x_wconf 74' lang='grc' dir='ltr'><strong><em>αὑ-</em></strong></span> 
     </span>
    </p>
   </div>
   <div class='ocr_carea' id='block_1_48' title="bbox 405 3062 1987 3145">
    <p class='ocr_par' dir='ltr' id='par_1_48' title="bbox 405 3062 1987 3145">
     <span class='ocr_line' id='line_1_48' title="bbox 405 3062 1987 3145; baseline 0.007 -29"><span class='ocrx_word' id='word_1_356' title='bbox 405 3062 500 3116; x_wconf 80' lang='grc' dir='ltr'><em>τοῦ</em></span> <span class='ocrx_word' id='word_1_357' title='bbox 536 3065 630 3117; x_wconf 83' lang='grc' dir='ltr'><strong><em>καὶ</em></strong></span> <span class='ocrx_word' id='word_1_358' title='bbox 671 3065 942 3138; x_wconf 84' lang='grc' dir='ltr'><em>πλήρωμα</em></span> <span class='ocrx_word' id='word_1_359' title='bbox 987 3067 1246 3137; x_wconf 81' lang='grc' dir='ltr'><em>λέγοιντο.</em></span> <span class='ocrx_word' id='word_1_360' title='bbox 1305 3071 1442 3123; x_wconf 79' lang='grc' dir='ltr'><em>Ἀλλ’</em></span> <span class='ocrx_word' id='word_1_361' title='bbox 1471 3073 1568 3144; x_wconf 85' lang='grc' dir='ltr'><strong><em>οὐχ</em></strong></span> <span class='ocrx_word' id='word_1_362' title='bbox 1615 3073 1664 3125; x_wconf 86' lang='grc' dir='ltr'><em>οἱ</em></span> <span class='ocrx_word' id='word_1_363' title='bbox 1707 3073 1852 3126; x_wconf 80' lang='grc' dir='ltr'><em>κενοὶ</em></span> <span class='ocrx_word' id='word_1_364' title='bbox 1889 3074 1987 3145; x_wconf 84' lang='grc' dir='ltr'><em>τῆς</em></span> 
     </span>
    </p>
   </div>
   <div class='ocr_carea' id='block_1_49' title="bbox 405 3157 1984 3236">
    <p class='ocr_par' dir='ltr' id='par_1_49' title="bbox 405 3157 1984 3236">
     <span class='ocr_line' id='line_1_49' title="bbox 405 3157 1984 3236; baseline 0.007 -28"><span class='ocrx_word' id='word_1_365' title='bbox 405 3157 766 3229; x_wconf 79' lang='grc' dir='ltr'><em>εὐαγγελικῆς</em></span> <span class='ocrx_word' id='word_1_366' title='bbox 795 3158 1087 3223; x_wconf 87' lang='grc' dir='ltr'><em>πολιτείας.</em></span> <span class='ocrx_word' id='word_1_367' title='bbox 1122 3161 1280 3215; x_wconf 81' lang='grc' dir='ltr'><em>’Λλλὰ</em></span> <span class='ocrx_word' id='word_1_368' title='bbox 1313 3163 1406 3216; x_wconf 75' lang='grc' dir='ltr'><strong><em>καὶ</em></strong></span> <span class='ocrx_word' id='word_1_369' title='bbox 1439 3165 1495 3215; x_wconf 78' lang='grc' dir='ltr'><em>ἐν</em></span> <span class='ocrx_word' id='word_1_370' title='bbox 1527 3165 1718 3236; x_wconf 76' lang='grc' dir='ltr'><em>ἐρήμῳ</em></span> <span class='ocrx_word' id='word_1_371' title='bbox 1744 3166 1772 3217; x_wconf 87' lang='grc' dir='ltr'>ὁ</span> <span class='ocrx_word' id='word_1_372' title='bbox 1805 3165 1984 3236; x_wconf 84' lang='grc' dir='ltr'><em>ἁμαρ-</em></span> 
     </span>
    </p>
   </div>
   <div class='ocr_carea' id='block_1_50' title="bbox 403 3248 1984 3326">
    <p class='ocr_par' dir='ltr' id='par_1_50' title="bbox 403 3248 1984 3326">
     <span class='ocr_line' id='line_1_50' title="bbox 403 3248 1984 3326; baseline 0.007 -26"><span class='ocrx_word' id='word_1_373' title='bbox 403 3248 572 3312; x_wconf 85' lang='grc' dir='ltr'><em>τωλὸς</em></span> <span class='ocrx_word' id='word_1_374' title='bbox 613 3253 886 3303; x_wconf 84' lang='grc' dir='ltr'><em>κατοικεῖ·</em></span> <span class='ocrx_word' id='word_1_375' title='bbox 941 3252 1267 3323; x_wconf 80' lang='grc' dir='ltr'><strong><em>οἰκουμένην</em></strong></span> <span class='ocrx_word' id='word_1_376' title='bbox 1320 3253 1398 3318; x_wconf 79' lang='grc' dir='ltr'><em>δὲ,</em></span> <span class='ocrx_word' id='word_1_377' title='bbox 1433 3257 1462 3307; x_wconf 84' lang='grc' dir='ltr'>ὁ</span> <span class='ocrx_word' id='word_1_378' title='bbox 1504 3255 1601 3326; x_wconf 85' lang='grc' dir='ltr'><em>τὴν</em></span> <span class='ocrx_word' id='word_1_379' title='bbox 1663 3255 1984 3320; x_wconf 77' lang='grc' dir='ltr'><em>Ἐκκλησίαν</em></span> 
     </span>
    </p>
   </div>
   <div class='ocr_carea' id='block_1_51' title="bbox 404 3339 1984 3418">
    <p class='ocr_par' dir='ltr' id='par_1_51' title="bbox 404 3339 1984 3418">
     <span class='ocr_line' id='line_1_51' title="bbox 404 3339 1984 3418; baseline 0.006 -26"><span class='ocrx_word' id='word_1_380' title='bbox 404 3339 568 3393; x_wconf 79' lang='grc' dir='ltr'><strong><em>οἰκῶν</em></strong></span> <span class='ocrx_word' id='word_1_381' title='bbox 609 3341 1050 3414; x_wconf 81' lang='grc' dir='ltr'><em>πεπληρωμένην</em></span> <span class='ocrx_word' id='word_1_382' title='bbox 1102 3347 1202 3414; x_wconf 83' lang='grc' dir='ltr'><em>τῆς</em></span> <span class='ocrx_word' id='word_1_383' title='bbox 1249 3345 1409 3414; x_wconf 82' lang='grc' dir='ltr'><em>ἁγίας</em></span> <span class='ocrx_word' id='word_1_384' title='bbox 1436 3347 1691 3418; x_wconf 76' lang='grc' dir='ltr'><em>Τριάδοςο</em></span> <span class='ocrx_word' id='word_1_385' title='bbox 1729 3349 1822 3401; x_wconf 75' lang='grc' dir='ltr'><strong><em>καὶ</em></strong></span> <span class='ocrx_word' id='word_1_386' title='bbox 1872 3347 1984 3402; x_wconf 75' lang='grc' dir='ltr'><em>ἔστι</em></span> 
     </span>
    </p>
   </div>
   <div class='ocr_carea' id='block_1_52' title="bbox 403 3430 1986 3510">
    <p class='ocr_par' dir='ltr' id='par_1_52' title="bbox 403 3430 1986 3510">
     <span class='ocr_line' id='line_1_52' title="bbox 403 3430 1986 3510; baseline 0.008 -28"><span class='ocrx_word' id='word_1_387' title='bbox 403 3430 498 3484; x_wconf 76' lang='grc' dir='ltr'><em>τοῦ</em></span> <span class='ocrx_word' id='word_1_388' title='bbox 531 3433 758 3504; x_wconf 81' lang='grc' dir='ltr'><em>Κυρίου.</em></span> <span class='ocrx_word' id='word_1_389' title='bbox 804 3434 940 3487; x_wconf 89' lang='grc' dir='ltr'><em>Ἀλλ’</em></span> <span class='ocrx_word' id='word_1_390' title='bbox 973 3436 1070 3506; x_wconf 78' lang='grc' dir='ltr'><strong><em>οὐχ</em></strong></span> <span class='ocrx_word' id='word_1_391' title='bbox 1095 3437 1123 3488; x_wconf 85' lang='grc' dir='ltr'>ὁ</span> <span class='ocrx_word' id='word_1_392' title='bbox 1149 3439 1542 3510; x_wconf 78' lang='grc' dir='ltr'><em>γεγεννημένος</em></span> <span class='ocrx_word' id='word_1_393' title='bbox 1578 3439 1642 3492; x_wconf 82' lang='grc' dir='ltr'>ὲκ</span> <span class='ocrx_word' id='word_1_394' title='bbox 1680 3439 1773 3492; x_wconf 85' lang='grc' dir='ltr'><em>τοῦ</em></span> <span class='ocrx_word' id='word_1_395' title='bbox 1806 3439 1986 3494; x_wconf 75' lang='grc' dir='ltr'><em>διαϐό-</em></span> 
     </span>
    </p>
   </div>
   <div class='ocr_carea' id='block_1_53' title="bbox 403 3521 1418 3601">
    <p class='ocr_par' dir='ltr' id='par_1_53' title="bbox 403 3521 1418 3601">
     <span class='ocr_line' id='line_1_53' title="bbox 403 3521 1418 3601; baseline 0.009 -28"><span class='ocrx_word' id='word_1_396' title='bbox 403 3521 522 3588; x_wconf 91' lang='grc' dir='ltr'><em>λου,</em></span> <span class='ocrx_word' id='word_1_397' title='bbox 556 3525 649 3576; x_wconf 73' lang='grc' dir='ltr'><strong><em>καὶ</em></strong></span> <span class='ocrx_word' id='word_1_398' title='bbox 675 3525 833 3596; x_wconf 73' lang='grc' dir='ltr'><em>μερὶς</em></span> <span class='ocrx_word' id='word_1_399' title='bbox 866 3527 1074 3580; x_wconf 81' lang='grc' dir='ltr'><em>ἐκείνου</em></span> <span class='ocrx_word' id='word_1_400' title='bbox 1111 3529 1418 3601; x_wconf 87' lang='grc' dir='ltr'><em>γενόμενος.</em></span> 
     </span>
    </p>
   </div>
   <div class='ocr_carea' id='block_1_54' title="bbox 405 3610 1982 3734">
    <p class='ocr_par' dir='ltr' id='par_1_54' title="bbox 405 3610 1982 3734">
     <span class='ocr_line' id='line_1_54' title="bbox 405 3610 1982 3734; baseline 0.01 -73"><span class='ocrx_word' id='word_1_401' title='bbox 405 3610 551 3734; x_wconf 42' lang='lat' dir='ltr'><strong><em>Ecl)?</em></strong></span> <span class='ocrx_word' id='word_1_402' title='bbox 580 3619 646 3681; x_wconf 87' lang='grc' dir='ltr'><em>γ’.</em></span> <span class='ocrx_word' id='word_1_403' title='bbox 671 3615 768 3680; x_wconf 89' lang='grc' dir='ltr'><strong><em>Τίς</em></strong></span> <span class='ocrx_word' id='word_1_404' title='bbox 789 3615 1148 3684; x_wconf 80' lang='grc' dir='ltr'><em>ἀναϐήσεται</em></span> <span class='ocrx_word' id='word_1_405' title='bbox 1171 3621 1258 3685; x_wconf 74' lang='grc' dir='ltr'><em>εἰς</em></span> <span class='ocrx_word' id='word_1_406' title='bbox 1277 3621 1341 3674; x_wconf 81' lang='grc' dir='ltr'><strong><em>τὸ</em></strong></span> <span class='ocrx_word' id='word_1_407' title='bbox 1379 3621 1639 3703; x_wconf 58' lang='grc' dir='ltr'><em>ὄροςτοῦ</em></span> <span class='ocrx_word' id='word_1_408' title='bbox 1655 3623 1877 3691; x_wconf 82' lang='grc' dir='ltr'><em>Κυρίου</em></span> <span class='ocrx_word' id='word_1_409' title='bbox 1899 3639 1918 3687; x_wconf 89' lang='grc'><em>;</em></span> <span class='ocrx_word' id='word_1_410' title='bbox 1944 3621 1982 3692; x_wconf 83' lang='grc' dir='ltr'>ἢ</span> 
     </span>
     <span class='ocr_line' id='line_1_55' title="bbox 476 3683 1588 3734; baseline 0 0"><span class='ocrx_word' id='word_1_411' title='bbox 476 3697 510 3733; x_wconf 76' lang='grc' dir='ltr'><em>’τ</em></span> <span class='ocrx_word' id='word_1_412' title='bbox 537 3703 568 3734; x_wconf 72' lang='grc' dir='ltr'><strong><em>ς</em></strong></span> <span class='ocrx_word' id='word_1_413' title='bbox 594 3683 884 3734; x_wconf 75' lang='grc' dir='ltr'><em>στήσεται</em></span> <span class='ocrx_word' id='word_1_414' title='bbox 913 3685 983 3734; x_wconf 80' lang='grc' dir='ltr'><em>ἐν</em></span> <span class='ocrx_word' id='word_1_415' title='bbox 1005 3688 1164 3734; x_wconf 82' lang='grc' dir='ltr'><em>τόπω</em></span> <span class='ocrx_word' id='word_1_416' title='bbox 1191 3690 1337 3734; x_wconf 64' lang='grc' dir='ltr'><em>ἁνία)</em></span> <span class='ocrx_word' id='word_1_417' title='bbox 1366 3693 1550 3734; x_wconf 69' lang='grc' dir='ltr'><strong><em>αὐτην</em></strong></span> <span class='ocrx_word' id='word_1_418' title='bbox 1576 3709 1588 3720; x_wconf 93' lang='grc'><strong>-</strong></span> 
     </span>
    </p>
   </div>
   <div class='ocr_carea' id='block_1_55' title="bbox 476 3683 1588 3758">
    <p class='ocr_par' dir='ltr' id='par_1_55' title="bbox 476 3683 1588 3758">
     <span class='ocr_line' id='line_1_56' title="bbox 476 3683 1588 3758; baseline 0.012 -25"><span class='ocrx_word' id='word_1_419' title='bbox 476 3683 568 3748; x_wconf 86' lang='grc' dir='ltr'><strong><em>τίς</em></strong></span> <span class='ocrx_word' id='word_1_420' title='bbox 594 3683 884 3749; x_wconf 81' lang='grc' dir='ltr'><em>στήσεται</em></span> <span class='ocrx_word' id='word_1_421' title='bbox 913 3683 983 3739; x_wconf 78' lang='grc' dir='ltr'><em>ἐν</em></span> <span class='ocrx_word' id='word_1_422' title='bbox 1005 3688 1164 3752; x_wconf 88' lang='grc' dir='ltr'><em>τόπῳ</em></span> <span class='ocrx_word' id='word_1_423' title='bbox 1191 3683 1337 3758; x_wconf 58' lang='grc' dir='ltr'><em>ἁγίῳ</em></span> <span class='ocrx_word' id='word_1_424' title='bbox 1366 3683 1588 3756; x_wconf 52' lang='lat' dir='ltr'><strong><em>aurei“);</em></strong></span> 
     </span>
    </p>
   </div>
   <div class='ocr_carea' id='block_1_56' title="bbox 479 3772 1984 3854">
    <p class='ocr_par' dir='ltr' id='par_1_56' title="bbox 479 3772 1984 3854">
     <span class='ocr_line' id='line_1_57' title="bbox 479 3772 1984 3854; baseline 0.011 -29"><span class='ocrx_word' id='word_1_425' title='bbox 479 3772 592 3842; x_wconf 80' lang='lat'><strong><em>(56)</em></strong></span> <span class='ocrx_word' id='word_1_426' title='bbox 624 3775 695 3826; x_wconf 86' lang='grc' dir='ltr'><strong>Ἦ</strong></span> <span class='ocrx_word' id='word_1_427' title='bbox 725 3775 817 3828; x_wconf 78' lang='grc' dir='ltr'><strong><em>καὶ</em></strong></span> <span class='ocrx_word' id='word_1_428' title='bbox 847 3776 971 3846; x_wconf 81' lang='grc' dir='ltr'><em>ὅρος</em></span> <span class='ocrx_word' id='word_1_429' title='bbox 997 3779 1200 3851; x_wconf 85' lang='grc' dir='ltr'><em>Κυρίου</em></span> <span class='ocrx_word' id='word_1_430' title='bbox 1221 3781 1281 3833; x_wconf 90' lang='grc' dir='ltr'><strong><em>τὸ</em></strong></span> <span class='ocrx_word' id='word_1_431' title='bbox 1300 3781 1511 3836; x_wconf 83' lang='grc' dir='ltr'><em>τελικὸν</em></span> <span class='ocrx_word' id='word_1_432' title='bbox 1545 3783 1746 3854; x_wconf 83' lang='grc' dir='ltr'><em>ἀγαθὸν</em></span> <span class='ocrx_word' id='word_1_433' title='bbox 1771 3787 1865 3839; x_wconf 76' lang='grc' dir='ltr'><strong><em>καὶ</em></strong></span> <span class='ocrx_word' id='word_1_434' title='bbox 1894 3785 1984 3841; x_wconf 83' lang='grc' dir='ltr'><strong><em>τὸν</em></strong></span> 
     </span>
    </p>
   </div>
   <div class='ocr_carea' id='block_1_57' title="bbox 403 3863 1982 3948">
    <p class='ocr_par' dir='ltr' id='par_1_57' title="bbox 403 3863 1982 3948">
     <span class='ocr_line' id='line_1_58' title="bbox 403 3863 1982 3948; baseline 0.009 -32"><span class='ocrx_word' id='word_1_435' title='bbox 403 3863 535 3916; x_wconf 79' lang='grc' dir='ltr'><em>Θεὸν</em></span> <span class='ocrx_word' id='word_1_436' title='bbox 561 3865 751 3933; x_wconf 83' lang='grc' dir='ltr'><em>Λόγον.</em></span> <span class='ocrx_word' id='word_1_437' title='bbox 787 3866 1018 3931; x_wconf 82' lang='grc' dir='ltr'><em>Σπάνιος</em></span> <span class='ocrx_word' id='word_1_438' title='bbox 1049 3869 1156 3940; x_wconf 75' lang='grc' dir='ltr'><em>γὰρ</em></span> <span class='ocrx_word' id='word_1_439' title='bbox 1182 3873 1210 3924; x_wconf 88' lang='grc' dir='ltr'>ὁ</span> <span class='ocrx_word' id='word_1_440' title='bbox 1241 3873 1378 3942; x_wconf 88' lang='grc' dir='ltr'><em>πρὸς</em></span> <span class='ocrx_word' id='word_1_441' title='bbox 1421 3875 1518 3944; x_wconf 83' lang='grc' dir='ltr'><strong><em>τὴν</em></strong></span> <span class='ocrx_word' id='word_1_442' title='bbox 1550 3875 1866 3948; x_wconf 82' lang='grc' dir='ltr'><em>ἀκρώρειαν</em></span> <span class='ocrx_word' id='word_1_443' title='bbox 1884 3877 1982 3930; x_wconf 77' lang='grc' dir='ltr'><strong><em>αὒ-</em></strong></span> 
     </span>
    </p>
   </div>
   <div class='ocr_carea' id='block_1_58' title="bbox 403 3955 1572 4036">
    <p class='ocr_par' dir='ltr' id='par_1_58' title="bbox 403 3955 1572 4036">
     <span class='ocr_line' id='line_1_59' title="bbox 403 3955 1572 4036; baseline 0.011 -29"><span class='ocrx_word' id='word_1_444' title='bbox 403 3955 498 4009; x_wconf 80' lang='grc' dir='ltr'><em>τοῦ</em></span> <span class='ocrx_word' id='word_1_445' title='bbox 524 3957 612 4010; x_wconf 70' lang='grc' dir='ltr'><em>διὰ</em></span> <span class='ocrx_word' id='word_1_446' title='bbox 645 3959 928 4030; x_wconf 83' lang='grc' dir='ltr'><em>προκοπῆς</em></span> <span class='ocrx_word' id='word_1_447' title='bbox 954 3960 1220 4032; x_wconf 79' lang='grc' dir='ltr'><em>ἀναϐῆναι</em></span> <span class='ocrx_word' id='word_1_448' title='bbox 1259 3963 1572 4036; x_wconf 85' lang='grc' dir='ltr'><em>δυνάμενος.</em></span> 
     </span>
    </p>
   </div>
   <div class='ocr_carea' id='block_1_59' title="bbox 464 4129 1984 4216">
    <p class='ocr_par' dir='ltr' id='par_1_59' title="bbox 464 4129 1984 4216">
     <span class='ocr_line' id='line_1_60' title="bbox 464 4129 1984 4216; baseline 0.011 -32"><span class='ocrx_word' id='word_1_449' title='bbox 464 4129 574 4200; x_wconf 81' lang='grc'>(57)</span> <span class='ocrx_word' id='word_1_450' title='bbox 593 4131 648 4184; x_wconf 88' lang='grc'><strong><em>’0</em></strong></span> <span class='ocrx_word' id='word_1_451' title='bbox 664 4131 772 4202; x_wconf 81' lang='grc' dir='ltr'><em>γὰρ</em></span> <span class='ocrx_word' id='word_1_452' title='bbox 785 4133 1112 4202; x_wconf 75' lang='grc' dir='ltr'><em>τελειωθεὶς,</em></span> <span class='ocrx_word' id='word_1_453' title='bbox 1131 4137 1327 4206; x_wconf 82' lang='grc' dir='ltr'><em>μηκέτι</em></span> <span class='ocrx_word' id='word_1_454' title='bbox 1345 4141 1649 4216; x_wconf 86' lang='grc' dir='ltr'><em>περαιτέρω</em></span> <span class='ocrx_word' id='word_1_455' title='bbox 1663 4149 1860 4216; x_wconf 85' lang='grc' dir='ltr'><em>χωρεῖν</em></span> <span class='ocrx_word' id='word_1_456' title='bbox 1873 4141 1984 4213; x_wconf 70' lang='grc' dir='ltr'><em>οἷός</em></span> 
     </span>
    </p>
   </div>
   <div class='ocr_carea' id='block_1_60' title="bbox 402 4221 1981 4305">
    <p class='ocr_par' dir='ltr' id='par_1_60' title="bbox 402 4221 1981 4305">
     <span class='ocr_line' id='line_1_61' title="bbox 402 4221 1981 4305; baseline 0.012 -32"><span class='ocrx_word' id='word_1_457' title='bbox 402 4239 460 4274; x_wconf 88' lang='grc' dir='ltr'><strong><em>τε</em></strong></span> <span class='ocrx_word' id='word_1_458' title='bbox 496 4221 590 4288; x_wconf 82' lang='grc' dir='ltr'><em>ὢν,</em></span> <span class='ocrx_word' id='word_1_459' title='bbox 620 4224 830 4278; x_wconf 80' lang='grc' dir='ltr'><em>ἵσταται</em></span> <span class='ocrx_word' id='word_1_460' title='bbox 862 4225 1096 4295; x_wconf 75' lang='grc' dir='ltr'><em>βέϐαιος,</em></span> <span class='ocrx_word' id='word_1_461' title='bbox 1123 4229 1215 4282; x_wconf 81' lang='grc' dir='ltr'><strong><em>καὶ</em></strong></span> <span class='ocrx_word' id='word_1_462' title='bbox 1239 4231 1590 4302; x_wconf 80' lang='grc' dir='ltr'><em>χρηματίζων</em></span> <span class='ocrx_word' id='word_1_463' title='bbox 1631 4235 1784 4305; x_wconf 74' lang='grc' dir='ltr'><em>ἅγιος</em></span> <span class='ocrx_word' id='word_1_464' title='bbox 1819 4239 1981 4302; x_wconf 87' lang='grc' dir='ltr'><em>τόπος</em></span> 
     </span>
    </p>
   </div>
   <div class='ocr_carea' id='block_1_61' title="bbox 403 4313 1978 4394">
    <p class='ocr_par' dir='ltr' id='par_1_61' title="bbox 403 4313 1978 4394">
     <span class='ocr_line' id='line_1_62' title="bbox 403 4313 1978 4394; baseline 0.011 -30"><span class='ocrx_word' id='word_1_465' title='bbox 403 4313 559 4367; x_wconf 77' lang='grc' dir='ltr'><em>Θεοῦ.</em></span> <span class='ocrx_word' id='word_1_466' title='bbox 607 4315 812 4368; x_wconf 83' lang='grc' dir='ltr'><em>Ὀπίσω</em></span> <span class='ocrx_word' id='word_1_467' title='bbox 851 4315 964 4389; x_wconf 83' lang='grc' dir='ltr'><em>γὰρ</em></span> <span class='ocrx_word' id='word_1_468' title='bbox 1001 4319 1206 4389; x_wconf 83' lang='grc' dir='ltr'><em>Κυρίου</em></span> <span class='ocrx_word' id='word_1_469' title='bbox 1249 4324 1643 4394; x_wconf 83' lang='grc' dir='ltr'><em>πορευόμενος,</em></span> <span class='ocrx_word' id='word_1_470' title='bbox 1671 4327 1978 4384; x_wconf 81' lang='grc' dir='ltr'><em>ἀναϐαίνει·</em></span> 
     </span>
    </p>
   </div>
   <div class='ocr_carea' id='block_1_62' title="bbox 401 4403 1981 4489">
    <p class='ocr_par' dir='ltr' id='par_1_62' title="bbox 401 4403 1981 4489">
     <span class='ocr_line' id='line_1_63' title="bbox 401 4403 1981 4489; baseline 0.012 -34"><span class='ocrx_word' id='word_1_471' title='bbox 401 4403 522 4456; x_wconf 82' lang='grc' dir='ltr'><em>τῶν</em></span> <span class='ocrx_word' id='word_1_472' title='bbox 552 4404 670 4473; x_wconf 84' lang='grc' dir='ltr'><em>μὲν</em></span> <span class='ocrx_word' id='word_1_473' title='bbox 705 4405 956 4460; x_wconf 77' lang='grc' dir='ltr'><em>ὄπισθεν</em></span> <span class='ocrx_word' id='word_1_474' title='bbox 1001 4409 1579 4483; x_wconf 76' lang='grc' dir='ltr'><em>ἐπιλανθανόμενος,</em></span> <span class='ocrx_word' id='word_1_475' title='bbox 1635 4417 1760 4484; x_wconf 82' lang='grc' dir='ltr'><em>τοῖς</em></span> <span class='ocrx_word' id='word_1_476' title='bbox 1783 4418 1852 4471; x_wconf 80' lang='grc' dir='ltr'><em>δὲ</em></span> <span class='ocrx_word' id='word_1_477' title='bbox 1877 4419 1981 4489; x_wconf 80' lang='grc' dir='ltr'><strong><em>ἒμ-</em></strong></span> 
     </span>
    </p>
   </div>
   <div class='ocr_carea' id='block_1_63' title="bbox 403 4497 1981 4581">
    <p class='ocr_par' dir='ltr' id='par_1_63' title="bbox 403 4497 1981 4581">
     <span class='ocr_line' id='line_1_64' title="bbox 403 4497 1981 4581; baseline 0.013 -35"><span class='ocrx_word' id='word_1_478' title='bbox 403 4499 668 4561; x_wconf 79' lang='grc' dir='ltr'><em>προσθεν</em></span> <span class='ocrx_word' id='word_1_479' title='bbox 719 4497 1207 4568; x_wconf 81' lang='grc' dir='ltr'><em>ἐπεκτεινόμενος</em></span> <span class='ocrx_word' id='word_1_480' title='bbox 1226 4545 1240 4568; x_wconf 90' lang='grc'><strong><em>,</em></strong></span> <span class='ocrx_word' id='word_1_481' title='bbox 1293 4504 1444 4569; x_wconf 85' lang='grc' dir='ltr'><em>τέλος</em></span> <span class='ocrx_word' id='word_1_482' title='bbox 1494 4507 1632 4578; x_wconf 79' lang='grc' dir='ltr'><em>ἔχων</em></span> <span class='ocrx_word' id='word_1_483' title='bbox 1694 4509 1756 4563; x_wconf 92' lang='grc' dir='ltr'><strong><em>τὸ</em></strong></span> <span class='ocrx_word' id='word_1_484' title='bbox 1790 4511 1981 4581; x_wconf 83' lang='grc' dir='ltr'><em>στῆναι</em></span> 
     </span>
    </p>
   </div>
   <div class='ocr_carea' id='block_1_64' title="bbox 2097 1961 3028 2033">
    <p class='ocr_par' dir='ltr' id='par_1_64' title="bbox 2097 1961 3028 2033">
     <span class='ocr_line' id='line_1_65' title="bbox 2097 1961 3028 2033; baseline -0.002 -15"><span class='ocrx_word' id='word_1_485' title='bbox 2097 1979 2297 2019; x_wconf 84' lang='lat' dir='ltr'><strong><em>omnem</em></strong></span> <span class='ocrx_word' id='word_1_486' title='bbox 2323 1963 2496 2033; x_wconf 76' lang='lat' dir='ltr'><strong><em>ﬁlium</em></strong></span> <span class='ocrx_word' id='word_1_487' title='bbox 2521 1979 2674 2032; x_wconf 87' lang='lat' dir='ltr'><strong><em>quem</em></strong></span> <span class='ocrx_word' id='word_1_488' title='bbox 2693 1961 2909 2030; x_wconf 73' lang='lat' dir='ltr'><strong><em>suscipit</em></strong></span> <span class='ocrx_word' id='word_1_489' title='bbox 2941 1961 3028 2032; x_wconf 82' lang='grc'><strong><em>³².;</em></strong></span> 
     </span>
    </p>
   </div>
   <div class='ocr_carea' id='block_1_65' title="bbox 2361 2232 3086 2296">
    <p class='ocr_par' dir='ltr' id='par_1_65' title="bbox 2361 2232 3086 2296">
     <span class='ocr_line' id='line_1_66' title="bbox 2361 2232 3086 2296; baseline -0.014 0"><span class='ocrx_word' id='word_1_490' title='bbox 2361 2293 2364 2296; x_wconf 83' lang='lat'><strong><em>.</em></strong></span> <span class='ocrx_word' id='word_1_491' title='bbox 2654 2233 2850 2288; x_wconf 81' lang='lat' dir='ltr'><strong><em>PSAL.</em></strong></span> <span class='ocrx_word' id='word_1_492' title='bbox 2891 2232 3086 2288; x_wconf 77' lang='lat' dir='ltr'><strong><em>XXIII.</em></strong></span> 
     </span>
    </p>
   </div>
   <div class='ocr_carea' id='block_1_66' title="bbox 2287 2324 3468 2396">
    <p class='ocr_par' dir='ltr' id='par_1_66' title="bbox 2287 2324 3468 2396">
     <span class='ocr_line' id='line_1_67' title="bbox 2287 2324 3468 2396; baseline -0.007 -14"><span class='ocrx_word' id='word_1_493' title='bbox 2287 2327 2348 2382; x_wconf 87' lang='lat' dir='ltr'><strong><em>V.</em></strong></span> <span class='ocrx_word' id='word_1_494' title='bbox 2379 2327 2433 2380; x_wconf 72' lang='grc'><em>2.</em></span> <span class='ocrx_word' id='word_1_495' title='bbox 2467 2324 2534 2380; x_wconf 87' lang='lat' dir='ltr'><strong><em>Et</em></strong></span> <span class='ocrx_word' id='word_1_496' title='bbox 2561 2328 2616 2382; x_wconf 89' lang='lat' dir='ltr'><strong><em>in</em></strong></span> <span class='ocrx_word' id='word_1_497' title='bbox 2644 2325 2950 2396; x_wconf 84' lang='lat' dir='ltr'><strong><em>ﬂuminibus</em></strong></span> <span class='ocrx_word' id='word_1_498' title='bbox 2979 2325 3296 2394; x_wconf 49' lang='lat' dir='ltr'><strong><em>praeparavit</em></strong></span> <span class='ocrx_word' id='word_1_499' title='bbox 3331 2337 3468 2377; x_wconf 89' lang='lat' dir='ltr'><strong><em>eam.</em></strong></span> 
     </span>
    </p>
   </div>
   <div class='ocr_carea' id='block_1_67' title="bbox 2161 2413 3658 2474">
    <p class='ocr_par' dir='ltr' id='par_1_67' title="bbox 2161 2413 3658 2474">
     <span class='ocr_line' id='line_1_68' title="bbox 2161 2413 3658 2474; baseline -0.004 -2"><span class='ocrx_word' id='word_1_500' title='bbox 2161 2417 2334 2474; x_wconf 86' lang='lat' dir='ltr'><strong><em>Aliter</em></strong></span> <span class='ocrx_word' id='word_1_501' title='bbox 2371 2437 2382 2472; x_wconf 93' lang='lat'>:</span> <span class='ocrx_word' id='word_1_502' title='bbox 2415 2429 2540 2473; x_wconf 87' lang='lat' dir='ltr'><strong><em>ante</em></strong></span> <span class='ocrx_word' id='word_1_503' title='bbox 2587 2419 2874 2474; x_wconf 79' lang='lat' dir='ltr'><strong><em>adventum</em></strong></span> <span class='ocrx_word' id='word_1_504' title='bbox 2918 2417 3119 2473; x_wconf 86' lang='lat' dir='ltr'><strong><em>Christi</em></strong></span> <span class='ocrx_word' id='word_1_505' title='bbox 3175 2425 3330 2471; x_wconf 87' lang='lat' dir='ltr'><strong><em>notus</em></strong></span> <span class='ocrx_word' id='word_1_506' title='bbox 3360 2415 3413 2469; x_wconf 90' lang='lat' dir='ltr'><strong><em>in</em></strong></span> <span class='ocrx_word' id='word_1_507' title='bbox 3459 2413 3658 2468; x_wconf 66' lang='lat' dir='ltr'><strong><em>Iudaea</em></strong></span> 
     </span>
    </p>
   </div>
   <div class='ocr_carea' id='block_1_68' title="bbox 2091 2505 3660 2579">
    <p class='ocr_par' dir='ltr' id='par_1_68' title="bbox 2091 2505 3660 2579">
     <span class='ocr_line' id='line_1_69' title="bbox 2091 2505 3660 2579; baseline -0.007 -12"><span class='ocrx_word' id='word_1_508' title='bbox 2091 2513 2358 2568; x_wconf 84' lang='lat' dir='ltr'><strong><em>duntaxat</em></strong></span> <span class='ocrx_word' id='word_1_509' title='bbox 2393 2523 2510 2566; x_wconf 88' lang='lat' dir='ltr'><strong><em>erat</em></strong></span> <span class='ocrx_word' id='word_1_510' title='bbox 2553 2513 2692 2566; x_wconf 92' lang='lat' dir='ltr'><strong><em>Deus</em></strong></span> <span class='ocrx_word' id='word_1_511' title='bbox 2723 2511 2768 2544; x_wconf 85' lang='grc'>³³</span> <span class='ocrx_word' id='word_1_512' title='bbox 2802 2531 2816 2567; x_wconf 88' lang='lat'><strong>:</strong></span> <span class='ocrx_word' id='word_1_513' title='bbox 2858 2520 2914 2564; x_wconf 88' lang='lat' dir='ltr'><strong><em>at</em></strong></span> <span class='ocrx_word' id='word_1_514' title='bbox 2945 2521 3068 2579; x_wconf 86' lang='lat' dir='ltr'><strong><em>p05t</em></strong></span> <span class='ocrx_word' id='word_1_515' title='bbox 3094 2509 3410 2572; x_wconf 84' lang='lat' dir='ltr'><strong><em>adventum,</em></strong></span> <span class='ocrx_word' id='word_1_516' title='bbox 3447 2505 3660 2558; x_wconf 85' lang='lat' dir='ltr'><strong><em>Domini</em></strong></span> 
     </span>
    </p>
   </div>
   <div class='ocr_carea' id='block_1_69' title="bbox 2087 2599 3658 2674">
    <p class='ocr_par' dir='ltr' id='par_1_69' title="bbox 2087 2599 3658 2674">
     <span class='ocr_line' id='line_1_70' title="bbox 2087 2599 3658 2674; baseline -0.003 -14"><span class='ocrx_word' id='word_1_517' title='bbox 2087 2615 2165 2660; x_wconf 85' lang='lat' dir='ltr'><strong><em>est</em></strong></span> <span class='ocrx_word' id='word_1_518' title='bbox 2189 2617 2331 2659; x_wconf 87' lang='lat' dir='ltr'><strong><em>terra</em></strong></span> <span class='ocrx_word' id='word_1_519' title='bbox 2363 2603 2424 2660; x_wconf 70' lang='lat'><strong><em>“.</em></strong></span> <span class='ocrx_word' id='word_1_520' title='bbox 2459 2603 2564 2660; x_wconf 86' lang='lat' dir='ltr'><strong><em>Sed</em></strong></span> <span class='ocrx_word' id='word_1_521' title='bbox 2597 2619 2774 2674; x_wconf 88' lang='lat' dir='ltr'><strong><em>neque</em></strong></span> <span class='ocrx_word' id='word_1_522' title='bbox 2801 2604 3079 2674; x_wconf 83' lang='lat' dir='ltr'><strong><em>plenitudo</em></strong></span> <span class='ocrx_word' id='word_1_523' title='bbox 3107 2609 3234 2655; x_wconf 87' lang='lat' dir='ltr'><strong><em>ante</em></strong></span> <span class='ocrx_word' id='word_1_524' title='bbox 3257 2599 3410 2656; x_wconf 90' lang='lat' dir='ltr'><strong><em>illum</em></strong></span> <span class='ocrx_word' id='word_1_525' title='bbox 3450 2610 3569 2656; x_wconf 88' lang='lat' dir='ltr'><strong><em>erat</em></strong></span> <span class='ocrx_word' id='word_1_526' title='bbox 3605 2603 3658 2656; x_wconf 92' lang='lat' dir='ltr'><strong><em>in</em></strong></span> 
     </span>
    </p>
   </div>
   <div class='ocr_carea' id='block_1_70' title="bbox 2088 2694 3658 2766">
    <p class='ocr_par' dir='ltr' id='par_1_70' title="bbox 2088 2694 3658 2766">
     <span class='ocr_line' id='line_1_71' title="bbox 2088 2694 3658 2766; baseline -0.002 -13"><span class='ocrx_word' id='word_1_527' title='bbox 2088 2699 2342 2754; x_wconf 88' lang='lat' dir='ltr'><strong><em>universa</em></strong></span> <span class='ocrx_word' id='word_1_528' title='bbox 2391 2705 2540 2752; x_wconf 86' lang='lat' dir='ltr'><strong><em>terra</em></strong></span> <span class='ocrx_word' id='word_1_529' title='bbox 2585 2715 2597 2751; x_wconf 92' lang='lat'><strong>:</strong></span> <span class='ocrx_word' id='word_1_530' title='bbox 2649 2697 2890 2766; x_wconf 89' lang='lat' dir='ltr'><strong><em>quinimo</em></strong></span> <span class='ocrx_word' id='word_1_531' title='bbox 2939 2695 3099 2766; x_wconf 90' lang='lat' dir='ltr'><strong><em>plena</em></strong></span> <span class='ocrx_word' id='word_1_532' title='bbox 3150 2703 3270 2750; x_wconf 89' lang='lat' dir='ltr'><strong><em>erat</em></strong></span> <span class='ocrx_word' id='word_1_533' title='bbox 3315 2708 3414 2763; x_wconf 89' lang='lat' dir='ltr'><strong><em>pro</em></strong></span> <span class='ocrx_word' id='word_1_534' title='bbox 3467 2694 3658 2764; x_wconf 84' lang='lat' dir='ltr'><strong><em>majori</em></strong></span> 
     </span>
    </p>
   </div>
   <div class='ocr_carea' id='block_1_71' title="bbox 2087 2786 3661 2862">
    <p class='ocr_par' dir='ltr' id='par_1_71' title="bbox 2087 2786 3661 2862">
     <span class='ocr_line' id='line_1_72' title="bbox 2087 2786 3661 2862; baseline -0.003 -16"><span class='ocrx_word' id='word_1_535' title='bbox 2087 2799 2244 2862; x_wconf 87' lang='lat' dir='ltr'><strong><em>parte</em></strong></span> <span class='ocrx_word' id='word_1_536' title='bbox 2277 2788 2622 2860; x_wconf 82' lang='lat' dir='ltr'><strong><em>ﬂagitiorum.</em></strong></span> <span class='ocrx_word' id='word_1_537' title='bbox 2657 2788 2783 2844; x_wconf 84' lang='lat' dir='ltr'><strong><em>Post</em></strong></span> <span class='ocrx_word' id='word_1_538' title='bbox 2816 2788 2969 2842; x_wconf 90' lang='lat' dir='ltr'><strong><em>illum</em></strong></span> <span class='ocrx_word' id='word_1_539' title='bbox 3003 2801 3134 2841; x_wconf 86' lang='lat' dir='ltr'><strong><em>vero</em></strong></span> <span class='ocrx_word' id='word_1_540' title='bbox 3159 2825 3175 2850; x_wconf 93' lang='lat'><strong><em>,</em></strong></span> <span class='ocrx_word' id='word_1_541' title='bbox 3208 2787 3362 2840; x_wconf 90' lang='lat' dir='ltr'><strong><em>mulli</em></strong></span> <span class='ocrx_word' id='word_1_542' title='bbox 3409 2786 3661 2842; x_wconf 88' lang='lat' dir='ltr'><strong><em>ethnico-</em></strong></span> 
     </span>
    </p>
   </div>
   <div class='ocr_carea' id='block_1_72' title="bbox 2089 2876 3660 2949">
    <p class='ocr_par' dir='ltr' id='par_1_72' title="bbox 2089 2876 3660 2949">
     <span class='ocr_line' id='line_1_73' title="bbox 2089 2876 3660 2949; baseline -0.003 -14"><span class='ocrx_word' id='word_1_543' title='bbox 2089 2895 2206 2935; x_wconf 90' lang='lat' dir='ltr'><strong><em>rum</em></strong></span> <span class='ocrx_word' id='word_1_544' title='bbox 2235 2879 2326 2949; x_wconf 91' lang='lat' dir='ltr'><strong><em>qui</em></strong></span> <span class='ocrx_word' id='word_1_545' title='bbox 2355 2879 2747 2943; x_wconf 89' lang='lat' dir='ltr'><strong><em>crediderunt,</em></strong></span> <span class='ocrx_word' id='word_1_546' title='bbox 2791 2879 2975 2934; x_wconf 89' lang='lat' dir='ltr'><strong><em>dicere</em></strong></span> <span class='ocrx_word' id='word_1_547' title='bbox 3019 2887 3286 2948; x_wconf 87' lang='lat' dir='ltr'><strong><em>possunt:</em></strong></span> <span class='ocrx_word' id='word_1_548' title='bbox 3319 2876 3397 2930; x_wconf 89' lang='lat' dir='ltr'><strong><em>De</em></strong></span> <span class='ocrx_word' id='word_1_549' title='bbox 3435 2876 3660 2941; x_wconf 71' lang='lat' dir='ltr'><strong><em>plenitu-</em></strong></span> 
     </span>
    </p>
   </div>
   <div class='ocr_carea' id='block_1_73' title="bbox 2087 2967 3660 3039">
    <p class='ocr_par' dir='ltr' id='par_1_73' title="bbox 2087 2967 3660 3039">
     <span class='ocr_line' id='line_1_74' title="bbox 2087 2967 3660 3039; baseline -0.002 -14"><span class='ocrx_word' id='word_1_550' title='bbox 2087 2971 2207 3026; x_wconf 81' lang='lat' dir='ltr'><strong><em>dine</em></strong></span> <span class='ocrx_word' id='word_1_551' title='bbox 2249 2970 2363 3039; x_wconf 85' lang='lat' dir='ltr'><strong><em>ejus</em></strong></span> <span class='ocrx_word' id='word_1_552' title='bbox 2403 2987 2495 3025; x_wconf 89' lang='lat' dir='ltr'><strong><em>nos</em></strong></span> <span class='ocrx_word' id='word_1_553' title='bbox 2533 2987 2711 3025; x_wconf 90' lang='lat' dir='ltr'><strong><em>omnes</em></strong></span> <span class='ocrx_word' id='word_1_554' title='bbox 2749 2969 3044 3037; x_wconf 85' lang='lat' dir='ltr'><strong><em>accepimus</em></strong></span> <span class='ocrx_word' id='word_1_555' title='bbox 3076 2967 3144 3020; x_wconf 82' lang='grc'><strong><em>³³.</em></strong></span> <span class='ocrx_word' id='word_1_556' title='bbox 3193 2967 3374 3035; x_wconf 82' lang='lat' dir='ltr'><strong><em>Quare</em></strong></span> <span class='ocrx_word' id='word_1_557' title='bbox 3405 2967 3568 3023; x_wconf 76' lang='lat' dir='ltr'><strong><em>etiam</em></strong></span> <span class='ocrx_word' id='word_1_558' title='bbox 3606 2975 3660 3022; x_wconf 87' lang='lat' dir='ltr'><strong><em>et</em></strong></span> 
     </span>
    </p>
   </div>
   <div class='ocr_carea' id='block_1_74' title="bbox 2085 3059 3654 3132">
    <p class='ocr_par' dir='ltr' id='par_1_74' title="bbox 2085 3059 3654 3132">
     <span class='ocr_line' id='line_1_75' title="bbox 2085 3059 3654 3132; baseline -0.005 -14"><span class='ocrx_word' id='word_1_559' title='bbox 2085 3063 2290 3119; x_wconf 89' lang='lat' dir='ltr'><strong><em>Christi</em></strong></span> <span class='ocrx_word' id='word_1_560' title='bbox 2342 3062 2622 3132; x_wconf 86' lang='lat' dir='ltr'><strong><em>plenitudo</em></strong></span> <span class='ocrx_word' id='word_1_561' title='bbox 2668 3063 2774 3118; x_wconf 91' lang='lat' dir='ltr'><strong><em>dici</em></strong></span> <span class='ocrx_word' id='word_1_562' title='bbox 2825 3069 3053 3132; x_wconf 89' lang='lat' dir='ltr'><strong><em>queunt.</em></strong></span> <span class='ocrx_word' id='word_1_563' title='bbox 3090 3059 3196 3114; x_wconf 84' lang='lat' dir='ltr'><strong><em>Sed</em></strong></span> <span class='ocrx_word' id='word_1_564' title='bbox 3233 3075 3338 3114; x_wconf 88' lang='lat' dir='ltr'><strong><em>non</em></strong></span> <span class='ocrx_word' id='word_1_565' title='bbox 3372 3059 3466 3130; x_wconf 89' lang='lat' dir='ltr'><strong><em>qui</em></strong></span> <span class='ocrx_word' id='word_1_566' title='bbox 3495 3059 3654 3112; x_wconf 86' lang='lat' dir='ltr'><strong><em>vacui</em></strong></span> 
     </span>
    </p>
   </div>
   <div class='ocr_carea' id='block_1_75' title="bbox 2087 3152 3666 3227">
    <p class='ocr_par' dir='ltr' id='par_1_75' title="bbox 2087 3152 3666 3227">
     <span class='ocr_line' id='line_1_76' title="bbox 2087 3152 3666 3227; baseline -0.004 -17"><span class='ocrx_word' id='word_1_567' title='bbox 2087 3163 2215 3212; x_wconf 88' lang='lat' dir='ltr'><strong><em>sunt</em></strong></span> <span class='ocrx_word' id='word_1_568' title='bbox 2245 3157 2556 3227; x_wconf 81' lang='lat' dir='ltr'><strong><em>evangelica</em></strong></span> <span class='ocrx_word' id='word_1_569' title='bbox 2589 3153 2804 3208; x_wconf 86' lang='lat' dir='ltr'><strong><em>vivendi</em></strong></span> <span class='ocrx_word' id='word_1_570' title='bbox 2835 3155 3068 3209; x_wconf 83' lang='lat' dir='ltr'><strong><em>ratione.</em></strong></span> <span class='ocrx_word' id='word_1_571' title='bbox 3104 3153 3244 3220; x_wconf 86' lang='lat' dir='ltr'><strong><em>Quin</em></strong></span> <span class='ocrx_word' id='word_1_572' title='bbox 3271 3154 3449 3222; x_wconf 88' lang='lat' dir='ltr'><strong><em>potius</em></strong></span> <span class='ocrx_word' id='word_1_573' title='bbox 3481 3152 3532 3206; x_wconf 92' lang='lat' dir='ltr'><strong><em>in</em></strong></span> <span class='ocrx_word' id='word_1_574' title='bbox 3558 3152 3666 3204; x_wconf 47' lang='lat' dir='ltr'><strong><em>de-</em></strong></span> 
     </span>
    </p>
   </div>
   <div class='ocr_carea' id='block_1_76' title="bbox 2088 3243 3664 3316">
    <p class='ocr_par' dir='ltr' id='par_1_76' title="bbox 2088 3243 3664 3316">
     <span class='ocr_line' id='line_1_77' title="bbox 2088 3243 3664 3316; baseline -0.004 -14"><span class='ocrx_word' id='word_1_575' title='bbox 2088 3255 2235 3302; x_wconf 84' lang='lat' dir='ltr'><strong><em>serto</em></strong></span> <span class='ocrx_word' id='word_1_576' title='bbox 2257 3257 2510 3316; x_wconf 86' lang='lat' dir='ltr'><strong><em>peccator</em></strong></span> <span class='ocrx_word' id='word_1_577' title='bbox 2535 3247 2764 3302; x_wconf 84' lang='lat' dir='ltr'><strong><em>habitat.</em></strong></span> <span class='ocrx_word' id='word_1_578' title='bbox 2811 3243 3010 3300; x_wconf 84' lang='lat' dir='ltr'><strong><em>Contra</em></strong></span> <span class='ocrx_word' id='word_1_579' title='bbox 3051 3255 3230 3298; x_wconf 85' lang='lat' dir='ltr'><strong><em>autem</em></strong></span> <span class='ocrx_word' id='word_1_580' title='bbox 3257 3245 3442 3298; x_wconf 83' lang='lat' dir='ltr'><strong><em>orbem</em></strong></span> <span class='ocrx_word' id='word_1_581' title='bbox 3483 3253 3664 3298; x_wconf 84' lang='lat' dir='ltr'><strong><em>terra-</em></strong></span> 
     </span>
    </p>
   </div>
   <div class='ocr_carea' id='block_1_77' title="bbox 2089 3335 3656 3410">
    <p class='ocr_par' dir='ltr' id='par_1_77' title="bbox 2089 3335 3656 3410">
     <span class='ocr_line' id='line_1_78' title="bbox 2089 3335 3656 3410; baseline -0.003 -16"><span class='ocrx_word' id='word_1_582' title='bbox 2089 3356 2208 3395; x_wconf 88' lang='lat' dir='ltr'><strong><em>rum</em></strong></span> <span class='ocrx_word' id='word_1_583' title='bbox 2237 3341 2449 3406; x_wconf 88' lang='lat' dir='ltr'><strong><em>incolit,</em></strong></span> <span class='ocrx_word' id='word_1_584' title='bbox 2472 3339 2564 3410; x_wconf 89' lang='lat' dir='ltr'><strong><em>qui</em></strong></span> <span class='ocrx_word' id='word_1_585' title='bbox 2608 3339 2800 3395; x_wconf 85' lang='lat' dir='ltr'><strong><em>incolit</em></strong></span> <span class='ocrx_word' id='word_1_586' title='bbox 2840 3335 3138 3394; x_wconf 88' lang='lat' dir='ltr'><strong><em>Ecclesiam</em></strong></span> <span class='ocrx_word' id='word_1_587' title='bbox 3174 3336 3431 3406; x_wconf 87' lang='lat' dir='ltr'><strong><em>repletam</em></strong></span> <span class='ocrx_word' id='word_1_588' title='bbox 3467 3345 3656 3390; x_wconf 87' lang='lat' dir='ltr'><strong><em>sancta</em></strong></span> 
     </span>
    </p>
   </div>
   <div class='ocr_carea' id='block_1_78' title="bbox 2089 3419 3666 3500">
    <p class='ocr_par' dir='ltr' id='par_1_78' title="bbox 2089 3419 3666 3500">
     <span class='ocr_line' id='line_1_79' title="bbox 2089 3419 3666 3500; baseline -0.001 -16"><span class='ocrx_word' id='word_1_589' title='bbox 2089 3427 2378 3498; x_wconf 89' lang='lat' dir='ltr'><strong><em>Trinitate,</em></strong></span> <span class='ocrx_word' id='word_1_590' title='bbox 2415 3441 2605 3500; x_wconf 85' lang='lat' dir='ltr'><strong><em>estque</em></strong></span> <span class='ocrx_word' id='word_1_591' title='bbox 2633 3431 2867 3486; x_wconf 88' lang='lat' dir='ltr'><strong><em>Domini.</em></strong></span> <span class='ocrx_word' id='word_1_592' title='bbox 2903 3427 3022 3484; x_wconf 87' lang='lat' dir='ltr'><strong><em>Non</em></strong></span> <span class='ocrx_word' id='word_1_593' title='bbox 3052 3429 3297 3500; x_wconf 88' lang='lat' dir='ltr'><strong><em>itemqui</em></strong></span> <span class='ocrx_word' id='word_1_594' title='bbox 3337 3443 3404 3481; x_wconf 79' lang='lat' dir='ltr'><strong><em>ex</em></strong></span> <span class='ocrx_word' id='word_1_595' title='bbox 3444 3419 3666 3482; x_wconf 72' lang='lat' dir='ltr'><strong><em>diabolo</em></strong></span> 
     </span>
    </p>
   </div>
   <div class='ocr_carea' id='block_1_79' title="bbox 2087 3520 3252 3592">
    <p class='ocr_par' dir='ltr' id='par_1_79' title="bbox 2087 3520 3252 3592">
     <span class='ocr_line' id='line_1_80' title="bbox 2087 3520 3252 3592; baseline -0.001 -15"><span class='ocrx_word' id='word_1_596' title='bbox 2087 3532 2248 3577; x_wconf 87' lang='lat' dir='ltr'><strong><em>natus</em></strong></span> <span class='ocrx_word' id='word_1_597' title='bbox 2280 3533 2386 3587; x_wconf 90' lang='lat' dir='ltr'><strong><em>est,</em></strong></span> <span class='ocrx_word' id='word_1_598' title='bbox 2415 3532 2510 3577; x_wconf 90' lang='lat' dir='ltr'><strong><em>aut</em></strong></span> <span class='ocrx_word' id='word_1_599' title='bbox 2539 3537 2669 3592; x_wconf 89' lang='lat' dir='ltr'><strong><em>pars</em></strong></span> <span class='ocrx_word' id='word_1_600' title='bbox 2701 3521 2846 3577; x_wconf 91' lang='lat' dir='ltr'><strong><em>illius</em></strong></span> <span class='ocrx_word' id='word_1_601' title='bbox 2870 3520 3096 3576; x_wconf 81' lang='lat' dir='ltr'><strong><em>eﬂ‘ectus</em></strong></span> <span class='ocrx_word' id='word_1_602' title='bbox 3129 3521 3252 3576; x_wconf 82' lang='lat' dir='ltr'><strong><em>fuit.</em></strong></span> 
     </span>
    </p>
   </div>
   <div class='ocr_carea' id='block_1_80' title="bbox 2140 3611 3604 3682">
    <p class='ocr_par' dir='ltr' id='par_1_80' title="bbox 2140 3611 3604 3682">
     <span class='ocr_line' id='line_1_81' title="bbox 2140 3611 3604 3682; baseline -0.003 -12"><span class='ocrx_word' id='word_1_603' title='bbox 2140 3615 2206 3670; x_wconf 69' lang='grc' dir='ltr'><strong><em>ν.</em></strong></span> <span class='ocrx_word' id='word_1_604' title='bbox 2239 3617 2294 3671; x_wconf 80' lang='lat'><strong><em>&#39;5.</em></strong></span> <span class='ocrx_word' id='word_1_605' title='bbox 2327 3613 2457 3681; x_wconf 84' lang='lat' dir='ltr'><strong><em>Quis</em></strong></span> <span class='ocrx_word' id='word_1_606' title='bbox 2485 3615 2725 3668; x_wconf 81' lang='lat' dir='ltr'><strong><em>ascendet</em></strong></span> <span class='ocrx_word' id='word_1_607' title='bbox 2753 3614 2810 3667; x_wconf 89' lang='lat' dir='ltr'><strong><em>in</em></strong></span> <span class='ocrx_word' id='word_1_608' title='bbox 2839 3625 3066 3668; x_wconf 83' lang='lat' dir='ltr'><strong><em>montem</em></strong></span> <span class='ocrx_word' id='word_1_609' title='bbox 3102 3613 3346 3666; x_wconf 82' lang='lat' dir='ltr'><strong><em>Domini?</em></strong></span> <span class='ocrx_word' id='word_1_610' title='bbox 3387 3611 3466 3666; x_wconf 73' lang='lat' dir='ltr'><strong><em>vel</em></strong></span> <span class='ocrx_word' id='word_1_611' title='bbox 3485 3613 3604 3682; x_wconf 82' lang='lat' dir='ltr'><strong><em>quis</em></strong></span> 
     </span>
    </p>
   </div>
   <div class='ocr_carea' id='block_1_81' title="bbox 2473 3683 3274 3754">
    <p class='ocr_par' dir='ltr' id='par_1_81' title="bbox 2473 3683 3274 3754">
     <span class='ocr_line' id='line_1_82' title="bbox 2473 3683 3274 3754; baseline -0.004 -15"><span class='ocrx_word' id='word_1_612' title='bbox 2473 3687 2632 3739; x_wconf 82' lang='lat' dir='ltr'><strong><em>stabit</em></strong></span> <span class='ocrx_word' id='word_1_613' title='bbox 2657 3689 2713 3738; x_wconf 86' lang='lat' dir='ltr'><strong><em>in</em></strong></span> <span class='ocrx_word' id='word_1_614' title='bbox 2743 3687 2855 3737; x_wconf 82' lang='lat' dir='ltr'><strong><em>loco</em></strong></span> <span class='ocrx_word' id='word_1_615' title='bbox 2888 3697 3070 3738; x_wconf 85' lang='lat' dir='ltr'><strong><em>sancto</em></strong></span> <span class='ocrx_word' id='word_1_616' title='bbox 3112 3683 3226 3754; x_wconf 82' lang='lat' dir='ltr'><strong><em>ejus</em></strong></span> <span class='ocrx_word' id='word_1_617' title='bbox 3249 3684 3274 3736; x_wconf 83' lang='lat'><strong><em>?</em></strong></span> 
     </span>
    </p>
   </div>
   <div class='ocr_carea' id='block_1_82' title="bbox 2159 3771 3660 3847">
    <p class='ocr_par' dir='ltr' id='par_1_82' title="bbox 2159 3771 3660 3847">
     <span class='ocr_line' id='line_1_83' title="bbox 2159 3771 3660 3847; baseline -0.001 -18"><span class='ocrx_word' id='word_1_618' title='bbox 2159 3774 2252 3829; x_wconf 80' lang='lat' dir='ltr'><strong><em>Vel</em></strong></span> <span class='ocrx_word' id='word_1_619' title='bbox 2287 3775 2450 3831; x_wconf 87' lang='lat' dir='ltr'><strong><em>etiam</em></strong></span> <span class='ocrx_word' id='word_1_620' title='bbox 2487 3777 2862 3847; x_wconf 87' lang='lat' dir='ltr'><strong><em>interpreteris</em></strong></span> <span class='ocrx_word' id='word_1_621' title='bbox 2887 3781 3126 3830; x_wconf 89' lang='lat' dir='ltr'><strong><em>montem</em></strong></span> <span class='ocrx_word' id='word_1_622' title='bbox 3167 3771 3380 3830; x_wconf 85' lang='lat' dir='ltr'><strong><em>Domini</em></strong></span> <span class='ocrx_word' id='word_1_623' title='bbox 3407 3773 3660 3842; x_wconf 83' lang='lat' dir='ltr'><strong><em>perfecti-</em></strong></span> 
     </span>
    </p>
   </div>
   <div class='ocr_carea' id='block_1_83' title="bbox 2085 3863 3659 3936">
    <p class='ocr_par' dir='ltr' id='par_1_83' title="bbox 2085 3863 3659 3936">
     <span class='ocr_line' id='line_1_84' title="bbox 2085 3863 3659 3936; baseline -0.001 -15"><span class='ocrx_word' id='word_1_624' title='bbox 2085 3883 2213 3922; x_wconf 91' lang='lat' dir='ltr'><strong><em>vum</em></strong></span> <span class='ocrx_word' id='word_1_625' title='bbox 2240 3869 2463 3932; x_wconf 88' lang='lat' dir='ltr'><strong><em>bonum,</em></strong></span> <span class='ocrx_word' id='word_1_626' title='bbox 2499 3878 2548 3923; x_wconf 90' lang='lat' dir='ltr'><strong><em>et</em></strong></span> <span class='ocrx_word' id='word_1_627' title='bbox 2583 3869 2872 3936; x_wconf 89' lang='lat' dir='ltr'><strong><em>ipsummet</em></strong></span> <span class='ocrx_word' id='word_1_628' title='bbox 2893 3869 3060 3924; x_wconf 91' lang='lat' dir='ltr'><strong><em>Deum</em></strong></span> <span class='ocrx_word' id='word_1_629' title='bbox 3093 3865 3348 3922; x_wconf 79' lang='lat' dir='ltr'><strong><em>Verbum.</em></strong></span> <span class='ocrx_word' id='word_1_630' title='bbox 3377 3863 3553 3920; x_wconf 76' lang='lat' dir='ltr'><strong><em>Rarus</em></strong></span> <span class='ocrx_word' id='word_1_631' title='bbox 3573 3867 3659 3920; x_wconf 83' lang='lat' dir='ltr'><strong><em>est</em></strong></span> 
     </span>
    </p>
   </div>
   <div class='ocr_carea' id='block_1_84' title="bbox 2087 3955 3659 4034">
    <p class='ocr_par' dir='ltr' id='par_1_84' title="bbox 2087 3955 3659 4034">
     <span class='ocr_line' id='line_1_85' title="bbox 2087 3955 3659 4034; baseline -0.001 -22"><span class='ocrx_word' id='word_1_632' title='bbox 2087 3959 2235 4012; x_wconf 89' lang='lat' dir='ltr'><strong><em>enim</em></strong></span> <span class='ocrx_word' id='word_1_633' title='bbox 2279 3957 2374 4028; x_wconf 91' lang='lat' dir='ltr'><strong><em>qui</em></strong></span> <span class='ocrx_word' id='word_1_634' title='bbox 2414 3960 2480 4014; x_wconf 88' lang='lat' dir='ltr'><strong><em>ad</em></strong></span> <span class='ocrx_word' id='word_1_635' title='bbox 2523 3960 2784 4015; x_wconf 86' lang='lat' dir='ltr'><strong><em>verticem</em></strong></span> <span class='ocrx_word' id='word_1_636' title='bbox 2815 3958 2931 4028; x_wconf 90' lang='lat' dir='ltr'><strong><em>ejus</em></strong></span> <span class='ocrx_word' id='word_1_637' title='bbox 2961 3975 3029 4014; x_wconf 82' lang='lat' dir='ltr'><strong><em>ex</em></strong></span> <span class='ocrx_word' id='word_1_638' title='bbox 3075 3955 3317 4034; x_wconf 74' lang='lat' dir='ltr'><strong><em>profectu</em></strong></span> <span class='ocrx_word' id='word_1_639' title='bbox 3364 3956 3659 4010; x_wconf 87' lang='lat' dir='ltr'><strong><em>ascendere</em></strong></span> 
     </span>
    </p>
   </div>
   <div class='ocr_carea' id='block_1_85' title="bbox 2085 4059 2272 4120">
    <p class='ocr_par' dir='ltr' id='par_1_85' title="bbox 2085 4059 2272 4120">
     <span class='ocr_line' id='line_1_86' title="bbox 2085 4059 2272 4120; baseline 0.005 -17"><span class='ocrx_word' id='word_1_640' title='bbox 2085 4059 2272 4120; x_wconf 88' lang='lat' dir='ltr'><strong><em>queat.</em></strong></span> 
     </span>
    </p>
   </div>
   <div class='ocr_carea' id='block_1_86' title="bbox 2158 4139 3661 4210">
    <p class='ocr_par' dir='ltr' id='par_1_86' title="bbox 2158 4139 3661 4210">
     <span class='ocr_line' id='line_1_87' title="bbox 2158 4139 3661 4210; baseline -0.001 -16"><span class='ocrx_word' id='word_1_641' title='bbox 2158 4142 2260 4209; x_wconf 83' lang='lat' dir='ltr'><strong><em>Qui</em></strong></span> <span class='ocrx_word' id='word_1_642' title='bbox 2291 4144 2434 4197; x_wconf 90' lang='lat' dir='ltr'><strong><em>enim</em></strong></span> <span class='ocrx_word' id='word_1_643' title='bbox 2460 4151 2871 4197; x_wconf 87' lang='lat' dir='ltr'><strong><em>consummatus</em></strong></span> <span class='ocrx_word' id='word_1_644' title='bbox 2894 4149 2992 4204; x_wconf 86' lang='lat' dir='ltr'><strong><em>est,</em></strong></span> <span class='ocrx_word' id='word_1_645' title='bbox 3027 4156 3132 4196; x_wconf 92' lang='lat' dir='ltr'><strong><em>non</em></strong></span> <span class='ocrx_word' id='word_1_646' title='bbox 3164 4139 3396 4210; x_wconf 87' lang='lat' dir='ltr'><strong><em>amplius</em></strong></span> <span class='ocrx_word' id='word_1_647' title='bbox 3432 4139 3661 4193; x_wconf 80' lang='lat' dir='ltr'><strong><em>ulterius</em></strong></span> 
     </span>
    </p>
   </div>
   <div class='ocr_carea' id='block_1_87' title="bbox 2085 4234 3656 4306">
    <p class='ocr_par' dir='ltr' id='par_1_87' title="bbox 2085 4234 3656 4306">
     <span class='ocr_line' id='line_1_88' title="bbox 2085 4234 3656 4306; baseline 0.001 -18"><span class='ocrx_word' id='word_1_648' title='bbox 2085 4236 2338 4306; x_wconf 79' lang='lat' dir='ltr'><strong><em>progredi</em></strong></span> <span class='ocrx_word' id='word_1_649' title='bbox 2370 4235 2710 4296; x_wconf 77' lang='lat' dir='ltr'><strong><em>valens.-stat</em></strong></span> <span class='ocrx_word' id='word_1_650' title='bbox 2743 4235 2953 4302; x_wconf 81' lang='lat' dir='ltr'><strong><em>ﬁrmus,</em></strong></span> <span class='ocrx_word' id='word_1_651' title='bbox 2984 4244 3040 4291; x_wconf 91' lang='lat' dir='ltr'><strong><em>et</em></strong></span> <span class='ocrx_word' id='word_1_652' title='bbox 3071 4245 3298 4289; x_wconf 87' lang='lat' dir='ltr'><strong><em>vocatur</em></strong></span> <span class='ocrx_word' id='word_1_653' title='bbox 3323 4243 3548 4288; x_wconf 82' lang='lat' dir='ltr'><strong><em>sanctus</em></strong></span> <span class='ocrx_word' id='word_1_654' title='bbox 3571 4234 3656 4289; x_wconf 92' lang='lat' dir='ltr'><strong><em>lo-</em></strong></span> 
     </span>
    </p>
   </div>
   <div class='ocr_carea' id='block_1_88' title="bbox 2085 4327 3654 4394">
    <p class='ocr_par' dir='ltr' id='par_1_88' title="bbox 2085 4327 3654 4394">
     <span class='ocr_line' id='line_1_89' title="bbox 2085 4327 3654 4394; baseline -0.002 -9"><span class='ocrx_word' id='word_1_655' title='bbox 2085 4345 2183 4385; x_wconf 87' lang='lat' dir='ltr'><strong><em>cus</em></strong></span> <span class='ocrx_word' id='word_1_656' title='bbox 2212 4331 2326 4384; x_wconf 90' lang='lat' dir='ltr'><strong><em>Dei.</em></strong></span> <span class='ocrx_word' id='word_1_657' title='bbox 2365 4329 2510 4384; x_wconf 89' lang='lat' dir='ltr'><strong><em>Pone</em></strong></span> <span class='ocrx_word' id='word_1_658' title='bbox 2549 4329 2692 4384; x_wconf 88' lang='lat' dir='ltr'><strong><em>enim</em></strong></span> <span class='ocrx_word' id='word_1_659' title='bbox 2719 4329 3003 4384; x_wconf 88' lang='lat' dir='ltr'><strong><em>Dominum</em></strong></span> <span class='ocrx_word' id='word_1_660' title='bbox 3045 4329 3326 4394; x_wconf 79' lang='lat' dir='ltr'><strong><em>incedens,</em></strong></span> <span class='ocrx_word' id='word_1_661' title='bbox 3361 4327 3654 4382; x_wconf 81' lang='lat' dir='ltr'><strong><em>ascendit:</em></strong></span> 
     </span>
    </p>
   </div>
   <div class='ocr_carea' id='block_1_89' title="bbox 2086 4419 3656 4492">
    <p class='ocr_par' dir='ltr' id='par_1_89' title="bbox 2086 4419 3656 4492">
     <span class='ocr_line' id='line_1_90' title="bbox 2086 4419 3656 4492; baseline -0.004 -16"><span class='ocrx_word' id='word_1_662' title='bbox 2086 4437 2264 4477; x_wconf 89' lang='lat' dir='ltr'><strong><em>eorum</em></strong></span> <span class='ocrx_word' id='word_1_663' title='bbox 2287 4437 2404 4492; x_wconf 72' lang='lat' dir='ltr'><strong><em>qum</em></strong></span> <span class='ocrx_word' id='word_1_664' title='bbox 2427 4431 2567 4474; x_wconf 84' lang='lat' dir='ltr'><strong><em>retro</em></strong></span> <span class='ocrx_word' id='word_1_665' title='bbox 2607 4430 2748 4482; x_wconf 87' lang='lat' dir='ltr'><strong><em>sunt,</em></strong></span> <span class='ocrx_word' id='word_1_666' title='bbox 2783 4419 3015 4486; x_wconf 83' lang='lat' dir='ltr'><strong><em>oblitus;</em></strong></span> <span class='ocrx_word' id='word_1_667' title='bbox 3047 4419 3116 4473; x_wconf 82' lang='lat' dir='ltr'><strong><em>ad</em></strong></span> <span class='ocrx_word' id='word_1_668' title='bbox 3147 4435 3210 4474; x_wconf 89' lang='lat' dir='ltr'><strong><em>ea</em></strong></span> <span class='ocrx_word' id='word_1_669' title='bbox 3237 4435 3356 4473; x_wconf 76' lang='lat' dir='ltr'><strong><em>vero</em></strong></span> <span class='ocrx_word' id='word_1_670' title='bbox 3391 4433 3508 4488; x_wconf 71' lang='lat' dir='ltr'><strong><em>qua:</em></strong></span> <span class='ocrx_word' id='word_1_671' title='bbox 3535 4427 3656 4472; x_wconf 86' lang='lat' dir='ltr'><strong><em>sunt</em></strong></span> 
     </span>
    </p>
   </div>
   <div class='ocr_carea' id='block_1_90' title="bbox 2087 4508 3657 4580">
    <p class='ocr_par' dir='ltr' id='par_1_90' title="bbox 2087 4508 3657 4580">
     <span class='ocr_line' id='line_1_91' title="bbox 2087 4508 3657 4580; baseline -0.004 -14"><span class='ocrx_word' id='word_1_672' title='bbox 2087 4523 2228 4576; x_wconf 89' lang='lat' dir='ltr'><strong><em>ante,</em></strong></span> <span class='ocrx_word' id='word_1_673' title='bbox 2251 4513 2404 4566; x_wconf 75' lang='lat' dir='ltr'><strong><em>enixe</em></strong></span> <span class='ocrx_word' id='word_1_674' title='bbox 2434 4511 2753 4564; x_wconf 84' lang='lat' dir='ltr'><strong><em>contendens</em></strong></span> <span class='ocrx_word' id='word_1_675' title='bbox 2779 4510 2844 4575; x_wconf 75' lang='grc'><strong><em>³⁵,</em></strong></span> <span class='ocrx_word' id='word_1_676' title='bbox 2869 4509 3028 4564; x_wconf 83' lang='lat' dir='ltr'><strong><em>linem</em></strong></span> <span class='ocrx_word' id='word_1_677' title='bbox 3056 4508 3156 4564; x_wconf 89' lang='lat' dir='ltr'><strong><em>sibi</em></strong></span> <span class='ocrx_word' id='word_1_678' title='bbox 3185 4521 3490 4580; x_wconf 89' lang='lat' dir='ltr'><strong><em>proponens</em></strong></span> <span class='ocrx_word' id='word_1_679' title='bbox 3509 4515 3657 4561; x_wconf 86' lang='lat' dir='ltr'><strong><em>stare</em></strong></span> 
     </span>
    </p>
   </div>
   <div class='ocr_carea' id='block_1_91' title="bbox 405 4583 1985 4671">
    <p class='ocr_par' dir='ltr' id='par_1_91' title="bbox 405 4583 1979 4671">
     <span class='ocr_line' id='line_1_92' title="bbox 405 4583 1979 4671; baseline 0.013 -36"><span class='ocrx_word' id='word_1_680' title='bbox 405 4583 542 4652; x_wconf 85' lang='grc' dir='ltr'><em>μετὰ</em></span> <span class='ocrx_word' id='word_1_681' title='bbox 570 4583 702 4638; x_wconf 81' lang='grc' dir='ltr'><em>Θεοῦ</em></span> <span class='ocrx_word' id='word_1_682' title='bbox 728 4589 786 4640; x_wconf 81' lang='grc' dir='ltr'><em>ἐν</em></span> <span class='ocrx_word' id='word_1_683' title='bbox 815 4588 964 4657; x_wconf 84' lang='grc' dir='ltr'><em>τόπῳ</em></span> <span class='ocrx_word' id='word_1_684' title='bbox 995 4591 1134 4662; x_wconf 86' lang='grc' dir='ltr'><em>ἁγίῳ</em></span> <span class='ocrx_word' id='word_1_685' title='bbox 1167 4593 1331 4648; x_wconf 82' lang='grc' dir='ltr'><em>αὐτοῦ</em></span> <span class='ocrx_word' id='word_1_686' title='bbox 1354 4613 1366 4626; x_wconf 89' lang='grc'><strong>·</strong></span> <span class='ocrx_word' id='word_1_687' title='bbox 1392 4599 1477 4666; x_wconf 70' lang='grc' dir='ltr'><strong><em>ἐφ’</em></strong></span> <span class='ocrx_word' id='word_1_688' title='bbox 1503 4597 1561 4650; x_wconf 77' lang='grc' dir='ltr'><em>ὃν</em></span> <span class='ocrx_word' id='word_1_689' title='bbox 1599 4599 1681 4652; x_wconf 75' lang='grc' dir='ltr'><strong><em>δεῖ</em></strong></span> <span class='ocrx_word' id='word_1_690' title='bbox 1711 4601 1979 4671; x_wconf 78' lang='grc' dir='ltr'><em>ἀναϐῆναι</em></span> 
     </span>
    </p>
   </div>
   <div class='ocr_carea' id='block_1_92' title="bbox 2088 4583 3657 4671">
    <p class='ocr_par' dir='ltr' id='par_1_92' title="bbox 2088 4601 3657 4669">
     <span class='ocr_line' id='line_1_93' title="bbox 2088 4601 3657 4669; baseline -0.006 -10"><span class='ocrx_word' id='word_1_691' title='bbox 2088 4619 2210 4659; x_wconf 86' lang='lat' dir='ltr'><strong><em>eum</em></strong></span> <span class='ocrx_word' id='word_1_692' title='bbox 2259 4602 2369 4657; x_wconf 85' lang='lat' dir='ltr'><strong><em>Deo</em></strong></span> <span class='ocrx_word' id='word_1_693' title='bbox 2417 4605 2470 4656; x_wconf 90' lang='lat' dir='ltr'><strong><em>in</em></strong></span> <span class='ocrx_word' id='word_1_694' title='bbox 2517 4601 2638 4656; x_wconf 91' lang='lat' dir='ltr'><strong><em>loco</em></strong></span> <span class='ocrx_word' id='word_1_695' title='bbox 2683 4610 2870 4656; x_wconf 87' lang='lat' dir='ltr'><strong><em>sancto</em></strong></span> <span class='ocrx_word' id='word_1_696' title='bbox 2914 4603 3074 4669; x_wconf 88' lang='lat' dir='ltr'><strong><em>ejus:</em></strong></span> <span class='ocrx_word' id='word_1_697' title='bbox 3111 4601 3177 4654; x_wconf 89' lang='lat' dir='ltr'><strong><em>ad</em></strong></span> <span class='ocrx_word' id='word_1_698' title='bbox 3225 4613 3386 4668; x_wconf 89' lang='lat' dir='ltr'><strong><em>quem</em></strong></span> <span class='ocrx_word' id='word_1_699' title='bbox 3439 4607 3657 4667; x_wconf 88' lang='lat' dir='ltr'><strong><em>oportet</em></strong></span> 
     </span>
    </p>
   </div>
   <div class='ocr_carea' id='block_1_93' title="bbox 401 4676 1978 4765">
    <p class='ocr_par' dir='ltr' id='par_1_93' title="bbox 401 4676 1978 4765">
     <span class='ocr_line' id='line_1_94' title="bbox 401 4676 1978 4765; baseline 0.013 -38"><span class='ocrx_word' id='word_1_700' title='bbox 401 4677 494 4728; x_wconf 74' lang='grc' dir='ltr'><strong><em>καὶ</em></strong></span> <span class='ocrx_word' id='word_1_701' title='bbox 532 4676 721 4747; x_wconf 82' lang='grc' dir='ltr'><em>στῆναι</em></span> <span class='ocrx_word' id='word_1_702' title='bbox 761 4678 850 4732; x_wconf 87' lang='grc' dir='ltr'><strong><em>τὸν</em></strong></span> <span class='ocrx_word' id='word_1_703' title='bbox 893 4682 1374 4756; x_wconf 77' lang='grc' dir='ltr'><em>εὐαγγελιζόμενον</em></span> <span class='ocrx_word' id='word_1_704' title='bbox 1407 4691 1474 4760; x_wconf 83' lang='grc' dir='ltr'><em>τῇ</em></span> <span class='ocrx_word' id='word_1_705' title='bbox 1522 4691 1690 4755; x_wconf 88' lang='grc' dir='ltr'><em>Σιὼν,</em></span> <span class='ocrx_word' id='word_1_706' title='bbox 1729 4693 1868 4765; x_wconf 83' lang='grc' dir='ltr'><em>πρὸς</em></span> <span class='ocrx_word' id='word_1_707' title='bbox 1919 4695 1978 4748; x_wconf 78' lang='grc' dir='ltr'><em>ὃν</em></span> 
     </span>
    </p>
   </div>
   <div class='ocr_carea' id='block_1_94' title="bbox 400 4774 1980 4856">
    <p class='ocr_par' dir='ltr' id='par_1_94' title="bbox 400 4774 1980 4856">
     <span class='ocr_line' id='line_1_95' title="bbox 400 4774 1980 4856; baseline 0.009 -30"><span class='ocrx_word' id='word_1_708' title='bbox 400 4774 656 4843; x_wconf 83' lang='grc' dir='ltr'><em>ἐφθακότι</em></span> <span class='ocrx_word' id='word_1_709' title='bbox 703 4778 782 4850; x_wconf 79' lang='grc' dir='ltr'><em>τῷ</em></span> <span class='ocrx_word' id='word_1_710' title='bbox 827 4782 1033 4854; x_wconf 80' lang='grc' dir='ltr'><strong><em>Μωῦσῇ</em></strong></span> <span class='ocrx_word' id='word_1_711' title='bbox 1077 4801 1239 4856; x_wconf 82' lang='grc' dir='ltr'><em>φησιν</em></span> <span class='ocrx_word' id='word_1_712' title='bbox 1291 4787 1318 4838; x_wconf 88' lang='grc' dir='ltr'>ὁ</span> <span class='ocrx_word' id='word_1_713' title='bbox 1373 4785 1541 4848; x_wconf 80' lang='grc' dir='ltr'><em>Θεὸς·</em></span> <span class='ocrx_word' id='word_1_714' title='bbox 1575 4785 1659 4838; x_wconf 89' lang='grc' dir='ltr'><strong><em>Σὺ</em></strong></span> <span class='ocrx_word' id='word_1_715' title='bbox 1690 4786 1758 4838; x_wconf 90' lang='grc' dir='ltr'><em>δὲ</em></span> <span class='ocrx_word' id='word_1_716' title='bbox 1791 4787 1980 4841; x_wconf 81' lang='grc' dir='ltr'><em>αὐτοῦ</em></span> 
     </span>
    </p>
   </div>
   <div class='ocr_carea' id='block_1_95' title="bbox 400 4865 1978 4946">
    <p class='ocr_par' dir='ltr' id='par_1_95' title="bbox 400 4865 1978 4946">
     <span class='ocr_line' id='line_1_96' title="bbox 400 4865 1978 4946; baseline 0.009 -29"><span class='ocrx_word' id='word_1_717' title='bbox 400 4865 578 4934; x_wconf 81' lang='grc' dir='ltr'><em>στῆθι</em></span> <span class='ocrx_word' id='word_1_718' title='bbox 609 4871 737 4935; x_wconf 83' lang='grc' dir='ltr'><em>μετ’</em></span> <span class='ocrx_word' id='word_1_719' title='bbox 772 4871 939 4940; x_wconf 83' lang='grc' dir='ltr'><em>ἐμοῦ.</em></span> <span class='ocrx_word' id='word_1_720' title='bbox 983 4874 1144 4928; x_wconf 78' lang='grc' dir='ltr'><em>Ἀλλὰ</em></span> <span class='ocrx_word' id='word_1_721' title='bbox 1173 4875 1264 4928; x_wconf 70' lang='grc' dir='ltr'><strong><em>καὶ</em></strong></span> <span class='ocrx_word' id='word_1_722' title='bbox 1293 4877 1600 4943; x_wconf 82' lang='grc' dir='ltr'><em>Ἔστησεν</em></span> <span class='ocrx_word' id='word_1_723' title='bbox 1627 4877 1727 4930; x_wconf 76' lang='grc' dir='ltr'><strong><em>ἐπὶ</em></strong></span> <span class='ocrx_word' id='word_1_724' title='bbox 1755 4877 1978 4946; x_wconf 84' lang='grc' dir='ltr'><em>πέτραν</em></span> 
     </span>
    </p>
   </div>
   <div class='ocr_carea' id='block_1_96' title="bbox 399 4959 1975 5040">
    <p class='ocr_par' dir='ltr' id='par_1_96' title="bbox 399 4959 1975 5040">
     <span class='ocr_line' id='line_1_97' title="bbox 399 4959 1975 5040; baseline 0.009 -30"><span class='ocrx_word' id='word_1_725' title='bbox 399 4959 542 5026; x_wconf 84' lang='grc' dir='ltr'><em>τοὺς</em></span> <span class='ocrx_word' id='word_1_726' title='bbox 571 4963 762 5029; x_wconf 82' lang='grc' dir='ltr'><em>πόδας</em></span> <span class='ocrx_word' id='word_1_727' title='bbox 805 4983 954 5033; x_wconf 86' lang='grc' dir='ltr'><em>μου,</em></span> <span class='ocrx_word' id='word_1_728' title='bbox 987 4967 1061 5030; x_wconf 84' lang='grc' dir='ltr'><em>ὡς</em></span> <span class='ocrx_word' id='word_1_729' title='bbox 1096 4969 1180 5037; x_wconf 78' lang='grc' dir='ltr'><strong><em>ἐφ’</em></strong></span> <span class='ocrx_word' id='word_1_730' title='bbox 1213 4968 1400 5040; x_wconf 72' lang='grc' dir='ltr'><em>ἕτερον</em></span> <span class='ocrx_word' id='word_1_731' title='bbox 1441 4969 1692 5040; x_wconf 85' lang='grc' dir='ltr'><em>ἁγίασμὰ</em></span> <span class='ocrx_word' id='word_1_732' title='bbox 1723 4987 1885 5039; x_wconf 72' lang='grc' dir='ltr'><em>φασιν</em></span> <span class='ocrx_word' id='word_1_733' title='bbox 1927 4973 1975 5024; x_wconf 82' lang='grc' dir='ltr'><em>οἱ</em></span> 
     </span>
    </p>
   </div>
   <div class='ocr_carea' id='block_1_97' title="bbox 401 5051 1976 5126">
    <p class='ocr_par' dir='ltr' id='par_1_97' title="bbox 401 5051 1976 5126">
     <span class='ocr_line' id='line_1_98' title="bbox 401 5051 1976 5126; baseline 0.015 -28"><span class='ocrx_word' id='word_1_734' title='bbox 401 5051 694 5120; x_wconf 81' lang='grc' dir='ltr'><em>προφῆται.</em></span> <span class='ocrx_word' id='word_1_735' title='bbox 746 5053 904 5108; x_wconf 79' lang='grc' dir='ltr'><em>Ἐπεὶ</em></span> <span class='ocrx_word' id='word_1_736' title='bbox 929 5055 1113 5124; x_wconf 78' lang='grc' dir='ltr'><em>πέτρα</em></span> <span class='ocrx_word' id='word_1_737' title='bbox 1139 5053 1218 5126; x_wconf 82' lang='grc' dir='ltr'><em>ἦν</em></span> <span class='ocrx_word' id='word_1_738' title='bbox 1245 5061 1278 5112; x_wconf 85' lang='grc' dir='ltr'><strong><em>ό</em></strong></span> <span class='ocrx_word' id='word_1_739' title='bbox 1311 5059 1585 5126; x_wconf 81' lang='grc' dir='ltr'><em>Χριστός.</em></span> <span class='ocrx_word' id='word_1_740' title='bbox 1641 5059 1799 5113; x_wconf 80' lang='grc' dir='ltr'><em>Ἀλλὰ</em></span> <span class='ocrx_word' id='word_1_741' title='bbox 1837 5061 1920 5123; x_wconf 82' lang='grc' dir='ltr'><em>τίς</em></span> <span class='ocrx_word' id='word_1_742' title='bbox 1947 5061 1976 5112; x_wconf 77' lang='grc' dir='ltr'>ὁ</span> 
     </span>
    </p>
   </div>
   <div class='ocr_carea' id='block_1_98' title="bbox 397 5140 1976 5224">
    <p class='ocr_par' dir='ltr' id='par_1_98' title="bbox 397 5140 1976 5224">
     <span class='ocr_line' id='line_1_99' title="bbox 397 5140 1976 5224; baseline 0.009 -32"><span class='ocrx_word' id='word_1_743' title='bbox 397 5140 508 5194; x_wconf 83' lang='grc' dir='ltr'><em>τῶν</em></span> <span class='ocrx_word' id='word_1_744' title='bbox 534 5144 874 5212; x_wconf 80' lang='grc' dir='ltr'><em>ἐπαγγελιῶν</em></span> <span class='ocrx_word' id='word_1_745' title='bbox 905 5147 1108 5202; x_wconf 82' lang='grc' dir='ltr'><em>τούτων</em></span> <span class='ocrx_word' id='word_1_746' title='bbox 1123 5149 1461 5223; x_wconf 83' lang='grc' dir='ltr'><em>τευξόμενος,</em></span> <span class='ocrx_word' id='word_1_747' title='bbox 1486 5152 1698 5224; x_wconf 76' lang='grc' dir='ltr'><em>εἴρηται</em></span> <span class='ocrx_word' id='word_1_748' title='bbox 1721 5152 1976 5206; x_wconf 85' lang='grc' dir='ltr'><em>τελεώτε-</em></span> 
     </span>
    </p>
   </div>
   <div class='ocr_carea' id='block_1_99' title="bbox 404 5237 1544 5316">
    <p class='ocr_par' dir='ltr' id='par_1_99' title="bbox 404 5237 1544 5316">
     <span class='ocr_line' id='line_1_100' title="bbox 404 5237 1544 5316; baseline 0.011 -29"><span class='ocrx_word' id='word_1_749' title='bbox 404 5253 494 5306; x_wconf 87' lang='grc' dir='ltr'><strong><em>ρον</em></strong></span> <span class='ocrx_word' id='word_1_750' title='bbox 527 5237 584 5288; x_wconf 87' lang='grc' dir='ltr'><strong><em>ἐν</em></strong></span> <span class='ocrx_word' id='word_1_751' title='bbox 618 5237 698 5308; x_wconf 79' lang='grc' dir='ltr'><em>τῷ</em></span> <span class='ocrx_word' id='word_1_752' title='bbox 727 5242 1303 5315; x_wconf 77' lang='grc' dir='ltr'><em>τεσσαρεσκαιδεκάτῳ</em></span> <span class='ocrx_word' id='word_1_753' title='bbox 1324 5244 1544 5316; x_wconf 74' lang='grc' dir='ltr'><em>ψαλμῷ.</em></span> 
     </span>
    </p>
   </div>
   <div class='ocr_carea' id='block_1_100' title="bbox 2089 4689 3654 4764">
    <p class='ocr_par' dir='ltr' id='par_1_100' title="bbox 2089 4689 3654 4764">
     <span class='ocr_line' id='line_1_101' title="bbox 2089 4689 3654 4764; baseline -0.006 -13"><span class='ocrx_word' id='word_1_754' title='bbox 2089 4697 2349 4751; x_wconf 77' lang='lat' dir='ltr'><strong><em>ascendat</em></strong></span> <span class='ocrx_word' id='word_1_755' title='bbox 2386 4703 2439 4750; x_wconf 89' lang='lat' dir='ltr'><strong><em>et</em></strong></span> <span class='ocrx_word' id='word_1_756' title='bbox 2467 4705 2574 4750; x_wconf 90' lang='lat' dir='ltr'><strong><em>stet</em></strong></span> <span class='ocrx_word' id='word_1_757' title='bbox 2603 4696 2694 4763; x_wconf 88' lang='lat' dir='ltr'><strong><em>qui</em></strong></span> <span class='ocrx_word' id='word_1_758' title='bbox 2745 4693 3084 4764; x_wconf 76' lang='lat' dir='ltr'><strong><em>evangelizat</em></strong></span> <span class='ocrx_word' id='word_1_759' title='bbox 3129 4691 3282 4757; x_wconf 89' lang='lat' dir='ltr'><strong><em>Sion,</em></strong></span> <span class='ocrx_word' id='word_1_760' title='bbox 3313 4701 3368 4746; x_wconf 90' lang='lat' dir='ltr'><strong><em>et</em></strong></span> <span class='ocrx_word' id='word_1_761' title='bbox 3391 4689 3458 4743; x_wconf 89' lang='lat' dir='ltr'><strong><em>ad</em></strong></span> <span class='ocrx_word' id='word_1_762' title='bbox 3494 4705 3654 4759; x_wconf 85' lang='lat' dir='ltr'><strong><em>quem</em></strong></span> 
     </span>
    </p>
   </div>
   <div class='ocr_carea' id='block_1_101' title="bbox 2087 4781 3656 4858">
    <p class='ocr_par' dir='ltr' id='par_1_101' title="bbox 2087 4781 3656 4858">
     <span class='ocr_line' id='line_1_102' title="bbox 2087 4781 3656 4858; baseline -0.006 -16"><span class='ocrx_word' id='word_1_763' title='bbox 2087 4804 2252 4858; x_wconf 89' lang='lat' dir='ltr'><strong><em>quum</em></strong></span> <span class='ocrx_word' id='word_1_764' title='bbox 2283 4789 2618 4858; x_wconf 86' lang='lat' dir='ltr'><strong><em>pervenisset</em></strong></span> <span class='ocrx_word' id='word_1_765' title='bbox 2663 4787 2878 4857; x_wconf 83' lang='lat' dir='ltr'><strong><em>Moyses</em></strong></span> <span class='ocrx_word' id='word_1_766' title='bbox 2898 4825 2914 4850; x_wconf 90' lang='lat'><strong><em>,</em></strong></span> <span class='ocrx_word' id='word_1_767' title='bbox 2943 4785 3019 4840; x_wconf 89' lang='lat' dir='ltr'><strong><em>ait</em></strong></span> <span class='ocrx_word' id='word_1_768' title='bbox 3051 4783 3125 4838; x_wconf 91' lang='lat' dir='ltr'><strong><em>illi</em></strong></span> <span class='ocrx_word' id='word_1_769' title='bbox 3152 4783 3294 4838; x_wconf 86' lang='lat' dir='ltr'><strong><em>Deus</em></strong></span> <span class='ocrx_word' id='word_1_770' title='bbox 3323 4799 3338 4835; x_wconf 88' lang='lat'><strong>:</strong></span> <span class='ocrx_word' id='word_1_771' title='bbox 3369 4781 3447 4835; x_wconf 86' lang='lat' dir='ltr'><strong><em>Tu</em></strong></span> <span class='ocrx_word' id='word_1_772' title='bbox 3477 4791 3656 4835; x_wconf 81' lang='lat' dir='ltr'><strong><em>autem</em></strong></span> 
     </span>
    </p>
   </div>
   <div class='ocr_carea' id='block_1_102' title="bbox 2083 4867 3656 4943">
    <p class='ocr_par' dir='ltr' id='par_1_102' title="bbox 2083 4867 3656 4943">
     <span class='ocr_line' id='line_1_103' title="bbox 2083 4867 3656 4943; baseline -0.008 -9"><span class='ocrx_word' id='word_1_773' title='bbox 2083 4881 2156 4934; x_wconf 86' lang='lat' dir='ltr'><strong><em>ibi</em></strong></span> <span class='ocrx_word' id='word_1_774' title='bbox 2189 4889 2270 4934; x_wconf 85' lang='lat' dir='ltr'><strong><em>sta</em></strong></span> <span class='ocrx_word' id='word_1_775' title='bbox 2309 4895 2510 4932; x_wconf 86' lang='lat' dir='ltr'><strong><em>mecum</em></strong></span> <span class='ocrx_word' id='word_1_776' title='bbox 2543 4879 2608 4930; x_wconf 81' lang='grc'><strong><em>³⁷.</em></strong></span> <span class='ocrx_word' id='word_1_777' title='bbox 2640 4875 2780 4943; x_wconf 85' lang='lat' dir='ltr'><strong><em>Quin</em></strong></span> <span class='ocrx_word' id='word_1_778' title='bbox 2820 4877 2982 4931; x_wconf 85' lang='lat' dir='ltr'><strong><em>etiam</em></strong></span> <span class='ocrx_word' id='word_1_779' title='bbox 3005 4867 3240 4940; x_wconf 86' lang='lat' dir='ltr'><strong><em>,Statuit</em></strong></span> <span class='ocrx_word' id='word_1_780' title='bbox 3265 4889 3422 4942; x_wconf 80' lang='lat' dir='ltr'><strong><em>super</em></strong></span> <span class='ocrx_word' id='word_1_781' title='bbox 3451 4881 3656 4937; x_wconf 88' lang='lat' dir='ltr'><strong><em>petram</em></strong></span> 
     </span>
    </p>
   </div>
   <div class='ocr_carea' id='block_1_103' title="bbox 2084 4961 3655 5042">
    <p class='ocr_par' dir='ltr' id='par_1_103' title="bbox 2084 4961 3655 5042">
     <span class='ocr_line' id='line_1_104' title="bbox 2084 4961 3655 5042; baseline -0.008 -15"><span class='ocrx_word' id='word_1_782' title='bbox 2084 4976 2238 5042; x_wconf 85' lang='lat' dir='ltr'><strong><em>pedes</em></strong></span> <span class='ocrx_word' id='word_1_783' title='bbox 2285 4989 2426 5026; x_wconf 82' lang='lat' dir='ltr'><strong><em>meos</em></strong></span> <span class='ocrx_word' id='word_1_784' title='bbox 2468 4969 2537 5034; x_wconf 80' lang='grc'><strong><em>³⁸,</em></strong></span> <span class='ocrx_word' id='word_1_785' title='bbox 2583 4981 2838 5039; x_wconf 81' lang='lat' dir='ltr'><strong><em>tanquam</em></strong></span> <span class='ocrx_word' id='word_1_786' title='bbox 2883 4979 3046 5035; x_wconf 89' lang='lat' dir='ltr'><strong><em>super</em></strong></span> <span class='ocrx_word' id='word_1_787' title='bbox 3097 4965 3239 5018; x_wconf 86' lang='lat' dir='ltr'><strong><em>aliud</em></strong></span> <span class='ocrx_word' id='word_1_788' title='bbox 3285 4961 3655 5018; x_wconf 87' lang='lat' dir='ltr'><strong><em>sanctuarium</em></strong></span> 
     </span>
    </p>
   </div>
   <div class='ocr_carea' id='block_1_104' title="bbox 2083 5051 3652 5131">
    <p class='ocr_par' dir='ltr' id='par_1_104' title="bbox 2083 5051 3652 5131">
     <span class='ocr_line' id='line_1_105' title="bbox 2083 5051 3652 5131; baseline -0.007 -14"><span class='ocrx_word' id='word_1_789' title='bbox 2083 5065 2271 5117; x_wconf 86' lang='lat' dir='ltr'><strong><em>dicunt</em></strong></span> <span class='ocrx_word' id='word_1_790' title='bbox 2327 5063 2631 5131; x_wconf 76' lang='lat' dir='ltr'><strong><em>prophetae.</em></strong></span> <span class='ocrx_word' id='word_1_791' title='bbox 2699 5058 2863 5112; x_wconf 83' lang='lat' dir='ltr'><strong><em>Petra</em></strong></span> <span class='ocrx_word' id='word_1_792' title='bbox 2910 5067 3085 5110; x_wconf 90' lang='lat' dir='ltr'><strong><em>autem</em></strong></span> <span class='ocrx_word' id='word_1_793' title='bbox 3128 5065 3240 5109; x_wconf 88' lang='lat' dir='ltr'><strong><em>erat</em></strong></span> <span class='ocrx_word' id='word_1_794' title='bbox 3293 5053 3532 5108; x_wconf 84' lang='lat' dir='ltr'><strong><em>Christus</em></strong></span> <span class='ocrx_word' id='word_1_795' title='bbox 3585 5051 3652 5106; x_wconf 84' lang='grc'><strong><em>³⁹.</em></strong></span> 
     </span>
    </p>
   </div>
   <div class='ocr_carea' id='block_1_105' title="bbox 2081 5141 3654 5222">
    <p class='ocr_par' dir='ltr' id='par_1_105' title="bbox 2081 5141 3654 5222">
     <span class='ocr_line' id='line_1_106' title="bbox 2081 5141 3654 5222; baseline -0.008 -14"><span class='ocrx_word' id='word_1_796' title='bbox 2081 5153 2200 5208; x_wconf 80' lang='lat' dir='ltr'><strong><em>Jam</em></strong></span> <span class='ocrx_word' id='word_1_797' title='bbox 2237 5167 2365 5208; x_wconf 85' lang='lat' dir='ltr'><strong><em>vero</em></strong></span> <span class='ocrx_word' id='word_1_798' title='bbox 2400 5153 2522 5222; x_wconf 87' lang='lat' dir='ltr'><strong><em>quis</em></strong></span> <span class='ocrx_word' id='word_1_799' title='bbox 2561 5152 2752 5205; x_wconf 85' lang='lat' dir='ltr'><strong><em>harum</em></strong></span> <span class='ocrx_word' id='word_1_800' title='bbox 2802 5145 3223 5218; x_wconf 89' lang='lat' dir='ltr'><strong><em>promissionum</em></strong></span> <span class='ocrx_word' id='word_1_801' title='bbox 3270 5157 3490 5215; x_wconf 89' lang='lat' dir='ltr'><strong><em>compos</em></strong></span> <span class='ocrx_word' id='word_1_802' title='bbox 3535 5141 3654 5208; x_wconf 82' lang='lat' dir='ltr'><strong><em>ﬁat,</em></strong></span> 
     </span>
    </p>
   </div>
   <div class='ocr_carea' id='block_1_106' title="bbox 2080 5241 3437 5310">
    <p class='ocr_par' dir='ltr' id='par_1_106' title="bbox 2080 5241 3437 5310">
     <span class='ocr_line' id='line_1_107' title="bbox 2080 5241 3437 5310; baseline -0.006 -10"><span class='ocrx_word' id='word_1_803' title='bbox 2080 5246 2282 5300; x_wconf 89' lang='lat' dir='ltr'><strong><em>dictum</em></strong></span> <span class='ocrx_word' id='word_1_804' title='bbox 2315 5255 2399 5298; x_wconf 90' lang='lat' dir='ltr'><strong><em>est</em></strong></span> <span class='ocrx_word' id='word_1_805' title='bbox 2429 5244 2618 5297; x_wconf 89' lang='lat' dir='ltr'><strong><em>melius</em></strong></span> <span class='ocrx_word' id='word_1_806' title='bbox 2653 5245 2706 5295; x_wconf 88' lang='lat' dir='ltr'><strong><em>in</em></strong></span> <span class='ocrx_word' id='word_1_807' title='bbox 2741 5244 2948 5310; x_wconf 85' lang='lat' dir='ltr'><strong><em>psalmo</em></strong></span> <span class='ocrx_word' id='word_1_808' title='bbox 2973 5241 3186 5295; x_wconf 90' lang='lat' dir='ltr'><strong><em>decimo</em></strong></span> <span class='ocrx_word' id='word_1_809' title='bbox 3219 5247 3437 5309; x_wconf 86' lang='lat' dir='ltr'><strong><em>quarto.</em></strong></span> 
     </span>
    </p>
   </div>
   <div class='ocr_carea' id='block_1_107' title="bbox 461 5461 1985 5534">
    <p class='ocr_par' dir='ltr' id='par_1_107' title="bbox 461 5461 1985 5534">
     <span class='ocr_line' id='line_1_108' title="bbox 461 5461 1985 5534; baseline 0.005 -19"><span class='ocrx_word' id='word_1_810' title='bbox 461 5461 508 5534; x_wconf 62' lang='grc' dir='ltr'><strong><em>ἐξ</em></strong></span> <span class='ocrx_word' id='word_1_811' title='bbox 535 5463 673 5534; x_wconf 78' lang='lat' dir='ltr'><strong><em>Psal.</em></strong></span> <span class='ocrx_word' id='word_1_812' title='bbox 713 5480 950 5520; x_wconf 76' lang='lat' dir='ltr'><strong><em>Lxxxvm</em></strong></span> <span class='ocrx_word' id='word_1_813' title='bbox 975 5507 988 5529; x_wconf 92' lang='lat'><strong><em>,</em></strong></span> <span class='ocrx_word' id='word_1_814' title='bbox 1027 5467 1126 5534; x_wconf 82' lang='lat' dir='ltr'><strong><em>5i,</em></strong></span> <span class='ocrx_word' id='word_1_815' title='bbox 1166 5470 1253 5526; x_wconf 70' lang='lat' dir='ltr'><strong><em>Si.</em></strong></span> <span class='ocrx_word' id='word_1_816' title='bbox 1315 5473 1359 5504; x_wconf 78' lang='lat'><strong>”</strong></span> <span class='ocrx_word' id='word_1_817' title='bbox 1393 5471 1552 5526; x_wconf 87' lang='lat' dir='ltr'><strong><em>llebr.</em></strong></span> <span class='ocrx_word' id='word_1_818' title='bbox 1589 5487 1690 5534; x_wconf 77' lang='lat' dir='ltr'><strong><em>xu.</em></strong></span> <span class='ocrx_word' id='word_1_819' title='bbox 1731 5471 1784 5527; x_wconf 90' lang='lat'><strong><em>6.</em></strong></span> <span class='ocrx_word' id='word_1_820' title='bbox 1869 5471 1913 5503; x_wconf 79' lang='grc' dir='ltr'><strong><em>³ο</em></strong></span> <span class='ocrx_word' id='word_1_821' title='bbox 1945 5471 1985 5524; x_wconf 50' lang='grc' dir='ltr'><strong><em>Ρη</em></strong></span> 
     </span>
    </p>
   </div>
   <div class='ocr_carea' id='block_1_108' title="bbox 2088 5461 3656 5534">
    <p class='ocr_par' dir='ltr' id='par_1_108' title="bbox 2119 5462 3656 5534">
     <span class='ocr_line' id='line_1_109' title="bbox 2119 5462 3656 5534; baseline -0.005 -9"><span class='ocrx_word' id='word_1_822' title='bbox 2119 5487 2290 5534; x_wconf 66' lang='lat' dir='ltr'><strong><em>van,</em></strong></span> <span class='ocrx_word' id='word_1_823' title='bbox 2319 5471 2372 5526; x_wconf 73' lang='lat'><strong><em>2.</em></strong></span> <span class='ocrx_word' id='word_1_824' title='bbox 2411 5471 2466 5534; x_wconf 65' lang='grc'><em>4,</em></span> <span class='ocrx_word' id='word_1_825' title='bbox 2495 5470 2547 5524; x_wconf 89' lang='grc'><em>6.</em></span> <span class='ocrx_word' id='word_1_826' title='bbox 2634 5469 2674 5499; x_wconf 80' lang='grc'><strong><em>⁸¹</em></strong></span> <span class='ocrx_word' id='word_1_827' title='bbox 2707 5467 2993 5528; x_wconf 54' lang='grc' dir='ltr'><em>Ριοονωη,</em></span> <span class='ocrx_word' id='word_1_828' title='bbox 3027 5466 3117 5519; x_wconf 65' lang='lat'><strong><em>‘24.</em></strong></span> <span class='ocrx_word' id='word_1_829' title='bbox 3180 5465 3224 5496; x_wconf 82' lang='lat'><strong>&quot;</strong></span> <span class='ocrx_word' id='word_1_830' title='bbox 3267 5464 3561 5534; x_wconf 40' lang='lat' dir='ltr'><strong><em>Hebrrxtt,</em></strong></span> <span class='ocrx_word' id='word_1_831' title='bbox 3597 5462 3656 5519; x_wconf 87' lang='lat'><strong><em>6.</em></strong></span> 
     </span>
    </p>
   </div>
   <div class='ocr_carea' id='block_1_109' title="bbox 402 5531 1584 5610">
    <p class='ocr_par' dir='ltr' id='par_1_109' title="bbox 402 5531 1584 5610">
     <span class='ocr_line' id='line_1_110' title="bbox 402 5531 1584 5610; baseline 0.014 -25"><span class='ocrx_word' id='word_1_832' title='bbox 402 5531 450 5565; x_wconf 86' lang='grc'><strong><em>³³</em></strong></span> <span class='ocrx_word' id='word_1_833' title='bbox 491 5533 644 5610; x_wconf 54' lang='grc' dir='ltr'><strong><em>[δεειῆ</em></strong></span> <span class='ocrx_word' id='word_1_834' title='bbox 677 5551 839 5610; x_wconf 52' lang='grc' dir='ltr'><em>ωιξν,</em></span> <span class='ocrx_word' id='word_1_835' title='bbox 1014 5537 1058 5567; x_wconf 76' lang='grc'>³⁸</span> <span class='ocrx_word' id='word_1_836' title='bbox 1171 5540 1312 5598; x_wconf 81' lang='lat' dir='ltr'><strong><em>Psal.</em></strong></span> <span class='ocrx_word' id='word_1_837' title='bbox 1345 5557 1500 5610; x_wconf 81' lang='lat' dir='ltr'><strong><em>xxm,</em></strong></span> <span class='ocrx_word' id='word_1_838' title='bbox 1535 5545 1584 5602; x_wconf 82' lang='lat' dir='ltr'><strong><em>l.</em></strong></span> 
     </span>
    </p>
   </div>
   <div class='ocr_carea' id='block_1_110' title="bbox 404 5605 1144 5673">
    <p class='ocr_par' dir='ltr' id='par_1_110' title="bbox 404 5605 1144 5673">
     <span class='ocr_line' id='line_1_111' title="bbox 404 5605 1144 5673; baseline 0.009 -17"><span class='ocrx_word' id='word_1_839' title='bbox 404 5619 590 5668; x_wconf 80' lang='lat' dir='ltr'><strong><em>xxxix,</em></strong></span> <span class='ocrx_word' id='word_1_840' title='bbox 614 5607 666 5660; x_wconf 85' lang='lat'><strong><em>5.</em></strong></span> <span class='ocrx_word' id='word_1_841' title='bbox 747 5605 790 5638; x_wconf 79' lang='grc'><em>³³</em></span> <span class='ocrx_word' id='word_1_842' title='bbox 817 5606 980 5660; x_wconf 89' lang='lat' dir='ltr'><strong><em>lCor.</em></strong></span> <span class='ocrx_word' id='word_1_843' title='bbox 1006 5621 1063 5673; x_wconf 70' lang='grc' dir='ltr'><em>χ,</em></span> <span class='ocrx_word' id='word_1_844' title='bbox 1091 5607 1144 5663; x_wconf 77' lang='grc'><em>4.</em></span> 
     </span>
    </p>
   </div>
   <div class='ocr_carea' id='block_1_111' title="bbox 476 5759 1100 5898">
    <p class='ocr_par' dir='ltr' id='par_1_111' title="bbox 476 5759 1100 5898">
     <span class='ocr_line' id='line_1_112' title="bbox 476 5759 1100 5898; baseline 0.008 -87"><span class='ocrx_word' id='word_1_845' title='bbox 476 5759 589 5898; x_wconf 52' lang='lat' dir='ltr'><strong><em>(Si;</em></strong></span> <span class='ocrx_word' id='word_1_846' title='bbox 619 5761 782 5816; x_wconf 88' lang='lat' dir='ltr'><strong><em>Forte</em></strong></span> <span class='ocrx_word' id='word_1_847' title='bbox 813 5765 860 5816; x_wconf 83' lang='grc' dir='ltr'><em>εἰ</em></span> <span class='ocrx_word' id='word_1_848' title='bbox 899 5779 996 5832; x_wconf 87' lang='lat' dir='ltr'><strong><em>pro</em></strong></span> <span class='ocrx_word' id='word_1_849' title='bbox 1019 5763 1100 5817; x_wconf 84' lang='grc' dir='ltr'><em>οὐ.</em></span> 
     </span>
     <span class='ocr_line' id='line_1_113' title="bbox 476 5829 1100 5898; baseline 0.006 -13"><span class='ocrx_word' id='word_1_850' title='bbox 476 5829 566 5898; x_wconf 80' lang='lat'><strong><em>(55</em></strong></span> <span class='ocrx_word' id='word_1_851' title='bbox 628 5833 883 5889; x_wconf 79' lang='lat' dir='ltr'><strong><em>Confert.</em></strong></span> <span class='ocrx_word' id='word_1_852' title='bbox 917 5833 1026 5898; x_wconf 80' lang='lat' dir='ltr'><strong><em>Xll,</em></strong></span> <span class='ocrx_word' id='word_1_853' title='bbox 1057 5835 1100 5890; x_wconf 83' lang='lat' dir='ltr'><strong><em>lo</em></strong></span> 
     </span>
    </p>
   </div>
   <div class='ocr_carea' id='block_1_112' title="bbox 476 5829 1278 5902">
    <p class='ocr_par' dir='ltr' id='par_1_112' title="bbox 476 5829 1278 5902">
     <span class='ocr_line' id='line_1_114' title="bbox 476 5829 1278 5902; baseline 0.001 -17"><span class='ocrx_word' id='word_1_854' title='bbox 476 5829 586 5901; x_wconf 79' lang='lat'><strong><em>(55)</em></strong></span> <span class='ocrx_word' id='word_1_855' title='bbox 628 5833 883 5889; x_wconf 80' lang='lat' dir='ltr'><strong><em>Confert.</em></strong></span> <span class='ocrx_word' id='word_1_856' title='bbox 903 5829 1026 5902; x_wconf 72' lang='lat' dir='ltr'><strong><em>Xll,</em></strong></span> <span class='ocrx_word' id='word_1_857' title='bbox 1057 5835 1158 5890; x_wconf 91' lang='lat' dir='ltr'><strong><em>loc.</em></strong></span> <span class='ocrx_word' id='word_1_858' title='bbox 1185 5831 1278 5888; x_wconf 89' lang='lat' dir='ltr'><strong><em>cit.</em></strong></span> 
     </span>
    </p>
   </div>
   <div class='ocr_carea' id='block_1_113' title="bbox 1681 5529 1985 5610">
    <p class='ocr_par' dir='ltr' id='par_1_113' title="bbox 1681 5529 1985 5610">
     <span class='ocr_line' id='line_1_115' title="bbox 1681 5529 1985 5610; baseline -0.007 -12"><span class='ocrx_word' id='word_1_859' title='bbox 1681 5529 1724 5574; x_wconf 64' lang='grc'><em>³³</em></span> <span class='ocrx_word' id='word_1_860' title='bbox 1756 5543 1908 5599; x_wconf 82' lang='lat' dir='ltr'><strong><em>Joan.</em></strong></span> <span class='ocrx_word' id='word_1_861' title='bbox 1944 5559 1985 5610; x_wconf 81' lang='grc' dir='ltr'><strong><em>ι,</em></strong></span> 
     </span>
    </p>
   </div>
   <div class='ocr_carea' id='block_1_114' title="bbox 2088 5529 3657 5610">
    <p class='ocr_par' dir='ltr' id='par_1_114' title="bbox 2088 5529 3657 5610">
     <span class='ocr_line' id='line_1_116' title="bbox 2088 5529 3657 5610; baseline -0.003 -16"><span class='ocrx_word' id='word_1_862' title='bbox 2088 5581 2098 5594; x_wconf 94' lang='grc'><strong><em>.</em></strong></span> <span class='ocrx_word' id='word_1_863' title='bbox 2184 5543 2228 5572; x_wconf 78' lang='grc'><strong><em>³⁸</em></strong></span> <span class='ocrx_word' id='word_1_864' title='bbox 2258 5529 2492 5610; x_wconf 73' lang='lat' dir='ltr'><strong><em>Philipp.</em></strong></span> <span class='ocrx_word' id='word_1_865' title='bbox 2521 5557 2602 5606; x_wconf 87' lang='lat' dir='ltr'><strong><em>Ill,</em></strong></span> <span class='ocrx_word' id='word_1_866' title='bbox 2643 5540 2722 5598; x_wconf 80' lang='lat' dir='ltr'><strong><em>i5.</em></strong></span> <span class='ocrx_word' id='word_1_867' title='bbox 2810 5538 2852 5568; x_wconf 85' lang='grc'>³⁷</span> <span class='ocrx_word' id='word_1_868' title='bbox 2891 5537 3064 5591; x_wconf 74' lang='lat' dir='ltr'><strong><em>Exod.</em></strong></span> <span class='ocrx_word' id='word_1_869' title='bbox 3099 5551 3283 5602; x_wconf 77' lang='lat' dir='ltr'><strong><em>xulv,</em></strong></span> <span class='ocrx_word' id='word_1_870' title='bbox 3308 5535 3362 5591; x_wconf 71' lang='lat'><strong><em>2.</em></strong></span> <span class='ocrx_word' id='word_1_871' title='bbox 3423 5533 3470 5566; x_wconf 80' lang='grc'>³³</span> <span class='ocrx_word' id='word_1_872' title='bbox 3507 5529 3657 5590; x_wconf 59' lang='grc' dir='ltr'><em>Ρςηι.</em></span> 
     </span>
    </p>
   </div>
   <div class='ocr_carea' id='block_1_115' title="bbox 2161 5757 3474 5832">
    <p class='ocr_par' dir='ltr' id='par_1_115' title="bbox 2161 5757 3474 5832">
     <span class='ocr_line' id='line_1_117' title="bbox 2161 5757 3474 5832; baseline 0.002 -18"><span class='ocrx_word' id='word_1_873' title='bbox 2161 5760 2274 5832; x_wconf 56' lang='lat' dir='ltr'><strong><em>(iiii)</em></strong></span> <span class='ocrx_word' id='word_1_874' title='bbox 2306 5757 2645 5832; x_wconf 67' lang='lat' dir='ltr'><strong><em>inscribitur,</em></strong></span> <span class='ocrx_word' id='word_1_875' title='bbox 2677 5759 2944 5830; x_wconf 87' lang='lat' dir='ltr'><strong><em>Origems,</em></strong></span> <span class='ocrx_word' id='word_1_876' title='bbox 2982 5760 3209 5832; x_wconf 84' lang='lat' dir='ltr'><strong><em>Didymi,</em></strong></span> <span class='ocrx_word' id='word_1_877' title='bbox 3241 5760 3474 5817; x_wconf 78' lang='lat' dir='ltr'><strong><em>Eusebii.</em></strong></span> 
     </span>
    </p>
   </div>
   <div class='ocr_carea' id='block_1_116' title="bbox 2155 5829 2830 5902">
    <p class='ocr_par' dir='ltr' id='par_1_116' title="bbox 2155 5829 2830 5902">
     <span class='ocr_line' id='line_1_118' title="bbox 2155 5829 2830 5902; baseline 0.006 -16"><span class='ocrx_word' id='word_1_878' title='bbox 2155 5831 2267 5902; x_wconf 80' lang='grc'><strong><em>(57)</em></strong></span> <span class='ocrx_word' id='word_1_879' title='bbox 2293 5829 2568 5902; x_wconf 75' lang='lat' dir='ltr'><strong><em>Origenis,</em></strong></span> <span class='ocrx_word' id='word_1_880' title='bbox 2599 5831 2830 5900; x_wconf 71' lang='lat' dir='ltr'><strong><em>Didymi.</em></strong></span> 
     </span>
    </p>
   </div>
  </div>
