4186 6398
496 359 601 414 ηδ

616 491 684 548 ι’.
709 491 764 548 6.
798 488 928 544 Herc
965 491 1243 561 generatio,
1269 491 1616 561 quarentiunt
1664 489 1968 552 Dominum,

846 559 1189 631 quaerentium
1218 559 1407 630 facient
1428 559 1525 614 Dei
1552 559 1743 614 Iacob.

576 652 841 726 Equidem
864 652 1064 707 dictum
1091 661 1174 706 est
1204 668 1218 704 :
1254 649 1420 705 Nemo
1452 649 1640 703 ridebit
1667 649 1857 718 faciem
1885 661 2074 710 meant,

507 756 555 803 st
587 745 804 803 uiset“.
837 743 1047 798 Revera
1073 742 1219 796 enim
1253 756 1410 797 nemo
1446 740 1650 795 videbit
1676 743 1766 808 qui
1800 740 1868 794 sit
1892 739 2077 802 homo,

506 846 566 894 et
588 836 733 908 quod
761 835 1058 892 humanum
1092 841 1176 888 est
1200 841 1369 886 totum
1395 845 1503 886 non
1543 832 1782 894 exuerit,
1812 838 1869 884 et
1902 837 2080 882 muta-

510 940 600 985 tus
641 928 808 984 fuerit
855 926 910 981 in
953 922 1204 995 angelum
1244 932 1297 977 et
1324 922 1518 986 Deum,
1550 921 1694 991 quod
1723 921 1811 976 hic
1853 934 1957 974 non
1994 918 2076 972 ﬁt.

508 1020 586 1077 De
624 1019 832 1090 angelis
863 1033 992 1074 vero
1038 1016 1389 1088 parvulorum
1429 1015 1521 1084 qui
1558 1022 1684 1069 sunt
1711 1013 1763 1066 in
1809 1012 2077 1072 Ecclesia.

507 1109 765 1167 Salvator
813 1110 945 1166 dicit
982 1126 999 1164 :
1041 1106 1260 1177 Semper
1307 1108 1478 1163 vident
1524 1105 1714 1176 [aciem
1762 1102 1945 1157 Patris
1991 1103 2080 1173 qui

505 1213 582 1259 est
608 1203 668 1258 in
698 1203 842 1259 catis
886 1202 958 1255 δι.

505 1361 575 1417 V.
605 1360 660 1417 9.
694 1359 887 1414 Tollite
911 1369 1113 1424 portas,
1148 1376 1177 1411 ο
1213 1360 1496 1428 principes,
1541 1366 1761 1428 vestras,
1792 1366 1840 1428 et
1869 1352 2078 1407 extolli-

646 1432 970 1499 mim',portte
996 1426 1226 1492 wterna',
1265 1438 1315 1483 et
1346 1430 1586 1481 introibit
1620 1426 1736 1479 Res:
1764 1426 1966 1495 gloriae.

508 1522 573 1579 ν.
607 1521 693 1577 10.
737 1520 866 1587 Quis
893 1532 966 1577 est
994 1524 1090 1575 iste
1117 1521 1225 1575 Rea:
1253 1521 1439 1588 gloria-
1464 1520 1489 1572 .9
1516 1518 1771 1572 Dominus
1806 1518 2076 1581 virtutum,

1016 1595 1122 1662 ipse
1151 1604 1223 1646 cst
1248 1592 1358 1644 lies:
1384 1590 1586 1661 gloriae.

576 1750 737 1808 Velut
761 1750 952 1806 ducem
979 1750 1336 1813 exercituum,
1361 1747 1768 1818 appellaverunt
1796 1744 2081 1799 Dominum

1365 369 1925 431 SUPPLBMENTUM
1962 368 2054 424 AD
2087 364 2413 424 ORICENIS
2444 362 2853 421 EXEGETICA.

2101 494 2145 549 Α
2173 483 2322 554 Στίχ.
2360 488 2433 548 ς’.
2455 480 2610 554 ΑὕτηΔ
2628 480 2667 547 ἠ
2689 476 2863 554 γενεὰ
2882 476 3216 554 ζητούντων
3247 472 3365 554 ζον
3391 473 3642 554 Κύριον,
3670 469 3763 539 ζη-

3655 355 3760 411 Illi

2252 542 2515 607 τ”ούντων
2552 542 2618 603 τὸ
2652 542 2975 617 πρόσωπον
2996 546 3100 600 τοῦ
3127 543 3276 599 Θεοῦ
3316 542 3537 598 Ἰακώϐ.

2254 644 2366 715 (58)
2396 644 2507 698 Καὶ
2543 642 2647 713 μὴν
2672 638 2822 695 εἶπεν
2841 658 2854 670 ·
2892 640 3100 706 Οὐδεὶς
3119 639 3329 708 ὄψεται
3348 637 3413 689 τὸ
3436 634 3764 704 πρόσωπόν
3856 698 3867 705 _

2179 753 2331 805 μου,
2362 735 2459 789 καί
2494 731 2757 801 ζήσεται.
2795 733 2883 796 Ὠς
2915 730 3129 803 ἀληθῶς
3157 730 3267 803 γὰρ
3308 729 3411 783 οὐκ
3453 725 3640 797 ὄψεταί
3676 742 3760 789 τις

2185 827 2467 900 ἄνθρωπος
2504 825 2580 879 ὢν
2604 865 2619 888 .
2646 826 2738 880 καὶ
2769 825 2843 897 μὴ
2883 826 2990 879 πᾶν
3026 823 3364 895 ἀνθρώπινον
3400 819 3759 890 ἀποθέμενος,

2186 920 2282 973 καὶ
2314 918 2630 990 μεταϐαλὼν
2660 920 2740 983 είς
2768 918 2996 987 ἄγγελον
3024 918 3119 970 καὶ⁵
3145 915 3299 980 Θεὸν,
3326 916 3463 986 ὅπερ
3486 914 3587 967 οὐκ
3614 911 3760 964 ἔστιν

2185 1011 2393 1066 ἐνθάδε.
2438 1013 2574 1083 Περὶ
2609 1012 2665 1066 δὲ
2709 1012 2819 1065 τῶν
2862 1011 3107 1081 ἀγγέλων
3145 1009 3251 1063 τῶν
3277 1010 3334 1062 ὲν
3363 1011 3428 1080 τῇ
3465 1003 3762 1076 Ἐκκλησία

2189 1105 2422 1179 μικρῶν,
2453 1108 2482 1159 6
2530 1105 2721 1177 Σωτήρ
2764 1121 2962 1175 φησιν,
3009 1105 3091 1157 ὅτι
3120 1102 3447 1168 Διαπαντὸς
3478 1099 3659 1169 ὁρῶσι
3692 1097 3761 1152 τὸ

2187 1201 2511 1265 πρόσωπον
2541 1197 2647 1251 τοῦ
2684 1196 2932 1265 Πατρός,
2961 1196 3068 1250 τοῦ
3108 1197 3177 1249 ἐν
3208 1195 3333 1256 τοῖς
3350 1191 3649 1262 οὐρανοῖς.

2186 1292 2334 1361 Στίχ.
2361 1292 2424 1345 θ’.
2466 1293 2677 1358 ’Ἄρατε
2707 1292 2932 1356 πύλας,
2981 1293 3035 1344 οί
3063 1290 3353 1361 ἄρχοντες
3377 1329 3390 1353 ,
3427 1282 3624 1361 ύιιῶν,
3660 1281 3759 1361 καί

2256 1354 2576 1429 ἐῖτάρθητὲ,
2623 1362 2809 1414 πύλαι
2849 1354 3111 1427 αίώνιοι,
3139 1354 3238 1413 καί
3279 1354 3689 1413 εἰσελεύσεται
3727 1354 3761 1406 ό

2252 1432 2552 1498 ,βασιλεὺς
2598 1432 2704 1499 τῆς
2730 1430 2937 1499 δόξης.

2187 1525 2338 1602 Στίχἶ
2362 1531 2413 1578 ι’.
2451 1524 2563 1602 Τίς.
2591 1520 2979 1602 ἐστινιοῦτος
3007 1520 3367 1602 ό-βασιλεὺς
3403 1517 3516 1602 τῆς
3541 1514 3762 1602 δόξης;

2256 1588 2611 1730 Κύριὲἓξτῶν
2635 1588 2967 1664 δυνάμεων,
3000 1594 3182 1660 αὑτός
3222 1593 3391 1646 ἐστιν
3409 1593 3442 1644 ό
3462 1588 3765 1650 Βασιλεὺς

2258 1683 2367 1733 της
2510 1683 2604 1733 ης.
2772 1724 2775 1727 ς

2399 1683 2775 1826 ηἱρχοντα
2794 1751 2851 1803 δὲ
2886 1746 3281 1820 στρατοπέδων,
3311 1742 3621 1813 δυνάμεων
3643 1737 3761 1793 ἑκά-

507 1846 782 1911 virtutum,
821 1845 963 1914 quod
990 1844 1044 1897 in
1067 1841 1336 1898 Hebraico
1367 1841 1566 1896 dicitur
1599 1837 1837 1895 Sabaoth
1860 1853 1879 1891 :
1919 1854 2080 1906 quam

2188 1851 2346 1905 λεσαν
2372 1851 2612 1917 Κύριον,
2644 1849 2781 1915 ὅπερ
2811 1847 2869 1898 ὲν
2900 1842 2977 1914 τῷ
3019 1838 3293 1912 Ἐϐραῖκῷ
3334 1834 3574 1892 Σαϐαὼθ
3611 1834 3762 1904 εἴρη-

507 1951 700 1993 vocem
730 1933 1082 2004 Septuaginta
1112 1935 1541 2002 interpretantur
1573 1930 1625 1983 in
1657 1927 1960 2000 Scripturis
1981 1928 2084 1981 Do-

507 2030 711 2083 minum
768 2027 1025 2089 mimum,
1056 2023 1140 2079 vel
1175 2024 1339 2080 etiam
1389 2021 1749 2091 Omnipotens.
1803 2018 1957 2086 Quod
1999 2020 2084 2074 hic

509 2121 708 2177 dicitur
749 2133 904 2189 ergo,
952 2117 1378 2187 omnipotentem
1439 2114 1673 2169 ostendit
1724 2112 2081 2168 Salvatorem.

510 2209 600 2268 Sic
624 2211 753 2267 dicit
796 2210 1053 2264 Dominus
1103 2208 1425 2274 omnipotens
1459 2201 1645 2258 :Pone
1671 2203 1894 2274 gloriam
1946 2204 2084 2255 misit

508 2306 679 2359 mead
702 2313 751 2357 te
779 2301 846 2356 δ’.
865 2300 998 2357 Cum
1029 2298 1173 2355 enim
1202 2298 1544 2366 omnipotens
1581 2298 1652 2350 sit
1683 2294 1867 2358 Pater,
1890 2293 2085 2348 Filium

510 2395 941 2464 omnipotentem
980 2393 1149 2446 misit.
1179 2389 1415 2445 Joannes
1445 2402 1663 2458 quoque
1690 2389 1747 2443 in
1766 2388 2085 2459 Apocalypsi

511 2488 589 2542 ait
616 2509 630 2542 :
660 2484 792 2541 Htec
819 2485 944 2539 dicit
981 2485 1128 2538 testis
1164 2482 1338 2552 ﬁdelis
1396 2490 1447 2535 et
1510 2495 1688 2545 verax,
1735 2481 1825 2549 qui
1873 2479 1995 2549 fuit,
2035 2489 2084 2532 et

510 2581 601 2653 qui
638 2589 740 2647 est,
778 2588 828 2635 et
861 2579 951 2649 qui
993 2578 1196 2633 veniens
1218 2576 1286 2641 ⁸³,
1322 2575 1388 2630 de
1419 2574 1701 2629 Salvatore
1720 2573 1840 2629 sine
1865 2584 2087 2627 contro-

516 2670 697 2726 versia
727 2668 975 2740 loquens.

579 2850 808 2921 Quidam
844 2866 951 2906 non
981 2849 1048 2903 ad
1085 2847 1431 2905 sublimiores
1463 2856 1666 2917 portas,
1699 2846 1793 2901 sed
1846 2845 1912 2900 ad
1969 2860 2088 2900 eas-

513 2942 636 2999 dem
669 2957 791 3013 qute
818 2940 1112 3013 dupliciter
1135 2941 1278 2996 dicta
1327 2951 1482 3005 sunt,
1521 2941 1663 2996 dicta
1707 2938 1875 2994 fuisse
1907 2938 2084 2997 aiunt.

1064 3031 1264 3088 PSAL.
1314 3030 1524 3086 XXVII.

514 3124 582 3183 ν.
609 3125 660 3181 l.
689 3124 773 3180 Ad
825 3132 894 3189 te,
936 3121 1178 3189 Domine,
1209 3124 1487 3177 clamabo:
1532 3122 1673 3177 Deus
1700 3124 1793 3191 mi,
1836 3139 1899 3178 ne
1927 3122 2088 3177 sileas

1212 3211 1244 3247 α
1278 3209 1380 3247 me.

583 3285 643 3344 Si
674 3296 889 3343 terrena
924 3285 1102 3356 quis‘a
1135 3284 1248 3340 Deo
1284 3284 1539 3355 postulet,
1585 3284 1734 3341 brevi
1786 3286 1958 3341 utitur
1989 3301 2087 3339 vo-

513 3396 576 3437 ce
601 3397 619 3437 :
646 3389 703 3435 at
726 3380 772 3436 si
801 3378 1068 3443 cmlestia,
1109 3376 1311 3432 clamat
1334 3388 1389 3431 et
1415 3375 1768 3432 vociferatur.
1804 3377 1986 3445 Quare
2035 3379 2089 3433 in

513 3471 841 3542 Scripturis,
879 3469 1051 3526 sancti
1084 3469 1152 3523 ad
1208 3468 1378 3522 Deum
1428 3467 1817 3525 clamaverunt.
1877 3468 2092 3523 Clamat

513 3577 646 3620 vero
661 3561 786 3633 quis
801 3560 1075 3631 ingressus
1100 3560 1527 3630 promptuarium
1548 3573 1727 3625 suum,
1755 3568 1811 3615 et
1833 3558 2093 3614 claudens

507 3655 753 3728 januam.
788 3651 901 3708 Non
937 3651 1062 3707 silet
1088 3661 1266 3714 autem
1299 3651 1499 3706 sanctis
1528 3650 1692 3706 Deus.
1740 3651 2091 3722 Loquebatur

514 3747 699 3814 itaque
730 3744 901 3816 Moysi
930 3752 985 3799 et
1016 3743 1224 3805 Aaron,
1260 3752 1315 3796 et
1349 3740 1474 3797 Jcsu
1510 3741 1622 3797 ﬁlio
1657 3740 1826 3796 Nave.
1874 3741 2089 3812 Loque—

512 3835 677 3894 batur
706 3835 871 3889 etiam
921 3840 1019 3903 per
1062 3834 1380 3904 prophetas,
1431 3833 1653 3903 quando
1710 3843 1827 3888 erat
1858 3835 2091 3905 populus

513 3925 651 3995 ejus.
686 3922 818 3991 Qua:
856 3939 1020 3993 porro
1064 3923 1303 3993 loquitur
1336 3922 1499 3989 Deus,
1532 3939 1637 3978 non
1670 3932 1895 3978 externa
1943 3933 2088 3992 sunt,

514 4017 608 4071 sed
641 4027 855 4082 sancta,
904 4030 1026 4085 qua:
1074 4014 1127 4069 in
1156 4030 1254 4069 cor
1302 4023 1551 4069 nostrum
1588 4014 1908 4081 ascendunt,
1934 4013 2089 4085 juxta

513 4109 691 4168 illud:
736 4108 931 4164 Beatus
975 4109 1075 4176 vir,
1108 4107 1261 4177 cujus
1309 4115 1385 4160 est
1441 4106 1704 4160 auxilium
1758 4106 1902 4161 illius
1953 4118 2088 4175 ate,

512 4204 734 4263 Domine
756 4221 776 4260 :
804 4205 1135 4260 escensiones
1168 4206 1221 4258 in
1244 4221 1333 4259 car
1358 4206 1500 4262 illius
1522 4206 1588 4262 “.
1614 4205 1885 4263 Habemus
1908 4216 2088 4262 autem

518 4299 683 4354 alium
723 4301 964 4355 auditum
997 4308 1052 4351 et
1085 4314 1304 4354 sensum
1340 4301 1604 4365 divinum,
1645 4302 1941 4355 secundum
1989 4300 2090 4356 Sa-

519 4391 817 4455 lomonem,
844 4391 1066 4445 verbum
1110 4391 1203 4447 Dei
1255 4394 1585 4455 audientem,
1615 4391 1824 4461 ipsique
1854 4393 2085 4447 unitum.

512 4483 588 4538 At
620 4483 708 4538 cui
739 4482 860 4537 silet
901 4483 1062 4547 Deus,
1093 4482 1422 4536 assimilatur
1451 4483 1880 4539 descendentibus
1926 4484 1978 4537 in
2006 4484 2087 4537 la-

512 4589 631 4626 cum
655 4571 722 4627 ι’,
755 4571 968 4625 Nullum
1000 4587 1234 4643 namque
1281 4583 1592 4651 sanctorum
1645 4573 1849 4628 scimus
1903 4574 2082 4629 lacum

511 4664 801 4721 ell'odisse:
834 4665 928 4719 sed
970 4674 1186 4733 puteum
1219 4663 1533 4731 eil‘odiebat,
1582 4666 1674 4735 qui
1707 4681 1846 4735 aqua
1875 4666 2085 4737 indige-

511 4757 626 4813 bat.
655 4755 1086 4826 Pmcipitctiam
1114 4756 1369 4811 Salomon
1418 4756 1487 4813 de
1533 4758 1709 4827 puteis
1753 4758 1964 4814 bibere.
2019 4758 2086 4814 Et

509 4846 657 4902 Deus
687 4864 785 4918 per
812 4848 1131 4918 prophetam
1165 4848 1232 4902 de
1263 4848 1382 4904 lacu
1435 4849 1746 4905 bibentibus
1781 4851 2083 4917 minitatur,

509 4939 762 5009 inquiens
785 4953 802 4994 :
837 4939 925 4995 Me
945 4940 1333 5012 dereliquerunt
1357 4941 1551 5011 fontem
1576 4957 1725 5011 aqua:
1752 4941 1898 5007 vim,
1933 4953 1979 4995 et
2002 4940 2082 5011 [ο-

507 5033 701 5087 derunt
760 5032 861 5087 sibi
939 5033 1088 5086 lacus
1134 5034 1383 5087 contritus
1415 5032 1480 5087 “.
1528 5031 1873 5088 Descendunt
1921 5048 2084 5103 porro

507 5125 565 5183 in
596 5126 797 5189 lacum,
838 5123 929 5194 qui
982 5124 1205 5198 frigidas
1249 5128 1345 5182 has
1392 5125 1703 5181 materiales
1735 5140 1822 5180 res
1855 5125 2084 5181 sollicite

508 5226 746 5273 curant:
781 5217 872 5271 ubi
897 5217 1062 5272 etiam
1089 5219 1366 5273 hominum
1395 5216 1648 5272 inimicus
1676 5217 1865 5281 draco,
1901 5215 1992 5285 qui
2028 5224 2083 5269 et

508 5306 740 5380 frigidus
770 5308 1076 5363 nominatus
1104 5319 1209 5373 εει,
1246 5309 1451 5365 incolit.
1483 5307 1748 5363 Omnibus
1775 5307 1922 5363 enim
1966 5308 2087 5361 ani-

511 5400 784 5455 mantibus
812 5415 932 5470 quae
961 5411 1089 5456 sunt
1142 5402 1196 5456 in
1249 5410 1417 5466 terra,
1462 5402 1629 5457 draco
1677 5400 1925 5470 frigidior
1979 5409 2081 5455 est.

508 5489 683 5547 Omne
734 5491 898 5563 igitur
949 5502 1236 5562 peccatum
1281 5493 1538 5563 frigidum
1570 5501 1691 5558 est;
1721 5492 1915 5550 divinae
1954 5506 2083 5547 vero

2185 1959 2295 1997 ται.
2334 1940 2505 1995 Τοῦτο
2530 1940 2588 1995 δὲ
2621 1938 2716 1993 καὶ
2747 1939 2965 2004 Κύριον
3001 1927 3373 2001 στρατιωτῶν
3407 1928 3458 1980 oi
3501 1923 3762 1994 Ἐὅδομή-

2185 2053 2346 2090 κοντα
2367 2034 2459 2090 καὶ
2475 2030 2900 2100 Παντοκράτωρ
2916 2031 2973 2082 ὲν
2992 2029 3108 2090 ταῖς
3124 2025 3365 2094 Γραφαϊς
3386 2018 3764 2093 ἑρμηνεύουσι.

2185 2130 2296 2183 Καὶ
2330 2128 2392 2181 τὸ
2425 2126 2519 2180 νῦν
2558 2125 2666 2198 ἄρα
2708 2122 2918 2195 λεχθὲν,
2952 2118 3367 2191 παντοκράτορα
3397 2114 3489 2168 τὸν
3533 2111 3766 2182 Σωτῆρα

2185 2221 2352 2292 δηλοῖ.
2381 2221 2580 2286 Οὕτως
2605 2218 2768 2287 λέγει
2795 2218 3011 2284 Κύριος
3051 2209 3473 2279 παντοκράτωρ
3493 2223 3506 2236 ’
3551 2203 3767 2258 Ὀπίσω

2186 2311 2370 2380 δόξης
2408 2308 2729 2366 ἀπέστειλέ
2767 2325 2843 2378 με
2888 2308 3037 2375 πρὸς
3080 2303 3175 2359 σέ.
3222 2298 3625 2371 Παντοκράτωρ
3658 2294 3768 2365 γὰρ

2185 2404 2262 2459 ὢν
2294 2406 2323 2457 6
2350 2405 2561 2476 Πατὴρ,
2592 2403 2682 2457 τὸν
2716 2402 2844 2456 Υίὸν
2871 2398 3158 2456 ἀπέστειλε
3189 2394 3620 2466 παντοκράτορα.
3656 2389 3767 2442 Καὶ

2201 2497 2452 2567 Ἰωάννης
2478 2496 2534 2549 δὲ
2559 2497 2617 2549 ἐν
2677 2497 2745 2566 τῇ
2779 2490 3160 2559 Ἀποκαλύψει,
3195 2487 3339 2543 Τάδε
3369 2484 3551 2553 λέγει,
3578 2478 3764 2551 φησὶν.

2189 2591 2222 2642 δ
2250 2587 2483 2657 μάρτυς
2506 2590 2539 2641 ὀ
2568 2586 2785 2651 πιστὸς
2819 2584 2916 2639 καί
2956 2581 3264 2650 ἀληθινὸς,
3299 2581 3331 2633 ό
3366 2574 3446 2647 ἦν
3483 2573 3581 2627 καὶ
3616 2576 3648 2626 ό
3683 2570 3767 2622 ὢν

2189 2678 2288 2734 καί
2316 2682 2349 2733 ό
2372 2678 2722 2749 ἐρχόμενος·
2758 2678 2887 2748 περὶ
2912 2674 3008 2729 τοῦ
3041 2672 3292 2744 Σωτῆρος
3322 2663 3767 2741 ὁμολογουμένως

2189 2768 2377 2825 εἰπών.

2261 2861 2371 2935 (60)
2405 2860 2562 2923 Τινὲς
2594 2857 2650 2911 δὲ
2680 2857 2741 2909 οὐ
2778 2854 2912 2927 πρὸς
2942 2852 3279 2925 ὑψηλοτέρας
3318 2850 3511 2916 πύλας,
3546 2848 3682 2922 πρὸς
3711 2848 3768 2901 δὲ

2189 2952 2287 3017 τὰς
2325 2951 2496 3015 αὐτὰς
2527 2949 2598 3003 τὰ
2622 2947 2814 3012 διττῶς
2843 2947 3112 3019 είρημένα
3140 2945 3294 3015 φασί.

2820 3039 2988 3092 ΨΑΛ.
3023 3039 3150 3092 KZ'.

2191 3133 2340 3205 Στίχ.
2383 3139 2452 3187 α’.
2498 3131 2653 3205 Πρὸς
2704 3129 2811 3192 σὲ,
2863 3130 3061 3205 Κύριε,
3108 3126 3505 3205 κεκράξομαιξ
3549 3128 3582 3179 ό
3627 3125 3764 3191 Θεό(

2432 3195 2559 3273 μου
2581 3195 2665 3271 μὴ
2702 3195 3184 3268 παρασιωπήσῃς
3224 3199 3326 3252 ἀπ’
3362 3195 3527 3266 ἐμοῦ.

2260 3295 2323 3347 El
2361 3294 2461 3365 μὲν
2506 3293 2725 3361 ἐπίγεια
2762 3309 2846 3355 τις
2888 3293 3121 3345 αίτεῖται
3155 3289 3306 3361 παρὰ
3345 3289 3499 3353 Θεοῦ,
3537 3287 3767 3360 βραχείᾳ

2189 3387 2387 3458 χρῆται
2438 3388 2622 3457 φωνῇ·
2658 3387 2706 3438 εί
2737 3384 2794 3439 δὲ
2846 3383 2916 3437 τὰ
2958 3383 3287 3454 ἐπουράνια,
3331 3379 3523 3453 κράζει
3569 3399 3628 3434 τε
3677 3380 3770 3434 καὶ

2193 3478 2312 3548 βοᾷ.
2342 3478 2502 3532 Ὅθεν
2548 3481 2606 3531 ὲν
2644 3480 2762 3541 ταῖς
2794 3477 3036 3548 Γραφαῖς
3067 3478 3118 3529 oi
3152 3476 3299 3543 ἅγιοι
3334 3476 3470 3546 πρὸς
3510 3474 3601 3528 τὸν
3637 3473 3769 3528 Θεὸν

2191 3566 2513 3639 ὲκέκραξαν.
2558 3568 2766 3639 Κράζει
2810 3567 2867 3620 δέ
2903 3583 2986 3629 τις
3026 3564 3284 3618 εἰσελθὼν
3316 3568 3396 3628 είς
3437 3565 3498 3618 τὸ
3528 3566 3768 3635 ταμιεῖον

2192 3656 2420 3721 ἑαυτοῦ,
2464 3659 2556 3711 καὶ
2597 3658 2816 3721 κλείσας
2860 3656 2957 3728 τὴν
2996 3655 3184 3728 θύραν.
3225 3656 3301 3709 Οὐ
3348 3656 3682 3728 παρασιωπᾷ
3712 3654 3767 3708 δδ

2190 3755 2304 3816 τοῖς
2336 3752 2512 3821 ἁγίοις
2549 3753 2579 3804 6
2610 3752 2758 3816 Θεός.
2807 3752 3013 3806 Ἐλάλει
3059 3750 3189 3821 γοῦν
3227 3752 3398 3823 Μωσῇ
3420 3793 3434 3816 ,
3481 3752 3578 3806 καὶ
3639 3752 3758 3808 ’Δα-

2194 3845 2324 3917 ρὼν,
2367 3846 2463 3900 καὶ
2497 3845 2671 3916 Ἰησοῦ
2703 3844 2782 3916 τῷ
2813 3845 2905 3899 τοῦ
2940 3846 3116 3917 Ναυῆ.
3158 3846 3367 3900 Έλὰλει
3398 3845 3496 3900 καὶ⁵
3522 3845 3611 3900 διὰ
3641 3858 3773 3913 προ.

2192 3933 2399 4006 φητῶν,
2442 3936 2609 4007 ἡνίκα
2634 3931 2703 4007 ἦν
2749 3937 2778 3988 6
2809 3935 2938 4000 λαὸς
2969 3936 3154 3991 αὑτοῦ.
3179 3938 3247 3989 ’Δ
3291 3937 3348 3991 δὲ
3380 3936 3533 3991 λαλεῖ
3556 3940 3585 3990 6
3607 3935 3766 4002 Θεὸς,

2191 4027 2292 4080 οὐκ
2316 4025 2517 4091 ἔξωθέν
2546 4028 2714 4092 ἐστιν,
2741 4027 2877 4081 ἀλλὰ
2905 4027 2974 4081 τὰ
3006 4028 3159 4097 ἅγια,
3193 4026 3264 4081 τὰ
3295 4027 3388 4081 ἐπὶ
3412 4028 3512 4098 τὴν
3544 4026 3767 4098 καρδίαν

2188 4117 2349 4190 ἡμῶν
2393 4116 2769 4183 ἀναϐαίνοντα,
2813 4117 2955 4171 κατὰ
2994 4117 3088 4171 τό·
3139 4115 3443 4185 Μακάριος
3491 4114 3669 4184 ἀνὴρ,
3698 4113 3767 4168 οὗ

2188 4209 2361 4263 ἐστιν
2411 4208 2735 4277 ἀντίληψις
2770 4208 2958 4263 αὐτοῦ
3004 4207 3165 4278 παρὰ
3213 4206 3351 4270 σοῦ,
3384 4208 3587 4275 Κύριε*
3629 4206 3760 4262 ἀναν

2188 4299 2395 4367 ϐάσεις
2439 4304 2528 4367 είς
2568 4300 2683 4370 τὴν
2714 4300 2967 4371 καρδίαν
3009 4299 3215 4355 αὑτοῦ.
3248 4300 3485 4371 Ἔχομεν
3512 4299 3568 4353 δὲ
3605 4298 3768 4368 ἄλλην

2188 4393 2355 4464 ἀκοὴν
2381 4394 2475 4446 καὶ
2514 4392 2665 4447 Θείαν
2694 4393 2946 4464 αἴσθησιν
2966 4432 2980 4457 ,
3025 4391 3163 4446 κατὰ
3210 4391 3529 4462 Σολομῶντα
3549 4434 3564 4459 ,
3611 4392 3755 4459 λόγοι

2187 4482 2322 4536 Θεοῦ
2351 4481 2673 4547 ἀκούουσαν,
2715 4483 3000 4555 ἡνωμένην
3043 4480 3211 4551 αὐτῷ.
3237 4476 3307 4554 ᾯ
3349 4481 3406 4536 δὲ
3439 4484 3766 4556 παρασιωπᾷ

2190 4574 2339 4638 Θεὸς,
2380 4573 2681 4644 ὁμοιοῦται
2715 4573 2839 4641 τοῖς
2886 4575 3354 4631 καταϐαίνουσιν
3385 4578 3474 4641 είς
3514 4574 3767 4630 λάκκον.

2189 4670 2392 4726 Οὐδένα
2438 4670 2548 4741 γὰρ
2608 4668 2716 4723 τῶν
2765 4668 2938 4737 ἁγίων
2990 4666 3148 4738 ίσμεν
3212 4666 3413 4721 λάκκον
3466 4667 3766 4739 ὀρύξαντα·

2191 4764 2367 4835 φρέαρ
2412 4763 2467 4815 δὲ
2515 4760 2753 4834 ὤρυττεν
2784 4761 2813 4812 6
2861 4759 3111 4831 δεόμενος
3166 4759 3378 4823 ὕδατος.
3440 4760 3767 4813 Ἐντέλλεται

2191 4857 2286 4910 καὶ
2321 4859 2349 4911 6
2379 4855 2629 4926 Σολομῶν
2662 4854 2772 4908 ἀπὸ
2801 4854 3051 4925 φρεάτων
3082 4853 3274 4907 πίνειν.
3310 4852 3442 4916 Θεὸς
3469 4853 3525 4906 δὲ
3564 4852 3651 4907 διὰ
3678 4853 3768 4907 τοῦ

2190 4949 2470 5020 προφήτου
2498 4949 2608 5011 τοῖς
2652 4949 2717 5000 ὲκ
2745 4945 2964 5001 λάκκων
2996 4944 3241 5001 πίνουσιν
3278 4943 3521 5008 ἀπειλεῖ,
3557 4945 3732 5013 λέγων
3754 4963 3768 4977 ·

2203 5039 2335 5107 Ἐμὲ
2399 5036 2793 5108 ἐγκατέλιπον
2834 5036 3040 5106 πηγὴν
3101 5035 3320 5101 ὕδατος
3380 5033 3614 5101 ζῶντος,
3673 5037 3769 5091 κοί

2189 5132 2429 5202 ὤρυξαν
2461 5135 2696 5201 ἑαυτοῖς
2737 5133 3009 5198 λάκκους
3055 5131 3619 5201 συντετριμμένους.
3660 5133 3747 5185 Κα

2190 5225 2502 5280 ταϐαίνουσι
2537 5225 2595 5279 δὲ
2632 5227 2713 5289 είς
2748 5224 2951 5279 λάκκον
2982 5226 3030 5277 οἱ
3062 5222 3131 5275 τὰ
3162 5220 3346 5292 ψυχρὰ
3386 5222 3485 5292 τῆς
3515 5221 3648 5293 ὕλης
3679 5239 3747 5275 πε

2197 5316 2473 5388 ριέποντες
2513 5315 2841 5388 πράγματα’
2871 5314 3000 5369 ἔνθα
3025 5298 3121 5367 καὶ
3152 5313 3259 5368 τῶν
3284 5311 3588 5384 ἀνθρώπων
3612 5314 3642 5366 6
3673 5329 3768 5365 πο-

2192 5408 2378 5479 λέμιος
2409 5408 2645 5480 δράκων,
2671 5409 2731 5472 ὅς
2760 5408 2855 5462 καὶ
2889 5406 3094 5477 ψυχρὸς
3127 5405 3472 5476 ὠνόμασται,
3502 5407 3770 5460 κατοικεῖ.

2192 5500 2415 5555 Πάντων
2445 5502 2554 5574 γὰρ
2586 5500 2760 5565 ζώων,
2802 5499 2908 5554 τῶν
2940 5499 3033 5552 ἐπὶ
3070 5497 3209 5569 γῆς,
3244 5499 3273 5551 6
3311 5496 3530 5570 δράκων
3560 5496 3764 5569 ψυχρό-

555 5628 601 5661 “
633 5629 802 5685 Exod.
834 5647 1030 5708 sagitt,
1062 5632 1270 5708 20.__"
1307 5631 1496 5692 Matth.
1535 5648 1686 5699 "tu,
1713 5633 1802 5689 l0.
1876 5633 1921 5667 ἰ’
1946 5633 2085 5690 Zach

2188 5638 2290 5704 ,8.
2354 5637 2596 5708 -"‘Apoc.
2623 5637 2815 5705 111,“.
2891 5632 3433 5702 “Psal.t.xxslu,6.
3507 5631 3765 5689 “Psalm.

510 5714 677 5765 uvu,
711 5710 766 5758 t.
837 5699 886 5733 “
910 5701 1024 5755 Jer.
1068 5717 1127 5765 ιι,
1165 5702 1251 5755 l5.

580 5769 694 5906 (ὅδὲ
718 5769 1069 5825 Confertom.
1108 5770 1195 5824 XII
1230 5772 1358 5829 ihid.

454 5847 463 5865 '
580 5841 671 5906 (59
722 5839 956 5906 Didymi.
991 5839 1262 5906 Origenis.

580 5839 694 5910 (59)
722 5839 956 5916 Didymi.
991 5839 1262 5912 Origenis.

2264 5776 2374 5852 (an)
2407 5777 2652 5850 Origcn.,
2684 5774 3250 5840 Euseb.,Theodoret.
