4186 6424
461 393 557 450 H7

1625 389 1996 454 EXCERPTA
2029 387 2096 442 IN
2137 383 2473 441 PSALMOS.

3613 386 3723 439 ΗΒ

455 532 627 586 τερος.
672 517 830 572 Πᾶσα
869 512 963 572 οὖν
1006 517 1252 590 ἁμαρτία
1293 516 1501 589 ψυχρά·
1556 515 1622 568 τὰ
1668 513 1725 567 δὲ
1771 514 1921 575 θεῖα,
1965 511 2016 563 di

2145 523 2251 572 res,
2281 517 2461 578 utpar
2482 514 2585 569 est,
2623 504 2809 559 calida:
2839 508 2988 557 sunt.
3026 501 3132 568 Qui
3181 500 3308 570 facit
3350 503 3561 572 angelos
3595 518 3719 555 suos

452 604 614 673 ἔοικε,
649 609 844 680 θερμά.
883 609 935 661 Ὁ
965 609 1150 663 ποιῶν
1172 608 1313 675 τοὺς
1339 607 1631 677 ἀγγέλους
1659 603 1845 658 αὐτοῦ
1867 603 2037 655 πνεύ-

446 713 636 766 ματα,
667 700 764 754 καὶ
796 700 938 766 τοὺς
967 699 1349 770 λειτουργοὺς
1381 697 1568 753 αὑτοῦ
1601 697 1789 765 πυρὸς
1817 695 2030 765 φλόγα.

450 787 726 858 Καὶ,πῦρ
780 785 970 860 ἦλθον
997 789 1218 856 βαλεῖν
1267 789 1368 844 ἐπὶ
1414 789 1528 857 τὴν
1588 787 1739 858 τῆν’
1776 788 1905 850 καὶ,
1954 786 2034 851 τῷ

452 881 744 950 πνεύματι
790 879 1039 949 ζέοντες.
1073 883 1192 937 Ὅτι
1230 883 1286 936 δὲ
1313 883 1362 935 οἱ
1393 881 1706 952 ἁμαρτωλοὶ
1733 879 1883 951 παρὰ
1911 879 2035 932 λάκ-

451 988 564 1034 κοις
592 973 750 1038 εἰσὶν,
775 975 833 1026 ὲν
860 976 926 1045 τῇ
966 974 1159 1045 Ἐξόδῳ
1204 973 1396 1046 φησίνο
1431 973 1795 1028 Ἀπέκτεινεν
1823 976 1855 1027 ό
1891 972 2033 1038 Θεὸς

449 1061 566 1119 ἀπὸ
603 1064 926 1132 προσώπου
957 1065 1184 1135 Φαραὼ,
1229 1066 1296 1132 ὂς
1327 1064 1575 1133 κάθηται
1615 1063 1714 1118 ἐπὶ
1757 1064 1863 1118 τοῦ
1902 1066 2032 1131 θρό-

447 1169 579 1218 νου,
614 1155 724 1222 ἕως
755 1158 1128 1224 πρωτοτόκου
1160 1156 1270 1226 τῆς
1301 1157 1769 1228 αἱχμαλωτίδος,
1812 1155 1920 1224 τῆς
1962 1157 2032 1208 ἐν

447 1243 672 1309 λάκκῳ.
718 1246 902 1311 Οὕτως
937 1249 984 1300 οί
1028 1249 1442 1312 καταϐαίνοντες
1477 1251 1556 1311 εἰς
1605 1249 1804 1303 λάκκον
1849 1249 2029 1319 ἀμαρ-

445 1339 605 1392 τωλοί
639 1341 774 1394 εἰσιν
811 1341 904 1394 καὶ
938 1342 1290 1412 αἰχμάλωτοι.
1328 1342 1464 1396 Ἀλλ’
1490 1346 1518 1397 ὁ
1544 1343 1746 1412 ἀγαθὸς
1775 1342 1905 1406 Θεὸς
1937 1343 2030 1396 καὶ

445 1430 666 1495 τούτους
724 1432 907 1498 καλεῖ,
960 1435 1052 1486 καὶ
1099 1434 1308 1488 δίδωσιν
1364 1435 1577 1504 ἄφεσιν.
1617 1435 1860 1504 Πνεῦμα
1918 1434 2027 1504 γὰρ

445 1523 669 1590 Κυρίου
699 1525 792 1578 ἐπ’
827 1525 952 1594 ἐμὲ,
983 1521 1055 1583 οὗ
1102 1527 1310 1581 ἕνεκεν
1355 1527 1566 1596 ἐχρισέ
1601 1545 1679 1597 με
1717 1528 2026 1598 εὐαγγελί-

444 1619 666 1669 σασθαι
704 1620 980 1686 πτωχοῖς.
1029 1619 1393 1674 Ἀπέσταλκέ
1410 1638 1487 1690 με
1517 1620 1772 1688 κηρύξαι
1814 1622 2023 1690 αἰχμα-

444 1705 657 1774 λώτοις
691 1707 929 1776 ἄφεσιν,
961 1709 1061 1763 καὶ
1105 1711 1354 1780 τυφλοῖς
1388 1711 1743 1780 ἀνάϐλεψιν.

445 1796 591 1868 Στίχ.
620 1797 684 1868 β’.
712 1797 1131 1872 βίσὰκουοον,
1150 1802 1348 1872 Κύριε,
1378 1802 1489 1871 τῆς
1514 1802 1722 1872 φωνῆς
1751 1801 1859 1870 τῆς
1889 1801 2024 1872 δεή-

615 1867 768 1934 ονεὼς
788 1887 927 1938 μου,
965 1870 1035 1923 ἐν
1067 1870 1148 1937 τῷ
1185 1867 1543 1942 δέεσθαι
1573 1867 1721 1941 πρὸς
1758 1867 1852 1927 σέ.
1983 1867 1992 1872 ’
2057 1887 2100 1941 Β

512 1957 624 2029 (61)
651 1954 744 2024 Οἷς
769 1960 847 2014 ἔτι
879 1961 1018 2015 ἐνδεί
1047 1979 1186 2027 τινα,
1213 1964 1414 2019 τούτων
1443 1965 1589 2019 ἐστὶν
1615 1965 1648 2037 ή
1673 1965 1873 2036 δέησις.
1899 1965 2026 2017 Ὅτε

439 2048 518 2115 δὲ,
541 2051 602 2104 τὸ
628 2050 844 2124 ἀξίωμα
874 2054 966 2108 τοῦ
998 2055 1134 2110 Θεοῦ
1167 2059 1388 2128 νοήσας,
1425 2058 1562 2111 αἰτῶ
1593 2076 1644 2112 τι
1686 2057 1838 2130 παρὰ
1867 2055 2022 2121 Θεοῦ,

438 2141 560 2195 τότε
588 2145 981 2217 προσεύχομαι.
1011 2149 1140 2202 Ὅτε
1163 2149 1220 2203 δὲ
1246 2150 1397 2220 φίλος
1432 2151 1524 2203 ἐπὶ
1571 2149 1731 2203 πλέον
1759 2149 2021 2219 γένωμαι,

438 2235 560 2286 τότε
590 2236 896 2310 εὐχαριστῶ
927 2238 1003 2310 τῷ
1036 2240 1174 2312 Θεῷ.
1211 2243 1364 2295 Ἐπεὶ
1392 2245 1487 2296 καὶ
1513 2243 1745 2307 Παῦλος,
1778 2240 1886 2296 ἀπὸ
1917 2239 2024 2295 τῶν

437 2326 677 2397 ἡττόνων
705 2329 797 2383 ἐπὶ
826 2331 892 2384 τὰ
923 2333 1094 2402 μείζω
1125 2335 1456 2402 προϐαίνων,
1490 2336 1656 2405 φησί·
1687 2330 2023 2402 Παρακαλῶ

437 2416 672 2485 πρῶτον
710 2421 950 2477 πάντων
999 2426 1296 2483 ποιεῖσθαι
1347 2427 1608 2495 δεήσεις,
1643 2424 2018 2496 προσευχὰς,

435 2507 754 2578 ἐντεύξεις,
786 2514 1194 2582 εὐχαριστίας.

436 2597 582 2669 Στίχ.
614 2601 677 2671 β’.
725 2603 820 2656 Ἑν
849 2604 929 2670 τῷ
961 2606 1152 2674 αἴρειν
1182 2623 1259 2676 με
1305 2605 1510 2674 χεῖράς
1535 2623 1655 2675 μου
1687 2604 1838 2673 πρὸς
1873 2607 2021 2662 ναὸν

1059 2677 1231 2746 ἅγιόν
1262 2692 1398 2731 σου.

516 2758 902 2833 Ἐπαιρόμεναι
937 2768 1116 2838 χεῖρες
1156 2767 1292 2837 πρὸς
1339 2764 1564 2835 πράξεις
1613 2765 1909 2831 θεοσεϐεῖς,
1963 2768 2020 2822 ὲν

431 2848 646 2923 οὐρανῷ
700 2853 1159 2930 θησαυριςόμεναί
1219 2861 1358 2913 εἰσιο
1394 2859 1461 2912 δι’
1492 2852 1568 2912 ὧν
1617 2860 1744 2930 νικᾷ
1789 2877 1874 2923 τις
1927 2861 2020 2914 τὸν

431 2943 621 3014 νοητὸν
659 2946 935 3020 Ἀμαλήκο
1000 2951 1077 3015 ὡς
1118 2955 1147 3006 ὁ
1191 2954 1428 3024 Μωσῆς,
1472 2953 1635 3024 ἡνίκα
1684 2953 1781 3018 τὰς
1831 2957 2017 3025 χεῖρας

429 3033 714 3106 ἀνέφερεν,
745 3039 774 3091 ὁ
801 3040 929 3104 λαὸς
961 3043 1118 3096 ἐνίκα
1139 3060 1152 3074 ο
1179 3044 1267 3097 ὅτε
1299 3044 1358 3096 δὲ
1389 3044 1658 3106 κατέσπα,
1689 3045 1717 3096 ὁ
1749 3045 2013 3115 Ἀμαλήκ.

428 3125 523 3198 Μὴ
570 3131 988 3203 κατενέγκωμεν
1032 3131 1124 3190 οὖν
1169 3136 1270 3201 τὰς
1303 3139 1513 3209 χεῖρας,
1553 3137 1676 3190 ἐπεὶ
1723 3135 2015 3208 νικηθησό-

431 3218 594 3288 μεθα.

425 3308 576 3382 Στίχ.
599 3309 660 3364 ε’.
691 3311 811 3388 Ὄ-τι
833 3312 912 3388 *οὐ
941 3312 1333 3388 συνῆκαν-εις
1363 3315 1435 3369 τὰ
1463 3315 1606 3388 «ἔργα
1642 3318 1749 3373 τοῦ
1772 3321 2012 3388 Κυρίου,

668 3381 767 3436 καὶ
797 3383 883 3447 εὶς
910 3381 983 3435 τὰ
1010 3382 1154 3452 ἔργα
1180 3383 1299 3439 τῶν
1325 3381 1551 3455 χειρῶν
1567 3388 1776 3443 αὑτοῦ.

498 3471 687 3536 Οὐδεὶς
715 3473 823 3544 γὰρ
846 3472 1152 3545 ἄμεμπτος,
1193 3476 1253 3529 οὐ
1283 3479 1482 3549 νοήσας
1509 3480 1578 3534 τὰ
1613 3480 1751 3552 ἔργα
1783 3482 2010 3552 Κυρίου.

425 3563 682 3632 Ποίησιν
711 3565 823 3634 γὰρ
876 3565 1090 3635 χειρῶν
1142 3567 1330 3622 αὑτοῦ
1380 3571 1734 3642 ἀναγγέλλει
1761 3575 1830 3628 τὸ
1877 3592 2014 3630 στε-

417 3655 638 3726 ρέωμα.
686 3656 879 3710 Δίδωσι
927 3658 1035 3729 γὰρ
1078 3659 1356 3729 ἀναλόγως
1391 3663 1452 3715 τὸ
1495 3664 1692 3718 τούτου
1738 3665 2012 3739 θεωρῆσαι

424 3749 784 3820 Δημιουργόν.

634 3841 783 3913 Στίχ.
814 3841 878 3907 ζ’.
913 3841 1022 3895 Καὶ
1054 3841 1351 3898 artem
1391 3847 1430 3913 ἡ
1461 3847 1618 3916 σάρξ
1654 3867 1792 3917 μου.

491 3932 626 3986 Ποία
658 3933 716 3988 δὲ
761 3933 897 4005 σὰρξ
939 3934 1230 4000 ἀνέθαλενς
1263 3937 1505 4005 Ὄψεται
1539 3940 1709 3995 πᾶσα
1751 3943 1910 4012 σὰρξ
1942 3947 2008 4000 τὸ

422 4023 720 4095 σωτήριον
746 4027 851 4081 τοῦ
889 4026 1057 4083 Θεοῦ.

1039 4120 1204 4174 ma.
1244 4121 1384 4188 Δεῖν.

491 4206 667 4285 Στίχκ
687 4215 794 4285 α’...
819 4207 916 4285 Μὴ
969 4208 1311 4285 παραζῆλομυ
1364 4212 1434 4265 ὲν
1469 4215 2002 4285 ¹τξονεηρευομένοις,

546 4276 705 4347 μηδὲ
733 4276 914 4344 ζήλου
945 4276 1088 4346 τοὺς
1111 4281 1435 4348 ποιοῦντας
1461 4283 1576 4352 τὴν
1600 4276 1874 4355 ἆνομῖαν.

489 4369 743 4442 Διαφέρει
773 4370 833 4424 τὸ
863 4370 1059 4442 ζηλοῦν
1088 4373 1182 4425 καὶ
1216 4373 1582 4444 παραζηλοῢν.
1616 4375 2006 4445 Παραζηλοῦν

421 4460 520 4532 μὲν
553 4462 659 4534 γὰρ
689 4463 908 4532 λέγεται
950 4464 1011 4518 τὸ
1052 4464 1342 4537 ἐρεθίζειν,
1381 4467 1474 4519 καὶ⁸
1514 4459 1684 4520 κινέἶν
1721 4469 1800 4532 είς
1841 4469 2001 4541 ζηλο-

2141 603 2378 670 spiritus,
2422 611 2471 654 et
2513 599 2933 665 ministros,suos
2967 598 3100 668 ignis
3138 597 3407 664 ﬂammam
3439 596 3505 648 ".
3544 596 3717 664 Ettig-

2143 709 2259 746 nem
2298 692 2411 746 veni
2428 692 2604 761 jacere
2627 693 2680 743 in
2708 701 2901 743 terram
2918 688 2985 742 ι’.
3018 687 3102 752 Ει,
3131 689 3320 758 spiritu
3350 687 3603 756 ferventes
3645 684 3714 740 "’.

2141 785 2294 852 Quod
2336 795 2515 840 autem
2549 793 2867 850 peccatores
2894 781 3033 850 apud
3065 780 3215 834 lacus
3250 779 3379 846 sint,
3434 779 3489 832 in
3527 777 3716 832 Exodo

2141 876 2273 930 dicit
2305 895 2317 930 :
2363 875 2568 930 Occidit
2595 875 2734 929 Deus
2772 891 2803 927 a
2832 873 2968 942 facie
3000 872 3332 935 Pharaonis,
3364 869 3453 942 qui
3480 870 3620 923 sedet
3658 872 3716 922 in

2141 969 2348 1032 throno,
2384 986 2546 1039 usque
2579 969 2647 1022 ad
2677 969 3081 1038 primogenitum
3114 965 3353 1033 captiva,
3373 979 3488 1033 quae
3519 972 3631 1016 erat
3657 963 3716 1015 in

2138 1060 2256 1115 lacu
2277 1062 2344 1116 ⁵ο.
2376 1060 2467 1116 Sic
2515 1061 2606 1131 qui
2658 1061 2989 1118 descendunt
3034 1058 3087 1110 in
3136 1057 3336 1122 lacum,
3398 1066 3714 1126 peccatores

2137 1165 2264 1210 sunt
2297 1163 2352 1209 et
2379 1154 2599 1224 captivi.
2628 1153 2732 1209 Sed
2760 1154 2937 1210 bonus
2966 1156 3108 1209 Deus
3141 1151 3240 1207 hos
3275 1163 3490 1219 quoque
3530 1154 3710 1213 vocat,

2137 1248 2324 1318 eisque
2351 1248 2566 1302 veniam
2595 1247 2859 1318 indulget.
2891 1248 3122 1317 Spiritus
3150 1246 3286 1300 enim
3321 1242 3534 1296 Domini
3557 1257 3714 1308 super

2135 1356 2235 1404 me,
2274 1340 2427 1410 cujus
2469 1356 2630 1394 causa
2661 1343 2809 1395 unxit
2867 1358 2946 1394 me
2975 1338 3330 1409 evangeliaare
3372 1334 3709 1403 pauperibus.

2138 1431 2288 1486 Misit
2316 1433 2708 1502 mepra'dicare
2734 1434 2951 1502 captivis
2975 1431 3362 1494 dimissionem,
3388 1439 3436 1482 et
3464 1427 3615 1481 (ανεξδ
3639 1427 3712 1479 ui-

2132 1537 2246 1575 sum
2270 1522 2335 1574 ⁵³.

2131 1789 2195 1846 γ.
2227 1789 2282 1846 2.
2314 1789 2552 1856 Exaudi,
2587 1790 2825 1856 Domine,
2858 1808 3030 1846 vocem
3081 1789 3338 1844 orationis
3381 1804 3532 1854 meat,
3581 1789 3709 1842 dum

2713 1879 2805 1932 ego
2835 1879 2927 1917 ora
2953 1863 3022 1915 ad
3048 1871 3119 1917 te.

2205 1955 2411 2022 Quibus
2438 1953 2616 2010 adhuc
2641 1953 2920 2024 quidpiam
2945 1955 3118 2014 deest.
3162 1954 3358 2008 horum
3389 1964 3475 2008 est
3507 1953 3702 2008 oratio.

2132 2043 2266 2099 Cum
2307 2059 2436 2101 vero
2470 2044 2562 2099 Dei
2593 2046 2933 2113 maiestatem
2977 2045 3312 2114 recogitans,
3363 2043 3578 2113 postulo
3608 2042 3708 2096 ali-

2131 2137 2258 2207 quid
2287 2152 2318 2191 a
2345 2137 2478 2202 Deo,
2521 2145 2648 2191 tunc
2695 2137 2980 2207 deprecor.
3021 2135 3246 2202 Quando
3303 2134 3475 2204 magis
3508 2133 3708 2204 magis-

2130 2242 2236 2299 que
2264 2229 2472 2285 amicus
2501 2227 2572 2284 ﬁo
2597 2267 2612 2293 ,
2650 2236 2779 2283 tunc
2809 2228 3014 2297 gratias
3046 2241 3147 2298 ago
3178 2225 3309 2281 Deo.
3362 2225 3499 2293 Quia
3539 2227 3704 2280 etiam

2129 2318 2326 2376 Paulus
2355 2334 2384 2373 a
2423 2319 2725 2376 minoribus
2747 2318 2812 2374 ad
2839 2319 3043 2388 majora
3071 2320 3389 2389 procedens,
3423 2318 3532 2372 ait:
3558 2316 3703 2370 tior-

2129 2421 2213 2465 tor
2243 2412 2471 2477 primum
2501 2412 2736 2465 omnium
2782 2411 2900 2479 ﬁeri
2953 2411 3242 2478 orationes,
3289 2409 3704 2478 deprecationes,

2128 2502 2563 2572 supplicationes,
2587 2503 2884 2572 gratiarum
2907 2505 3138 2557 actiones
3173 2502 3238 2556 δ’.

2128 2597 2194 2652 ν,
2230 2597 2287 2649 2.
2323 2593 2461 2649 Dum
2489 2593 2616 2648 tollo
2642 2611 2831 2648 manus
2867 2611 3012 2649 meas
3055 2596 3124 2648 ad
3167 2593 3418 2664 templum
3459 2603 3702 2649 sanctum

2827 2674 2994 2719 tuum.
3501 2688 3507 2693 '

2199 2755 2439 2811 Sublata:
2474 2772 2665 2811 manus
2692 2758 2759 2812 ad
2787 2757 3034 2811 actiones
3063 2756 3367 2827 religiosas,
3403 2759 3455 2812 in
3482 2759 3704 2812 thesau-

2125 2848 2202 2904 ris
2227 2848 2538 2905 cmlestibus
2593 2849 2888 2905 reconditae
2934 2859 3098 2916 sunt;
3155 2865 3250 2919 per
3301 2866 3438 2920 quas
3482 2860 3703 2920 superat

2124 2943 2246 3013 quis
2284 2941 2706 2998 intellectualem
2744 2943 3007 2997 Amalec:
3041 2944 3183 2997 sicut
3216 2942 3446 3012 Moyses,
3485 2943 3704 3012 quando

2123 3049 2316 3089 manus
2346 3034 2691 3101 sustollebat,
2715 3034 2968 3089 vincebat
3001 3035 3235 3105 populus
3264 3055 3280 3102 ;
3320 3036 3535 3104 quando
3570 3050 3700 3090 vero

2124 3126 2458 3192 dimittebat,
2495 3126 2833 3182 Amalecitze.
2882 3125 2960 3181 t\‘e
3005 3127 3345 3183 dimittamus
3388 3128 3555 3198 igitur
3587 3143 3707 3182 ma-

2046 3236 2088 3293 ο
2123 3236 2246 3284 nus,
2281 3221 2406 3290 quia
2442 3219 2747 3275 vincemur.

2129 3311 2184 3370 V.
2213 3312 2267 3366 5.
2302 3311 2578 3395 Quoniam,
2613 3328 2718 3394 non
2747 3312 3117 3366 intellexerunt
3152 3314 3213 3395 in
3254 3328 3415 3380 opera
3459 3311 3700 3378 Domini,

2531 3393 2578 3436 et
2612 3393 2668 3436 tn
2695 3398 2852 3451 opera
2881 3398 3134 3436 manuum
3160 3393 3296 3444 ejus.

2192 3475 2361 3530 Nemo
2384 3476 2529 3530 enim
2559 3475 2888 3546 inculpatus,
2927 3477 3018 3544 qui
3053 3491 3157 3530 non
3197 3477 3504 3530 considerat
3533 3488 3700 3544 opera

2122 3567 2357 3624 Domini.
2398 3567 2544 3634 Opus
2583 3569 2722 3623 enim
2748 3586 3002 3624 manuum
3035 3568 3149 3638 ejus
3187 3570 3473 3623 annuntiat
3507 3569 3697 3638 ﬁrma-

2119 3670 2353 3716 mentum
2383 3661 2454 3714 ".
2495 3661 2708 3714 Tribuit
2737 3661 2880 3716 enim
2910 3671 2967 3716 ut
3011 3676 3135 3716 cum
3161 3661 3514 3732 proportione
3563 3678 3702 3718 con-

2121 3753 2442 3823 templemur
2457 3753 2574 3822 ejus
2591 3752 2958 3808 Conditorem.

2497 3844 2555 3898 V.
2587 3845 2639 3897 7.
2671 3842 2738 3896 Et
2765 3845 3002 3915 reﬂoruit
3035 3862 3159 3899 caro
3191 3863 3328 3900 mea.

2187 3935 2444 4000 Quaenam
2475 3950 2606 3990 vero
2638 3952 2765 3992 caro
2801 3936 3086 3992 reﬂoruit?
3130 3937 3340 3992 Videbit
3370 3940 3536 3991 omnis
3571 3954 3694 3991 caro

2115 4029 2347 4082 salutare
2372 4027 2471 4081 Dei
2497 4027 2563 4080 ⁸⁸.

2673 4119 2867 4174 PSAL.
2901 4118 3144 4175 XXXVI.

2115 4207 2180 4264 V.
2206 4209 2257 4262 1.
2287 4208 2371 4263 Ne
2401 4207 2678 4290 exstimuia
2707 4211 2760 4262 in
2789 4209 3226 4290 malignantibus,
3257 4222 3420 4276 neque
3459 4206 3572 4262 zela
3603 4209 3691 4275 [a-

2605 4289 2796 4332 cientes
2847 4289 3196 4346 iniquitatem.

2184 4371 2450 4428 Diﬂ'erunt
2476 4369 2656 4426 zelare
2679 4379 2734 4426 et
2751 4370 3129 4426 exstimulare.
3171 4369 3526 4425 Exstimulare
3546 4371 3692 4426 enim

2113 4469 2336 4537 perinde
2365 4475 2452 4522 est
2479 4477 2644 4536 atque
2669 4466 2907 4530 irritare,
2931 4474 2987 4519 et
3009 4481 3227 4521 movere
3255 4466 3321 4520 ad
3344 4465 3689 4536 zelotypiam,

322 4540 327 4552 ’
414 4554 634 4619 τυπίαν,
673 4556 857 4608 ὁποῖον
889 4556 986 4609 τόδ
1025 4559 1204 4612 Αὐτοὶ
1250 4557 1678 4627 παρεξήλωσάν
1701 4579 1778 4631 με
1806 4540 1905 4615 ἐπί
1930 4565 2002 4617 οὐ

2124 4559 2416 4630 :ujusmodi
2442 4569 2528 4614 est
2554 4557 2684 4612 illud
2711 4574 2725 4611 :
2750 4557 2864 4622 Ipsi
2889 4558 3357 4613 exstimulaveruut
3386 4574 3470 4612 me
3502 4559 3558 4612 in
3588 4575 3691 4613 non

419 4646 572 4712 Θεῷ·
617 4647 896 4702 τουτέστιν
939 4651 1195 4720 ὲκίνησαν
1238 4653 1296 4703 ὲν
1340 4653 1463 4723 ἐμοὶ
1511 4652 1694 4723 ζῆλον,
1747 4655 1841 4708 καὶ
1887 4651 1998 4710 οἷον

2124 4651 2218 4706 Deo
2243 4652 2312 4718 ⁸⁸,
2349 4653 2400 4706 id
2426 4662 2528 4716 est,
2556 4660 2973 4705 commoverunt
2998 4650 3049 4704 in
3083 4665 3169 4704 me
3195 4651 3396 4716 zelum,
3426 4651 3693 4719 quasique

414 4737 496 4803 είς
538 4741 709 4812 ὀργήν
761 4759 829 4812 με
876 4741 1138 4812 ἠρέθισαν
1184 4744 1710 4816 είδωλολατροῦντες.
1759 4748 1998 4816 Ζηλοῦν

2124 4745 2170 4799 ιι]
2211 4745 2549 4799 iracundiam
2585 4761 2672 4800 me
2707 4743 3065 4798 irritaverant
3095 4743 3208 4796 suis
3242 4742 3509 4797 idolorum
3535 4743 3691 4796 culti-

413 4828 471 4881 δέ
506 4831 654 4882 ἐστιν
684 4829 744 4882 τὸ
777 4830 1061 4901 βούλεσθαι
1088 4834 1179 4885 καὶ
1212 4833 1388 4904 ἐαυτῷ
1424 4836 1711 4907 ὑπάρχειν,
1740 4837 1768 4889 ὃ
1806 4839 1998 4908 παρεῖ-

411 4937 502 4974 ναι
546 4919 626 4992 τῷ
679 4921 848 4987 πέλας
895 4924 1176 4995 νενόμικεν
1220 4925 1444 4994 ὰγαΟόν.
1486 4926 1655 4980 Τοῦτο
1687 4923 1778 4981 οὖν
1819 4928 1996 4998 λέγει’

410 5013 567 5084 Mirm
608 5013 792 5086 ἕτερον
841 5016 1051 5088 ἐρέθιζε
1096 5019 1531 5090 πονηρευόμενον
1576 5022 1713 5092 πρὸς
1757 5021 1820 5074 τὸ
1865 5024 1997 5074 ἀνα-

415 5105 604 5176 στῆναι
628 5107 787 5160 αὑτὸν
813 5108 956 5184 κατὰ
983 5110 1097 5164 σοῦ.
1127 5112 1352 5179 Ἦγουν,
1377 5111 1470 5183 Μὴ
1496 5114 1726 5186 ποιήσῃς
1753 5114 1995 5181 τοιαῦτα,

413 5198 488 5262 ὡς
516 5199 606 5251 τὸν
642 5201 875 5272 πονηρὸν
903 5202 1060 5274 ζῆλον
1097 5203 1278 5258 λαϐεῖν
1301 5206 1441 5260 κατὰ
1480 5206 1597 5272 σοῦ,
1629 5208 1750 5260 ἐπεὶ
1780 5208 2000 5261 ἐπιϐου-

419 5290 555 5343 ⁴ιεύει
609 5307 710 5344 σοι.
763 5287 920 5347 Οἴονο
971 5296 1034 5348 ΕΞ
1096 5297 1236 5367 μετὰ
1289 5297 1511 5370 γνώμης
1558 5297 1651 5352 τοῦ
1682 5299 1846 5353 Δαϐὶδ
1899 5300 1994 5353 τὸν

363 5454 366 5457 _
412 5380 580 5453 ὕμνον
627 5382 813 5452 ἔλεγον
846 5387 902 5439 αἱ
951 5387 1210 5453 νεάνιδες,
1255 5390 1336 5454 τὸ,
1385 5391 1721 5456 Ἐπάταξεν
1757 5396 1790 5446 ό
1825 5392 2002 5445 Δαϐὶδ

407 5474 477 5528 ἐν
499 5474 791 5544 μυριάσιν
819 5479 1006 5534 αὑτοῦ
1025 5498 1036 5510 ·
1076 5482 1237 5546 αὐτὸς
1265 5479 1335 5554 ἦν
1375 5487 1402 5540 ὁ
1433 5485 1767 5556 παραζηλῶν
1801 5487 1858 5538 ἐν
1903 5502 2000 5538 πο-

409 5567 824 5638 νηρευομένοις,
863 5570 942 5641 τῷ
969 5573 1161 5628 Σαούλ.
1208 5577 1364 5648 Μήτε
1399 5577 1559 5631 πάλιν
1606 5577 1773 5649 μιμοῦ
1817 5577 1850 5649 ἢ
1898 5596 2001 5648 μα-

479 5661 522 5741 ξτ
550 5663 713 5741 Hebr.
744 5680 782 5727 ι,
812 5666 898 5741 7._
975 5667 1181 5741 "Luc.
1218 5687 1316 5736 xu,
1349 5673 1437 5729 49.
1542 5673 1588 5707 ⁸⁸
1623 5673 1778 5729 Rom.
1801 5691 1900 5741 xu,
1928 5675 2013 5728 tl.

2106 4836 2230 4893 bus.
2265 4833 2453 4889 Zelare
2476 4851 2606 4891 vero
2636 4845 2722 4890 est
2753 4834 2890 4890 velle
2920 4833 3120 4890 habere
3149 4834 3535 4902 bonum,quod
3565 4848 3691 4902 pro-

2110 4927 2314 4979 ximum
2349 4926 2554 4981 habere
2598 4927 2724 4997 quis
2755 4927 3057 4982 existimat.
3099 4925 3307 4980 Sensus
3350 4925 3532 4994 itaque
3563 4935 3685 4977 est:

2110 5015 2188 5071 Ne
2212 5017 2377 5071 alium
2411 5018 2596 5073 irrites
2622 5018 3031 5088 malignantem,
3057 5032 3165 5088 quo
3210 5017 3458 5086 insurgat
3490 5027 3689 5072 contra

2109 5119 2178 5164 te.
2215 5109 2335 5177 Vel,
2369 5111 2450 5166 Ne
2482 5109 2682 5167 feceris
2708 5111 2859 5176 talia,
2899 5121 2956 5164 ut
2988 5110 3190 5164 malum
3217 5109 3390 5164 zelum
3425 5110 3690 5164 adversus

2108 5215 2159 5259 te
2189 5205 2444 5273 accipiat,
2474 5205 2913 5274 quandoquidem
2945 5205 3040 5260 tibi
3065 5204 3292 5258 insidias
3316 5205 3498 5259 struit.
3518 5202 3683 5257 Puta:
3745 5193 3748 5195 λ

2107 5299 2162 5353 Si
2197 5314 2265 5353 ex
2309 5299 2579 5354 sententia
2638 5297 2858 5353 Davidis
2907 5300 3169 5367 h-ymnum
3202 5299 3460 5354 dicebant
3493 5298 3687 5369 puella:

2105 5393 2279 5455 illum,
2322 5388 2593 5445 Percussit
2641 5389 2813 5444 David
2844 5392 2899 5444 in
2933 5392 3109 5444 decem
3159 5389 3396 5444 millibus
3439 5389 3557 5460 ejus
3592 5391 3680 5455 ";

2108 5483 2339 5552 ipsemet
2367 5491 2486 5537 erat
2511 5481 2897 5538 exstimulator
2927 5484 2980 5536 in
3019 5481 3468 5551 malignantibus,
3515 5478 3686 5536 Saulo

2111 5590 2319 5645 nempe.
2353 5573 2462 5630 Nec
2498 5589 2689 5631 rursus
2712 5575 2931 5628 imitare
2965 5573 3050 5628 vel
3084 5575 3274 5629 beatos
3302 5574 3564 5643 praedices
3585 5575 3686 5627 hu-

2119 5674 2163 5706 ⁸⁰
2192 5671 2361 5728 Exod.
2385 5687 2484 5737 xu,
2525 5673 2614 5727 29.
2727 5671 2772 5703 “
2804 5671 2925 5728 lsai.
2962 5686 3074 5738 Lxl,
3106 5673 3158 5728 Ι.
3235 5674 3279 5706 ⁸³
3311 5672 3330 5727 l
3360 5671 3503 5729 Tim.
3541 5689 3600 5739 ιι,
3629 5675 3680 5729 1.

411 5732 620 5789 "Psal.
677 5749 832 5802 xvm,
872 5739 927 5795 2.
1002 5739 1050 5772 “
1073 5739 1206 5797 Luc.
1246 5732 1327 5812 ιιι,
1377 5746 1432 5799 6.
1507 5745 1554 5778 ⁸⁸
1587 5746 1745 5802 Deut.
1780 5732 1956 5813 xxxii,
2000 5745 2016 5799 ξ

2171 5747 2217 5777 ⁸⁸
2258 5744 2277 5798 l
2321 5732 2636 5814 Regsxvm,
2675 5743 2728 5796 7.

481 5874 594 5945 (61)
624 5871 772 5947 Orig.
816 5884 867 5932 et
895 5871 1224 5932 Theodoret.
