4186 6442
454 336 555 393 119
1301 330 1864 388 δῐῖΡΡιΕΜΕΝΤυΜ
1899 332 1989 387 AD
2020 337 2029 381 t

2129 327 2344 387 IGENIS
2382 326 2790 389 EXEGETICA.
3602 331 3703 386 120

445 455 704 526 insutodi,
738 453 924 511 felices
950 469 1043 508 eos
1065 454 1275 511 videns.
1311 452 1607 524 Parumper
1635 456 1777 510 enim
1818 454 2016 508 ﬂoren-

2129 452 2310 525 ιιάριζε
2337 452 2467 516 τοὺς
2498 451 2791 514 τοιούτους,
2828 449 3187 522 εὐθηνοῦντας
3217 448 3379 520 ὁρῶν.
3410 446 3557 522 Πρὸς
3589 450 3700 504 ὀλί-

452 559 554 614 tcs,
593 562 718 605 mox
743 558 1016 600 arescunt.
1049 543 1234 599 Omnis
1255 548 1392 600 enim
1414 563 1558 610 caro,
1590 547 1766 616 fenum
1793 548 1858 599 ⁸⁷.
1886 544 2024 614 Quid

2129 563 2222 614 γον
2257 546 2364 616 γὰρ
2398 543 2711 609 ἀνθοῦντες,
2755 544 3119 615 ξηραίνοντα.
3150 542 3327 599 Πᾶσα
3368 544 3478 614 γὰρ
3518 543 3699 613 σάρεο

448 654 579 709 ergo
608 639 897 694 zelatorcm
936 637 1162 703 habent,
1195 637 1287 706 qui
1321 639 1388 693 ad
1427 639 1593 693 breve
1620 639 1839 709 aliquod
1878 648 2020 693 tem-

449 746 548 800 pus
576 739 886 796 vernantes,
918 743 1043 784 cras
1101 729 1154 782 in
1198 727 1472 782 clibanum
1516 728 1845 784 mittuntur?
1884 730 2025 784 sicut

450 822 579 876 dicit
612 820 882 876 Salvator.
945 819 1132 890 Neque
1183 823 1328 878 enim
1382 821 1467 877 l‘as
1505 830 1590 877 est
1627 822 1808 877 dicere
1857 836 2025 875 aemu-

450 915 662 969 landum
690 929 812 970 esse
842 913 1145 970 volentibus
1178 915 1338 987 digne
1363 915 1567 980 vivere,
1591 922 2021 968 momentsneam

448 1008 861 1079 malignantium
893 1007 1231 1067 felicitatem.
1269 1009 1408 1075 Quin
1435 1007 1618 1078 potius
1664 1006 2022 1062 consideran—

450 1102 598 1166 dum,
632 1115 793 1172 quem
821 1099 981 1156 linem
1015 1101 1270 1156 habitura
1304 1101 1546 1171 sitoptio
1577 1099 1699 1155 vitae
1721 1097 2020 1169 ﬂagitiosw.

447 1191 528 1248 Ne
562 1192 725 1264 igitur
755 1192 894 1259 zela,
938 1191 1135 1261 inquit,
1174 1192 1424 1247 homines
1470 1189 1801 1257 huiusmodi,
1850 1201 2024 1256 neque

449 1285 706 1341 exciteris
755 1285 824 1339 ad
870 1285 1233 1340 imitationem
1282 1297 1473 1339 eorum
1518 1282 1608 1351 qui
1645 1290 1866 1349 peccata
1897 1279 2023 1334 dili-

450 1385 602 1448 gunt,
645 1376 860 1433 tametsi
893 1377 1178 1432 videantur
1227 1376 1435 1455 habere
1484 1373 1646 1443 huius
1674 1377 1798 1427 vita:
1835 1371 2022 1427 ohlec-

452 1478 715 1524 lamenta.
746 1468 893 1539 Fuge
922 1470 1086 1538 igitur
1138 1467 1347 1524 similes
1388 1466 1556 1520 animi
1611 1464 2019 1535 propensiones,

450 1577 572 1631 qua:
599 1561 783 1615 futura
812 1571 939 1615 sunt
968 1561 1341 1616 considerans.
1377 1556 1497 1612 Non
1533 1557 1678 1612 enim
1710 1557 1764 1611 in
1791 1557 1909 1611 istis
1936 1570 2022 1610 res

450 1663 717 1725 perpetuo
753 1664 933 1708 erunt.
969 1652 1262 1722 Propterea
1287 1649 1564 1721 subiungit
1586 1647 1876 1713 :Quom‘am
1904 1658 2024 1701 tan-

451 1764 608 1819 quam
637 1747 813 1814 fenum
864 1745 969 1799 cito
1012 1753 1268 1808 arescent,
1323 1753 1463 1797 etut
1509 1741 1654 1796 olera
1706 1739 1880 1794 hei-lue
1918 1741 2019 1799 cito

449 1840 690 1893 excident
716 1839 783 1891 ⁸⁸.

451 1954 516 2010 ν.
545 1954 599 2009 5.
625 1951 794 2023 Spera
821 1953 874 2006 in
904 1950 1211 2014 Dominum,
1238 1959 1289 2004 et
1318 1949 1422 2023 [ae
1435 1948 1749 2023 bonitatem,
1774 1953 1824 2000 et
1853 1945 2022 2009 incole

709 2033 926 2090 terram,
955 2032 1004 2077 et
1038 2023 1269 2091 pasceris
1308 2022 1365 2073 in
1388 2020 1586 2074 diuitiis
1614 2017 1749 2087 ejus.

518 2156 577 2213 id
600 2166 705 2222 est,
735 2156 898 2228 dilige
927 2167 1210 2227 acceptum
1229 2156 1565 2225 probumque
1583 2153 1751 2208 videri
1779 2170 1793 2219 ;
1825 2153 1913 2207 siti
1938 2167 2025 2207 εον-

449 2264 670 2306 crorum
698 2247 1090 2304 charismatum
1121 2246 1521 2318 possessionem
1552 2264 1565 2299 :
1602 2259 1723 2297 atna
1744 2260 1863 2313 quae
1886 2242 2024 2313 apud

451 2351 673 2398 sanctos
720 2342 775 2396 in
818 2340 1028 2397 honore
1073 2350 1222 2405 sunt,
1257 2348 1312 2395 et
1362 2353 1530 2407 penes
1577 2337 1745 2392 Deum
1793 2337 1936 2392 velut
1970 2337 2023 2390 in

453 2438 711 2490 thesauro
749 2433 1052 2488 recondita.
1084 2429 1154 2484 Et
1197 2433 1283 2501 {ac
1313 2432 1597 2484 bonitatem
1625 2444 1641 2483 .'
1673 2437 1731 2482 ut
1770 2427 1813 2482 si
1853 2427 2023 2482 dixis-

449 2537 537 2584 set
563 2527 739 2583 telluri
770 2546 785 2582 :
817 2525 926 2581 Fac
966 2527 1106 2580 hunc
1143 2525 1403 2578 fructum.
1445 2522 1537 2578 Sic
1569 2521 1662 2577 tibi
1695 2520 2025 2575 anditoridi-

449 2622 701 2676 vinorum
726 2620 1205 2683 documentorum,
1253 2615 1327 2669 Da
1371 2629 1535 2684 agro,
1561 2613 1693 2667 dicit
1741 2610 1977 2665 Verbum
2007 2626 2021 2661 :

449 2713 539 2769 l'ac
562 2712 884 2775 bonitatem,
925 2724 1045 2780 quae
1086 2722 1227 2763 unus
1255 2713 1428 2762 estex
1470 2704 1734 2759 fructibus
1764 2700 2023 2772 Spiritus.

450 2806 719 2863 Bonitatis
749 2817 946 2858 nomen
974 2801 1077 2856 hoc
1112 2800 1233 2853 loco
1270 2796 1539 2869 signiﬁcat
1565 2809 1783 2850 omnem
1808 2793 2024 2847 modum

449 2898 693 2954 virtutis.
728 2896 794 2951 Et
824 2894 993 2949 incola
1023 2909 1172 2949 secus
1204 2904 1399 2953 terram
1431 2889 1499 2955 '9;
1535 2888 1797 2944 insistens
1821 2883 2028 2941 sollici-

454 2990 627 3059 tudini
655 2999 709 3044 et
735 2987 906 3043 cultui
928 2985 1125 3043 animae
1158 3001 1170 3037 :
1198 2984 1336 3049 Quia
1366 2982 1712 3052 quodcunque
1735 2979 2026 3033 seminave-

453 3086 523 3139 rit
552 3084 729 3150 homo,
761 3079 896 3135 illud
934 3088 981 3133 et
1012 3087 1164 3131 metet
1202 3075 1269 3130 °'.
1302 3074 1558 3131 Fortasse
1601 3081 1806 3129 terram
1845 3069 2027 3139 appel-

453 3169 533 3225 lat
554 3169 815 3225 divinitus
842 3166 1165 3235 inspiratam
1199 3162 1561 3232 Scripturam,
1604 3161 1659 3221 in
1684 3176 1789 3231 qua
1824 3160 2027 3215 divitias
2055 3156 2096 3213 C

455 3271 772 3319 sanctorum
801 3269 947 3327 sunt,
979 3261 1033 3313 itl
1058 3252 2028 3326 estpromissiones.Admonetetiam

456 3364 517 3411 ut
543 3355 747 3426 iugiter
773 3363 1048 3409 sectemur
1087 3350 1266 3407 divina
1291 3348 1529 3418 eloquia,
1554 3362 1741 3402 amore
1763 3347 2028 3401 bonorum

455 3463 579 3520 quas
628 3448 683 3503 in
719 3446 829 3502 illis
861 3445 1097 3516 reposita
1148 3452 1274 3499 sunt
1312 3456 1411 3511 pro
1456 3440 1684 3507 sanctis.
1719 3438 1818 3495 Vel
1852 3437 2034 3508 posuit

454 3540 624 3597 incole
648 3555 746 3610 pro
764 3537 981 3594 insoles.
1023 3534 1250 3591 Terram
1279 3547 1411 3589 vero
1441 3546 1560 3587 eam
1596 3528 1749 3596 dicit,
1766 3544 1885 3600 qua:
1925 3528 2031 3584 mi-

459 3633 606 3689 tibus
634 3631 844 3703 scilicet
875 3629 1142 3699 promissa
1175 3638 1301 3693 est;
1337 3626 1392 3681 in
1418 3639 1526 3695 qua
1559 3638 1683 3678 cum
1715 3621 1901 3687 lueris,
1932 3636 2031 3692 pa-

458 3724 648 3790 sceris,
674 3724 868 3793 inquit,
889 3723 941 3778 in
971 3720 1175 3774 divitiis
1194 3718 1332 3789 eius.
1354 3717 1563 3771 Divitite
1581 3730 1742 3788 porro
1769 3727 2034 3783 supremae

460 3815 720 3882 civitatis,
749 3822 829 3870 est
872 3812 1181 3885 divinorum
1211 3811 1483 3867 donorum
1518 3806 1759 3878 locuples
1789 3805 2029 3876 largitio.

458 3909 695 3966 Fortean
752 3904 1109 3962 tabernaculo
1149 3902 1416 3958 assimilat
1460 3899 1847 3969 temporariam
1894 3898 2035 3953 hanc

463 4004 652 4069 vitam,
699 4000 921 4068 vultque
966 4007 1025 4051 ut
1066 4011 1165 4051 nos
1190 4009 1253 4049 ea
1285 4004 1535 4057 utamur,
1570 3991 1735 4046 veluti
1778 3991 2033 4047 taberna-

461 4095 585 4152 culo
624 4093 678 4148 in
720 4091 975 4156 transitu,
1021 4089 1352 4159 imperantes
1392 4085 1500 4151 illi,
1535 4098 1875 4153 nequaquam
1904 4097 2035 4139 vero

460 4188 636 4245 eidem
672 4185 930 4257 subjecti,
959 4192 1283 4251 utentesque
1311 4194 1374 4235 ea
1403 4180 1469 4233 ad
1493 4178 1545 4233 id
1574 4176 1719 4248 quod
1747 4175 1901 4238 utile,
1926 4190 2033 4229 nou

460 4283 604 4350 quod
632 4279 824 4347 volupe
863 4276 1047 4331 fuerit.
1096 4274 1209 4331 lloc
1232 4273 1379 4328 enim
1414 4280 1575 4341 pacto
1615 4284 1898 4340 pascemur
1934 4266 2036 4321 sub

460 4372 692 4430 Pastore
728 4372 874 4428 bono
908 4388 923 4426 :
952 4371 996 4425 si
1041 4384 1162 4439 quae
1204 4377 1345 4422 sunt.
1374 4363 1681 4419 divinorum
1728 4361 2034 4430 dogmatum

2126 640 2359 708 χόρτος.
2397 636 2461 691 Τί
2493 632 2584 691 οὖν
2630 636 2812 707 έχουσι
2848 635 3108 708 ζηλωτὸν,
3151 636 3376 703 οἵτινες,
3413 637 3550 707 πρὸς
3588 637 3700 689 ὀλί-

2124 746 2221 800 γον
2261 731 2632 801 ἀνθήσαντες,
2685 729 2873 800 αὔριον
2924 729 3005 791 εἰς
3052 726 3305 781 χλιδανον
3377 728 3696 798 βάλλονταῖς

2125 822 2273 877 καθά
2297 841 2460 895 φησιν
2482 827 2511 878 ὁ
2538 824 2748 894 Σωτήρ.
2778 822 2851 876 Ού
2885 821 2994 893 γάρ
3024 837 3106 873 τοι
3140 820 3307 891 φαίην
3332 820 3398 874 ἂν
3420 817 3557 876 εἷναί
3581 840 3699 889 πως

2125 916 2482 987 ἀξιοζήλωτον
2522 917 2633 980 τοῖς
2664 914 2907 968 ἐθέλουσι
2947 913 3046 983 ζῇν
3087 912 3433 984 ἀξιοπρεπῶς
3468 917 3565 986 τὴν
3590 917 3698 970 τῶν

2125 1010 2572 1079 πονηρευομένων
2617 1008 2952 1079 πρόσκαιρον
2997 1007 3318 1078 εὐημερίαν.
3374 1008 3604 1062 Ἐννοεῖν
3642 1009 3698 1063 δὲ

2124 1102 2228 1173 χρὴ
2271 1102 2469 1172 μᾶλλον
2513 1104 2592 1168 είς
2636 1097 2747 1155 οἷον
2778 1100 3070 1172 ἐκϐήσεται
3125 1099 3299 1171 πέρας
3359 1098 3422 1152 τὸ
3459 1099 3699 1153 διαὸιούν

2124 1191 2337 1246 ἑλέσθαι
2386 1193 2590 1257 κακῶς.
2634 1194 2724 1263 Μὴ
2775 1193 2954 1246 τοίνυν
3012 1190 3174 1263 ζήλου
3222 1193 3348 1255 τοὺς
3396 1191 3699 1257 τοιούτους,

2124 1286 2290 1356 φησὶ,
2343 1286 2480 1358 μηδὲ
2529 1286 2875 1358 κατερεθίζου
2926 1286 3062 1355 πρὸς
3116 1286 3346 1357 μίμησιν
3390 1286 3499 1339 τῶν
3541 1286 3699 1354 φιλα-

2127 1395 2304 1449 μαρτη
2314 1379 2508 1449 μόνων,
2536 1377 2641 1432 κάν
2670 1380 2718 1431 εί
2749 1378 2954 1432 δοκοῖεν
2983 1377 3125 1447 ἔχειν
3157 1377 3257 1441 τὰς
3284 1379 3341 1433 ὲν
3368 1378 3446 1449 τῷ
3474 1380 3700 1450 παρόντι

2125 1468 2225 1539 βίῳ
2252 1468 2481 1541 τρυφάς.
2507 1467 2678 1537 Φεῦγε
2720 1463 2814 1523 οὖν
2857 1468 2955 1540 τὴν
2991 1468 3325 1539 ἰσορροπίαν,
3361 1470 3441 1531 είς
3475 1468 3546 1521 τὰ
3578 1467 3699 1523 ἐσό-

2125 1578 2259 1631 μενα
2302 1561 2513 1628 βλέπων
2534 1578 2548 1592 ο
2584 1563 2647 1615 ού
2684 1561 2793 1633 γὰρ
2826 1562 2883 1614 ὲν
2916 1561 3124 1623 τούτοις
3158 1560 3305 1613 ἔσται
3334 1560 3594 1631 διηνεκῶς
3631 1560 3701 1613 τά

2123 1654 2442 1722 πράγματα.
2492 1651 2582 1707 Διὸ
2631 1652 2857 1727 ὲπάγει’
2911 1652 3029 1705 Ὅτι
3082 1651 3223 1704 ὡσεὶ
3273 1653 3486 1720 χόρτος
3548 1652 3699 1720 ταχὺ

2121 1743 2748 1811 ἀποξηρανθήσονται,
2783 1744 2877 1797 καὶ
2905 1743 3046 1797 ὡσεὶ
3076 1742 3311 1812 λάχανα
3333 1745 3523 1812 χλόης
3546 1742 3699 1812 ταχὺ

2057 1818 2096 1872 Β
2124 1837 2567 1891 ἀποπεσοῦνται
2579 1880 2591 1892 .

2124 1927 2271 1997 Στίχ.
2296 1934 2363 1995 γ’.
2405 1929 2698 1982 Ἔ.1πισον
2725 1928 2821 1981 ἐπὶ
2856 1929 3094 1995 Κύριον,
3128 1927 3223 1997 καὶ
3257 1926 3411 1997 ποίει
3446 1928 3706 1995 χρηστό-

2194 1996 2360 2079 τητα,
2405 1998 2503 2076 καὶ
2542 1997 2929 2079 tear-acmirva
2980 1998 3093 2066 τὴν
3134 1996 3268 2069 γῆν,
3314 1996 3414 2051 καὶ
3449 2014 3700 2067 ποιμαν-

2193 2067 2353 2134 θήσῃ
2388 2067 2467 2131 τῷ
2507 2070 2748 2131 πλούτῳ
2779 2067 2989 2136 αὐτῆς.

2192 2158 2302 2230 (69.)
2339 2160 2647 2226 Τουτέστιν,
2687 2160 2994 2233 Ἀγάπησον
3019 2161 3080 2215 τὸ
3113 2160 3444 2232 εὐδοκιμεῖν·
3476 2160 3700 2231 δίψησον

2123 2251 2230 2305 τῶν
2258 2252 2416 2322 ίερῶν
2441 2253 2792 2325 χαρισμάτων
2813 2254 2911 2325 τὴν
2934 2253 3153 2323 κτῆσιν·
3182 2255 3465 2325 ἀγάπησον
3492 2253 3560 2307 τὰ
3588 2255 3700 2317 τοῖς

2124 2345 2301 2413 ἁγίοις
2344 2346 2689 2416 τετηρημένα
2735 2347 2829 2399 καὶ
2861 2346 3011 2417 παρά
3042 2345 3162 2416 Θεῷ
3205 2345 3699 2418 τεθησαυρισμένα.

2128 2438 2235 2492 Καὶ
2281 2437 2433 2491 ποίει
2483 2440 2896 2507 χρηστότητα·
2951 2440 3025 2503 ὡς
3076 2442 3123 2492 εἰ
3176 2439 3326 2507 ἔλεγε
3375 2438 3452 2510 τῷ
3511 2437 3700 2509 ἀγρῷο

2126 2531 2274 2585 Ποίει
2312 2531 2461 2584 τόνδε
2493 2532 2584 2585 τὸν
2617 2532 2848 2603 καρπόν.
2884 2530 3069 2596 Οὕτως
3111 2549 3192 2585 σοι
3218 2531 3295 2601 τῷ
3324 2532 3563 2602 ἀκροατῇ
3595 2530 3705 2583 τῶν

2126 2621 2282 2676 θείων
2312 2621 2650 2693 μαθημάτων
2671 2640 2685 2654 ⁸
2728 2623 2827 2687 Δὸς
2855 2623 3039 2694 ἀγρῷ,
3068 2623 3232 2694 φησὶν
3256 2624 3285 2676 ὀ
3320 2623 3488 2690 Λόγος
3509 2639 3523 2653 ο
3564 2622 3705 2675 ποίει

2127 2716 2490 2789 χρηστότητα,
2518 2718 2639 2787 ἣτις
2674 2717 2771 2788 μία
2796 2718 2913 2770 ἐστὶ
2941 2718 3050 2771 τῶν
3082 2716 3312 2789 καρπῶν
3335 2715 3428 2771 τοῦ
3456 2713 3708 2785 Πνεύμα-

2125 2826 2234 2873 τος.
2281 2808 2354 2861 Τὸ
2398 2807 2503 2876 τῆς
2550 2812 2965 2881 χρηστότητος
3006 2809 3175 2880 ὄνομα
3206 2809 3439 2864 ἐνταῦθα
3465 2824 3708 2878 καταση-

2131 2899 2311 2972 μαίνει
2360 2900 2539 2955 πάντα
2581 2900 2782 2972 τρόπον
2824 2902 3038 2972 ἀρετῆς.
3087 2902 3195 2957 Καὶ
3244 2902 3500 2957 arato/sses
3549 2901 3711 2969 παρὰ

2127 2989 2242 3059 τὴν
2282 2991 2428 3061 γῆν·
2457 2992 2889 3065 προώιατρίὸων
2938 2997 3004 3065 τῇ
3056 2993 3156 3064 τῆς
3202 2993 3377 3064 ψυχῆς
3424 2991 3710 3063 ἐπιμελείᾳ

2128 3084 2224 3140 καὶ
2252 3085 2496 3158 γεωργίᾳ
2515 3103 2527 3115 ·
2565 3086 2693 3139 Ὀτι
2722 3084 2753 3138 ὃ
2774 3087 2883 3141 ἐὰν
2914 3086 3133 3155 σπείρῃ
3160 3086 3488 3153 ἅνθρωπος,
3517 3083 3710 3137 ἐκεῖνο

2130 3174 2229 3228 καὶ
2252 3177 2493 3244 θερίσει.
2523 3177 2683 3239 Ἴσως
2713 3174 2769 3228 δὲ
2796 3174 2922 3245 γῆν,
2948 3176 3045 3246 τὴν
3073 3176 3427 3230 θεόπνευστον
3457 3174 3710 3245 ὀνομάζει

2130 3266 2387 3338 Γραφὴν,
2417 3269 2473 3321 ὲν
2602 3269 2631 3322 ὁ
2670 3267 2896 3334 πλοῦτος
2940 3268 3049 3324 τῶν
3098 3268 3301 3337 ἀγίων,
3349 3269 3622 3322 τουτέστιν
3653 3266 3712 3321 αἱ

2131 3356 2471 3425 ἐπαγγελίαι.
2504 3358 2614 3411 Καὶ
2644 3361 2900 3430 παραινεῖ
2940 3358 3233 3422 διαπαντὸς
3271 3358 3381 3412 τῶν
3411 3358 3568 3411 θείων
3595 3358 3715 3429 ἔχεσ-

2135 3442 2257 3498 σθαι
2300 3444 2529 3514 λογίων,
2558 3444 2721 3517 ἔρωτι
2765 3445 2874 3499 τῶν
2902 3448 2960 3501 ὲν
2986 3447 3165 3511 αὐτοῖς
3195 3446 3571 3517 ἀποκειμένων
3600 3449 3713 3511 τοῖς

2133 3534 2307 3602 ἁγίοις
2336 3533 2577 3604 ἀγαθῶν.
2598 3535 2669 3588 Ἣ
2697 3533 2757 3589 τὸ
2786 3534 2884 3607 μὲν
2909 3535 3292 3601 κατασκήνοι·
3321 3535 3565 3589 τέθεικεν
3589 3534 3713 3588 ἀντὶ

2132 3626 2226 3680 τοῦ
2255 3625 2745 3694 κατασκηνώσεις
2765 3643 2778 3656 ο
2813 3627 2916 3697 γῆν
2952 3627 3008 3682 δὲ
3048 3627 3260 3698 ἐκείνην
3292 3627 3439 3696 λέγει
3472 3626 3571 3699 τὴν
3602 3629 3716 3690 τοῖς

2135 3720 2364 3793 πραέσιν
2396 3719 2810 3792 ἐπηγγελμένην
2834 3719 3105 3790 δηλονότι·
3142 3721 3200 3773 ὲν
3310 3721 3567 3791 γεγονὼς,
3596 3739 3716 3776 ποι-

2138 3812 2407 3885 μανθήσῃ,
2444 3814 2638 3883 φησὶν,
2670 3815 2762 3867 ἐπὶ
2804 3813 2881 3885 τῷ
2913 3813 3125 3885 πλούτῳ
3162 3814 3350 3885 αὐτῆς.
3384 3814 3618 3878 Πλοῦτος
3656 3815 3714 3868 δὲ

2133 3906 2230 3977 τῆς
2261 3906 2371 3959 ἀνω
2398 3905 2673 3976 πόλεως,ή
2700 3905 2808 3958 τῶν
2837 3905 2994 3959 θείων
3026 3906 3378 3978 χαρισμάτων
3398 3906 3715 3977 ἀμφιλαφὴς

2136 3997 2387 4068 χορηγία.
2420 3997 2572 4068 Τάχα
2610 3997 2666 4051 δὲ
2711 3999 2882 4069 σκηνῇ
2932 3997 3220 4062 ἀπεικάζει
3249 3995 3341 4050 τὸν
3382 3997 3717 4067 πρόσκαιρον

2138 4085 2249 4155 βίον
2275 4103 2289 4117 ·
2320 4087 2413 4139 καὶ¹
2451 4086 2700 4157 βούλεται
2738 4089 2885 4157 ἡμᾶς
2924 4086 3158 4159 χρᾶσθαι
3205 4085 3384 4153 αὐτῷ,
3430 4086 3505 4147 ὡς
3544 4088 3715 4155 σκηνῇ

2136 4176 2275 4231 κατὰ
2299 4176 2552 4248 πάροδον,
2590 4176 2942 4249 κυριεύοντας
2973 4174 3160 4241 αὑτοῦ,
3199 4177 3261 4227 οὐ
3300 4172 3718 4245 κυριευομένους

2137 4270 2229 4323 ὑπ’
2272 4268 2469 4333 αὑτοῦ,
2502 4270 2597 4323 καὶ
2633 4268 2769 4339 πρὸς
2810 4267 2872 4321 τὸ
2900 4267 3175 4339 συμφέρον
3198 4304 3213 4331 ,
3257 4266 3319 4318 ού
3361 4264 3499 4335 πρὸς
3528 4262 3719 4334 ἡδονάς

2139 4365 2583 4438 ἀποχρωμένους.
2618 4363 2775 4419 Οὕτω
2798 4362 2908 4435 γὰρ
2933 4359 3416 4432 ποιμανθησόμεθα
3459 4357 3564 4413 ὑπὸ
3589 4359 3717 4412 Ποι-

462 4466 685 4529 divitia,
719 4461 985 4533 ejusmodi
1018 4459 1227 4515 fructus
1256 4457 1600 4527 colligentes,
1643 4463 1700 4507 ut
1733 4454 1981 4509 dicamus
2016 4469 2029 4504 :

2144 4458 2266 4529 μένι
2293 4457 2463 4528 καλῷ,
2491 4457 2545 4509 εί
2574 4473 2660 4520 τις
2687 4454 2915 4517 πλοῦτός
2944 4456 3062 4506 ἐστι
3086 4452 3196 4506 τῶν
3226 4452 3385 4507 θείων
3412 4451 3718 4523 δογμάτων,

462 4555 720 4613 Dominus
740 4555 910 4623 pascit
931 4570 1034 4619 me,
1061 4561 1112 4606 et
1139 4551 1273 4606 nihil
1294 4550 1420 4609 mihi
1443 4550 1607 4604 deerit
1636 4546 1705 4604 “.

510 4739 572 4797 V.
606 4738 664 4793 4.
722 4735 995 4793 Oblectars
1023 4735 1379 4858 iubant-inf,
1399 4742 1448 4787 et
1483 4733 1571 4787 det
1605 4730 1698 4786 tibi
1729 4692 2005 4800 petitiones

1103 4822 1195 4858 ιον
1233 4821 1276 4858 η
1325 4820 1401 4858 ut.

1103 4820 1276 4860 corats
1302 4820 1401 4859 ιιιι.

538 4899 1094 4972 Mosestﬁcripturze
1123 4895 1471 4952 introducere
1503 4892 1640 4948 duos
1670 4891 1952 4957 homines;
1985 4900 2040 4945 et

2140 4548 2328 4602 τοῦτον
2359 4546 2747 4620 καρπούμενοι,
2769 4544 2909 4598 ὥστε
2935 4543 3116 4612 λέγειν
3139 4561 3150 4574 ·
3179 4545 3395 4613 Κύριος
3420 4543 3721 4614 ποιμαίνει

2144 4658 2233 4703 us,
2269 4641 2371 4695 καὶ
2396 4638 2577 4693 οὐδὲν
2606 4654 2683 4708 με
2706 4633 3051 4703 ὐστερήσει.

2143 4733 2288 4803 falx.
2320 4732 2383 4786 δ’.
2429 4727 3039 4803 Κατατριᾶφησονᾳτοῦ
3085 4728 3321 4803 Κῃρίου.
3350 4725 3449 4781 καὶ
3481 4724 3603 4794 δῴη
3624 4740 3724 4780 σοι

2448 4801 2522 4855 τὰ
2550 4796 2839 4869 αἰτήματα
2862 4796 2971 4864 τῆς
3001 4798 3245 4865 καρδίας
3282 4815 3417 4851 σου.

2217 4891 2517 4962 (65)·Ἕθος
2543 4894 2610 4962 τῇ
2635 4891 2826 4961 Γραφῇ
2859 4890 2951 4942 δύο
2980 4887 3301 4959 ἀνθρώπους
3325 4888 3564 4955 εἰσάγειν
3584 4901 3600 4917 ·
3634 4887 3730 4940 καὶ

467 4997 853 5071 propemodum
872 4993 1055 5066 omnia
1073 5003 1194 5061 quas
1218 4996 1344 5043 sunt
1373 4984 1662 5057 sequioris,
1691 4984 1855 5039 habet
1877 4983 2029 5037 etiam

2147 4985 2332 5056 σχεδὸν
2362 4985 2537 5037 πάντα
2567 4983 2635 5036 τά
2672 4981 2767 5035 τοῦ
2809 4981 3050 5053 χείρονος
3092 4980 3205 5050 ἔχει
3237 4980 3330 5033 καὶ
3373 4980 3401 5031 ὁ
3439 4978 3720 5050 κρείττων.

468 5085 951 5165 ηυὶηρῖωβιοιιιίοι·
991 5092 1095 5145 est.
1138 5082 1234 5136 Est
1267 5080 1413 5135 enim
1453 5076 1671 5148 quidam
1720 5076 1875 5130 cibus
1905 5075 2045 5129 inte-

2149 5079 2303 5131 Ἐστι
2331 5076 2438 5147 γάρ
2463 5093 2546 5139 τις
2569 5075 2741 5146 τροφὴ
2767 5075 2861 5128 καὶ
2890 5073 2983 5127 τοῦ
3010 5074 3118 5127 έσω
3144 5070 3451 5144 ἀνθρώπου,
3480 5071 3609 5141 περὶ
3661 5065 3727 5140 ἧς

472 5160 638 5245 rioris
682 5197 903 5254 quoque
947 5176 1222 5238 hominis,
1266 5188 1375 5242 quo
1424 5171 1490 5226 de
1536 5169 1777 5223 dicitur:
1812 5165 1939 5221 Non
1981 5166 2029 5219 dt

2145 5168 2395 5235 λέγεται·
2424 5167 2546 5219 Οὐκ
2589 5164 2680 5218 ἐπ’
2720 5163 2875 5232 ἄρτῳ
2916 5164 3086 5231 μόνῳ
3119 5160 3355 5228 ζήσεται
3398 5160 3726 5228 ἅνθρωπος,

470 5295 608 5350 parte
635 5251 748 5332 ,ιοίο
782 5251 906 5329 vivet
936 5273 1112 5337 homo,
1148 5267 1238 5321 sed
1274 5266 1331 5319 in
1357 5263 1501 5319 omni
1543 5260 1696 5314 verbo
1733 5261 2029 5327 procedente

2150 5259 2285 5314 ἀλλ’
2302 5257 2370 5310 ἐν
2387 5255 2565 5309 παντὶ
2584 5255 2805 5324 ῥήματι
2842 5251 3290 5322 ἐκπορευομένῳ
3312 5251 3407 5304 διὰ
3431 5252 3729 5318 στόματος

472 5342 538 5428 ex
572 5387 661 5427 ore
685 5369 782 5425 Dei
805 5367 875 5419 δι.
899 5365 993 5418 Est
1025 5374 1078 5417 et
1097 5360 1316 5431 quidam
1339 5366 1499 5426 putus
1527 5370 1541 5407 :
1565 5350 1803 5406 Bibimus
1825 5351 1960 5403 enim
1984 5350 2029 5402 dt

2156 5348 2322 5403 Θεοῦ.
2357 5348 2510 5400 Ἔστι
2533 5364 2586 5400 τι
2628 5347 2722 5401 καὶ
2756 5345 2914 5399 ποτόν
2939 5344 3346 5414 ’Πίνομενγὰρ
3378 5342 3446 5394 ἐκ
3477 5355 3733 5404 πνευμα-

470 5460 701 5531 spiritali
724 5462 967 5527 sequentc
990 5429 1137 5521 petra
1163 5448 1231 5502 “.
1264 5446 1452 5502 Itidem
1478 5444 1885 5499 vestimentum.
1908 5443 2029 5507 Qua

2151 5439 2322 5510 τικῆς
2360 5440 2821 5510 ἀκολουθούσης
2859 5438 3098 5505 πέτρας.
3133 5436 3241 5490 Καὶ
3280 5435 3482 5506 ἔνδυμα
3506 5450 3519 5464 °
3554 5433 3677 5486 ὅθεν
3704 5436 3734 5485 ὁ

476 5524 719 5617 ntohrem
759 5524 1013 5619 peccator
1063 5540 1235 5596 induit
1269 5537 1687 5595 maledictionem
1723 5533 1861 5586 sicut
1901 5531 2029 5585 vesti

2155 5535 2255 5606 μὲν
2288 5532 2610 5605 ἁμαρτωλὸς
2652 5530 2979 5586 ἐνεδύσατο
3010 5528 3273 5597 κατάραν
3304 5528 3385 5593 ὡς
3424 5524 3672 5596 Ιμάτιον,
3700 5527 3733 5578 c‘

546 5644 734 5745 τηεσε.
757 5617 926 5765 ιιι.ὶά
1002 5638 1048 5673 ⁸⁸
1082 5636 1223 5692 Psal.
1272 5649 1458 5702 ssxvx,
1488 5632 1545 5691 2.
1623 5631 1668 5664 "
1697 5626 1839 5691 Psal,
1881 5640 2029 5681 xxxv.

554 5762 572 5765 -
594 5717 720 5765 Cor-
746 5731 799 5765 ι.
866 5751 879 5765 .

2129 5653 2154 5684 ι.
2232 5630 2276 5661 ⁸⁸
2296 5628 2473 5685 Galat.
2503 5644 2579 5692 Vl,
2605 5630 2660 5686 8.
2734 5626 2775 5657 “
2801 5624 2942 5679 Psal.
2979 5640 3116 5689 un,
3155 5625 3207 5678 1.
3283 5622 3327 5655 ⁶¹¹
3350 5617 3545 5675 Matth.
3576 5634 3651 5681 tv,
3675 5618 3729 5671 ι.

477 5717 524 5750 (³
552 5716 720 5772 1Cor.
746 5731 799 5778 ι,
827 5716 879 5765 ι.
2303 5725 2312 5733 .

552 5811 662 5886 (ea)
693 5784 903 5884 ciuus,
949 5803 1167 5874 Origen.
2238 5792 2348 5856 (σε)
2381 5790 2578 5849 Confer
2601 5791 2737 5845 edit-.1
2765 5787 2975 5844 Latina.
