4186 6390
345 334 438 388 1-2!
1481 326 1854 384 EXCEBPTA
1895 322 1962 378 IN
1997 321 2338 379 PSALMOS.

3517 313 3622 368 122

339 451 394 503 δὲ
425 451 634 516 δίκαιος
659 452 768 506 τὸν
805 452 1024 521 Κύριον
1055 449 1298 520 Ἰησοῦν
1317 491 1332 517 ,
1359 452 1456 506 καὶ
1485 451 1808 522 σπλάγχνα
1847 453 1924 505 οἰ-

2032 459 2262 502 mcntum
2289 445 2376 500 “z
2409 444 2590 512 justus
2624 457 2760 498 vero
2802 439 3088 494 Dominum
3116 436 3302 492 Iesum
3349 439 3418 502 ⁸⁵,
3453 449 3504 492 et
3535 440 3617 490 vi-

341 542 620 609 κτιρμῶν,
659 543 753 596 καὶ
791 545 1138 598 πανοπλίαν
1177 545 1347 600 Θεοῦ.
1381 543 1568 606 Οὓτως
1613 547 1642 596 ὁ
1679 544 1777 614 μὲν
1818 542 1927 595 τῶν

343 633 508 687 αὐτοῦ
547 635 704 705 μόνον
745 635 956 690 ἀκούων
987 637 1158 706 λόγων
1187 635 1603 710 προτρεπτικῶν
1628 635 1924 708 τρέφεται·

342 723 372 776 ὁ
395 723 452 776 δὲ
483 725 756 788 ἐπιδιδοὺς
783 727 974 790 ἑαυτὸν
1003 727 1272 799 ἑρμηνείᾳ
1302 728 1488 798 νόμου,
1511 727 1766 798 διηγήσει
1797 741 1928 797 προ-

345 816 550 886 φητῶν,
584 817 736 872 λύσει
767 819 1090 891 παραϐολῶν
1123 821 1512 890 εὐαγγελικῶν,
1547 819 1812 890 σαφηνείᾳ
1838 818 1928 872 λό-

345 926 456 978 γων
484 911 874 978 ἀποστολικῶν,
900 915 1219 986 κατατρυφᾷ
1243 913 1334 969 τοῦ
1368 913 1572 983 Κυρίου
1591 929 1604 942 ’
1633 911 1728 965 καὶ
1757 909 1928 966 ὲσθίει

345 1003 404 1056 οὐ
439 1004 574 1071 πρὸς
598 1005 872 1074 ἀνάγκην,
907 1006 1026 1058 οὐδὲ
1057 1005 1194 1077 πρὸς
1222 1006 1386 1078 μόνην
1419 1006 1647 1076 τροφήν.
1678 1004 1928 1058 Διδάσκει

345 1089 438 1148 οὖν
463 1097 608 1166 ἡμᾶς
637 1099 1052 1171 κατατρυφῆσαι
1083 1097 1176 1152 τοῦ
1207 1099 1432 1170 Κυρίου.
1463 1099 1574 1154 Καὶ
1594 1097 1702 1169 γὰρ
1727 1099 1754 1150 ὁ
1775 1097 1926 1160 Θεὸς,

345 1186 439 1240 ἀπ’
475 1188 648 1260 ἀρχῆς
695 1189 1016 1261 βουλόμενος
1067 1193 1214 1262 ἡμᾶς
1261 1191 1476 1262 τρυφᾷν
1522 1188 1926 1260 πνευματικῶς,

347 1279 606 1346 ἐφύτευσε
635 1281 725 1333 τὸν
775 1283 1102 1354 παράδεισον
1135 1283 1236 1354 τῆς
1283 1285 1522 1355 τρυφῆς,
1553 1283 1648 1338 καὶ
1685 1282 1776 1336 τὸν
1819 1298 1932 1351 χει-

351 1369 592 1441 μάρρουν
617 1371 716 1442 τῆς
740 1373 953 1444 τρυφῆς
981 1373 1292 1445 ἐχαρίσατο.
1314 1375 1504 1436 Οὐδεὶς
1519 1374 1576 1426 δὲ
1598 1373 1822 1426 δύναται
1837 1373 1930 1425 καὶ

347 1463 510 1532 σαρκὶ
535 1463 628 1516 καὶ
651 1464 920 1535 πνεύματι
947 1467 1184 1538 τρυφᾷν.
1217 1467 1354 1522 Ἀλλ’
1375 1469 1424 1520 εἰ
1451 1467 1548 1538 μὲν
1577 1467 1740 1538 σαρκὶ
1769 1463 1928 1536 ἐτρύ-

347 1571 538 1625 φησεν,
553 1557 628 1620 ὡς
646 1560 674 1610 ὁ
693 1557 964 1622 πλούσιος,
982 1577 1070 1612 στε
1080 1559 1374 1632 ρηθήσεται
1395 1559 1494 1629 τῆς
1518 1558 1653 1630 μετὰ
1679 1555 1930 1628 Ἀϐραὰμ

345 1649 560 1718 τρυφῆς
581 1667 594 1680 ·
626 1651 674 1702 εξ
701 1649 758 1702 δὲ
791 1651 952 1722 ἄρτον
985 1649 1283 1716 κακώσεως
1315 1651 1544 1721 ἔφαγεν,
1574 1649 1648 1712 ὡς
1679 1652 1707 1702 ό
1739 1650 1925 1719 πένης,

347 1739 462 1794 ἐκεῖ
489 1743 672 1812 τρυφᾷ
705 1743 800 1796 καὶ
823 1742 1183 1796 ἀναπαύεται.

415 2012 524 2067 Καὶ
565 2011 769 2078 ἄλλως
796 2011 881 2065 δέ.
927 2012 981 2066 Ὁ
1007 2012 1211 2084 Κύριος
1244 2013 1556 2084 δικαιοσύνη
1589 2013 1756 2078 ἐστὶν,
1796 2012 1926 2085 ἀλήο

346 2100 486 2166 ίίεια,
519 2103 695 2170 σοφία,
723 2103 993 2172 ἁγιασμὸς
1013 2121 1027 2134 ·
1062 2103 1155 2156 ὲὰν
1182 2105 1464 2176 τρυφήσῃς
1494 2097 1586 2157 οὗν
1611 2105 1706 2158 καί¹
1731 2107 1789 2157 ὲν
1814 2107 1926 2166 τοῖς

342 2195 445 2265 τῆς
477 2193 667 2263 συφίας
697 2193 1063 2266 θεωρήμασιν,
1097 2197 1154 2248 ὲν
1187 2197 1307 2258 ταῖς
1337 2195 1566 2266 πράξεσι
1599 2195 1698 2266 τῆς
1724 2195 1926 2248 δικαιο-

347 2285 530 2356 σύνης,
559 2284 910 2356 πεπλήρωται
933 2286 993 2339 τό
1011 2305 1026 2318 υ
1057 2289 1532 2356 Κατατρύφησον
1553 2287 1660 2341 τοῦ
1681 2288 1920 2355 Κυρίου.

345 2377 536 2449 Τρυφὴ
576 2379 882 2450 τοιγαροῦν,
915 2379 975 2431 τὸ
999 2379 1206 2434 ἕνοικον
1225 2381 1367 2452 ἔχειν
1395 2381 1486 2435 τὸν
1525 2382 1703 2435 πάντα
1729 2381 1926 2451 ζωογο-

344 2468 538 2523 νοῦντα
565 2471 696 2523 Θεὸν
727 2469 896 2538 Λόγον
917 2510 930 2534 ,
965 2473 1056 2525 τὸν
1098 2471 1262 2543 ἄρτον
1287 2473 1386 2544 τῆς
1414 2471 1560 2546 ζωῆς
1583 2492 1595 2506 ·
1635 2475 1729 2528 καὶ
1765 2475 1924 2528 αὑτὸν

343 2559 559 2630 ἔχοντες
590 2563 648 2614 ὲν
690 2563 902 2626 ἑαυτοῖς
925 2602 939 2626 ,
986 2561 1268 2634 ληψόμεθα
1303 2565 1481 2618 πάντα
1513 2565 1584 2619 τὰ
1622 2568 1915 2638 αἰτήματα,

341 2653 440 2724 οὐχ
462 2653 665 2718 ἁπλῶς,
695 2653 832 2707 ἀλλὰ
857 2655 925 2708 τὰ
1070 2657 1316 2727 καρδίας.
1345 2657 1579 2728 Νοήσεις
1606 2658 1662 2710 δὲ
1689 2658 1749 2710 τὸ
1774 2657 1925 2727 λεγό-

346 2763 523 2816 μενον,
555 2745 647 2800 ἐὰν
676 2749 1167 2820 προσωποποιήσῃς
1196 2748 1426 2802 ἕκαστον
1461 2749 1569 2804 τῶν
1601 2750 1798 2821 μελῶν,
1831 2751 1925 2804 καὶ

343 2837 458 2910 ἴδῃς
501 2838 618 2902 πῶς
667 2839 809 2892 κατὰ
859 2839 1020 2909 φύσιν
1053 2842 1212 2894 αἰτεῖ.
1252 2841 1311 2894 Ὃ
1349 2839 1480 2910 γοῦν
1509 2843 1838 2912 ὀφθαλμὸς,
1875 2845 1924 2896 εἰ

341 2925 454 3002 εἶχε
481 2932 681 3001 φωνὴν,
705 2931 888 3001 ἔλεγεν
913 2933 978 2986 ἄν
1009 2949 1124 2986 σοι·
1161 2933 1310 2986 Αἰτῶ
1340 2934 1474 3004 φῶς,
1499 2935 1634 2988 αἰτῶ
1658 2934 1924 3007 χρώματα

343 3021 559 3092 βλέπειν
591 3023 902 3096 κατάλληλα
924 3027 948 3078 ὲ
957 3025 1066 3095 μοί.
1113 3026 1184 3080 Ἠ
1206 3025 1360 3095 ἀκοή
1386 3043 1400 3057 ο
1427 3027 1574 3080 Αίτῶ
1612 3028 1795 3099 φωνὴν
1821 3029 1922 3098 ὲμ-

344 3118 517 3190 μελῆ,
563 3117 764 3188 ἡδεῖαν.
811 3119 879 3174 ἸΙ
919 3120 1148 3188 γεῦσις·
1181 3120 1326 3173 Αἰτῶ
1369 3120 1595 3189 γλυκέα,
1638 3120 1826 3191 φεύγω
1855 3122 1925 3176 τὰ

339 3211 530 3282 πικρά.
573 3211 642 3266 Ἦ
676 3211 836 3280 ἁφήν
867 3211 1012 3265 Αἰτῶ
1059 3213 1326 3266 ἅπτεσθαι
1373 3213 1567 3278 λείων,
1614 3213 1921 3287 τρυφερῶν,

341 3302 626 3372 προσηνῶν
645 3320 658 3333 ·
690 3306 750 3356 οὐ
784 3303 954 3374 πυρὸς
973 3344 988 3368 ,
1023 3305 1083 3357 ού
1113 3305 1359 3376 τραχέων
1379 3345 1394 3368 ,
1419 3305 1540 3358 οὐδὲ
1572 3306 1920 3360 κεντούντων.

350 3391 438 3457 ’ῦς
460 3390 552 3448 οὖν
579 3397 810 3450 ἑκάστου
835 3397 943 3450 τῶν
977 3397 1346 3472 αἰσθητηρίων
1373 3400 1522 3454 ἐστὶν
1547 3399 1764 3471 αἴτησις
1791 3417 1923 3452 κατ-

339 3485 566 3557 άλληλος
589 3489 683 3542 καὶ
716 3489 861 3561 φυγή
887 3506 900 3520 ·
933 3490 1027 3544 καὶ
1058 3488 1336 3561 ὀφθαλμὸς
1369 3491 1471 3562 μὲν
1512 3493 1656 3548 αἰτεῖ
1694 3492 1756 3545 τὸ
1787 3491 1922 3560 φῶς,

343 3575 374 3646 η
400 3573 667 3648 ὄσφρησις
687 3577 742 3630 δὲ
765 3579 828 3631 τὸ
857 3579 1074 3646 εὐῶδες,
1105 3581 1138 3652 ἡ
1164 3581 1302 3653 ἀκοὴ
1333 3581 1393 3636 τὸ
1432 3581 1668 3654 ἐμμελὲς
1689 3621 1704 3647 ,
1733 3583 1826 3636 καὶ
1857 3581 1925 3636 τὰ

341 3666 502 3721 λοιπὰ
525 3669 728 3739 ὁμοίως
745 3689 759 3702 ο
791 3671 964 3734 οὕτως
989 3674 1022 3742 ἡ
1050 3673 1246 3744 καρδία
1269 3672 1340 3727 τὰ
1367 3675 1635 3746 νοήματα,
1671 3674 1816 3746 ἆπερ
1837 3673 1926 3746 λη-

338 3757 550 3830 ψόμεθα
573 3761 724 3832 παρὰ
753 3763 981 3834 Κυρίου,
1013 3762 1106 3817 ἐὰν
1138 3763 1304 3836 μηδὲν
1328 3766 1605 3838 ἀλλότριον
1635 3765 1734 3839 τῆς
1759 3766 1924 3820 αὑτοῦ

339 3853 550 3923 τρυφῆς
599 3852 811 3924 ἔχωμεν
852 3857 910 3909 έν
950 3857 1069 3918 ταῖς
1107 3856 1372 3928 καρδίαις,
1409 3859 1542 3914 Τότε
1589 3859 1926 3930 δυνησόμεθα

340 3943 741 3998 ἀποκαλύπτειν
784 3945 934 4017 αὐτῷ
957 3946 1055 4020 τὴν
1093 3947 1211 4002 ὁδὸν
1244 3948 1420 4020 ἡμῶν.
1468 3949 1787 4006 Ἐποπτεύει
1816 3950 1925 4022 γὰρ

339 4037 366 4089 ὁ
401 4035 510 4090 τῶν
541 4036 677 4092 ὅλων
719 4037 854 4102 Θεὸς
897 4038 996 4111 τὴν
1043 4038 1153 4094 τῶν
1189 4040 1494 4112 σεϐομένων
1541 4042 1705 4096 αὑτὸν
1754 4041 1924 4114 εὐαγῆ

339 4129 611 4184 πολιτείαν
637 4147 651 4162 ο
689 4131 1092 4204 ἀποστρέφεται
1129 4133 1188 4186 δὲ
1217 4132 1316 4205 τὴν
1353 4133 1463 4188 τῶν
1488 4134 1588 4186 οὐκ
1619 4133 1795 4204 ὀρθῶς
1825 4133 1926 4205 ζῇν

341 4222 630 4294 ἑλομένων.
669 4223 828 4280 Ὅθεν
855 4227 1071 4296 ἐπάγει·

2029 553 2176 590 acera
2205 535 2580 589 misericordia:
2614 535 2681 600 ⁸⁸,
2708 541 2764 586 et
2785 533 3046 599 integram
3073 537 3406 581 armaturam
3435 528 3529 582 Dei
3547 529 3613 582 “’.

2029 629 2232 685 Eodem
2272 627 2455 692 modo,
2475 627 2566 696 qui
2591 625 2712 696 ejus
2739 626 3006 684 duntaxat
3033 621 3372 676 hortatorios
3405 634 3614 674 sermo-

2030 737 2126 777 nes
2158 720 2341 784 audit,
2385 717 2624 772 nutritur
2657 726 2754 769 :at
2789 716 2884 785 qui
2920 713 3127 768 dedidit
3171 711 3410 780 seipsum
3443 710 3615 763 inter-

2029 812 2320 883 pretationi
2357 812 2514 882 legis,
2541 809 2882 864 enarrationi
2913 807 3332 878 prephetarum,
3368 803 3612 872 explica-

2032 907 2166 962 tioni
2199 905 2582 976 parabolar-um
2611 902 3055 968 evangelicarum
3077 939 3094 967 ,
3130 897 3460 967 expositioni
3495 911 3612 950 ser-

2031 1013 2250 1053 monum
2277 993 2722 1064 apostolicorum,
2742 992 3108 1046 oblectaturin
3137 988 3366 1044 Domino
3401 1007 3413 1042 :
3445 996 3498 1044 et
3525 1001 3616 1042 co-

2031 1089 2200 1146 incdit
2227 1103 2330 1143 non
2360 1087 2430 1142 ob
2465 1087 2876 1150 necessitatem,
2917 1096 3102 1152 neque
3127 1081 3198 1136 ob
3227 1081 3403 1134 solum
3437 1078 3615 1134 nutri-

2031 1191 2292 1238 mentum.
2325 1176 2674 1250 Docetigitur
2692 1191 2810 1240 nos,
2840 1185 2900 1229 ut
2923 1173 3264 1228 oblectamur
3289 1173 3340 1226 in
3361 1171 3610 1226 Domino.

2033 1274 2174 1330 Deus
2204 1272 2346 1328 enim
2378 1271 2448 1326 ab
2481 1270 2639 1324 initio
2671 1268 2858 1324 volens
2895 1282 2994 1322 nos
3023 1266 3326 1336 spiritalem
3361 1262 3612 1332 volupta-

2032 1375 2138 1420 tem
2176 1364 2490 1434 percipere,
2540 1361 2838 1432 voluptatis
2870 1358 3186 1430 paradisum
3227 1356 3509 1428 plantavit,
3555 1363 3612 1410 et

2032 1467 2328 1515 torrentem
2377 1455 2674 1524 voluptatis
2713 1453 3002 1524 dilargitus
3055 1461 3160 1508 est.
3205 1449 3378 1506 Nemo
3428 1459 3610 1504 autem

2031 1561 2208 1622 potest
2235 1561 2290 1608 et
2319 1567 2486 1607 carne
2513 1561 2568 1606 et
2597 1549 2792 1620 spiritu
2829 1547 3158 1616 voluptatem
3199 1544 3502 1615 percipere.
3545 1542 3614 1598 Et

2030 1646 2073 1702 si
2109 1645 2327 1714 quidem
2376 1657 2542 1698 carne
2583 1635 2912 1710 voluptatem
2955 1637 3222 1707 percepit,
3280 1636 3422 1690 sicut
3457 1633 3614 1688 dives

2031 1735 2142 1799 ille,
2169 1735 2377 1790 carebit
2403 1733 2677 1804 voluptate
2705 1745 2830 1787 cum
2873 1729 3176 1784 Abraham.
3209 1727 3280 1780 At
3329 1726 3371 1782 si
3415 1739 3610 1795 panem

1961 1807 2006 1862 Β
2029 1828 2340 1884 alﬂictionis
2377 1827 2636 1892 comedit,
2675 1835 2733 1880 ut
2767 1835 2976 1894 pauper
3009 1822 3119 1888 ille,
3157 1821 3232 1876 ibi
3270 1819 3610 1890 voluptatem

2029 1921 2258 1990 percipit
2285 1929 2340 1974 et
2369 1919 2684 1986 requiescit.

2097 2012 2219 2065 Alio
2271 2011 2449 2066 modo.
2501 2009 2759 2065 Dominus
2813 2008 3027 2076 iustitia
3085 2016 3205 2070 est,
3246 2005 3472 2070 veritas,
3523 2019 3612 2060 sa-

2025 2105 2254 2177 pientia,
2297 2101 2684 2160 sanctificatio.
2721 2102 2780 2156 Si
2834 2101 3003 2171 igitur
3045 2100 3322 2155 delicieris
3360 2099 3522 2153 etiam
3554 2099 3610 2152 in

2027 2196 2498 2268 speculationibus
2529 2193 2837 2262 sapientiae,
2861 2203 2917 2247 et
2945 2193 2997 2246 in
3031 2191 3338 2247 actionibus
3360 2189 3606 2260 iustitiae,

2028 2289 2306 2358 impletum
2337 2297 2420 2341 est
2459 2285 2588 2340 illud
2637 2303 2649 2342 :
2691 2283 2969 2338 Oblectare
3005 2285 3058 2338 in
3101 2283 3352 2338 Domino.
3391 2279 3608 2336 Deliciae

2027 2381 2188 2450 igitur
2203 2391 2351 2442 sunt,
2383 2377 2787 2432 inhabitantem
2813 2376 3017 2432 habere
3043 2377 3224 2432 omnia
3243 2375 3604 2430 viviﬁcantem

2027 2473 2193 2527 Deum
2229 2469 2490 2536 Verbum,
2524 2470 2614 2539 qui
2661 2469 2819 2540 panis
2860 2477 2944 2524 est
2982 2469 3107 2524 vim
3143 2483 3341 2537 :quem
3385 2483 3506 2521 cum
3549 2468 3604 2520 in

2027 2565 2183 2620 nobis
2199 2563 2576 2630 habuerimus,
2597 2557 2933 2632 accipiemus
2953 2577 3142 2616 onmes
3171 2561 3562 2632 postulationes
3589 2597 3605 2623 ,

2027 2677 2133 2714 non
2183 2657 2526 2727 simpliciter,
2570 2659 2664 2712 sed
2703 2657 2904 2712 cordis.
2953 2657 3226 2728 lntelliges
3261 2669 3426 2725 porro
3463 2653 3608 2722 quod

2027 2751 2252 2815 dicitur,
2295 2751 2338 2804 si
2397 2749 2783 2820 prosopopteia
2835 2751 3012 2804 utaris
3063 2748 3306 2802 omnium
3360 2750 3608 2814 corporis

2027 2841 2412 2904 membrorum,
2454 2841 2744 2909 vidensque
2784 2840 3058 2908 quomodo
3099 2839 3398 2895 secundum
3449 2849 3607 2892 natu-

2027 2949 2141 2987 ram
2179 2933 2388 3004 aliquid
2439 2933 2738 3003 postulent.
2790 2933 2993 2987 Oculus
3055 2932 3222 3002 igitur
3271 2932 3314 2985 si
3375 2929 3608 2985 haberet

2027 3037 2234 3088 vocem,
2269 3023 2475 3078 diceret
2503 3023 2690 3094 utique
2725 3025 2822 3079 tibi
2865 3042 2878 3078 :
2917 3023 3140 3078 Postulo
3183 3023 3386 3088 lumen,
3423 3033 3610 3092 postu-

2029 3115 2078 3168 lo
2109 3116 2322 3170 colores
2353 3116 2540 3172 videre
2589 3128 2949 3187 congruentes
3003 3117 3156 3172 mihi.
3199 3119 3450 3182 Auditus,
3499 3115 3607 3171 Po-

2027 3209 2170 3264 stulo
2197 3225 2383 3264 vocem
2411 3211 2758 3276 concinnam,
2807 3225 3054 3264 suavem.
3106 3208 3326 3273 Gustus,
3389 3209 3609 3263 Postulo

2027 3300 2226 3365 dulcia,
2287 3299 2457 3371 fugito
2490 3315 2699 3356 amara.
2755 3299 2971 3366 Tactus,
3007 3299 3226 3356 Postulo
3261 3311 3608 3355 contrectare

2025 3393 2228 3460 mollia,
2264 3393 2484 3462 blanda,
2518 3393 2696 3450 lenia:
2733 3410 2840 3450 non
2873 3395 3076 3465 ignem,
3107 3411 3212 3450 non
3243 3411 3461 3466 aspera,
3499 3411 3606 3450 non

2025 3487 2344 3555 pungentia.
2396 3485 2862 3554 Quemadmodum
2899 3487 3064 3556 igitur
3086 3487 3309 3542 cuilibet
3337 3487 3608 3542 sentiendi

2025 3591 2234 3647 organo
2269 3586 2351 3632 est
2381 3579 2522 3648 quod
2559 3579 2662 3634 sibi
2699 3593 3002 3649 congruum
3055 3577 3294 3648 postulet
3338 3583 3424 3634 vel
3469 3577 3608 3648 fugi-

2027 3675 2103 3722 tet
2130 3686 2142 3722 :
2175 3677 2230 3723 et
2253 3669 2442 3726 oculus
2477 3669 2694 3738 quidem
2721 3671 2960 3742 postulat
2991 3670 3196 3736 lucem,
3228 3669 3458 3726 olfactus
3489 3685 3610 3724 sua-

2024 3761 2318 3826 veolentia,
2373 3764 2589 3818 auditus
2621 3769 2913 3832 concinna,
2967 3777 3023 3822 et
3075 3765 3280 3834 reliqua
3313 3764 3605 3819 similiter:

2026 3853 2098 3906 ita
2127 3869 2224 3909 cor
2253 3857 2635 3926 cogitationes,
2671 3873 2810 3928 quas
2846 3875 2874 3912 a
2902 3857 3133 3913 Domino
3171 3858 3527 3926 accipiemus,
3559 3856 3608 3912 si

2025 3945 2161 3997 nihil
2195 3945 2432 4000 alienum
2467 3964 2497 4002 a
2530 3949 2811 4019 voluptate
2841 3950 2984 4006 illius
3015 3949 3066 4004 in
3107 3949 3368 4004 cordibus
3397 3949 3606 4004 habea—

2028 4051 2170 4088 mus.
2221 4035 2376 4092 Tunc
2419 4041 2720 4109 poterimus
2751 4042 2997 4096 revelare
3048 4041 3096 4096 ei
3149 4043 3294 4096 viam
3342 4052 3604 4098 nostram.

2027 4119 2250 4196 Inspicit
2288 4127 2432 4180 enim
2487 4129 2867 4184 universorum
2909 4131 3052 4184 Deus
3082 4131 3356 4186 cultorum
3381 4145 3606 4186 suorum

2025 4227 2270 4270 sanetam
2339 4223 2838 4286 conversationem,
2893 4225 3040 4278 sicut
3087 4233 3376 4278 aversatur
3429 4237 3608 4276 mores

2025 4321 2216 4362 eorum
2250 4309 2340 4378 qui
2396 4325 2506 4367 non
2541 4323 2693 4370 recte
2725 4314 2914 4370 vivere
2948 4314 3326 4370 instituerunt.
3357 4313 3608 4384 Quapro-

2025 4411 2146 4471 pter
2173 4404 2356 4458 subdit
2381 4422 2396 4460 :

340 4493 488 4564 Στίχ.
523 4491 600 4572 e'._
613 4494 1046 4572 ᾎποκάλινψοκ
1062 4497 1211 4572 πρὸς
1233 4500 1453 4572 Κύριον
1475 4499 1590 4572 τὴν
1617 4499 1760 4572 ὁδόν
1786 4515 1924 4566 σου,

2033 4493 2101 4549 ν.
2130 4495 2184 4552 5.
2221 4495 2410 4552 Revela
2434 4505 2576 4570 apud
2607 4499 2890 4554 Dominum
2923 4501 3060 4572 viam
3101 4513 3272 4566 tuam,
3299 4510 3348 4555 et
3371 4515 3522 4572 spera
3553 4501 3610 4556 in

443 4563 542 4618 καὶ
569 4565 828 4618 ἐλπισον
857 4563 952 4619 ἐπ’
980 4563 1200 4631 αὐτόν,
1221 4563 1814 4637 καὶάὺτὸςποιήσει.

340 4657 490 4728 Στίχ.
514 4665 586 4723 ς’.
603 4659 712 4734 Καὶ
743 4659 1068 4734 ἐξοίσει-ὠς
1098 4661 1221 4734 φῶς
1247 4663 1362 4731 τὴν
1380 4664 1774 4734 δικαιοσύνην
1787 4681 1926 4730 σου,

585 4729 687 4782 καί
719 4730 786 4784 τὸ
814 4730 992 4802 κρῖμὰ
1027 4729 1144 4787 σοὺ
1165 4735 1246 4799 ὡς
1275 4729 1673 4805 μεσημϐρίαν.

413 4819 526 4892 (64)
553 4823 707 4888 Ἔσο,
742 4823 928 4892 φησὶν,
967 4826 1217 4898 φανερῶς
1260 4827 1360 4899 τὴν
1399 4828 1740 4900 ἁρέσκουσαν
1777 4829 1928 4902 αὐτῷ

341 4913 568 4982 βαδίζων
589 4915 708 4971 ὁδὸν
731 4955 744 4980 ,
771 4918 1045 4984 τουτέστι,
1082 4920 1294 4992 γυμνὴν
1321 4921 1415 4975 καί.
1441 4923 1820 4993 ἀναμφίαστον
1847 4921 1928 4993 τῷ

337 5003 456 5074 Θεῷ
487 5003 586 5076 τὴν
620 5005 848 5060 σεαυτοῦ
881 5007 1092 5074 δεικνὺς
1122 5011 1396 5066 πολιτείαν
1415 5029 1428 5042 ·
1457 5013 1553 5066 καὶ
1576 5013 1796 5067 ἐλπισθν
1829 5013 1918 5066 ἐπ’

337 5096 518 5162 αὑτὸν,
559 5098 720 5163 αὐτὸς
747 5101 806 5154 δὲ
837 5103 1069 5174 ποιήσει.
1121 5105 1210 5160 Ἐν
1242 5104 1320 5175 τῷ
1355 5105 1600 5176 μέλλοντι
1629 5106 1784 5160 αἰῶνι
1817 5106 1919 5178 έμ-

338 5189 520 5258 φανῶς
551 5195 898 5263 καταστήσει,
923 5197 1018 5249 καὶ
1047 5191 1159 5251 οἷον
1189 5197 1480 5269 περίοπτον
1507 5201 1792 5270 ἀποφανεῖ,
1827 5199 1920 5252 λα-

337 5279 446 5332 θεῖν
479 5280 578 5333 ούκ
611 5281 716 5334 ἐῶν
739 5283 840 5353 τῆς
871 5286 970 5357 σῆς
1001 5287 1232 5354 εύξωτας
1255 5291 1318 5343 τὸ
1349 5290 1560 5356 κάλλος.
1593 5293 1786 5345 Ἔσται
1809 5291 1920 5364 γὰρ

337 5367 539 5426 ἅπασιν
566 5373 800 5446 ἐναργὴς
825 5379 858 5448 ή
904 5380 1216 5453 δικαιοσύνη
1239 5399 1355 5449 σου,
1385 5383 1540 5456 δίκην
1570 5384 1745 5454 φωτὸς
1783 5386 1914 5438 ἀνα-

335 5461 624 5534 λάμπουσα
659 5469 1050 5540 μεσημϐρινοῦ.

2535 4587 2674 4632 eum,
2711 4581 2757 4622 et
2791 4573 2900 4638 ipse
2935 4571 3112 4640 faciet.

2033 4658 2094 4713 V.
2138 4659 2193 4717 ϐ.
2244 4661 2314 4716 Et
2351 4663 2528 4732 efferet
2565 4677 2620 4716 ut
2655 4663 2830 4716 tamen
2877 4663 3150 4731 justitiam
3180 4675 3348 4731 tuam,
3381 4674 3428 4719 et
3453 4663 3609 4734 judi-

2421 4737 2560 4790 cium
2589 4745 2737 4786 tuum
2763 4735 2896 4786 sicut
2925 4733 3222 4788 meridiem.

2097 4821 2248 4889 Esto,
2290 4825 2489 4896 inquit,
2525 4823 2816 4878 manifeste
2866 4825 3155 4880 ambulans
3214 4825 3519 4895 placentem
3556 4825 3609 4881 ei

2025 4912 2190 4981 viam,
2229 4915 2282 4970 id
2301 4925 2408 4980 est,
2441 4918 2640 4971 nudam
2663 4929 2720 4972 et
2752 4929 2996 4987 apertam
3021 4917 3130 4972 Deo
3159 4918 3454 4973 ostendens
3478 4933 3611 4973 con-

2027 5009 2394 5063 versationem
2432 5017 2583 5063 tuam
2619 5025 2631 5062 :
2663 5017 2718 5063 et
2747 5023 2905 5078 spera
2939 5010 2992 5063 in
3025 5025 3172 5074 eum,
3209 5011 3325 5078 ipse
3359 5025 3490 5064 vero
3525 5009 3610 5064 fa-

2027 5109 2158 5164 ciet.
2207 5103 2266 5158 fn
2315 5104 2500 5158 futuro
2543 5103 2744 5158 saeculo
2797 5103 3147 5158 manifestum
3199 5103 3516 5169 ccustituet,
3553 5115 3603 5159 et

2027 5195 2428 5269 quodammodo
2469 5194 2832 5262 conspicuum
2882 5195 3137 5250 omnibus
3187 5195 3603 5262 demonstrabit,

2029 5305 2135 5343 non
2169 5288 2378 5358 patiens
2405 5287 2578 5341 latere
2609 5285 2792 5353 prohte
2829 5285 2952 5338 vita:
2983 5293 3088 5340 tua:
3115 5285 3603 5356 pulchritudinem.

2029 5380 2302 5435 Eritenim
2327 5379 2540 5433 cunctis
2565 5377 3018 5449 evidensjustitia
3049 5387 3164 5450 tua,
3185 5379 3360 5436 instar
3383 5377 3608 5436 luminis

2023 5472 2309 5528 meridiani
2351 5471 2646 5543 refulgens.

405 5671 451 5702 ⁸⁸
487 5671 628 5728 Psal.
666 5690 820 5740 cvm,
854 5675 942 5731 i8.
1019 5678 1064 5710 ⁸⁵
1091 5678 1246 5735 Rom.
1274 5697 1390 5748 xui,
1431 5681 1516 5737 ιι.
1598 5681 1642 5714 ⁸⁸
1671 5681 1919 5739 Coloss.|

2026 5682 2109 5738 12.
2191 5685 2234 5718 "
2285 5687 2596 5758 Eplt.\'I,H.

407 5789 520 5860 (64)
545 5793 724 5858 Cyrill.
765 5803 814 5849 el
843 5795 992 5862 Orig.
