4186 6398
1456 293 2023 373 ευιδριΕΜεΝτυιι
2065 314 2152 369 AD
2186 313 2511 371 ORIGENIS
2544 309 2957 368 exessum.
3722 314 3821 368 tet

2305 435 2415 506 (65)
2436 433 2768 507 Μεσημϐρία
2781 450 2844 503 γε
2870 433 2976 505 μὴν
2998 431 3318 502 ὀνομάζεται
3339 430 3436 501 τῆς
3456 430 3669 502 ἡμέρας
3688 435 3819 487 αὐτὸ

566 312 669 371 123

630 432 881 489 Meridies
931 442 1079 489 certe
1122 434 1440 490 nominatur
1485 436 1592 492 diei
1657 438 1832 511 ipsum
1882 439 2132 493 meditnt-
2162 445 2209 497 Α
2305 433 2844 539 (65)Μεσημ6ρ’ίαγε
2870 433 2976 505 μὴν
2998 432 3436 539 ὀνομάζεταιντῆς
3456 432 3794 539 messi-ass;

551 524 725 578 lium:
770 532 931 593 teque
978 526 1247 596 judicabit
1308 529 1382 583 ibi
1440 531 1663 601 dignum
1728 544 1852 585 esse
1901 530 2108 585 lumine

2233 529 2295 580 16
2321 528 2660 597 μεσαίτατον.
2680 527 2787 579 Καί
2815 542 2875 578 σε
2910 527 3086 596 κρινεῖ
3116 524 3264 589 ἄξιον
3298 523 3438 576 εἶναι
3472 523 3648 591 φωτὸς
3679 526 3813 578 ἐκεῖ.

2246 622 2301 631 ..-
2404 621 2446 631 λι
2532 616 2558 631 ν
2681 619 2703 628 ι·-
2812 623 2824 631 .
2948 619 2973 629 ον
2998 622 3015 631 Α
3205 616 3215 631 Ι
3494 611 3520 631 τ
3617 619 3629 631 ο

551 615 819 682 Quoniam
856 615 1023 681 igitur
1048 619 1351 689 quicunque
1380 621 1521 674 ntale
1547 621 1681 690 agit,
1713 631 1843 691 puta
1892 621 2108 677 forniea.

2246 621 2463 692 Ἐπειδὴ
2499 616 2593 674 οὖν
2622 619 2741 686 πᾶς
2791 623 2824 673 ὁ
2854 619 3060 688 φαῦλα
3099 616 3422 685 πράσσων,
3463 615 3575 721 οἷον
3607 619 3636 670 6
3669 636 3785 723 ’πορ

552 718 658 771 tor,
694 707 806 764 odit
842 711 1010 762 lucem
1053 711 1122 776 ⁸⁸,
1170 722 1226 766 et
1274 725 1536 781 quantum
1571 714 1624 767 in
1665 727 1724 767 se
1752 729 1857 778 εει,
1891 716 2103 770 occulta

2232 713 2424 779 νεύων,
2451 712 2625 783 μισεῖ
2663 713 2729 766 τὸ
2745 708 2993 780 φῶς-,καὶ
3020 711 3082 763 16
3105 710 3228 763 ὅσον
3254 710 3338 778 ἐφ’
3361 708 3557 779 ἑαυτῷ,
3582 710 3813 781 κρύπτει

550 816 672 869 qua;
701 801 832 871 agit,
882 812 937 854 ut
986 818 1089 857 non
1126 817 1422 875 arguantur
1464 808 1551 861 "z
1590 807 1704 861 vult
1740 809 1884 863 enim
1929 812 2108 865 nescir

2229 808 2266 862 ἃ
2300 810 2462 872 ποιεῖ,
2507 805 2713 876 ἵναμὴ
2740 804 3031 875 ἐλεγχθῇ·
3072 804 3213 858 ϐέλει
3257 804 3369 875 γάρ
3400 804 3474 875 μὴ
3505 804 3813 876 γνωσθῆναι

548 893 967 948 fornicationem
1024 912 1177 951 suam
1206 918 1218 952 :
1246 911 1529 968 propterea
1573 901 1739 955 etiam
1785 901 1926 956 celat
1979 902 2108 956 vian

2228 901 2326 970 τὴν
2354 900 2611 971 πορνείαν
2644 898 2808 952 αὐτοῦ
2828 915 2841 928 '
2876 897 2957 951 διὸ
2985 899 3078 952 καὶ
3103 898 3428 969 ἐπικρύπτει
3453 898 3550 968 τὴν
3569 898 3687 952 666v
3716 899 3813 951 αύ-

2292 990 2563 1004 -..-
2794 989 2887 1004 ...
3034 989 3059 1000 -
3183 991 3195 1004 .
3302 989 3424 1004 ...λ
3653 984 3677 1004 ν
3791 992 3805 1004 .

549 1000 727 1046 suam.
762 987 848 1040 cui
878 986 1101 1042 institit.
1131 988 1319 1060 Atqui
1349 991 1481 1046 facit
1512 992 1823 1058 veritatem,
1857 1003 1986 1063 puta
2034 1009 2108 1047 cat

2225 990 2348 1053 106,
2393 991 2460 1062 ἣν
2488 990 2749 1045 ῶδευσεν·
2784 992 2813 1043 6
2842 989 2899 1043 δὲ
2931 989 3100 1043 ποιῶν
3145 991 3244 1061 τὴν
3291 989 3551 1062 ἀλήθειαν
3573 1030 3587 1053 ,
3621 986 3733 1042 οἷον
3781 992 3813 1044 6

548 1076 818 1133 stimonite
858 1089 1117 1147 sectator,
1151 1081 1267 1136 vult
1314 1084 1490 1154 ipsam
1521 1085 1867 1140 manifestam
1902 1086 2108 1141 facere

2228 1082 2539 1154 σωφρονῶν,
2575 1082 2718 1135 θέλει
2751 1082 2920 1151 αὐτὴν
2969 1079 3303 1151 φανερῶσαι,
3347 1080 3448 1133 οὐκ
3477 1080 3805 1152 ἀνθρώποις,

548 1183 654 1223 non
694 1170 1007 1227 hominibus
1046 1174 1289 1243 quidem,
1330 1187 1389 1230 ut
1421 1194 1530 1232 non
1568 1179 1769 1233 habeat
1793 1181 1861 1233 ab
1891 1178 2108 1233 homini

2224 1173 2312 1228 ἵνα
2342 1173 2417 1244 μὴ
2449 1174 2630 1247 ἀπέχῃ
2662 1172 2752 1226 16v
2791 1171 2982 1243 μισθὸν
3018 1171 3127 1225 άπὸ
3166 1172 3276 1225 τῶν
3308 1170 3640 1243 ἀνθρώπων,
3673 1172 3808 1225 ἀλλά

542 1261 647 1315 lius
686 1264 1013 1334 mercedem,
1044 1269 1138 1324 sed
1201 1270 1309 1325 Deo
1359 1289 1373 1325 :
1410 1280 1697 1340 propterea
1736 1271 1942 1327 dictum
2000 1283 2108 1327 est:

2222 1266 2299 1338 τῷ
2320 1266 2441 1337 Θεῷ
2458 1285 2470 1297 υ
2502 1266 2591 1320 διὰ
2615 1266 2769 1321 τοῦτο
2791 1265 3004 1337 εἴρηται
3024 1284 3036 1296 ·
3079 1264 3500 1333 Ἀποκάίυψον
3527 1264 3678 1333 πρὸς
3700 1266 3811 1319 Κύ-

540 1350 732 1408 Revela
778 1358 921 1425 apud
952 1358 1237 1417 Dominum
1270 1365 1405 1419 viam
1449 1373 1620 1430 tuam,
1662 1365 1715 1419 id
1754 1373 1860 1430 est,
1890 1367 2108 1422 ostende

2213 1378 2352 1429 ριον
2380 1361 2497 1430 τὴν
2527 1360 2671 1415 ὀδόν
2706 1375 2824 1415 σου
2848 1401 2864 1427 ,
2898 1358 3178 1422 τουτέστι,
3220 1356 3390 1422 δεῖξον
3418 1356 3686 1462 αύτῷπδν
3715 1356 3806 1460 σδν

543 1443 622 1499 illi
656 1446 824 1502 vitam
875 1459 1018 1504 tuam
1055 1453 1493 1524 vituperabilem,
1524 1467 1579 1512 et
1612 1457 1728 1525 ipse
1757 1458 1970 1513 curabit
1999 1467 2051 1512 te
2088 1475 2108 1513 a

2220 1453 2507 1523 ὲπίμωμον
2559 1451 2711 1522 βίον,
2743 1451 2838 1505 καὶ
2888 1449 3049 1513 αὐτὸς
3094 1447 3421 1520 θεραπεύσει
3464 1463 3524 1500 σε
3564 1446 3672 1500 ἁστὺ
3694 1447 3807 1500 τῶν

542 1539 881 1611 vulneribus,
929 1554 984 1598 et
1024 1544 1217 1601 elliciet
1254 1550 1486 1604 mundas
1524 1551 1715 1607 sordes
1764 1560 1907 1607 tuas.
1963 1552 2029 1607 Et
2072 1553 2108 1607 si

2218 1546 2568 1617 τραυμάτων,
2603 1544 2698 1598 καὶ
2730 1545 2945 1615 ποιήσει
2975 1542 3067 1596 16v
3115 1541 3356 1613 ῥυπαρὸν
3388 1539 3649 1611 καθαρόν.
3682 1539 3805 1595 Κᾶν

544 1626 717 1686 fueris
748 1633 970 1701 probus,
999 1636 1323 1707 gloriabitur
1348 1639 1414 1693 de
1447 1648 1498 1695 te
1525 1659 1540 1693 :
1594 1650 1650 1695 et
1679 1642 1808 1711 quia
1845 1657 1967 1697 cum
1999 1642 2108 1713 jac-

2218 1637 2348 1708 γένῃ
2377 1637 2539 1701 καλὸς
2570 1638 2663 1691 καὶ
2696 1637 2919 1706 ἀγαθὸς,
2958 1633 3358 1705 ὲγκαυχήσεταί
3385 1650 3468 1686 σοι
3493 1651 3507 1663 ·
3561 1634 3654 1686 καὶ

544 1721 815 1778 tabundus
844 1741 946 1780 non
968 1742 1141 1794 esses,
1166 1731 1480 1788 occultabas
1498 1734 1765 1804 justitiam
1798 1749 1970 1801 tuam,
2002 1738 2108 1807 ipse

2222 1730 2295 1800 μὴ
2322 1728 2398 1784 ὣν
2426 1728 2700 1794 κενόδοξος
2727 1729 2993 1801 ἔκρυπτες
3017 1726 3115 1799 τὴν
3134 1725 3478 1794 δικαιοσύνην
3502 1741 3618 1785 σου,
3642 1723 3804 1787 αὐτὸς

544 1814 889 1873 manifestam
943 1820 1127 1890 faciet,
1172 1834 1228 1878 et
1268 1840 1441 1894 usque
1473 1829 1613 1883 adeo
1643 1831 2019 1899 conspicuam.
2057 1841 2108 1886 ut

2219 1822 2453 1894 φανερὸν
2498 1823 2743 1893 ποιήσει,
2789 1823 2884 1876 καὶ
2934 1821 3107 1885 οὕτως
3151 1820 3388 1889 ἐπιφανῇ
3425 1817 3569 1889 (66),
3611 1816 3803 1889 ὥσπερ

540 1906 623 1962 sol
649 1920 736 1965 est
773 1912 826 1964 in
859 1913 1103 1971 meridie.
1140 1916 1232 1971 Ait
1263 1918 1409 1973 enim
1438 1937 1451 1974 :
1484 1918 1633 1975 Tunc
1666 1921 1804 1992 justi
1842 1922 2115 1995 fulgebunt

536 2001 674 2055 sicut
698 2002 781 2057 sal
808 2002 874 2058 ⁷⁸.

649 2156 710 2213 ν.
747 2159 803 2215 7.
828 2160 1122 2231 Subjicitor
1160 2164 1412 2233 Domina,
1455 2178 1505 2223 et
1536 2168 1817 2239 deprecare
1866 2188 2007 2228 eunt.

610 2291 1019 2362 Subjectionem
1056 2298 1225 2370 igitur
1260 2301 1364 2356 hoc
1409 2301 1533 2359 loco
1568 2304 1804 2375 appellat
1835 2322 2113 2364 recessum

538 2385 773 2442 annalis.
803 2386 972 2444 Nemo
1001 2391 1203 2461 quippe
1251 2408 1488 2463 peccans
1526 2396 1814 2467 subjicitur
1864 2400 2107 2454 Domino.

534 2471 690 2542 Esto,
718 2479 816 2543 ait,
845 2480 973 2549 quia
1000 2482 1114 2551 jam
1145 2482 1422 2552 subjectus
1466 2486 1686 2542 fuerim.
1737 2487 1876 2556 Quid
1911 2490 2111 2545 fat-iam

529 2567 599 2623 de
630 2572 1007 2641 superioribus
1035 2576 1059 2629 ?
1092 2576 1402 2648 Deprecare
1430 2580 1604 2646 illum,
1641 2583 1832 2639 dicens
1862 2602 1877 2638 :
1923 2584 2001 2639 Nc
2026 2602 2109 2640 rc-

533 2661 770 2717 corderis
804 2664 1146 2735 iniquitatum
1182 2678 1484 2726 nostrarum
1520 2674 1865 2743 antiquarunt
1897 2676 1965 2729 ".
2001 2676 2111 2731 lta-

531 2765 640 2823 que
674 2768 779 2810 non
814 2766 1030 2825 oportet
1063 2759 1215 2826 prius
1248 2776 1348 2829 pro
1382 2768 1626 2833 peccatis
1666 2780 1922 2834 exorare,
1951 2784 2110 2837 quam

529 2843 658 2913 quis
688 2845 1014 2915 subjiciatur
1040 2849 1293 2917 Domino,
1326 2853 1381 2908 id
1406 2865 1490 2910 est
1533 2871 1563 2911 a
1596 2858 1840 2926 peccatis
1870 2862 2108 2915 recedat.

533 2932 689 3002 Quod
731 2940 877 2993 enim
917 2942 1131 2997 veniam
1167 2957 1514 3014 peccatorum
1543 2957 1693 3018 petat
1716 2950 1784 3016 is,
1808 2952 1903 3021 qui
1931 2954 2111 3010 adhuc

529 3029 769 3096 peccatis
800 3031 1063 3098 adhteret,
1093 3049 1184 3090 res
1216 3037 1442 3091 omnino
1465 3037 1868 3097 irrationabilis
1895 3053 1999 3099 est.

2220 1913 2370 1985 ἥλιον
2409 1916 2468 1968 ὲν
2503 1914 2839 1987 μεσημϐρίᾳ.
2882 1916 3018 1970 Τότε
3090 1913 3232 1983 γάρ,
3269 1914 3467 1983 φησιν,
3497 1915 3550 1966 οἰ
3583 1912 3801 1966 δίκαιοι

2219 2008 2571 2077 λάμψουσιν
2590 2009 2671 2073 ὡς
2700 2007 2890 2075 ἥλιος.

2253 2138 2400 2209 Στίχ.
2440 2137 2507 2204 ζ’.
2552 2140 2895 2211 Ὺποτάγηθι
2934 2140 3263 2266 ζῷόΚιῳίφ,
3307 2140 3407 2197 καί
3452 2138 3768 2194 ἱκέτευσον

2899 2230 3012 2266 αυτ
3052 2230 3107 2265 ν.

2899 2230 3107 2266 αυτον.

2297 2303 2604 2375 ’Υποταγὴν
2656 2302 2750 2358 οὖν
2814 2305 3048 2359 ἐνταῦθα
3095 2305 3244 2373 λέγει
3302 2304 3400 2375 τὴν
3453 2303 3564 2359 τῶν
3613 2304 3800 2358 κακῶν

2213 2395 2579 2469 ἀναχώρησιν.
2610 2398 2797 2462 Οὐδεὶς
2829 2398 2938 2470 γὰρ
2972 2398 3298 2469 ἁμαρτάνων
3333 2397 3694 2450 ὑποτέτακται
3721 2396 3800 2466 τῷ

2213 2488 2421 2559 Κυρίῳ.
2457 2490 2658 2553 Ἔστω,
2708 2491 2892 2560 φησιν,
2928 2492 3011 2544 ὅτι
3046 2490 3148 2561 ήδη
3189 2488 3501 2560 ὑπετάχθην
3526 2506 3539 2518 ·
3575 2489 3628 2542 τί
3659 2488 3800 2542 ποιῶ

2214 2580 2342 2651 περὶ
2374 2580 2482 2635 τῶν
2525 2581 2850 2653 προτέρωνς
2894 2582 3190 2636 Ίκέτευσον
3230 2580 3413 2645 αὐτὸν,
3455 2580 3629 2649 λέγων
3654 2599 3667 2612 ο
3698 2579 3797 2648 Μὴ

2207 2668 2489 2740 μνησθῇς
2506 2670 2673 2741 ἡμῶν
2696 2670 2958 2741 ἀνομιῶν
2979 2672 3263 2741 ἀρχαίων.
3286 2671 3445 2724 Ὥστε
3469 2672 3529 2724 οὑ
3556 2670 3639 2724 δεῖ
3667 2668 3800 2741 πρό-

2211 2778 2368 2833 τερον
2394 2763 2521 2833 περὶ
2547 2763 2821 2835 ἁμαρτίας
2853 2763 3141 2828 ἱκετεύειν,
3163 2763 3196 2835 ἢ
3216 2762 3557 2831 ὑποταγέντα
3584 2761 3664 2832 τῷ
3687 2762 3800 2813 Ku-

2214 2853 2351 2925 ρίῳ,
2398 2856 2674 2908 τουτέστιν
2718 2856 2989 2909 ἐκστάντα
3038 2857 3138 2926 τῆς
3185 2856 3474 2928 ἁμαρτιας.
3531 2855 3650 2908 Ἔτι
3690 2853 3799 2924 γὰρ

2210 2945 2337 3001 δντα
2369 2947 2428 3000 ὲν
2443 2947 2737 3020 ἁμαρτίαις
2762 2949 2955 3018 ἄφεσιν
2986 2948 3267 3021 άμαρτιιῖιν
3290 2949 3483 3014 αἰτεῖν,
3514 2946 3654 3001 πάνυ
3682 2945 3799 3000 ἄλο-

2210 3037 2305 3106 γόν
2335 3039 2469 3093 ἐστι.

531 3159 608 3244 v.
630 3161 686 3217 7.
724 3160 810 3246 iV:
839 3166 1195 3255 “stimuleris
1225 3171 1393 3255 in‘co.
1419 3175 1509 3255 qui
1552 3176 1875 3255 fortunatus
1907 3179 2107 3234 incedit

2211 3171 2358 3255 Στίχς
2399 3170 3166 3255 ςξ-Μὴ.παραζήλοιιξῪ.τῷ
3196 3168 3680 3250 κατευρδουμένῳ
3727 3169 3798 3221 ἐν

588 3232 646 3286 in
686 3234 772 3288 via
804 3250 925 3304 sua,
961 3237 1020 3292 in
1050 3238 1260 3295 homine
1283 3232 1514 3311 faciente
1539 3232 2054 3315 prwvaricationem.

597 3388 679 3447 Ne
707 3392 1162 3468 imiteris.inquit,
1198 3399 1516 3458 felicitatem
1552 3418 1619 3459 ex
1653 3408 2109 3475 pmvaricatione

531 3485 944 3553 provenientem
987 3505 1002 3543 :
1050 3504 1225 3561 neque
1271 3493 1339 3547 ad
1395 3493 1601 3566 ﬂagitia
1653 3503 1991 3569 provoceris,
2021 3512 2106 3558 ta-

529 3577 689 3631 metsi
722 3578 906 3634 videas
939 3583 1265 3650 pravitatem
1297 3586 1535 3643 feliciter
1572 3590 1860 3663 fausteque
1893 3606 2111 3651 verten-

532 3676 668 3735 tem,
692 3670 963 3739 siquidem
986 3674 1337 3745 cogitandum
1361 3688 1468 3745 est,
1491 3683 1635 3751 quod
1673 3685 1930 3740 saeculum
1967 3687 2109 3743 istud

529 3771 719 3813 eorum
748 3762 840 3827 sit,
874 3763 966 3831 qui
994 3763 1155 3819 aliam
1185 3783 1335 3837 spem
1389 3786 1497 3825 non
1546 3772 1772 3829 habent.
1819 3776 2110 3835 Fortunati

527 3847 585 3904 in
619 3864 687 3905 eo
713 3852 846 3918 sint,
883 3864 938 3909 et
980 3854 1219 3914 habento
1264 3876 1387 3931 qua:
1432 3873 1753 3931 reputantur
1796 3868 1962 3925 bona.
2002 3871 2112 3928 Nos

529 3954 661 3998 vero
681 3943 735 3998 in
775 3945 920 4001 aliud
943 3949 1200 4005 saeculum
1233 3955 1356 4008 vitae
1383 3955 1626 4011 animum
1653 3958 1984 4017 intendimus
2008 4003 2023 4027 ,
2055 3974 2112 4019 et

530 4051 655 4107 spes
692 4049 878 4094 nostra
906 4054 1034 4111 post
1061 4043 1162 4099 hoc
1195 4047 1453 4103 saeculum
1488 4051 1805 4122 porrigitur.
1826 4054 1970 4111 Fieri
2001 4072 2107 4111 non

529 4138 709 4200 potest
762 4141 820 4186 ut
849 4141 905 4188 et
939 4134 992 4188 in
1021 4136 1126 4217 hoc
1152 4148 1207 4191 et
1256 4139 1309 4193 in
1354 4139 1448 4196 illo
1493 4144 1693 4199 saeculo
1735 4144 1877 4202 bona
1910 4148 2110 4204 habea-

532 4236 672 4276 mus.
708 4221 765 4279 Si
792 4225 936 4280 enim
971 4226 1061 4282 hic
1087 4223 1287 4284 habeat
1315 4232 1463 4301 quis,
1508 4234 1583 4289 ibi
1627 4237 1846 4305 punitus
1874 4241 2059 4297 audiet
2092 4259 2107 4297 :

525 4309 788 4379 Accepisti
827 4313 965 4368 bona
996 4324 1089 4369 tua
1116 4317 1172 4371 in
1198 4318 1304 4372 vita
1346 4329 1438 4375 tua
1474 4323 1541 4375 ⁷⁸.
1576 4322 1897 4383 Necessario
1927 4338 2108 4386 tamen

526 4399 786 4470 adjicitur
816 4402 945 4458 illud
981 4422 996 4458 :
1026 4405 1090 4460 In
1118 4408 1328 4465 homine
1352 4413 1581 4481 faciente
1593 4420 2107 4485 prtevan'cationent.

2281 3240 2358 3312 τῇ
2388 3243 2505 3309 ὀδῷ
2551 3240 2759 3310 αὐτοῦ,
2802 3245 2872 3299 ἐν
2903 3242 3192 3312 ἀνθρώπῳ
3226 3240 3497 3295 ποιοῦντι
3535 3255 3793 3309 παρανο-

2275 3316 2632 3479 ςέἰῗιμιμήσῃ,
2646 3408 2832 3478 φησιν,
2848 3405 3193 3475 εὐδαιμονίαν
3213 3407 3279 3459 ὲκ
3301 3402 3644 3476 παρανομίας
3665 3419 3795 3471 συγ-

2211 3499 2617 3570 κροτουμὲνην·
2650 3499 2785 3570 μηδὲ
2839 3500 2920 3562 εἰς
2959 3498 3158 3552 κακίαν
3206 3496 3470 3569 ὲρεθίζου,
3521 3496 3623 3549 κάν
3660 3495 3795 3567 ὁρᾷς

2210 3591 2272 3643 τὸ
2303 3588 2470 3644 κακὸν
2513 3590 2896 3661 εύοδούμενον,
2943 3590 3062 3644 δέον
3091 3588 3444 3658 λογίσασθαι,
3477 3589 3558 3642 ὅτι
3587 3589 3617 3641 6
3660 3586 3796 3642 αἰὼν

2212 3674 2368 3745 0610;
2409 3680 2615 3736 τούτων
2662 3681 2780 3735 ἐστὶ
2827 3682 2937 3734 τῶν
2987 3680 3061 3753 μὴ
3106 3682 3341 3752 ἑχόντων
3385 3679 3551 3751 ἀλλην
3580 3680 3793 3734 ἐλπίδα.

2212 3776 2623 3847 Εὐτυχείτωσαν
2656 3777 2714 3829 ὲν
2739 3774 2909 3847 αὐτῷ,
2943 3775 3038 3829 καὶ
3059 3774 3332 3845 ἐχέτωσαν
3357 3775 3424 3829 τά
3454 3772 3793 3845 νομιζόμενα

2211 3866 2410 3936 ἀγαθά.
2446 3868 2639 3938 Ἡμεῖς
2675 3868 2733 3921 δὲ
2779 3870 2860 3934 εἰς
2891 3867 3049 3922 ἄλλον
3087 3866 3261 3921 αἰῶνα
3303 3866 3575 3938 βλέπομεν
3611 3865 3794 3936 ζωῆςο

2211 3962 2305 4015 καὶ
2338 3962 2370 4032 ἡ
2405 3961 2559 4025 ἐλπὶς
2585 3960 2766 4033 ήμῶν,
2813 3960 2941 4033 ἑξῆς
2969 3960 3145 4031 τούτῳ
3175 3958 3255 4029 τῷ
3288 3958 3443 4012 αἰῶνί
3477 3961 3643 4011 ἐστιν.
3684 3959 3798 4029 οὐχ

2210 4048 2322 4106 οἷόν
2355 4052 2414 4106 τέ
2437 4054 2555 4106 ὲστι
2582 4052 2653 4106 τὰ
2674 4051 2856 4122 ἀγαθὰ
2887 4053 2947 4106 ὲν
2979 4053 3153 4124 τούτῳ
3170 4052 3249 4123 τῷ
3269 4050 3423 4103 αἰῶνι
3452 4048 3596 4120 ἔχειν
3618 4047 3713 4101 καὶ
3740 4051 3799 4102 ὲν

2211 4146 2406 4217 ἐκείνῳ
2425 4163 2438 4176 ·
2474 4147 2522 4199 εί
2552 4146 2663 4217 γὰρ
2693 4148 2752 4199 ὲν
2778 4145 2954 4216 τούτῳ
2978 4145 3090 4216 ἔχει
3125 4145 3273 4215 (τις),
3292 4143 3412 4195 ἐκεῖ
3436 4140 3799 4207 κολαζόμενος

2210 4238 2522 4291 ἀκούσεται⁹
2555 4237 2881 4303 ’.ἀπέλαϐες
2901 4236 2973 4290 τὰ
2993 4234 3185 4306 ἀγαθά
3200 4250 3316 4289 σου
3338 4233 3409 4287 ἐν
3429 4230 3504 4301 τῇ
3527 4229 3639 4299 (atii
3655 4246 3795 4286 σου.

2226 4328 2564 4397 Ἀναγκαίως
2601 4327 2785 4399 μέντοι
2827 4324 3205 4397 προστέθειται
3232 4323 3292 4376 16
3317 4340 3330 4352 ·
3376 4324 3479 4377 Ἐν
3511 4320 3799 4391 ἀνθρώπῳ

2212 4419 2483 4474 ποιοῦντι
2514 4418 2909 4488 παρανομίαν.
2942 4416 3063 4471 Τῶν
3088 4416 3343 4469 τοιούτων
3366 4414 3495 4486 γάρ,
3519 4415 3676 4483 φησι,
3697 4413 3803 4484 τὴν

524 4488 734 4548 Horum
766 4495 913 4550 enim
942 4497 1120 4567 inquit
1146 4501 1506 4560 imitationem
1560 4522 1681 4565 esse
1723 4516 2104 4582 respuendam,

2218 4513 2451 4583 μίμησιν
2486 4510 2869 4583 παραιτεῖσθαι
2894 4510 3022 4580 χρή·
3052 4508 3147 4561 καὶ¹
3172 4514 3439 4579 χρησιμον
3469 4507 3674 4579 σφόδρα
3702 4503 3795 4557 106

523 4585 927 4660 plurimumque
981 4595 1242 4663 prodesse
1297 4598 1341 4651 si
1392 4598 1605 4670 longius
1657 4604 1980 4662 recedamus
2036 4610 2104 4662 ab

527 4678 847 4736 mandandis
894 4682 1019 4739 illis.
1076 4683 1348 4758 Prospere
1400 4691 1547 4747 enim
1600 4693 1886 4763 incedunt,
1939 4704 2103 4769 atque

524 4770 661 4823 adeo
710 4771 767 4826 in
820 4773 935 4830 suis
964 4779 1197 4848 negotiis
1245 4782 1664 4852 prosperitatem
1704 4787 1907 4844 habere
1937 4806 2100 4861 repu-

524 4867 735 4929 tantur,
771 4880 936 4934 quum
970 4884 1079 4925 non
1111 4885 1177 4926 ex
1212 4873 1396 4929 divina
1447 4878 1722 4933 sententia
1763 4894 1927 4951 opum
1953 4898 2104 4939 com-

520 4953 720 5023 pendia
751 4952 976 5026 faciant,
1011 4960 1105 5016 sed
1148 4976 1214 5017 ex
1263 4966 1497 5020 avaritia
1526 5006 1542 5032 ,
1578 4978 1633 5023 et
1683 4971 1956 5041 rapientes
2004 4971 2107 5027 ali-

524 5047 741 5116 quando
764 5062 884 5117 quae
910 5052 1085 5109 aliena
1121 5066 1270 5111 sunt.
1292 5056 1721 5131 Prosperitatem
1747 5065 1914 5136 igitur
1930 5068 2108 5122 nomi-

523 5147 623 5193 nat
663 5140 967 5209 profectqu
1026 5146 1077 5200 in
1130 5147 1307 5216 pejus.
1366 5151 1637 5219 Quoniam
1684 5170 1815 5211 vero
1856 5158 2009 5213 multi
2055 5161 2108 5214 in

519 5230 733 5301 iustitia
767 5234 1036 5305 viventes,
1076 5241 1168 5295 ubi
1198 5254 1435 5300 cernunt
1460 5246 1672 5315 seipsos
1719 5249 1773 5303 in
1801 5247 2107 5305 alllictioni-

523 5324 647 5390 bus,
676 5338 1022 5394 peccatorem
1047 5342 1236 5389 contra
1261 5334 1314 5388 in
1335 5336 1590 5392 omnibus
1610 5348 1915 5409 Opportune
1937 5341 2110 5396 felici-

526 5423 612 5470 ter
630 5428 907 5490 agentem,
936 5423 1315 5494 indignatione
1338 5430 1582 5500 correpti
1607 5429 1675 5486 ab
1691 5430 1907 5500 justitia
1929 5433 2110 5488 desci-

2213 4606 2515 4676 ἀποφοιτᾷν
2542 4603 2620 4674 τῷ
2654 4600 3003 4675 παραζηλοῦν
3060 4599 3278 4663 αὐτούς.
3321 4599 3644 4653 Εὐοδοῦνται
3684 4596 3797 4666 (67)

2211 4696 2351 4767 γὰρ,
2382 4697 2501 4767 ἦτοι
2530 4696 2629 4767 τὴν
2659 4696 2717 4748 ἐν
2756 4695 3045 4767 πράγμασι
3078 4696 3190 4755 τοῖς
3229 4692 3378 4755 ἰδίοις
3417 4691 3623 4744 εὐοδίαν
3651 4689 3797 4759 ἔχειν

2211 4786 2703 4859 ὑπολαμϐάνονται,
2759 4787 2819 4839 ού
2867 4785 3070 4855 ψήφοις
3100 4787 3220 4848 ταῖς
3268 4784 3474 4839 ἄνωθεν
3518 4784 3578 4837 16
3610 4783 3797 4853 χρῆμα

2210 4882 2613 4954 κερδαίνοντες,
2647 4881 2761 4936 ἀλλ’
2795 4881 2859 4933 ὲκ
2884 4878 2982 4933 106
3017 4879 3362 4933 πλεονεκτεῖν
3400 4879 3495 4932 καὶ
3527 4876 3796 4950 ἁρπάζειν

2208 4975 2279 5030 τά
2325 4976 2527 5048 ἑτέρων
2560 4974 2673 5029 ἐσθ’
2705 4975 2815 5030 ὅτε.
2847 4973 2958 5045 Τὴν
3007 4968 3103 5027 οὖν
3140 4971 3416 5034 εύόδωσιν,
3448 4970 3547 5041 τὴν
3598 4970 3691 5022 ἐπὶ
3735 4968 3799 5021 16

2205 5069 2386 5141 χεῖρον
2425 5066 2715 5139 προκοπὴν
2740 5066 2909 5134 λέγει.
2958 5062 3179 5131 Ἐπειδὴ
3203 5062 3260 5116 δὲ
3292 5062 3477 5115 πολλοί
3512 5064 3570 5115 ὲν
3597 5060 3800 5113 δικαιοο

2208 5160 2344 5233 σύνῃ
2368 5158 2590 5223 ζῶντες,
2630 5160 2761 5213 ὅταν
2800 5156 2988 5212 ῐδωσιν
3017 5158 3245 5221 ἑαυτοὺς
3284 5157 3341 5208 ὲν
3370 5154 3572 5217 πόνοις,
3612 5152 3705 5206 16v
3737 5152 3796 5206 δὲ

2211 5250 2538 5322 ἁμαρτωλὸν
2567 5252 2627 5304 ὲν
2666 5251 2799 5303 πᾶσι
2829 5248 2971 5321 πρὸς
3001 5248 3190 5321 καιρὸν
3223 5245 3603 5315 εὐοδούμενον,
3643 5243 3798 5314 ὀργι-

2212 5342 2562 5413 σθέντεςοτῆς
2586 5340 2934 5414 δικαιοσύνης
2959 5341 3317 5410 ἀφίστανται,
3352 5336 3513 5390 τοῦτο
3534 5335 3591 5388 δὲ
3613 5334 3799 5396 ἀνοίας

2209 5435 2308 5505 τῆς
2334 5434 2569 5506 ἐσχάτης
2587 5447 2602 5465 ’
2633 5432 2724 5486 διά
2755 5430 2913 5486 10610
2944 5430 3315 5503 μακροθυμεῖν
3342 5426 3610 5481 διδάσκων
3647 5426 3677 5479 6
3707 5422 3799 5477 λό-

597 5536 644 5569 ⁸⁸
678 5537 835 5595 Joan.
880 5557 964 5611 ιιι,
1008 5543 1102 5599 εο.
1178 5543 1223 5577 ⁸⁸
1267 5546 1397 5603 ibid.
1475 5548 1523 5581 '°
1569 5547 1761 5605 Matth.
1794 5566 1915 5618 xm,
1944 5551 2033 5607 45.
2099 5552 2108 5583 τ

2211 5552 2321 5608 'sal.
2355 5566 2584 5616 uxvm,
2610 5549 2663 5605 8.
2739 5550 2783 5581 ’²
2836 5546 2973 5603 Luc.
3030 5561 3144 5610 va,
3173 5544 3265 5600 25.

599 5679 713 5806 (ἔξδέ
747 5680 957 5743 Littera
977 5684 1027 5741 Μ
1052 5686 1220 5743 minio
1240 5687 1502 5759 pingitur,
1526 5690 1678 5759 quasi
1701 5689 1827 5747 hinc
1848 5687 2108 5761 Origenes

600 5773 610 5805 I
637 5770 683 5806 εει
716 5771 802 5806 ιιι.

530 5765 802 5809 οτιιξιιιιιι.

2288 5687 2400 5768 (δεῖ)
2436 5685 2724 5768 Ἐπιφανῆ,
2755 5689 2839 5743 vel
2863 5687 3161 5768 ἐπιιῆεχγῆ,
3194 5695 3247 5743 et
3280 5686 3397 5755 lege
3417 5681 3591 5755 ἥλιος.

2282 5760 2395 5833 (ιὶἹ)
2434 5761 2514 5813 An
2546 5758 2623 5823 τό,
2665 5769 2716 5815 et
2746 5776 2893 5825 mox,
2918 5759 3055 5812 τοῦτ
