4186 6388
355 345 463 400 125

1554 325 1922 384 EXCERPTA
1961 323 2026 379 IN
2067 319 2406 378 PSALMOS.

3499 312 3600 366 126

350 477 468 530 γος,
501 459 596 514 καὶ
623 458 720 528 τῆς
747 455 1090 526 δικαιοσύνης
1114 451 1206 509 τοῦ
1240 449 1374 504 Θεοῦ
1407 448 1498 502 τὸν
1529 445 1738 517 καρπὸν
1757 459 1922 513 προσ-

2028 451 2206 506 scunt,
2263 439 2406 510 quod
2453 444 2538 492 est
2592 441 2848 490 extremae
2897 430 3257 501 insipientia;
3307 439 3592 502 pr0pterea

350 551 598 622 δέχεσθαί
631 567 703 620 φη
711 566 784 602 σι.

351 729 504 801 Στίχ.
519 735 589 800 η’.
607 727 844 792 Παῦσαι
858 723 976 778 ἀπὸ
992 719 1194 791 ὀργῆς,
1211 719 1308 772 καὶ
1324 713 1682 786 ἐγκατάλιπε
1712 712 1918 778 θυμόν.

435 800 742 887 Ἐπωφελὲς
771 815 832 868 τὸ
856 813 1204 884 παράδειγμα
1222 851 1236 874 ,
1277 809 1374 862 καὶ¹
1400 807 1510 870 τοῖς
1547 800 1921 870 ὑποτεταγμέ-

355 929 465 975 νοις
497 908 616 978 Θεῷ
644 907 1111 978 πρεπωδέστατον.
1148 900 1268 974 Χρὴ
1310 899 1448 970 γὰρ,
1499 897 1663 966 φησὶ,
1715 893 1924 965 πράους

358 997 516 1064 εἶναι,
540 999 632 1053 καὶ
655 995 714 1052 εὖ
743 999 884 1069 μάλα
919 993 1342 1064 καθεστηκότας,
1379 989 1472 1042 καὶ
1507 985 1753 1050 εὐταξίαν
1778 983 1924 1054 έχον-

354 1109 454 1155 τας
483 1091 564 1154 είς
591 1089 734 1154 νοῦν,
777 1085 1107 1156 ἀγαπῶντάς
1139 1099 1201 1135 τε
1233 1079 1524 1141 διαπαντὸς
1555 1077 1652 1147 τὴν
1693 1075 1799 1128 ἀπὸ
1827 1074 1922 1144 τῆς

361 1181 738 1254 μακροθυμίας
781 1179 1012 1243 εὐοδίαν,
1060 1177 1153 1230 καὶ
1197 1174 1305 1228 τῶν
1345 1173 1404 1240 ἐξ
1447 1172 1615 1242 ὀργῆς
1665 1169 1922 1239 κυμάτων

357 1275 676 1344 ἀποφοιτᾷν.
712 1271 832 1324 Τῶν
869 1270 978 1341 γὰρ
1025 1267 1211 1321 παθῶν
1243 1264 1364 1318 τινὰ
1397 1264 1494 1334 μὲν
1528 1263 1588 1316 οὐ
1627 1261 1814 1313 πίπτει
1845 1261 1924 1322 είς

357 1366 602 1430 πολλοὺς,
631 1365 764 1418 ἀλλὰ
799 1366 895 1417 καὶ
927 1364 974 1415 οί
1013 1360 1268 1430 τυχόντες
1307 1357 1578 1412 ἀπέϐαλον
1625 1353 1762 1406 αὐτὰ
1793 1368 1926 1422 προ-

356 1457 668 1518 κόπτοντες.
692 1455 764 1508 Τὸ
784 1453 892 1524 γὰρ
926 1452 1117 1524 μιαρὸν
1158 1450 1314 1503 τοῦτο
1342 1448 1529 1512 πάθος,
1564 1449 1596 1516 ἡ
1629 1445 1786 1516 ὀργὴ,
1834 1445 1926 1496 ὲκ-

357 1548 500 1602 καίει
524 1547 618 1600 καὶ
645 1547 768 1609 τοὺς
795 1543 1086 1606 δοκοῦντας
1107 1537 1246 1594 εἶναι
1273 1539 1586 1610 φρονίμους,
1604 1538 1696 1590 καὶ
1725 1537 1927 1607 ταράσ-

359 1655 472 1692 σει·
511 1639 570 1691 οὐ
593 1637 715 1691 τινὰ
755 1636 872 1706 μὲν,
912 1633 1033 1687 τινὰ
1055 1633 1098 1686 δ’
1131 1630 1194 1686 οὐ
1221 1650 1233 1662 ·
1269 1631 1404 1684 ἀλλὰ
1433 1627 1721 1684 κινδυνεύω
1747 1627 1924 1695 λέγειν

357 1729 563 1792 πάντας
594 1728 690 1782 ἀνθ
701 1728 911 1799 ρώπους
943 1723 1114 1794 παρὲξ
1131 1721 1224 1776 τοῦ
1259 1721 1588 1788 τελείου,ὲὰν
1608 1737 1708 1773 που
1727 1719 1923 1790 εὑρεθῇ

355 1837 439 1885 τις
469 1821 690 1886 τέλειος.

355 2002 502 2074 Στίχ.
538 2001 602 2056 θ’.
620 2004 684 2054 Ol
723 1999 793 2054 δὲ
823 1999 1226 2074 ὑπομένοντες
1248 1997 1356 2074 adv
1387 1995 1606 2063 Κύριον
1634 1995 1924 2060 κληρονο-

923 2067 1006 2139 μή
1014 2085 1197 2123 σουσι
1226 2067 1363 2136 γῆν.

428 2164 542 2234 (68)
570 2161 790 2234 Ἐπειδὴ
813 2162 1081 2234 είώθαμὲν
1118 2179 1234 2223 πως
1253 2159 1339 2213 ἀεὶ
1357 2157 1464 2212 τῶν
1481 2154 1730 2227 πονηρῶν
1757 2155 1927 2206 ἀπαν-

357 2259 627 2323 ίστασθαι,
659 2257 736 2329 τῷ
756 2258 850 2312 τοῦ
883 2255 1204 2320 κολάζεσθαι
1227 2255 1334 2308 δέει
1361 2250 1754 2321 συνωθούμενοι
1789 2247 1925 2319 πρὸς

352 2351 663 2421 τὸᾶμεινον,
690 2349 872 2420 ἐφέσει
899 2349 954 2401 δὲ
975 2347 1082 2402 τῶν
1111 2345 1405 2418 παρὰΘεοῦ
1423 2341 1776 2414 χαρισμάτων
1804 2357 1926 2393 συν-

350 2441 667 2495 ελαύνεσθαι
693 2442 772 2505 εἰς
795 2441 856 2494 τὸ
884 2441 1072 2511 διαζῇν
1094 2437 1362 2509 εὐνόμως·
1396 2437 1485 2490 διὰ
1508 2435 1686 2497 τοῦτο,
1703 2433 1882 2497 δείξας
1897 2434 1927 2485 ὁ

351 2533 567 2601 ψάλλων
619 2531 861 2603 ὀλέθριον
905 2531 1015 2584 τῶν
1066 2529 1514 2602 πονηρευομένων
1540 2526 1600 2579 τὸ
1623 2525 1794 2588 τέλος,
1825 2527 1925 2576 ἐπ-

350 2623 472 2692 άγει
489 2663 504 2688 ,
541 2625 622 2676 ὅτι
643 2627 706 2676 Ol
741 2622 848 2676 τὸν
876 2623 1095 2690 Κύριον
1126 2620 1548 2690 ὑπομένοντες,
1574 2618 1848 2671 τουτέστιν
1875 2617 1925 2670 οἱ

349 2714 438 2767 διὰ
461 2713 752 2786 καρτερίας
767 2714 861 2767 καὶ
886 2713 1162 2782 ὑπομονῆς
1185 2713 1275 2764 τὸν
1297 2711 1578 2781 εὐδόκιμον
1599 2706 1923 2779 κατορθοῦν-

351 2822 442 2870 τες
471 2805 604 2875 βίον,
639 2803 1170 2874 κληρονομήσουσι
1183 2802 1322 2874 γῆν,
1350 2804 1472 2872 ἥτις
1495 2803 1594 2854 οὐκ
1621 2800 1732 2854 ἔστι
1761 2799 1826 2869 μέ
1837 2815 1925 2870 ρος

351 2897 556 2969 ταύτης
606 2897 704 2968 τῆς
748 2897 852 2967 γῆς
884 2896 988 2949 ὑπὸ
1037 2895 1277 2967 κατάραν
1320 2893 1720 2964 γεγενημένης,
1757 2891 1822 2961 ἣν
1867 2891 1925 2943 ἐν

351 2989 549 3053 λύπαις
565 2988 730 3042 ἐσθίει
753 2989 930 3052 πάσας
949 2988 1045 3051 τὰς
1077 2987 1288 3059 ἡμέρας
1312 2986 1478 3040 αὐτοῦ
1507 2988 1536 3038 ό
1563 2983 1926 3054 ἐργαζόμενος

349 3081 552 3151 αὐτήν·
588 3080 724 3134 ἀλλὰ
753 3080 856 3150 γῆν
891 3079 1137 3150 ἐκείνην,
1167 3079 1265 3150 τὴν
1292 3081 1404 3142 τοῖς
1444 3077 1624 3145 ἁγίοις
1668 3077 1927 3146 ηὐτρεπι-

2025 533 2150 587 dum
2179 547 2360 586 sermo
2393 536 2549 584 docet
2587 536 2838 598 oportere
2871 541 2968 580 nos
2994 539 3113 579 esse
3139 523 3493 593 longanimos,
3516 524 3593 576 ait

2024 639 2239 694 quoque
2283 623 2510 693 justitise
2553 620 2786 673 fructum
2815 634 2844 672 a
2874 618 2985 671 Deo
3013 629 3135 671 esse
3183 615 3589 669 attendendum.

2135 713 2198 772 V.
2255 714 2310 768 8.
2354 713 2546 766 Desine
2593 712 2655 764 ab
2691 711 2796 776 ira,
2833 719 2879 762 et
2921 711 3096 761 desere
3134 706 3484 760 iracundiam.

2095 805 2241 862 Utile
2264 804 2554 864 monitum,
2583 810 2636 854 et
2661 801 2729 854 iis
2761 801 2853 869 qui
2891 797 3118 866 subjeCti
3153 806 3282 852 sunt
3317 797 3426 849 Deo
3455 809 3589 850 con-

2025 898 2490 972 gruentissimum.
2523 894 2749 961 Oportet
2778 893 2922 947 enim
2943 933 2960 958 ,
3005 891 3102 954 ait,
3155 903 3253 943 nos
3288 902 3412 943 esse
3434 902 3592 940 man-

2025 999 2234 1053 suetos,
2264 989 2466 1058 Optime
2494 985 2595 1040 sibi
2629 991 2967 1048 constantes,
3001 993 3054 1036 et
3078 980 3502 1036 moderationem
3535 979 3590 1032 in

2026 1082 2208 1135 animo
2241 1080 2482 1132 habere:
2516 1075 2740 1144 diligere
2770 1086 2984 1142 quoque
3016 1085 3232 1139 semper
3269 1068 3593 1138 proveniet)-

2027 1183 2133 1228 tem
2171 1188 2238 1226 ex
2270 1167 2684 1238 longanimitate
2717 1179 3052 1228 successum,
3103 1171 3158 1216 et
3198 1163 3264 1216 ab
3301 1159 3593 1214 iracundia:

2027 1275 2161 1322 aestu
2187 1274 2513 1332 temperare.
2545 1259 2622 1313 Ex
2651 1257 3022 1313 affectionibus
3044 1256 3188 1308 enim
3214 1253 3456 1324 quaedam
3485 1266 3590 1305 non

2026 1357 2226 1414 cadunt
2253 1356 2306 1408 in
2341 1356 2562 1415 multos,
2587 1351 2848 1420 quasdam
2879 1348 3041 1420 etiam
3065 1345 3304 1400 nonnulli
3341 1345 3406 1398 de
3433 1343 3594 1396 trivio

2026 1447 2276 1502 homines
2305 1443 2656 1514 proﬁcientes
2711 1451 3002 1494 exuerunt.
3053 1435 3418 1493 Exsecrabilis
3466 1449 3593 1488 vero

2027 1539 2131 1594 ista
2169 1537 2580 1608 passio,'iram,
2630 1535 2874 1602 inquam,
2924 1529 3202 1585 succendit
3244 1537 3299 1582 et
3349 1541 3443 1581 eos
3499 1526 3594 1594 qui

2027 1631 2281 1685 videntur
2340 1641 2462 1684 esse
2527 1625 2862 1694 prudentes,
2919 1629 3080 1686 atque
3127 1614 3452 1686 perturbat:
3486 1627 3592 1668 non

2026 1735 2193 1774 unum
2219 1719 2438 1789 quidem
2461 1718 2669 1784 utique,
2717 1714 2881 1766 alium
2925 1724 3054 1764 vero
3093 1723 3240 1773 non;
3297 1706 3388 1761 sed
3423 1705 3595 1760 audeo

1953 1796 1994 1850 Β
2025 1813 2203 1867 dicere
2239 1824 2428 1866 omnes
2479 1822 2706 1878 prorsus
2753 1805 2998 1860 homines
3047 1809 3243 1870 praeter
3272 1797 3591 1868 perfectum,

2027 1903 2200 1958 sicubi
2236 1900 2464 1956 inveniri
2491 1908 2669 1968 potest
2700 1897 2790 1966 qui
2819 1896 2888 1951 sit
2920 1893 3211 1963 perfectus.

2028 1995 2090 2050 V.
2151 1995 2205 2049 9.
2258 1993 2586 2049 Sustinentes
2619 1999 2796 2044 autem
2855 1985 3166 2049 Dominum,
3210 1979 3592 2036 ha’reditabum

2719 2071 2932 2112 terram.

2095 2158 2362 2225 Quoniam
2449 2153 2833 2211 consuevimus
2915 2147 3314 2220 quodammodo
3380 2160 3595 2214 semper

2026 2252 2283 2304 adversus
2315 2262 2508 2318 pravos
2531 2247 2835 2312 insurgere,
2867 2250 3010 2296 metu
3035 2253 3208 2309 paenae
3235 2229 3593 2308 propellentes

2023 2356 2119 2396 eos
2149 2341 2212 2394 ad
2246 2340 2526 2396 meliorem
2563 2337 2797 2406 frugem,
2852 2347 2961 2402 quo
3009 2331 3282 2386 desiderio
3326 2329 3594 2383 donorum

2026 2435 2118 2490 Dei
2158 2445 2423 2504 cogantur
2447 2431 2512 2484 ad
2543 2431 2682 2484 bene
2727 2429 3062 2492 honesteque
3092 2421 3384 2476 vivendum
3406 2459 3422 2484 ,
3473 2432 3597 2486 pro-

2033 2535 2219 2595 pterea
2249 2519 2543 2578 ostendens
2570 2517 2845 2586 psalmista
2895 2512 3261 2584 perniciosum
3303 2523 3596 2578 pravorum

2026 2614 2212 2680 ﬁnem,
2249 2608 2556 2666 subiniert:
2585 2605 2914 2660 Sustinentes
2959 2601 3276 2667 Dominum,
3315 2600 3368 2652 id
3393 2607 3476 2652 est
3505 2595 3596 2664 qui

2027 2719 2094 2759 ex
2127 2700 2452 2758 fortitudine
2481 2709 2534 2752 et
2554 2695 2810 2767 patientia
2836 2691 3161 2747 laudabilem
3184 2692 3349 2744 vitam
3375 2690 3595 2759 degunt,

2025 2792 2409 2849 haereditabunt
2461 2801 2675 2854 terram,
2736 2801 2857 2856 quae
2913 2799 3020 2836 non
3072 2793 3158 2836 est
3215 2780 3391 2848 portio
3441 2789 3598 2832 terra:

2026 2885 2182 2940 istius
2207 2875 2803 2951 subjectte‘maledicto,
2821 2877 2888 2931 de
2910 2891 3015 2944 qua
3047 2861 3402 2928 inaloloribus
3426 2883 3598 2924 come-

2025 2979 2105 3032 dit
2153 2989 2342 3032 omnes
2381 2974 2496 3028 dies
2541 2987 2670 3027 suos
2731 2971 2820 3039 qui
2887 2968 3016 3022 colit
3044 2981 3162 3020 eam
3192 2983 3205 3019 :
3240 2963 3334 3018 sed
3396 2971 3596 3016 terram

2026 3069 2170 3124 illam
2203 3066 2408 3126 sanctis
2429 3073 2806 3135 praeparatam.
2836 3059 3138 3113 utere-ditas
3165 3057 3362 3125 quippe
3382 3068 3592 3120 eorum,

351 3172 576 3244 σμένην.
601 3173 815 3244 Κλῆρος
839 3169 946 3242 γὰρ
968 3171 1150 3234 αὐτοῖς
1167 3173 1200 3240 ἡ
1225 3170 1330 3223 τῶν
1349 3170 1516 3238 ἁγίων
1541 3165 1870 3229 καλλίπολις,
1893 3166 1922 3237 ἡ

2029 3169 2110 3216 est
2135 3157 2498 3228 pulcherrima
2535 3156 2625 3209 illa
2660 3154 2873 3219 civitas,
2897 3167 3020 3222 qua:
3046 3159 3099 3204 et
3123 3160 3311 3204 sancta
3338 3157 3394 3202 et
3426 3161 3588 3216 supe-

351 3265 472 3336 ἱερά
497 3281 556 3317 τε
579 3264 672 3318 καὶ
696 3265 828 3331 ἅνω,
863 3257 930 3335 ἦς
968 3263 1296 3334 κληροδότης
1313 3261 1462 3325 Θεός.
1490 3259 1602 3332 (69)
1632 3260 1844 3328 ’Ὠσπερ
1864 3257 1922 3310 δέ

349 3355 496 3409 ἐστιν
521 3358 549 3409 ό
575 3356 764 3427 Σωτὴρ
799 3355 959 3422 σοφία
978 3395 992 3419 ,
1023 3355 1215 3422 Λόγος,
1238 3354 1426 3426 εἰρήνη
1459 3353 1552 3406 καὶ
1577 3349 1886 3420 δικαιοσύνη
1905 3389 1921 3414 ,

348 3441 520 3508 οὕτως
547 3447 642 3498 καὶ
679 3446 946 3516 ὑπομονὴ.
979 3445 1291 3515 Γέγραπται
1318 3444 1446 3515 γάρ·
1479 3443 1586 3496 Καὶ
1615 3442 1733 3495 νῦν
1765 3441 1856 3506 τίς
1881 3442 1920 3508 ἡ

348 3535 622 3605 ὑπομονὴ
641 3553 794 3604 μου;
821 3537 969 3606 Οὐχὶ
989 3537 1240 3604 Κύριος;
1281 3537 1398 3605 Ἀφ’
1426 3527 1488 3588 οὗ
1512 3534 1772 3606 ἀρύεσθαι
1805 3535 1921 3587 ἐστι

349 3627 445 3680 καὶ
471 3625 767 3697 λαμϐάνειν
791 3628 990 3692 πάντα,
1024 3627 1060 3681 ἃ
1085 3629 1299 3696 λέγεται
1323 3623 1461 3680 εἶναι
1481 3627 1622 3680 κατὰ
1652 3627 1752 3690 τὰς
1781 3627 1924 3696 Γρα-

350 3717 459 3787 φὰς
485 3719 514 3772 ό
536 3718 793 3790 Χριστός.
837 3719 924 3782 Ὠς
960 3718 1067 3789 γὰρ
1117 3720 1312 3788 μετοχῇ
1353 3717 1518 3770 αὐτοῦ
1553 3717 1748 3771 δίκαιοι
1775 3717 1923 3785 γινό-

352 3809 491 3880 μεθα
521 3810 614 3864 καὶ
644 3811 817 3878 σοφοὶ,
841 3809 936 3862 καὶ
970 3809 1321 3880 είρηνεύομεν
1341 3825 1354 3838 ·
1384 3809 1556 3871 οὕτως
1585 3810 1677 3861 καὶ
1725 3809 1922 3878 μετοχῇ

348 3901 512 3956 αὐτοῦ
541 3901 904 3972 ὑπομένομεν.
947 3899 1216 3971 Ἠσύχαζε
1260 3895 1352 3952 οῦν
1389 3900 1672 3970 ὑπομένων
1700 3899 1794 3954 καὶ
1836 3902 1926 3952 ὲκ-

351 3991 639 4064 δεχόμενος
670 3991 760 4044 τὸν
791 3991 945 4058 Θεὸν,
988 3990 1063 4060 μὴ
1105 3989 1502 4061 ταραττόμενος
1540 3992 1652 4053 τοῖς
1671 3988 1920 4060 παροῦσι.

421 4163 570 4234 Στίχ.
606 4169 695 4217 ια’.
719 4165 784 4218 Ol
804 4161 872 4216 δὲ
901 4161 1107 4231 πραεῖς
1137 4161 1672 4231 κληρονομήσουσι
1703 4161 1838 4230 γῆν.

415 4255 477 4307 Οἱ
529 4253 638 4308 ἀπὸ
668 4253 1019 4309 Οὐαλεντίνου
1068 4253 1160 4307 καί
1202 4271 1364 4308 τινων
1399 4254 1633 4326 ἑτέρων,
1689 4253 1926 4323 οἰόμενοι

343 4347 436 4400 τὸν
467 4345 698 4417 Σωτῆρα
719 4346 895 4415 λέγειν
924 4347 992 4400 τὰ
1022 4346 1096 4418 μὴ
1139 4346 1405 4418 εἰρημένα
1441 4347 1502 4400 ὲν
1527 4349 1640 4411 τοῖς
1676 4347 1927 4410 παλαιοῖς

345 4433 692 4508 Γράμμασιν,
719 4433 965 4489 ἐντεῦθεν
1009 4434 1437 4505 ὲλεγχέσθωσαν,
1465 4435 1796 4500 ἀκούοντες,
1840 4436 1923 4488 ὅτι

2025 3250 2138 3305 rior
2164 3251 2333 3314 audit,
2365 3249 2522 3318 cujus
2556 3247 2878 3302 distributor
2906 3252 2990 3298 est
3031 3244 3191 3296 Deus.
3225 3240 3378 3296 Sicut
3405 3249 3586 3293 autem

2028 3343 2278 3398 Salvator
2303 3349 2382 3396 est
2423 3339 2712 3408 sapientia,
2744 3337 3002 3402 Verbum,
3039 3349 3140 3404 pax
3171 3343 3225 3388 et
3246 3332 3488 3403 justitia,
3517 3329 3596 3383 ita

2025 3433 2187 3487 etiam
2223 3431 2506 3502 patientia.
2541 3428 2815 3499 Scriptum
2846 3437 2931 3484 est
2959 3427 3104 3482 enim
3133 3443 3146 3477 :
3177 3423 3242 3476 Et
3287 3439 3446 3487 nunc,
3479 3436 3598 3490 qua:

2023 3539 2098 3583 est
2134 3527 2388 3596 patientia
2419 3527 2579 3581 mea?
2621 3523 2805 3579 Nonne
2847 3522 3105 3575 Dominus
3135 3519 3223 3572 7'?
3250 3535 3279 3572 a
3321 3533 3427 3587 quo
3459 3516 3596 3569 hau-

2023 3619 2140 3674 rire
2189 3626 2402 3686 oportet
2427 3624 2481 3670 et
2507 3615 2758 3683 accipere
2786 3612 2991 3675 omnia,
3037 3624 3160 3678 quae
3197 3607 3446 3662 Christus
3475 3619 3599 3658 esse

2025 3710 2224 3766 dicitur
2245 3708 2544 3764 secundum
2577 3705 2908 3777 Scripturas.
2932 3702 3104 3758 Sicuti
3131 3699 3275 3756 enim
3304 3697 3599 3768 participa-

2027 3805 2172 3858 ti0ne
2201 3802 2318 3871 ejus
2346 3799 2683 3868 iimusjusti,
2726 3808 2780 3853 et
2818 3797 3116 3866 sapientes,
3141 3803 3195 3846 et
3224 3789 3475 3861 pacifici,
3519 3789 3596 3842 ita
3642 3855 3644 3858 ν

2023 3905 2238 3958 quoque
2267 3888 2691 3958 participatione
2722 3884 2840 3953 ejus
2865 3885 3022 3938 ﬁmus
3049 3883 3342 3954 patientes.
3364 3879 3599 3946 Quiesce

2023 3981 2190 4050 igitur
2217 3980 2498 4034 sustinens
2543 3993 2597 4033 et
2641 3987 2970 4046 exspectans
3019 3975 3204 4037 Deum,
3253 3985 3596 4041 nequaquam

2025 4071 2186 4124 rebus
2211 4069 2566 4140 prtesentibus
2601 4068 2963 4138 perturbatus.

2129 4160 2194 4214 ν.
2245 4161 2332 4215 Η.
2382 4160 2646 4214 Μοηιιιειὶ
2693 4175 2810 4214 vero
2842 4157 3228 4210 Itwreditabunt
3271 4165 3486 4207 terram.

2095 4253 2458 4308 Valentiniani
2503 4263 2562 4307 et
2619 4251 2712 4305 alii
2767 4251 3028 4320 quidam,
3089 4248 3189 4300 rati
3257 4245 3596 4299 Salvatorcm

2025 4345 2208 4400 dicere
2253 4359 2372 4415 quae
2407 4357 2748 4412 nequaquam
2781 4341 2832 4394 in
2872 4338 3068 4408 priscis
3116 4335 3413 4403 Scripturis
3453 4333 3596 4387 dicta

2024 4447 2176 4500 sunt,
2215 4451 2282 4490 ex
2314 4436 2416 4490 hoc
2449 4433 2566 4489 loco
2603 4441 2926 4503 arguantur,
2978 4429 3104 4482 dum
3141 4427 3369 4480 audiunt
3403 4444 3414 4478 :
3445 4423 3596 4477 Beati

345 4527 635 4596 Μακάριοι
663 4527 890 4596 πραεῖς,
923 4527 1012 4581 ὅτι
1050 4526 1224 4582 αὐτοὶ
1250 4525 1780 4596 κληρονομήσουσι
1810 4526 1922 4595 τὴν

2029 4529 2310 4592 mansueti,
2365 4527 2484 4597 quia
2519 4527 2624 4596 ipsi
2651 4523 3031 4578 hwreditabunt
3077 4531 3273 4574 terram
3329 4517 3416 4572 τις
3451 4517 3596 4586 quod

344 4620 479 4691 γῆν.
503 4619 704 4692 Εἵρητο
738 4621 835 4691 μὲν
863 4620 956 4674 καὶ
983 4619 1246 4691 πρότερον
1278 4619 1366 4674 διὰ
1398 4619 1690 4681 Δαὸὶδρπὸ
1709 4619 1800 4673 τοῦ
1825 4619 1921 4672 αὐ-

341 4713 438 4766 τοῦ
465 4713 799 4784 Πνεύματος.

414 4805 526 4876 (70)
555 4803 1054 4876 Οἰκονομικὼτερον
1097 4804 1155 4858 δὲ
1186 4803 1306 4856 λίαν
1339 4805 1367 4856 ὁ
1410 4801 1573 4854 Δαϐὶδ
1603 4801 1924 4873 ἀντιπαρεξ-

338 4895 598 4966 άγειταῖς
609 4896 716 4950 τῶν
739 4897 1068 4968 παρανόμων
1093 4895 1346 4949 κολάσεσι
1361 4893 1430 4947 τὰ
1443 4893 1552 4946 τῶν
1575 4894 1742 4961 ἁγίων
1761 4893 1920 4964 γέρα.

353 4987 550 5057 Ἀκονᾷ
591 4987 649 5040 δὲ
680 4987 768 5041 διὰ
799 4987 1006 5040 τούτων
1049 4987 1248 5049 αὐτοὺς
1281 4987 1362 5050 είς
1403 4984 1590 5053 ἔφεσιν
1635 4984 1918 5056 εὐανδρίας

340 5080 738 5150 πνευματικῆς,
763 5079 828 5132 δι’
855 5075 923 5150 ἧς
950 5079 1016 5132 ἂν
1041 5079 1250 5147 γένοιτο
1270 5075 1568 5147 κατορθοῦν
1595 5077 1772 5130 πάντα
1795 5077 1918 5146 τρό-

340 5187 439 5224 πον
479 5171 698 5241 ἀρετῆς.
750 5170 862 5241 (71)
909 5170 1092 5240 Ταύτῃ
1138 5169 1222 5222 τοί
1273 5185 1468 5239 φησιν·
1498 5171 1564 5221 Οἱ
1605 5167 1673 5220 δὲ
1709 5167 1917 5236 πραεῖς

339 5260 869 5331 κληρονομήσουσι
921 5261 1058 5331 γῆν,
1107 5261 1206 5330 τὴν
1255 5261 1379 5314 ἄνω·
1407 5258 1626 5330 δηλαδή.
1681 5259 1746 5311 El
1807 5259 1916 5331 γάρ

337 5355 485 5408 ἐστιν
513 5356 572 5408 ἐν
591 5355 838 5424 οὐρανοῖς
867 5353 1007 5408 κατὰ
1037 5353 1246 5408 Παῦλον
1279 5351 1632 5423 Ἰερουσαλὴμ
1666 5353 1758 5406 καὶ
1780 5352 1916 5406 Σιὼν

337 5439 484 5510 ὅρος,
518 5438 810 5494 ἀκόλουθον
835 5442 930 5495 καὶ
972 5441 1076 5511 γῆν
1111 5443 1274 5504 νοεῖν,
1318 5439 1385 5510 ἣν
1416 5439 1914 5512 κληρονομήσουσιν

408 5531 454 5562 ⁷³
483 5529 626 5585 Psal.
663 5546 890 5596 xxxvnt,
931 5531 984 5586 8.
1065 5529 1110 5563 ⁷⁵
1162 5525 1353 5583 Matth.
1385 5545 1440 5596 ν,
1469 5527 1524 5583 4.

435 5624 524 5686 68)
551 5625 652 5680 Ms.
687 5627 885 5696 Cyrillo
929 5626 1136 5680 tribuit.

435 5625 524 5686 68)
551 5625 652 5680 Ms.
687 5627 885 5696 Cyrillo
929 5626 1136 5680 tribuit.

553 5698 740 5770 Cyrillt
779 5707 834 5754 et
859 5697 1132 5768 Origenis.
1197 5693 1336 5750 lliuc
1389 5691 1652 5764 Origenes
1699 5693 1914 5751 videtur

2027 4630 2184 4673 antea
2239 4633 2454 4688 quoque
2487 4618 2689 4673 dictum
2719 4615 2900 4671 fuerat
2941 4631 3038 4684 per
3095 4611 3264 4667 David
3304 4611 3372 4664 ab
3403 4612 3594 4664 eodem

2029 4711 2255 4782 Spiritu.
3301 4727 3304 4730 ~

2099 4805 2306 4858 Eximia
2339 4804 2602 4872 sapientia
2654 4803 2806 4858 valde
2845 4800 3014 4855 David
3053 4798 3341 4869 impiorum
3391 4793 3595 4863 suppli-

2028 4895 2128 4949 ciis
2183 4911 2214 4948 e
2253 4897 2477 4964 regione
2521 4895 2746 4965 opponit
2793 4903 3109 4947 sanctorum
3175 4887 3589 4942 retributiones.

2022 4985 2252 5041 Exacuit
2273 5003 2404 5042 vero
2451 5002 2546 5057 per
2571 4989 2684 5040 haec
2707 4986 2828 5040 illos
2854 4988 2920 5040 ad
2962 4981 3292 5038 desiderium
3317 4977 3594 5048 generosi-

2023 5077 2154 5130 tatis
2181 5077 2506 5147 spiritualis,
2532 5093 2638 5145 qua
2664 5077 2756 5130 fiat
2787 5087 2842 5130 ut
2884 5087 3098 5129 omnem
3135 5071 3352 5126 modum
3379 5065 3596 5122 virtutis

2022 5171 2240 5238 assequi
2273 5169 2506 5223 valeant.
2547 5169 2840 5237 Propterea
2866 5167 2998 5222 dicit
3029 5184 3044 5220 :
3075 5161 3338 5217 Mansueti
3371 5159 3596 5214 heredi-

2020 5262 2208 5314 tabunt
2251 5269 2471 5326 terram,
2501 5277 2793 5332 supernam
2833 5259 3103 5314 videlicet.
3151 5256 3208 5311 Si
3240 5255 3392 5309 enim
3431 5253 3590 5307 estin

2021 5352 2199 5416 cmlis,
2227 5351 2383 5420 juxta
2421 5351 2675 5416 Paulum,
2723 5351 3050 5417 Jerusalem,
3104 5357 3158 5404 et
3212 5361 3368 5400 mons
3422 5343 3590 5403 Sion,

2019 5459 2364 5514 consequens
2399 5457 2484 5501 est
2541 5459 2600 5501 ul.
2647 5447 2718 5502 ibi
2765 5445 2930 5501 etiam
2979 5451 3182 5498 terram
3223 5436 3594 5506 concipiamus

2114 5627 2202 5698 70)
2229 5627 2427 5698 Κύριλ.

2118 5632 2182 5678 70
2229 5632 2427 5698 Κύριλ.

2118 5632 2204 5767 ης
2243 5698 2472 5770 Ὠριγέν.
