4186 6376
492 309 587 360 127

1379 299 1947 359 SUPPLEMENTUH
1982 300 2073 356 AD
2111 297 2438 354 ORIGENIS
2472 296 2885 354 EXEGETICA.

3666 297 3764 352 128

489 422 702 485 animo,
743 435 908 491 quam
938 419 1264 477 haereditate
1302 421 1533 478 adibant
1574 424 1669 493 qui
1714 424 2083 495 perniciosam

2188 422 2238 473 oi
2266 421 2616 492 νενικηκότες
2650 420 2818 484 πάθος
2846 419 3108 492 ὀλέθρων,
3145 419 3247 491 τὴν
3280 418 3471 491 ὀργὴν,
3514 420 3637 491 ἥτις
3669 421 3762 472 καὶ

491 515 802 584 passionem
866 513 1133 577 vicerint,
1183 514 1528 570 iracundiam
1582 531 1802 586 nempe,
1849 531 1972 586 qua:
2023 526 2080 571 et

493 606 789 673 prudentes
814 607 1014 674 perdit,
1055 609 1182 661 dum
1224 621 1292 661 ne
1317 622 1383 662 ex
1411 608 1618 663 virtute
1656 618 1825 677 agant
1851 608 2077 677 impedi-

494 707 681 752 mento
708 708 793 755 est
824 697 951 751 illis.
990 697 1032 752 Ε
1080 698 1304 769 regione
1346 708 1531 754 autem
1573 698 1720 754 inter
1752 714 1877 755 sese
1909 715 2081 770 oppo-

495 800 703 844 nuntur
729 791 1093 845 mansuetudo
1125 801 1181 845 et
1206 791 1511 845 iracundia.
1546 790 1650 847 Ubi
1676 792 1824 847 enim
1858 792 2079 847 iracun-

493 881 582 937 dia
608 891 714 946 est,
736 882 1054 938 nullatenus
1076 884 1470 950 mansuetudo;
1497 893 1553 939 et
1575 886 1666 942 ubi
1694 886 2079 954 mansuetudo,

493 974 810 1030 nullatenus
841 974 916 1029 ibi
942 976 1225 1031 iracundia
1254 978 1548 1033 invenitur.

496 1084 565 1140 ν.
620 1086 705 1142 i2.
767 1086 1076 1142 Observabit
1115 1099 1362 1155 peccator
1387 1090 1620 1158 justum,
1647 1101 1697 1145 et
1725 1091 1988 1160 frondebit
2026 1093 2082 1147 in

1007 1175 1126 1212 eum
1155 1161 1399 1214 dentibus
1443 1162 1575 1216 suis.

502 1246 564 1303 V.
623 1249 708 1305 l5.
765 1250 833 1304 At
874 1248 1134 1304 Dominus
1156 1253 1417 1325 deridebit
1482 1269 1625 1325 eum,
1651 1254 1777 1325 quia
1805 1255 2079 1325 praesidet,

965 1324 1089 1393 quia
1128 1326 1291 1376 veniet
1337 1324 1448 1377 dies
1483 1324 1620 1393 ejus.

571 1433 652 1488 Ex
701 1435 803 1490 hoc
851 1435 971 1491 loco
1023 1437 1363 1493 addiscimus
1419 1440 1566 1508 quia,
1624 1439 2081 1509 quemadmodum

502 1538 701 1581 natura
732 1528 1021 1584 centrarim
1048 1538 1176 1584 sunt
1211 1532 1448 1586 tenebrae
1478 1541 1533 1585 et
1561 1532 1740 1587 lumen
1767 1574 1783 1598 ,
1816 1532 1893 1589 ita
1918 1534 2082 1589 etiam

505 1627 769 1685 peccator
794 1628 848 1673 et
867 1619 1072 1689 justus.
1129 1618 1187 1674 Si
1230 1621 1393 1690 igitur
1440 1622 1645 1678 videris
1683 1638 1921 1694 unquam
1960 1628 2085 1681 odio

503 1707 754 1763 habitum
776 1710 1005 1778 justum,
1054 1725 1122 1766 ne
1163 1711 1359 1766 timeas
1380 1712 1563 1769 dicere
1597 1714 1667 1768 de
1691 1729 1761 1770 eo
1796 1716 1891 1786 qui
1930 1715 2081 1771 illum

501 1801 629 1856 odio
664 1801 852 1866 habet,
879 1818 1002 1858 eum
1028 1819 1150 1859 esse
1178 1815 1547 1872 peccatorem.
1607 1806 1710 1875 Qui
1746 1810 1892 1864 enim
1924 1825 2081 1864 mun-

499 1892 640 1948 dana
671 1896 911 1964 sapiunt,
941 1904 999 1953 et
1034 1898 1211 1954 turbis
1255 1901 1416 1972 hujus
1450 1902 1578 1958 vitm
1624 1918 1775 1956 suam
1836 1904 2081 1972 ipsorqu

500 1996 741 2042 mentem
776 1989 1168 2057 revinxernnt,
1216 2007 1436 2063 semper
1473 1994 1879 2064 quodammodo
1933 1995 2081 2049 insa-

500 2077 662 2132 niunt
698 2081 965 2136 adversus
988 2096 1084 2137 eos
1122 2083 1214 2152 qui
1246 2082 1531 2139 honestam
1558 2094 1612 2138 et
1644 2086 1874 2141 electam
1915 2088 2081 2141 vitam

502 2180 693 2241 agunt,
722 2172 1046 2245 hostemque
1081 2186 1335 2247 reputant
1353 2192 1475 2232 cum
1498 2178 1587 2247 qui
1605 2177 1874 2247 justitiam
1900 2194 2085 2235 amore

505 2265 878 2333 prosequitur.

503 2354 569 2411 ν.
633 2356 719 2410 14.
764 2356 1019 2411 Gladium
1061 2368 1405 2413 extraxerunt
1461 2371 1758 2426 peccatores
1793 2379 1811 2414 :
1845 2361 2085 2415 intende-

575 2438 697 2479 runt
747 2444 930 2481 arcum
984 2446 1169 2502 suum,
1221 2440 1277 2482 ut
1321 2432 1673 2501 proﬂigarent
1721 2448 2004 2502 pauperem
2035 2441 2085 2486 et

572 2515 831 2568 egenum,
877 2511 933 2553 ut
968 2500 1285 2569 jugularent
1330 2500 1499 2555 rectos
1535 2502 1715 2556 corde.

581 2635 737 2691 Sicut
766 2650 848 2693 est
876 2640 1126 2707 qutedam
1158 2651 1439 2695 armatura
1475 2640 1592 2706 Dei,
1623 2641 1703 2697 sic
1730 2653 1815 2698 est
1835 2643 2086 2715 quaedam

506 2739 781 2784 armatura
819 2732 1054 2798 diaboli,
1099 2749 1268 2804 quam
1305 2736 1463 2791 miles
1496 2735 1612 2805 ejus
1648 2737 1824 2791 induit
1856 2756 1871 2794 :
1900 2740 2088 2793 thora-

506 2840 626 2881 cem
672 2825 974 2894 injustitlae.
1008 2830 1219 2897 galeam
1254 2829 1542 2897 interitus,
1588 2840 1801 2887 scutum
1853 2834 2087 2889 inﬁdeli-

511 2921 678 2979 tatis,
730 2912 1248 2993 glatlium'maligni
1312 2923 1562 2990 spiritus,
1613 2941 1772 2996 quem
1835 2927 2089 2997 eraginat

508 3019 788 3079 peccator,
817 3010 973 3080 cujus
997 3014 1163 3082 pedes
1212 3013 1279 3065 ad
1326 3012 1654 3081 injustitiam
1698 3027 1953 3072 currunt.
1990 3017 2089 3073 Est

2180 514 2477 584 φρονίμους
2505 513 2787 568 ἀπόλλυσι.
2808 515 2945 567 Κατ’
2974 514 3174 585 ἀρετὴν
3200 514 3310 585 γὰρ
3331 515 3575 584 ἐνεργεῖν
3596 515 3762 585 ἐμπο-

2178 604 2434 668 δίζονται.
2472 604 2629 659 Κατὰ
2659 606 2950 676 διάμετρον
2977 604 3036 658 δέ
3065 607 3203 658 είσιν
3229 605 3479 676 ἀλλήλοις
3517 606 3760 675 πραότης

2180 698 2275 750 καὶ
2306 697 2464 768 ὀργή.
2500 696 2674 750 Ὅπου
2704 696 2812 767 γὰρ
2853 696 3023 767 ὀργὴ,
3060 695 3313 766 ούδαμῶς
3355 696 3632 768 πραότης·
3666 694 3758 749 ’λιιιὶ

2180 788 2314 843 ὅπου
2348 787 2612 859 πραότης,
2639 785 2891 858 οὐδαμῶς
2923 788 3040 840 ἐκεῖ
3057 784 3215 859 ὀργή.

2181 1086 2329 1157 Στίχ.
2357 1085 2443 1138 ιϐ’.
2459 1084 2945 1153 Παρατηρήσεται
2968 1088 3002 1139 ό
3022 1083 3364 1157 ἁμαρτωλὸς
3379 1083 3493 1157 τὸν,
3509 1083 3760 1157 δίκαιον,

2301 1155 2401 1211 καὶ
2425 1158 2641 1225 ,ϐρύξει
2665 1157 2756 1209 ἐπ’
2785 1157 2973 1210 αὑτὸν
2994 1157 3134 1221 τοὺς
3150 1155 3401 1221 ὀδόντας
3432 1155 3639 1209 αὐτοῦ.

2184 1250 2334 1322 Στίχ.
2362 1256 2430 1320 ιγ’
2438 1294 2451 1306 .
2468 1252 2533 1303 '0
2552 1249 2620 1322 δὲ
2644 1250 2861 1322 Κύριος,
2878 1249 3485 1322 ἐκτελάσεταιξαὺτρν,
3510 1246 3597 1300 ὅτι
3616 1260 3762 1318 προ-

2462 1321 2684 1383 ϐλέπει,
2713 1321 2801 1374 ὅτι
2831 1321 2960 1387 ἣξει
2984 1323 3021 1388 ἡ
3046 1320 3233 1389 ἡμέρα
3254 1318 3459 1372 αὐτοῦ.

2270 1430 2551 1485 Ἐντεῦθεν
2579 1429 2942 1501 μανθάνομεν,
2974 1430 3076 1493 ὅτι,
3122 1429 3310 1500 ὥσπερ
3338 1428 3583 1498 πέφυκεν
3618 1429 3763 1482 ἔναν-

2184 1524 2299 1577 τίον
2348 1519 2487 1577 εἶναι
2536 1522 2725 1585 σκότος
2762 1524 2856 1577 καὶ
2888 1522 3022 1591 φῶς,
3058 1521 3200 1574 οὕτω
3239 1524 3269 1575 ὁ
3316 1520 3638 1593 ἁμαρτωλὸς
3684 1519 3763 1591 τῷ

2181 1615 2393 1686 δικαίῳ.
2439 1615 2567 1668 Ἑάν
2594 1612 2690 1670 οὖν
2724 1616 2840 1686 ἴδῃς
2873 1616 2993 1669 τότε
3042 1614 3366 1685 μισούμενον
3402 1612 3494 1667 τὸν
3525 1612 3762 1680 δίκαιον,

2189 1702 2263 1773 μὴ
2296 1700 2441 1755 ὄκνει
2466 1702 2642 1772 λέγειν
2669 1698 2797 1775 περὶ¹
2831 1700 2925 1756 τοῦ
2963 1702 3250 1774 μισοῦντος
3294 1703 3486 1769 αὑτὸν,
3509 1703 3585 1767 ῶς
3617 1702 3765 1756 ἐστιν

2116 1770 2157 1829 Β
2186 1770 2625 1866 ἁμαρτωλός-Οἱ
2663 1770 2774 1867 γὰρ
2820 1770 3143 1866 φρονοῦντες
3171 1793 3242 1847 τὰ
3271 1794 3531 1864 κοσμικά,
3571 1796 3665 1849 καὶ
3695 1797 3763 1866 τῇ

2181 1885 2275 1940 τοῦ
2303 1887 2567 1957 παρόντος
2592 1886 2706 1956 βίου
2737 1880 2800 1939 τύ
2809 1886 2911 1959 ρῦῃ
2934 1886 3025 1939 τὸν
3046 1886 3252 1939 ἑαυτῶν
3275 1886 3593 1957 ἐνδήσαντες
3616 1886 3763 1954 νοῦν,

2182 1980 2269 2032 ἀεί
2302 1996 2420 2043 πως
2462 1981 2835 2051 ὲπιμεμήνασι
2863 1984 2975 2045 τοῖς
3013 1980 3107 2033 τὸν
3148 1981 3317 2051 εύαγῆ
3350 1980 3444 2033 καὶ
3467 1981 3766 2035 ἀπόλεκτον

2182 2071 2448 2125 διαϐιοῦσι
2477 2072 2609 2141 βίον,
2639 2073 2733 2126 καὶ
2762 2072 2953 2143 ἐχθρὸν
2992 2072 3247 2143 ἡγοῦνται
3286 2073 3384 2144 τῆς
3425 2072 3767 2143 δικαιοσύνης

2184 2162 2279 2216 τὸν
2308 2165 2564 2235 ἐραστήν.

2186 2339 2331 2410 Στίλ.
2362 2339 2442 2393 ιδ’.
2475 2339 2800 2407 Ῥομςοαίαν
2827 2337 3176 2410 ἐσπάσαντο
3208 2343 3263 2393 ol
3286 2339 3619 2409 ἁμαρτωλοί
3624 2360 3638 2373 ·
3668 2342 3765 2395 ἐν·

2255 2408 2557 2481 ἐτείναττο
2573 2408 3122 2481 τόξοναὺτῶν,τοῦ
3148 2408 3505 2464 καταϐαλεῖν
3532 2412 3766 2481 πτωχὸν

2258 2482 2357 2603 ἔτι
2400 2480 2658 2550 πένητα,
2700 2481 2808 2534 τοῦ
2854 2479 3085 2547 σφάξαι
3116 2482 3256 2547 τοὺς
3282 2481 3477 2548 εὐθεῖς
3514 2481 3589 2551 τῇ
3631 2479 3761 2553 κὰρ-

2321 2567 2380 2618 ιι.

2259 2656 2473 2735 Ὠσπερ
2505 2665 2624 2717 ἐστὶ
2669 2666 2942 2719 πανοπλία
2979 2665 3115 2719 Θεοῦ
3160 2682 3279 2730 τις,
3326 2665 3499 2730 οὕτως
3539 2666 3655 2719 ἐστί
3683 2683 3768 2731 τις

2191 2755 2464 2810 πανοπλία
2490 2755 2583 2809 τοῦ
2616 2756 2884 2817 διαϐόλου,
2914 2758 2980 2827 ἦν
3009 2759 3039 2810 ό
3062 2757 3226 2811 αὑτοῦ
3259 2757 3595 2829 στρατιώτης
3619 2757 3761 2810 ἐνδέ-

2187 2847 2361 2901 δυται·
2397 2848 2488 2900 τὸν
2528 2846 2755 2919 θώρακα
2790 2849 2888 2919 τῆς
2921 2848 3152 2913 ἀδικίας,
3190 2850 3290 2920 τὴν
3338 2848 3769 2921 περικεφαλαίαν

2188 2939 2290 3009 τῆς
2320 2939 2615 3005 ἀπωλείας,
2651 2940 2744 2993 τὸν
2777 2940 2968 3011 θυρεὸν
2998 2942 3098 3012 τῆς
3136 2942 3415 3005 ἀπιστίας,
3442 2942 3541 3014 τὴν
3568 2943 3767 3013 μὰχαιο

2193 3047 2296 3101 ραν
2316 3029 2410 3082 τοῦ
2437 3028 2674 3099 πονηροῦ
2706 3029 3012 3099 πνεύματος
3032 3069 3046 3090 ,
3077 3026 3145 3098 ῆν
3180 3033 3379 3084 σπᾶται
3413 3031 3765 3103 ἁμαρτωλὸς,

507 3105 752 3172 quaedam
783 3106 1110 3174 prmparatio
1145 3107 1443 3179 Evangelii,
1468 3120 1554 3165 est
1592 3118 1647 3165 et
1670 3111 2087 3167 calciamentum

2191 3112 2253 3173 οὗ
2286 3121 2335 3173 oi
2370 3118 2528 3183 πόδες
2555 3120 2642 3172 ἐπ’
2669 3118 2882 3174 ἀδικίαν
2907 3120 3210 3191 τρέχουσιν.
3244 3121 3398 3173 Ἐστι
3427 3137 3513 3184 τις
3550 3122 3767 3191 ἑτοιμαο

511 3200 921 3267 paratissimum
980 3203 1046 3257 ad
1110 3214 1416 3272 peccatum.
1480 3205 1580 3259 Hic
1632 3205 1799 3276 igitur
1848 3204 2088 3275 gladium

510 3301 872 3347 extraxerunt
907 3309 920 3345 :
950 3296 1075 3364 quia
1131 3296 1185 3349 in
1233 3309 1486 3366 promptu
1523 3296 1728 3351 habent
1776 3307 2088 3366 peccatum,

508 3393 565 3439 et
593 3386 769 3454 parati
803 3396 930 3442 sunt
959 3389 1026 3442 ad
1066 3392 1492 3459 perpetrandum
1551 3389 1719 3445 illud:
1754 3390 1847 3459 qui
1903 3390 2092 3446 occul-

515 3485 635 3531 tant
681 3478 732 3531 in
773 3480 967 3549 vagina
1009 3482 1219 3547 peccati
1273 3482 1513 3553 gladium
1560 3481 1785 3553 maligni
1841 3483 2089 3554 spiritus.

509 3566 699 3625 Telum
731 3570 1006 3639 justorum
1038 3584 1122 3629 est
1163 3574 1416 3631 Christus
1473 3574 1653 3631 Jesus.
1698 3574 1938 3632 Posuisti
1975 3588 2094 3631 tan-

508 3676 669 3730 quam
696 3662 858 3716 telum
881 3663 1117 3721 electum.
1152 3665 1346 3722 Sermo
1374 3677 1748 3737 peccatorum,
1776 3669 1942 3726 telum
1974 3679 2089 3736 est;

509 3756 721 3822 peccati
780 3771 1047 3812 venenum
1103 3760 1594 3816 habetnuluerat
1660 3777 1784 3818 eum
1837 3762 1931 3834 qui
1984 3778 2090 3818 non

511 3855 756 3900 armatur
786 3858 943 3903 scuto
967 3849 1114 3904 ﬁdei.
1152 3851 1365 3919 Sciunt,
1398 3854 1528 3923 quia
1564 3868 1672 3908 non
1699 3865 1929 3923 possunt
1957 3854 2095 3922 deji—

509 3951 635 3992 cere
660 3939 884 3995 divitem
912 3941 1269 3998 ditescentem
1301 3944 1353 3998 in
1377 3947 1679 4014 sapientia,
1732 3947 1786 4001 in
1833 3948 2092 4017 operibus

509 4030 689 4087 bonis.
772 4032 1069 4103 Propterea
1149 4038 1377 4093 omnino
1446 4054 1628 4110 neque
1700 4040 2092 4112 aggrediuntur

508 4122 684 4180 illum.
743 4125 849 4183 Sed
903 4136 1030 4183 totae
1080 4128 1295 4185 insidia;
1346 4130 1483 4186 ﬁunt
1530 4141 1720 4187 contra
1769 4149 2087 4205 pauperem,

512 4219 643 4287 quia
705 4223 929 4289 pretium
989 4223 1363 4292 redemptionis
1410 4226 1602 4280 animos
1648 4227 1913 4294 hominis,
1965 4238 2090 4282 sunt

511 4313 710 4368 divitia:
763 4317 994 4385 propria:
1022 4331 1041 4369 :
1069 4334 1272 4386 pauper
1323 4329 1500 4372 autem
1574 4335 1679 4373 non
1726 4320 1947 4374 sustinet
1990 4322 2091 4374 mi-

510 4419 609 4456 nas
644 4404 715 4457 ⁷⁸.
748 4404 959 4461 Bonum
988 4407 1149 4478 igitur
1169 4417 1281 4473 est,
1311 4425 1417 4464 non
1447 4410 1654 4465 habere
1694 4411 1933 4481 gladium
1962 4428 2091 4481 pec-

509 4496 651 4559 cati;
691 4496 882 4553 deinde
916 4500 959 4553 si
998 4501 1120 4569 quis
1148 4500 1366 4562 habeat.
1410 4518 1478 4556 ne
1506 4501 1654 4555 illum
1689 4504 1962 4573 cvaginet,
1990 4505 2085 4561 Sed

510 4586 679 4644 faciat
706 4603 830 4643 eum
859 4591 1162 4660 quiescere.
1219 4593 1524 4662 Quiescens
1576 4599 1722 4652 enim
1774 4612 1881 4652 non
1926 4600 2086 4653 modo

510 4679 807 4748 aeruginem
824 4684 1119 4748 contrahit,
1148 4694 1203 4739 et
1229 4686 1347 4740 acie
1368 4688 1711 4755 obtunditur,
1745 4690 1840 4744 sed
1864 4704 2086 4760 prorsus

514 4773 731 4826 tandem
768 4776 1070 4831 evanescit.
1134 4776 1245 4834 Nec
1298 4794 1435 4849 opus
1485 4781 1751 4837 habemus
1789 4784 1946 4853 igne,
1993 4784 2084 4837 ubi

508 4877 648 4933 Opus
674 4862 940 4935 cujusque
965 4869 1313 4924 examinatur
1335 4889 1349 4926 :
1372 4873 1465 4942 qui
1489 4873 1707 4928 Petrum
1734 4875 1950 4945 quidem
1978 4890 2086 4928 non

509 4957 681 5027 tangit
702 4970 716 5018 ;
737 4960 831 5014 sed
866 4961 1034 5025 audit,
1064 4960 1184 5017 Etsi
1225 4967 1498 5021 transieris
1525 4983 1618 5035 per
1645 4966 1838 5036 ignem,
1867 4968 2085 5036 ﬂamma

509 5063 616 5103 non
659 5049 846 5104 aduret
892 5063 940 5106 te
988 5054 1037 5086 "
1068 5072 1082 5108 :
1114 5068 1432 5124 peccatores
1485 5074 1620 5114 vero
1680 5060 1856 5126 tangit
1898 5059 2087 5128 utique
2122 5071 2127 5077 '

508 5147 761 5208 Stagnum
793 5141 964 5209 ignis,
992 5143 1135 5199 sicut
1164 5145 1504 5216 Erytlirazum
1549 5149 1735 5204 obruit
1772 5149 2083 5219 Egyptios,

508 5236 559 5282 el
598 5245 706 5284 non
749 5229 1027 5288 llehrazos.
1077 5235 1543 5302 Quemadmodum
1602 5249 1783 5296 tamen
1831 5239 2086 5295 Salvator

509 5324 676 5378 telum
716 5334 800 5380 est
830 5326 1091 5396 electum,
1125 5341 1181 5386 et
1219 5332 1422 5387 similia
1469 5331 1741 5389 Salvatori
1798 5332 1904 5387 tela
1960 5341 2087 5386 sunt

507 5415 683 5468 sancti
714 5415 806 5472 Dei
839 5418 1187 5479 vulnerantes
1212 5425 1319 5478 telo
1348 5424 1546 5488 electo,
1582 5424 1654 5477 ita
1690 5432 1747 5477 ut
1771 5423 2085 5477 vulneratus

510 5504 707 5573 dicam,
746 5506 1031 5565 Vulnerata
1060 5515 1315 5570 clmritate
1331 5534 1424 5586 ego
1448 5534 1563 5570 sum
1581 5515 1649 5570 '".
1675 5513 1751 5568 lla
1779 5514 1943 5569 telum
1971 5529 2084 5567 ma-

507 5594 639 5666 ligni
664 5610 746 5653 est
778 5601 1166 5671 Antichristus,
1197 5618 1249 5661 et
1274 5623 1466 5663 omnes
1485 5616 1803 5678 peccatores
1830 5605 1933 5661 tela
1956 5613 2085 5659 sunt

2195 3212 2284 3267 σία
2299 3211 2392 3265 τοῦ
2412 3210 2765 3280 Εὑαγγελίου.
2793 3211 2907 3264 ἐστι
2931 3214 3023 3265 καὶ
3047 3212 3298 3283 ὑπόδημα
3321 3212 3665 3281 ἑτοιμότατον
3687 3212 3769 3277 εἰς

2192 3306 2292 3377 τὴν
2329 3303 2623 3376 ἁμαρτίαν.
2678 3301 2938 3356 Ἐνταῦθα
2976 3299 3069 3357 οὖν
3119 3302 3391 3373 ῥομφαίαν
3421 3303 3764 3356 ἐσπάσαντο·

2193 3398 2273 3450 ὅτι
2299 3397 2586 3468 πρόχειρον
2616 3395 2798 3467 ἔχουσι
2831 3396 2931 3468 τὴν
2963 3397 3259 3466 ἁμαρτίαν,
3293 3397 3385 3448 καὶ
3407 3396 3611 3466 ἕτοιμοί
3632 3398 3773 3449 εἰσιν

2194 3491 2288 3544 ἐπὶ
2310 3491 2372 3544 τὸ
2403 3492 2573 3543 ποιεῖν
2594 3490 2789 3559 αὑτήν·
2814 3489 2865 3544 oi
2899 3488 3233 3561 κρύπτοντες
3258 3492 3316 3543 ὲν
3339 3491 3419 3562 τῷ
3440 3489 3647 3561 κουλεῷ
3669 3491 3771 3561 τῆς

2194 3583 2470 3653 ἁμαρτίας
2522 3581 2622 3652 τὴν
2673 3579 2948 3652 ῥομφαίαν
3003 3580 3098 3635 τοῦ
3152 3583 3389 3654 πονηροῦ
3440 3584 3766 3654 πνεύματος.

2192 3673 2356 3737 Βέλος
2385 3672 2494 3726 τῶν
2531 3671 2777 3739 δικαίων,
2818 3672 3048 3746 Χριστός
3067 3675 3212 3728 ἐστιν
3249 3673 3473 3745 Ἰησοῦς,
3507 3677 3772 3742 Ἐθηκας

2192 3764 2272 3830 ὡς
2293 3764 2481 3830 βέλος
2506 3764 2811 3819 ἐκλεκτόν.
2851 3765 2908 3818 Ὀ
2938 3763 3093 3833 λόγος
3115 3766 3221 3819 τῶν
3244 3765 3581 3837 ἁμαρτωλῶν
3619 3764 3773 3835 βέλος

2193 3857 2340 3910 ἐστίν
2364 3874 2378 3888 ·
2410 3857 2684 3929 ἁμαρτίας
2712 3857 2789 3909 ίὸν
2839 3857 2970 3928 ἔχει·
2998 3857 3289 3929 τιτρώσκει
3336 3859 3429 3912 τὺν
3484 3857 3559 3929 μὴ
3634 3857 3773 3912 καθ-

2194 3946 2544 4018 ωπλισμένον
2574 3947 2654 4019 τῷ
2680 3949 2778 4019 τῆς
2809 3947 3043 4011 πίστεως
3074 3947 3271 4018 θυρεῷ.
3307 3943 3546 4013 Οἶδασιν,
3595 3947 3677 4000 ὃτι
3707 3946 3773 4000 οὗ

2191 4038 2442 4093 δύνανται
2475 4036 2801 4094 καταϐαλεῖν
2836 4039 3089 4093 πλούσιον
3120 4038 3454 4092 πλουτοῦντα
3489 4040 3545 4090 ὲν
3576 4039 3769 4108 σοφίᾳ,

2191 4132 2249 4184 ὲν
2276 4130 2456 4203 ἔργοις
2482 4131 2730 4201 ἀγαθοῖς.
2767 4131 2866 4185 Διά
2888 4131 3048 4185 τοῦτο
3079 4131 3175 4201 τὴν
3208 4130 3383 4201 ἀρχὴν
3403 4129 3522 4183 οὐδὲ
3548 4131 3771 4183 ἐπιϐάλ-

2190 4222 2370 4276 λουσιν
2394 4223 2562 4293 αύτῴ.
2608 4223 2744 4276 Ἀλλ’
2779 4225 2813 4293 ἡ
2850 4226 3000 4277 πᾶσα
3046 4222 3305 4292 ἐπιϐουλή
3356 4222 3472 4274 ἐστι
3510 4221 3650 4274 κατά
3671 4221 3768 4275 τοῦ

2192 4313 2427 4385 πτωχοῦ·
2464 4314 2584 4367 ἐπεὶ
2613 4314 2837 4379 λύτρον
2866 4310 3074 4380 ψυχῆς
3105 4307 3324 4377 ἀνδρὸς
3353 4312 3385 4363 ὀ
3414 4308 3563 4374 ίδιος
3584 4310 3772 4363 πλοῦ-

2193 4423 2310 4471 τος·
2339 4406 2574 4476 πτωχὸς
2594 4405 2662 4460 δὲ
2690 4408 2802 4475 οὐχ
2821 4405 3433 4475 ὐφίσταταιάπειλήν.
3460 4406 3636 4458 Καλὸν
3670 4403 3771 4475 μὲν

2192 4494 2284 4551 οὖν
2304 4497 2377 4569 μὴ
2409 4497 2552 4568 ἔχειν
2576 4499 2847 4570 ῥομφαίαν
2871 4496 3423 4569 ἁμαρτίας-δεύτερον
3454 4496 3531 4559 δὲ,
3558 4497 3770 4566 ἔχοντα,

2196 4590 2271 4661 μὴ
2322 4590 2561 4644 σπᾶσθαι
2614 4591 2803 4661 αὐτὴν,
2842 4589 2979 4645 ἀλλὰ
3019 4591 3192 4642 ποιεῖν
3238 4588 3407 4659 αὐτὴν
3452 4587 3767 4659 ἡσυχάζειν.

2207 4680 2472 4752 Ἀργοῦσα
2501 4682 2639 4754 γὰρ’,
2692 4684 2753 4735 ού
2812 4683 2970 4753 μόνον
3017 4680 3208 4745 ίοῦται,
3245 4680 3365 4734 οὐδὲ
3416 4679 3769 4750 ἀμϐλύνεται,

2193 4769 2329 4824 ἀλλά
2358 4770 2542 4824 τέλεον
2574 4770 2975 4840 ὲξαφανίζεται.
3004 4772 3114 4824 Καὶ
3140 4772 3201 4824 ού
3226 4770 3415 4842 χρείαν
3446 4771 3640 4841 ἔχομεν
3667 4789 3772 4823 πυ-

2197 4860 2309 4933 ρὸς,
2332 4860 2465 4913 ὅπου
2481 4861 2711 4915 ἑκάστου
2728 4861 2791 4913 τὸ
2816 4861 2977 4934 ἔργον
2995 4862 3369 4932 δοκιμάζεται·
3397 4861 3427 4914 δ
3443 4861 3650 4933 Πέτρου
3670 4862 3771 4932 μὲν

2192 4955 2290 5026 οὐχ
2306 4953 2557 5020 ἅπτεται,
2571 4953 2683 5009 ἀλλ’
2699 4954 2906 5020 ἀκούει,
2924 4954 3051 5008 Κᾶν
3061 4953 3268 5021 διέλθῃ
3281 4952 3377 5007 διὰ
3386 4952 3595 5022 πηλὸς,
3612 4953 3722 5021 φλέ
3734 4955 3771 5018 ξ

2193 5049 2265 5101 οὐ
2277 5048 2637 5102 κατακαύσει
2649 5062 2743 5101 σε·
2762 5045 3103 5119 ἁμαρτωλῶν
3120 5046 3175 5099 δὲ
3193 5046 3423 5100 ἁπτεται
3442 5048 3474 5117 ὴ
3494 5046 3655 5117 λίμνη
3674 5045 3768 5098 τοῦ

2194 5137 2518 5210 πυρὸςμῦςὴ
2547 5137 2781 5211 Ἐρυθρὰ
2798 5137 3130 5207 Αἰγυπτίων,
3155 5138 3214 5189 ού
3239 5137 3454 5208 μήνκαὶ
3482 5136 3765 5207 Ἐϐραίων.

2197 5229 2403 5301 Ὠσπερ
2429 5231 2611 5301 μέντοι
2644 5233 2672 5285 ό
2698 5229 2885 5302 Σωτὴρ
2914 5228 3063 5298 βέλος
3096 5229 3368 5293 ἐκλεκτὸν,
3409 5229 3501 5282 καὶ
3534 5228 3770 5294 ἀνάλογα

2194 5321 2272 5394 τῷ
2306 5322 2519 5394 Σωτῆρι
2547 5322 2675 5393 βέλη
2699 5321 2792 5375 τοῦ
2821 5320 2958 5374 Θεοῦ
2984 5323 3036 5374 oi
3082 5320 3227 5388 ἁγιοι
3263 5319 3655 5391 τιτρώσκοντες
3681 5318 3770 5388 βέ-

2193 5416 2272 5469 λει
2298 5415 2559 5487 ἐκλεκτῷ,
2589 5417 2675 5469 ἵνα
2697 5417 2726 5469 ὁ
2759 5415 3100 5488 τετρωμένος
3135 5414 3278 5482 λέγω
3296 5431 3310 5444 ·
3345 5412 3688 5481 Τετρωμένη
3712 5412 3773 5466 d-

2190 5511 2388 5580 τάπης
2412 5509 2526 5580 ἐγώ
2550 5527 2563 5539 ·
2596 5508 2769 5571 οὕτως
2796 5509 2825 5561 ὁ
2870 5506 3235 5577 Ἀντίχριστος
3264 5503 3418 5575 βέλος
3452 5501 3547 5555 τοῦ
3604 5516 3772 5570 πονηα

2195 5602 2308 5674 ροῦ.
2341 5602 2451 5657 Καὶ
2478 5602 2677 5665 πάντες
2709 5602 2756 5653 οί
2787 5598 3102 5671 ἁμαρτωλοὶ
3127 5597 3255 5668 βέλη
3278 5595 3373 5651 τοῦ
3399 5587 3769 5658 διαϐόλου,οἷς

579 5760 623 5793 ⁷⁸
656 5759 815 5820 Prov.
853 5780 971 5835 xm,
1004 5764 1055 5823 8.
1130 5768 1177 5800 "
1199 5764 1328 5826 lsai.
1357 5783 1511 5839 sunt,
1545 5769 1598 5824 2.
1681 5769 1722 5799 ⁷⁷
1754 5767 1908 5825 Cant.
1945 5783 2003 5836 tl,
2034 5768 2104 5839 5;
2138 5786 2189 5839 ν,
2222 5766 2274 5820 8-
