4186 6388
321 377 424 433 129

1523 368 1894 428 EXCERPTA
1931 367 2000 424 ΙΝ
2033 367 2372 424 PSALMOS.

3479 372 3586 426 i511

321 495 464 549 κατά
517 493 626 546 τῶν
696 493 920 548 δικαίων
973 494 1187 564 χρᾶται.
1225 492 1330 546 Ἴδε
1387 491 1639 558 γυναῖκα,
1681 487 1774 540 καὶ
1817 487 1900 536 ἐπ.

2013 483 2233 548 diaboli,
2266 483 2461 551 quibus
2493 483 2668 538 utitur
2696 484 2961 538 adversus
2993 484 3188 554 justos.
3227 485 3358 540 Vide
3393 490 3585 542 mulie-

320 583 644 638 εϐούλευσάν
695 600 796 636 σοι.
827 583 888 636 Εἰ
913 582 987 653 μὴ
1015 583 1166 652 βέλος
1193 581 1308 636 ἐστὶ
1330 576 1743 648 πεπυρωμένον,
1785 575 1897 645 πῦρ

319 677 520 748 ἔχουσα
549 679 606 730 ὲν
635 676 882 746 στόματι,
919 675 1005 729 ἵνα
1031 675 1240 747 λαλήσῃ
1274 675 1366 728 καὶ
1399 671 1578 742 καύσῃ
1607 687 1688 730 σε,
1715 671 1772 720 ὲν
1794 685 1898 737 χει-

323 769 396 840 ρὶ,
429 770 488 822 ἐν
522 768 628 838 ὅλῳ
653 767 730 839 τῷ
762 766 994 838 σώματι,
1031 769 1088 820 ἐν
1127 767 1223 836 ὅλῃ
1253 768 1319 837 τῇ
1347 765 1527 836 ψυχῇς
1567 763 1676 816 Καὶ
1709 759 1900 829 ὥσπερ

318 860 348 914 ὁ
403 858 536 924 Θεὸς
586 859 786 926 τίθησι
829 857 1010 922 τόξον
1056 857 1128 910 ἐν
1163 855 1238 924 τῇ
1291 854 1540 924 νεφέλῃ,
1585 853 1670 906 ἵνα
1713 850 1900 921 παύσῃ

320 955 586 1025 χειμῶνα,
614 954 710 1008 καὶ
737 953 810 1025 μὴ
835 953 1050 1024 γίνηται
1095 951 1504 1022 κατακλυσμός·
1561 949 1722 1016 οὕτω,
1755 946 1900 1002 κατὰ

319 1045 383 1098 τὸ
406 1045 798 1115 ἀντικείμενον,
829 1047 854 1097 ὁ
880 1043 1111 1114 πονηρὸς
1139 1043 1518 1114 χρᾶταντόξῳ,
1578 1041 1662 1094 ἵνα
1717 1041 1900 1110 παύσῃ

321 1135 560 1208 γαλήνην
587 1136 696 1188 ἀπὸ
723 1135 924 1204 ψυχῆς,
951 1134 1044 1188 καὶ
1097 1135 1316 1205 εἰρήνην
1357 1133 1544 1206 σϐέσῃ,
1604 1131 1698 1184 καὶ
1743 1131 1900 1183 πόλε-

329 1246 427 1302 μον
445 1228 657 1300 ἐγείρῃ,
693 1226 787 1278 καὶ
813 1224 1056 1295 χειμῶνα
1087 1223 1306 1296 ποιήσῃ.
1335 1223 1556 1293 Μήποτε
1579 1221 1634 1274 δὲ
1661 1224 1715 1274 οἱ
1750 1237 1899 1273 πτω-

325 1321 420 1390 χοὶ
455 1319 552 1372 καὶ
581 1317 836 1385 πένητες
866 1315 1083 1384 ἀδελφοί
1103 1319 1206 1368 εἱσι
1231 1314 1350 1368 τῶν
1388 1314 1611 1368 εὐθέων
1647 1313 1720 1382 τῇ
1763 1329 1902 1380 καρ-

323 1413 422 1479 δίᾳ
447 1453 462 1476 ,
497 1414 550 1464 οἱ
584 1408 803 1478 πτωχοὶ
837 1407 918 1473 τῷ
948 1409 1256 1477 πνεύματι,
1293 1406 1386 1470 οὓς
1408 1405 1626 1478 ζητοῦσι
1653 1403 1896 1460 καταϐα-

321 1505 433 1558 λεῖν
462 1507 509 1556 οἱ
535 1502 805 1572 δαίμονες.
845 1499 970 1552 Ἐὰν
1001 1501 1116 1572 ἴδῃς
1147 1499 1644 1569 σκανδαλιζόμενον,
1676 1497 1770 1551 καὶ
1798 1497 1901 1550 ὑπὸ

321 1597 423 1668 τῆς
443 1595 716 1667 ἁμαρτίας
751 1593 1178 1666 κεκρατημένον,
1209 1591 1394 1662 βλέπε,
1418 1593 1500 1645 ὅτι
1529 1585 1682 1654 οὗτος
1731 1591 1901 1660 ἔσφα-

323 1705 468 1750 κται,
505 1687 599 1740 καὶ
627 1685 685 1738 τὸ
709 1677 848 1755 αἷμα
882 1681 1045 1736 αὐτοῦ
1092 1684 1195 1752 ρεῖ,
1232 1681 1260 1734 ὃ
1309 1681 1528 1754 ἐκζητεῖ
1567 1682 1718 1744 Θεός.
1764 1683 1898 1734 Ἀπ-

324 1779 497 1832 ὠλετο
529 1777 636 1848 γὰρ
667 1779 699 1846 ἡ
727 1773 928 1845 ζωτικὴ
945 1773 1171 1844 δύναμις
1203 1773 1392 1826 αὐτοῦ⁸
1422 1773 1650 1842 ἐκζητεῖ
1683 1775 1739 1826 δὲ
1773 1773 1903 1828 αὐτὸ

2005 590 2140 639 rem,
2193 583 2247 628 et
2275 575 2516 628 insidiati
2545 584 2668 630 sunt
2699 575 2817 630 tibi.
2865 577 2948 632 Au
2985 592 3096 630 non
3133 579 3295 630 telum
3325 587 3408 632 est
3444 580 3584 646 igni-

2001 677 2142 732 tum,
2175 667 2354 738 ignem
2407 667 2618 724 habens
2665 669 2719 722 in
2775 683 2894 733 ore,
2926 677 2984 722 ut
3013 668 3270 738 loquatur
3303 679 3356 724 et
3387 681 3583 726 exurat

2003 769 2078 820 te,
2110 759 2162 812 in
2191 773 2374 824 manu,
2403 759 2452 812 in
2485 769 2596 816 tuto
2623 775 2876 828 corpore,
2915 760 2968 812 iu
2997 769 3108 814 tela
3149 761 3369 816 anima?
3397 761 3462 816 Et
3483 762 3584 814 sic-

1997 861 2056 906 ut
2122 850 2265 904 Deus
2293 851 2438 920 ponit
2463 867 2646 904 arcum
2675 853 2728 904 in
2756 853 2895 906 nube
2910 853 3102 921 ",quo
3123 864 3436 920 compescat
3455 869 3577 922 pro-

2001 941 2213 1005 cellam,
2247 957 2345 996 nec
2373 943 2464 996 ﬁat
2489 941 2753 996 diluvium
2783 965 2794 998 :
2828 945 2902 998 ita
2959 959 3026 998 ex
3077 944 3378 1008 contrario,
3421 945 3578 998 mali-

2000 1047 2138 1100 gnus
2171 1031 2342 1086 utitur
2375 1047 2532 1096 arcu,
2565 1045 2622 1086 ut
2651 1049 2867 1088 cessare
2911 1034 3076 1088 faciat
3117 1035 3470 1089 serenitatem
3507 1036 3578 1091 ab

2000 1123 2203 1188 anima,
2233 1133 2286 1177 et
2321 1139 2505 1192 pacem
2526 1125 2858 1196 exstinguat,
2885 1125 3080 1180 bellum
3111 1126 3329 1190 excitet,
3357 1136 3410 1180 et
3443 1137 3580 1180 tem-

1999 1223 2264 1279 pestatem
2301 1213 2518 1270 elﬁciat.
2571 1214 2732 1270 Forte
2765 1225 2946 1270 autem
2979 1233 3236 1284 paupere:
3279 1225 3328 1269 et
3371 1217 3564 1286 egeni,

2000 1313 2127 1358 sunt
2163 1305 2359 1360 fratres
2382 1315 2648 1358 rectorum
2683 1308 2862 1370 corde,
2892 1323 3146 1374 pauperes
3192 1307 3407 1374 spiritu,
3440 1319 3578 1375 quos

2000 1405 2252 1462 qumrunt
2281 1393 2566 1462 proﬂigare
2597 1395 2888 1448 dazntones.
2911 1395 2967 1450 Si
2999 1411 3158 1466 quem
3190 1397 3391 1450 videris
3417 1411 3578 1450 scau-

2001 1484 2296 1538 dalizatum
2329 1495 2384 1540 et
2417 1495 2646 1555 peccato
2673 1487 2967 1540 olmoxium
2999 1528 3014 1550 ,
3069 1487 3290 1540 attende
3343 1488 3467 1556 quia
3528 1489 3576 1541 is

1995 1575 2276 1645 jngnlatus
2295 1585 2403 1641 est,
2427 1587 2482 1632 et
2511 1579 2730 1648 sanguis
2759 1577 2876 1646 ejus
2899 1577 3037 1643 fluit,
3066 1587 3120 1632 et
3145 1578 3372 1646 requirit
3405 1576 3570 1631 Deus.

2002 1665 2213 1722 luteriit
2246 1669 2390 1722 enim
2438 1670 2622 1724 vitalis
2657 1669 2887 1724 facultas
2915 1669 3034 1736 ejus
3063 1689 3080 1724 :
3115 1671 3337 1740 requirit
3392 1679 3576 1722 autem

2005 1757 2155 1811 illum
2189 1759 2328 1813 Deus
2385 1777 2416 1813 a
2451 1760 2620 1828 fratre
2653 1775 2700 1814 et
2732 1762 2896 1814 bestia
2926 1763 3008 1826 ἐς
3040 1778 3068 1814 a
3111 1761 3270 1816 fidele
3301 1761 3578 1815 scandali-

323 1870 440 1924 ἀπὸ
474 1869 739 1937 ἀδελφοῦ
773 1869 870 1920 καὶ
913 1863 1028 1919 ἀπὸ
1063 1865 1270 1933 θηρίου
1295 1881 1308 1895 ·
1347 1865 1454 1918 ἀπὸ
1500 1865 1693 1918 πιστοῦ
1737 1882 1898 1919 σκαν-

2003 1861 2162 1906 zante
2195 1853 2471 1923 videlicet,
2497 1863 2552 1910 et
2581 1855 2649 1910 ab
2679 1855 2855 1910 alieno
2887 1871 2916 1910 a
2953 1855 3077 1918 fide,
3111 1864 3165 1909 et
3203 1869 3414 1908 amanu
3453 1869 3572 1922 spe-

324 1959 648 2026 δαλίξοντος,
677 1960 770 2013 καὶ
791 1957 899 2011 ἀπὸ
923 1957 1202 2028 ἀλλοτρίου
1233 1957 1335 2028 τῆς
1357 1957 1615 2021 πίστεως,
1649 1957 1742 2010 καὶ
1780 1956 1897 2012 ἀπὸ

325 2052 433 2122 τῆς
457 2051 654 2122 χειρός
679 2051 784 2104 τοῦ
815 2047 1066 2104 σκοποῦ.

399 2139 510 2210 (72)
559 2137 715 2192 Ἀλλὰ
741 2137 910 2191 ταῦτα
945 2137 1040 2208 μὲν
1068 2137 1195 2200 ἴσως
1227 2135 1639 2208 περιεργότερον
1665 2135 1895 2206 εἴρηται.

337 2231 395 2284 '0
431 2231 614 2302 μέντοι
649 2229 866 2300 ψάλλων
881 2227 1237 2282 διαλευκαίνει
1260 2227 1366 2280 πᾶν
1395 2227 1458 2279 τὸ
1487 2227 1586 2298 ήδη
1617 2227 1798 2298 ῥηθὲν,
1818 2225 1894 2280 τό·

327 2321 610 2376 Κατανοεῖ
640 2325 672 2375 ό
703 2322 1047 2390 ἁμαρτωλός
1073 2321 1178 2374 τὸν
1227 2319 1478 2384 δίκαιον,
1517 2319 1678 2392 φημί.
1717 2319 1900 2374 Καθά-

327 2431 432 2484 περ
467 2413 574 2484 γὰρ
605 2413 662 2465 ὲν
698 2411 884 2464 πίνακι
909 2411 1094 2482 σαφῶς
1150 2409 1422 2482 μηνιῶντα
1472 2409 1772 2482 ζωγραφεῖ,
1807 2412 1899 2464 καὶ

327 2503 803 2574 παραταττόμενον
836 2503 1094 2574 εἰσφέρει,
1128 2503 1221 2554 καὶ
1244 2500 1488 2570 φονῶντα
1507 2499 1760 2564 δεικνύει,
1809 2502 1900 2554 καὶ

327 2595 742 2666 ἀπογυμνοῦντα
763 2593 824 2647 τὸ
857 2594 1028 2664 ξίφος,
1061 2595 1154 2648 καλ⁴
1177 2593 1274 2664 ἤδη
1305 2591 1592 2656 τοξεύοντα
1612 2632 1627 2656 ,
1671 2593 1762 2646 καὶ
1799 2593 1896 2665 τὴν

327 2687 539 2741 ἀδικίαν
573 2685 736 2740 αὑτοῦ
767 2685 1085 2756 καθίστησιν
1140 2685 1366 2757 ἐναργῆ.
1412 2685 1611 2738 Σκοποὶ
1667 2684 1774 2756 γὰρ
1820 2682 1898 2754 τῷ

328 2778 634 2850 ἁμαρτωλῷ
668 2777 765 2848 οὐχ
793 2779 890 2832 ἕνα
937 2777 1056 2830 τινὰ
1087 2777 1196 2830 τῶν
1245 2777 1618 2846 ἀδικησάντων
1663 2775 1830 2846 αὐτῷ,
1863 2776 1895 2848 ἢ

327 2871 470 2924 κατά
488 2888 539 2924 τι
565 2869 1097 2942 προσκεκρουκότων,
1128 2869 1221 2922 καὶ
1248 2867 1548 2940 προφάσεις
1574 2867 1650 2938 τῷ
1677 2867 1898 2938 πολέμῳ

325 2961 632 3016 δεδωκότων
656 2961 908 3030 εὐλόγους
937 2959 1272 3032 ἀμύνεσθαι·
1327 2960 1441 3013 ἀλλ’
1481 2961 1566 3013 ἵνα
1618 2961 1900 3034 καταϐάλῃ

327 3054 560 3124 πτωχὸν,
590 3053 833 3108 τουτέστι
866 3054 956 3112 τὸν
1001 3054 1214 3124 ὲπιεικῆ
1252 3052 1344 3106 καὶ
1392 3054 1772 3126 μετριόφρονα,
1807 3056 1898 3110 καὶ

325 3147 575 3202 ταπεινὸν
601 3149 667 3218 τῇ
701 3145 896 3218 καρδία
921 3185 934 3210 ,
957 3145 1015 3200 ὃν
1036 3146 1128 3199 καὶ
1151 3147 1178 3199 ὸ
1203 3145 1393 3216 Σωτὴρ
1441 3145 1654 3216 πτωχὸν
1683 3147 1783 3216 ἔφη
1820 3145 1897 3218 τῷ

327 3237 617 3308 πνεύματι,
647 3238 740 3290 καὶ
763 3237 862 3310 τῆς
893 3236 999 3292 τῶν
1025 3237 1268 3308 οὐρανῶν
1291 3237 1564 3310 βασιλείας
1583 3238 1729 3306 ἄξιον
1761 3233 1898 3292 εἷναί
1927 3233 1970 3254 “¹

327 3343 480 3398 φησι.
517 3327 612 3392 Τίς
633 3323 744 3382 ὀὖν
779 3331 890 3392 τοῖς
913 3329 1256 3400 ἁμαρτωλοῖς
1287 3329 1444 3398 λόγος
1473 3329 1610 3402 πρὸς
1636 3329 1764 3394 τοὺς
1811 3331 1900 3383 εὐ-

325 3416 440 3482 θεῖς
465 3421 530 3490 τῇ
558 3419 774 3490 καρδίᾳ,
825 3421 919 3474 καὶ
979 3423 1104 3486 τοὺς
1161 3423 1408 3492 πτωχοὺς
1465 3421 1541 3493 τῷ
1590 3422 1895 3492 πνεύματις

326 3509 606 3572 παντελῶς
643 3511 838 3574 οὐδείς.
879 3511 1200 3582 Ἦδικήκασι
1221 3514 1329 3584 γὰρ
1353 3513 1591 3575 ἐκείνους
1621 3513 1774 3568 οὐδὲν
1799 3513 1900 3577 τὰς

327 3598 535 3651 ἑαυτῶν
573 3598 724 3663 ὁδοὺς
769 3601 1168 3666 ἀπευθύνοντας
1195 3605 1274 3666 εἰς
1297 3603 1660 3675 δικαιοσύνην.
1709 3607 1900 3678 ’Δκονᾷ

325 3690 406 3752 δὲ,
433 3688 606 3761 οἶμαι,
643 3693 762 3745 κατ’
793 3693 970 3746 αὐτῶν
1003 3695 1128 3758 τοὺς
1181 3697 1621 3768 ὠνομασμένους,
1676 3698 1900 3770 μάταιός

327 3797 412 3844 τις
436 3781 641 3858 ἁπλῶς,
673 3783 766 3836 καὶ
799 3784 898 3836 οὐκ
927 3785 1234 3856 εὑὰφορμος
1267 3787 1478 3857 φθόνος,
1505 3791 1570 3844 ὲκ
1591 3789 1902 3861 διαϐολικῆς

331 3874 648 3946 σκαιότητος
676 3876 1084 3948 ἐκκεκαυμένος
1105 3880 1164 3932 ὲν
1202 3879 1406 3944 αὐτοῖς.

325 4055 494 4144 Sail.“
515 4063 593 4144 ιε’Ϊ
623 4056 1212 4144 "Hjojtgpa‘la‘abrgbr
1236 4060 1496 4144 εζσέλθοι
1517 4063 1606 4127 εὶς
1627 4061 1734 4144 adhc
1756 4078 1902 4144 ¹καρ-

397 4127 530 4192 δίας
569 4127 794 4181 αὐτῶν·
823 4129 923 4182 καὶ
949 4129 1020 4184 τὰ
1049 4131 1194 4194 τόξα
1225 4130 1422 4186 αὐτῶν
1463 4127 1826 4200 συντριϐείη.

399 4219 608 4292 Ὥσπερ
635 4219 690 4273 δὲ
715 4222 746 4292 ή
773 4222 960 4294 εἰρήνη
995 4223 1087 4276 τοῦ
1107 4223 1316 4278 δικαίου
1347 4226 1427 4287 εἰς
1454 4225 1616 4278 αὐτὸν
1652 4225 1901 4296 ἀνακάμ-

328 4328 479 4364 πτει·
528 4309 700 4376 οὕτως
747 4314 780 4383 ή
834 4314 1076 4384 ῥομφαία
1126 4315 1219 4369 τοῦ
1275 4315 1504 4380 ἀσεϐοῦς
1543 4315 1772 4370 εἰσέλθοι
1821 4319 1901 4382 εἰς

329 4401 555 4474 καρδίαν
597 4402 798 4468 αὑτοῦ,
840 4403 936 4456 ἐὰν
988 4409 1128 4478 τηρῇ
1183 4406 1372 4459 ἑαυτὸν
1415 4407 1444 4458 ὁ
1480 4405 1641 4470 εὐθὺς
1668 4409 1734 4478 τῇ
1770 4425 1904 4479 καρ-

325 4491 432 4546 δία.

2001 1943 2254 1998 αιιαιοτίε
2281 1945 2349 1998 ⁸⁸.

2069 2145 2135 2200 Ει
2172 2146 2286 2200 haec
2312 2143 2528 2214 quidem
2557 2143 2794 2196 fortasse
2825 2143 3042 2196 curiose
3078 2143 3240 2198 nimis
3286 2144 3429 2200 dicta
3455 2143 3571 2200 fue-

2001 2235 2128 2290 rint.
2165 2235 2448 2290 l’saltnista
2479 2247 2610 2288 vero
2665 2233 2900 2286 illustrat
2929 2233 3192 2300 quidquid
3219 2233 3330 2302 jam
3367 2233 3570 2288 dictum

1999 2337 2102 2392 est,
2139 2327 2389 2382 videlicet
2422 2343 2435 2380 :
2467 2325 2779 2380 Considerat
2805 2337 3049 2392 peccator
3091 2323 3302 2393 justum
3329 2323 3396 2378 ⁸¹.
3431 2323 3575 2380 Tan-

1999 2435 2158 2489 quam
2191 2421 2336 2474 enim
2363 2419 2416 2474 in
2455 2417 2632 2472 tabula
2658 2415 2806 2472 clare
2833 2415 3155 2470 irascentem
3185 2417 3450 2487 depingit,
3488 2418 3574 2472 in-

2000 2510 2262 2580 ducitque
2290 2509 2442 2578 quasi
2475 2507 2530 2562 iu
2563 2507 2680 2562 acie
2708 2507 3080 2570 constitutum,
3115 2513 3172 2558 et
3201 2511 3374 2560 caedes
3411 2507 3576 2582 mini-

2001 2611 2203 2656 tantem
2235 2600 2493 2666 ostendit,
2525 2597 2820 2652 nudantem
2845 2595 3008 2650 etiam
3037 2595 3298 2664 gladium,
3327 2595 3574 2665 jamjam-

1999 2711 2105 2768 que
2151 2695 2379 2766 sagittas
2417 2707 2546 2746 arcu
2597 2687 2986 2758 eiaculantem,
3012 2699 3066 2741 ct
3096 2687 3429 2757 iniustitiam
3457 2691 3578 2762 ejus

1999 2787 2304 2842 evidentem
2325 2785 2520 2840 reddit.
2541 2781 2756 2850 Scopus
2781 2781 2922 2833 enim
2947 2781 3216 2848 peccaturi
3245 2783 3573 2850 propositus,

1999 2891 2080 2936 est
2113 2894 2216 2933 non
2249 2891 2412 2932 unum
2439 2877 2744 2948 quempiam
2776 2887 2962 2926 eorum
2994 2873 3082 2940 qui
3119 2871 3312 2941 injuria
3339 2891 3462 2929 eum
3495 2875 3577 2928 af-

2001 2973 2250 3036 fecerint,
2277 2969 2360 3024 vel
2388 2983 2454 3024 ex
2484 2978 2640 3038 parte
2666 2969 3012 3036 oﬂenderinl,
3043 2981 3097 3024 et
3123 2968 3400 3036 speciosos
3437 2981 3576 3038 pra:-

2003 3069 2182 3122 te'xtus
2216 3062 2358 3118 bello
2409 3062 2687 3126 dederint,
2721 3063 2950 3118 ulcisci:
3007 3076 3198 3116 verum
3242 3059 3423 3113 studet
3448 3074 3574 3128 pro-

2001 3165 2242 3210 sternere
2271 3165 2582 3222 pauperem,
2613 3149 2665 3204 id
2689 3161 2772 3204 est.
2795 3151 3068 3205 hominem
3111 3157 3477 3212 mansuetum,
3517 3155 3574 3200 et

2000 3241 2182 3296 sobrie
2213 3239 2545 3310 sapientem,
2585 3253 2651 3293 ac
2685 3239 2938 3292 humilem
2971 3237 3169 3291 corde:
3220 3251 3378 3304 quem
3409 3233 3576 3288 etiam

2004 3327 2252 3382 Salvator
2283 3339 2572 3396 pauperem
2619 3325 2757 3380 dixit
2786 3327 2978 3395 spiritu
3004 3365 3019 3390 ,
3073 3334 3129 3380 et
3163 3325 3387 3394 dignum
3422 3337 3576 3378 asse-

2003 3421 2110 3474 ruit
2139 3433 2304 3490 regno
2334 3419 2617 3474 caelorum.
2651 3419 2824 3486 Quam
2875 3420 3040 3488 igitur
3067 3419 3333 3473 rationem
3373 3418 3578 3472 habent

2001 3523 2313 3582 peccatores
2345 3513 2631 3564 adversum
2662 3519 2843 3564 rectos
2871 3511 3038 3564 corde
3070 3518 3126 3563 et
3173 3522 3440 3578 pauperes
3461 3507 3580 3578 spi-

2001 3605 2148 3658 ritu?
2174 3603 2386 3658 Nullam
2414 3605 2656 3658 omnino.
2687 3601 3007 3658 Nullalenus
3037 3601 3180 3658 enim
3215 3601 3478 3656 laeserunt
3509 3599 3576 3653 il-

2001 3695 2101 3760 los,
2139 3696 2256 3752 vias
2277 3709 2406 3752 suas
2431 3697 2498 3752 ad
2531 3695 2803 3764 justitiam
2838 3695 3142 3767 dirigendo.
3163 3693 3389 3748 Exacuit
3409 3705 3578 3762 porro

2002 3796 2192 3841 contra
2221 3801 2316 3841 eos
2338 3801 2475 3840 vana
2517 3785 2764 3855 quaedam
2801 3787 3022 3840 omnino
3047 3825 3063 3850 ,
3116 3799 3216 3840 nec
3267 3781 3576 3853 probabilis

2003 3877 2206 3931 invidia
2235 3877 2474 3933 famosos
2505 3877 2672 3933 hosce
2697 3878 2966 3942 homines,
2995 3892 3062 3932 ex
3092 3875 3358 3931 diabolica
3395 3872 3576 3944 pravi-

2003 3977 2112 4022 tate
2139 3970 2192 4022 in
2221 3970 2354 4038 ipsis
2385 3983 2676 4026 succensa.

2008 4061 2066 4116 ν.
2100 4061 2180 4117 15.
2206 4059 2428 4116 Gladius
2464 4079 2648 4117 eorum
2687 4061 3022 4132 ingrediatur
3068 4062 3122 4114 in
3152 4060 3315 4114 corda
3347 4073 3526 4114 eorum
3553 4095 3574 4126 ,

2351 4141 2400 4186 et
2444 4150 2599 4188 arcus
2644 4149 2821 4186 eorum
2853 4141 3220 4184 conterantur.

2075 4220 2225 4278 Sicut
2248 4222 2384 4292 justi
2422 4240 2526 4294 pax
2569 4225 2624 4280 in
2659 4223 2808 4277 illum
2845 4222 2986 4276 redit
3009 4261 3024 4284 ,
3079 4221 3152 4274 ita
3180 4221 3394 4288 gladius
3423 4219 3574 4290 impii

2003 4313 2337 4382 ingrediatur
2365 4315 2418 4370 in
2444 4329 2538 4370 cor
2560 4315 2768 4385 ejus,si
2797 4315 3056 4370 observet
3083 4327 3228 4378 sese,
3261 4311 3356 4382 qui
3383 4321 3574 4368 rectus

2001 4414 2086 4460 est
2115 4405 2302 4462 corde.

327 4551 476 4654 Στίχ.
515 4591 610 4650 ις’.
638 4583 936 4660 Κρεῖσσον
960 4585 1269 4660 ὀλίγον-τῷ
1289 4587 1494 4656 δικαίῳ
1522 4589 1673 4660 ὑπὲρ
1705 4589 1894 4644 πλοῦ⁵

2039 4587 2102 4641 V.
2157 4587 2244 4642 16.
2305 4585 2501 4642 Helius
2557 4595 2634 4640 est
2686 4583 3138 4660 modicunrjusto
3182 4595 3292 4648 pra:
3341 4577 3536 4633 divitiis

729 4672 837 4708 τον
865 4655 1226 4724 ἁμαρτωλῶν
1273 4655 1487 4714 πολύν.

401 4749 552 4818 Ἔχει
589 4746 688 4817 μὲν
730 4741 823 4798 οὖν
855 4748 888 4817 ή
942 4746 1086 4813 λέξις
1130 4747 1352 4802 αὐτόθεν
1382 4749 1656 4822 ὠφέλιμόν
1691 4767 1742 4803 τι
1791 4751 1902 4814 τοῖς

327 4841 733 4912 ἀκεραιοτέροις
756 4857 769 4870 ·
805 4841 918 4912 ἔχει
945 4841 1002 4893 δέ
1027 4859 1078 4894 τι
1119 4843 1214 4895 καὶ
1253 4844 1648 4914 κεκρυμμένως
1679 4845 1902 4916 εἰρημέ-

326 4950 416 4986 νον
441 4935 554 4993 τοῖς
591 4931 884 5006 βαθύτερον
927 4932 1144 4986 ἀκούειν
1197 4934 1295 5004 τῆς
1342 4935 1565 5006 Γραφῆς
1604 4937 1902 5008 ἐπισταμέ-

325 5039 455 5088 νοις.
483 5023 555 5076 Τὸ
601 5019 693 5077 οὖν
728 5023 1096 5096 ἁπλούστερον
1150 5024 1388 5077 τοιοῦτόν
1447 5026 1590 5077 ἐστι·
1647 5025 1898 5098 Βιοπορι-

327 5116 513 5170 στοῢσι
543 5115 737 5170 δίκαιοι
761 5115 854 5167 καὶ
877 5115 1070 5170 ἄδικοι.
1119 5115 1256 5168 Ἀλλ’
1290 5117 1338 5169 οἱ
1376 5115 1475 5186 μὲν
1516 5115 1768 5170 τοσοῦτον
1803 5115 1898 5188 ζη-

323 5209 476 5261 τοῦσι
505 5207 565 5260 τὸ
589 5205 688 5275 τῆς
711 5204 916 5276 χρείας,
943 5205 1065 5258 ὅσον
1093 5205 1154 5258 τὸ
1179 5207 1277 5276 τῆς
1299 5204 1671 5278 διδιι..οοσύνης⁸
1725 5207 1818 5261 καὶ
1856 5207 1890 5278 ἢ

323 5301 385 5353 ού
423 5297 750 5369 πορίζουσιν,
791 5295 976 5366 ἢάνευ
1003 5295 1234 5360 ἀδικίας,
1269 5294 1606 5368 χρωννύντες
1643 5294 1704 5348 τὸ
1743 5311 1898 5366 πορι-

323 5392 548 5464 ζόμενον
583 5391 648 5462 τῇ
677 5389 1005 5460 δικαιοσύνῃ.
1034 5388 1169 5442 Οίδὲ
1189 5387 1326 5451 ὅλως
1355 5389 1668 5443 νενεύκασιν
1693 5388 1784 5440 ἐπὶ
1805 5389 1896 5441 τὸν

323 5483 612 5554 πορισμὸν,
659 5483 806 5546 ὅπως
852 5479 1022 5534 πολλὰ
1049 5481 1344 5552 κτήσωσιν,
1395 5481 1457 5534 οὐ
1517 5479 1806 5551 ζητοῦντες
1847 5483 1896 5534 εἰ

321 5575 502 5639 καλῶς
534 5575 840 5647 κτήσονται.
873 5571 976 5626 Δύο
1011 5567 1104 5626 οὖν
1125 5573 1520 5643 προκειμένων,
1571 5574 1662 5627 τοῦ
1689 5591 1750 5627 τε
1782 5573 1894 5628 ὀλί-

395 5716 442 5747 ⁷⁸
467 5715 602 5770 Gen.
641 5731 720 5780 Ix,
753 5715 842 5772 15.
903 5713 948 5746 ⁷⁸
992 5712 1122 5768 ibid.
1150 5710 1202 5764 5.
1253 5709 1327 5761 .“
1355 5708 1552 5766 Ezech.
1585 5725 1778 5778 xxxm,
1819 5707 1870 5763 6.

395 5828 505 5903 (τε)
538 5829 728 5901 Κύριλ.

2492 4665 2826 4724 peccatorum
2859 4653 3056 4706 multis.

2073 4751 2247 4806 Habet
2277 4749 2390 4804 haec
2416 4749 2620 4804 locutio
2646 4763 2714 4802 ex
2774 4747 2965 4799 litterae
3000 4744 3171 4812 ipsius
3219 4755 3378 4797 sensu
3430 4742 3575 4812 quod

2005 4839 2428 4910 simplicioribus
2459 4839 2719 4909 prodesse
2747 4838 2921 4908 possit
2951 4853 2968 4892 :
3010 4837 3172 4892 habet
3209 4843 3386 4887 tamen
3412 4833 3575 4886 etiam

2004 4933 2210 5002 aliquid
2244 4933 2512 4990 secretius
2553 4933 2756 4986 dictum
2777 4931 2828 4984 in
2857 4929 3088 4999 gratiam
3111 4942 3300 4981 eorum
3327 4925 3419 4994 qui
3450 4941 3576 4996 pro-

2001 5024 2224 5081 fundius
2253 5024 2556 5096 intelligere
2575 5023 2916 5092 Scripturam
2948 5021 3150 5076 sciunt.
3183 5017 3337 5085 Quod
3367 5017 3576 5088 simpli-

2001 5117 2118 5180 cius
2149 5117 2369 5184 dicitur,
2393 5116 2527 5172 illud
2560 5125 2674 5172 est:
2696 5113 3012 5169 Necessaria
3043 5113 3165 5166 vitae
3187 5121 3438 5181 quaerunt
3467 5121 3576 5164 tam

1996 5207 2132 5280 justi
2163 5225 2325 5280 quam
2353 5209 2560 5282 injusti.
2587 5209 2657 5262 At
2682 5207 2754 5260 illi
2784 5217 3012 5261 eatenus
3037 5215 3288 5274 qumrunt
3314 5219 3421 5272 quo
3441 5217 3577 5274 opus

2005 5303 2240 5370 habent,
2297 5314 2561 5372 quatenus
2593 5301 2644 5355 id
2677 5299 2889 5370 justitia
2941 5297 3171 5353 tulerit:
3227 5305 3282 5351 et
3337 5295 3424 5352 vel
3471 5311 3578 5348 non

2004 5403 2321 5462 comparant
2345 5393 2474 5458 sibi,
2505 5392 2592 5446 vel
2635 5393 2754 5446 sine
2785 5391 3054 5460 injustitia
3077 5387 3396 5458 acquirunt,
3430 5385 3578 5439 colo-

2005 5492 2193 5540 rantes
2247 5487 2391 5556 quod
2445 5483 2724 5540 lucramur
2770 5479 3003 5552 justitia:
3039 5478 3267 5549 fulgore.
3325 5475 3415 5530 Isti
3447 5487 3579 5529 vero

2005 5577 2100 5631 toti
2125 5577 2446 5633 incumbunt
2475 5577 2528 5632 in
2557 5577 2790 5642 lucrum,
2839 5581 2898 5626 ut
2929 5571 3160 5642 plurima
3211 5569 3522 5639 possideant
3557 5605 3577 5633 ,

1905 5773 1914 5778 _
1953 5707 1996 5740 ⁸³
2028 5708 2168 5766 Psal.
2201 5725 2385 5776 xxxvr,
2413 5709 2498 5765 12.
