4186 6394
574 384 673 441 151

1466 370 2035 431 SUPPLEMENTUM
2074 372 2165 427 AD
2193 370 2523 431 ORIGENIS
2555 371 2965 430 EXEGETICA.

3728 377 3832 434 132

572 515 678 556 no"
709 496 1042 570 inquirentes
1073 509 1204 551 num
1237 492 1405 566 probe
1428 492 1734 564 possessuri
1766 491 1895 546 sint.
1927 489 2145 545 Duobus

2253 507 2344 559 γου
2368 491 2656 563 λήμματος
2691 491 2831 562 μετὰ
2885 490 3236 562 δικαιοσύνης
3273 530 3288 557 ,
3349 491 3445 546 καὶ
3487 490 3583 547 τοῦ
3636 495 3833 551 πολλοῦ

572 592 737 663 igitur
766 588 1075 660 propositis,
1112 580 1324 641 modico
1355 600 1550 653 nempe
1594 583 1967 639 emolumento
2018 598 2142 636 cum

566 683 801 754 iustitia,
832 690 887 735 et
919 693 1114 749 magno
1140 692 1264 732 cum
1303 676 1608 746 injustitia:
1636 670 1824 727 Metius
1864 684 1939 727 est
1969 672 2140 725 modi-

570 789 687 826 cnm
707 773 852 842 justo
878 786 990 840 prae
1013 769 1210 822 divitiis
1242 777 1581 837 peccatorum
1602 766 1806 819 multis.
1842 763 2132 818 Videamus

571 875 751 918 autem
780 861 996 931 etquod
1025 860 1149 915 inde
1174 859 1440 915 remotius
1463 859 1767 912 derivatum
1791 865 1893 912 est.
1917 855 2148 910 Praestat

571 953 776 1009 fidelem
800 954 1021 1007 idiotam
1048 964 1188 1016 esse,
1225 965 1325 1004 nec
1352 948 1627 1003 valentem
1653 962 1716 1003 os
1741 948 2147 1017 aperire,quam

2253 584 2392 653 μετὰ
2417 583 2663 647 ἀδικίας’
2712 582 3017 652 Κρεῖσσον
3049 584 3257 654 ὀλίγον
3296 582 3377 650 τῷ
3418 583 3628 651 δικαίῳ
3679 587 3835 657 ὑπὲρ

2249 673 2519 729 πλοῦτον
2560 674 2926 743 ἁμαρτω-λῶν
2980 677 3197 730 πολύν.
3244 675 3472 747 Ἴδωμεν
3516 677 3573 730 δὲ
3629 678 3724 731 καὶ
3772 679 3835 733 τὸ

2252 767 2693 837 ἀνακεχωρηκός.
2730 767 2996 838 Κρεῖσσόν
3037 768 3152 820 ἐστι
3182 768 3372 820 πιστὸν
3414 767 3629 838 ἰδιώτην
3670 764 3832 833 εἶναι,

2254 858 2372 911 οὐδὲ
2396 857 2604 922 ἀνοῖξαι
2624 858 2686 911 τὸ
2710 858 2880 929 στόμα
2900 859 3215 929 δυνάμενον,
3237 859 3271 931 ἢ
3291 859 3538 913 πλουτεῖν
3576 860 3654 931 τῷ
3688 861 3835 932 λόγῳ

2260 949 2579 1023 προφορικῷ
2610 951 2705 1005 καὶ
2729 954 2839 1015 τοῖς
2875 951 3191 1024 μαθήμασιν
3213 954 3270 1006 ὲν
3301 952 3467 1023 κακίᾳ.
3490 952 3524 1023 ἢ
3550 952 3800 1025 ἀπιστίᾳ.

568 1050 833 1105 ditescere
858 1061 1114 1101 sermone
1144 1045 1384 1100 facundo
1410 1054 1467 1100 et
1486 1043 1796 1114 disciplinis
1835 1043 1888 1099 in
1918 1042 2137 1113 ﬂagitiis
2165 1053 2222 1100 et
2264 1047 2611 1103 inﬁdelitate.

638 1159 701 1213 ν.
734 1161 819 1215 17.
846 1158 984 1225 Quia
1010 1158 1221 1212 brachia
1264 1167 1599 1228 peccatorum
1628 1157 2025 1228 confringentnr
2053 1172 2072 1211 :

906 1230 1137 1298 sululcit
1167 1246 1286 1284 vero
1318 1231 1493 1298 iustos
1530 1228 1810 1282 Dominus.

638 1366 697 1421 Si
732 1366 918 1421 videas
964 1366 1073 1418 vim
1118 1374 1174 1419 et
1217 1361 1536 1417 facultatem
1589 1361 1740 1430 impii
1797 1360 2095 1416 contritam
2125 1399 2141 1425 ,

566 1462 699 1514 adeo
723 1469 779 1513 ut
811 1457 1176 1529 uequeatipse
1208 1470 1425 1509 manum
1461 1455 1740 1525 porrigere
1771 1455 1838 1507 ail
1870 1454 2140 1508 actiOuem

563 1552 788 1610 iniriam.
819 1549 1057 1604 contrita
1078 1547 1226 1602 enim
1260 1555 1386 1609 est;
1417 1544 1633 1600 videbis
1668 1544 1952 1613 impletum
1985 1544 2141 1608 illud,

563 1644 797 1699 Brachia
825 1652 1159 1711 peccatorum
1204 1648 1559 1692 conterentur.
1610 1637 1785 1693 Porro
1807 1637 1900 1707 qui
1954 1645 2144 1692 conte-

2249 1137 2530 1232 “8,251:
2553 1138 3832 1232 Γιζῗ,ἕφξίετεειάέιερταιιῷτξννεριξή·

2322 1224 2567 1262 vortar
2609 1209 2991 1279 ὐποστηρίζει
3036 1210 3105 1264 δὲ
3148 1209 3288 1277 τοὺς
3335 1210 3606 1277 δικαίους
3640 1209 3673 1266 ὀ
3713 1209 3832 1268 Κύ-

2316 1295 2470 1347 ριος.

2334 1369 2459 1423 Ἐὰν
2493 1370 2610 1441 ἴδῃς
2630 1369 2722 1424 τὸν
2758 1369 2908 1424 τόνον
2940 1370 3035 1425 καὶ
3053 1373 3152 1443 τὴν
3172 1371 3401 1444 δύναμιν
3432 1373 3830 1445 συντετριμμέ-

2247 1477 2347 1531 νην
2375 1460 2471 1515 τοῦ
2503 1460 2756 1525 ἀσεϐοῦς,
2795 1460 2936 1514 ὥστε
2982 1462 3056 1533 μὴ
3086 1462 3345 1516 δύνασθαι
3394 1463 3557 1516 αὑτὸν
3593 1465 3833 1518 ἐκτεῖναι

2246 1552 2347 1624 τὴν
2378 1555 2537 1624 χεῖρα
2569 1552 2661 1605 ἐπὶ
2717 1550 2914 1623 πρᾶξιν
2948 1550 3160 1622 ἀγαθὴν
3195 1552 3676 1636 ςσυντετριμμένη
3720 1553 3830 1630 γάρ

2251 1644 2403 1696 ἔστιν
2422 1642 2462 1712 ),
2498 1641 2640 1712 ὄψει,
2671 1643 2754 1716 δτι
2785 1641 3139 1713 πεπλήρωται
3166 1641 3257 1694 τό’
3286 1640 3613 1711 Βραχίονες
3641 1646 3830 1714 ἀμαρ-

567 1735 660 1798 rit,
692 1734 937 1789 diabolus
984 1740 1087 1786 est.
1136 1730 1400 1799 Equidem
1441 1728 1623 1784 omnis
1667 1729 1831 1784 homo
1892 1728 2142 1783 inﬁrmus

2253 1733 2453 1788 τωλῶν
2468 1734 2997 1801 συντριϐήσονται.
3047 1734 3105 1786 '0
3130 1733 3186 1786 δὲ
3210 1733 3531 1804 συντρίϐων,
3580 1738 3610 1788 6
3645 1735 3829 1790 διάδο-

563 1839 649 1882 est
684 1868 699 1891 ,
730 1837 783 1881 et
818 1835 1081 1896 quantum
1135 1822 1190 1877 in
1240 1836 1299 1877 se
1325 1832 1409 1876 est
1464 1823 1814 1887 succumbit,
1868 1822 2142 1889 habetque

2253 1827 2337 1891 λός
2365 1829 2500 1881 ἐστι.
2567 1827 2682 1891 Πᾶς
2747 1827 2926 1888 μέντοι
2980 1825 3265 1897 ἄνθρωπος
3316 1826 3582 1898 ἀσθενὴς,
3630 1829 3724 1882 καὶ
3768 1829 3832 1883 τδ

564 1888 701 1990 opus
730 1888 1077 1973 suﬂ‘ulciente
1108 1915 1388 1981 cadentes,
1411 1923 1505 1968 aut
1529 1914 1849 1969 restituente
1877 1913 2139 1985 deiectos.

2253 1920 2368 1972 ὅσον
2390 1918 2473 1987 ἐφ’
2503 1916 2680 1988 ἑαυτῷ
2712 1917 3067 1979 καταπίπτει,
3096 1918 3189 1969 καὶ
3233 1916 3411 1968 δέεται
3470 1916 3564 1969 τοῦ
3594 1918 3831 1990 ὑποστη-

1098 2251 1378 2306 miseretur
1422 2260 1471 2302 et
1503 2251 1615 2304 dat.

635 2346 955 2404 Sublimiori
996 2342 1451 2415 interpretatione
1481 2358 1494 2394 :
1555 2340 1783 2408 Quando
1813 2339 1972 2394 docet
2006 2336 2148 2391 Pau-

568 2443 792 2505 lus,aut
817 2440 995 2510 quivis
1026 2438 1166 2490 alius
1209 2449 1489 2489 sacrorum
1547 2432 1948 2492 institutorum,
1985 2429 2150 2481 audi-

570 2545 716 2591 tores
746 2531 1062 2587 l‘enerantnr
1094 2538 1376 2598 argentum
1415 2524 1703 2594 probatum
1744 2537 1841 2577 ore
1871 2522 2048 2576 Pauli.
2082 2519 2145 2574 Et

565 2627 743 2699 justus
775 2624 996 2694 quidem
1030 2620 1208 2674 reddit
1240 2631 1458 2682 usuras,
1485 2626 1539 2669 et
1574 2615 1708 2668 dicit
1736 2632 1749 2666 :
1782 2613 1964 2667 Mnam
1990 2614 2146 2667 dedi-

567 2719 636 2771 sti
663 2716 811 2781 mihi,
846 2728 965 2767 ecce
992 2713 1169 2765 decem
1218 2724 1369 2761 mnos
1408 2706 1508 2775 feci
1544 2705 1612 2760 ⁸⁸.
1652 2704 1897 2774 Quinque
1944 2707 2147 2758 talenta

570 2807 788 2870 dedisti,
817 2819 934 2859 ecce
958 2804 1124 2856 habeo
1154 2801 1330 2855 decem
1373 2797 1440 2853 ⁸³.
1471 2797 1739 2853 Peccator
1766 2809 1901 2850 vero
1931 2796 2145 2864 impen-

571 2899 651 2953 dit
679 2896 888 2953 omnia.
916 2893 1032 2950 Non
1064 2893 1194 2947 licet
1217 2892 1466 2947 fenerare
1494 2904 1614 2957 sua,
1647 2889 1700 2943 id
1741 2899 1825 2944 est
1852 2889 2046 2944 docere
2069 2888 2147 2941 si-

2248 2010 2488 2084 ρίζοντος
2520 2012 2650 2076 τοὺς
2677 2011 3144 2074 καταπίπτοντας,
3188 2011 3283 2063 καὶ
3318 2009 3671 2080 ἀνορθοῦντος
3700 2012 3830 2075 τοὺς

2245 2121 2372 2156 κατε
2379 2108 2409 2176 ρ
2416 2104 2743 2175 ραγμένους.

567 2186 634 2243 V.
668 2186 761 2242 2|.
796 2182 1099 2241 Feneratur
1129 2188 1395 2265 peccator,
1428 2186 1477 2232 et
1524 2195 1627 2268 non
1660 2178 1857 2241 solvet;
1887 2185 1941 2230 at
1964 2175 2147 2245 justus

2253 2175 2392 2268 Etix.
2425 2203 2532 2251 κα’.
2564 2198 2890 2257 Δανείζεται
2919 2201 2952 2251 ὁ
2983 2198 3020 2263 ά

3019 2197 3350 2267 μαρτωλὸς.
3376 2195 3473 2249 καὶ
3508 2197 3617 2249 οὐκ
3629 2195 3831 2250 ἀποτι-

2372 2283 2472 2322 σει
2495 2284 2508 2297 °
2553 2271 2586 2322 ό
2615 2268 2682 2321 δὲ
2709 2268 2942 2335 δίκαιος
2982 2266 3257 2336 οίκτείρει
3294 2268 3394 2320 καὶ
3439 2266 3705 2333 δίδωσιν.

2328 2359 2688 2432 ’Υψηλὸτερον
2712 2360 2771 2413 δέ
2789 2377 2802 2390 ·
2830 2359 3000 2415 Ὀταν
3025 2360 3253 2433 διδάσκῃ
3274 2359 3508 2424 Παῦλος,
3535 2360 3570 2430 ἦ
3600 2376 3683 2422 τις
3707 2357 3827 2413 ιτε-

2247 2470 2340 2524 ρος
2377 2452 2485 2505 τῶν
2515 2452 2677 2523 ἱερῶν
2723 2451 3118 2522 μυσταγωγῶν,
3146 2453 3198 2506 οἱ
3249 2452 3517 2524 ἀκροαταὶ
3555 2450 3827 2516 δανείζονο

2245 2561 2336 2596 ται
2362 2542 2422 2596 τὸ
2446 2542 2667 2614 δόκιμον
2689 2543 2949 2617 ἀργύριον
2985 2544 3063 2615 τῷ
3097 2545 3327 2615 στόματι
3356 2543 3594 2599 Παύλου.
3641 2543 3751 2597 Καὶ
3798 2542 3830 2595 6

2251 2635 2349 2705 μὲν
2389 2634 2595 2698 δίκαιος
2626 2634 2916 2689 ἀποδίδωσι
2936 2637 3062 2699 τοὺς
3092 2635 3303 2698 τόκους,
3332 2635 3427 2690 καὶ
3459 2633 3627 2703 λέγει’
3648 2631 3826 2688 Μνᾶν

2240 2712 2344 2799 μοι
2384 2727 2638 2794 ἔδωκας,
2677 2728 2804 2781 ἰδοὺ
2832 2727 2977 2783 δέκα
2993 2726 3154 2799 μνᾶς
3191 2729 3469 2796 ἐποίησα.
3505 2728 3691 2781 Πέντε
3721 2724 3836 2781 τά·

2247 2824 2446 2876 λαντα
2475 2819 2723 2887 ἔδωκας,
2753 2820 2881 2873 ιδοὺ
2917 2820 3036 2891 ἔχω
3086 2820 3250 2875 δέκα.
3289 2820 3349 2874 '0
3400 2819 3457 2874 δι
3507 2818 3828 2891 ἁμαρτωλὸς

2248 2912 2531 2967 ἀναλίσκει
2567 2912 2763 2966 πάντα.
2791 2913 2906 2965 Οὐκ
2947 2912 3122 2978 ἔξεστι
3172 2910 3437 2977 δανείζειν
3491 2912 3560 2965 τὰ
3607 2907 3825 2974 ἑαυτοῦ,

571 3002 669 3048 cut
696 2988 939 3045 haeretici
967 3006 983 3042 :
1013 2987 1107 3042 sed
1138 2986 1232 3041 Dei
1265 2995 1551 3056 argentum
1583 2982 1901 3053 probatum,
1956 2996 2149 3053 queui-

2253 3006 2369 3077 Ιιτοι
2403 3005 2679 3059 διδάσκειν
2698 3005 2773 3069 ὡς
2798 3007 2847 3059 οἱ
2870 3005 3137 3078 αἱρετικοί
3154 3023 3167 3036 ·
3200 3004 3336 3058 ἀλλὰ
3360 3006 3420 3059 τὸ
3444 3003 3539 3057 τοῦ
3568 3002 3701 3057 Θεοῦ
3724 3003 3826 3074 ἀρ·

574 3081 868 3139 admodum
899 3079 993 3150 qui
1021 3079 1154 3133 dicit
1182 3092 1198 3131 :
1254 3075 1347 3131 Vel
1377 3077 1794 3145 experimentum
1817 3074 2059 3144 quiet-itis
2091 3073 2147 3127 in

571 3191 654 3230 ine
680 3174 940 3245 loquentis
988 3170 1192 3226 Christi
1218 3170 1309 3222 “‘t
1359 3168 1713 3227 Restituenda
1739 3180 1870 3222 vero
1895 3173 1980 3221 est
2026 3179 2146 3221 sors

2247 3098 2436 3170 γύριον
2455 3099 2515 3151 τὸ
2536 3097 2781 3167 δόκιμον,
2814 3097 2891 3161 ὠς
2914 3101 2942 3152 6
2959 3097 3132 3167 λέγων
3151 3114 3164 3128 ·
3198 3100 3266 3153 Ἡ
3306 3096 3569 3167 δοκιμὴν-α
3612 3093 3830 3162 ζητεῖτε

2250 3189 2355 3244 τοῦ
2389 3190 2459 3243 ἐν
2520 3190 2648 3260 ἐμοὶ
2690 3190 3028 3257 λαλοῦντος
3079 3189 3370 3259 Χριστοῦ;
3428 3188 3737 3243 Ἀποδοτέον
3770 3184 3830 3241 δι

571 3283 693 3322 cum
724 3233 888 3322 usura
918 3280 984 3319 ex
1019 3262 1132 3317 vita
1161 3272 1217 3318 et
1246 3262 1509 3318 moribus.
1536 3258 1814 3329 Alioquin.
1839 3258 2033 3314 melius
2061 3266 2148 3311 est

2255 3280 2392 3350 μετὰ
2415 3233 2589 3334 τόκοῦ.
2622 3282 2687 3333 ὲκ
2725 3233 3397 3351 πολιτείαςδκαῖνπρὲειός
3422 3233 3828 3345 agedum.

572 3357 794 3413 omnino
818 3371 924 3411 non
973 3356 1233 3421 l'enerari,
1273 3354 1576 3424 praesertim
1607 3367 1730 3422 quin
1756 3364 1884 3408 sunt
1906 3355 1975 3406 de
2004 3366 2144 3420 penu

576 3451 879 3518 Dominico,
906 3464 1066 3519 quam
1106 3458 1167 3503 ut
1193 3456 1417 3519 pereant
1449 3462 1547 3517 per
1582 3461 1682 3502 nos
1720 3445 1864 3515 regis
1887 3459 2039 3512 opes.

573 3624 641 3680 Ὺ.
674 3623 766 3677 22.
803 3623 1069 3688 Quoniam
1119 3624 1477 3677 benedicentes
1543 3623 1692 3676 illum
1761 3621 2149 3676 Iuvreditabunt

652 3704 896 3816 terrbam;
949 3696 1040 3764 qui
1090 3710 1211 3749 vero
1254 3695 1403 3747 illum
1432 3693 1774 3759 maledicunt,
1802 3709 2021 3761 prorsus
2066 3692 2151 3745 in-

646 3778 741 3817 teri
784 3777 898 3819 unt.

649 3856 840 3911 Simile
863 3865 949 3911 est
975 3857 1024 3910 ei
1053 3854 1196 3926 quod
1242 3855 1477 3911 Abrahae
1518 3854 1721 3909 dictum
1750 3863 1834 3909 est
1862 3871 1877 3907 :
1924 3851 2150 3906 Benedi-

576 3960 746 4002 ccntes
809 3957 858 4002 te
907 3947 1237 4010 benedicam,
1295 3955 1343 3998 et
1399 3943 1763 3998 maledicentes
1814 3952 1865 3996 te
1924 3942 2151 3996 maledi-

576 4056 692 4094 cam
721 4040 789 4093 ⁸⁸.
836 4039 1023 4108 Itaque
1056 4040 1102 4094 si
1156 4039 1297 4093 Deus
1350 4036 1677 4091 misereatur
1724 4045 1780 4090 et
1823 4036 2011 4102 donet,
2056 4032 2150 4103 qui

574 4140 797 4200 propter
831 4129 934 4184 hoc
959 4129 1264 4195 gloriﬁcaut
1292 4129 1464 4191 illum,
1480 4127 1596 4181 sive
1619 4126 1964 4191 benedicunt,
1987 4134 2151 4180 erunt

575 4223 821 4278 heredes
856 4223 1139 4293 promissa:
1167 4222 1371 4277 sanctis
1407 4231 1589 4285 terrae,
1638 4219 2022 4289 accipientque
2045 4228 2152 4273 ter-

577 4329 693 4371 ram
736 4316 934 4370 bonam
962 4323 1018 4369 et
1052 4314 1301 4379 multam,
1331 4328 1453 4383 qua:
1490 4327 1597 4367 non
1630 4311 1807 4365 centri
1839 4318 1933 4364 aut
1964 4309 2152 4380 puncti

578 4408 852 4461 rationem
892 4405 1113 4461 habeat.
1169 4405 1478 4460 Periculum
1540 4412 1631 4459 est
1685 4417 1813 4458 vero
1843 4404 1969 4456 dum
2003 4401 2153 4471 justo

582 4498 984 4563 maledicimus,
1012 4513 1079 4553 ne
1100 4509 1401 4553 extremum
1424 4497 1720 4551 subeamus
1745 4495 2047 4549 interitum.
2064 4493 2154 4546 Ait

579 4592 782 4661 quippe
814 4590 881 4644 ad
921 4589 1126 4659 justum
1161 4588 1416 4642 Dominus
1445 4606 1458 4641 :
1498 4588 1743 4641 Hostiam
1776 4586 1948 4640 hostes
1987 4595 2104 4638 tuos
2131 4624 2147 4649 ,
2184 4595 2225 4650 ι)

577 4693 625 4736 et
653 4698 721 4736 ex
766 4680 988 4736 adverso
1021 4681 1262 4735 resistam
1296 4679 1614 4733 adversariis
1665 4679 1770 4732 tuis
1803 4677 1869 4730 ".
1906 4678 1970 4731 Et
2007 4677 2149 4731 sicut

578 4771 731 4836 dicit,
774 4770 932 4826 Hunc
956 4771 1194 4835 nutristi,
1237 4787 1317 4825 me
1340 4770 1557 4823 nutristi
1586 4769 1665 4835 '7;
1702 4770 1775 4823 ita
1808 4779 2150 4835 consequens

578 4873 699 4919 erat
731 4871 790 4917 ut
811 4863 1019 4919 diceret
1051 4880 1064 4916 :
1102 4860 1238 4917 lluic
1265 4862 1610 4917 conviciatus
1640 4876 1720 4928 es,
1753 4860 1889 4915 mihi
1925 4874 1986 4915 es
2014 4873 2150 4913 con-

581 4956 832 5009 viciatus.
865 4954 1189 5009 Maledicunt
1218 4969 1347 5009 vero
1386 4954 1578 5019 Deum,
1621 4954 1711 5024 qui
1745 4967 1853 5007 non
1879 4959 2151 5005 noverunt

580 5047 752 5111 illum,
780 5057 834 5101 et
858 5048 1076 5116 quidem
1105 5047 1369 5102 adversus
1403 5047 1635 5118 gloriam
1657 5047 1780 5117 ejus
1803 5044 2150 5114 blasphemas

582 5139 874 5194 identidem
905 5138 1249 5206 proierentes
1269 5154 1432 5194 voces
1459 5180 1476 5207 ,
1512 5156 1687 5209 usque
1714 5140 1850 5194 adeo
1878 5147 1936 5191 ut
1962 5150 2028 5189 ne
2059 5150 2151 5190 su-

579 5233 819 5287 stineant
844 5232 1059 5300 quidem
1087 5247 1184 5300 pro
1205 5232 1401 5301 quibus
1425 5232 1684 5287 cumulati
1704 5242 1832 5286 sunt
1871 5227 2151 5284 beneficiis

580 5337 742 5392 agere
776 5321 851 5376 illi
902 5322 1129 5391 gratias.
1183 5323 1462 5378 Christum
1517 5323 1681 5394 igitur
1711 5333 1899 5394 gentes
1931 5319 2153 5376 benedi-

580 5423 735 5478 cuut,
773 5423 1060 5484 propterea
1096 5415 1419 5470 haereditant
1449 5431 1716 5486 regnum;
1755 5424 1810 5469 at
1837 5412 2008 5468 Judaei
2038 5412 2153 5467 bla-

580 5508 927 5573 spbemantes
949 5506 1121 5572 illum,
1150 5508 1202 5562 in
1231 5517 1491 5564 :eternum
1532 5509 1872 5577 dispereunt.

689 5681 735 5714 ”
761 5680 895 5735 Luc.
930 5696 1044 5743 nx,
1080 5680 1167 5736 16.

548 5816 558 5823 .
582 5751 628 5786 ⁸⁷
661 5751 990 5823 Mutilum“,
1024 5751 1115 5817 37,
1146 5750 1236 5806 4οο

655 5823 764 5893 (τε)
792 5821 985 5893 nepa.

655 5893 769 5962 (74)
810 5892 983 5962 Ὠριτ.

1275 5680 1321 5713 ⁸³
1349 5679 1537 5736 Matth.
1578 5694 1709 5744 xxv,
1765 5676 1856 5732 20.

1965 5676 2011 5708 ⁸³
2049 5674 2091 5731 Π
2132 5674 2256 5740 COI‘.
2300 5674 2418 5752 κίιι,
2453 5692 2508 5744 5.

2252 3374 2316 3427 El
2349 3373 2404 3426 δὲ
2441 3372 2539 3444 μὴ,
2570 3372 2815 3444 κρεῖττόν
2843 3373 2959 3425 ἐστι
3002 3372 3101 3443 τὴν
3127 3369 3302 3442 ἀρχὴν
3338 3368 3414 3440 μὴ
3457 3364 3827 3433 δανείσασθαι,

2256 3465 2491 3537 μάλιστα
2537 3465 2606 3519 τὰ
2636 3464 2729 3517 τοῦ
2769 3464 2997 3535 ταμείου
3030 3463 3124 3519 τοῦ
3172 3460 3473 3535 Κυριακοῦ,
3502 3460 3537 3532 ἢ
3568 3458 3831 3515 ἀπολέσαι

2252 3557 2321 3609 τὰ
2341 3555 2433 3609 τοῦ
2462 3554 2724 3627 βασιλέως
2767 3556 3040 3626 χρήματα.

2255 3647 2406 3715 Στίχ.
2430 3645 2534 3699 κδ’.
2572 3645 2698 3715 Ὅτι
2736 3646 2790 3697 oi
2812 3643 3208 3715 εὐλογοῦντες
3250 3643 3439 3698 αὐτὰ*
3461 3637 3831 3715 κληροῂομήο

2325 3712 2533 3785 deum,
2561 3714 2709 3783 τῆν’
2749 3719 2803 3769 οι
2850 3715 2919 3768 δὲ
2964 3712 3363 3785 καταρώμενοι
3396 3714 3583 3767 αὐτὸν
3620 3712 3830 3775 ἐξολο-

2325 3793 2425 3853 θρε
2434 3784 2774 3851 omium-tat.

2328 3879 2442 3948 (73)
2474 3879 2700 3947 Ὅμοιον
2744 3875 2822 3947 τῷ
2851 3876 3125 3948 εἰρημένῳ
3164 3876 3302 3947 πρὸς
3348 3873 3628 3946 Ἀϐρααμ·
3680 3872 3828 3939 Τοὺς

2254 3968 2662 4039 εὑλογοῦντάς
2684 3984 2757 4024 σε
2786 3969 3120 4039 εὐλογήσω,
3157 3969 3255 4023 καὶ
3306 3967 3448 4033 τοὺς
3502 3963 3838 4034 καταρωμέ-

2256 4078 2404 4129 νους
2433 4078 2507 4116 σε
2536 4060 2961 4131 καταράσομαι.
2991 4059 3218 4121 Οὐκοῦν,
3243 4059 3292 4111 ει
3319 4060 3348 4111 6
3379 4058 3511 4120 Θεὸς
3537 4057 3619 4127 εἴη
3642 4058 3672 4111 6
3698 4069 3833 4110 κατ-

2257 4155 2539 4227 οικτείρων
2584 4154 2681 4208 καὶ
2727 4152 2941 4216 διδοὺς,
2992 4154 3039 4205 οἱ
3094 4149 3495 4217 δοξοὶογοῦντες
3543 4144 3707 4199 αὑτὸν
3744 4143 3832 4198 διὰ

2256 4247 2432 4311 τοῦτο,
2471 4247 2637 4318 ἤγουν
2677 4243 3057 4313 εὐλογοῦντες,
3122 4244 3334 4297 ἔσονται
3371 4238 3697 4312 κληρονόμοι
3731 4235 3834 4305 τῆς

2259 4336 2671 4409 ἐπηγγελμένης
2695 4339 2807 4399 τοῖς
2841 4334 3013 4404 ἁγίοις
3037 4333 3161 4403 γῆς,
3187 4333 3282 4387 καὶ
3310 4331 3568 4403 λήψονται
3607 4326 3704 4398 τὴν
3728 4326 3834 4396 γῆν

2259 4432 2470 4502 ἀγαθὴν
2495 4431 2590 4484 καὶ
2612 4431 2712 4500 τὴν
2750 4429 2973 4499 πολλὴν,
3004 4428 3103 4499 τὴν
3128 4428 3189 4480 οὐ
3216 4426 3442 4497 κέντρου
3466 4423 3562 4477 καὶ
3601 4419 3831 4491 σημείου

2260 4524 2415 4593 λόγον
2439 4524 2687 4594 ἔχουσαν.
2719 4520 2832 4591 (74)
2868 4519 3124 4581 Κίνδυνος
3161 4517 3217 4571 δὲ
3250 4519 3306 4570 ὲν
3322 4515 3399 4585 τῷ
3418 4513 3661 4584 κατάραν
3681 4511 3830 4582 ἡμᾶς

2256 4613 2558 4685 τιθέναιτῷ
2583 4613 2774 4684 δικαίῳ
2812 4611 3035 4683 ὀλέθρου
3073 4608 3167 4663 τοῦ
3214 4608 3467 4679 ἐσχάτου.
3520 4605 3683 4673 Λέγει
3721 4601 3831 4673 γὰρ

2257 4708 2394 4780 πρὸς
2422 4708 2512 4760 τὸν
2542 4705 2747 4759 δίκαιον
2772 4707 2800 4759 6
2833 4704 3066 4776 Κύριος·
3105 4704 3435 4773 Ἑχθρεύσω
3464 4697 3585 4764 τοῖς
3599 4692 3835 4765 ἐχθροῖς

2255 4811 2396 4856 σου,
2425 4793 2522 4847 καὶ
2545 4793 2943 4863 ἀναϐήσομαι
2960 4790 3082 4858 τοῖς
3103 4789 3532 4859 ἀντικειμένοις
3568 4802 3685 4839 σοι.
3723 4781 3835 4836 Καὶ

2257 4886 2446 4957 ὥσπερ
2472 4885 2640 4955 λέγει·
2677 4887 2895 4941 Τοῦτον
2922 4887 3201 4956 ἔθρεψας,
3226 4882 3333 4952 ἐμὲ
3358 4882 3632 4949 ἔθρεψας·
3664 4874 3836 4937 οὕτως

2255 4976 2550 5031 ἀκόλουθον
2596 4979 2769 5030 εἰπεῖν
2796 4994 2810 5008 ·
2847 4977 3048 5031 Τοῦτον
3093 4974 3460 5046 ὲλοιδόρησας,
3509 4969 3608 5042 ἐμὲ
3641 4965 3836 5020 ἐλοιδό-

2257 5087 2453 5142 ρησας.
2488 5070 2855 5142 Καταρῶνται
2878 5070 2937 5124 δὲ
2980 5068 3115 5123 Θεὸν
3166 5070 3217 5122 οἱ
3278 5067 3352 5139 μὴ
3392 5064 3591 5127 εἰδότες
3644 5057 3831 5121 αὐτὸν,

2257 5158 2548 5214 καὶταῦτα
2573 5163 2671 5232 τῆς
2709 5160 2875 5215 αὐτοῦ
2915 5158 3075 5227 δόξης
3115 5157 3275 5211 πάλιν
3320 5155 3534 5224 φήμους
3561 5149 3674 5220 (75)
3722 5145 3834 5199 ἐσθ’

2255 5251 2345 5305 ὅτε
2369 5252 2683 5321 ῥιπτοῦντες
2713 5251 2918 5321 φωνὰς,
2951 5250 3087 5323 πρὸς
3122 5249 3183 5302 τὸ
3227 5247 3361 5319 μηδὲ
3391 5243 3477 5314 ἐφ’
3521 5237 3601 5305 οἷς
3632 5235 3691 5293 εῦ
3739 5253 3837 5290 πε-

2260 5343 2519 5398 πόνθασιν
2564 5344 2852 5415 ἀνέχεσθαι
2900 5344 3198 5416 προσάγειν
3262 5338 3410 5411 αὺτῷ
3461 5337 3559 5401 τὰς
3615 5336 3836 5404 εὐχαρι-

2260 5435 2434 5499 στίας.
2467 5436 2697 5506 Χριστὸν
2722 5436 2819 5507 μὲν
2844 5432 2937 5489 οὖν
2968 5434 3250 5502 εὐλογοῦσι
3281 5431 3349 5485 τὰ
3381 5429 3529 5499 ἔθνη,
3577 5424 3661 5480 διδ
3702 5423 3836 5491 κλη·

2263 5528 2548 5597 ρονομοῦσι
2575 5527 2671 5599 τὴν
2723 5528 3027 5598 βασιλείαν·
3065 5526 3309 5581 Ἰουδαῖοι
3341 5523 3418 5588 δὲ,
3463 5512 3838 5592 βλασφημοῦν-

2260 5633 2350 5681 τες
2378 5619 2556 5683 αὐτὸν,
2583 5622 2661 5681 εἰς
2685 5619 2834 5691 τέλος
2873 5618 3266 5691 όλοθρεῦονταιἶ

2616 5674 2661 5722 ⁸⁵
2685 5674 2831 5744 ϐοιιῖ
2862 5706 2964 5757 ιιι,
3000 5674 3070 5744 ’5.
3181 5691 3225 5723 θ’
3254 5686 3395 5744 Psal.
3449 5695 3711 5743 Lxxxvttt,
3741 5674 3834 5732 Ἃ·

2344 5822 2453 5895 (75)
2490 5823 2708 5896 Βλασφή
2718 5841 2870 5894 μους.
