4186 6424
359 378 462 432 155

1553 373 1926 430 ΕΧΟΕΒΡΤΑ
1963 375 2030 430 ΙΝ
2063 375 2407 433 PSALMOS.

3521 389 3626 444 134

357 491 507 560 Στίχ.
547 489 848 568 va-Napi:
895 489 1216 568 Κυρίου-τὰ
1260 489 1916 568 δέαϐήματα-ἀνρρῴξτοι

2045 490 2107 546 ιν.
2142 493 2234 548 ‘25.
2257 493 2300 546 Λ
2328 493 2552 568 Domino
2567 512 2775 564 gressus
2798 497 3026 552 hominis
3054 497 3390 568 diriguntur:
3411 510 3458 555 et
3485 504 3621 558 viam

424 560 846 614 κατευθύνεται
867 573 879 586 ·
937 561 1034 612 καὶ
1073 561 1189 628 τὴν
1247 561 1391 615 ὁδὸν
1441 561 1627 615 αὐτοῦ
1694 561 1940 627 θελήσει

425 629 686 698 σφόδρα.

425 722 538 792 (76)
557 723 769 793 ’Ὠσπερ
791 722 920 776 ἰδίου
939 725 1148 787 παιδὸς,
1173 723 1327 794 φησὶ,
1353 713 1810 795 λαμϐάνεταιτῆς
1830 740 1940 793 χει-

355 814 445 882 ρὸς
475 815 504 866 ὀ
543 812 708 876 Θεὸς,
745 815 839 867 καὶ
878 814 1144 885 ἀποφέρει
1177 814 1312 886 πρὸς
1361 814 1479 866 ὁδὸν
1528 812 1744 866 εὐθεῖαν
1769 854 1782 876 ,
1839 815 1938 866 οὐκ

350 906 533 975 ἀφιεὶς
575 905 740 958 αὐτὸν
796 906 1233 976 σκολιοδρομείν,
1288 903 1410 958 οὔτε
1473 906 1579 976 μὴν
1645 905 1938 974 καμπύλας

349 1001 623 1054 ποιεῖσθαι
657 1001 752 1053 τοῦ
805 1000 920 1070 βίου
955 999 1055 1063 τάς
1095 999 1352 1070 τροχιάς“
1401 999 1516 1052 ἀλλ’
1565 997 1692 1051 εὐθὺ
1737 998 1937 1060 παντὸς

351 1089 486 1142 ἰέναι
523 1089 844 1161 πράγματος
873 1088 1113 1158 ἀγαθοῦ,
1150 1089 1417 1142 διδάσκων
1455 1107 1514 1140 τε
1548 1089 1645 1142 καὶ
1697 1087 1934 1142 ἀπευθύ-

347 1199 455 1234 νων
481 1181 697 1246 αύτοὺς,
717 1184 856 1236 κατά
879 1199 944 1251 γε
971 1182 1032 1234 τό
1048 1199 1063 1213 ·
1094 1179 1458 1249 Ἐκράτησας
1475 1180 1586 1249 τῆς
1607 1179 1805 1250 χειρὸς
1823 1178 1934 1248 τῆς

347 1272 550 1340 δεξιᾶς
565 1293 706 1344 μου,
739 1275 836 1328 καὶ
874 1277 944 1328 ἐν
973 1275 1048 1342 τῇ
1073 1275 1280 1343 ,βουλῇ
1325 1289 1440 1328 σου
1487 1273 1806 1344 (burman
1838 1290 1930 1341 με.

349 1368 518 1421 Ὅταν
555 1368 734 1439 μέντοι
777 1369 868 1422 τοῦ
903 1367 1190 1440 ἀνθρώπου
1230 1367 1298 1420 τά
1339 1368 1651 1439 διαδήματα
1683 1368 1786 1420 ὑπὸ
1821 1369 1933 1420 Κυ-

349 1459 466 1530 ρίου
501 1459 856 1532 κατευθυνθῇ,
901 1462 1022 1514 τότε
1057 1461 1156 1530 τὴν
1189 1460 1306 1513 ὁδον
1345 1459 1508 1513 αὐτοῦ
1553 1460 1790 1531 θελήσει.
1819 1459 1927 1530 (77)

359 1553 681 1623 ’Λμφίδολος
709 1556 741 1624 ή
776 1553 938 1620 λέξις.
983 1554 1053 1606 Ἦ
1083 1553 1191 1626 γὰρ
1236 1555 1264 1606 ὁ
1303 1553 1507 1625 Κύριος
1537 1552 1631 1606 τοῦ
1663 1551 1928 1606 κατευθυ-

345 1646 568 1716 νομένου
609 1649 718 1709 τοῖς
747 1646 1045 1717 διαδήμασι
1081 1645 1222 1700 θέλει
1245 1647 1344 1717 τὴν
1372 1647 1510 1710 ὁδὸν,
1549 1647 1643 1700 καὶ
1673 1645 1930 1717 ἀποδέχε-

342 1755 432 1790 ται
460 1738 527 1809 ἢν
553 1739 785 1791 ποιεῖται
811 1737 950 1791 κατά
977 1738 1066 1790 τὸν
1107 1739 1269 1809 νόμον
1312 1738 1539 1810 πορείαν
1559 1779 1573 1798 .
1606 1737 1692 1808 μὴ
1737 1740 1928 1792 θέλων

343 1829 489 1884 ὁδὸν
531 1829 786 1894 ἀσεϐῶν,
827 1829 860 1901 ἢ
907 1829 1074 1897 λοξῶς
1109 1831 1517 1901 πορευομένων·
1567 1829 1600 1901 ἢ
1649 1829 1828 1894 αὐτὸς,
1865 1824 1925 1884 οὗ
1958 1852 1999 1906 Β

341 1924 409 1977 τὰ
437 1924 746 1996 διαδήματα
787 1923 892 1978 ὑπὸ
934 1923 1139 1996 Κυρίου
1183 1922 1592 1987 κατευθύνεται,
1639 1921 1782 1976 θέλει
1828 1922 1926 1994 τὴν

340 2016 457 2070 ὁδὸν
491 2017 584 2070 τοῦ
619 2015 846 2088 Κυρίου,
878 2016 1234 2086 γευσάμενος,
1273 2017 1328 2068 ἐν
1371 2013 1446 2084 τῷ
1501 2012 1924 2068 κατευθύνεσθαι

341 2107 506 2161 αὑτοῦ
534 2107 608 2172 ὡς
637 2106 705 2159 τὰ
752 2107 1083 2177 διαδήματα,
1129 2107 1226 2176 τῆς
1274 2105 1610 2176 γλυκύτητος
1653 2106 1751 2177 τῆς
1783 2104 1924 2160 κατά

340 2199 440 2270 τὴν
464 2199 600 2264 ὁδὸν,
627 2201 684 2252 ὲν
769 2198 1155 2270 κατευθυνθείη
1183 2199 1288 2252 ὑπὸ
1319 2199 1546 2268 Κυρίου.
1582 2199 1837 2270 Ἄμεινον
1869 2201 1926 2252 δὲ

341 2293 472 2357 ἴσως
494 2295 653 2358 νοεῖν,
682 2293 765 2345 ὅτι
793 2293 822 2344 ὁ
843 2291 1046 2363 Κύριος
1072 2291 1288 2362 θελήσει
1313 2293 1412 2362 τὴν
1441 2291 1557 2343 ὁδὸν
1589 2291 1684 2345 τοῦ
1715 2289 1924 2361 ἀνθρώ-

342 2403 464 2448 που,
515 2385 761 2439 τουτέστι
821 2385 1103 2456 ποιήσεται
1156 2382 1386 2454 θελητὴν
1437 2384 1530 2436 καὶ
1581 2383 1918 2450 ἀποδέξεται.

343 2479 552 2549 Ὥσπερ
595 2477 704 2549 γάρ
751 2475 1104 2548 ἀνεθελήτους
1142 2475 1252 2546 ἔχει
1295 2475 1393 2538 τὰς
1436 2475 1544 2528 τῶν
1589 2476 1922 2548 παρανόμων

339 2569 509 2634 ὁδοὺς,
540 2569 682 2623 οὕτω
711 2572 946 2623 ποιεῖται
981 2568 1210 2640 θελητάς
1244 2567 1342 2632 τὰς
1371 2568 1480 2620 τῶν
1515 2567 1921 2638 ἁγαθουργούν-

339 2683 468 2719 των.
497 2667 562 2716 Ἦ
587 2664 644 2716 δὲ
669 2663 894 2735 ἀρέσκει
915 2661 1051 2733 Θεῷ,
1074 2661 1233 2716 τοῦτο
1262 2662 1476 2724 πάντως
1511 2661 1628 2714 ἐστὶ
1660 2662 1751 2713 καὶ
1775 2661 1921 2727 ἐξαί-

341 2773 512 2827 ρετον,
541 2756 635 2808 καὶ
657 2755 856 2819 παντὸς
879 2755 1101 2809 ἐπαίνου
1128 2753 1342 2825 μεστόν.
1373 2754 1447 2806 Οὐ
1469 2752 1577 2823 γὰρ
1597 2751 1662 2806 ἂν
1689 2753 1919 2822 ἠθέλησε

337 2846 470 2909 Θεὸς
500 2846 560 2898 τὸ
591 2844 665 2916 μὴ
691 2845 862 2910 οὕτως
891 2845 1032 2916 ἔχον.
1068 2845 1136 2898 O't'
1153 2861 1216 2913 γε
1239 2844 1345 2916 μὴν
1380 2843 1487 2896 ἀπὸ
1516 2843 1622 2898 τῶν
1652 2845 1918 2915 αἱρέσεων

336 2937 574 3007 γίνονται
626 2939 722 3009 μὲν
769 2939 827 2990 ἐν
859 2937 1210 3009 διαδήμασιν,
1242 2938 1302 2990 οὐ
1338 2937 1443 3008 μὴν
1487 2935 1920 3006 κατευθυνουμέ-

335 3045 448 3092 νοις
482 3028 588 3081 ὑπὸ
627 3028 854 3097 Κυρίου,
887 3027 1024 3081 ἀλλά
1059 3025 1442 3097 λελοξωμένοις
1479 3024 1584 3078 ὑπὸ
1615 3023 1706 3078 τοῦ
1754 3043 1919 3096 πονη-

335 3118 466 3191 ροῦ·
499 3119 806 3174 ἐκκλίνουσι
834 3119 982 3184 δεξιά
1017 3121 1112 3174 καὶ
1139 3117 1424 3191 ἀριστερὰ,
1466 3117 1538 3188 μὴ
1585 3117 1916 3188 ἀρκούμενοι

2501 566 2616 635 ejus
2645 567 2781 621 volet
2817 569 3164 623 vehementer.

2113 717 2394 789 Tanquam
2419 721 2628 792 proprii
2664 721 2779 788 filii,
2829 723 2944 787 ait,
2979 725 3338 794 apprehendit
3393 743 3618 784 manum

2043 811 2203 874 Deus,
2236 819 2290 866 et
2339 813 2556 867 deducit
2609 815 2675 868 ad
2709 816 2850 868 viam
2879 826 3108 882 rectam,
3137 831 3242 870 non
3275 817 3461 874 sinens
3491 836 3616 876 eum

2039 901 2255 970 oblique
2284 902 2558 968 incedere,
2592 919 2770 974 neque
2803 908 2968 960 etiam
3000 906 3274 964 ﬂexuosas
3313 909 3496 968 facere
3529 914 3616 966 vi-

2040 1001 2106 1047 ta:
2137 995 2362 1051 semitas
2388 1015 2402 1052 :
2431 997 2525 1050 sed
2553 1005 2700 1052 recta
2730 1012 2958 1070 pergere
2983 1000 3036 1054 in
3071 1001 3218 1055 omni
3249 1014 3415 1068 opere
3443 1005 3614 1070 bono,

2039 1089 2236 1142 docens
2287 1097 2342 1143 et
2385 1089 2626 1156 dirigens
2682 1106 2777 1146 eos
2806 1132 2821 1155 ,
2884 1093 3039 1163 juxta
3069 1093 3249 1150 illud:
3317 1096 3618 1166 Apprelten-

2037 1175 2161 1228 disti
2195 1193 2413 1231 manum
2467 1185 2741 1234 dexteram
2781 1199 2986 1247 meum,
3025 1194 3073 1238 et
3125 1187 3179 1238 in
3210 1186 3484 1242 uoluntate
3520 1199 3614 1244 tua

2035 1268 2298 1322 deduxisti
2323 1285 2404 1324 me
2435 1269 2500 1322 ⁸⁸.
2537 1270 2982 1344 Quandocunque
3031 1291 3162 1332 vero
3191 1278 3427 1336 hominis
3459 1296 3614 1351 gres-

2035 1373 2128 1414 sus
2163 1374 2194 1412 a
2246 1359 2478 1416 Domino
2529 1363 2874 1432 diriguntur,
2913 1377 3042 1422 tunc
3089 1370 3232 1423 viam
3279 1370 3397 1440 ejus
3448 1372 3611 1429 volet.

2032 1448 2335 1518 tEqnivoca
2389 1469 2515 1507 vox.
2549 1455 2646 1510 Vel
2697 1459 2841 1510 enim
2903 1459 3163 1515 Dominus
3203 1463 3316 1532 ipse
3350 1465 3487 1532 ejus,
3515 1466 3611 1535 qui

2034 1544 2312 1612 gressibus
2359 1546 2630 1616 dirigitur,
2676 1551 2791 1603 vult
2823 1555 2993 1620 viam,
3021 1565 3414 1625 acceptumque
3449 1558 3612 1616 habet

2033 1631 2302 1688 itu-essum
2359 1635 2500 1690 illius
2521 1679 2536 1704 ,
2561 1653 2668 1703 quo
2701 1640 2904 1695 incedit
2932 1645 3231 1699 secundum
3261 1646 3457 1716 legem,
3506 1667 3610 1706 non

2031 1725 2202 1780 volens
2228 1727 2364 1780 viam
2393 1729 2671 1799 impiorum
2695 1734 2763 1795 ⁸⁸,
2795 1735 2908 1788 sive
2937 1735 3152 1806 oblique
3185 1737 3546 1796 incedentium
3589 1759 3606 1798 :

2031 1817 2113 1869 vel
2142 1815 2252 1882 ille,
2267 1817 2418 1888 cujus
2439 1836 2661 1888 gressms
2679 1839 2707 1877 a
2735 1823 2960 1880 Domino
2981 1828 3313 1898 diriguntur,
3333 1831 3448 1885 vult
3466 1833 3606 1888 viam

2032 1909 2281 1978 Domini,
2316 1921 2539 1982 gustans
2586 1915 2712 1968 dum
2759 1916 3106 1986 diriguntur,
3148 1921 3291 1975 sicut
3347 1937 3602 1992 gressus,

2029 2004 2367 2059 dulcedinem
2415 2005 2561 2062 illius
2606 2007 2706 2062 viae
2745 2008 2796 2062 in
2845 2025 2951 2078 qua
2993 2011 3258 2083 dirigatur
3297 2029 3324 2068 a
3357 2014 3606 2072 Domino.

2029 2094 2255 2152 Prmsmt
2297 2107 2476 2152 tamen
2525 2097 2754 2154 fortasse
2795 2101 3120 2172 intelligere,
3159 2107 3288 2174 quia
3340 2106 3602 2166 Dominus

2029 2189 2171 2244 volet
2217 2191 2360 2244 viam
2393 2191 2652 2256 hominis,
2689 2193 2743 2246 id
2781 2202 2865 2248 est
2892 2205 3102 2264 gratam
3128 2196 3322 2254 eﬂiciet
3357 2209 3412 2254 et
3445 2215 3606 2257 acce-

2027 2293 2176 2352 ptam
2209 2284 2458 2342 habebit.
2498 2284 2652 2338 Sicut
2679 2285 2824 2339 enim
2858 2287 3124 2342 voluntati
3159 2305 3270 2346 sua:
3299 2293 3605 2348 contrarias

2025 2376 2187 2434 habet
2212 2375 2328 2432 vias
2351 2378 2858 2448 praevaricatorum,
2892 2379 2966 2434 ita
2991 2391 3245 2452 acceptas
3273 2399 3383 2439 suae
3411 2385 3603 2438 volun-

2027 2470 2122 2521 tati
2158 2469 2321 2524 eﬂicit.
2341 2470 2565 2526 seu‘titas
2598 2475 2872 2544 agentium
2901 2475 3061 2530 bona.
3090 2475 3242 2542 Quod
3269 2487 3450 2531 autem
3483 2476 3604 2546 pla-

2025 2573 2108 2615 cet
2141 2563 2268 2627 Deo,
2300 2563 2406 2618 hoc
2445 2567 2668 2619 omnino
2697 2568 2861 2621 etiam
2911 2568 3183 2624 excellens
3212 2578 3328 2636 est,
3371 2577 3425 2625 et
3451 2570 3602 2626 omni

2025 2653 2179 2708 laude
2203 2655 2558 2711 cumulatum.
2589 2657 2704 2713 Non
2761 2661 2906 2714 enim
2956 2673 3241 2730 acceptum
3269 2671 3414 2717 esset
3466 2663 3600 2730 Deo,

2022 2746 2165 2813 quod
2197 2747 2301 2802 tale
2327 2763 2430 2803 non
2465 2759 2628 2806 esset.
2670 2750 2924 2808 Haeretici
2955 2767 3118 2822 porro
3147 2763 3272 2809 sunt
3295 2754 3512 2822 quidem
3543 2752 3600 2810 in

2021 2839 2320 2907 gressibus,
2351 2856 2454 2896 non
2491 2852 2669 2898 tamen
2699 2845 2925 2901 directis
2955 2862 2984 2900 λ
3033 2846 3268 2900 Domino
3294 2886 3309 2911 ,
3346 2845 3440 2902 sed
3465 2861 3601 2902 con-

2023 2929 2181 2984 tortis
2225 2945 2256 2983 a
2292 2931 2563 3002 maligno;
2597 2933 2872 2988 declinant
2918 2936 2984 2990 ad
3026 2935 3307 2990 dexteram
3357 2945 3412 2990 et
3457 2934 3598 2991 8ἰηί-

2021 3031 2212 3087 stram,
2245 3037 2352 3077 non
2401 3027 2644 3080 contenti
2694 3026 2928 3096 simplici
2975 3025 3112 3094 ﬁde;
3148 3027 3450 3097 cogitantes
3473 3028 3599 3096 qui-

2022 3117 2140 3167 dem
2179 3113 2520 3186 profundius,
2556 3133 2654 3172 nec
2683 3127 2862 3174 tamen
2915 3117 3116 3174 verius.
3159 3119 3404 3187 Quorum
3452 3119 3596 3174 viam

331 3211 458 3282 ψιλῇ
490 3214 555 3282 τῇ
593 3210 792 3275 πίστει,
819 3211 1062 3275 νοοῦντες
1099 3211 1154 3264 δὲ
1182 3209 1476 3281 βαθύτερον
1509 3209 1628 3280 μὲν,
1659 3209 1759 3262 οὐκ
1787 3210 1916 3281 ἁλη-

2019 3222 2124 3260 nun
2155 3207 2268 3262 vult
2295 3209 2456 3270 Dens.
2485 3211 2750 3280 siquidem
2777 3227 2882 3266 non
2913 3212 3194 3267 hominum
3229 3221 3354 3266 sunt
3378 3225 3598 3283 gressus

333 3303 422 3368 θὲς
446 3303 520 3356 δέ.
551 3298 648 3358 Ὧν
671 3303 768 3376 τὴν
795 3304 912 3358 ὁδὸν
935 3305 998 3357 οὺ
1026 3303 1168 3356 θέλει
1208 3303 1432 3375 Κύριος,
1464 3301 1546 3355 ὅτι
1575 3302 1676 3354 οὐκ
1706 3301 1913 3373 ἀνθρώ-

329 3413 448 3450 πων
475 3397 656 3452 αὐτῶν
683 3396 756 3450 τὰ
785 3397 1112 3468 διαδήματα,
1146 3395 1284 3450 ἀλλά
1324 3395 1488 3467 θηρὸς
1534 3395 1566 3466 ἢ
1619 3393 1850 3465 ἑρπετοῦ
1877 3393 1910 3465 ἢ

329 3493 580 3562 κτήνους.

327 3582 478 3651 Στίχ.
517 3581 612 3634 κδ’.
663 3581 841 3633 Ὅταν
885 3579 1045 3648 πέσῃ
1097 3583 1176 3651 ait
1205 3577 1780 3651 καταῤῥαχθήοςεται,
1821 3577 1911 3629 ὅτι

575 3653 790 3719 Κύριος
824 3649 1219 3718 ἀντιστηρίζει
1259 3651 1427 3718 χεῖρα
1453 3649 1658 3702 αὑτοῦ.

399 3744 462 3796 υἱ
496 3743 553 3796 ἐν
584 3745 697 3806 τοῖς
727 3742 902 3810 ἀγῶσι
942 3743 1263 3806 παλαίοντες
1296 3741 1616 3796 πεπτώκασι
1650 3741 1711 3794 τὸ
1757 3739 1908 3811 πρῶ-

327 3853 436 3900 τον,
465 3837 781 3906 νενικήκασι
807 3833 875 3888 τὰ
899 3834 1046 3905 τρία.
1085 3835 1208 3886 Ἐπὶ
1233 3834 1441 3898 τούτοις
1473 3835 1643 3897 εἴποις
1674 3834 1740 3886 ἂν
1769 3831 1910 3885 κατά

325 3927 386 3979 τὸ
413 3926 738 3996 σωματικὸν,
758 3926 859 3978 ὅτι·
881 3926 1197 3988 Πέπτωκεν,
1225 3926 1283 3978 οὺ
1315 3925 1630 3998 κατερράγη
1658 3925 1737 3986 δὲ,
1772 3923 1910 3977 νενί-

324 4037 461 4090 κηκε
485 4019 594 4090 γὰρ
649 4017 786 4089 μετὰ
818 4019 878 4071 τὸ
905 4021 1110 4070 πεσεῖν.
1149 4017 1272 4070 Ἐὰν
1311 4017 1425 4088 ἴδῃς
1455 4017 1738 4088 ἄνθρωπον
1765 4033 1906 4069 νενι-

321 4111 582 4182 κημένον,
625 4110 716 4164 καὶ
753 4108 888 4180 μετά
915 4110 976 4162 τὸ
1009 4107 1326 4176 νενικῆσθαι
1357 4109 1416 4160 ού
1447 4107 1756 4178 παραδόντα
1781 4109 1906 4160 ἐαυ-

319 4202 412 4254 τὸν
449 4204 512 4272 τῇ
557 4201 812 4272 ἀσελγείᾳ
856 4202 935 4263 εἰς
984 4200 1246 4272 ἐργασίαν
1299 4199 1641 4270 ἀκαθαρσίας
1699 4199 1902 4270 πάσης,

317 4293 627 4347 ἀναστάντα
669 4293 746 4357 δὲ,
793 4291 1209 4362 ὑπομνησθέντα
1255 4293 1354 4363 τῆς
1401 4291 1660 4363 Γραφῆς·
1716 4291 1816 4359 Μὴ
1871 4293 1904 4344 ὀ

319 4383 526 4438 πεσὼν
583 4385 693 4437 οὐκ
759 4383 1107 4446 declamem;
1159 4382 1195 4451 ἢ
1259 4385 1292 4436 ό
1339 4379 1734 4448 ἀποστρέφων
1789 4381 1901 4434 οὐκ

315 4475 691 4544 summisisse;
737 4475 883 4544 λέγε,
934 4476 1048 4539 ὅτι,
1097 4474 1278 4530 πεσὼν
1305 4477 1332 4527 ὁ
1371 4473 1629 4536 τοιοῦτος,
1673 4475 1733 4526 οὐ
1765 4491 1898 4528 κατ-

2015 3311 2228 3364 eorum,
2266 3302 2361 3356 sed
2392 3301 2518 3356 forte
2550 3303 2628 3356 vel
2659 3305 2950 3374 serpentis,
2978 3305 3341 3374 autjutnenti.

2013 3571 2076 3626 ν.
2117 3572 2207 3626 25.
2247 3571 2473 3639 Quando
2501 3574 2688 3648 cadet,
2707 3591 2809 3629 non
2843 3576 3144 3648 collidatur,
3172 3578 3299 3648 quia
3336 3577 3592 3636 Dominus

2474 3645 2711 3714 suﬂ'ulcit
2741 3663 2958 3700 manum
2984 3647 3120 3715 ejus.
3184 3645 3194 3648 ⁷
3353 3673 3356 3676 ’

2080 3735 2180 3802 Qui
2207 3736 2260 3790 in
2289 3739 2554 3806 agonibus
2588 3738 2884 3805 luctantur,
2909 3739 3204 3809 aliquando
3245 3742 3449 3798 cadunt
3478 3745 3593 3813 pri-

2012 3847 2198 3894 mum,
2255 3842 2312 3886 at
2343 3833 2567 3886 vincunt
2595 3835 2698 3888 tria
2747 3834 2880 3905 (79).
2924 3835 3088 3889 Juxta
3125 3836 3238 3891 hare
3268 3837 3416 3892 dicat
3444 3839 3588 3908 quis,

2010 3921 2307 3976 secundum
2337 3924 2480 3993 quod
2529 3923 2594 3976 ad
2642 3939 2728 3978 res
2763 3925 2956 3978 attinet
2987 3941 3276 3994 corporeus
3308 3948 3318 3981 :
3352 3927 3586 3992 Cecidit,

2008 4027 2108 4066 nec
2135 4023 2313 4067 tamen
2371 4014 2598 4069 collisus
2634 4025 2738 4082 est,
2772 4015 2898 4071 vicit
2932 4017 3079 4070 enim
3131 4026 3418 4086 postquam
3444 4020 3590 4072 ceci-

2010 4103 2105 4155 dit.
2143 4103 2198 4155 Si
2227 4105 2579 4173 couspexeris
2635 4107 2916 4160 hominem
2952 4109 3181 4171 victum,
3211 4120 3266 4162 et
3299 4118 3587 4178 postquam

2007 4195 2180 4249 victus
2210 4205 2312 4262 est,
2340 4211 2443 4250 non
2481 4197 2762 4254 dedentem
2811 4213 2868 4254 se
2899 4199 3329 4267 intemperantiae
3353 4200 3419 4252 ad
3453 4213 3586 4269 ope-

2007 4287 2270 4342 rationem
2326 4289 2501 4342 omnis
2552 4288 2908 4342 immundilim
2945 4289 3118 4356 ;quin
3177 4289 3358 4358 potius
3403 4305 3586 4344 resur-

2005 4386 2244 4444 gentem,
2275 4379 2398 4431 dum
2433 4377 2750 4431 recordatur
2780 4377 2926 4431 illius
2968 4377 3294 4447 Scriptura}:
3323 4374 3466 4432 Nam
3493 4381 3584 4449 qui

2009 4469 2217 4528 cecidit,
2245 4484 2348 4522 non
2372 4469 2593 4540 resurgit
2619 4479 2643 4531 ε)
2679 4469 2755 4523 vel
2775 4471 2867 4539 qui
2895 4481 3180 4534 aversatur,
3206 4487 3308 4524 non
3335 4472 3586 4525 converti-

316 4567 579 4640 εῤῥάχθη.
623 4567 747 4620 Ἐὰν
783 4568 838 4619 δὲ
891 4567 1030 4638 μετά
1074 4566 1134 4619 τὸ
1193 4568 1380 4618 πεσεῖν
1445 4564 1749 4636 ἁπαυδήσῃ,
1793 4584 1882 4620 κα-

2019 4571 2090 4612 ‘ur
2117 4561 2202 4614 9"?
2229 4561 2336 4624 dic,
2390 4563 2512 4631 quia
2541 4579 2660 4617 cum
2695 4563 2950 4617 ceciderit
2989 4564 3075 4616 vir
3105 4561 3446 4629 huiusmodi,
3475 4577 3582 4617 non

313 4658 609 4730 τερράχθη.
657 4659 834 4710 Καλὸν
884 4659 980 4728 μὲν
1010 4652 1103 4710 οὖν
1154 4656 1390 4728 ἀθλητὴς
1435 4651 1574 4708 εἶναι
1622 4655 1888 4721 ἅπτωτος,

315 4753 408 4803 καὶ
454 4751 540 4802 ἵνα
582 4749 755 4812 οὕτως
799 4750 1050 4820 ὀνομάσω
1096 4749 1204 4802 ἀπὸ
1251 4749 1358 4802 τῶν
1409 4748 1890 4820 παραδειγμάτων,

313 4842 740 4914 ἀμεσολὰδητος,
757 4840 1146 4905 ὰσυνέζωστος.
1170 4843 1234 4896 Εἰ
1258 4841 1315 4894 δὲ
1338 4840 1643 4904 πέπτωκεν,
1668 4842 1895 4911 ἀναστή-

310 4953 407 4987 τω.
445 4933 770 4988 Πενθοῢνται
793 4934 899 5005 γὰρ
932 4935 982 4986 οἱ
1014 4935 1289 5002 πεσόντες,
1315 4933 1408 4987 καὶ
1445 4933 1582 5004 μετὰ
1609 4933 1670 4986 τὸ
1708 4935 1892 5006 ἁμαρ-

309 5026 470 5098 τῆσαι
502 5026 937 5096 ἁπαλγήσαντες,
979 5028 1075 5079 καὶ
1121 5025 1453 5097 παραδόντες
1486 5027 1708 5089 ἑαυτοὺς
1743 5027 1890 5099 πάσῃ

307 5117 570 5189 ἁμαρτίᾳ.
612 5118 698 5170 Ἐν
717 5119 977 5183 ἀγενείων
1002 5117 1135 5188 (78),
1161 5119 1216 5171 ἐν
1240 5117 1464 5188 ἀνδράσι
1493 5115 1885 5189 στεφανωθητι.

307 5207 610 5269 Πέπτωκας
654 5209 711 5259 ἐν
745 5207 926 5272 παισίς
959 5208 1052 5260 τὸν
1097 5207 1341 5277 ἀγένειον
1371 5207 1656 5275 ἀγώνισαι,
1685 5207 1779 5260 καὶ
1811 5207 1888 5259 νί-

308 5313 472 5367 κησον
507 5298 566 5349 ὲν
611 5293 776 5361 αὐτῷ.
828 5298 914 5350 Ἐν
967 5297 1142 5369 κοιλίᾳ
1186 5297 1473 5368 ὲπτέρνισε
1519 5297 1610 5350 τὸν
1655 5294 1826 5350 Ἠσαῦ
1860 5299 1888 5350 ὁ

318 5387 542 5441 Ἰακώϐ·
583 5389 647 5441 ἐκ
682 5387 869 5452 παιδὸς
914 5391 942 5442 ὁ
973 5390 1172 5460 Δανιὴλ
1205 5391 1597 5462 προεφήτευσε,
1633 5391 1728 5444 καὶ
1760 5391 1887 5454 τοὺς

377 5503 421 5535 ⁸⁸
447 5502 590 5560 Psal.
629 5521 801 5571 Lxxn,
835 5503 927 5559 25.
1003 5505 1048 5537 ‘9
1085 5504 1226 5560 Psal.
1253 5521 1304 5570 ν,
1338 5506 1391 5560 5.

376 5597 490 5670 (3,6)
526 5598 726 5670 Κύριλ·

372 5667 486 5742 (Π)
524 5667 694 5742 Beir-

373 5739 484 5808 (78)
525 5739 684 5795 Forte
710 5739 770 5805 ἐξ
805 5739 1086 5809 ἀγενείων,
1117 5741 1197 5796 vel
1230 5741 1289 5792 ἐν
1319 5741 1608 5808 ἀγενείοις,

371 5809 484 5880 (79)
513 5809 759 5885 lupulucta
816 5811 1161 5877 Grazcorum,
1221 5814 1310 5881 qui
1363 5817 1732 5870 adversarium
1802 5825 1882 5871 ter

1469 5507 1514 5539 °°
1543 5505 1741 5562 Jeretn.
1764 5523 1880 5572 VIII,
1923 5505 1976 5560 4.

2001 4662 2084 4708 est
2105 4653 2348 4708 collisus.
2381 4653 2446 4706 At
2468 4653 2512 4706 si
2540 4663 2824 4722 postquam
2859 4655 3085 4720 cecidit,
3121 4655 3330 4710 animos
3355 4658 3582 4725 despon-

2001 4743 2147 4808 deat,
2173 4745 2286 4814 jam
2325 4745 2546 4801 collisus
2577 4757 2676 4800 est.
2707 4745 2936 4802 Prmstat
2977 4748 3140 4816 igitur
3181 4747 3436 4801 athletam
3462 4762 3583 4803 esse

2005 4825 2225 4890 minime
2254 4837 2546 4892 obnoxlum
2585 4837 2780 4907 lapsui,
2812 4849 2867 4893 et
2901 4849 2959 4892 ιιι
2985 4840 3064 4894 sic
3091 4840 3158 4894 ab
3191 4840 3456 4908 exemplis
3483 4855 3582 4894 no-

2003 4928 2225 4995 minem,
2259 4930 2350 4998 qui
2401 4944 2500 4983 nec
2529 4929 2670 4984 unde
2699 4931 3090 4998 prehendatur,
3123 4945 3223 4984 nec
3257 4934 3578 4987 vestimenta

2001 5021 2215 5074 habeat.
2251 5021 2322 5074 At
2353 5021 2397 5074 si
2446 5023 2662 5084 cecidit,
2697 5031 2964 5090 resurgat.
3003 5021 3281 5077 Deﬂentur
3321 5023 3464 5078 enim
3487 5024 3578 5092 qui

1997 5113 2333 5177 ceciderunt,
2365 5122 2418 5167 et
2445 5123 2566 5182 post
2605 5123 2822 5183 peccata
2849 5114 3150 5169 indolentes
3178 5125 3324 5180 sunt,
3351 5117 3584 5171 dedunt-

1995 5221 2103 5276 que
2135 5206 2343 5277 seipsos
2365 5207 2512 5261 onmi
2546 5205 2773 5277 ﬂagitio.
2795 5207 3290 5276 Adolescens-ergo
3319 5210 3458 5264 inter
3483 5211 3582 5264 ho-
3647 5213 3650 5216 ’

1997 5301 2172 5354 mines
2213 5313 2500 5354 coronare.
2546 5298 2801 5354 Cecidisﬁ
2853 5316 2882 5353 a
2928 5300 3576 5370 pueroiAdolcscentt-m

1997 5389 2233 5457 imitare,
2265 5399 2320 5445 et
2369 5392 2529 5447 vince
2559 5407 2656 5462 per
2707 5391 2855 5445 illam
2909 5403 3145 5447 aetatem.
3178 5393 3231 5446 In
3274 5403 3426 5449 utero
3454 5409 3578 5464 sup-

1993 5616 2408 5680 prostraverat,
2438 5605 2691 5680 palmata
2722 5603 3142 5680 _fet'_ebat;ttnde
3191 5607 3431 5680 τριάξαιρ
3493 5607 3578 5662 vel

1993 5671 2224 5800 zeli-tiara,
2253 5687 2338 5731 est
2355 5671 2597 5800 c(uincere.
2635 5677 2849 5734 Videsis
2880 5671 3152 5746 Poterum,
3187 5671 3348 5733 Αἰτίιί
3377 5677 3551 5732 Orm-

2015 5763 2087 5804 ι).
2119 5767 2179 5816 ιι,
2207 5763 2327 5816 cap.
2361 5767 2402 5801 ..ί
2435 5788 2448 5802 .

2073 5789 2087 5804 ο
2119 5783 2179 5818 ιι,
2207 5783 2327 5816 yart
2361 5783 2448 5802 illo
