4186 6410
585 387 689 443 ιὸΰ

1464 386 2023 444 SUPPLEMENTUM
2059 386 2151 441 AD
2187 385 2512 444 ORIGENIS
2548 387 2964 445 EXEGETICA.

3727 391 3824 447 I36

582 501 848 573 plantavit
894 499 1096 555 Esaum
1138 496 1410 567 Iacobus;
1447 518 1477 557 a
1513 519 1682 574 puero
1717 505 1901 559 Daniel
1934 506 2148 575 prophe-

2264 503 2666 575 πρεσϐυτέρους
2711 503 2954 575 ἧλεγξεν.
2995 504 3070 558 Oti
3114 502 3338 557 δύνασαι
3386 500 3624 567 τοιοῦτος
3679 501 3807 573 γενέ

583 596 741 659 tavit,
775 603 829 649 et
878 592 1119 649 seniores
1164 595 1431 664 coarguit.
1476 594 1592 651 Non
1640 607 1794 666 potes
1843 597 2147 665 hujusmodi

581 688 813 743 evadere
841 685 867 741 τ
890 686 1018 741 Esto
1072 688 1340 756 sequioris
1367 688 1576 744 ordinis
1622 690 1849 756 athleta,
1872 699 1932 744 ut
1957 691 2043 744 vir
2061 690 2148 757 ju-

580 788 731 844 stus,
786 780 876 848 qui
912 782 1160 849 quamvis
1211 784 1375 838 cadat
1417 782 1468 836 in
1501 782 1640 838 lucta
1685 782 1770 837 vel
1813 798 2011 844 cursu,
2045 799 2151 838 non

578 873 870 938 colliditur,
900 875 1025 943 quia
1054 873 1312 930 Dominus
1361 874 1595 944 saluii-it
1626 891 1839 929 matrum
1879 875 2014 945 ejus.
2046 874 2153 928 Du-

579 965 668 1018 bia
717 964 949 1027 locutio;
980 965 1254 1020 incertum
1303 968 1451 1021 enim
1489 976 1669 1022 utrum
1714 982 1888 1033 suam,
1936 967 2019 1021 vel
2071 966 2157 1022 lu-

577 1056 777 1111 ctantis
827 1072 891 1112 ac
928 1056 1040 1124 jam
1071 1056 1389 1124 collidendi,
1435 1067 1629 1113 utnon
1666 1072 1895 1128 prorsus
1928 1066 2053 1113 ruat
2096 1057 2156 1113 in

578 1145 794 1211 lactem,
828 1154 884 1201 et
920 1156 1067 1202 totus
1079 1147 1262 1215 jaceat
1294 1147 1445 1201 humi
1476 1157 1802 1215 prostratus.

577 1236 643 1293 ν.
673 1238 764 1294 25.
798 1238 994 1294 Iunior
1016 1239 1131 1307 fui;
1154 1241 1342 1293 etenim
1380 1240 1528 1293 senui
1554 1255 1572 1292 :
1594 1249 1641 1293 et
1669 1255 1773 1294 non
1814 1239 1925 1294 uidi
1956 1239 2155 1307 iustum

1194 1310 1527 1363 derelictum.

648 1398 819 1452 Aliter
847 1409 1028 1455 autem
1082 1411 1397 1469 reputamus
1439 1408 1658 1455 aetatem
1686 1400 1985 1456 secundum
2016 1400 2154 1456 inte-

576 1491 779 1545 riorem
812 1491 1108 1553 hominem,
1132 1490 1304 1559 pueri,
1334 1489 1576 1557 juvenis,
1610 1491 1778 1545 senis.
1811 1492 1957 1547 Ante
1987 1490 2161 1545 Abra-

575 1581 704 1637 ham
730 1597 882 1652 ergo.
902 1582 1255 1653 longteviores
1283 1581 1372 1636 illo
1410 1598 1517 1639 non
1546 1592 1675 1638 sunt
1710 1583 1841 1638 dicti
1869 1586 2156 1648 seniores;

576 1676 670 1730 sed
704 1676 818 1743 ipse
856 1676 1064 1743 primus
1088 1686 1310 1745 propter
1339 1676 1597 1730 virtutem
1629 1676 1814 1731 senior
1842 1677 2076 1743 audivit,
2104 1686 2162 1733 et

574 1777 858 1835 propterea
893 1768 1033 1836 quod
1063 1768 1290 1822 interior
1331 1769 1494 1823 homo
1518 1767 1635 1835 ejus
1664 1780 2007 1824 evacuaverat
2041 1787 2159 1837 quia

2252 595 2377 649 σθαι
2396 612 2411 661 ;
2433 594 2594 650 Γενοῦ
2617 594 2744 666 ἐεῆς
2770 595 3026 667 ἀθλητὴς,
3048 595 3122 660 ὡς
3150 598 3179 649 6
3200 595 3424 661 δίκαιος,
3454 595 3534 658 ὃς,
3562 596 3666 649 κᾶν
3688 595 3830 667 πέσῃ

2253 686 2495 741 παλαίων
2527 686 2560 758 ἢ
2603 687 2832 759 τρέχων,
2863 690 2937 741 οὐ
2964 689 3457 757 ωταρῤήγνυται,
3490 687 3579 740 ὅτι
3615 687 3829 753 Κύριος

2250 777 2643 846 ἁντιστηρὶζει
2672 778 2840 848 χεῖρα
2862 779 3067 833 αὐτοῦ.
3108 778 3429 850 ’Δμφίϐολος
3457 780 3491 849 ἡ
3525 778 3667 844 λέξις
3686 792 3699 806 ο
3729 772 3829 827 πό·

2251 888 2409 941 τερον
2437 870 2544 943 γὰρ
2569 870 2665 943 τὴν
2689 871 2901 935 ἐαυτοῦ,
2936 872 2970 943 ἢ
3001 871 3097 944 τὴν
3130 871 3225 925 τοῦ
3257 872 3572 935 παλαίοντος
3606 872 3698 924 καὶ
3722 869 3822 941 ἤδη

2255 958 2537 1036 μέλλοντος
2589 966 3087 1036 καταρρήγνυσθαι,
3137 965 3221 1018 ἵνα
3270 963 3345 1036 μὴ
3388 964 3525 1028 ὅλως
3570 963 3697 1035 ἔλθῃ
3730 962 3825 1016 ἐπὶ

2253 1056 2565 1128 πρόσωπον,
2598 1057 2693 1110 καὶ
2725 1057 2947 1128 γένηται
2979 1057 3151 1129 χαμαὶ
3182 1056 3299 1120 ὅλος
3332 1056 3600 1127 κείμενος.

2336 1395 2567 1467 Ἑτέρως
2592 1397 2649 1451 δέ
2677 1397 2834 1466 ἴσμεν
2852 1397 3081 1468 ἡλικίαν·
3099 1398 3239 1451 κατὰ
3266 1397 3356 1450 τὸν
3381 1398 3488 1449 ἐσω
3515 1395 3821 1466 ἄνθρωπον,

2257 1487 2489 1551 παιδίου,
2519 1489 2822 1552 νεανίσκου,
2853 1493 3124 1560 γέροντος.
3154 1488 3266 1559 Πρὸ
3290 1488 3420 1557 γοῦν
3444 1488 3536 1541 τοῦ
3574 1489 3826 1561 Ἀϐραὰμ

2255 1581 2304 1632 oi
2343 1580 2821 1654 πολυχρονιώτερα
2846 1581 3008 1636 αὑτοῦ
3032 1581 3131 1634 οὐκ
3158 1582 3401 1652 εἴρηνται
3429 1580 3785 1652 πρεσϐύτεροι
3802 1594 3819 1611 ·

2256 1670 2371 1725 ἀλλ’
2388 1672 2550 1735 αὐτὸς
2584 1672 2797 1743 πρῶτος
2825 1673 2893 1727 δι’
2920 1672 3116 1745 ἀρετὴν
3140 1672 3506 1744 πρεσϐύτερος
3527 1672 3823 1743 ἐχρημάτι-

2259 1781 2340 1827 σε,
2370 1765 2465 1819 καὶ
2495 1764 2584 1817 διὰ
2607 1764 2667 1817 τὸ
2693 1764 2784 1817 τὸν
2823 1765 2930 1818 ἔσω
2958 1765 3119 1818 αὑτοῦ
3151 1764 3432 1837 ἄνθρωπον
3460 1761 3821 1832 κατηργηκέ-

573 1858 1035 1928 ernutparvuli“.
1078 1860 1213 1913 Attdi
1259 1857 1593 1916 Jeremiam:
1632 1859 1715 1915 Ne
1736 1862 2139 1932 dixeritis.quia

2246 1872 2337 1911 rat
2366 1858 2438 1911 τὰ
2489 1857 2593 1910 τοῦ
2643 1859 2882 1925 νηπίου.
2924 1858 3034 1911 Καὶ
3078 1858 3344 1928 Ἰερεμίου
3386 1856 3576 1910 ικουε·
3603 1853 3823 1923 Alth

564 1951 755 2021 junior
781 1968 874 2021 ego
900 1969 1017 2007 sunt
1050 1954 1118 2007 ⁹¹.
1144 1951 1279 2007 Tale
1300 1953 1429 2023 quid
1466 1963 1520 2008 tu
1557 1953 1692 2008 mihi
1741 1953 1917 2023 cogita
1946 1952 2011 2007 de
2042 1952 2146 2007 Da-

576 2045 663 2099 vid
691 2058 908 2113 quoque
936 2061 950 2098 :
975 2042 1191 2109 Iunior,
1221 2044 1415 2115 inquit,
1443 2044 1521 2114 fui
1551 2060 1572 2109 ,°
1597 2045 1888 2099 secundum
1926 2045 2147 2099 interio-

572 2150 688 2191 rem
718 2137 1015 2192 hominem.
1052 2135 1292 2192 Mutatus
1321 2147 1502 2192 autem
1550 2135 1620 2191 de
1646 2136 1868 2205 juvenili
1909 2152 2059 2190 more
2089 2146 2147 2193 et

573 2226 837 2290 instabili,
874 2226 1167 2282 secundum
1191 2242 1351 2297 quem
1368 2227 1698 2298 juvenilibus
1724 2228 1947 2281 studens
1969 2227 2145 2297 iunior

573 2334 743 2383 eram,
777 2319 844 2373 ad
889 2328 1227 2375 senectutem
1263 2323 1407 2383 veni,
1432 2321 1598 2373 vitam
1645 2319 1853 2373 habens
1885 2321 2146 2377 immacu-

572 2409 763 2475 latam,
791 2417 846 2463 et
875 2422 1065 2462 canam
1098 2408 1465 2477 prudentiam.
1495 2410 1674 2478 Atque
1705 2418 1764 2462 ut
1791 2409 1860 2464 ita
1894 2406 2145 2479 profece-

572 2500 708 2564 riin,
742 2515 848 2553 non
909 2500 1017 2554 vidi
1064 2510 1275 2570 Justum
1320 2498 1645 2554 derelictum.
1677 2500 1734 2556 Si
1790 2501 2146 2570 corporaliter

572 2590 873 2663 intelligas,
906 2591 1101 2646 falsum
1147 2600 1249 2647 est.
1288 2591 1358 2647 At
1398 2592 1517 2647 duae
1548 2603 1673 2647 sunt
1710 2590 2094 2648 derelictiones
2125 2611 2140 2661 ;

571 2683 744 2739 altera
803 2682 1128 2754 corporalis,
1175 2700 1296 2754 qua:
1348 2684 1481 2738 nihil
1519 2683 1675 2740 nobis
1722 2683 1921 2750 ol'licit;
1971 2684 2143 2740 altera

572 2773 892 2844 spiritualis,
926 2780 1046 2845 ιιιιὼ
1082 2774 1332 2830 interitus
1370 2785 1474 2830 est.
1511 2775 1779 2843 Quantum
1810 2776 1975 2847 igitur
2003 2777 2142 2833 dite-

573 2867 779 2922 scimus
809 2867 864 2921 in
893 2868 1149 2937 operibus
1174 2867 1360 2937 iustis,
1388 2877 1538 2924 tanto
1574 2871 1745 2939 magis
1768 2867 2055 2937 juvamur,
2084 2879 2144 2924 ut

575 2974 681 3013 non
717 2955 1162 3027 derelinquamur
1189 2973 1359 3029 usque
1392 2961 1445 3014 in
1484 2960 1662 3014 linem.
1691 2960 1898 3015 Idcirco
1925 2976 2030 3015 non
2054 2961 2141 3015 di-

575 3050 677 3115 xit,
700 3049 791 3121 qui
819 3049 1232 3121 derelinquatur,
1262 3052 1355 3106 sed
1400 3050 1695 3107 derelictus.
1730 3052 1867 3120 Quia
1909 3052 1974 3107 ad
2008 3061 2143 3108 leta-

572 3154 673 3207 pus
711 3139 1161 3210 derelinquuntur
1202 3139 1366 3194 etiam
1409 3143 1560 3208 justi,
1601 3143 1758 3197 sicuti
1798 3140 1920 3207 Job,
1956 3153 2016 3198 ut
2048 3157 2143 3214 ap-

573 3239 786 3300 pareret
806 3229 1007 3300 justus.

1168 3319 1364 3376 PSAL.
1399 3318 1533 3373 XLI.

574 3408 637 3465 V.
672 3412 749 3483 10Ϊ
794 3410 977 3466 Dicam
1008 3411 1116 3483 peo
1154 3413 1493 3467 :Auxiliator
1524 3429 1666 3465 meus
1703 3429 1777 3469 es.
1809 3410 1877 3466 Ut
1904 3414 2029 3483 quid
2046 3415 2145 3467 mei

643 3482 833 3555 oblitus
861 3498 913 3555 es
943 3484 968 3537 γ
998 3480 1064 3555 Et
1086 3498 1247 3551 quare
1270 3484 1437 3537 tristis
1464 3483 1647 3537 incedo
1673 3483 1839 3547 vultu,
1862 3480 1985 3538 dum
2009 3485 2144 3555 ami-

640 3553 712 3622 git
734 3554 978 3605 inimicus
1010 3552 1037 3605 2

577 3642 755 3713 νηιι.
788 3641 921 3697 Cum
962 3642 1429 3713 confringebantur
1481 3660 1602 3698 ossa
1652 3661 1790 3705 mea,
1821 3646 2145 3713 impropera-

644 3712 767 3764 bant
805 3713 935 3783 mihi
968 3712 1336 3783 inimiciimei
1371 3729 1530 3767 :cum
1586 3715 1811 3769 dicerent
1864 3715 1962 3783 ipsi
1992 3712 2143 3767 inihi

641 3782 876 3848 quotidie
907 3797 926 3835 :
962 3780 1063 3835 Ubi
1084 3792 1160 3836 est
1199 3782 1338 3837 Deus
1366 3795 1484 3837 tuus
1516 3785 1542 3837 .9

644 3874 758 3927 Non
812 3873 1060 3929 videmus
1109 3889 1302 3929 omnes
1325 3876 1598 3944 quomodo
1630 3875 1955 3930 misereatur
1978 3874 2139 3931 Deus.

572 3965 712 4032 Quin
768 3965 931 4020 etiam
962 3979 1106 4035 saepe
1152 3967 1205 4020 in
1256 3965 1322 4021 iis
1358 3980 1477 4035 qua:
1513 3980 1577 4020 ex
1612 3966 1982 4022 misericordia
2028 3966 2144 4035 ejus

568 4060 914 4126 proveniunt,
938 4068 1224 4125 propterea
1255 4059 1398 4127 quod
1430 4058 1655 4113 molesta
1684 4069 1830 4125 sunt,
1869 4058 2011 4113 haud
2044 4073 2140 4113 vo-

571 4149 1015 4217 lnpehabentes,
1050 4164 1116 4202 ne
1169 4150 1390 4218 quidem
1437 4165 1557 4205 esse
1605 4163 1668 4202 ea
1712 4150 2139 4204 misericordiam

569 4242 965 4296 existimamus.
1020 4240 1312 4310 Propterea
1408 4242 1702 4297 dicimus:
1769 4241 1971 4313 thuid
2037 4241 2140 4294 περὶ

569 4335 760 4390 oblitus
780 4350 832 4388 es
858 4334 885 4387 Ρ
910 4334 976 4387 At
1012 4335 1102 4403 qui
1145 4334 1399 4403 percipit,
1433 4334 1560 4404 quia
1594 4347 1755 4388 omne
1790 4334 1936 4403 quod
1980 4334 2141 4388 indu-

2245 1967 2406 2020 τετε,
2442 1950 2533 2004 ὅτι
2572 1950 2855 2018 νεώτερος
2893 1950 3008 2020 ἐγώ
3034 1952 3168 2019 ειμι.
3202 1950 3453 2003 Τοιοῦτόν
3493 1949 3545 2001 τί
3589 1966 3679 2019 μοι
3709 1949 3819 2003 νόει

2245 2042 2339 2097 καὶ
2372 2043 2502 2114 περὶ
2532 2040 2627 2096 τοῦ
2655 2040 2815 2095 Δαϐίδ
2833 2058 2847 2071 ·
2876 2042 3129 2109 Νήπιος,
3157 2042 3340 2113 φησὶν,
3365 2041 3658 2112 ἐγενόμην
3678 2041 3821 2096 κατὰ

2244 2135 2333 2187 τὸν
2377 2135 2485 2187 ἐσω
2535 2152 2635 2206 μου
2681 2134 2985 2205 ἄνθρωπον.
3038 2132 3370 2188 Μεταϐαλὼν
3418 2133 3474 2187 δὲ
3517 2134 3581 2187 ἐκ
3624 2132 3820 2204 νεαροῦ

2245 2226 2406 2297 ἤθους
2436 2226 2530 2279 καὶ
2577 2225 2855 2288 ἀϐεϐαίου,
2907 2224 3028 2279 καθ’
3079 2226 3141 2279 ὃν
3186 2224 3520 2296 νεωτερίζων
3558 2223 3820 2292 νεώτερος

2245 2316 2412 2385 ήμην,
2457 2316 2536 2378 είς
2574 2314 2753 2384 γῆρας
2797 2309 2979 2385 ἦλθον,
3020 2314 3133 2384 βίον
3176 2312 3507 2385 ἁκηλίδωτον
3547 2313 3686 2383 ἔχων
3724 2312 3821 2369 καὶ

2246 2406 2435 2460 πολιὰν
2465 2405 2747 2477 φρόνησιν.
2776 2405 2883 2457 Καὶ
2912 2404 3053 2459 οὕτω
3075 2403 3372 2476 προκόψας,
3402 2406 3512 2457 οὐκ
3534 2401 3698 2457 εἶδον
3727 2402 3819 2457 δι.

2244 2513 2416 2548 καιον
2432 2494 3059 2565 ἐγκαταιελειμμένον.
3096 2495 3220 2548 Ἐὰν
3242 2495 3568 2567 σωματικῶς
3590 2494 3817 2566 ἀκούῃς,

2243 2586 2433 2656 ψεῦδός
2464 2588 2600 2642 ἐστι.
2644 2588 2748 2640 Δύο
2777 2587 2834 2639 δέ
2864 2589 3001 2639 εἰσιν
3032 2587 3473 2656 ἐγκαταλείψεις·
3506 2589 3539 2657 ὴ
3581 2587 3678 2657 μὲν
3710 2602 3817 2640 σω-

2247 2680 2469 2751 ματικὴ,
2497 2681 2619 2750 ἥτις
2656 2681 2805 2734 οὐδὲν
2843 2682 2990 2752 ἡμᾶς
3038 2680 3294 2750 βλάπτει·
3331 2681 3366 2751 ἡ
3398 2680 3456 2733 δὲ
3488 2679 3587 2750 τῆς
3617 2677 3814 2749 ψυχῆς,

2242 2770 2364 2842 ἥτις
2408 2772 2649 2844 ὀλέθριός
2694 2776 2860 2827 ἐστιν.
2899 2774 3059 2828 Ὅσον
3097 2775 3195 2844 μὲν
3234 2769 3328 2828 οὖν
3375 2773 3707 2844 πλουτοῦμεν
3751 2775 3811 2826 ἐν

2243 2863 2424 2936 ἐργοις
2450 2864 2696 2929 δικαίοις,
2721 2864 2969 2921 τοσοῦτον
2997 2866 3195 2937 μᾶλλον
3219 2866 3556 2939 βοηθούμεθα
3580 2866 3715 2937 πρὸς
3747 2866 3807 2921 τὸ

2246 2956 2320 3027 μὴ
2385 2955 2872 3024 ἐγκαταλείπεσθαι
2938 2959 3104 3030 μέχρι
3162 2958 3367 3022 τέλους.
3434 2959 3525 3011 Διὸ
3582 2960 3683 3013 ούκ
3727 2956 3809 3013 εἷ-

2243 3063 2366 3109 πεν,
2412 3048 2948 3118 ἐγκαταλειρθέγτα
2969 3089 2983 3112 ,
3033 3049 3149 3103 ἀλλ’
3179 3049 3812 3120 ἐγκαταλελειμμένον.

2255 3137 2428 3201 Ἐπεὶ,
2460 3138 2596 3209 πρὸς
2640 3139 2829 3211 καιρὸν
2865 3140 2956 3193 καὶ
2994 3139 3560 3212 ἐγκαταλιμπάνονται
3596 3143 3813 3209 δίκαιοι,

2169 3217 2213 3275 C
2245 3227 2321 3291 ὡς
2342 3229 2371 3280 6
2416 3227 2553 3292 Ἰὼϐ,
2590 3228 2675 3283 ἵνα
2700 3230 2943 3301 ἀναφανῇ
2971 3230 3198 3295 δίκαιος.

2864 3320 3032 3376 ΨΑᾹ.
3066 3322 3202 3376 MA’.

2247 3408 2393 3479 Στίχ.
2416 3416 2467 3463 ι’.
2488 3407 2633 3481 Ἐρῶ
2657 3410 2779 3473 Θεῷ
2796 3427 2810 3440 ·
2852 3410 3242 3477 Ἀντιλήπτωρ
3266 3428 3385 3478 μου
3409 3406 3466 3465 εἷ
3508 3412 3609 3465 Διὰ
3626 3412 3682 3465 τί
3695 3429 3815 3481 μου

2316 3479 2637 3553 ἐπελᾴᾷοικ
2666 3481 2773 3533 Καὶ
2811 3482 2911 3533 ἵνα
2936 3483 2991 3534 τί
3016 3481 3448 3547 σκυθρωπάζων
3471 3479 3815 3553 πορεύομαι,

2315 3552 2384 3604 ἐν
2408 3550 2488 3616 τῷ
2512 3551 2805 3606 ἐκθλίϐειν
2841 3552 2945 3604 τὸν
2968 3553 3220 3620 ἐχθρόν;

2246 3644 2391 3713 Στίχ.
2425 3650 2510 3696 ια’.
2553 3644 2654 3697 Ἑν
2681 3641 2760 3707 τῷ
2786 3642 3286 3714 καταθλᾶσθαιᾲτὰ
3309 3642 3460 3714 (an?
3485 3662 3623 3714 μου,
3652 3644 3818 3698 ὠνεί-

2316 3712 2476 3774 διζόν
2502 3730 2572 3780 με
2599 3717 2651 3767 οἱ
2671 3714 2874 3781 ἐχθροί
2897 3730 3014 3781 μου
3043 3713 3111 3765 ὲν
3136 3712 3216 3779 τῷ
3247 3712 3447 3782 λέγειν
3468 3712 3689 3780 αὐτούς
3712 3732 3817 3782 μοι

2306 3785 2442 3860 ,καθ’
2473 3783 2742 3851 ἑκάστην
2781 3783 3039 3853 ἡμέραν
3071 3783 3193 3837 Ποῦ
3225 3785 3395 3837 ἐστιν
3421 3788 3453 3837 d
3483 3787 3617 3850 Θεό(
3660 3800 3816 3847 σου;

2316 3875 2427 3945 Οὐχ
2454 3874 2668 3947 ὁρῶμεν
2691 3874 2748 3927 δὲ
2768 3875 2975 3939 πάντες
3010 3875 3130 3938 πῶς
3156 3875 3296 3929 ἐλεεῖ
3314 3879 3343 3929 6
3365 3875 3517 3939 Θεός.
3552 3878 3659 3930 Καὶ
3688 3877 3816 3930 πολ-

2245 3967 2400 4031 λάκις
2431 3967 2564 4038 πρὸς
2586 3966 2656 4019 τὰ
2684 3968 2804 4019 κατ’
2832 3964 3199 4037 ἐλεημοσύνην
3235 3966 3399 4021 αὑτοῦ
3431 3968 3709 4038 γινόμενα,
3736 3967 3815 4038 τῷ

2244 4060 2476 4115 ἐπίπονα
2520 4055 2676 4123 εἶναι,
2707 4062 2806 4131 οὐχ
2844 4060 3013 4132 ἡδέως
3055 4060 3286 4131 ἔχοντες,
3322 4062 3442 4115 οὐδὲ
3486 4062 3633 4115 ἐλεον
3676 4061 3814 4116 εἶναι

2242 4150 2555 4223 νομίζομεν.
2593 4154 2683 4208 Διδ
2714 4152 2968 4223 λέγομεν
3004 4154 3106 4206 Διὰ
3134 4153 3192 4205 τι
3221 4170 3340 4222 μου
3378 4152 3711 4215 ἐπελάθουξ
3755 4155 3814 4208 '0

2241 4244 2297 4298 δέ
2326 4244 2631 4317 διειληφὼς,
2661 4247 2741 4299 ὅτι
2784 4247 2892 4299 πᾶν
2931 4246 2961 4299 6
2994 4246 3187 4313 ἐπάγει
3214 4246 3243 4298 6
3269 4245 3401 4309 Θεὸς
3432 4246 3815 4318 συμφερόντως

2244 4337 2461 4405 ἐπάγει,
2484 4338 2635 4391 οὐδὲν
2665 4339 2780 4408 ἐρεῖ
2800 4337 3058 4401 τοιοῦτον,
3087 4332 3261 4401 είδὼς,
3290 4338 3372 4391 ὅτι
3397 4338 3495 4408 τὴν
3527 4338 3814 4408 μετάνοιαν

569 4427 646 4481 cit
702 4426 842 4481 Deus
890 4425 1095 4480 utiliter
1144 4426 1372 4491 inducit,
1423 4425 1556 4478 ntltil
1603 4425 1709 4478 tale
1740 4425 1908 4490 dicet,
1960 4426 2140 4481 sciens

2246 4429 2429 4493 αὐτοῦ,
2469 4429 2563 4483 καὶ
2589 4429 2687 4500 τὴν
2719 4427 2988 4498 ὠφέλειαν
3035 4428 3556 4500 πραγματευόμενος
3582 4429 3612 4481 6
3656 4430 3810 4494 Θεὸς,

570 4517 738 4574 [lcum
791 4518 869 4573 ita
921 4531 1099 4588 agere,
1141 4519 1264 4586 quia
1296 4517 1628 4585 paenitentia!
1678 4527 1734 4571 et
1762 4516 1981 4571 utilitati
2019 4516 2139 4585 ejus

2246 4520 2400 4573 τοῦτο
2427 4523 2589 4574 ποιεῖ.
2634 4519 2774 4572 Ἀλλ’
2821 4520 2957 4590 ὅπερ
2999 4519 3277 4591 ἐλέγομεν,
3315 4520 3345 4572 6
3391 4521 3813 4589 μεταγινώσκων

570 4612 770 4667 studet.
799 4607 905 4664 Sed
931 4610 1074 4679 quod
1128 4608 1457 4670 dicebamus,
1494 4608 1761 4677 paenitens
1796 4606 1985 4676 vulgus
2033 4606 2138 4661 sci-

2246 4611 2368 4675 λαὸς
2391 4610 2713 4665 πυνθάνεται
2735 4611 2829 4665 τοῦ
2860 4610 3017 4675 Θεοῦ,
3042 4611 3129 4664 διὰ
3169 4611 3221 4664 τί
3254 4611 3414 4666 αὑτὸν
3440 4613 3814 4680 ἐγκαταλέλοι-

572 4702 797 4759 5citatur
825 4716 855 4755 a
894 4701 1024 4764 Deo,
1059 4713 1157 4753 cur
1200 4701 1377 4771 ipsum
1412 4700 1692 4769 reliquerit
1716 4698 1851 4753 adeo
1877 4698 2135 4753 amictum

2246 4719 2344 4755 πεν
2370 4701 2540 4767 οὓτως
2565 4702 2945 4773 ἐκθλιϐόμενον
2983 4703 3078 4756 καὶ
3104 4702 3586 4773 σκυθρωπάζοντα.
3603 4704 3714 4771 (80)
3748 4703 3815 4756 Τί

571 4810 637 4850 ac
678 4793 894 4849 tristitia
925 4792 1200 4847 obrutum.
1229 4790 1488 4858 Quaenam
1519 4800 1603 4845 est
1642 4790 1802 4859 hujus
1830 4788 2140 4843 derelictio-

2246 4793 2304 4848 τὸ
2335 4793 2504 4848 αἴτιον
2545 4793 2643 4864 τῆς
2667 4794 2919 4865 τοιαύτης
2947 4793 3418 4864 ἐγκαταλείψεωςς
3451 4802 3512 4847 οὑ
3555 4795 3616 4848 τὸ
3653 4796 3814 4865 τυχὸν

571 4888 657 4942 nis
685 4901 845 4940 causa
875 4883 901 4937 ἲ
926 4897 1100 4953 neque
1123 4883 1265 4938 enim
1292 4881 1527 4952 vulgaris
1552 4881 1731 4950 aliqua
1752 4894 1873 4934 esse
1904 4879 2135 4933 videtur.

2246 4884 2352 4954 γὰρ
2376 4882 2548 4938 ἔοικεν
2578 4880 2734 4939 εἶναι.
2778 4885 2839 4937 'U
2864 4885 3047 4957 μέντοι
3093 4869 3295 4953 λέγων·
3323 4885 3427 4939 Διὰ
3452 4886 3508 4938 τί
3539 4904 3657 4954 μου
3710 4887 3815 4939 ἑπ-

571 4979 677 5046 Qui
728 4979 891 5048 igitur
921 4976 1053 5031 dicit
1082 4996 1094 5030 :
1140 4973 1336 5045 thuid
1367 4974 1469 5027 mei
1500 4974 1694 5027 oblitus
1726 4988 1780 5026 es
1809 4973 1835 5028 i‘
1860 4969 2138 5026 conlidere

2246 4975 2497 5039 elcwov;
2539 4975 2760 5049 θαρῤιῐν
2789 4976 2984 5041 ἔοικεν,
3012 4978 3088 5041 ὡς
3123 4979 3288 5049 μηδὲν
3321 4975 3655 5049 πεποιηκὼς,
3685 4977 3752 5030 δι’
3779 4977 3816 5030 ἃ

571 5072 803 5136 videtur,
841 5070 983 5139 quod
1037 5068 1169 5123 nihil
1211 5067 1401 5122 fecerit
1450 5080 1659 5127 eorum,
1710 5077 1939 5134 quorum
1976 5073 2138 5115 causa

2246 5066 2703 5121 ἐπιλανθάνεταιό
2727 5069 2875 5133 Θεός.
2909 5069 3057 5123 Πάνυ
3100 5069 3157 5122 δὲ
3190 5070 3347 5123 λυπεῖ
3370 5071 3462 5123 τὸν
3501 5069 3708 5123 δίκαιον
3729 5070 3813 5133 τὸ,

568 5162 917 5217 obliviscatur
953 5161 1111 5215 Deus.
1146 5158 1447 5214 Admodum
1476 5171 1605 5211 vero
1627 5156 1910 5210 contristat
1930 5151 2134 5222 justutvI

2246 5158 2404 5222 Ποῦ;
2449 5160 2544 5212 ἐπὶ
2582 5160 2717 5213 Θεοῦ
2764 5160 3089 5232 λεγόμενον,
3135 5160 3273 5233 ὅπερ
3320 5164 3437 5215 ἐστὶ
3485 5161 3817 5232 σημαντικὸν

571 5254 721 5316 illud,
756 5250 856 5306 Ubi
889 5261 963 5306 est
998 5252 1022 5305 1’
1054 5252 1255 5305 dictum
1286 5250 1353 5306 de
1385 5249 1515 5315 Deo,
1545 5247 1686 5316 quod
1719 5246 1890 5301 locum
1940 5241 2135 5297 innuit.

2246 5250 2428 5304 τόπου.
2473 5251 2584 5321 Τῆς
2626 5252 2734 5323 γὰρ
2760 5254 2995 5325 ἐσχάτης
3019 5256 3203 5319 ἀνοίας
3227 5256 3288 5309 τὸ
3317 5257 3373 5308 ἐν
3397 5254 3546 5325 τόπῳ
3574 5252 3819 5322 νομίζειν

570 5345 665 5399 Est
694 5344 839 5398 enim
885 5354 1141 5398 extrema:
1179 5340 1468 5394 dementia:
1498 5337 1771 5401 arbitrari,
1807 5334 1975 5389 Deum
2015 5346 2136 5387 esse

2246 5338 2376 5396 εἶναι
2392 5344 2480 5399 τὸν
2494 5346 2646 5399 Θεὸν.
2667 5348 2852 5420 Ὅγκῳ
2870 5349 2978 5422 γὰρ
3008 5351 3395 5419 συνυφίσταται
3422 5348 3585 5412 τόπος
3604 5365 3618 5378 ·
3648 5346 3817 5415 ὄγκου

571 5435 622 5487 in
655 5435 793 5489 loco.
838 5433 1205 5504 Magnitudine
1242 5432 1384 5487 enim
1434 5431 1586 5485 locus
1610 5436 1824 5482 constat
1854 5445 1867 5481 :
1909 5437 1963 5480 at
1999 5426 2137 5480 Deus

2246 5431 2297 5485 δὲ
2316 5431 2377 5485 τὺ
2395 5433 2548 5487 Θεῖον
2569 5434 2866 5508 ἐλεύθερον.
2893 5434 3054 5493 Οὗτοι
3078 5439 3134 5493 δὲ
3156 5440 3256 5510 τῆς
3279 5440 3444 5509 εὐχῆς
3473 5440 3522 5491 oi
3550 5437 3696 5506 λόγοι
3720 5436 3816 5490 καὶ

571 5529 693 5583 talis
724 5529 1109 5600 magnitudinis
1157 5541 1351 5597 expers
1406 5534 1511 5580 est.
1574 5523 1661 5578 lsti
1715 5537 1841 5575 vero
1871 5520 2136 5575 orationis

2246 5521 2319 5593 τῷ
2359 5526 2416 5577 ἐν
2460 5525 2735 5583 Βαϐυλῶνι
2770 5528 2884 5600 λαῷ
2928 5529 3275 5603 ἀρμὸζουσιν.
3332 5532 3447 5584 Ἀεὶ
3486 5530 3615 5601 γὰρ,
3660 5529 3815 5598 φησὶν

636 5670 679 5701 ’ί
711 5670 727 5723 l
754 5668 879 5724 Cor.
911 5683 1029 5733 xm,
1060 5669 1148 5723 il.
1221 5668 1266 5699 "
1289 5676 1487 5721 Jerem.
1529 5680 1569 5727 ι,
1593 5664 1645 5716 7.

638 5807 748 5880 (80)
778 5808 971 5876 Κύριλ.
1004 5808 1110 5866 Sed
1142 5808 1315 5879 magis
1343 5806 1636 5877 Origeuent
1668 5810 1903 5878 sapiunt.
