4186 6390
373 393 477 450 13⁸1

1571 379 1937 439 EXCERPTA
1971 379 2036 433 IN
2079 374 2419 434 PSALMOS.

3527 377 3626 432 I58

368 515 468 586 τῆς
499 515 597 586 σῆς
621 513 874 587 προνοίας
893 511 1097 582 τυχὼν,
1129 512 1220 564 καὶ
1249 507 1343 562 νῦν
1373 507 1700 578 γυμνωθεὶς,
1745 503 1941 558 ἀποδύ-

2047 513 2332 555 sermones
2359 497 2524 551 etiam
2549 494 2744 564 populo
2777 503 3085 566 congruunt
3127 493 3402 568 Babylone
3429 499 3626 568 posito.

372 624 556 679 ρομαι,
587 605 660 675 μὴ
707 603 886 674 φέρων
921 603 1046 664 τοὺς
1095 599 1385 670 πολεμίους
1433 598 1526 650 ἐπὶ
1573 597 1807 667 πληγαῖς
1849 596 1943 648 καὶ

368 693 584 769 δεσμοῖς
609 696 702 749 καὶ
725 695 832 747 τῶν
863 694 1011 764 ἐμῶν
1037 693 1238 746 ὀστέων
1267 694 1334 762 τῇ
1364 689 1621 760 συντριϐῇ
1643 689 1902 756 λέγοντας
1925 705 1938 718 ·

369 790 494 844 Ποῦ
522 791 692 843 ἐστιν
723 791 754 841 d
789 787 934 852 Θεός
962 801 1109 848 a'ov;
1137 784 1226 837 διὰ
1249 784 1346 855 τὴν
1370 782 1652 837 ἀσθένειαν
1676 781 1845 834 ταῦτά
1876 797 1942 851 με

377 883 598 954 πάσχειν
643 879 1140 952 ὑπολαμϐάνοντας.
1180 877 1539 948 Ἠθικώτερον
1576 875 1653 928 δέ·
1688 875 1854 928 ’Όταν
1893 875 1942 926 οἱ

375 978 554 1047 ἐχθροὶ
607 976 765 1047 ἡμῶν
813 975 1063 1045 δαίμονες
1109 971 1197 1025 διὰ
1247 971 1346 1041 τῆς
1385 971 1658 1042 ἁμαρτίας
1701 969 1768 1023 τὰ
1812 970 1946 1022 ὀστᾶ

377 1068 526 1140 ημῶν
552 1066 904 1136 συντρίψωσι,
929 1063 1176 1118 τουτέστι
1206 1062 1304 1126 τὰς
1332 1063 1430 1133 τῆς
1450 1061 1629 1132 ψυχῆς
1653 1060 1908 1130 δυνάμεις
1925 1076 1939 1089 ·

377 1159 488 1211 τότε
516 1156 609 1210 τὸν
632 1156 764 1209 Θεὸν
791 1155 1043 1225 ἐπίτηδες
1064 1153 1199 1225 πρὸς
1231 1153 1378 1222 ἡμᾶς
1399 1151 1474 1216 ὡς
1500 1150 1700 1220 ἀσθενῆ
1727 1149 1945 1204 διαϐάλ-

374 1260 570 1314 λουσιν,
601 1251 708 1313 ῐνα,
745 1251 845 1320 τῆς
876 1249 1013 1320 πρὸς
1057 1245 1219 1298 αὑτὸν
1259 1245 1472 1308 ἐλπίδος
1515 1244 1940 1314 ἀποστήσαντες,

375 1342 743 1415 αἰχμαλώτους
795 1343 890 1396 καὶ
932 1340 1150 1404 δούλους
1204 1337 1580 1411 παραλάϐωσι.
1634 1337 1744 1390 Καὶ
1787 1334 1944 1390 τοῦτο

373 1435 496 1487 καθ’
529 1433 798 1502 ἑκάστην
828 1431 1075 1502 ἡμέραν,
1105 1429 1352 1484 τουτέστι
1389 1427 1672 1499 διηνεκῶς,
1709 1425 1942 1481 ποιοῦσι.

374 1527 436 1580 Τί
456 1523 550 1581 οὖν
571 1527 676 1598 χρὴ
703 1528 906 1589 ποιεῖν;
933 1524 1024 1594 Μὴ
1048 1522 1333 1576 ἐκπίπτειν
1359 1522 1436 1584 εἰς
1459 1520 1766 1588 ἀπόγνωσιν
1784 1535 1799 1550 ο
1829 1517 1944 1572 ἀλλ’

373 1614 610 1681 ἐλπίζειν
638 1617 730 1669 ἐπὶ
770 1617 829 1669 τὸ
863 1614 1008 1678 ἔλεος
1033 1615 1125 1667 τοῦ
1167 1613 1326 1677 Θεοῦ,
1366 1610 1550 1675 καθὼς
1585 1612 1646 1665 ὲν
1669 1611 1781 1674 τοῖς
1817 1608 1945 1680 ἑξῆς

373 1707 746 1778 διδασκόμεθα.

1018 1926 1185 1981 ΨΑΛ.
1226 1925 1306 1980 N'.

441 2047 588 2119 Στῑχ.
620 2045 686 2110 ζ’.
729 2044 885 2101 Ἰδοὺ
916 2045 1023 2116 γὰρ
1053 2045 1125 2100 ἐν
1149 2045 1424 2114 ἀνομίαις
1452 2044 1868 2114 συγελήςρθην.

442 2230 556 2284 Οὐκ
590 2230 647 2282 ὲν
691 2230 758 2300 τῇ
803 2229 1002 2301 γαστρὶ
1033 2227 1214 2298 μόνον,
1258 2227 1372 2280 ἀλλ’
1413 2226 1599 2298 ἐπειδὴ
1641 2225 1945 2298 παρέλαδόν

378 2342 445 2395 με
478 2323 547 2377 τὰ
590 2323 727 2394 ἔργα
770 2323 870 2393 τῆς
899 2323 1145 2393 ἀνομίας,
1177 2321 1247 2374 τά
1277 2320 1369 2374 τοῦ
1413 2323 1599 2389 φόνου,
1624 2322 1719 2374 καὶ
1751 2319 1819 2373 τὰ
1847 2320 1946 2390 τῆς

374 2414 654 2486 ἀλλοτρίας
679 2414 866 2486 κοίτης
897 2414 964 2485 ἢν
993 2414 1323 2484 παρανόμως
1349 2413 1606 2484 ἐσύλησα.

531 2551 676 2623 Στίχ.
707 2550 776 2622 η’.
824 2550 976 2605 Ἰδοὺ
1009 2548 1116 2621 γὰρ
1141 2550 1427 2618 ἀλήθειαν
1451 2551 1790 2620 ἠγάπησας.

452 2664 510 2717 'U
555 2664 678 2730 νοῦς
709 2658 890 2731 οὗτοςο
931 2669 1027 2733 Σὺ,
1075 2668 1236 2740 φησὶ,
1265 2668 1459 2741 Κύριε,
1497 2669 1698 2742 ἀληθὴς
1731 2668 1809 2724 ὢν
1849 2670 1945 2724 καὶ

370 2753 626 2826 ἀλήθειαν
668 2758 918 2825 ἀγαπῶν,
954 2758 1273 2831 βουλόμενος
1315 2763 1462 2833 ἡμᾶς
1489 2765 1546 2815 ὲν
1571 2762 1798 2834 ἀληθεία
1828 2763 1944 2818 διά-

370 2863 506 2914 γειν,
544 2848 934 2920 ἀποκαθαριεῖς
965 2851 1110 2920 ἡμᾶς
1141 2853 1238 2922 τῆς
1262 2852 1493 2922 ἀρχαίας
1524 2854 1825 2924 ἁμαρτίας
1853 2855 1948 2909 καὶ

369 2936 542 3002 οὕτως
586 2940 1013 3012 ἀποκαθαρίσεις
1038 2941 1115 3005 ώς
1162 2943 1304 3013 ὑπὲρ
1347 2943 1501 3012 χιόνα
1548 2943 1942 3015 λευκανθῆναι·

371 3033 406 3103 ὴ
460 3031 516 3085 δὲ
578 3033 954 3106 ἀποκάθαρσις
1004 3036 1137 3105 ἡμῖν
1184 3035 1250 3087 δι’
1299 3034 1552 3090 ὑσσώπου
1625 3037 1944 3106 γενήσεται·

373 3123 611 3196 ὑσσώπῳ
641 3125 698 3178 δὲ
741 3129 774 3197 ἡ
810 3126 904 3179 τοῦ
953 3127 1112 3195 ἁγίου
1150 3127 1462 3198 [Ινεύματος
1513 3126 1760 3198 ἐνέργεια
1811 3129 1946 3195 ἀφο-

374 3213 642 3284 μοιοῦται,
677 3215 1042 3286 θερμαίνουσα
1069 3216 1165 3269 καὶ
1203 3215 1378 3269 πάντα
1417 3216 1508 3268 τὸν
1538 3218 1596 3270 ὲν
1622 3218 1754 3286 ἡμῖν
1779 3216 1948 3288 ρύπον

2045 590 2271 659 Semper
2295 587 2460 650 enim,
2493 585 2690 655 inquit,
2737 594 2825 639 tua
2861 585 3196 653 providentia
3240 585 3457 648 fruitus,
3484 601 3627 640 nunc

2043 695 2174 734 vero
2201 680 2467 748 privatus,
2501 691 2822 746 conqueror,
2856 692 2917 730 ac
2957 676 3176 730 vixdum
3237 678 3480 731 sustinm
3528 680 3630 731 atl-

2044 773 2317 827 versarios
2372 771 2422 824 in
2452 769 2624 840 plagis
2668 777 2724 822 et
2761 767 2990 821 vinculis
3031 775 3084 822 et
3117 767 3497 822 contractione
3541 784 3628 822 os-

2042 865 2183 918 sium
2242 876 2483 916 meorum
2519 861 2762 914 dicentes
2796 875 2810 912 :
2848 856 2949 912 Ubi
2989 867 3064 911 est
3111 861 3251 910 Deus
3303 868 3425 910 mus
3451 859 3476 912 ?
3501 871 3627 928 pro.

2043 967 2164 1024 pter
2199 953 2622 1008 imbecillitatem
2659 952 2776 1006 hac
2813 965 2898 1004 me
2945 950 3055 1020 pati
3101 949 3501 1005 existimantes.
3535 950 3626 1004 Vel

2044 1044 2220 1113 magis
2250 1043 2536 1098 moraliter
2568 1060 2582 1095 :
2609 1041 2838 1107 Quando
2868 1041 3144 1095 daemones
3188 1041 3392 1095 inimici
3428 1041 3622 1108 nostri,

2043 1144 2266 1205 propter
2314 1141 2534 1201 peccata
2589 1145 2709 1186 ossa
2761 1140 2944 1186 nostra
3003 1129 3390 1202 confringunt,
3438 1132 3491 1186 id
3541 1142 3627 1188 est

2045 1227 2238 1282 anima:
2290 1227 2621 1291 facultates;
2653 1234 2778 1280 tunc
2818 1225 2984 1280 Deum
3025 1224 3208 1279 dedita
3243 1239 3406 1294 opera
3457 1240 3624 1294 penes

2044 1334 2144 1374 nos
2199 1327 2455 1387 tanquam
2491 1316 2809 1372 imbecillem
2855 1317 3165 1381 traducunt,
3234 1328 3294 1370 ut
3351 1331 3379 1370 a
3417 1332 3512 1386 spe
3570 1319 3623 1373 in

2044 1412 2193 1466 illum
2221 1410 2555 1476 deﬁcientes,
2593 1409 2858 1478 mancipia
2895 1424 2994 1465 nos
3023 1421 3078 1466 et
3127 1425 3316 1466 servos
3363 1411 3620 1469 habeant.

2044 1505 2112 1560 Et
2170 1505 2222 1559 id
2269 1504 2524 1575 quotidie,
2553 1503 2606 1558 id
2644 1511 2727 1557 est
2765 1502 2984 1573 jugiter.
3017 1502 3245 1557 faciunt.
3279 1502 3420 1569 Quid
3455 1503 3624 1573 igitur

2044 1596 2312 1668 agendum
2340 1595 2364 1649 Τ
2396 1594 2475 1648 Ne
2505 1596 2558 1648 in
2596 1594 3032 1664 desperationem
3057 1594 3303 1649 labamur
3332 1611 3346 1647 :
3383 1597 3478 1651 sed
3507 1610 3624 1666 spe-

2045 1703 2228 1743 remus
2256 1689 2310 1741 in
2342 1685 2774 1743 misericordiam
2810 1686 2925 1752 Dei,
2954 1686 3168 1741 sicutet
3188 1686 3241 1740 in
3270 1687 3620 1756 sequentibus

2045 1783 2328 1837 docemur.

2677 1931 2871 1987 PSAL.
2910 1931 2971 1986 L.

2044 2048 2107 2104 ν.
2143 2049 2190 2102 7.
2229 2047 2366 2102 Ecce
2385 2048 2524 2102 enim
2546 2047 2600 2100 in
2623 2048 2991 2116 iniquitatibus
3008 2055 3280 2114 conreptus
3292 2037 3613 2116 {umquam

2141 2118 2478 2173 Bibliotheca
2506 2134 2636 2172 noua
2670 2113 2920 2182 Patrum,
2951 2118 3057 2185 νιι,
3091 2113 3336 2184 ἄρτιοί.
3365 2129 3417 2183 p.
3468 2114 3543 2182 6.)

2117 2229 2237 2287 Non
2261 2230 2316 2284 iu
2348 2240 2506 2284 utero
2531 2237 2738 2283 tantum
2762 2269 2778 2294 ,
2811 2229 2910 2284 sed
2959 2245 3082 2284 cum
3132 2226 3614 2297 apprehendissent

2046 2335 2136 2376 me
2187 2334 2353 2391 Opera
2386 2319 2728 2388 iniquitatis,
2762 2325 3053 2373 tenuerunt
3102 2332 3189 2372 me
3233 2317 3509 2373 homicidii
3561 2327 3618 2374 et

2045 2413 2204 2469 alieni
2236 2411 2473 2466 facinora
2515 2412 2738 2467 thalami
2767 2426 2928 2481 quem
2965 2409 3162 2479 injuste
3182 2409 3397 2464 violavi.

2298 2548 2359 2602 ν.
2387 2547 2436 2602 8.
2475 2546 2605 2602 Erce
2635 2547 2773 2600 enim
2804 2548 3070 2602 veritatem
3097 2545 3352 2600 dilexisti.

2121 2659 2325 2714 Sensus
2353 2672 2435 2715 est
2468 2660 2556 2714 hic
2589 2678 2603 2713 :
2636 2660 2740 2726 Tu,
2771 2661 2968 2728 inquit,
3002 2659 3231 2715 Domine
3253 2700 3266 2723 ,
3301 2673 3421 2713 cum
3457 2673 3618 2713 verus

2050 2753 2147 2820 sis,
2181 2752 2539 2820 veritatisque
2579 2761 2812 2816 amator,
2841 2751 3028 2806 volens
3059 2768 3158 2806 nos
3188 2753 3240 2806 in
3271 2751 3498 2806 veritate
3525 2749 3612 2804 vi--

2047 2861 2197 2911 vere,
2227 2845 2528 2914 puriﬁcain
2557 2861 2656 2901 nos
2682 2846 2749 2899 ab
2773 2845 3022 2916 originali
3052 2857 3298 2914 peccato,
3327 2855 3385 2899 et
3415 2845 3493 2898 sic
3519 2859 3619 2912 puo

2046 2936 2286 3014 riflcabis
2317 2937 2392 2990 ita
2417 2947 2477 2990 ut
2503 2951 2664 3005 super
2712 2938 2886 2992 nivem
2919 2936 3270 3001 dealbentur;
3308 2935 3617 3004 puriﬁcatio

2048 3039 2237 3085 autem
2287 3040 2474 3084 nostra
2519 3044 2615 3099 per
2644 3029 2935 3099 hysSOpum
2978 3029 3108 3094 ﬁet;
3159 3029 3393 3099 hyssopo
3434 3036 3613 3082 autem

2049 3122 2224 3175 sancti
2275 3119 2512 3188 Spiritus
2555 3121 2732 3175 virtus
2772 3103 3522 3190 comparatur,calefaciens,
3562 3129 3618 3174 et

2048 3226 2266 3267 omnem
2317 3213 2373 3266 in
2427 3213 2586 3268 nobis
2625 3212 3023 3267 immunditiam
3068 3212 3384 3280 abstergens
3428 3228 3445 3266 :
3489 3225 3617 3266 ecce

370 3305 798 3377 ἀποσμήχουσα·
846 3305 955 3359 ἰδοὺ
994 3305 1103 3378 γὰρ
1142 3305 1550 3377 ἀποταξαμένου
1587 3324 1686 3378 μου
1728 3306 1804 3378 τῷ
1848 3308 1941 3360 Σα-

2054 3305 2199 3359 enim
2255 3304 2562 3360 renuntiavi
2613 3303 2848 3359 Satanae.
2894 3333 2966 3345 —
3011 3303 3280 3358 Dilea'iui.
3337 3302 3616 3373 Sapientia

367 3397 524 3466 τανᾷ.
555 3426 623 3436 -
653 3396 1013 3466 Ἠγὰπησας.
1073 3397 1242 3466 Σοφία
1295 3398 1395 3470 μὲν
1437 3397 1533 3450 τοῦ
1588 3398 1798 3467 Πατρὸς
1848 3397 1945 3470 δη-

368 3485 542 3540 λονότι
587 3489 616 3540 ὁ
646 3489 846 3557 Λόγος
885 3488 1055 3559 ἄδηλα
1086 3488 1144 3540 δὲ
1175 3488 1268 3542 καὶ
1305 3489 1510 3558 κρύφια
1555 3486 1650 3540 τοῦ
1683 3486 1878 3557 Λόγου,
1918 3488 1947 3542 ὁ

368 3578 467 3650 τῆς
503 3577 963 3650 ὲνανθρωπήσεως
1017 3579 1220 3647 Λόγος·⁶
1257 3579 1352 3632 καὶ
1391 3579 1484 3632 ἐπὶ
1523 3578 1730 3642 τούτοις
1785 3581 1947 3634 πᾶσιν

369 3667 648 3740 ἀμελήσας
687 3668 961 3738 ώλίσθησα
993 3669 1087 3722 καὶ
1128 3669 1444 3723 κατέπεσον.
1483 3667 1640 3722 Οὕτω
1674 3669 1749 3734 δὲ,
1789 3669 1943 3740 φησὶ,

370 3761 606 3829 κρινεῖς·
637 3759 730 3811 καὶ
775 3761 900 3823 τοὺς
939 3761 1036 3830 μὲν
1081 3759 1349 3823 κολάσεις,
1394 3761 1520 3824 τοὺς
1563 3760 1622 3813 δὲ
1673 3759 1947 3830 στεφανώ-

371 3865 519 3914 σεις,
561 3849 747 3919 ἐπειδὴ
790 3849 887 3921 τὴν
931 3850 1188 3922 ἀλήθειαν
1237 3851 1512 3922 στέργεις·
1559 3853 1656 3924 τὴν
1715 3851 1772 3904 δὲ
1813 3851 1946 3922 ἀλή-

370 3937 520 3992 θειαν
575 3939 837 4011 στέργων,
877 3941 972 3994 καὶ
1017 3940 1117 4011 τῆς
1161 3941 1376 4010 φύσεως
1430 3940 1586 4004 είδὼς
1627 3941 1724 4012 τὴν
1780 3942 1942 3996 ἀσθέ-

367 4047 536 4094 νειαν,
569 4031 792 4101 μετάδος
821 4031 932 4102 (81)
971 4029 1297 4103 συγγνώμην
1333 4033 1442 4096 τοῖς
1460 4031 1667 4085 αἰτοῦσι
1700 4033 1767 4086 τὰ
1805 4033 1944 4104 φάρ-

367 4139 550 4192 μακα·
582 4124 663 4177 ὅτι
704 4123 1028 4192 σοφιστικῶς
1059 4124 1171 4192 ἕξει
1209 4124 1651 4195 γεγυμνασμένος
1688 4125 1780 4176 ἐπὶ
1817 4123 1944 4178 θεω-

371 4214 464 4285 ρίᾳ
495 4215 592 4286 τῆς
633 4215 893 4286 ἀληθείας
916 4233 929 4246 ·
968 4216 1028 4270 τὸ
1058 4215 1285 4287 μέγεθος
1310 4216 1476 4287 αύτῆς
1505 4215 1685 4284 γνοὺς,
1723 4215 1942 4285 ἀγάπην

371 4307 507 4378 πρὸς
547 4306 742 4377 ἑαυτὴν
775 4307 899 4378 ἔσχε
945 4308 1184 4362 τελείανο
1215 4309 1263 4360 οἰ
1306 4307 1380 4379 μὴ
1409 4309 1516 4379 γὰρ
1553 4309 1664 4371 τοῖς
1693 4307 1941 4377 ψεύδεσιν

371 4399 870 4470 ὲγγυμνασάμενοι,
913 4398 1351 4472 διορατικώτεροι
1397 4400 1748 4472 γεγενημένοι
1783 4399 1940 4454 καθο-

368 4485 502 4557 ρῶσι
534 4488 632 4558 τῆς
672 4488 928 4559 ἀληθείας
970 4489 1032 4542 τὸ
1057 4489 1382 4558 ἀξιάγαστον
1419 4489 1637 4553 κάλλος”
1679 4487 1790 4554 οἷός
1824 4493 1938 4544 ὲστι

360 4579 602 4650 Μωῦσῆς
643 4579 738 4634 καὶ
777 4580 1000 4651 Δανιήλ·
1047 4582 1186 4650 μετά
1232 4580 1340 4652 γὰρ
1387 4580 1448 4633 τὸ
1491 4581 1814 4652 πειραθῆναι
1853 4599 1938 4634 σο⁴

2047 3396 2266 3464 quidem
2296 3395 2479 3451 Patris
2502 3395 2676 3450 Filius
2709 3406 2794 3449 est
2827 3413 2840 3449 :
2875 3397 3083 3449 incerta
3108 3403 3162 3449 et
3193 3394 3402 3450 occulta
3430 3393 3611 3458 Verbi,

2051 3488 2283 3545 Verbum
2338 3491 2718 3556 incarnatum;
2759 3499 2812 3543 et
2844 3490 2959 3544 haec
2994 3488 3175 3542 omnia
3215 3488 3491 3559 negligens
3513 3526 3531 3554 ,
3562 3489 3614 3543 in

2046 3582 2260 3638 lubrico
2310 3583 2496 3652 lapsus
2524 3598 2648 3638 sum
2695 3592 2751 3637 ct
2799 3579 2996 3637 cecidi.
3046 3579 3136 3634 Sic
3178 3587 3381 3645 autem,
3414 3579 3613 3648 inquit,

2038 3675 2254 3746 judicas
2280 3697 2292 3732 :
2321 3677 2459 3731 alios
2481 3677 2741 3746 castigas,
2783 3673 2918 3728 alios
2947 3688 3196 3739 coronas,
3230 3671 3486 3742 quoniam
3517 3686 3613 3724 vc-

2048 3769 2264 3824 ritatem
2306 3768 2486 3838 diligis
2514 3784 2529 3822 :
2563 3783 2688 3823 cum
2720 3775 2900 3822 autem
2934 3766 3221 3820 veritatem
3250 3779 3424 3828 amas,
3451 3773 3612 3817 natu-

2049 3873 2122 3912 ra:
2149 3857 2528 3912 infirmitatem
2564 3859 2754 3912 videns
2779 3897 2796 3922 ,
2820 3855 3036 3910 veniam
3086 3855 3280 3909 tribuis
3308 3853 3612 3923 petentibus

2044 3951 2287 4004 remedia
2321 3971 2332 4004 :
2368 3950 2496 4019 quia
2531 3949 2774 4018 sophista
2810 3957 3055 4002 versatus
3078 3946 3168 4001 {tet
3190 3946 3242 4000 in
3279 3943 3483 3999 theoria
3515 3957 3612 3995 ve-

2043 4043 2244 4108 ritatis,
2279 4042 2664 4098 sublimitatem
2696 4040 2813 4110 ejus
2842 4055 2964 4094 cum
3007 4037 3344 4108 cognoverit,
3369 4048 3608 4087 amorem

2042 4148 2142 4202 pro
2186 4148 2246 4187 ea
2285 4132 2504 4187 habebit
2544 4132 2846 4202 perlectum
2881 4147 2895 4184 :
2932 4129 3022 4198 qui
3065 4144 3175 4182 non
3227 4127 3280 4180 in
3315 4124 3612 4178 mendaciis

2041 4223 2240 4277 versati
2274 4223 2495 4286 fuerint,
2533 4220 2961 4291 perspicaciores
3001 4217 3151 4281 facti,
3183 4214 3614 4284 contemplantes
3647 4203 3651 4208 ⁴

2042 4316 2292 4370 veritatis
2323 4314 2699 4370 admirabilem
2722 4309 3209 4382 pulchritudinem,
3249 4305 3436 4376 quales
3457 4303 3612 4359 fuere

2041 4410 2252 4477 Moyses
2289 4418 2344 4463 et
2375 4407 2605 4472 Daniel;
2651 4415 2936 4475 postquam
2965 4404 3111 4457 enim
3162 4399 3493 4454 tentaverint
3520 4413 3608 4452 so—

2038 4497 2268 4564 phistica
2299 4497 2491 4564 verba,
2534 4510 2704 4566 usque
2747 4495 2814 4548 ad
2844 4507 3028 4547 veram
3069 4490 3388 4559 sapientiam
3419 4502 3610 4540 ascen-

2041 4587 2232 4641 dentes
2257 4626 2276 4651 ,
2318 4602 2346 4639 a
2381 4587 2488 4641 Deo
2527 4584 2899 4640 testimonium
2929 4587 3254 4650 acceperunt
3286 4577 3426 4647 quod
3455 4583 3612 4631 erant

360 4671 625 4739 φιστικῶν
660 4671 856 4742 λόγων,
894 4673 979 4725 ἐπ’
1019 4673 1186 4745 αὐτὴν
1224 4672 1322 4744 τὴν
1367 4671 1537 4744 ἀληθῆ
1574 4673 1766 4740 σοφίαν
1805 4674 1936 4726 ἀνα-

2042 4678 2317 4748 sapientes
2364 4677 2590 4748 perfecti
2621 4695 2636 4731 :
2664 4676 2804 4731 Dens
2840 4676 2945 4730 illis
2992 4671 3361 4727 manifestavit
3405 4669 3610 4722 incerta

359 4761 582 4827 ϐάντες,
626 4763 730 4816 ὑπὸ
767 4763 860 4816 τοῦ
913 4764 1046 4818 Θεοῦ
1097 4765 1398 4835 μαρτυρίαν
1453 4765 1629 4834 ἔσχον,
1669 4765 1742 4828 ὡς
1784 4765 1936 4827 ὄντες

358 4853 550 4907 τέλειοι
590 4855 742 4924 σοφοί
761 4873 774 4885 ·
804 4855 1140 4928 δηλώσαντος
1165 4857 1345 4921 αὐτοῖς
1370 4857 1460 4910 τοῦ
1501 4857 1636 4910 Θεοῦ
1673 4857 1740 4910 τὰ
1768 4857 1935 4928 ἄδηλα

358 4948 453 5000 καὶ
501 4947 708 5018 κρύφια
750 4949 848 5019 τῆς
904 4949 1093 5018 σοφίας
1143 4949 1342 5012 αὐτοῦ,
1400 4949 1474 5013 ώς
1525 4949 1690 5019 μηδὲν
1754 4950 1938 5012 αὐτοῖς

356 5035 562 5104 ἀσαφὲς
614 5037 647 5107 ἢ
697 5038 1134 5109 ἀπεσκιασμένον
1181 5035 1348 5093 εἶναι’
1393 5040 1594 5112 ταύτης
1632 5040 1729 5109 τῆς
1771 5039 1934 5106 ἕξεως

356 5125 452 5178 καὶ
477 5127 507 5178 ὁ
533 5125 694 5179 Δαυῖδ
725 5129 1040 5198 τυγχάνειν.
1068 5172 1081 5184 .
1110 5170 1122 5182 .
1153 5130 1242 5182 διὰ
1278 5130 1368 5184 τοῦ
1401 5131 1762 5202 προκειμένου
1795 5131 1938 5183 στοί-

354 5233 478 5286 χου*
515 5217 589 5270 Ού
624 5217 731 5286 γὰρ
769 5219 927 5289 μόνον
959 5237 1025 5291 με
1062 5223 1174 5284 τοῖς
1205 5220 1475 5291 βιωτικοῖς
1516 5220 1796 5292 ἐνίδρυσας
1827 5219 1936 5272 θώ-

355 5325 505 5372 κοις,
549 5307 686 5362 ἀλλά
732 5311 826 5362 καὶ
865 5313 1204 5383 προφητικῆς
1247 5313 1483 5384 ἠξίωσας
1539 5313 1793 5384 χάριτος,
1841 5312 1936 5364 καὶ

354 5399 426 5453 τὰ
456 5401 651 5472 μικρὸν
681 5401 913 5472 ἐσόμενα
949 5405 1384 5476 προδεδήλωκας,
1408 5405 1501 5458 καὶ
1522 5405 1591 5459 τά
1613 5407 1724 5467 τοῖς
1755 5403 1938 5468 ἀλλοις

2039 4780 2094 4824 et
2123 4769 2336 4824 occulta
2363 4770 2645 4838 sapientia:
2675 4769 2868 4839 ipsius,
2887 4778 2946 4822 ut
2977 4765 3108 4820 nihil
3139 4763 3269 4833 ipsis
3293 4764 3607 4820 obscurum.

2042 4875 2145 4915 nec
2175 4861 2414 4916 tenebris
2441 4871 2687 4929 opertum
2717 4868 2958 4913 maneret
2988 4876 3002 4912 :
3033 4856 3198 4911 David
3233 4854 3442 4908 invenit
3468 4852 3609 4906 hanc

2043 4952 2298 5006 eximiam
2330 4951 2708 5006 facultatem...
2749 4952 2800 5004 in
2832 4951 2922 5004 vili
2955 4947 3270 5005 conditione
3303 4963 3318 4999 :
3347 4943 3463 4999 Non
3492 4952 3608 4996 tan-

2044 5051 2157 5095 tum
2194 5043 2245 5096 in
2276 5043 2468 5097 throno
2499 5043 2681 5097 saeculi
2717 5057 2801 5096 me
2830 5040 3128 5104 collocasti,
3158 5039 3254 5092 sed
3281 5037 3445 5090 etiam
3476 5047 3605 5102 pro-

2035 5133 2253 5200 phetico
2284 5149 2505 5188 munere
2531 5133 2812 5187 honorain
2849 5147 2958 5196 me,
2981 5140 3037 5184 et
3071 5146 3190 5201 quze
3218 5143 3342 5182 mox
3378 5134 3607 5180 ventura

2037 5232 2165 5275 sunt
2187 5221 2571 5288 manifestasti,
2607 5231 2663 5276 et
2697 5237 2816 5290 qua:
2845 5221 2966 5275 aliis
3001 5221 3209 5292 ignota,
3237 5215 3507 5272 evidentia
3533 5213 3608 5266 fe-

2038 5313 2184 5380 cisti,
2221 5313 2434 5368 scilicet
2464 5312 2742 5383 Unigeniti
2774 5316 2852 5368 tui
2897 5313 3332 5367 Incarnatlonem
3355 5348 3370 5374 ,
3400 5319 3454 5360 et
3483 5308 3609 5362 inde

2043 5417 2317 5460 terrarum
2343 5407 2493 5461 orbis
2524 5405 2901 5462 salvationem.

356 5476 644 5565 ἀπόῤῥητα
686 5493 810 5563 ἐμοὶ
839 5494 972 5564 δῆλα
1001 5497 1320 5567 πεποίηκας,
1356 5498 1456 5568 τήν
1504 5514 1561 5550 τε
1615 5494 2073 5584 τούΜονογενοῦς
2113 5514 2205 5550 σου
2261 5498 2690 5571 ὲνανθρώπησιν,
2731 5500 2824 5554 καὶ
2875 5498 2974 5570 τῆς
3030 5497 3354 5570 οἰκουμένης
3401 5492 3615 5552 ἐκεῖθεν

356 5587 456 5658 τὴν
486 5586 778 5660 σωτηρίαν.

432 5773 547 5846 (81)
571 5772 732 5831 Forte
773 5777 1090 5848 μεταδίδως,

632 5887 906 5948 ΡΔτιιοι..
939 5886 1063 5950 Gtt.
1094 5885 1294 5947 XVII.
