4186 6392
534 359 640 416 159

1079 452 1275 507 PSM..
1314 451 1570 508 LXXVII.

675 545 737 601 Υ.
770 544 857 600 '50.
888 545 1072 597 Adhuc
1111 545 1387 599 exsistente
1421 560 1541 598 esca
1571 545 1627 600 in
1654 562 1747 600 ore
1770 562 1973 600 eorum.

530 700 597 760 ν.
620 701 711 757 51.
750 699 847 753 Ira
880 698 975 751 Dei
1002 697 1235 771 ascendit
1267 699 1322 752 in
1362 700 1502 771 illos,
1536 710 1582 754 et
1620 702 1807 755 occidit
1846 702 1901 755 in
1927 701 2099 771 pluri-

739 772 832 824 bus
853 784 1030 822 eorum
1054 784 1073 832 ,'
1107 780 1154 821 et
1180 768 1368 823 electos
1398 767 1568 824 Israel
1595 772 1884 841 impedivit.

597 917 853 973 Videntes
874 925 1295 988 ortygometram
1339 918 1575 987 Hebraei,
1616 937 1723 978 non
1750 925 2094 982 crediderunt

527 1008 1001 1078 pollicitationibus
1026 1008 1244 1075 divinis,
1286 1024 1411 1063 cum
1444 1012 1793 1080 promisisset
1842 1017 1984 1072 Deus
2008 1018 2093 1072 lo-

526 1116 607 1165 re,
634 1109 695 1154 ut
726 1113 898 1167 usque
922 1097 977 1151 in
1009 1112 1251 1152 mensem
1288 1101 1518 1157 nutriret
1538 1115 1634 1158 eos
1655 1105 1723 1159 ad
1755 1108 2094 1162 satietatem.

527 1192 633 1248 Sed
669 1191 846 1254 veriti,
885 1204 953 1245 ne
979 1187 1226 1243 avolaret
1253 1192 1337 1246 vel
1375 1193 1631 1250 deﬁceret
1664 1196 1883 1264 iterum,
1920 1197 2097 1267 lie/ri-

523 1292 862 1355 geraverunt,
896 1282 993 1346 ait,
1046 1281 1145 1336 sibi
1176 1283 1606 1354 refrigerationes
1633 1288 1688 1340 in
1733 1304 1862 1359 gyro
1892 1300 2095 1345 castro-

522 1394 663 1433 rum.
699 1375 769 1430 Et
799 1391 986 1429 carnes
1007 1377 1180 1431 adhuc
1216 1385 1368 1431 erant
1394 1379 1451 1432 in
1483 1378 1724 1434 dentibus
1751 1398 1956 1449 eorum,
1995 1400 2095 1439 an-

523 1480 728 1539 tequam
749 1468 1025 1536 deficerent
1052 1483 1070 1519 .'
1100 1477 1148 1519 et
1171 1466 1425 1523 Dominus
1452 1471 1619 1525 iratus
1639 1481 1715 1526 est
1746 1472 1802 1527 in
1821 1474 2091 1543 populum.

522 1564 592 1617 Et
636 1565 891 1632 percussit
936 1563 1194 1620 Dominus
1228 1564 1479 1633 populum
1516 1565 1851 1633 percussione
1895 1584 2091 1637 magna

519 1658 669 1714 valde
696 1657 761 1711 ”.
795 1656 923 1712 Haec
951 1658 1218 1726 percussio
1248 1674 1461 1727 magna,
1507 1672 1658 1712 mors
1693 1658 1796 1713 fuit
1827 1658 2092 1729 plurimo-

519 1765 665 1816 rum,
687 1750 843 1820 juxta
884 1749 1026 1819 quod
1078 1750 1166 1803 hic
1198 1749 1401 1805 dicitur
1431 1767 1445 1804 :
1480 1749 1691 1804 Occidit
1732 1751 1788 1803 in
1825 1750 2087 1820 pluribus,

1417 356 1978 414 SUPPLEMENTUM
2014 356 2103 413 AD
2137 355 2458 414 ORIGENIS
2489 360 2899 417 EXEGETICA.

2128 475 2175 527 Α
2824 458 2990 512 ΨΛᾹ.
3048 460 3160 512 ΟΖ’.

3667 368 3771 428 HO

2204 548 2348 618 Στίχ.
2371 548 2435 601 λ’.
2468 549 2589 602 Ἔτι
2622 547 2729 616 τῆς
2759 550 3043 637 ,ϐρώσεως
3075 552 3267 621 οὔσης
3302 552 3371 605 ἐν
3402 550 3480 618 τῷ
3519 555 3771 625 στόματι,

2879 638 3096 674 αυτων.

2203 710 2348 793 falx.
2371 710 2481 793 ’λαῖ
2528 711 2713 793 Ὀργὴ
2745 712 2882 793 *ιπονέξυ
2902 711 3061 793 Θεοῦ¹
3083 711 3264 779 ἀνέϐη
3396 714 3639 793 αὐτούς,
3671 716 3770 793 seu!

2270 780 2579 852 ἀπέκτεινε
2618 780 2743 846 τοῖς
2779 781 2889 850 (82)
2923 786 3205 836 πλείοσιν
3234 783 3434 836 αὐτῶν
3452 801 3467 818 ⁸
3496 780 3603 839 καί
3629 786 3773 852 τοὺς

2266 851 2592 917 ἐκλεκτοὺς
2613 851 2719 906 τοῦ
2755 852 3450 920 Ἰσραὴλσυνεπόδισεν.

2282 939 2500 1004 Ἰδόντες
2524 940 2622 1011 τὴν
2648 942 3062 1012 ὀρτυγομήτραν
3102 939 3358 1011 Ἑϐραῖοι,
3385 941 3485 995 οὐκ
3520 941 3763 995 ἐπίστευ-

2200 1046 2297 1083 σαν
2320 1033 2386 1102 τῇ
2408 1031 2502 1086 τοῦ
2521 1030 2656 1085 Θεοῦ
2684 1032 3003 1103 ἐπαγγελίᾳ,
3026 1030 3394 1103 ὑποσχομένου
3417 1032 3578 1102 μέχρι
3600 1030 3771 1104 μηνὸς

2194 1120 2478 1195 διαθρέψαι
2507 1122 2704 1184 αὐτοὺς
2727 1123 2806 1185 είς
2834 1120 3169 1192 πλησμονήν.
3213 1119 3393 1185 Ἀλλὰ,
3437 1118 3770 1191 φοὸηθέντες

2198 1213 2405 1283 μήποτε
2437 1214 2654 1285 ἀποπτῇ
2697 1212 2731 1285 ἢ
2771 1212 3022 1284 ἀναλωθῇ
3055 1213 3239 1277 πάλιν,
3274 1211 3569 1281 Ἕψυξαν,
3612 1211 3767 1282 φησὶ,

2193 1304 2428 1371 ἐαυτο”ς
2451 1305 2730 1375 ψυτμοὺς
2759 1306 2965 1370 κύκλῳ
2995 1303 3103 1373 τῆς
3126 1302 3524 1374 παρεμϐολῆς.
3549 1303 3659 1358 Kal
3696 1302 3770 1357 τὰ

2194 1396 2339 1465 κρέα
2358 1397 2445 1451 ἔτι
2466 1393 2545 1467 ἦν
2577 1397 2648 1450 ὲν
2668 1396 2793 1464 τοῖς
2827 1396 3075 1451 ὀδοῦσιν
3104 1396 3320 1461 αὐτῶν,
3357 1397 3501 1465 πρὶν
3531 1396 3570 1465 ἢ
3609 1382 3769 1450 sui;

2192 1488 2356 1543 πεῖν·
2388 1490 2487 1544 καὶ
2512 1489 2728 1557 Κύριος
2752 1488 3019 1558 ἐθυμώθη
3047 1491 3134 1555 εὶς
3161 1488 3269 1541 τὸν
3280 1490 3453 1542 λαόν.
3488 1487 3599 1542 Kal
3618 1486 3765 1541 ἐπάι-

2195 1579 2340 1644 ταεε
2393 1581 2610 1649 Κύριος
2655 1579 2763 1633 τὸν
2800 1580 2956 1634 λαὸν
2996 1577 3202 1650 πληγῇ
3237 1578 3472 1649 μεγάλῃ
3507 1579 3763 1648 σφόδρα.

2188 1672 2400 1743 Πληγὴ
2459 1670 2520 1726 δὲ
2571 1670 2825 1741 μεγάλη,
2859 1675 2890 1726 ὀ
2933 1672 3138 1725 πολλῶν
3192 1671 3451 1736 θάνατος,
3513 1671 3653 1726 κατά
3704 1668 3768 1724 τὸ

2188 1766 2474 1838 εἰρημένον
2558 1765 2823 1820 ἐνταῦθα·
2891 1767 2975 1820 ὅτι
3058 1765 3434 1821 ’Δπέκτεινεν
3497 1766 3569 1819 ὲν
3640 1764 3766 1831 τοῖς

518 1840 575 1897 id
627 1851 710 1896 est
755 1839 972 1895 multos.
1020 1839 1126 1893 Sed
1161 1854 1194 1895 ο
1249 1840 1729 1911 ingr'atitudinem!
1780 1842 2075 1913 Antequam

2187 1856 2447 1915 πλείοσι.
2500 1856 2745 1910 τουτέστι
2791 1855 3035 1920 πολλούς.
3100 1854 3238 1908 Ἀλλ’
3278 1854 3325 1908 ὣ
3376 1855 3474 1927 τῆς
3515 1856 3764 1927 ἀγνωμο-

516 1942 974 1989 consumerentur
1013 1946 1211 1988 carnes
1254 1946 1377 2002 qua:
1409 1942 1568 1988 erant
1613 1934 1668 1988 in
1708 1933 1960 1991 dentibus
1989 1950 2083 1991 eo-

517 2040 660 2093 rum,
705 2024 971 2080 increduli
1025 2024 1269 2091 fuerunt,
1315 2026 1470 2082 obliti
1516 2027 1768 2095 potentia
1803 2027 1918 2086 Dei.
1954 2027 2087 2084 Pro-

514 2127 700 2188 pterea
732 2118 1003 2174 desiderio
1030 2118 1249 2187 quidem
1281 2132 1383 2174 suo
1428 2119 1608 2174 satiati
1637 2127 1764 2174 sunt
1801 2120 1868 2175 ad
1894 2131 2084 2177 osten-

514 2211 723 2265 sionem
745 2209 1103 2279 providentia:
1126 2211 1323 2265 divina:
1347 2225 1475 2280 erga
1508 2211 1668 2267 illos:
1700 2212 1878 2268 evasit
1905 2222 2084 2270 tamen

513 2304 645 2371 illis,
664 2311 886 2372 propter
914 2303 1286 2359 inﬁdelitatem
1312 2315 1371 2359 et
1398 2305 1713 2374 ingluviem.
1745 2306 1801 2360 in
1836 2309 2082 2362 morbum

514 2394 776 2460 cholerae,
816 2408 921 2463 qua
955 2394 1109 2448 multi
1141 2393 1486 2450 interierunt.
1514 2394 1753 2462 Quorum
1777 2395 2081 2467 exemplum

512 2498 624 2543 tam
654 2488 760 2542 illis
794 2487 946 2557 ipsis,
970 2501 1130 2558 quam
1160 2487 1249 2553 iis,
1280 2487 1374 2558 qui
1406 2487 1475 2543 ad
1505 2501 1602 2543 eos
1626 2489 1942 2558 respiciunt,
1967 2488 2085 2545 suf-

514 2581 704 2636 ﬁciens
728 2580 794 2634 ad
828 2580 1022 2635 bonam
1055 2580 1261 2652 frugem
1296 2579 1415 2635 luit.

583 2670 737 2737 Illud,
768 2670 822 2724 in
844 2669 1044 2734 multis,
1071 2668 1261 2739 Aquila
1290 2679 1345 2725 et
1373 2668 1737 2739 Symmachus
1768 2672 2074 2740 ediderunt,

510 2766 566 2817 in
596 2762 874 2833 pinguibus
895 2770 945 2817 et
971 2761 1292 2816 obesioribus
1316 2761 1398 2829 ἰς
1433 2762 1660 2819 ditiores
1682 2764 1862 2834 populi
1890 2777 1947 2820 et
1978 2765 2082 2820 lor-

510 2854 681 2909 tiores
711 2853 791 2909 sic
817 2851 1168 2925 appellantes.
1199 2851 1520 2909 Verosimile
1545 2854 1693 2908 enim
1718 2864 1803 2909 est
1829 2870 1926 2911 eos
1952 2870 2078 2925 pro-

508 2954 697 3015 pterea
730 2944 1091 3000 insatiabilius
1122 2943 1444 3000 comedisse.
1493 2940 1601 2999 Sed
1630 2945 1925 2999 secundum
1945 2943 2080 2998 LXX

507 3035 567 3087 in
597 3033 832 3099 pluribus
857 3032 1073 3099 occidit,
1126 3033 1179 3087 id
1206 3041 1291 3088 est
1337 3033 1558 3100 multos,
1599 3048 1736 3103 quos
1777 3034 1943 3098 etiam
1971 3032 2080 3090 ele-

2190 1944 2383 2017 σύνηςὲ
2408 1947 2597 2019 Πρὶνῆ
2628 1947 3003 2019 δαπανηθῆναι
3027 1946 3096 2001 τά
3123 1947 3182 1999 ιν
3208 1949 3320 2010 τοῖς
3349 1945 3558 2001 ὀδοῦσιν
3589 1946 3765 2002 αὐτῶν

2185 2035 2346 2107 κρέα,
2373 2037 2686 2109 ἠπίστησαν
2730 2036 3108 2107 ἐπιλαθόμενοι
3150 2035 3252 2106 τῆς
3282 2034 3378 2090 τοῦ
3426 2034 3562 2089 Θεοῦ
3606 2035 3764 2091 δυνά-

2188 2146 2353 2199 μεως.
2393 2130 2486 2183 Διδ
2511 2131 2611 2202 τῆς
2656 2132 2756 2201 μὲν
2795 2129 3088 2201 ιπιθυμίας
3132 2127 3312 2183 αὐτῶν
3354 2126 3764 2200 ἐνεπλήσθησαν

2186 2222 2265 2283 είς
2292 2219 2512 2285 ἔνδειξιν
2543 2215 2641 2293 τῆς
2666 2222 2794 2293 περὶ¹
2830 2220 3027 2284 αὐτοὺς
3061 2218 3214 2284 θείας
3250 2218 3505 2291 προνοίας
3528 2235 3541 2248 ·
3580 2218 3762 2289 ἀπέϐη

2185 2310 2242 2365 δὲ
2272 2312 2475 2377 αὐτοῖς,
2501 2311 2591 2367 διά
2615 2311 2712 2384 τὴν
2736 2314 2991 2367 ἀπιστίαν
3022 2312 3117 2366 καὶ
3144 2309 3464 2381 ἀπληστίαν,
3495 2311 3575 2375 είς
3609 2309 3764 2364 νόσον

2188 2401 2434 2474 χολέρας,
2479 2404 2571 2473 ὑφ’
2622 2400 2690 2476 ἧς
2746 2403 2931 2458 πολλοὶ
2974 2402 3370 2475 διεφθάρησαν·
3411 2392 3487 2456 ὧν
3539 2402 3600 2456 τὸ
3630 2401 3764 2455 ὑπό-

2189 2492 2386 2564 δειγμα
2419 2493 2600 2557 αὐτοῖς
2645 2510 2704 2547 τε
2753 2493 3001 2559 ἐκείνοις,
3047 2492 3143 2547 καὶ
3181 2496 3293 2558 τοῖς
3337 2492 3475 2565 πρὸς
3518 2493 3759 2558 ἐκείνους

2191 2585 2411 2656 δρῶσιν,
2444 2586 2626 2641 ἱκανὸν
2663 2585 2801 2656 πρὸς
2831 2584 3183 2656 σωφροσύνην
3214 2586 3450 2655 ἐγένετο.

2257 2676 2329 2729 Τὸ
2355 2675 2431 2740 δὲ,
2465 2676 2535 2729 ἐν
2566 2674 2689 2741 τοῖς
2720 2675 3019 2737 πλείοσιν,
3064 2675 3294 2740 ⁹Δκύλας
3324 2676 3421 2730 καὶ
3443 2674 3756 2748 Σύμμαχος,

2188 2769 2260 2822 ἐν
2297 2767 2418 2834 τοῖς
2456 2768 2627 2823 πίοσί
2668 2767 2767 2822 καί
2809 2768 3244 2837 λιπαροτέροις,
3299 2765 3585 2832 ἐξέδωκαν,
3631 2768 3758 2831 τοὺς

2184 2858 2616 2930 πλουσιωτέρους
2671 2858 2765 2912 τοῦ
2820 2858 2950 2913 λαοῦ
3010 2861 3103 2914 καὶ
3165 2859 3542 2931 ἰσχυροτέρους
3583 2858 3757 2924 οὕτως

2183 2950 2564 3021 ὀνομάσαντες.
2604 2950 2765 3015 Είκὸς
2794 2951 2902 3023 γὰρ
2931 2953 3125 3016 αὐτοὺς
3162 2951 3251 3005 διὰ
3283 2951 3440 3006 τοῦτο
3485 2952 3757 3022 ἀπληστο-

2184 3040 2358 3111 τέρως
2406 3041 2776 3113 ἐμφορεῖσθαι.
2838 3043 2998 3097 Κατά
3045 3042 3103 3097 δὲ
3148 3044 3276 3108 τοὺς
3335 3042 3757 3115 Ἐδδομήκοντα,

508 3133 628 3180 ctos
656 3124 871 3179 vocavit
898 3123 1089 3184 David,
1120 3130 1304 3192 utpote
1330 3122 1639 3192 belligeros.
1681 3124 1745 3179 lli
1779 3140 1939 3194 porro
1968 3125 2075 3180 lue-

2180 3130 2252 3184 έν
2293 3131 2417 3198 τοῖς
2461 3133 2742 3191 πλείοσιν
2787 3134 3166 3199 ἀπέκτεινεν,
3210 3134 3451 3188 τουτέστι
3495 3135 3752 3201 πολλοὺς,

506 3226 637 3274 runt
683 3224 935 3273 sexcenta
985 3215 1151 3269 millia
1200 3215 1483 3286 quingenti
1532 3224 1588 3272 et
1631 3216 2076 3287 quinquagintaa

506 3307 776 3365 vicennali
825 3315 982 3362 astate
1005 3314 1059 3361 et
1103 3321 1287 3377 supra,
1337 3317 1565 3377 excepta
1614 3308 1861 3363 inferiori
1894 3318 2073 3377 aetate,

504 3399 852 3463 mulieribus,
877 3406 933 3452 et
958 3396 1212 3453 universa
1247 3399 1392 3454 tribu
1424 3398 1572 3454 Levi.
1623 3396 1733 3454 Hos
1762 3413 1952 3454 omnes
1979 3416 2078 3455 nu-

509 3491 659 3546 trivit
704 3489 848 3546 Deus
894 3488 1055 3556 longo
1097 3494 1345 3559 tempore
1385 3490 1453 3543 ad
1497 3491 1853 3553 satietatem;
1902 3489 2078 3560 inquit

504 3584 650 3639 enim
685 3597 700 3637 :
738 3580 908 3652 Usque
951 3582 1021 3636 ad
1059 3596 1282 3636 mensem
1327 3580 1531 3634 dierum
1564 3580 1868 3647 comedetis,
1914 3581 2076 3636 donec

503 3684 650 3730 exeat
681 3689 746 3729 ex
791 3674 1008 3728 naribus
1037 3672 1222 3727 vestris
1246 3673 1315 3727 ⁸⁸.
1351 3672 1553 3727 Videns
1583 3671 1840 3743 populum
1874 3687 2077 3729 concu-

501 3768 822 3836 piscentem,
853 3775 906 3821 et
927 3780 1160 3837 purgare
1187 3779 1312 3819 eum
1340 3764 1527 3819 volens
1554 3779 1584 3818 a
1607 3766 2073 3835 concupiscentia,

500 3856 722 3912 videbat
766 3856 911 3926 quod
945 3868 1199 3911 sermone
1243 3853 1529 3909 doctrinali
1579 3868 1687 3909 non
1725 3864 2073 3925 purgaretur,

501 3947 597 4003 sed
648 3957 860 4003 tantum
909 3946 1351 4017 concupiscentia
1414 3946 1467 4000 in
1519 3946 1824 4002 satietatem
1890 3959 2071 4001 versa.

499 4040 754 4096 Omnium
780 4040 923 4095 enim
947 4052 1127 4095 rerum
1153 4040 1378 4094 satietas
1405 4048 1507 4105 est,
1540 4053 1648 4095 non
1682 4039 1856 4094 somni
1892 4039 2072 4105 modo,

497 4131 591 4186 sed
627 4139 682 4187 et
712 4131 976 4185 ciborum.
1013 4128 1306 4199 Propterea
1351 4130 1501 4185 misit
1527 4131 1596 4186 ad
1626 4144 1720 4186 eos
1768 4141 2074 4201 ortygome—

500 4231 639 4276 Iram
685 4221 753 4276 ad
787 4220 1004 4291 triginta
1053 4220 1214 4277 dies:
1260 4220 1337 4276 illi
1381 4235 1533 4285 vero,
1584 4220 1808 4275 nimium
1834 4221 2071 4276 satietati

496 4313 863 4385 indulgentes,
896 4310 1169 4367 cbolcriea
1203 4310 1489 4367 aﬂ‘ectione
1512 4311 1855 4367 interierunt.

488 4412 495 4468 ἑ
566 4406 661 4463 Bis
689 4416 869 4462 autem
900 4406 1118 4462 invenio
1140 4406 1394 4477 populum
1420 4405 1725 4462 comedisse
1753 4414 2069 4476 ortygome-

495 4514 660 4560 tram.
699 4498 881 4557 Semel
914 4498 1099 4554 statim
1125 4508 1287 4570 atque
1328 4499 1578 4553 exierunt
1616 4498 1681 4552 de
1711 4504 1858 4552 terra
1895 4493 2056 4568 Egy-

494 4595 604 4664 pti;
668 4592 883 4657 iterum,
935 4592 1076 4647 sicut
1120 4591 1174 4645 in
1219 4588 1470 4645 Numeris
1518 4589 1797 4656 scribitur,
1845 4589 2066 4659 quando

494 4685 731 4741 oblocuti
762 4692 892 4738 sunt
910 4682 978 4738 de
1004 4695 1142 4753 pane
1176 4682 1296 4745 Dei,
1338 4690 1395 4736 et
1415 4679 1625 4737 [utilem
1651 4681 1803 4736 illum
1830 4680 2068 4752 appella—

492 4786 734 4830 verunt:
789 4789 898 4845 quo
948 4774 1118 4830 etiam
1170 4780 1414 4840 tempore
1467 4772 1551 4825 ira
1587 4772 1825 4825 ascendit
1873 4772 1929 4824 in
1955 4784 2064 4834 eos,

493 4876 683 4937 ntpote
706 4881 826 4937 quae
853 4865 1076 4922 omnino
1101 4863 1417 4920 subsidebat
1438 4871 1728 4932 antequam
1751 4867 2063 4932 peccarent.

492 4958 627 5015 Cum
656 4957 796 5011 enim
843 4956 936 5011 diu
972 4956 1315 5024 multumque
1348 4953 1559 5022 experti
1600 4952 1838 5007 divinam
1877 4959 2067 5021 poten-

492 5052 647 5118 tiam,
682 5063 787 5104 non
816 5043 1179 5103 credidissent
1207 5045 1653 5115 benignissimum
1707 5042 1879 5098 Deum
1908 5054 2067 5109 posse

493 5141 841 5212 suppeditare
868 5152 1052 5195 escam
1082 5138 1247 5207 ipsis;
1277 5147 1332 5194 et
1364 5137 1506 5192 banc
1534 5135 1743 5202 tribuit,
1777 5144 1834 5190 et
1860 5133 2063 5196 docuit,

492 5235 636 5304 quod
669 5241 958 5302 utrumque
978 5227 1159 5285 facere
1187 5231 1329 5298 potis
1356 5239 1513 5296 erat;
1560 5237 1617 5285 et
1643 5227 1784 5283 bona
1815 5224 2067 5281 videlicet

488 5327 771 5392 exhibere,
816 5334 872 5385 et
917 5339 1132 5381 sumere
1164 5324 1444 5380 ultionem.
1495 5319 1725 5377 Vitanda
1777 5327 1860 5376 est
1901 5316 2065 5386 igitur

488 5421 800 5486 voracitas,
839 5420 1119 5492 gulositas,
1164 5419 1471 5491 ingluvies:
1514 5416 1618 5472 hoc
1681 5425 1786 5479 est,
1828 5414 2059 5468 immen-

487 5527 582 5570 sus
616 5512 828 5582 opsonii
862 5525 1012 5581 usus,
1077 5515 1216 5582 gulae
1267 5511 1438 5578 furor,
1473 5508 1581 5565 cibi
1646 5505 2060 5578 intemperantia

565 5687 609 5719 ³³
662 5684 821 5740 Num.
873 5700 949 5749 xl,
1009 5683 1099 5753 '52,
1154 5683 1244 5740 53.
1321 5684 1369 5715 ”
1400 5681 1546 5740 Psal.
1600 5695 1806 5748 tum,
1860 5679 1950 5735 3i.

555 5823 764 5898 (89,1'Ev
793 5827 920 5889 τοῖς.

2178 3226 2272 3291 οὓς
2288 3227 2384 3282 καὶ
2410 3228 2697 3294 ἐκλεκτοὺς
2725 3230 2981 3284 ἐκάλεσεν
3010 3233 3039 3285 ὀ
3071 3229 3254 3294 Δαυῒδ,
3293 3230 3370 3295 ὡς
3400 3230 3749 3302 πολεμιστάς.

2179 3321 2242 3371 Oi
2268 3317 2325 3371 δὲ
2366 3313 2506 3388 ἦσαν
2556 3319 2833 3386 ἑξακόσιαι
2875 3320 3109 3391 χιλιάδες
3153 3321 3247 3373 καὶ
3285 3321 3631 3374 πεντακόσιοι
3662 3321 3755 3374 καὶ

2178 3410 2513 3480 πεντήκοντα
2538 3410 2647 3463 ἀπὸ
2673 3409 3014 3475 είκοσαετοῦς
3035 3411 3129 3465 καὶ
3159 3412 3434 3483 ἀνωτέρω,
3461 3412 3630 3483 χωρὶς
3651 3410 3754 3481 τῆς

2176 3500 2487 3571 κατωτέρας
2513 3499 2745 3571 ἡλικίας,
2781 3502 2874 3555 καὶ
2901 3501 3007 3555 τῶν
3043 3501 3341 3570 γυναικῶν,
3373 3501 3467 3555 καὶ
3493 3501 3621 3572 ὅλης
3648 3501 3752 3570 τῆς

2178 3591 2352 3662 φυλῆς
2391 3589 2485 3643 τοῦ
2528 3592 2676 3646 Λευί.
2729 3593 2962 3658 Τούτους
3007 3593 3250 3657 ἅπαντας
3295 3592 3523 3665 ἔθρεψεν
3554 3595 3583 3646 ὀ
3620 3592 3754 3655 Θεὸς

2177 3688 2256 3749 είς
2290 3685 2449 3758 κόρον
2486 3688 2581 3741 ἐπὶ
2607 3685 2760 3740 πολύ.
2789 3687 2933 3758 Ἔφη
2956 3685 3094 3757 γάρ·
3129 3686 3276 3752 Ἕως
3299 3686 3493 3755 μηνὸς
3518 3683 3753 3755 ἡμερῶν

2177 3777 2459 3848 φάγεσθε,
2488 3778 2598 3845 ἕως
2624 3778 2701 3832 ἂν
2718 3778 2937 3846 ἐξέλθῃ
2968 3778 3036 3832 ἐκ
3064 3774 3182 3831 τῶν
3202 3777 3524 3847 μυκτήρων
3560 3773 3748 3845 ὑμῶν.

2189 3869 2359 3938 Ὁρῶν
2398 3869 2527 3926 λαὸν
2580 3867 2953 3940 ἐπιθυμητὴν,
2998 3868 3093 3921 καὶ
3144 3866 3382 3939 καθᾶραι
3432 3865 3595 3919 αὑτὸν
3640 3860 3751 3917 ἀπὸ

2172 3962 2274 4032 τῆς
2336 3961 2625 4034 ἐπιθυμίας
2686 3961 3024 4034 βουλόμενος,
3069 3960 3219 4031 ἑώρα
3274 3960 3355 4012 ὅτι
3405 3955 3550 4027 λόγῳ
3602 3956 3749 4010 διδα-

2175 4054 2417 4126 σκαλικῷ
2459 4055 2519 4109 ού
2571 4054 2915 4126 καθαίρεται,
2975 4051 3091 4107 ἀλλ’
3150 4052 3285 4121 αὐτῇ
3347 4052 3413 4120 τῇ
3482 4047 3751 4121 ἑπιθυμίᾳ

2172 4150 2436 4221 γενομένῃ
2472 4149 2786 4222 προσκορεῖ.
2823 4148 3049 4202 Πάντων
3090 4144 3199 4215 γὰρ
3236 4143 3397 4213 κόρος
3442 4141 3607 4206 ἐστὶν,
3648 4141 3748 4211 οὐχ

2174 4237 2343 4292 ὕπνου
2375 4238 2555 4308 μόνον,
2584 4236 2718 4290 ἀλλά
2756 4237 2851 4290 καὶ
2889 4234 3213 4306 βρωμάτων.
3253 4230 3343 4285 Διὸ
3380 4229 3621 4302 ἔπεμψεν
3646 4230 3745 4283 αύ-

2171 4332 2283 4394 τοῖς
2306 4330 2718 4402 ὀρτυγομήτραν
2747 4328 2838 4382 ἐπὶ
2873 4327 3169 4399 τριάκοντα
3208 4323 3448 4395 ἡμέρας-
3482 4323 3531 4375 oi
3565 4321 3644 4386 δὲ,
3677 4324 3743 4393 τῇ

2173 4421 2448 4494 ἀπληστίᾳ
2475 4420 2828 4492 χρησάμενοι,
2856 4415 3127 4489 χολερικῷ
3152 4414 3313 4469 πάθει
3338 4412 3669 4485 ἐφθείροντο.

2241 4513 2334 4577 Δὶς
2360 4510 2417 4565 δὲ
2449 4511 2689 4580 εὑρίσκω
2719 4509 2809 4562 τόν
2847 4507 2974 4562 λαὸν
3010 4506 3253 4577 φαγόντα
3289 4504 3706 4577 ὀρτυγομήτραν
3725 4520 3739 4534 ο

2169 4604 2317 4672 ἅπαξ
2357 4605 2455 4676 μὲν
2483 4603 2645 4675 ἡνίκα
2686 4600 2886 4665 εὐθέως
2933 4599 3154 4670 ἐξῆλθον
3197 4599 3261 4652 ὲκ
3290 4598 3392 4668 γῆς
3432 4595 3741 4665 Αἰγύπτου·

2162 4696 2224 4749 τὸ
2251 4694 2597 4765 δὲδεύτερον,
2625 4692 2700 4756 ὼς
2736 4693 2795 4745 ὲν
2830 4694 2941 4756 τοῖς
2991 4689 3270 4760 Ἀριθμοῖς
3310 4689 3741 4759 ἀναγέγραπται,

2163 4786 2325 4858 ἡνίκα
2368 4784 2555 4849 κακῶς
2592 4780 2744 4838 εἷπον
2773 4783 2863 4836 τὸν
2910 4782 3073 4854 ἄρτον
3104 4779 3198 4834 τοῦ
3235 4777 3394 4842 Θεοῦ,
3428 4778 3523 4832 καὶ
3562 4775 3743 4829 διάκε-

2162 4892 2252 4930 νον
2280 4874 2440 4928 αύτὸν
2474 4873 2763 4944 ὠνόμασαν
2784 4890 2799 4904 ·
2837 4872 2926 4925 ὅτε
2963 4872 3057 4925 καὶ
3099 4869 3244 4939 ὁρτὴ
3278 4869 3461 4934 ἀνέϐη
3503 4867 3595 4920 ἐπ’
3636 4866 3745 4919 αὺ-

2163 4966 2325 5034 τοὺς,
2364 4965 2441 5029 ὡς
2475 4966 2614 5036 τάχα
2644 4964 2797 5018 κάτω
2834 4981 2937 5017 που
2979 4959 3113 5017 οὖσα
3156 4962 3286 5033 πρὶν
3327 4960 3360 5030 ἢ
3399 4958 3739 5029 ἁμάρτωσιν.

2176 5054 2395 5125 Ἐπειδὴ
2418 5054 2547 5126 γὰρ,
2584 5057 2779 5126 πεῖραν
2823 5052 3023 5124 πολλὴν
3048 5051 3303 5114 λαϐόντες
3335 5051 3434 5121 τῆς
3466 5048 3615 5111 θείας
3648 5047 3743 5101 δυ-

2162 5145 2399 5217 νάμεως,
2439 5146 2539 5200 οὐκ
2564 5144 2893 5200 ἐπίστευσαν
2926 5144 3018 5198 τὸν
3059 5142 3440 5215 φιλάνθρωπον
3482 5139 3744 5194 δύνασθαι

2162 5238 2466 5309 χορηγῆσαι
2506 5237 2691 5300 αὐτοῖς
2742 5236 2970 5309 τροφὴν,
3026 5234 3121 5289 καὶ
3159 5232 3363 5305 ταύτην
3402 5231 3594 5297 ἔδωκε,
3647 5229 3743 5283 καὶ

2160 5327 2260 5397 τὴν
2291 5324 2537 5381 παιδείαν
2570 5328 2868 5400 ἐπήγαγεν,
2895 5327 2971 5390 ὡς
3004 5324 3285 5397 ἀμφότερα
3327 5325 3500 5376 ποιεῖν
3539 5319 3741 5384 ἱκανὸς,

2167 5421 2262 5472 καὶ
2293 5418 2361 5473 τά
2390 5418 2570 5490 ἀγαθά
2605 5422 2884 5492 παρέχειν,
2921 5419 3016 5473 καὶ
3054 5417 3154 5481 τὰς
3191 5414 3459 5487 τιμωρίας
3495 5413 3741 5481 ἐπάγειν.

2166 5511 2427 5567 Φευκτέον
2454 5512 2632 5567 τοίνυν
2663 5511 2986 5583 ὀψοφαγίαν,
3017 5507 3372 5581 λαιμαργίαν,
3399 5519 3745 5582 γαστριμαρ-

2123 5679 2170 5712 ⁹⁸
2207 5681 2364 5738 Num.
2396 5695 2473 5755 ut,
2501 5682 2589 5739 20.
