4186 6386
405 365 495 418 HI

1590 362 1957 421 EXCERPTA
2001 364 2065 417 IN
2103 364 2439 424 PSALMOS.

3550 375 3651 430 ΗΞ

397 481 521 550 γίαν
540 496 554 509 ο
588 481 832 534 τουτέστι
859 481 957 553 τὴν
993 482 1116 552 περὶ
1146 481 1338 554 χρῆσιν
1366 480 1497 550 ὄψου
1533 482 1823 552 ἀμετρίαν,
1863 481 1929 550 τὴ

2030 493 2126 532 κει
2178 481 2328 535 furor
2383 485 2628 548 ventris,
2686 495 2745 538 ιιι
2779 501 2887 543 non
2937 487 3236 542 obruamus
3310 498 3645 546 mentetn....

392 575 519 645 περὶ
551 574 642 627 τὸν
681 574 872 646 λαιμὸν
907 576 1124 647 μανίαν,
1171 578 1269 648 τὴν
1300 579 1426 648 περὶ
1468 577 1568 649 τὴν
1610 577 1815 648 τροφὴν
1853 575 2170 640 ἀκολασίαν,
2220 579 2314 629 καὶ
2368 581 2492 650 περὶ
2521 581 2762 652 γαστέρα
2788 581 3006 652 μανίαν,
3041 583 3128 637 ἵνα
3157 584 3231 654 μὴ
3254 584 3345 637 τὸν
3388 586 3513 640 νοῦν
3552 590 3646 656 ἐγ-

389 664 772 738 κατορύξωμεν
805 667 875 720 τὰ
917 685 1149 722 κου......

457 763 631 814 Λυπεῖ
657 759 714 813 δὲ
749 761 901 814 οὐδὲν
946 763 1041 816 καὶ
1067 763 1205 816 κατά
1257 765 1545 835 ἀναγωγὴν
1582 765 1678 828 τὰς
1720 768 1929 839 ἱστορία

2030 795 2042 822 ι
2144 762 2260 817 Non
2295 775 2435 834 piget
2467 768 2629 820 etiam
2660 781 2952 838 anagogtce
2978 770 3076 822 has
3113 770 3368 824 historias
3395 780 3644 826 contem-

385 852 588 917 ταύτας
617 852 912 926 θεωρῆσαι.
957 854 1169 908 Ῥύεταί
1207 872 1288 908 τοι
1324 857 1352 907 ὁ
1388 856 1519 920 Θεὸς
1554 858 1648 910 καὶ
1687 859 1834 928 ἡμᾶς
1873 860 1929 911 ἀε

2065 852 2221 920 plari.
2260 853 2542 910 Liberabit
2575 873 2705 912 sane
2751 859 2892 914 Deus
2941 876 3040 916 nos
3070 876 3295 932 quoque
3331 878 3546 932 semper
3575 864 3644 920 de

384 946 449 998 ἐκ
471 945 574 1014 γῆς
599 944 897 1014 Αἰγύπτου,
931 949 996 998 ἐκ
1027 946 1126 1015 τῆς
1164 947 1395 1017 καμίνου
1433 949 1532 1018 τῆς
1581 949 1824 1020 σιδηρᾶς,
1863 951 1962 1020 τῆς

382 1038 524 1091 κατά
571 1038 668 1109 τὴν
703 1039 995 1111 ἁμαρτίαν,
1045 1041 1131 1094 ἵνα
1169 1042 1434 1113 εἰσαγάγῃ
1479 1043 1569 1095 διὰ
1611 1042 1818 1096 πολλῶν
1856 1061 1957 1113 γυ-

383 1128 639 1201 μνασίων,
671 1130 757 1183 διὰ
789 1131 996 1184 πολλῶν
1033 1131 1365 1202 θαυμασίων,
1411 1134 1478 1187 δι’
1521 1135 1686 1203 ἄρτου
1732 1139 1959 1208 ἐπουρα-

379 1219 515 1284 νίου,
556 1221 624 1273 δι’
669 1220 859 1285 ὕδατος
911 1223 1020 1276 ἀπὸ
1071 1223 1172 1293 τῆς
1229 1225 1454 1296 πέτρας,
1499 1227 1538 1293 ἡ
1597 1227 1783 1295 πέτρα
1823 1228 1891 1282 δὲ
1923 1233 1958 1283 ό

377 1314 651 1381 Χριστὸς,
680 1314 771 1367 ἐπὶ
801 1315 900 1386 τὴν
925 1316 1084 1384 ἁγίαν
1111 1317 1460 1385 ἐπαγγελίαν.
1494 1321 1655 1386 Μέγα
1689 1317 1781 1375 οῦν
1805 1322 1948 1392 ἐμοὶ,

376 1405 489 1468 ἐὰν,
521 1408 716 1478 νοήσας
739 1408 836 1478 τὴν
871 1408 1146 1463 θάλασσαν
1199 1410 1292 1462 τοῦ
1326 1410 1441 1480 βίου
1486 1415 1581 1466 καὶ
1625 1413 1693 1466 τὰ
1721 1415 1942 1486 κύματα

374 1497 442 1549 τὰ
465 1501 520 1550 ἐν
542 1497 618 1568 τῷ
641 1497 759 1568 βίῳ,
788 1500 880 1552 καὶ
910 1506 972 1554 τὸ
1001 1501 1194 1572 πικρὸν
1227 1504 1318 1556 καὶ
1351 1505 1592 1576 ἁλμυρὸν
1626 1507 1735 1560 τῶν
1768 1508 1952 1577 βιωτι-

375 1588 486 1641 κῶν
538 1589 877 1659 πραγμάτων
929 1591 1238 1654 κλυδώνιον,
1287 1595 1516 1665 δυνηθῶ,
1571 1597 1952 1672 εὐεργετηθεὶς

373 1681 478 1734 ὑπὸ
509 1681 601 1734 τοῦ
639 1681 794 1745 Θεοῦ,
834 1683 961 1735 ἰδεῖν
1004 1686 1530 1751 καταποντισθέντας
1560 1691 1686 1753 τοὺς
1730 1693 1950 1762 νοεροὺς

370 1775 716 1842 Αἰγυπτίους,
765 1777 860 1831 καὶ
890 1776 980 1828 τὸν
1014 1779 1203 1846 νοητὸν
1243 1778 1470 1850 Φαραώο
1510 1782 1672 1844 αὐτὸς
1698 1783 1754 1835 δὲ
1782 1784 1857 1836 ῶν
1892 1786 1949 1837 ἐν

368 1865 446 1937 τῷ
491 1867 630 1934 φωτὶ
671 1867 769 1938 τῆς
811 1868 1025 1940 ἡμέρας
1077 1871 1381 1942 σκεποίμην
1419 1873 1526 1925 ὑπὸ
1574 1874 1804 1944 νεφέλης
1848 1876 1949 1944 τῆς

368 1958 595 2029 κούφης,
623 1960 716 2012 καὶ¹
740 1959 846 2012 ὑπὸ
873 1961 1153 2032 φωτισμοῦ
1184 1963 1375 2033 πυρὸς,
1419 1965 1513 2018 ἐάν
1545 1967 1675 2018 ποτέ
1719 1983 1783 2034 γε
1824 1985 1948 2021 σκο-

365 2051 516 2104 τεινά
549 2053 641 2104 καὶ
679 2051 1046 2107 δύσκολα......
1081 2055 1174 2108 καὶ
1204 2057 1232 2108 ὁ
1263 2057 1466 2128 κόσμος
1501 2060 1598 2128 μὲν
1629 2061 1939 2130 ἐσκότηται,

365 2142 460 2195 καὶ
491 2142 667 2195 πάντα
709 2143 954 2210 ἀγνοίαις
1005 2146 1388 2217 πεπλήρωται·
1431 2149 1540 2218 ἐγὼ
1592 2151 1648 2204 δὲ
1694 2153 1830 2223 πρὸς
1873 2153 1941 2206 τά

2067 953 2208 998 terra
2253 944 2500 1016 :Egypti,
2538 949 2605 1003 de
2640 949 2860 1005 fornace
2888 951 3084 1015 ferrea,
3115 954 3326 1022 peccati
3363 955 3638 1022 videlicet,

2062 1045 2120 1091 ut
2151 1037 2459 1094 introducat
2493 1055 2588 1108 per
2635 1043 2800 1096 multa
2831 1047 3281 1107 exercitamenta,
3338 1063 3437 1117 per
3468 1047 3640 1100 mira-

2060 1126 2185 1181 bilia
2222 1127 2410 1191 multa,
2448 1145 2545 1197 per
2586 1146 2782 1199 panem
2828 1133 3131 1200 cmlestem,
3183 1150 3282 1205 per
3328 1151 3524 1205 aquam
3569 1139 3638 1192 de

2057 1225 2234 1285 petra,
2271 1226 2419 1285 petra
2451 1229 2624 1272 autent
2651 1233 2727 1274 est
2757 1221 2999 1279 Christus
3027 1225 3100 1292 ",
3131 1227 3199 1280 ad
3237 1237 3478 1282 sanctam
3507 1244 3637 1298 pro-

2057 1310 2392 1365 missionem.
2430 1311 2682 1382 Magnum
2732 1325 2816 1369 est
2862 1331 2992 1387 ergo
3041 1319 3194 1386 mihi,
3244 1320 3287 1374 si
3339 1319 3520 1376 animo
3547 1338 3635 1374 reo

2057 1411 2252 1470 putans
2304 1402 2464 1472 hujus
2521 1405 2648 1459 vitae
2708 1424 2879 1472 mare,
2932 1419 2987 1464 et
3038 1412 3164 1465 vitae
3221 1412 3383 1466 etiam
3416 1411 3630 1476 ﬂuctus,

2055 1507 2210 1548 acres
2239 1509 2456 1564 quoque
2483 1503 2538 1549 et
2573 1496 2944 1566 salsuginosas
2977 1501 3149 1555 undas
3185 1516 3367 1555 rerum
3402 1501 3628 1554 munda-

2054 1598 2268 1650 narum,
2296 1588 2522 1656 possim,
2567 1590 2847 1645 beneficiis
2887 1593 3192 1648 cumulatus
3219 1609 3248 1647 a
3283 1595 3413 1658 Deo,
3445 1597 3632 1648 videre

2052 1675 2366 1731 submersos
2419 1679 2730 1746 spirituales
2782 1681 3107 1753 Egyptios,
3178 1695 3235 1738 et
3286 1686 3626 1755 spiritualem

2051 1765 2387 1823 Pharaonem
2421 1787 2436 1824 :
2467 1772 2592 1825 dum
2621 1772 2836 1828 interim
2866 1788 2968 1843 ego
3007 1777 3059 1828 in
3109 1776 3314 1830 lumine
3350 1777 3455 1831 diei
3484 1779 3626 1847 posi-

2051 1868 2156 1921 tus,
2187 1869 2440 1931 protegar
2468 1878 2497 1916 ιι
2540 1864 2682 1918 nube
2714 1865 2840 1931 levi,
2892 1874 2947 1919 et
2974 1866 3040 1919 ab
3067 1867 3428 1923 illus1ratioue
3462 1870 3624 1939 ignis,

2047 1953 2094 2006 si
2125 1955 2344 2022 quando
2389 1955 2533 2011 forte
2568 1958 2868 2013 tenebrosa:
2906 1973 2995 2013 res
3040 1969 3095 2014 et
3129 1959 3376 2015 difﬁciles
3412 1962 3626 2015 contin-

2048 2056 2200 2115 gant,
2231 2047 2354 2101 dum
2405 2049 2636 2103 mundus
2688 2050 2924 2105 tenebris
2975 2049 3294 2117 offunditur,
3343 2063 3398 2106 et
3436 2057 3618 2107 omnia

2046 2138 2345 2207 ignorantia
2376 2149 2503 2194 sunt
2535 2140 2732 2196 referta
2763 2158 2779 2198 :
2807 2156 2908 2210 ego
2937 2157 3065 2198 vero
3094 2154 3285 2198 contra
3315 2145 3619 2214 spiritualia

365 2234 708 2303 πνευματικά
735 2235 835 2305 τῆς
866 2237 1127 2307 πονηρίας
1172 2256 1336 2294 πα....
1375 2241 1485 2312 (85)
1524 2245 1582 2295 ἐν
1609 2246 1746 2313 φωτὶ
1783 2240 1828 2299 ὦ
1855 2245 1929 2299 διὸ

2043 2231 2296 2300 nequitiae
2331 2248 2520 2288 rursus
2564 2234 2616 2286 in
2650 2234 2857 2289 lumine
2915 2235 3040 2302 sim,
3089 2245 3314 2305 propter
3342 2236 3617 2291 Christum

362 2322 424 2374 τὸ
455 2322 705 2393 ἀληθινὸν
749 2325 863 2394 φῶς
907 2326 998 2378 τὸν
1047 2329 1298 2398 Χριστὸν,
1343 2330 1436 2384 διὰ
1476 2332 1574 2403 τὴν
1614 2335 1861 2405 νεφέλην,

2042 2323 2216 2377 lucem
2249 2338 2462 2388 veram;
2509 2334 2734 2394 propter
2778 2325 2996 2389 nubem,
3046 2326 3134 2380 cui
3179 2342 3283 2380 non
3316 2342 3382 2381 ex
3410 2329 3621 2396 vapori-

362 2413 462 2466 οὐκ
493 2413 553 2478 ἐξ
573 2414 760 2486 ἀτμῶν
787 2413 944 2469 τινων
978 2419 1117 2473 κατὰ
1141 2420 1239 2492 τὴν
1268 2423 1450 2493 κοινὴν
1487 2423 1648 2493 φύσιν
1686 2427 1719 2495 ἡ
1749 2428 1929 2492 στάσις

2040 2416 2140 2470 bus
2169 2416 2491 2483 quibusdam
2511 2419 2805 2470 secundum
2830 2431 3170 2472 communem
3204 2427 3457 2472 naturam
3484 2434 3620 2473 con-

361 2501 448 2576 ἦν,
483 2506 843 2577 βαθυνομένου
874 2514 985 2575 τοῖς
1018 2513 1210 2582 ἀτμοῖς
1239 2513 1332 2566 τοῦ
1376 2515 1534 2586 ἀέρος
1570 2515 1658 2569 διὰ
1684 2518 1782 2588 τῆς
1821 2521 1938 2589 ὀμι-

360 2597 589 2668 χλὼδους
636 2602 966 2667 συστάσεως,
1011 2609 1104 2658 καὶ
1137 2606 1273 2676 πρὸς
1315 2608 1503 2660 ἐαυτὸν
1534 2609 1934 2680 ἐμπιλουμένου

360 2691 471 2751 τοῖς
507 2691 844 2762 πνεύμασινο
880 2694 1014 2748 ἀλλά
1065 2697 1311 2767 κρεῖττόν
1354 2715 1408 2751 τι
1459 2701 1552 2753 καί¹
1600 2701 1930 2773 ὑψηλότερον

356 2779 454 2850 τῆς
484 2781 830 2856 ἀνθρωπίνης
877 2788 1252 2858 καταλήψεως,
1288 2790 1386 2853 ὡς,
1429 2793 1522 2844 καὶ
1563 2793 1663 2862 τῆς
1697 2794 1934 2866 ἡλιακῆς

355 2871 571 2935 ἀκτῖνος
616 2873 832 2946 θερμῶς
887 2878 1322 2953 ἐπιλαμπούσης,
1367 2884 1714 2957 διατείχισμα
1767 2889 1944 2960 ἔχειν,

357 2966 683 3030 σκιάζουσάν
708 2986 767 3021 τε
800 2970 861 3022 τὸ
902 2972 1283 3044 ὑποκείμενον,
1322 2978 1416 3030 καὶ
1459 2977 1629 3050 λεπτῇ
1661 2981 1835 3053 δρόσῳ
1870 2983 1930 3036 τὸ

355 3057 628 3127 φλογῶδες
664 3059 757 3112 τοῦ
787 3062 944 3132 ἀέρος
976 3065 1392 3130 ὑπονοτίζουσαν
1411 3086 1424 3099 ·
1458 3071 1550 3124 καὶ
1581 3071 1668 3125 διὰ
1708 3074 1805 3145 τῆς
1841 3094 1932 3129 νυ-

355 3150 479 3214 κτὸς
513 3151 624 3224 πῦρ
655 3153 898 3220 γίνεσθαι
927 3156 1018 3226 ἀφ’
1067 3158 1306 3230 ἑσπέρας
1339 3163 1418 3225 είς
1452 3162 1667 3234 ὄρθρον,
1707 3165 1784 3236 τῷ
1815 3167 1928 3238 ἰδίῳ

354 3243 494 3311 φωτὶ
529 3247 641 3308 τοῖς
673 3247 1034 3318 Ἰσραηλίταις
1076 3249 1434 3322 δᾳδουχοῦσαν
1475 3255 1535 3309 τὸ
1580 3257 1781 3326 φέγγος
1831 3261 1919 3330 μέ-

354 3352 446 3403 γα.
498 3335 623 3388 Ἐὰν
665 3338 723 3390 ἐν
773 3341 838 3409 τῇ
895 3341 1086 3412 ἐρήμῳ
1136 3343 1230 3396 τοῦ
1281 3345 1420 3414 βίου,
1465 3345 1591 3402 ἔνθα
1636 3352 1929 3423 ἐπικρατεῖ

351 3425 517 3498 πολλὴ
538 3427 689 3481 ἄνοια
715 3429 822 3481 τῶν
843 3433 1201 3502 πραγμάτων,
1227 3436 1413 3490 διελὼν
1445 3441 1536 3492 τὸν
1568 3443 1923 3514 στεῤῥότατον
1951 3450 1992 3508 C

348 3519 511 3570 αὑτοῦ
537 3519 691 3586 λόγον
730 3520 935 3592 πέτραν
974 3523 1390 3596 ὀνομαζόμενον,
1424 3532 1667 3600 ἀφθόνως
1703 3535 1796 3587 καὶ
1838 3539 1918 3600 εἰς

347 3612 506 3683 κόρον
560 3615 754 3686 ποτίσῃ
811 3634 901 3685 με,
936 3621 1012 3684 ὡς
1057 3625 1468 3696 παραϐληθῆναι
1507 3625 1568 3677 τὸ
1617 3626 1736 3696 ῥέον
1781 3627 1923 3697 ὕδωρ

345 3705 588 3778 ἀϐύσσῳ.
638 3711 894 3772 καὶτοὺς
922 3713 1019 3783 τῆς
1065 3714 1438 3788 πνευματικῆς
1483 3718 1691 3782 κοιλίας
1751 3737 1920 3773 ποτα-

350 3803 502 3873 μούς.

426 3897 565 3966 Ἐγὼ
611 3897 669 3952 δὲ
711 3903 1158 3970 παραπικραίνω
1203 3904 1310 3957 τὸν
1343 3906 1632 3972 Ὕψιστον
1674 3908 1742 3960 ἐν
1781 3909 1922 3963 ἀνύ-

341 3987 477 4057 δρῳ,
512 3991 606 4044 ἐὰν
657 3992 795 4062 μετά
851 3993 947 4064 τὴν
999 3994 1342 4050 διδασκαλίαν
1387 3998 1545 4050 πάλιν
1601 3999 1916 4069 ἁμαρτάνω,

341 4079 824 4152 ἐπιλανθανόμενος
854 4083 960 4136 τῶν
993 4083 1167 4152 λόγων
1204 4087 1310 4138 τῶν
1345 4086 1657 4158 θρεψάντων
1703 4108 1791 4160 με,
1821 4091 1914 4143 καὶ

337 4170 432 4224 τοῦ
461 4171 670 4236 ὕδατος,
701 4174 793 4227 τοῦ
823 4175 930 4228 ἀπὸ
964 4176 1063 4246 τῆς
1110 4177 1331 4249 πέτρας,
1378 4180 1510 4247 ἣτις
1535 4182 1704 4236 ἐστὶν
1729 4185 1762 4236 ό
1786 4185 1918 4250 Χρι-

334 4259 494 4324 στός.
519 4265 700 4338 Πέτρα
726 4267 781 4319 δέ
808 4268 1161 4333 ἀπεικάζεται
1190 4272 1217 4322 ὁ
1253 4271 1482 4342 Χριστὸς
1508 4272 1596 4325 διὰ
1620 4271 1681 4324 τὸ
1717 4272 1914 4344 ἀθραυ-

340 4371 461 4407 στον
493 4358 586 4410 καὶ
611 4358 926 4425 ἀκλόνητον.
973 4361 1320 4431 Ἐρήρεισται
1355 4363 1463 4434 γὰρ
1500 4365 1649 4427 ἰδίοις
1687 4366 1910 4434 ἀγαθοῖς

335 4449 367 4517 ἡ
401 4449 516 4502 θεία
543 4468 600 4503 τε
625 4452 717 4504 καὶ
752 4453 1050 4524 ὑπέρτατος
1075 4455 1253 4523 φύσις.
1289 4449 1364 4508 Oi)
1389 4457 1482 4510 καί
1513 4457 1906 4528 κατελάλησαν,

333 4540 411 4605 ὡς
458 4545 514 4594 ἐν
557 4543 832 4614 προσώπῳ
889 4546 1168 4609 Μωσέως,
1217 4548 1250 4617 ή
1304 4548 1622 4620 συναγωγὴ,
1681 4566 1912 4621 κατηγο-

334 4625 551 4702 ροῦντες
589 4633 678 4685 ἐπὶ
710 4634 962 4694 Πιλάτου,
1009 4637 1102 4688 καὶ
1147 4635 1228 4699 τὸ,
1264 4632 1421 4703 Αἶρε,
1460 4639 1744 4706 σταύρου,
1780 4640 1910 4693 ἀνα-

331 4725 685 4796 κεκράγασιν.
736 4723 870 4780 Εἶτα
920 4728 974 4780 δὲ
1009 4729 1126 4782 δυσὶ
1157 4729 1493 4802 λελυπήκασι
1545 4734 1798 4804 πληγαῖς,
1831 4736 1906 4799 ὼς

327 4813 424 4884 τὴν
479 4815 682 4887 πέτραν
724 4818 965 4888 Μωῡσῆς
1019 4821 1100 4884 δὶς
1145 4822 1431 4887 ἐπάταξεν.
1497 4824 1899 4878 Ἀπεκτείνασι

328 4902 436 4974 γὰρ
463 4905 570 4957 τὸν
603 4906 870 4976 ἀρχηγὸν
898 4907 1006 4975 τῆς
1037 4908 1201 4978 ζωῆς,
1238 4907 1336 4964 εἷθ’
1373 4912 1454 4964 ὃτι
1487 4914 1798 4984 μεμένηκεν
1842 4915 1900 4966 ἐν

328 4998 558 5065 νεκροῖς,
593 4997 904 5051 ἀναπείθειν
941 4999 1148 5071 ἤθελον.
1201 5003 1362 5056 Ἀλλ’
1390 5002 1716 5058 ἐκδέδωκεν
1738 5007 1776 5074 ἠ
1799 5005 1902 5060 πέ-

329 5102 438 5153 τρα
471 5089 778 5156 πλουσίως
815 5091 877 5143 τὸ
907 5091 1084 5160 νᾶμα,
1116 5094 1213 5146 καὶ
1240 5097 1522 5148 πεπότικε
1551 5095 1758 5150 πᾶσαν
1786 5097 1902 5164 τὴν

325 5178 704 5248 συναγωγήν.
744 5181 1036 5235 Ἐπέκλυσε
1066 5183 1175 5256 γὰρ
1192 5186 1288 5256 τὴν
1315 5185 1638 5257 οἰκουμένην
1664 5188 1899 5258 Χριστὸς

2039 2507 2285 2561 sistentia
2313 2518 2451 2574 erat,
2483 2518 2740 2563 concreto
2767 2510 3058 2580 vaporibus
3088 2525 3213 2566 aere
3242 2526 3307 2566 ex
3353 2513 3611 2567 nebulosa

2038 2600 2414 2666 crassitudine,
2457 2609 2510 2653 et
2553 2600 2606 2653 in
2649 2601 2829 2670 seipso
2876 2617 2906 2655 ιι
2965 2603 3143 2657 ventis
3175 2613 3486 2674 compacto;
3517 2606 3614 2661 sed

2036 2690 2388 2745 excellentius
2417 2693 2546 2761 quid
2575 2702 2632 2747 et
2671 2691 2958 2749 sublimius
2989 2695 3225 2752 humana
3253 2700 3614 2769 comprehen-

2036 2777 2230 2830 sione:
2267 2793 2438 2846 usque
2482 2779 2641 2842 adeo,
2693 2787 2772 2842 ut,
2811 2780 3082 2837 solaribus
3130 2784 3300 2839 radiis
3349 2785 3611 2842 fervidius

2035 2872 2474 2937 coruscantibus,
2531 2871 2798 2939 interjecti
2832 2875 2988 2942 quasi
3045 2877 3187 2930 muri
3223 2878 3488 2933 rationem
3522 2880 3612 2934 Ita-

2033 2961 2210 3027 beret,
2253 2963 2594 3018 obumbrans
2643 2963 2905 3032 quidquid
2939 2963 2989 3018 ei
3043 2966 3284 3032 suberat,
3339 2983 3405 3024 ac
3459 2973 3605 3024 tenui

2032 3068 2157 3108 rore
2189 3055 2448 3110 ardentes
2495 3055 2638 3109 aeris
2683 3065 2846 3110 aestus
2884 3066 3251 3125 temperaret:
3288 3069 3450 3115 noctu
3477 3076 3608 3116 vero

2031 3144 2173 3212 ignis
2214 3145 2368 3200 fieret
2400 3161 2430 3198 a
2477 3162 2704 3216 vespera
2758 3148 2813 3201 in
2859 3147 3181 3212 diluculum,
3221 3151 3442 3221 propria
3484 3151 3604 3207 luce

2028 3234 2287 3290 lsraelitis
2311 3237 2483 3292 facem
2513 3237 2808 3306 praeferens
2835 3239 3084 3294 immensi
3113 3241 3434 3309 splendoris.
3462 3243 3520 3300 Si
3547 3245 3600 3299 in

2029 3330 2188 3399 hujus
2217 3331 2342 3384 vitae
2375 3343 2585 3395 eremo,
2617 3332 2706 3385 ubi
2743 3333 2911 3387 multa
2944 3333 3152 3390 obtinet
3185 3333 3458 3390 dementia
3517 3351 3605 3390 re—

2027 3439 2170 3487 rum,
2205 3423 2411 3477 dividat
2435 3422 2805 3479 firmissimum
2831 3441 2990 3480 suum
3021 3440 3362 3494 sermonem,
3389 3437 3602 3496 petram

2025 3515 2249 3575 dictum,
2291 3514 2616 3583 abundeque
2647 3524 2701 3569 et
2731 3515 2799 3569 ad
2828 3517 3134 3572 satietatem
3159 3518 3347 3589 irriget
3379 3532 3465 3574 tne
3493 3520 3601 3584 sic,

2021 3617 2082 3659 ut
2106 3606 2422 3661 conferatur
2450 3607 2625 3661 fluens
2654 3622 2792 3678 aqua
2845 3609 3042 3679 abysso
3071 3625 3179 3665 una
3203 3622 3326 3665 cum
3357 3607 3599 3665 ﬂumini-

2022 3696 2124 3752 bus
2153 3698 2311 3753 vallis
2339 3699 2656 3770 spiritualis.

2091 3903 2201 3970 Ego
2230 3917 2355 3955 vero
2395 3903 2545 3955 irrito
2578 3902 2912 3956 Altissimum
2948 3904 3004 3956 in
3027 3903 3281 3972 inuquoso
3305 3904 3373 3967 ’⁷,
3397 3905 3442 3958 si
3475 3914 3599 3971 post

2017 3992 2341 4046 documenta
2397 3994 2591 4047 iterum
2652 4008 2843 4062 pecco,
2886 3995 3094 4048 oblitus
3142 4009 3453 4048 sermonum
3501 3997 3595 4062 qui

2017 4082 2396 4135 enutriverunt
2428 4097 2534 4142 me,
2566 4090 2619 4133 et
2643 4095 2796 4149 aqua:
2831 4083 2896 4135 de
2922 4093 3096 4151 petra,
3142 4099 3259 4148 qua:
3299 4090 3377 4135 est
3436 4081 3594 4136 Chri-

2015 4183 2127 4227 stus
2153 4174 2219 4230 ⁸⁸.
2249 4174 2421 4227 Petrae
2451 4186 2616 4241 porro
2649 4172 2979 4226 assimilatur
3001 4173 3272 4236 Christus,
3301 4185 3586 4242 propterea

2015 4265 2156 4333 quod
2211 4279 2310 4318 nec
2341 4265 2514 4335 frangi
2559 4280 2660 4319 nec
2706 4265 2920 4318 concuti
2969 4274 3163 4333 potest.
3206 4265 3448 4319 Firmata
3504 4277 3590 4320 est

2011 4356 2156 4411 enim
2209 4357 2260 4410 in
2313 4357 2472 4413 bonis
2517 4359 2629 4413 suis
2666 4356 2849 4410 divina
2876 4366 2931 4411 et
2955 4357 3341 4412 sublimissima
3373 4365 3588 4412 natura.

2010 4449 2212 4505 Contra
2237 4465 2394 4520 quem
2425 4451 2702 4509 Christum
2746 4451 2982 4506 oblocuti
3028 4460 3190 4512 sunt,
3243 4459 3502 4518 tanquam
3533 4451 3586 4503 in

2010 4557 2240 4611 persona
2269 4541 2488 4612 Moysis,
2522 4559 2817 4614 synagoga,
2850 4558 2970 4611 quae
3019 4543 3161 4610 apud
3196 4542 3430 4595 Pilatum
3459 4556 3582 4596 eum

2010 4635 2287 4689 accusavit
2327 4643 2384 4689 et
2419 4634 2704 4689 clamavit:
2766 4633 2936 4699 Tolle,
2982 4632 3324 4701 cruciﬁge".
3381 4631 3586 4686 Deinde

2009 4741 2139 4782 vero
2170 4727 2367 4797 duplici
2407 4727 2748 4784 offenderunt
2783 4727 2963 4797 plaga,
3016 4727 3156 4781 sicut
3188 4738 3398 4794 petram
3437 4724 3587 4795 Moy-

2009 4831 2098 4872 ses
2134 4817 2216 4872 bis
2261 4819 2552 4886 percussit.
2584 4818 2971 4888 lnterfecerunt
3016 4818 3158 4871 enim
3207 4816 3483 4869 Auctorem
3509 4818 3586 4869 ui-

2007 4918 2076 4962 ta:
2117 4909 2172 4973 ί,
2231 4911 2424 4964 deinde
2472 4911 2634 4965 etiam
2686 4910 3012 4979 persuadere
3059 4908 3384 4971 voluerunt,
3438 4913 3580 4976 quod

2009 5000 2267 5054 manserit
2293 5001 2433 5054 inter
2463 5012 2724 5055 mortuos.
2758 4999 2862 5054 Sed
2891 5000 3116 5053 reddidit
3147 5010 3294 5066 petra
3324 5000 3581 5066 ﬂuentum

2007 5091 2304 5158 abundans,
2335 5101 2380 5144 et
2422 5091 2618 5155 potavit
2665 5099 2854 5144 emtum
2902 5092 3196 5143 uniuersum
3225 5089 3265 5141 ³.
3295 5087 3583 5141 lnuudavit

2004 5185 2150 5238 enim
2185 5185 2371 5237 orbem
2409 5192 2674 5237 terrarum
2719 5182 2972 5236 Christus
3017 5180 3224 5235 sanctis
3271 5181 3578 5248 divinisque

330 5268 490 5338 ἱεροῖς
517 5287 576 5323 τε
619 5273 712 5325 καὶ
748 5273 910 5336 θείοις
947 5275 1204 5347 νάμασιν.
1255 5279 1311 5330 ’0
1345 5277 1612 5349 πηγάζων
1656 5279 1718 5330 τὸ
1758 5278 1900 5331 θεῖον

2030 5277 2242 5331 luentis.
2272 5275 2393 5345 Ipse
2423 5276 2514 5344 qui
2555 5277 2785 5330 scaturit
2829 5276 3089 5330 ﬂuentum
3121 5274 3364 5327 divinum
3392 5273 3578 5327 sitiett-

325 5362 472 5431 νᾶμα
519 5365 630 5426 τοῖς
671 5363 882 5432 διψῶσι,
928 5367 1019 5418 καὶ
1070 5367 1314 5438 προχέων
1354 5368 1415 5420 τὸ
1468 5367 1608 5440 ὕδωρ
1689 5371 1753 5421 ἐκ
1802 5369 1903 5439 τῆς

2003 5367 2166 5429 tibus,
2215 5377 2270 5422 et
2301 5365 2582 5434 profundit
2614 5382 2810 5436 aquam
2864 5368 2930 5421 de
2992 5365 3184 5429 latere,
3246 5364 3392 5419 ferro
3432 5363 3576 5418 hanc

325 5453 582 5526 πλευρᾶς,
611 5455 705 5509 τοῦ
748 5456 964 5528 σιδήρου
1001 5459 1102 5529 τὴν
1151 5460 1318 5529 φλέϐα
1361 5460 1566 5532 ταύτην
1609 5461 1903 5532 ἀναστομί-

2030 5471 2191 5510 “cnam
2217 5458 2494 5525 aperiente
2523 5473 2538 5509 :
2567 5465 2623 5510 et
2671 5455 3088 5510 amaritudinem
3153 5455 3357 5517 Merrae,
3437 5451 3574 5520 legis

327 5563 535 5610 σαντος,
590 5550 683 5602 καὶ
724 5550 785 5602 τὸ
827 5551 1020 5622 πικρὸν
1063 5554 1160 5624 τῆς
1213 5554 1460 5624 Μερῥᾶς,
1512 5553 1601 5606 τοῦ
1633 5553 1898 5606 κολαστοῦ

429 5663 472 5694 9⁸
501 5662 513 5714 I
545 5662 668 5716 Cor.
728 5681 779 5727 ιι,
817 5667 870 5721 4.
952 5666 998 5698 ’⁷
1045 5664 1188 5723 Psal.
1217 5681 1426 5736 Lxxvtt,
1458 5667 1544 5721 l7.

320 5746 521 5798 watt,
566 5737 658 5798 l5;
695 5737 862 5792 Exod.
893 5755 1021 5806 xvtt,
1049 5740 1104 5794 6.

389 5831 498 5900 L83)
543 5832 701 5890 Forte
730 5833 897 5902 πάθη.

1649 5665 1694 5700 ’⁸
1725 5664 1742 5718 1
1791 5664 1919 5720 Cor.
1946 5679 2002 5731 ι,
2035 5663 2088 5717 4.

2001 5561 2192 5612 nempe
2239 5547 2479 5610 ultricis,
2520 5548 2749 5600 mutavit
2797 5547 2850 5600 in
2893 5546 3165 5600 dulcorem
3225 5541 3575 5610 susceptione

2195 5664 2240 5696 "
2263 5661 2420 5720 Joan.
2455 5675 2570 5726 ιιι,
2595 5658 2680 5715 l5.
2794 5659 2812 5690 ‘
2871 5661 2991 5714 Act.
3032 5671 3114 5724 ιιι,
3171 5656 3256 5710 l5.
3372 5653 3569 5707 'Psal.
