4186 6392
536 368 640 427 illi

536 514 662 583 ligni
698 511 901 576 crucis,
947 519 999 565 et
1033 509 1277 582 mysterii
1312 508 1449 579 ejus.
1503 508 1704 564 Littera
1747 510 1895 565 enim
1935 519 1990 564 et
2023 510 2109 565 lex

532 606 747 670 occidit,
785 604 1002 674 spiritus
1045 620 1189 671 vero,
1227 615 1284 660 et
1320 603 1587 675 Spiritalis
1628 604 1807 660 cultus
1839 605 2110 675 evangeli-

510 712 628 751 i'cus
657 695 875 766 viviﬁcat
908 695 947 752 ³.

605 956 852 1029 Magnam
901 971 1031 1009 vero
1082 970 1270 1011 curam
1315 971 1512 1027 gerens
1565 956 1707 1011 Deus
1744 954 1812 1011 de
1864 954 2103 1021 homine,

535 1053 699 1106 etiam
733 1048 930 1105 cmlum
968 1049 1067 1119 ipsi
1112 1049 1308 1119 aperit,
1358 1058 1412 1103 et
1464 1047 1744 1103 ctelestem
1791 1046 1868 1102 illi
1923 1061 2104 1103 escam

534 1143 760 1212 prtebet,
809 1141 1034 1212 ipseque
1068 1139 1215 1194 illum
1270 1155 1435 1195 manu
1489 1140 1658 1203 ducit,
1698 1136 1921 1195 effectus
1952 1138 2111 1192 itine-

536 1237 784 1293 ranlibus
822 1237 1028 1302 lumen,
1077 1236 1295 1307 agitque
1335 1238 1387 1291 in
1434 1237 1551 1290 vias
1604 1250 1739 1305 quas
1782 1249 1879 1306 per
1906 1251 1966 1292 se
2010 1236 2110 1290 hu-

536 1345 694 1384 mana
743 1328 964 1400 ignorat
1010 1336 1222 1382 natura.
1259 1327 1399 1395 Quin
1441 1327 1607 1383 etiam
1639 1340 1868 1398 vespere
1896 1336 2112 1397 ortygo-

535 1431 790 1488 melram,
838 1421 1012 1489 primo
1068 1428 1247 1473 autem
1298 1418 1539 1474 diluculo
1596 1433 1793 1473 manna
1851 1418 2107 1483 demittit,

535 1513 754 1584 oblique
790 1512 948 1568 nobis
976 1511 1223 1581 exemplo
1258 1510 1664 1574 subindicante,
1701 1518 2001 1565 amatorem
2034 1525 2111 1565 re-

538 1623 659 1662 rum
692 1617 1030 1661 terrenarum
1070 1605 1124 1658 in
1157 1602 1477 1674 intelligibili
1521 1601 1727 1656 lumine
1758 1616 2105 1671 nequaquam

537 1699 744 1755 versari
776 1717 789 1751 :
824 1712 943 1767 qua:
973 1710 1071 1767 per
1106 1703 1536 1765 ortygometram
1590 1695 1913 1758 inuuuntur,
1946 1709 2110 1763 quam

536 1788 1050 1859 concupiscentibus
1078 1787 1309 1858 porrigit
1332 1785 1498 1851 Deus,
1530 1802 1634 1839 non
1665 1786 1887 1840 trahens
1916 1783 2030 1854 ipse
2058 1785 2110 1838 in

536 1880 1050 1953 concupiscentiam,
1100 1881 1341 1934 nondum
1392 1893 1521 1933 vero
1570 1877 1807 1947 largiens
1856 1877 2110 1934 virtutem

539 1976 750 2031 fortiter
801 1972 1107 2029 debellandi
1157 1972 1463 2041 passiones.
1520 1969 1714 2024 Manna
1778 1968 1967 2024 umbra
2010 1968 2113 2023 fuit

537 2070 982 2123 documentorum
1027 2075 1078 2118 et
1113 2064 1378 2118 donorum
1413 2078 1509 2134 per
1552 2062 1829 2119 Christum
1853 2104 1868 2128 ,
1898 2077 2018 2140 quo:
2047 2080 2112 2117 ex

536 2159 647 2216 alto
677 2157 996 2227 etelitusque
1027 2155 1380 2226 proveniunt,
1414 2169 1514 2208 nec
1543 2163 1819 2209 terrenum
1867 2153 1997 2220 quid
2028 2155 2116 2207 ad-

537 2254 754 2309 mistum
812 2253 1041 2316 habent,
1108 2258 1409 2319 carentque
1461 2247 1642 2318 potius
1696 2248 1843 2302 omni
1910 2247 2114 2304 carnali

1423 363 1986 423 SUPPLEMENTUM
2020 364 2113 419 AD
2152 363 2477 421 ORIGENIS
2515 364 2923 421 EXEGETICA.

2138 834 2185 897 C

3692 369 3793 423 ιιι

2216 507 2407 579 νόμου,
2454 507 2748 579 μετέϐαλεν
2784 510 2863 572 εἰς
2900 508 3211 578 γλυκύτητα
3260 509 3327 579 τῇ
3374 506 3655 579 παραδοχῇ
3696 507 3793 561 τοῦ

2220 599 2376 664 ξύλου
2402 600 2497 655 τοῦ
2524 600 2781 673 σταυροῦ,
2816 603 2913 655 καὶ
2939 599 3035 654 τοῦ
3061 602 3147 654 ἐπ’
3180 600 3330 673 αὑτῷ
3364 599 3685 672 μυστηρίου.
3719 600 3795 656 Τὸ

2216 692 2327 764 γὰρ
2352 692 2584 763 γράμμα
2616 694 2710 747 καὶ
2738 695 2768 747 6
2791 693 2954 764 νόμος
2979 692 3341 754 ἀποκτείνει,
3373 689 3440 744 τὸ
3465 688 3533 745 δὲ
3557 687 3798 760 πνεῦμα

2218 783 2314 837 καὶ
2367 785 2402 855 ἡ
2466 785 2523 836 ὲν
2578 783 2847 853 πνεύματι
2905 781 3130 853 λατρεία
3182 782 3218 851 ὴ
3276 779 3605 851 εὐαγγελικὴ
3650 778 3795 842 εωθ-

2218 884 2390 926 ποίει.

2283 963 2541 1035 Μεγάλην
2581 963 2639 1017 δὲ
2678 963 2932 1038 πρόνοιαν
2978 962 3297 1034 ποιούμενος
3333 964 3363 1016 6
3401 961 3535 1026 Θιδς
3567 960 3664 1015 τοῦ
3700 961 3797 1015 ἀν-

2213 1055 2452 1130 θρώπου,
2495 1057 2591 1110 καὶ
2631 1055 2857 1127 οὐρανὸν
2897 1055 3047 1125 αὐτῷ
3083 1056 3308 1124 ἀνοίγει,
3342 1055 3438 1109 καὶ
3463 1054 3672 1127 τροφὴν
3700 1054 3802 1110 αὐ-

2211 1152 2290 1222 τῷ
2317 1150 2532 1204 δίδωσιν
2580 1149 2850 1220 οὐράνιον,
2898 1148 2992 1202 καὶ
3029 1150 3362 1220 χειραγωγεί
3405 1147 3568 1201 αὐτὸν
3612 1146 3798 1213 αὐτὸς,

2211 1243 2494 1313 γινόμενος
2518 1244 2633 1305 τοῖς
2662 1240 2906 1294 ὁδεύουσι
2946 1238 3084 1309 φῶς,
3111 1239 3207 1293 καὶ
3233 1240 3383 1309 ἀγων
3409 1239 3503 1292 ἐπὶ
3521 1239 3699 1304 ὀδοὺς,
3730 1239 3798 1305 ἀς

2211 1335 2330 1389 καθ’
2364 1334 2561 1406 ἑαυτὴν
2581 1336 2615 1405 ἡ
2639 1332 2955 1406 ἀνθρωπίνη
2988 1331 3150 1402 φύσις
3176 1332 3277 1385 οὐκ
3301 1333 3610 1387 ἐπίσταται.
3650 1332 3799 1406 Πλὴν

2213 1427 2452 1499 ἑσπέρας
2487 1426 2587 1497 μὲν
2630 1426 2731 1496 τὴν
2780 1426 3218 1498 ὀρτυγομήτρα-ι,
3269 1424 3387 1497 ἅμα
3425 1425 3484 1480 δὲ
3527 1428 3594 1497 τῇ
3627 1425 3704 1498 ἕῳ
3736 1426 3799 1482 τδ

2216 1522 2389 1591 μάννα
2435 1520 2676 1593 καθίησι,
2739 1519 2983 1588 πλαγίως
3033 1520 3165 1589 ἡμῖν
3206 1517 3301 1572 τοῦ
3354 1519 3797 1591 παραδείγματος

2214 1612 2663 1683 ὑπεμφαίνοντος,
2707 1612 2791 1666 ὃτι
2837 1611 2912 1683 μή
2972 1612 3122 1665 ἔστιν
3168 1610 3228 1662 ὲν
3277 1612 3418 1681 φωτὶ
3468 1611 3645 1683 νοητῷ
3688 1612 3801 1665 τῶν

2213 1704 2414 1776 γηΐνων
2443 1706 2471 1758 6
2508 1705 2777 1776 ἐραστήςν
2809 1704 2846 1759 ἃ
2876 1704 2964 1758 διὰ
3000 1705 3098 1777 τῆς
3142 1704 3557 1777 ὁρτυγομήτρας
3597 1705 3799 1775 σημαί-

2214 1811 2383 1860 νεται,
2427 1796 2493 1867 ἢν
2533 1797 2714 1868 ὀρέγει
2748 1796 3068 1868 ἐπιζητοῦσι
3105 1793 3261 1860 Θεὸς,
3296 1797 3394 1867 οὐχ
3427 1796 3599 1850 ἕλκων
3632 1796 3797 1860 αὐτὸς

2214 1889 2294 1952 είς
2337 1888 2651 1960 ἐπιθυμίαν,
2687 1887 2842 1943 οὔπω
2877 1889 2935 1943 δὲ
2970 1889 3148 1953 διδοὺς
3177 1890 3241 1943 τὸ
3282 1889 3795 1944 κατανεανιεύεσθαι

2216 1978 2420 2033 παθῶν.
2455 1979 2529 2032 Τὸ
2554 1979 2612 2034 δὲ
2644 1979 2818 2051 μάννα
2854 1979 2982 2034 σκιά
3011 1979 3119 2034 τῶν
3164 1980 3253 2035 διά
3298 1978 3534 2052 Χριστοῦ
3578 1981 3799 2035 παιδευ-

2218 2072 2404 2141 μάτων
2438 2088 2496 2124 τε
2547 2073 2641 2126 κα)⁵
2679 2073 3058 2145 χαρισμάτων,
3108 2072 3144 2127 ἃ
3185 2071 3392 2126 ἄνωθέν
3439 2076 3556 2128 ἔστι
3600 2074 3697 2127 καὶ
3737 2075 3799 2140 ἒξ

2216 2162 2467 2234 οὐρανοῦ,
2495 2164 2591 2217 καὶ
2617 2163 2678 2216 τὸ
2703 2163 2905 2232 γεῶδες
2936 2165 3038 2217 οὐκ
3075 2164 3209 2236 ἔχει,
3248 2165 3469 2238 ἀμοιρεῖ
3508 2165 3566 2220 δὲ
3601 2166 3802 2238 μᾶλλον

2218 2254 2308 2307 καὶ
2339 2254 2620 2327 βδελυρίας
2665 2255 2953 2326 σαρκικῆς.
2991 2257 3102 2309 Καὶ
3132 2255 3307 2321 οὕτως
3339 2257 3515 2329 τροφὴ
3560 2257 3801 2329 πνευμά-

536 2344 963 2402 abominatione.
1020 2343 1201 2413 Atque
1251 2340 1331 2395 sic
1385 2354 1509 2395 esca
1557 2338 1806 2409 spiritus,
1853 2350 1936 2395 est
1968 2349 2111 2395 recta

2219 2364 2324 2400 των
2346 2347 2552 2418 ἐστὶνὴ
2591 2349 2648 2401 ὲν
2684 2346 2895 2413 τούτοις
2934 2348 3070 2421 ὀρθὴ
3116 2350 3212 2403 καὶ
3254 2348 3544 2421 ἀκίδδηλος
3575 2350 3800 2419 γνῶσις,

536 2439 862 2507 sinceraque
912 2450 1101 2491 eorum
1158 2431 1419 2503 cognitio,
1474 2430 1629 2501 cujus
1687 2429 2118 2487 subministratio

536 2542 793 2599 tanquam
839 2528 891 2582 in
934 2527 1054 2581 luce
1077 2534 1132 2580 et
1164 2523 1251 2579 die
1289 2524 1370 2587 fit,
1408 2522 1692 2577 exoriente
1727 2521 1851 2579 Sole
1892 2514 2117 2592 justitize

537 2622 767 2679 Domino
793 2630 1002 2685 nostro,
1050 2618 1141 2688 qui
1168 2617 1358 2672 educat
1412 2631 1511 2671 nos
1554 2616 1608 2668 in
1641 2615 1807 2668 vitam
1836 2626 2114 2671 aeternam.

605 2716 712 2784 Qui
771 2715 915 2769 enitn
971 2728 1164 2766 manna
1233 2710 1493 2772 comedit,
1533 2710 1780 2779 superior
1832 2707 1938 2764 erit
1968 2710 2115 2763 omni

537 2807 906 2877 corruptione,
942 2816 998 2860 et
1057 2802 1326 2859 transiliet
1363 2808 1613 2854 mortem.
1665 2798 1755 2852 Ait
1803 2813 1956 2864 vero,
1996 2792 2115 2853 Col-

538 2903 731 2973 ligetur
761 2916 792 2952 a
838 2893 1325 2957 contubernalibus,
1360 2901 1406 2945 et
1458 2907 1561 2943 non
1618 2888 1925 2959 relinquetis
1962 2903 2027 2943 ea:
2057 2904 2116 2943 eo

539 3006 702 3060 usque
748 3004 900 3042 mane
929 2986 973 3040 ⁵.
1020 2983 1396 3039 Necessarium
1452 2989 1535 3034 est
1585 2979 1729 3034 enim
1782 2979 1969 3046 nobis,
2024 2980 2116 3048 qui

539 3082 780 3149 ejusdem
810 3076 971 3132 simul
1007 3089 1193 3131 sumus
1228 3071 1354 3127 fidei
1400 3071 1648 3140 idemque
1702 3069 1966 3125 habemus
1994 3083 2121 3124 con-

540 3175 870 3234 tuberniutn,
904 3168 1205 3225 Ecclesium
1260 3164 1534 3229 videlicet,
1581 3172 1637 3216 ut
1684 3161 1889 3217 divinis
1917 3162 2119 3217 nostris

537 3270 805 3326 satiemur
821 3261 1185 3323 sermonibus,
1211 3274 1308 3313 nec
1330 3257 1679 3311 observemus
1702 3253 1948 3308 umbram
1973 3262 2115 3322 post-

538 3376 700 3432 quam
732 3356 938 3413 veritas
969 3351 1257 3410 manifesw
1288 3348 1559 3418 apparuit.
1583 3343 1688 3411 Qui
1723 3345 1887 3405 enim.
1918 3345 2015 3409 ait,
2049 3345 2104 3397 in

537 3452 647 3520 lege
669 3444 1064 3517 iustiﬁcamini.
1087 3458 1117 3493 (ι
1148 3440 1315 3510 gratia
1334 3435 1605 3491 excidisti:
1628 3433 1668 3486 '.
1700 3432 1807 3488 Sed
1836 3449 1957 3487 cum
1989 3446 2113 3501 per-

536 3540 847 3597 venerimus
912 3551 1011 3605 per
1066 3533 1228 3587 fidem
1280 3529 1344 3583 ad
1390 3528 1730 3599 spiritualem
1796 3528 1848 3581 in
1894 3527 2113 3581 Christo

537 3633 950 3691 sabbatismnm,
984 3628 1037 3683 id
1070 3634 1152 3681 est
1180 3625 1245 3679 ad
1273 3624 1611 3677 vacationem
1656 3635 1720 3675 ac
1749 3620 2110 3675 cessationem

537 3745 567 3781 a
592 3733 814 3797 peccato
844 3740 858 3788 ;
900 3736 1005 3776 non
1050 3728 1308 3787 tanquam
1343 3713 1590 3768 inutilem
1648 3713 1999 3779 repudiamus
2032 3721 2110 3766 tot

538 3816 825 3889 praeceptis
858 3820 1233 3867 coacervatam
1255 3806 1367 3877 jam
1399 3805 1534 3875 legis
1566 3802 1949 3866 eruditionem,
1994 3816 2111 3854 ma-

537 3912 903 3967 nuducentem
938 3919 1035 3959 nos
1065 3902 1132 3955 ad
1164 3899 1465 3957 Christum.
1508 3892 1761 3964 Legimus
1793 3892 1938 3947 enim
1990 3889 2109 3945 Mo-

535 4008 714 4062 saicas
743 4001 988 4065 umbras,
1037 4010 1143 4065 quo
1190 3994 1243 4046 in
1294 3991 1401 4046 illis
1448 3988 1735 4044 veritatem
1777 3998 2109 4055 quzeramus,

536 4117 665 4155 nova
694 4106 741 4151 et
770 4104 939 4151 vetera
971 4091 1036 4145 de
1066 4089 1310 4142 thesauro
1337 4081 1663 4153 proferente:
1690 4078 1730 4132 °.
1763 4080 1869 4133 Aut
1898 4078 1942 4132 si
1982 4091 2099 4130 ma-

531 4193 638 4255 vis,
673 4203 792 4257 quae
820 4188 910 4241 hic
941 4181 1256 4252 collegimus
1289 4177 1340 4229 in
1367 4185 1662 4245 parasceve
1704 4170 1854 4244 (84),
1891 4168 2005 4224 haec
2037 4169 2108 4224 ibi

529 4286 817 4343 sabbatum
859 4285 1084 4349 agentes
1105 4270 1469 4331 inveniemus,
1502 4276 1558 4320 et
1591 4266 1962 4319 enutriemur.

602 4376 743 4431 Olim
769 4370 986 4442 quidem
1030 4380 1218 4431 panem
1262 4361 1327 4414 de
1372 4357 1500 4413 cado
1543 4356 1688 4411 dedit
1735 4354 1877 4408 Deus
1916 4351 2108 4422 populo

531 4487 650 4536 suo,
682 4468 772 4538 qui
810 4463 953 4519 nullo
985 4459 1220 4515 adhibito
1262 4454 1446 4509 labore
1489 4452 1558 4505 ad
1606 4464 1812 4503 omnem
1858 4448 2106 4516 volupta-

2214 2433 2281 2511 ἦς
2304 2440 2337 2510 ἡ
2359 2439 2610 2513 χορηγία,
2629 2439 2704 2504 ὡς
2725 2442 2783 2494 ὲν
2808 2441 2946 2509 φωτὶ
2968 2442 3061 2493 και
3088 2441 3272 2513 ἡμέρᾳ
3302 2441 3531 2510 γίνεται,
3555 2442 3801 2513 ἀνίσχον-

2214 2547 2306 2594 τος
2332 2529 2423 2584 τοῦ
2455 2530 2629 2583 Ἠλίου
2643 2531 2744 2601 τῆς
2778 2530 3123 2604 δικαιοσύνης
3152 2534 3360 2605 Κυρίου
3397 2532 3533 2606 (85),
3567 2532 3628 2597 ὃς
3658 2534 3798 2588 ἀπο-

2215 2618 2408 2689 τρέφει
2429 2618 2576 2689 ἡμᾶς
2600 2619 2682 2682 εἰς
2712 2618 2856 2691 ζωὴν
2890 2620 3192 2691 ἀμήρυτον.

2298 2711 2356 2764 '0
2381 2709 2490 2782 γάρ
2514 2710 2575 2763 τὸ
2600 2708 2740 2763 θεῖον
2766 2711 2940 2783 μάννα
2968 2710 3346 2783 κατεδηδοκὼς
3371 2711 3612 2782 ἀμείνων
3643 2710 3798 2765 ἔσται

2217 2801 2423 2873 φθορᾶς
2445 2801 2538 2854 καὶ
2563 2800 2914 2871 ὑπεραλεῖται
2936 2801 3187 2857 θανάτου.
3213 2800 3579 2867 Συλλέξεται
3602 2801 3685 2866 δι,
3702 2818 3800 2872 φη·

2217 2893 2292 2954 σὶ,
2315 2890 2439 2958 τοῖς
2465 2891 2823 2960 συσκήνοις,
2852 2891 2953 2947 καὶ
2972 2894 3045 2947 οὐ
3067 2892 3461 2961 καταλείψετε
3479 2891 3581 2947 ἀπ’
3609 2889 3799 2946 αὐτοῦ

2214 2984 2301 3047 εἰς
2321 2981 2387 3035 τὸ
2410 2985 2574 3051 πρωΐ.
2598 2983 2720 3056 Χρὴ
2741 2985 2850 3055 γάρ
2880 2981 3018 3054 ὁμοῦ
3058 2985 3172 3047 τοῖς
3192 2982 3529 3054 ὁμοπὶστοις,
3559 2984 3673 3046 τοῖς
3698 2983 3799 3054 τὴν

2216 3071 2423 3126 οἰκοῦσι
2468 3073 2694 3145 σκηνὴν,
2750 3073 2848 3146 τὴν
2904 3073 3251 3144 Ἐκκλησίαν,
3299 3073 3407 3126 τῶν
3449 3072 3610 3126 θείων
3643 3072 3801 3143 ἡμῶν

2219 3165 2578 3238 ἐμφορεῖσθαι
2625 3166 2822 3235 λόγων,
2868 3168 2961 3220 καὶ
3002 3167 3077 3237 μὴ
3125 3167 3312 3237 τηρεῖν
3340 3166 3440 3237 τὴν
3479 3164 3638 3219 σκιὰν
3665 3163 3805 3237 μετά

2222 3256 2319 3327 τὴν
2342 3258 2440 3329 τῆς
2463 3257 2719 3328 ἀληθείας
2738 3244 3099 3329 ἔνδειξινυὶθλ).
3123 3258 3353 3323 Οῖτινες
3372 3258 3716 3328 τὰρ,·φησὶν,
3734 3257 3805 3309 ἐν

2220 3348 2382 3417 νόμῳ
2405 3347 2783 3414 δικαιοῦσθε,
2830 3348 2942 3418 τῆς
2982 3350 3226 3418 χάριτος
3277 3348 3614 3414 ἐξεπέσετε.
3656 3348 3803 3420 Πλὴν

2221 3440 2513 3511 ἀφιγμένοι
2534 3440 2622 3494 διὰ
2649 3441 2747 3511 τῆς
2784 3441 3021 3504 πίστεως
3051 3442 3132 3504 εἰς
3159 3441 3253 3494 τὸν
3295 3442 3354 3495 ὲν
3395 3439 3615 3512 Χριστῷ
3654 3439 3805 3494 νοού-

2223 3545 2383 3599 μενον
2415 3527 2805 3601 σαϐὁατισμὸν,
2837 3530 3114 3583 τουτέστιν
3146 3532 3225 3594 εἰς
3262 3529 3460 3602 ἀργίαν
3502 3531 3597 3584 καὶ
3636 3530 3802 3585 κατά-

2220 3620 2372 3692 ληξιν
2393 3622 2490 3691 τὴν
2522 3621 2581 3686 ἐξ
2609 3621 2883 3694 ἁμαρτίας
2904 3662 2920 3686 ,
2953 3623 3051 3692 οὐχ
3090 3621 3166 3686 ὼς
3207 3622 3480 3694 ἄχρηστον
3510 3622 3802 3693 παραιτού-

2223 3713 2361 3782 μεθα
2387 3714 2486 3785 τὴν
2510 3712 2952 3786 προσωρευθείαν
3001 3714 3114 3784 (87)
3165 3713 3260 3767 τοῦ
3295 3715 3460 3786 νόμου
3499 3714 3801 3777 παίδευσιν,

2218 3805 2663 3878 χειραγωγοῦσαν
2703 3808 2854 3877 ἡμᾶς
2896 3808 2976 3870 είς
3021 3806 3275 3878 Χριστόν.
3322 3806 3799 3879 Περιτυγχάνομεν

2218 3899 2327 3970 γάρ
2357 3902 2478 3963 ταῖς
2499 3898 2587 3953 διὰ
2611 3899 2853 3963 Μωσέως
2880 3900 3059 3962 σκιαῖς
3077 3938 3091 3962 ,
3126 3898 3212 3952 ἵνα
3252 3899 3351 3969 τὴν
3388 3900 3445 3951 ὲν
3490 3899 3680 3962 αὑταῖς
3704 3896 3801 3969 ξη-

2217 3989 2398 4061 τῶμεν
2424 3989 2699 4062 ἀληθειαν,
2724 3991 2901 4044 καινὰ
2919 3991 3016 4044 καί
3040 3989 3265 4045 παλαιὰ
3283 3990 3353 4042 ὲκ
3373 3988 3683 4057 θησαυροῦ
3703 3988 3802 4042 ἐκ-

2217 4079 2564 4146 ϐάλλοντες.
2596 4081 2659 4134 Et
2690 4080 2749 4134 δὲ
2782 4080 2959 4151 βούλει
2980 4119 2995 4143 ,
3028 4081 3171 4152 άπερ
3206 4078 3438 4134 ἐνταῦθα
3475 4076 3802 4146 συλλέξομεν

2216 4172 2275 4224 έν
2300 4173 2641 4242 παρασκευῇ,
2668 4170 2843 4225 ταῦτα
2879 4172 3057 4223 ἐκεῖσε
3095 4168 3520 4230 σαϐϐατίσαντες
3571 4166 3798 4237 εὑρήσο-

2219 4280 2319 4332 μεν
2353 4263 2447 4317 κα).
2473 4280 2651 4335 τραφη
2659 4263 2882 4333 σόμεθα.

2290 4353 2427 4424 (87⁸)
2464 4353 2641 4408 Πάλαι
2671 4353 2769 4423 μὲν
2800 4349 2893 4407 οὖν
2921 4351 3105 4419 ἄρτον
3123 4351 3223 4405 ἀπ’
3240 4349 3498 4419 οὐρανοῦ
3519 4348 3743 4402 ἔδωκεν
3764 4352 3797 4403 ό

2219 4446 2361 4512 Θεὸς
2406 4445 2486 4512 τῷ
2513 4442 2642 4509 λαῷ
2687 4444 2874 4498 αὑτοῦ
2896 4484 2909 4506 ,
2950 4441 3331 4507 ἀκοπιάστως
3386 4444 3535 4510 πρὸς
3587 4439 3795 4496 πᾶσαν

531 4533 846 4617 ιειιιυαίείιαι
880 4571 897 4607 ;
947 4553 1014 4606 ad
1044 4549 1183 4619 quod
1216 4546 1357 4601 enim
1407 4543 1529 4613 quis
1559 4541 1734 4605 uellet,
1762 4549 2101 4608 attempera-

2216 4536 2445 4622 ἠδονὴις
2474 4538 2764 4605 ἰσχύοντα
2784 4553 2797 4567 ·
2825 4537 2973 4604 πρὸς
3003 4534 3034 4588 ὃ
3069 4533 3177 4604 γάρ
3206 4552 3296 4600 τις
3322 4535 3601 4588 ἐϐούλετο
3618 4549 3794 4602 μετε-

533 4658 687 4708 batur
707 4651 750 4703 τ.
774 4647 978 4704 Eadem
1000 4652 1085 4698 est
1111 4637 1265 4694 verbi
1304 4636 1543 4690 animam
1572 4632 1862 4688 nutrientis
1885 4639 2106 4693 natura,

533 4753 713 4815 aptata
748 4741 814 4795 ad
848 4736 1159 4793 facultatem
1191 4729 1313 4798 ejus
1342 4727 1437 4798 qui
1462 4725 1721 4780 nutritur.
1753 4721 1811 4777 Si
1846 4720 2104 4775 infantem

534 4813 625 4895 lex
652 4836 876 4900 nutriat,
910 4833 970 4886 fit
996 4830 1119 4893 lac;
1160 4824 1208 4880 si
1241 4823 1590 4891 languentem
1640 4817 1900 4880 animam,
1932 4813 2053 4868 olus
2087 4828 2103 4878 ;

534 4933 578 4988 si
612 4931 784 4987 virum
822 4926 1150 5000 perfectum,
1185 4919 1389 4974 solidus
1412 4916 1588 4972 cibus.
1614 4910 1731 4966 Non
1764 4920 1943 4963 tamen
1975 4904 2108 4959 resi-

534 5023 786 5079 dentibus
811 5019 968 5076 nohis
998 5015 1147 5072 venit
1176 5026 1394 5073 manna,
1426 5008 1519 5063 sed
1553 5015 1712 5061 extra
1759 5010 1939 5058 castra
1978 5011 2108 5053 con—

537 5113 922 5178 tendentibus;
971 5121 1167 5177 corpus
1231 5102 1506 5166 videlicet,
1563 5099 1617 5154 iu
1664 5109 1772 5165 quo
1838 5090 2111 5148 clauditur

533 5212 715 5267 anima
740 5219 992 5276 tanquam
1025 5204 1076 5257 in
1104 5214 1347 5256 carcere.
1404 5194 1630 5264 Oportet
1674 5190 1821 5245 enim
1868 5185 2105 5239 animam

534 5318 640 5357 non
675 5297 903 5367 amplius
936 5297 991 5350 in
1020 5310 1186 5350 carne
1214 5306 1359 5357 esse,
1395 5289 1487 5344 sed
1520 5287 1571 5338 in
1600 5282 1817 5353 spiritu.
1846 5277 1919 5331 At
1947 5287 2108 5329 nemo

531 5395 623 5465 qui
652 5399 831 5462 portat
869 5387 1149 5457 imaginem
1178 5382 1375 5439 terreni
1398 5380 1441 5447 ⁸,
1475 5385 1655 5448 potest
1687 5372 1971 5429 cmlestem
2004 5379 2105 5466 pa:-

535 5500 656 5539 nem
698 5481 1028 5536 manducare
1066 5495 1081 5530 :
1116 5473 1376 5529 Animalia
1426 5471 1566 5525 enim
1606 5468 1761 5519 homo
1816 5475 1921 5514 non
1965 5464 2105 5525 capit

603 5598 623 5629 ³
646 5598 688 5651 11
718 5597 844 5651 Cor.
874 5609 954 5659 ιιι,
996 5590 1049 5646 6.
1089 5589 1111 5620 ⁸
1140 5587 1309 5644 Exod.
1343 5581 1558 5650 “1,18,
1584 5579 1672 5635 i9.

607 5716 719 5779 (86)
752 5715 816 5769 Id
848 5721 945 5778 est,
979 5709 1419 5781 praeparatione;
1532 5770 1557 5781 _
1684 5767 1696 5781 _
1727 5770 1738 5781 _
1810 5765 1835 5778 ,

745 5767 993 5860 Lacuna;
1014 5767 1177 5860 Forte
1200 5779 1351 5835 deest
1385 5770 1581 5846 Ἰησοῦ,
1613 5767 1700 5827 vel
1717 5770 1751 5840 ἡ
1761 5767 1899 5838 μῶν.

601 5849 713 5933 (86')
742 5856 833 5913 Vel
861 5849 1146 5913 ἀνάδειξιν-

2214 4634 2476 4701 κρίνατο.
2509 4633 2745 4703 Τοιαύτη
2778 4631 2835 4684 δὲ
2860 4635 2893 4703 ἡ
2924 4631 3016 4684 τοῦ
3049 4631 3342 4704 τρέφοντος
3378 4631 3478 4700 τὴν
3514 4628 3693 4708 ψυχὴν
3716 4628 3795 4681 λό-

2213 4745 2311 4797 γου
2346 4726 2526 4796 φύσις,
2560 4726 2695 4799 πρὸς
2720 4726 2821 4797 τὴν
2856 4725 3083 4796 δύναμιν
3112 4725 3205 4778 τοῦ
3249 4724 3587 4796 τρεφομένου
3626 4741 3791 4792 μετα-

2213 4819 2498 4873 ϐάλλουσα.
2545 4818 2669 4871 Ἐὰν
2691 4819 2884 4888 νήπιον
2918 4818 3091 4889 τρέφῃ
3118 4819 3146 4869 6
3171 4817 3356 4885 νόμος,
3382 4816 3524 4885 γάλα
3545 4815 3753 4882 γίνεται
3774 4832 3787 4844 ·

2213 4910 2308 4964 sev
2341 4911 2519 4983 ψυχὴν
2555 4908 2916 4970 ἀσθενοῦσαν,
2966 4909 3194 4980 λάχανον
3218 4927 3230 4939 ·
3266 4907 3361 4962 ὲάν
3407 4908 3641 4967 τέλειον,
3672 4923 3795 4958 στε-

2219 5000 2318 5072 ρεά
2367 5000 2560 5072 τροφή.
2616 4998 2691 5052 Οὐ
2755 4996 3139 5068 καθεζομένοις
3189 4995 3248 5048 δὲ
3295 4996 3426 5066 ἡμῖν
3480 4993 3698 5064 ἔρχεται
3730 4992 3793 5046 τὸ

2220 5092 2414 5158 μάννα,
2448 5090 2562 5144 ἀλλ’
2598 5089 2914 5162 ἐρχομένοις
2962 5089 3067 5153 ἔξω
3096 5090 3195 5159 τῆς
3228 5086 3583 5158 παρεμϐολῆς
3605 5101 3616 5113 ·
3649 5082 3794 5153 λέγω

2214 5182 2278 5253 δὴ
2329 5180 2422 5235 τοῦ
2474 5180 2756 5253 σώματος,
2791 5180 2849 5233 ἐν
2879 5172 2925 5248 ᾧ
2963 5181 3237 5250 ὲνεῖρκται
3285 5177 3519 5248 ἡψυχὴ.
3573 5176 3665 5227 Δεῖ
3684 5175 3792 5246 γὰρ

2212 5273 2311 5344 τὴν
2338 5273 2518 5345 ψυχὴν
2551 5274 2745 5345 μηκέτ’
2773 5268 2912 5326 εἶναι
2945 5272 3003 5325 ὲν
3035 5270 3202 5342 σαρκ1⁸
3226 5309 3241 5333 ,
3268 5268 3383 5323 ἀλλ’
3409 5270 3467 5321 ὲν
3494 5264 3787 5337 πνεύματι.

2214 5361 2401 5426 Οὐδεὶς
2435 5361 2527 5427 δὲ,
2561 5361 2760 5431 φορῶν
2799 5360 2913 5431 τὴν
2942 5362 3149 5415 εἰκόνα
3182 5359 3287 5413 τοῦ
3315 5357 3544 5428 χοϊκοῦ,
3569 5355 3791 5410 δύναται

2213 5455 2378 5526 ἄρτον
2425 5453 2677 5526 οὐράνιον
2732 5456 2957 5524 φαγεῖνο
2992 5453 3126 5506 διότι
3172 5451 3434 5521 ψυχικὸς
3483 5448 3792 5517 ἅνθρωπος

1772 5572 1795 5607 ⁵
1821 5571 1944 5629 Gal.
1982 5583 2037 5638 ν,
2064 5567 2111 5623 4.

2216 5566 2403 5621 Matth.
2435 5580 2552 5628 xm,
2587 5563 2677 5619 52.
2715 5564 2735 5595 ⁷
2756 5563 2884 5633 Sap.
2924 5577 3035 5625 va,
3073 5561 3167 5628 ιιι),
3197 5558 3289 5614 21.
3312 5556 3336 5589 ⁸
3377 5555 3397 5612 Ι
3424 5555 3547 5613 Cor.
3577 5568 3670 5621 xv,
3697 5553 3790 5611 ιο.

2283 5684 2397 5755 (87)
2425 5683 2559 5739 Puto
2586 5682 3083 5756 προσωρευθεῖσαν.

2268 5756 2404 5830 (ετ)
2446 5756 2615 5825 ἀραί.
