4186 6424
414 321 520 379 us
1609 311 1980 384 ExcEana
2024 330 2088 384 IN
2125 331 2458 386 PSALMOS.
3585 347 3686 398 uo

413 413 487 469 οὐ
533 412 772 484 δέχεται
828 415 902 472 τὰ
943 419 1052 473 τοῦ
1107 421 1466 489 πνεύματος.
1523 423 1658 494 Περὶ
1688 419 1760 493 ἧς
1801 424 1981 495 τροφῆ.

2116 441 2234 496 qua:
2263 433 2387 480 sunt
2419 426 2638 494 spiritus
2671 429 2714 480 θ.
2752 426 2828 481 De
2865 441 2973 496 quo
3005 430 3128 484 cibo
3155 439 3211 486 et
3248 441 3300 486 tu
3330 435 3552 492 edoctus
3585 441 3685 492 fui-

415 507 507 560 καὶ
542 509 606 562 σὺ
635 509 920 581 ἐδιδάχθης
959 510 1228 582 εὔχεσθαι.
1280 514 1404 567 Ἐὰν
1427 511 1519 568 οὖν
1561 514 1667 568 τὸν
1693 514 1981 570 ἐπιούσιοι

2111 518 2180 572 sti
2215 527 2272 571 ut
2309 527 2494 572 votum
2525 519 2776 574 haberes.
2818 519 2874 574 Si
2921 522 3087 592 igitur
3133 525 3536 584 substantialem
3590 550 3687 600 pa-

413 597 597 667 ᾶρτον
620 640 634 664 ,
676 600 768 654 τὸν
801 599 875 672 μὴ
908 602 1254 672 ἐκχωροῦντα
1275 643 1290 666 ,
1324 604 1413 656 τὸν
1447 603 1522 676 μὴ
1550 605 1978 676 ἀποκρινόμενον

2109 627 2224 664 nem
2259 611 2326 676 ιο,
2358 611 2448 680 qui
2499 626 2604 665 non
2656 613 2919 682 egeritur,
2956 615 3047 684 qui
3081 631 3184 670 non
3227 623 3554 690 secernitur,
3589 597 3681 678 sed

411 693 502 748 τὸν
535 692 914 764 ἀναδιδόμενον
971 695 1050 756 είς
1100 692 1198 764 τὴν
1243 694 1432 747 οὐσίαν
1465 696 1562 766 τῆς
1616 695 1822 766 ψυχῆς,
1873 697 1981 750 ὃταε

2107 701 2198 772 qui
2229 703 2428 757 crescit
2470 702 2522 755 in
2559 703 2854 756 essentiam
2887 706 3104 768 animae,
3139 711 3350 776 quoties
3374 713 3594 784 disputo
3617 719 3682 770 de

411 785 765 858 διαλαμϐάνω
827 785 957 858 περὶ
1003 785 1138 839 Θεοῦ
1163 825 1177 850 ,
1212 788 1340 859 περὶ
1387 787 1624 860 Χριστοῦ
1649 829 1663 852 ,
1723 789 1850 858 περὶ
1899 787 1981 858 τῆς

2111 793 2246 856 Deo,
2303 795 2370 848 tle
2421 793 2660 860 Christo,
2709 795 2774 848 de
2817 795 3104 852 divinitate
3137 799 3276 868 ejus,
3319 805 3386 858 de
3439 805 3678 862 incolatu

412 877 668 950 θεότητος
697 875 862 932 αὑτοῦ
884 917 898 941 ,
923 878 1052 948 περὶ
1087 878 1185 948 τῆς
1223 881 1280 931 ἐν
1303 878 1628 950 ἀνθρωπίνῳ
1665 879 1878 951 σώματι
1909 881 1981 934 κοί

2107 881 2322 936 illiusin
2343 883 2576 936 humano
2593 898 2822 950 corpore
2847 894 2902 938 et
2931 886 3108 939 anima
3140 905 3154 953 ;
3187 903 3401 956 panem,
3434 891 3676 960 inquam,

409 970 554 1042 ψυχῇ
605 968 770 1026 αὐτοῦ
815 970 1170 1039 ἐνοικήσεως,
1215 971 1377 1040 ἄρτον
1420 971 1668 1040 ἀγγέλων
1721 974 1912 1036 ἐσθίω,
1943 976 1981 1025 τὲ

2105 975 2422 1046 angelorum
2469 977 2756 1038 manduco,
2811 993 3006 1046 nempe
3056 995 3293 1034 manna:
3339 985 3480 1052 quod
3520 985 3676 1038 inve-

415 1065 620 1136 μάννα·
661 1065 797 1135 ὅπερ
855 1061 1032 1133 εὑρὼν
1086 1063 1180 1116 καὶ
1243 1062 1567 1134 θαυμάσας,
1618 1063 1981 1135 θαυμαστικῶι

2103 1069 2262 1124 niens
2287 1079 2342 1123 et
2370 1070 2695 1136 admiratus,
2732 1072 3129 1127 admirabunde
3165 1075 3308 1139 dico,
3339 1075 3468 1129 Man
3501 1077 3682 1146 ?quid

409 1158 520 1230 ἐρῶ
538 1171 553 1187 ·
585 1157 720 1212 Mair
735 1173 756 1221 ,'
780 1157 837 1210 τί
861 1156 996 1210 ἐστι
1023 1154 1199 1208 τοῦτο
1219 1171 1236 1218 ;
1259 1156 1358 1210 καὶ
1392 1156 1710 1225 γενήσεται
1735 1156 1908 1212 τοῦτο
1935 1159 1999 1212 τὸ

409 1251 639 1320 φθέγμα
681 1248 762 1315 τῷ
798 1249 958 1318 ἄρτῳ
995 1247 1216 1316 ὄνομα·
1263 1245 1492 1314 εὔξασθε
1525 1247 1612 1302 ἵνα
1643 1251 1776 1320 ἡμῖν
1811 1251 1839 1302 ό
1869 1250 2000 1314 Θεὸς

409 1339 761 1411 ἐπισιτισμὸν
813 1338 1110 1410 ἀποστείλῃ
1167 1339 1247 1403 εἰς
1287 1339 1638 1411 πλησμονήν·
1707 1340 1804 1410 οὐχ
1857 1339 1996 1392 ὥστε

405 1431 664 1500 γεύεσθαι
704 1431 898 1504 μόνον,
935 1429 1076 1484 ἀλλά
1109 1431 1202 1482 καὶ
1248 1429 1601 1504 πληρωθῆναι
1653 1429 1760 1483 τῶν
1824 1428 1996 1496 λόγων

405 1525 503 1596 τῆς
537 1523 716 1594 ζωῆς,
745 1524 838 1578 καὶ
887 1521 1368 1594 ἰσχυροποιηθῆναι
1407 1524 1463 1574 ἐν
1505 1523 1716 1584 αὐτοῖς.
1763 1521 1910 1592 Πλὴν
1961 1521 1994 1592 ἡ

406 1618 794 1691 προηγουμένη
832 1616 1006 1688 τροφὴ
1034 1615 1172 1687 αὕτη
1198 1616 1364 1670 ἐστίν.

487 1709 599 1780 (88)
638 1707 958 1762 Ἐσθιόντων
993 1708 1051 1761 δέ
1102 1725 1233 1761 ποτε
1273 1707 1333 1760 τὸ
1397 1707 1574 1777 μάννα
1607 1705 1850 1776 Ἑϐραῖοι
1879 1705 1994 1757 ἑλε-

401 1819 497 1870 γον
513 1818 526 1831 ·
555 1801 766 1866 Οὐδὲν,
790 1800 958 1868 πλὴν
981 1803 1067 1866 εἰς
1088 1801 1152 1853 τὸ
1177 1798 1380 1868 μάννα
1405 1802 1457 1852 οἱ
1482 1797 1775 1868 ὀφθαλμοὶ
1799 1796 1987 1866 ἡμῶν.

415 1893 834 1964 Ἑμνήσθημεν
859 1897 991 1962 γάρ,
1015 1891 1104 1944 ὅτι
1125 1889 1536 1960 ἐκαθέσθημεν
1556 1887 1788 1942 ἐπὶτῶν
1811 1887 1988 1956 λεϐή-

402 2001 519 2038 των
547 1982 665 2038 τῶν
692 1981 882 2051 κρεῶν
913 1981 984 2035 ἐν
1022 1981 1304 2051 Αἰγύπτῳ
1323 1999 1336 2012 ·
1371 1982 1464 2034 καὶ
1501 1981 1662 2051 ἡμεῖς
1704 1977 1985 2042 ταλανίζο-

403 2089 504 2145 μεν
540 2073 804 2138 ἐκείνους,
834 2071 910 2134 ὡς
951 2069 1071 2122 τότε
1113 2069 1536 2142 ἡμαρτηκότας·
1584 2067 1682 2136 οὐχ
1730 2065 1983 2138 ὁρῶντες,

397 2164 481 2218 ὅτι
511 2163 606 2217 καὶ
639 2165 696 2215 ἐν
733 2163 862 2232 ἡμῖν
889 2160 1063 2214 ταῦτα
1095 2161 1163 2214 τὰ
1184 2161 1562 2231 ἁμαρτήματα
1595 2157 1838 2225 γίνεται·
1866 2157 1986 2208 ἀντὶ

2101 1173 2176 1218 est
2219 1163 2427 1217 hoc“?
2467 1175 2514 1218 et
2539 1163 2628 1232 ﬁet
2651 1167 2763 1218 [nec
2809 1165 2972 1219 dictio
3013 1167 3142 1233 pani
3183 1182 3370 1222 nomen
3397 1170 3480 1222 "z
3525 1181 3677 1224 orate

2102 1263 2158 1308 ut
2189 1255 2346 1310 nobis
2379 1253 2525 1310 Deus
2557 1269 2712 1310 escas
2767 1257 2946 1310 mittat
2990 1257 3056 1311 ad
3107 1259 3435 1314 satietatem.
3473 1259 3588 1314 Non
3621 1264 3674 1315 in

2101 1355 2308 1400 tantum
2337 1355 2394 1400 ut
2423 1355 2702 1417 gustemus
2739 1348 3042 1416 duntaxat;
3073 1365 3261 1406 verum
3291 1352 3453 1406 etiam
3499 1355 3674 1423 reple-

2100 1455 2256 1494 amur
2291 1440 2640 1494 sermonibus
2685 1441 2826 1504 vitae,
2861 1450 2916 1494 et
2953 1441 3280 1498 roboremur
3315 1446 3366 1500 in
3402 1447 3524 1501 illis.
3557 1448 3672 1502 Ca:-

2099 1539 2271 1587 terum
2303 1533 2594 1602 primarius
2619 1533 2775 1588 cibus
2805 1535 3110 1605 hujnsmodi
3139 1547 3244 1591 est.

2157 1687 2519 1742 Comedenles
2578 1697 2758 1742 autem
2811 1689 2938 1742 olim
2989 1705 3188 1744 manna
3240 1691 3470 1756 ilehrwi,
3525 1698 3670 1752 dice-

2093 1783 2264 1836 bant:
2329 1782 2498 1848 Nihil,
2549 1795 2900 1850 prceterquam
2955 1787 3023 1838 ad
3068 1803 3264 1841 manna
3307 1791 3446 1843 oculi
3480 1794 3666 1846 nostri.

2093 1875 2379 1930 Recordati
2428 1878 2566 1930 enim
2599 1893 2804 1937 sumus,
2851 1877 2977 1948 quia
3004 1879 3235 1935 sedimus
3265 1885 3334 1936 ad
3365 1883 3498 1938 ollas
3549 1902 3670 1940 car-

2091 1969 2237 2020 nium
2297 1968 2350 2020 in
2395 1966 2630 2036 ngypto
2665 1967 2749 2022 1':
2805 1979 2860 2023 et
2907 1985 3006 2025 nos
3036 1971 3381 2040 deploramus
3415 1975 3555 2040 illos,
3585 1992 3667 2031 tlt-

2090 2070 2213 2127 p0te
2252 2057 2342 2128 qui
2384 2067 2513 2112 tunc
2542 2059 2892 2127 peccaverint
2941 2078 2955 2124 ;
3006 2075 3114 2115 non
3149 2063 3418 2128 videntes,
3449 2067 3574 2135 quia
3609 2069 3666 2122 in

2087 2153 2245 2209 nobis
2273 2154 2398 2207 talia
2430 2161 2652 2222 peccata
2684 2149 2819 2206 ﬁunt
2858 2173 2870 2206 :
2915 2163 3102 2209 contra
3139 2159 3482 2226 spiritualem
3515 2158 3666 2216 Scri-

395 2257 494 2326 τῆς
517 2253 889 2324 πνευματικῆς
917 2253 1137 2324 Γραφῆς
1173 2252 1243 2306 τὰ
1283 2251 1467 2324 πράσα
1507 2249 1576 2303 τὰ
1607 2247 1818 2318 δυσώδη
1839 2287 1854 2313 ,
1890 2248 1981 2301 καὶ

2090 2259 2328 2317 pturam,
2357 2263 2550 2316 porros
2576 2247 2978 2318 graveolentes,
3017 2258 3072 2303 et
3103 2267 3280 2322 caepas
3313 2254 3486 2308 aciem
3523 2271 3660 2312 ocu-

393 2348 465 2401 τὰ
493 2347 758 2418 κρόμμυα
784 2343 854 2398 τά
880 2344 1186 2415 βλάπτοντα
1212 2343 1340 2405 τοὺς
1391 2340 1701 2412 ὀφθαλμοὺς
1743 2339 1842 2408 τῆς
1880 2337 1981 2408 ψυ-

395 2442 530 2512 χῆς,
567 2440 663 2493 καὶ
703 2437 774 2492 τὰ
800 2436 1116 2508 πληροῦντα
1149 2435 1412 2489 δυσωδίαν
1451 2433 1823 2506 ἁμαρτήματα
1858 2432 1980 2485 σκό-

397 2531 524 2601 ροδα
557 2528 927 2602 ἐπιθυμοῦμεν
957 2531 1179 2598 φαγεῖν,
1223 2526 1318 2580 καὶ
1365 2523 1743 2598 ἐμφορηθῆναι
1777 2522 1979 2592 ἡδονῶν

389 2622 706 2693 δυσοσμίας.
741 2621 853 2674 Καὶ
909 2619 1006 2691 τὴν
1067 2618 1288 2672 ἔκλυτον
1341 2617 1434 2670 τοῦ
1489 2617 1696 2686 κόσμου
1737 2613 1976 2667 καὶτῶν

391 2715 720 2786 σωματικῶν
743 2713 904 2784 φύσιν
936 2713 1260 2776 ποθοῦντες,
1297 2711 1546 2764 πεπόνων
1579 2707 1973 2780 ἐπιθυμοῦμεν,

387 2810 572 2863 καὶτὸ
615 2809 691 2881 μὴ
733 2807 1112 2879 ἀναδιδόμενον
1158 2809 1238 2871 είς
1283 2808 1382 2878 τὴν
1427 2805 1530 2876 τῆς
1561 2803 1743 2874 ψυχῆς
1789 2802 1975 2856 οὐσίαν

389 2901 670 2964 ἀνελόντες
692 2941 706 2963 ,
779 2900 984 2954 σικύων
1059 2899 1286 2970 θέλομεν
1347 2897 1801 2969 μεταλαμϐάνειν.
1865 2897 1975 2948 Kal.

2087 2340 2260 2395 lorum
2303 2341 2497 2395 animm
2553 2341 2897 2403 hebetantes,
2960 2350 3033 2406 et,
3091 2357 3209 2410 quae
3251 2346 3462 2414 replent
3508 2354 3660 2418 gravi

2085 2432 2254 2488 odore
2285 2443 2531 2503 peccata,
2566 2433 2688 2487 allia
2736 2433 3024 2488 comedere
3077 2439 3536 2511 concupiscimus,
3572 2460 3660 2498 sa-

2089 2525 2324 2595 tiarique
2373 2525 2740 2596 voluptatibus
2811 2531 3162 2597 padibundis.
3217 2533 3287 2587 Et
3334 2535 3659 2592 dissolutam

2085 2619 2272 2672 mundi
2301 2633 2363 2673 ac
2397 2632 2582 2673 rerum
2625 2634 3016 2690 corporearum
3056 2635 3310 2680 naturam
3345 2629 3662 2686 desideran-

2085 2718 2190 2774 tes,
2229 2725 2464 2780 pepones
2495 2728 2760 2779 avemus;
2800 2723 2854 2769 et
2893 2717 3034 2784 quod
3066 2718 3290 2773 minime
3317 2720 3577 2776 adolescit
3602 2723 3656 2778 in

2085 2803 2377 2858 essentiam
2408 2806 2604 2861 anima:
2635 2807 3034 2876 praeligentes,
3063 2823 3382 2866 cucumeres
3413 2805 3661 2871 volumus

2082 2907 2349 2950 comesse.
2379 2895 2442 2950 Et
2468 2897 2594 2965 quia
2619 2899 2968 2967 repudiamus
2991 2913 3190 2970 panem
3209 2898 3278 2954 de
3309 2901 3466 2964 ccelo,
3491 2917 3656 2972 quem

387 2993 574 3065 ἐπειδὴ
603 2994 664 3046 οὑ
687 2991 912 3063 θέλομεν
943 2992 1032 3044 τὸν
1061 2991 1248 3062 ἄρτον,
1273 2989 1365 3042 τὸν
1400 2991 1462 3042 ἐκ
1484 2987 1578 3042 τοῦ
1611 2986 1841 3058 οὐρανοῦ
1863 3026 1877 3050 ,
1909 2980 1970 3040 οὗ

2085 2986 2376 3056 praedicant
2443 2995 2590 3042 vates
2639 2999 2694 3043 et
2761 2987 2892 3056 justi
2925 3031 2940 3055 ,
3005 2990 3096 3058 qui
3153 2991 3326 3046 nubes
3365 3001 3655 3056 vocantur,

385 3084 661 3157 προφῆται
703 3087 945 3156 κήρυκες
981 3082 1078 3136 καὶ
1121 3081 1350 3146 δίκαιοι,
1395 3080 1612 3150 νεφέλαι
1647 3077 1974 3148 καλούμενοι

2085 3087 2360 3147 propterea
2392 3079 2534 3146 quod
2573 3081 2624 3131 in
2671 3079 2903 3134 sublime
2949 3075 3124 3134 Inens'
3155 3079 3371 3136 illorum
3413 3079 3654 3142 feratur;

381 3177 471 3232 διὰ
517 3177 580 3230 τὸ
607 3176 742 3248 ὑψοῦ
781 3175 1043 3248 φέρεσθαι
1076 3173 1258 3228 αὐτῶν
1303 3173 1394 3227 τὸν
1453 3171 1608 3227 νοῦν’
1649 3171 1742 3224 καὶ¹
1785 3169 1872 3222 διὰ
1914 3169 1972 3223 τὸ

2085 3180 2130 3224 et
2169 3172 2296 3238 quia
2325 3183 2643 3225 recusamus
2690 3171 2958 3226 imbribus
3001 3173 3383 3242 Spiritualibus
3425 3172 3653 3228 nubium

381 3269 618 3334 ἐντέξειν
649 3269 766 3340 (89)
793 3268 1032 3338 νεφελῶν
1063 3269 1176 3332 τοῖς
1203 3269 1412 3338 νοητοῖς
1449 3265 1624 3327 ὑετοῖς
1659 3263 1968 3334 κατάρδειν,

2085 3262 2269 3316 harum
2325 3261 2563 3331 irrigari,
2596 3261 2732 3317 alios
2779 3263 2958 3318 mittet
2997 3265 3153 3319 nobis
3185 3265 3370 3332 Deus;
3425 3283 3649 3322 carnem

379 3361 602 3432 ἐτέρους
633 3361 984 3426 ἐξαποστελεῖ
1011 3363 1146 3431 ἡμῖν
1179 3362 1207 3413 ό
1239 3359 1393 3423 Θεὸς,
1451 3357 1620 3428 κρέας
1647 3357 1780 3410 ὡσεὶ
1814 3356 1963 3427 χοῦν,

2085 3363 2336 3423 tanquam
2367 3363 2593 3418 terram,
2645 3354 2810 3408 donec
2843 3358 3146 3423 egrediatur
3183 3359 3248 3411 de
3282 3359 3500 3412 naribus
3554 3375 3651 3412 no-

377 3451 490 3517 ἐως
519 3446 592 3506 οὗ
633 3450 848 3520 ἐξέλθῃ
891 3452 960 3504 ἐκ
990 3449 1109 3504 τῶν
1139 3449 1463 3520 μυκτήρων
1489 3447 1689 3517 ἡμῶν,
1733 3447 1828 3500 καὶ
1864 3446 1969 3508 ἕως

2085 3445 2202 3498 ιιι-ξε
2234 3443 2300 3510 ’⁸,
2331 3453 2385 3500 et
2420 3445 2589 3499 donec
2611 3444 2832 3514 impleat
2879 3461 2978 3501 nos
3028 3449 3217 3504 morbo
3267 3459 3321 3504 et
3363 3449 3646 3520 languore.

379 3543 647 3616 πληρώσῃ
678 3545 826 3616 ἡμᾶς
849 3543 1007 3598 νόσου
1039 3544 1134 3598 καὶ
1164 3541 1436 3614 μαλακίας
1457 3583 1471 3608 ,
1499 3541 1575 3604 ὡς
1615 3539 1714 3611 τὴν
1755 3537 1962 3609 δυσώδη

2085 3545 2335 3604 tanquam
2387 3534 2479 3604 qui
2530 3535 2776 3603 putidum
2835 3543 2891 3588 et
2944 3535 3304 3608 lacrymabile
3366 3547 3650 3609 peccatum

381 3641 474 3694 καὶ
505 3638 848 3710 πολύδακρυν
877 3639 1150 3710 ἁμαρτίαν
1179 3635 1489 3709 ζητοῦντες.

2085 3629 2389 3698 luasrimus.

449 3733 513 3786 0i.
537 3731 647 3804 γὰρ
669 3730 780 3785 τῶν
809 3730 1090 3801 κοσμικῶν
1121 3729 1462 3802 πραγμάτων
1489 3724 1854 3788 ἀπολαύοντες
1875 3741 1964 3777 νο·-

2141 3721 2242 3788 Qui
2271 3724 2439 3789 enim,
2467 3723 2759 3778 mundanis
2781 3723 2945 3778 rebus
2965 3723 3229 3790 fruentes,
3248 3734 3512 3795 aegrotant
3533 3726 3653 3780 ani-

377 3823 532 3877 σοῦσι
555 3823 652 3894 τὴν
683 3821 883 3893 ψυχὴν,
918 3821 1007 3875 διὰ
1037 3821 1212 3875 ταῦτα
1249 3820 1345 3872 καὶ
1377 3821 1436 3871 ἐν
1471 3817 1668 3888 χολέρᾳ
1699 3816 1796 3869 καὶ
1825 3814 1964 3884 νόσῳ

2085 3829 2176 3879 na,
2215 3827 2505 3886 propterea
2539 3809 2705 3874 etiam
2749 3819 2802 3874 in
2844 3817 3064 3873 cholera
3109 3826 3164 3870 et
3196 3819 3386 3872 morbo
3417 3827 3562 3883 sunt,
3593 3827 3649 3872 et

377 3917 506 3981 τισὶ,
541 3916 636 3970 καὶ
659 3917 796 3969 πᾶσι
827 3915 1021 3977 κακοῖς
1059 3913 1149 3967 διὰ
1169 3911 1268 3983 τὴν
1297 3911 1549 3983 διψυχίαν
1578 3907 1777 3962 αὐτῶν.
1826 3907 1964 3959 Ἀλλ’

381 4007 524 4079 ἡμᾶς
553 4007 764 4076 γένοιτο
794 4005 1076 4077 νηστεύειν
1120 4005 1376 4076 νηστείαν
1423 4001 1654 4073 δεκτὴν,
1703 4000 1766 4052 τὸ
1827 3999 1961 4070 φρό-

2068 3909 2122 3962 in
2151 3910 2410 3964 omnibus
2439 3911 2600 3966 malis
2653 3919 2876 3981 propter
2923 3911 3092 3964 animi
3124 3925 3310 3965 eorum
3361 3909 3651 3978 dnplicita-

2069 4009 2198 4055 tem.
2231 4001 2304 4054 At
2333 3999 2472 4054 faxit
2495 4002 2657 4066 Deus,
2685 4012 2745 4056 ut
2780 4017 2880 4058 nos
2905 4001 3218 4072 jejnnemus
3253 4011 3532 4069 acceptum
3563 3999 3646 4068 je-

377 4114 524 4171 νημα
551 4099 654 4169 τῆς
683 4099 886 4170 σαρκὸς
939 4096 1012 4168 μὴ
1043 4097 1341 4168 τρέφοντας
1363 4137 1378 4160 ,
1407 4093 1542 4166 μηδέ
1567 4090 1856 4161 γενοίμεθα
1905 4091 1963 4142 ἐν

2089 4091 2302 4152 unium,
2336 4090 2668 4144 voluntatem
2704 4091 2889 4144 carnis
2923 4105 3264 4159 nequaquam
3313 4089 3641 4153 nutrientes,

371 4191 614 4264 ἀνύδρῳ,
644 4191 896 4262 στερήσει
919 4188 1030 4244 τῶν
1071 4186 1460 4260 πνευματικῶν
1507 4185 1714 4239 ὑδάτων
1737 4223 1750 4248 ,
1783 4181 1873 4234 διά
1903 4181 1963 4233 τὸ

375 4285 542 4356 μηδὲν
569 4285 701 4356 δρᾷν
723 4283 832 4338 τῶν
853 4282 1252 4352 γλυκαινόντων
1277 4282 1375 4352 τὴν
1399 4277 1496 4333 τοῦ
1541 4276 1797 4346 Ὑψίστου
1827 4289 1988 4356 χρηῄ

373 4376 627 4450 στότητα.
651 4375 941 4439 Γλυκαίνει
965 4375 1022 4429 δὲ
1051 4375 1218 4444 αὐτὴν
1247 4373 1319 4426 τὰ
1361 4373 1483 4425 κατ’
1517 4367 1718 4440 ἀρετὴν
1745 4365 1842 4418 καί
1871 4379 1958 4415 σο-

2067 4193 2243 4249 neque
2261 4179 2456 4235 ﬁamus
2489 4183 2540 4235 in
2573 4183 2858 4250 inaquoso,
2883 4179 3189 4249 privatione
3211 4181 3454 4234 omnium
3481 4195 3644 4248 aqua-

2067 4287 2184 4324 rum
2215 4272 2599 4341 spiritualium,
2631 4289 2696 4326 ex
2730 4287 2796 4326 eo
2826 4273 2972 4340 quod
3028 4271 3163 4327 nihil
3211 4271 3464 4336 faeltnus,
3493 4274 3646 4341 quod

2065 4363 2309 4418 dulcoret
2336 4363 2599 4418 Altissimi
2630 4363 2948 4418 bonitatem.
2980 4363 3279 4419 Dulcorant
3297 4377 3462 4432 porro
3493 4364 3644 4419 illam

369 4470 500 4539 φίαν
523 4434 930 4541 ’ἐνεργούμενα
951 4467 1050 4523 καὶ
1091 4434 1461 4538 θεωρούμενα.
1501 4434 1652 4532 Μηδέ
1676 4434 1957 4528 ’ἐκπειράσ-

2085 4469 2401 4526 ptzecunque
2425 4457 2722 4512 secundum
2746 4458 2999 4514 virtutem
3027 4468 3120 4512 aut
3147 4469 3274 4512 actu
3297 4470 3639 4522 exercemus,

371 4579 462 4616 σαι
489 4562 649 4615 αὐτὸν
681 4563 740 4614 ἐν
765 4563 887 4625 ταῖς
913 4559 1160 4632 καρδίαις
1190 4557 1378 4629 ἡμῶν·
1415 4556 1581 4626 ἤγουν
1611 4551 1714 4604 οὐκ
1735 4549 1796 4614 ἐξ
1829 4549 1950 4600 ἐπι-

2085 4559 2158 4603 tut
2185 4549 2557 4620 speculatione
2587 4551 3041 4621 contemplamur.
3071 4550 3254 4619 Faxit,
3285 4562 3344 4605 ut
3377 4565 3484 4606 non
3513 4558 3640 4604 ten-

367 4653 558 4725 πολῆς,
585 4653 699 4707 ἀλλ’
724 4655 788 4706 ἐκ
811 4652 1007 4723 βάθους
1033 4651 1132 4706 τοῦ
1161 4646 1490 4722 ἡγεμονικοῦ
1519 4639 1950 4715 ἀμφιϐάλλοντες

2085 4656 2240 4696 emus
2265 4656 2390 4698 eum
2416 4643 2470 4696 in
2513 4643 2768 4697 cordibus
2794 4645 2996 4698 nostris
3045 4661 3062 4709 ;
3113 4643 3166 4697 id
3198 4651 3282 4698 est
3309 4659 3415 4697 non
3445 4657 3512 4696 ex
3541 4657 3637 4696 su-

369 4746 500 4816 περὶ
529 4744 630 4814 τῆς
659 4743 806 4808 θείας
833 4741 1118 4815 δυνάμεως
1139 4759 1152 4772 ·
1189 4740 1308 4812 μηδ’
1331 4739 1656 4809 αίτήσαιμεν
1687 4731 1953 4805 βρώματα

2085 4731 2304 4799 lerﬁcie,
2347 4733 2442 4788 sed
2481 4748 2547 4789 ex
2583 4735 2693 4788 imo
2727 4738 2923 4790 mentis
2975 4736 3288 4791 dubitantes
3337 4737 3406 4790 de
3457 4735 3637 4790 divina

365 4839 488 4899 ταῖς
521 4837 721 4906 ψυχαῖς
751 4834 941 4906 ἡμῶν·
989 4835 1050 4886 οὐ
1098 4836 1219 4896 ταῖς
1274 4830 1396 4884 κατ’
1446 4826 1630 4881 εἰκόνα
1688 4823 1866 4892 λέγω,
1895 4821 1951 4875 αἳ

2085 4827 2298 4882 uolentia
2328 4843 2342 4892 ;
2377 4841 2560 4897 neque
2603 4827 2942 4898 postulemus
2993 4844 3152 4884 escas
3205 4829 3488 4883 animabus
3535 4845 3636 4882 no-

367 4927 660 4999 τρέφονται
685 4929 752 4980 ἐκ
793 4927 904 4980 τῶν
937 4924 1083 4994 ζωῆς
1109 4925 1320 4996 ἀρτων,
1347 4919 1484 4976 άλλά
1514 4921 1636 4982 ταῖς
1663 4919 1745 4980 είς
1773 4915 1948 4985 σάρκα

2085 4919 2236 4986 tris;
2270 4936 2374 4976 non
2421 4937 2516 4978 eas
2551 4923 2674 4978 dico
2721 4923 2934 4978 animas
2981 4939 3100 4992 quae
3153 4932 3282 4977 sunt
3333 4922 3635 4976 secundum

367 5019 852 5089 μεταϐαλλούσαις,
887 5018 976 5072 διὰ
998 5019 1060 5072 τὸ
1094 5020 1208 5081 τοῖς
1229 5016 1432 5078 ὑλικοῖς
1457 5007 1946 5085 προσπεπονθέναι,

2085 5014 2376 5084 maginem,
2407 5031 2530 5086 qua:
2557 5017 2876 5072 nutriuntur
2931 5016 3164 5085 panibus
3193 5017 3356 5081 vitae;
3389 5015 3480 5069 sed
3519 5013 3636 5069 illas

363 5111 722 5183 ὁρεγομέναις
762 5111 864 5166 οὐκ
905 5109 1196 5182 ὠφελίμων
1225 5109 1320 5163 καὶ
1357 5105 1528 5176 ὑγιῶν
1555 5101 1802 5174 τροφῶν,
1829 5097 1947 5152 ἀλλ’

2085 5125 2183 5178 [uas
2213 5117 2492 5166 mutantur
2518 5110 2572 5163 in
2599 5123 2842 5174 carnem,
2875 5118 3164 5177 propterea
3199 5109 3342 5176 quod
3375 5109 3633 5162 materia-

363 5203 536 5277 ἡδέων
574 5205 670 5258 καὶ
709 5202 1026 5258 νοσοποιῶν.
1079 5201 1218 5255 Ἀλλ’
1251 5197 1601 5269 ἐτοιμασθείη
1639 5197 1773 5266 ἡμῖν
1814 5193 1946 5264 τρά-

2085 5203 2204 5259 ibus
2231 5201 2706 5258 snccenturiantur
2731 5201 3145 5268 aﬂectionibus;
3180 5211 3499 5271 appetentes
3525 5215 3629 5255 non

365 5295 508 5360 πεξα
531 5337 546 5360 ,
589 5297 676 5365 ἐφ’
715 5295 784 5365 ἢν
818 5298 856 5364 ἡ
889 5295 1076 5365 σοφία
1115 5294 1190 5348 τὰ
1219 5290 1441 5359 ἑαυτῆς
1488 5289 1718 5358 θύματα
1757 5285 1943 5338 ἐπιτί-

2085 5311 2172 5363 juae
2229 5295 2382 5350 utilia
2439 5303 2564 5350 sunt
2623 5304 2678 5349 et
2705 5309 2838 5349 sana
2888 5294 3241 5359 nutrimenta,
3312 5293 3406 5347 sed
3477 5293 3627 5347 volu-

363 5389 531 5456 θησι,
559 5387 657 5441 καὶ
690 5387 800 5440 τὸν
828 5385 1050 5454 ἑαυτῆς
1083 5381 1249 5438 οἶνον
1301 5385 1387 5447 εὶς
1423 5377 1691 5449 κρατῆρα
1751 5372 1940 5444 κιρνᾷ.

2091 5397 2241 5443 tuosa
2291 5395 2345 5440 et
2391 5390 2612 5442 morbos
2639 5385 2900 5441 creantia.
2922 5383 3266 5456 Praeparetur
3295 5399 3422 5440 vero
3473 5386 3630 5439 nobis

434 5521 456 5552 ’
485 5519 506 5573 Ι
531 5519 656 5573 Cor.
689 5535 748 5582 ιι,
777 5519 864 5572 M.
943 5519 984 5550 ¹⁰
1013 5518 1202 5574 Matth.
1242 5515 1426 5582 v1,H;
1461 5513 1592 5568 Luc.
1621 5528 1694 5577 xl,
1728 5511 1779 5566 5.
1861 5513 1901 5542 “
1931 5511 1981 5565 Ε]

2087 5549 2098 5562 .
2133 5505 2354 5571 “1,45.
2430 5505 2471 5534 ¹¹
2499 5503 2732 5558 ἰὺί(1.51.
2811 5503 2848 5532 ¹³
2873 5499 3028 5554 Num.
3059 5515 3133 5566 tu,
3159 5499 3276 5565 5,6.
3323 5497 3514 5560 “ibid.
3539 5504 3624 5556 (ἐξ).

436 5661 548 5733 (88)
588 5662 906 5728 Ἐσθίοντες,
935 5661 1018 5718 vel
1054 5677 1176 5717 mox
1205 5659 1322 5730 lege
1363 5653 1646 5727 Ἐϐραίων.

2115 5647 2229 5719 (89)
2263 5647 2423 5704 Forte
2464 5645 2724 5715 ἀντέχειν.
