4186 6438
542 325 643 379 147

541 440 693 512 Μηδέ
723 440 858 511 ὀργὴ
894 440 980 509 ἐφ’
1007 440 1156 512 ἡμᾶς
1177 436 1410 509 ἀναϐαίη
1432 478 1447 503 ,
1477 435 1539 490 τὸ
1579 433 1795 506 πνεῦμα
1826 435 1921 490 τοῦ
1962 435 2114 503 ἐξου-

544 534 819 597 σιάζοντος
845 533 905 585 τὸ
931 531 1231 603 ἀπατηλὸν,
1259 531 1320 584 τὸ
1349 529 1505 600 δίκην
1542 528 1846 600 προδρόμου
1881 527 1915 600 ἢ
1951 546 2117 583 κατα-

544 625 749 678 σκόπου
801 625 864 677 ἐκ
894 622 989 676 τοῦ
1019 623 1208 676 σκότου
1240 622 1298 674 ἐν
1419 620 1722 690 ἐκέκρυπτο
1744 658 1759 683 ,
1788 622 1869 683 είς
1899 619 1997 691 τὴν
2020 619 2121 690 ψυ-

542 716 644 787 χὴν
679 715 827 768 ἀνιὸν
858 713 947 767 διά
992 713 1092 785 τῆς
1127 711 1511 784 ἐνθυμήσεως·
1553 712 1688 784 μηδὲ
1719 711 1794 774 ὡς
1842 710 1955 784 πῦρ
1994 710 2117 766 ἐξα-

544 773 701 875 φθείη
727 805 792 858 ὲκ
821 803 930 858 τῶν
959 773 1377 874 πεπυρωμένων
1403 773 1573 871 βελῶν
1600 773 1694 855 ¹τοῦ
1717 773 1935 873 ἐχθροῦί
1975 802 2114 856 Ἀλλ’
2142 773 2185 831 C

542 895 775 968 ούρανοῦ
807 894 1019 967 θυρίδες
1045 897 1180 966 ημῖν
1230 896 1495 963 ἀνοιγεϊεν
1515 934 1529 958 ,
1554 895 1609 947 at
1634 893 1743 947 τῶν
1777 894 1983 965 νοητῶν
2025 896 2118 948 καὶ

543 987 925 1060 πνευματικῶν
952 986 1169 1054 ἐξαπλω
1196 985 1307 1058 (90)
1338 985 1527 1059 ἀρεταὶ
1565 1025 1581 1039 .
1602 1024 1616 1039 .
1639 1027 1654 1041 .
1672 1027 1685 1039 .
1705 1026 1718 1039 .
1739 1025 1754 1039 .
1776 1026 1790 1038 .
1819 1027 1862 1041 ..
1887 1025 1901 1039 .
1928 986 2118 1039 κακίαι

542 1081 667 1153 ᾅδου
692 1082 787 1134 καὶ
818 1079 1077 1145 Θανάτου,
1114 1079 1316 1142 αἵτινες
1354 1079 1415 1131 οὑ
1445 1078 1795 1149 κατισχύουσι
1825 1078 1954 1142 τῶν,
1976 1077 2120 1133 κατά

543 1169 771 1242 Πέτρον,
804 1168 1132 1223 ἀνελθόντων
1169 1169 1263 1222 ἐπὶ
1294 1169 1468 1232 πύλας
1497 1170 1594 1239 τῆς
1633 1169 1926 1241 θυγατέρος
1958 1168 2116 1223 Σιών.

544 1262 654 1315 Καὶ
686 1262 715 1312 ὁ
747 1262 805 1313 ἐν
830 1259 912 1329 τῷ
955 1259 1184 1332 κρυπτῷ
1210 1261 1308 1331 τῆς
1350 1257 1573 1332 καρδίας
1628 1259 1912 1332 ἄνθρωπος
1938 1300 1952 1325 ,
1997 1263 2118 1315 κατ’

545 1351 730 1405 εἰκόνα
766 1350 903 1404 Θεοῦ
924 1392 939 1417 ,
969 1353 1249 1421 δμοέστιος
1277 1350 1525 1420 ἀγγέλοις
1549 1350 1780 1419 γένοιτο,
1812 1351 1907 1409 τοῦ
1932 1352 2120 1423 ἀληθι-

543 1439 636 1494 νοῦ
668 1441 843 1510 μάννα
879 1442 1336 1513 μεταλαμϐάνων,
1369 1442 1461 1496 καὶ
1490 1443 1599 1496 ἀπὸ
1635 1442 1864 1514 οὐρανοῦ
1893 1445 2117 1517 τροφὴν,

545 1530 661 1584 ἀλλ’
706 1531 807 1586 οὑκ
836 1533 947 1585 ἀπὸ
971 1534 1073 1603 τῆς
1103 1534 1506 1605 ἐπικαταράτου
1549 1534 1683 1604 γῆς,
1713 1534 1782 1604 ἢν
1810 1536 1841 1587 ό
1871 1537 2119 1606 ἁμαρτά-

546 1639 652 1674 νων
688 1623 745 1675 ἐν
777 1621 975 1687 λύπαις
1001 1622 1187 1675 ἐσθίει.
1223 1625 1285 1676 Oi
1315 1622 1519 1677 τούτων
1561 1623 1850 1686 ἀκούοντες
1885 1625 2118 1695 πτερού-

549 1712 765 1766 σθωσαν
790 1753 804 1778 ,
835 1711 1248 1784 ἐπαιρέσθωσαν
1273 1752 1289 1776 ,
1324 1712 1520 1783 μηκέτι
1562 1712 1801 1767 ἔστωσαν
1836 1716 1894 1769 ἐν
1921 1715 2116 1787 σαρκί·

545 1802 885 1872 γενέσθωσαν
912 1805 969 1856 ἐν
1007 1803 1312 1874 πνεύματν
1357 1806 1422 1857 Ol
1460 1803 1569 1874 γὰρ
1616 1804 1687 1858 ἐν
1728 1806 1909 1875 σαρκὶ
1949 1806 2122 1873 ὄντες

547 1895 669 1961 Θεῷ
692 1894 908 1964 ἀρέσαι
936 1898 1008 1949 οὐ
1032 1895 1340 1950 δύνανται.
1404 1896 1542 1950 Ἀλλ’
1591 1896 1685 1950 ἐπὶ
1736 1898 1836 1968 τὴν
1882 1899 2123 1971 ἱστορίαν

544 1988 773 2041 ἀνιτέον.

543 2162 969 2244 Στίχκμδνηκεξὶ
999 2161 1411 2244 μετέφερε-ψεῖ
1459 2166 1545 2244 εἰς
1580 2160 1722 2234 αἷμα
1749 2164 1903 2244 ⁵τοέις
1939 2181 2121 2244 apta-

608 2230 1020 2374 ﬁﬁglﬂeﬁ
1053 2233 1153 2287 καὶ
1183 2234 1257 2287 τὰ
1295 2230 1652 2303 ὀμϐρήματα
1696 2230 1927 2300 αὐτῶν,
1966 2230 2128 2302 ὅπως

617 2392 748 2450 Οἶδα
809 2396 951 2451 κατὰ
1006 2396 1364 2469 τροπολογίαν
1409 2397 1639 2462 πολλοὺς
1685 2399 1963 2469 ποταμοὺς
2019 2400 2124 2453 Αί-

542 2488 753 2560 γύπτου
792 2488 1069 2552 ἐναντίους
1103 2488 1320 2561 Χριστῷ
1350 2488 1428 2559 τῷ
1479 2489 1719 2561 ἀληθινῷ
1760 2491 2026 2562 ποταμῷ,
2066 2484 2129 2545 οὗ

540 2580 611 2643 τὰ
651 2579 950 2651 ὁρμήματά
980 2578 1079 2650 τὴν
1116 2578 1441 2649 Ἐκκλησίαν
1456 2580 1756 2651 εὐφραίνει.
1776 2579 2029 2633 Πάνταδέ
2054 2581 2125 2634 τά

540 2675 643 2745 τῆς
666 2673 940 2745 σωτηρίας
969 2671 1223 2744 ἀλλότρια
1240 2670 1487 2743 ῥεύματα
1507 2711 1521 2735 ,
1550 2671 1586 2726 ἀ
1612 2674 1641 2725 ὁ
1665 2672 1815 2737 Θεὸς,
1836 2673 1973 2744 (90‘)
1997 2675 2125 2727 ὅταν

544 2765 800 2835 βούληταί
836 2781 989 2827 τινας
1038 2762 1399 2832 ἐπιστρέψαι,
1440 2763 1529 2815 ἵνα
1573 2762 1876 2830 ἐξελθόντες
1928 2763 2124 2818 πίωσιν

543 2856 653 2910 ἀπὸ
695 2857 793 2928 τῆς
839 2856 1085 2927 πέτρας,
1117 2856 1153 2926 η
1204 2854 1263 2908 δὲ
1304 2854 1480 2927 πέτρα
1513 2850 1582 2926 ἦν
1620 2858 1650 2909 δ
1690 2856 1945 2927 Χριστὸς,
1982 2858 2126 2910 ποιεί

546 2947 850 3019 στραφῆναι
871 2949 953 3011 είς
981 2943 1140 3018 αἷμα.
1170 2948 1337 3000 Ὅταν
1358 2947 1465 3017 γὰρ
1491 2946 1601 3015 ἐγὼ
1622 2946 1844 3015 καταγὼ
1870 2947 1963 3011 οὓς
2014 2946 2126 3019 (91)

542 3040 821 3111 ἀλλοτρίου
854 3037 1046 3103 ὕδατος
1078 3040 1173 3093 καὶ
1197 3040 1560 3110 φρονήματος,
1591 3039 1684 3093 τοῦ
1718 3040 1853 3093 Θεοῦ
1879 3039 1955 3110 μὴ
1987 3039 2123 3112 (91⁸)

548 3132 1035 3203 παραστήσαντος·,
1065 3130 1147 3183 ὅτι
1206 3126 1346 3201 αἷμά
1389 3132 1571 3195 ἐστιν,
1619 3131 1800 3184 οὐκέτι
1835 3131 2005 3194 πίνω,
2040 3132 2126 3184 ἵνα

549 3222 880 3294 μὴημέτοχος
913 3222 1150 3293 γίνωμαι
1180 3220 1410 3292 αἵματος
1436 3220 1813 3293 ὀμϐρήματος.
1838 3222 1899 3274 Οἱ
1932 3220 1988 3273 δὲ
2018 3215 2125 3275 εἷεν

546 3313 643 3379 ἂν,
676 3314 725 3367 οί
757 3312 965 3384 βραχέα
999 3312 1095 3382 μὲν
1128 3311 1414 3379 λέγοντες,
1467 3310 1689 3380 ὀλέθρια
1734 3310 1811 3364 δέ.
1844 3309 2033 3365 ,Κατά
2069 3310 2126 3363 δὲ

543 3405 645 3477 τὴν
675 3404 914 3478 ἱστορίαν
937 3443 950 3469 ,
983 3403 1269 3473 Αἰγύπτιοι
1306 3402 1517 3457 ἀνωθεν
1566 3401 1710 3476 ὕδωρ
1757 3403 1857 3456 οὑκ
1889 3401 2123 3473 ἔχουσιν,

543 3498 667 3552 οὐδὲ
696 3497 905 3566 γίνεται
945 3496 1100 3560 ὑετὸς
1135 3497 1192 3549 ἐν
1222 3495 1505 3566 Αἰγύπτῳ.
1540 3493 1846 3567 Ἱστορικῶς
1877 3494 1976 3565 μὲν
2004 3489 2121 3558 οὖν,

550 3592 732 3662 πάσης
776 3590 899 3644 τότε
930 3589 1029 3661 τῆς
1053 3586 1163 3640 τῶν
1203 3587 1412 3641 ὑδάτων
1466 3587 1680 3656 φύσεως
1718 3586 1859 3641 κατά
1899 3586 1998 3658 τὴν
2026 3584 2125 3640 Αί-

547 3700 752 3753 γυπτον
778 3682 858 3754 τῷ
894 3681 1279 3754 προστάγματι
1306 3680 1398 3734 τοὺ
1435 3681 1678 3744 Μωσέως
1706 3682 1785 3744 είς
1828 3674 1967 3750 αἷμα
1995 3696 2127 3751 τρα-

548 3775 741 3847 πείσης
760 3814 775 3837 ,
798 3776 875 3839 ὼς
903 3775 997 3829 καὶ
1017 3774 1143 3836 τοὺς
1176 3772 1365 3843 ἰχθύας
1384 3813 1397 3836 ,
1428 3775 1507 3837 είς
1544 3771 1797 3846 σαρκώδη
1837 3772 2125 3842 παχύτητα

544 3869 640 3923 τοῦ
664 3868 855 3934 ὓδατος
877 3870 1281 3941 μετατεθέντος,
1304 3868 1684 3938 διαφθαρῆναι,
1710 3870 1822 3930 τοῖς
1854 3865 2126 3936 Ἑϐραίοις

544 3962 871 4033 ἀρυομένοις
898 3956 1037 4033 αἷμα
1075 3963 1176 4015 οὑκ
1201 3957 1290 4032 ἦν.
1335 3959 1498 4013 Ὅθεν
1537 3959 1661 4029 έσχε
1699 3959 1793 4012 καλ¹
1825 3959 1857 4028 ἡ
1909 3973 2124 4028 μαγγα-

545 4054 663 4108 νεία
691 4055 884 4126 καιρὸν
910 4056 970 4108 ἐν
1003 4054 1080 4125 τῷ
1104 4053 1255 4124 παρά
1286 4055 1399 4115 τοῖς
1448 4050 1719 4122 Ἑϐραίοις
1747 4050 2124 4121 εὑρισκομένῳ

545 4147 720 4210 ὕδατι,
749 4147 811 4199 τὸ
835 4145 1143 4217 αἱματῶδες
1170 4142 1314 4216 ὕδωρ
1348 4140 1840 4213 παρασοφίσασθαι.
1872 4140 2123 4208 Πνευμα-

543 4238 710 4303 τικῶς
743 4238 801 4291 δὲ
832 4238 926 4291 καὶ
949 4236 1043 4299 νῦν
1074 4237 1132 4290 τὸ
1162 4237 1275 4290 ἴσον
1315 4235 1463 4289 ἔστιν
1498 4234 1625 4288 ἰδεῖν
1659 4231 1959 4303 γινόμενον.
2000 4230 2122 4285 Τῶν

543 4329 654 4401 γάρ
684 4330 821 4401 πρὸς
855 4328 955 4391 τάς
1007 4327 1253 4391 ἐναντίας
1295 4326 1452 4392 δόξας
1488 4322 1846 4394 διεστηκότων
1878 4324 1992 4385 τοῖς
2027 4321 2125 4391 μὲν

544 4421 773 4492 πότιμόν
802 4423 918 4473 ἐστι
947 4419 1042 4472 καὶ
1069 4418 1325 4488 διαφανὲς
1352 4417 1414 4469 τὸ
1460 4416 1607 4485 νᾶμα
1649 4412 1749 4483 τῆς
1792 4412 2028 4474 πίστεως
2050 4449 2065 4472 ,
2095 4407 2124 4461 δ

543 4534 632 4588 διὰ
655 4534 755 4605 τῆς
785 4533 932 4597 θείας
961 4532 1308 4596 διδασκαλίας
1339 4529 1597 4602 ἀρύονται
1616 4544 1631 4559 ’
1674 4529 1787 4590 τοῖς
1814 4526 1871 4579 δὲ
1901 4524 2002 4595 τῆς
2030 4540 2127 4577 πο·

543 4627 717 4697 νηρᾶς
752 4625 1072 4697 ὑπολήψεως
1110 4624 1522 4693 αίγυπτιάζουσι
1566 4618 1850 4692 διεφθορὸς
1888 4613 2027 4690 αἷμα
2062 4618 2125 4672 τὸ

546 4717 691 4791 ὕδωρ
706 4717 934 4787 γίνεται.
958 4720 1067 4772 Καὶ
1088 4717 1346 4781 πολλάκις
1368 4718 1684 4787 ἐπιχειρεῖὸ
1706 4713 2125 4787 παρασοφισμδς

544 4809 645 4879 τῆς
677 4809 893 4882 ἀπάτης
929 4810 1025 4865 καὶ
1061 4810 1124 4865 τὸ
1164 4809 1274 4864 τῶν
1319 4809 1671 4882 Ἰσραηλιτῶν
1710 4808 1874 4862 ποτὸν
1917 4805 1997 4876 τῷ
2029 4822 2126 4877 μο-

545 4901 736 4973 λυσμῷ
761 4903 856 4956 τοῦ
884 4902 1114 4972 ψεύδους
1139 4897 1279 4974 αἷμα
1306 4903 1548 4975 ποιῆσαι,
1571 4900 1818 4955 τουτέστι
1861 4899 1951 4952 τὸν
1997 4898 2126 4969 ἡμέ-

543 5010 702 5065 τερον
729 4994 887 5063 λόγον
905 5033 921 5059 ,
953 4997 1047 5050 καί¹
1075 4997 1210 5067 ἡμῖν
1232 4993 1402 5059 δεῖξαι
1425 5033 1441 5060 ,
1474 4994 1547 5065 μὴ
1584 4992 1825 5049 τοιοῦτον
1860 4992 1986 5045 ὄντα
2012 4985 2125 5043 οἷόν

546 5089 713 5141 ἐστιν.
766 5088 904 5141 Ἀλλ’
933 5089 1035 5142 οὑκ
1061 5087 1383 5159 ἀχρειώσειε
1430 5085 1660 5141 καθόλου
1690 5084 1752 5138 τὸ
1792 5083 1954 5137 ποτὸν
1977 5121 1992 5145 ,
2020 5080 2123 5135 κᾶν

538 5179 612 5233 ὲκ
650 5177 745 5232 τοῦ
792 5180 1083 5251 προχείρου
1130 5179 1197 5232 δι’
1226 5179 1443 5249 ἀπάτην
1484 5175 1827 5249 περιφοινίξῃ
1866 5175 1927 5228 τὸ
1962 5170 2121 5237 εἶδος.

549 5270 704 5324 Πίνει
728 5269 835 5341 γὰρ
858 5274 888 5324 ὁ
938 5271 1273 5343 Ἰσραηλίτης
1292 5271 1354 5324 τὸ
1377 5269 1630 5343 ἀληθινὸν
1654 5268 1820 5340 ὓδωρ,
1844 5265 1965 5321 οὑδὲ
1988 5265 2125 5338 πρὸς

542 5362 605 5416 τὸ
629 5359 768 5426 εἶδος
788 5363 889 5434 τῆς
909 5364 1131 5434 ἀπάτης
1158 5364 1640 5435 ἐπιστρεφόμενος.

614 5481 658 5513 ¹⁸
683 5480 1001 5549 Prov.tx,2.
1087 5481 1131 5513 “
1165 5481 1320 5537 Rom.
1359 5496 1472 5546 vm,
1500 5480 1553 5539 8.

616 5599 731 5667 (9οἴ
775 5599 936 5656 Forte
963 5600 1345 5667 ἐξαπλωθείεν.

618 5658 754 5747 (90')
802 5673 859 5726 *Α
899 5674 933 5727 ό
958 5658 1122 5738 θὲός.
1156 5670 1316 5729 Forte
1340 5670 1447 5729 del.
1480 5672 1532 5727 ἃ.

1428 312 1994 372 SUPPLEMENTUM
2033 314 2126 369 AD
2161 312 2327 372 oms
2341 312 2496 368 ENIS
2529 310 2939 368 EXEGETICA.

3683 309 3785 363 MS

2234 451 2446 502 mensa,
2503 451 2667 506 super
2698 450 2861 508 quam
2889 433 3148 503 sapientia
3177 433 3521 488 mactatianes
3546 448 3669 487 suns
3696 434 3792 485 int-

2229 532 2403 601 ponit,
2430 539 2478 586 et
2508 531 2685 585 vinum
2721 545 2876 584 suum
2902 531 3081 585 miscet
3107 529 3162 583 in
3185 539 3390 583 cratera
3415 527 3482 585 ".
3515 525 3699 596 Neque
3716 527 3794 581 ira

2228 624 2282 679 in
2312 638 2411 679 nos
2439 623 2736 689 ascendat;
2768 622 2993 691 spiritus
3020 637 3213 691 nempe
3240 629 3560 691 potestatem
3588 618 3796 674 haben-

2226 716 2297 770 tis
2323 715 2603 781 seductor,
2627 714 2718 783 qui
2749 714 3104 784 praecursoris
3132 713 3304 768 instar
3351 712 3438 768 vel
3487 712 3795 782 speculato-

2227 808 2325 875 ris,
2355 823 2423 862 ex
2472 807 2717 861 tenebris
2764 807 2817 861 in
2851 808 3047 877 quibus
3084 820 3204 860 sese
3248 805 3556 870 abdiderat,
3589 804 3640 858 in
3675 803 3794 858 ani-

2225 913 2368 954 mam
2419 896 2659 952 ascendit
2701 911 2799 966 per
2844 896 3268 966 cogitationem:
3299 909 3475 964 neque
3505 908 3605 950 ceu
3655 894 3795 966 ignis

2233 989 2606 1045 inﬂammetur
2631 1002 2698 1042 ex
2740 987 2932 1056 ignitis
2963 987 3159 1056 jaculis
3213 987 3442 1042 inimici.
3489 985 3601 1043 Sed
3640 985 3793 1041 fenc-

2226 1091 2355 1136 strae
2379 1079 2501 1136 caali
2536 1079 2693 1135 nobis
2732 1078 3084 1149 aperiantur:
3120 1094 3305 1134 rerum
3348 1077 3793 1134 intellectualium

2225 1186 2290 1225 ac
2331 1170 2655 1241 spiritalium
2706 1170 2939 1224 virtutes
2986 1170 3357 1239 explicentur.
3403 1209 3418 1223 .
3460 1208 3477 1225 .
3523 1208 3540 1226 .
3580 1208 3597 1225 .
3637 1170 3794 1226 mala:

2226 1262 2428 1317 inferni
2465 1273 2519 1318 et
2547 1262 2762 1326 mortis,
2809 1277 2931 1330 quae
2987 1277 3096 1318 non
3149 1262 3464 1333 praevalent,
3497 1262 3796 1318 secundum

2228 1352 2475 1421 Petrum,
2504 1354 2572 1409 iis
2597 1354 2690 1425 qui
2725 1358 3022 1411 ascendunt
3051 1356 3118 1409 ad
3156 1362 3341 1425 portas
3369 1353 3495 1409 ﬁlia:
3533 1353 3686 1410 Sion.
3728 1355 3799 1412 Et

2228 1446 2393 1502 homo
2424 1448 2516 1517 qui
2554 1459 2639 1505 est
2675 1449 2728 1504 in
2767 1448 2983 1504 occulto
3012 1451 3217 1517 cordis,
3249 1452 3345 1522 qui
3383 1462 3468 1506 est
3498 1453 3794 1509 secundum

2226 1537 2519 1611 imaginem
2553 1541 2673 1607 Dei,
2709 1542 3091 1599 commensalis
3123 1543 3436 1613 angelorum
3466 1546 3582 1608 liat,
3606 1559 3794 1599 verum

2226 1647 2425 1688 manna
2452 1634 2749 1689 comedens
2775 1643 2830 1689 et
2860 1649 3043 1690 escam
3071 1635 3138 1690 de
3162 1637 3323 1700 cmlo,
3368 1652 3474 1691 non
3516 1646 3700 1691 autem
3727 1636 3795 1692 de

2230 1734 2374 1779 terra
2401 1725 2717 1793 maledicta,
2750 1743 2912 1798 quam
2945 1729 3276 1799 qui'peccat,
3307 1730 3361 1783 in
3392 1728 3670 1784 doloribus
3698 1742 3799 1784 co-

2228 1816 2417 1870 medit.
2447 1816 2550 1882 Qui
2588 1817 2704 1873 haec
2737 1820 2976 1874 audiunt
3001 1829 3220 1874 sumant
3271 1820 3410 1887 alas,
3461 1819 3515 1873 in
3568 1818 3797 1874 sublime

2228 1907 2493 1976 ferantur,
2550 1925 2660 1966 non
2705 1911 2936 1981 amplius
2973 1911 3083 1967 sint
3126 1912 3179 1967 in
3216 1925 3427 1977 carne;
3474 1913 3585 1968 sint
3608 1912 3660 1966 in
3686 1910 3798 1980 spi-

2230 2000 2334 2053 ritu
2361 2016 2377 2055 :
2410 1997 2514 2065 Qui
2543 2001 2681 2054 enim
2711 2002 2764 2055 in
2791 2018 2946 2057 carne
2976 2012 3124 2066 sunt,
3152 2001 3261 2056 Deo
3292 2003 3501 2071 placere
3529 2017 3636 2056 non
3673 2015 3801 2071 pos-

2228 2103 2350 2145 sttttt
2381 2092 2445 2145 “.
2480 2093 2585 2147 Sed
2617 2092 2686 2147 ad
2722 2093 3003 2148 historiam
3036 2098 3439 2151 revertendum.

2230 2182 2291 2238 γ.
2328 2184 2418 2240 ﬂ.
2456 2183 2521 2237 Et
2548 2185 2802 2257 convertit
2830 2185 2885 2238 in
2918 2188 3226 2257 sanguinem
3253 2189 3476 2256 ﬂumina
3515 2204 3716 2257 eorum,
3743 2195 3798 2248 et

2435 2256 2691 2324 ptuoiaies
2723 2272 2887 2325 aquas
2914 2256 3120 2324 eorum,
3148 2269 3204 2310 ut
3233 2274 3337 2311 non
3381 2258 3582 2314 bibant.

2298 2411 2431 2466 Novi
2460 2414 2757 2469 secundum
2794 2413 3056 2470 moralem
3107 2429 3328 2470 sensum
3364 2416 3531 2472 multa
3571 2414 3798 2474 ﬂumina

2226 2506 2449 2577 Egypti
2479 2508 2754 2562 contraria
2788 2508 3010 2565 Christo
3050 2525 3182 2566 vero
3208 2509 3439 2578 ﬂumini,
3491 2515 3646 2585 cujus
3694 2515 3801 2572 im-

2233 2606 2393 2665 petus
2440 2596 2743 2653 Ecclesiam
2793 2598 3088 2655 lmtiﬂcant.
3142 2596 3214 2656 At
3274 2618 3615 2675 quaecunque
3671 2617 3800 2663 sunt

2231 2686 2434 2743 ﬂuenta
2465 2688 2625 2745 saluti
2652 2692 2947 2759 contraria,
2976 2696 3196 2762 quando
3227 2697 3340 2751 vult
3363 2696 3504 2753 Deus
3532 2700 3797 2769 quosdam

2231 2791 2576 2848 convertere,
2600 2792 2662 2836 ut
2684 2794 2948 2840 exeuntes
2978 2787 3166 2842 bibant
3188 2789 3255 2843 de
3286 2799 3466 2859 petra,
3496 2807 3619 2861 qua:
3644 2803 3798 2861 petra

2230 2870 2484 2928 Christus
2544 2884 2649 2941 est,
2718 2873 2851 2930 facit
2900 2884 2960 2932 ut
3008 2879 3062 2933 in
3111 2881 3436 2952 sanguinem
3489 2893 3794 2940 vertantur.

2229 2963 2459 3030 Quando
2490 2967 2636 3021 enim
2667 2982 2768 3038 ego
2799 2968 2997 3024 damno
3027 2971 3266 3027 alienam
3299 2990 3494 3046 aquam
3538 2977 3656 3034 sive
3699 2992 3799 3033 co-

2230 3058 2420 3128 gitata,
2472 3060 2580 3115 Deo
2621 3062 2751 3116 mihi
2792 3065 3130 3131 ostendente,
3181 3068 3311 3138 quia
3360 3070 3583 3141 sanguis
3629 3080 3800 3139 sunt;

2238 3165 2342 3204 non
2395 3152 2626 3221 amplius
2676 3153 2819 3218 bibo,
2875 3164 2933 3210 ut
2982 3172 3087 3212 non
3133 3162 3409 3231 particeps
3450 3162 3573 3217 tiam
3607 3164 3802 3234 pluria:

2227 3240 2526 3310 sanguinis.
2574 3241 2631 3295 In
2689 3243 2791 3298 hoc
2840 3259 3004 3299 censu
3047 3248 3278 3304 habendi
3317 3252 3444 3318 sint,
3487 3255 3583 3323 qui
3626 3270 3801 3325 pauca

2227 3331 2446 3394 quidem
2504 3331 2824 3401 loquuntur,
2874 3337 2969 3390 sed
3041 3338 3395 3395 nihilominus
3461 3345 3793 3412 perniciosa.

2228 3417 2396 3475 Porro
2424 3422 2730 3475 secundum
2765 3423 3076 3488 historiam,
3094 3424 3577 3497 Egyptiicmlitus
3601 3446 3799 3501 aquam

2227 3524 2333 3563 non
2360 3509 2583 3575 habent,
2635 3527 2734 3569 nec
2782 3514 2843 3569 ﬁt
2876 3516 3057 3585 pluvia
3111 3520 3165 3573 in
3212 3518 3471 3593 Egypto.
3523 3521 3798 3581 Historice

2230 3605 2412 3675 igitur,
2441 3608 2696 3663 universa
2762 3620 2891 3666 tunc
2945 3626 3207 3681 aquarum
3249 3626 3440 3670 natura
3491 3632 3588 3687 per
3630 3617 3801 3690 Egy-

2226 3713 2381 3765 ptum
2408 3701 2667 3756 mandato
2700 3700 2905 3773 Moysis
2953 3705 3008 3760 in
3060 3707 3378 3778 sanguinem
3420 3725 3601 3775 versa,
3629 3727 3800 3781 usque

2226 3794 2362 3845 adeo
2381 3801 2437 3845 ut
2461 3792 2622 3846 etiam
2653 3795 2848 3862 pisces,
2882 3797 2934 3853 in
2965 3815 3222 3856 carneam
3252 3805 3560 3860 crassitiem
3593 3816 3798 3863 mutata

2225 3898 2392 3951 aqua,
2424 3882 2745 3952 interirent;
2775 3887 3015 3947 Hebraeis
3041 3894 3420 3951 haurientibus
3446 3899 3665 3967 sanguis
3688 3915 3799 3954 non

2225 3984 2365 4029 erat.
2389 3975 2567 4042 Quare
2607 3978 2773 4033 etiam
2822 3980 3000 4037 locum
3050 3984 3362 4039 habuerunt
3414 3988 3702 4057 praestigiae
3743 3989 3801 4043 in

2234 4083 2375 4134 aqua
2425 4086 2594 4141 penes
2643 4071 3165 4142 chraeosinventa,
3197 4079 3551 4148 sanguineam
3600 4094 3800 4149 aquam

2233 4161 2551 4219 exhibendi.
2583 4162 2862 4235 Spirituali
2901 4183 3085 4236 sensu,
3129 4185 3271 4225 nunc
3321 4185 3534 4240 quoque
3559 4171 3684 4227 licet
3720 4173 3801 4228 vi-

2229 4250 2357 4305 dere
2387 4251 2618 4321 idipsum
2649 4253 2986 4322 contingere.
3012 4258 3087 4312 Ει
3119 4260 3185 4318 iis
3213 4261 3358 4317 enim
3387 4261 3476 4330 qui
3508 4263 3800 4320 contrariis

2229 4344 2578 4412 opinionibus
2599 4345 2929 4412 dividuntur,
2967 4349 3056 4402 alii
3089 4350 3290 4405 habent
3323 4353 3557 4421 potabile
3586 4370 3650 4409 ac
3682 4355 3801 4424 pel-

2226 4434 2466 4490 lucidum
2503 4435 2629 4492 ﬂdei
2673 4433 2956 4504 ﬂuentum,
3004 4437 3148 4509 quod
3193 4454 3258 4494 ex
3297 4440 3493 4496 divinis
3542 4442 3802 4499 hauriunt

2228 4526 2583 4582 documentis.
2628 4527 2699 4582 At
2740 4529 2807 4583 iis
2839 4529 2931 4598 qui
2969 4531 3214 4601 reprobaa
3248 4532 3532 4588 sententia:
3584 4534 3799 4590 ratione

2225 4616 2523 4689 Egyptum
2550 4634 2661 4688 pra:
2701 4635 2764 4677 se
2802 4622 3005 4691 ferunt,
3035 4624 3088 4678 in
3114 4636 3433 4691 corruptum
3475 4629 3798 4696 sanguinem

2224 4712 2409 4765 evadit
2442 4726 2583 4781 aqua
2612 4730 2627 4767 :
2652 4729 2715 4768 ac
2743 4730 2885 4785 saape
2919 4716 3202 4771 enituntur
3233 4718 3523 4789 praestigias
3568 4720 3796 4787 erroris,

2226 4803 2585 4858 lsracliticum
2620 4821 2835 4875 quoque
2875 4818 3061 4877 potum
3116 4810 3531 4879 inquinamento
3572 4813 3801 4866 menda-

2224 4895 2292 4950 cii
2333 4897 2654 4968 sanguinem
2687 4899 2903 4958 eﬂicere
2931 4919 2948 4969 ;
2986 4904 3039 4960 id
3067 4915 3152 4960 est
3182 4920 3495 4961 sermonem
3529 4916 3797 4973 nostrum,

2226 4988 2493 5058 nobisque
2523 4992 2819 5048 ostendere
2849 4994 3009 5050 talem
3047 5011 3155 5051 non
3189 5011 3308 5052 esse
3351 4996 3530 5065 qualis
3560 5006 3664 5053 est.
3691 4997 3798 5052 Sed

2230 5079 2438 5134 inutilis
2480 5096 2708 5151 prorsus
2762 5094 2922 5153 potus
2967 5102 3074 5141 non
3135 5087 3251 5152 ﬂet,
3306 5090 3523 5143 tametsi
3581 5098 3801 5157 aspectu

2225 5173 2400 5242 primo
2448 5190 2553 5246 per
2603 5191 2845 5232 errorem
2901 5181 3115 5251 species
3170 5182 3290 5251 ejus
3338 5180 3615 5237 rubescat.
3657 5181 3802 5237 Bibit

2226 5266 2371 5320 enim
2404 5265 2650 5322 Israelita
2684 5284 2938 5326 veracem
2969 5288 3185 5343 aquam,
3234 5274 3461 5329 minimc
3504 5273 3804 5345 respiciens

2224 5360 2461 5429 speciem
2497 5364 2724 5419 erroris.

2302 5600 2414 5671 (9i)
2446 5602 2606 5655 Forte
2632 5602 2955 5672 καταγνούς.

2294 5675 2429 5747 (91')
2457 5672 2619 5730 Forte
2647 5690 2757 5743 μοι.
