4186 6406
403 267 502 324 149

1046 362 1212 417 ΨᾹΔ.
1242 365 1322 418 Π’.

607 450 754 523 Στξχ.
778 450 844 522 β’.
891 452 1246 518 Ἁλαλάξειτε
1272 452 1352 520 τῷ
1386 454 1508 522 Θεῷ
1546 456 1755 510 Ἰακώϐ.

455 541 598 616 ⁴Θεὸν
630 543 824 597 Ἰακὼϐ
853 545 944 598 τὸν
974 547 1200 617 Σωτῆρα
1232 546 1456 600 καλοῦσι
1483 547 1572 602 τὸν
1597 551 1653 601 ὲν
1685 548 1970 620 ἀνθρώπου

398 637 636 708 σχήματι
666 635 901 706 ὀφθέντα
944 637 1023 709 τῷ
1063 637 1254 691 Ἰακὼϐ
1301 641 1380 703 εἰς
1409 641 1638 712 δήλωσιν
1681 643 1780 712 τῆς
1838 643 1974 714 μετὰ

396 729 570 784 ταῦτα
607 729 1088 802 ένανθρωπήσεως.
1145 733 1457 798 Ἀλαλάζειν
1488 734 1546 786 δὲ
1579 735 1972 806 προστάττουσι

395 824 707 894 νικητήριον
748 820 914 894 ὕμνον
959 824 1372 894 ἀναπέμποντες
1417 825 1586 897 αὐτῷ,
1631 826 1707 891 ὡς
1739 826 1974 881 καταλύ-

399 931 550 968 σαντι
578 913 668 968 τὸν
693 914 754 968 τὸ
798 916 1000 987 κράτος
1035 915 1224 987 έχοντα
1254 917 1348 970 τοῦ
1381 916 1633 982 Θανάτου,
1661 920 1736 982 ὡς
1766 921 1830 972 ὲκ
1874 919 1974 988 τῆς

395 1003 504 1060 τῶν
555 1004 824 1076 δαιμόνων
879 1007 1337 1071 καταδυναστείας
1383 1009 1692 1080 ῥυσαμένῳ.
1742 1011 1976 1064 Ἀλαλα-

397 1094 546 1163 γμύς
569 1095 678 1167 γάρ
707 1097 854 1149 ἐστιν
895 1096 1061 1168 ὕμνος
1093 1097 1376 1163 ὲπινίκιος,
1413 1097 1472 1152 ὃν
1501 1099 1594 1151 καὶ
1621 1101 1668 1152 οί
1705 1101 1770 1152 ἐκ
1798 1099 1974 1152 Βαϐυ-

397 1186 563 1251 λῶνος
597 1188 965 1253 ἀνασωθέντες
993 1189 1072 1260 τῷ
1115 1191 1218 1260 τὴν
1261 1191 1418 1262 νίκην
1457 1191 1827 1264 δωρησαμένῳ
1857 1192 1977 1262 Θεῷ

397 1275 646 1348 ἀλλήλοις
691 1277 893 1347 ὑφῆναι
936 1278 1420 1350 παρακελεύονται.
1474 1279 1834 1354 Ἦθικώτερον
1883 1284 1974 1337 δέ’

399 1363 476 1425 ὧν
531 1371 630 1442 μὲν
681 1371 1088 1443 κατορθούντων
1130 1372 1181 1425 οἱ
1231 1373 1432 1443 καρποὶ
1479 1375 1577 1427 ἐπὶ
1633 1374 1732 1437 τὰς
1785 1374 1978 1444 ληνοὺς

399 1461 677 1535 ἔρχονται,
722 1463 1068 1521 ἀκουέτωσαν
1108 1465 1235 1517 τοῦ·
1283 1464 1668 1533 Ἀγαιῑλιᾶσθε
1702 1465 1782 1530 τῷ
1821 1465 1974 1531 Θεῷ·

397 1557 426 1610 ὁ
453 1555 511 1609 δὲ
545 1555 806 1628 ἁμαρτὼν
836 1558 930 1612 καὶ
975 1556 1225 1627 δεόμενος
1271 1558 1554 1630 μετανοίας
1589 1559 1683 1612 καὶ
1728 1561 1980 1629 ἐπιστρο-

399 1647 508 1719 φῆς
539 1649 614 1720 μὴ
653 1647 1019 1718 ἀγαλλιάσθω,
1043 1648 1177 1702 ἀλλά
1204 1649 1497 1721 λυπηθήτω
1526 1648 1670 1702 κατὰ
1709 1649 1861 1702 Θεόν.
1914 1651 1978 1702 Ἡ

397 1740 508 1813 γὰρ
535 1741 676 1795 κατά
707 1741 837 1794 Θεὸν
881 1740 1024 1811 λύπη
1075 1741 1364 1811 μετάνοιαν
1399 1743 1480 1804 είς
1527 1741 1800 1812 σωτηρίαν
1838 1742 1977 1809 ἀμε-

399 1835 698 1906 ταμέλητον
727 1834 1138 1903 κατεργάζεται.
1174 1834 1284 1887 Καὶ
1311 1834 1397 1898 σὺ,
1423 1833 1516 1888 ὲάν
1557 1833 1841 1905 βοηθηθεὶς
1873 1832 1982 1886 ὑπὸ

399 1924 534 1979 Θεοῦ
572 1925 670 1995 τὴν
707 1925 1036 1996 συγκομιδὴν
1063 1927 1303 1996 ἐποιήσω
1339 1925 1448 1978 τῶν
1481 1925 1710 1996 καρπῶν
1737 1925 1832 1978 ἐπὶ
1877 1925 1978 1989 τὰς

1554 271 1814 330 FRAGM.
1858 271 1922 327 IN
1956 271 2368 330 PROVERBIA.

1995 379 2044 431 Λ

3542 271 3650 328 150

2631 343 3085 420 psithtxxxT

2462 457 2522 512 V.
2563 458 2618 511 2.
2658 457 2894 511 Jubilate
2924 456 3032 510 Deo
3057 455 3288 510 Jacob.‘

2143 548 2312 603 Deum
2343 545 2511 604 Jacob
2553 547 2825 617 appellant
2854 546 3196 602 Salvatorem
3224 587 3240 611 ,
3269 545 3360 616 qui
3390 547 3441 599 in
3473 549 3642 616 ﬁgura

2074 639 2310 694 hominis
2355 638 2562 695 Jacobo
2594 640 2847 709 apparuit
2890 639 2957 694 ad
3004 639 3352 694 indicandam
3404 638 3642 692 futuram

2073 732 2526 788 incarnationem.
2555 730 2796 788 Jubilare
2829 742 3009 787 autem
3036 734 3247 800 jubent.
3281 733 3524 787 victoriae
3548 734 3646 803 hy—

2075 838 2202 878 mno
2229 823 2564 880 celebrantes
2591 839 2735 890 eum,
2767 832 2952 893 utpote
2980 825 3071 892 qui
3097 823 3469 894 proﬁigaverit
3492 824 3644 878 illum

2076 913 2617 984 quihabebatmortis
2645 916 2955 986 imperium,
2987 925 3043 969 et
3065 931 3094 969 a
3123 919 3428 970 daemonum
3464 925 3650 987 tyran-

2067 1007 2200 1061 nide
2248 1007 2300 1061 in
2365 1006 2669 1062 libertatem
2725 1009 3046 1064 asseruerit.
3098 1006 3358 1060 Jubilatio
3409 1022 3649 1075 namque

2078 1097 2310 1168 hymnus
2326 1108 2410 1154 est
2435 1099 2934 1169 victorialis,quem
2961 1101 3125 1154 etiam
3155 1101 3246 1170 qui
3273 1101 3339 1154 de
3369 1100 3648 1170 Babylone

2077 1186 2277 1240 servati
2308 1197 2454 1251 sunt,
2480 1188 2722 1244 victoriae
2756 1189 2998 1260 largitori
3036 1191 3146 1244 Deo
3183 1203 3384 1245 canere
3415 1205 3537 1245 sese
3560 1190 3647 1243 in-

2077 1279 2254 1332 vicem
2303 1279 2682 1336 adhortantur.
2725 1282 2792 1336 Et
2844 1284 3017 1354 magis
3058 1284 3338 1339 moraliter
3367 1302 3380 1338 :
3411 1299 3648 1354 quorum

2080 1371 2308 1425 virtuosi
2346 1371 2555 1426 fructus
2607 1374 2658 1425 in
2699 1373 2992 1427 toreularia
3033 1375 3295 1439 veniunt,
3341 1375 3646 1428 audiunto:

2076 1459 2313 1515 Jubilate
2354 1461 2460 1516 Deo
2496 1478 2516 1516 :
2547 1474 2602 1517 at
2635 1465 2723 1532 qui
2761 1466 3004 1532 peccavit
3040 1475 3097 1520 et
3139 1465 3345 1535 indiget
3379 1466 3652 1535 pmniten-

2085 1551 2155 1606 tia
2186 1561 2349 1622 atque
2375 1554 2753 1620 conversione,
2795 1571 2902 1610 non
2940 1557 3198 1622 exsultet,
3221 1558 3318 1612 sed
3348 1557 3534 1613 doleat
3567 1573 3652 1613 se-

2081 1645 2314 1699 cundum
2347 1645 2537 1700 Deum.
2568 1645 2730 1702 Dolor
2761 1650 2903 1703 enim
2929 1649 3220 1704 secundum
3259 1649 3444 1713 Deum,
3479 1651 3651 1718 poeni-

2083 1735 2306 1789 tentiam
2348 1735 2401 1789 in
2444 1736 2676 1792 salutem
2705 1752 2812 1792 non
2859 1738 3226 1808 paenitendam
3254 1750 3535 1809 operatur.
3569 1741 3652 1796 Tu

2080 1843 2296 1899 quoque
2353 1829 2398 1884 si
2458 1830 2715 1884 divinitus
2775 1831 2992 1900 adjutus
3035 1830 3244 1886 fructus
3292 1833 3547 1888 invexisti
3596 1835 3652 1888 in

2083 1932 2272 1978 sancta
2305 1921 2625 1987 toreularia,
2653 1937 2722 1977 ne
2750 1922 3088 1979 obliviscaris
3116 1923 3234 1991 Dei,
3267 1934 3534 1993 quatenus
3563 1939 3655 1978 au-

399 2019 560 2088 ἀγίας
586 2018 801 2087 ληνοὺς,
843 2017 917 2089 μὴ
951 2017 1304 2072 ὲπιλανθάνου
1350 2017 1446 2071 τοῦ
1491 2018 1647 2083 Θεοῦ,
1683 2017 1816 2072 καθὸ
1853 2017 1979 2087 βοη-

2083 2015 2299 2069 xiliator
2347 2023 2469 2070 tuus
2525 2013 2650 2070 fuit.
2703 2013 2947 2070 Tametsi
3002 2017 3148 2072 haud
3209 2026 3500 2086 suppetant
3552 2018 3654 2074 tibi

401 2111 490 2174 θός
527 2127 619 2163 σου
653 2110 878 2179 γίνεται.
922 2110 1042 2163 Κᾶν
1075 2110 1285 2181 ἀπορῇς
1315 2109 1486 2179 λόγων
1535 2109 1644 2163 τῶν
1673 2109 1791 2163 κατ’
1826 2109 1981 2175 ἀξίαν

399 2203 882 2275 ἀποδοθησομένων
929 2201 1008 2274 τῷ
1062 2203 1181 2276 Θεῷ
1230 2206 1288 2258 ὲν
1347 2203 1706 2276 εὐχαριστίᾳ,
1749 2202 1981 2267 άλάλαζε

401 2294 627 2365 εὐσήμῳ
661 2295 845 2365 φωνῇ,
897 2293 1124 2365 καρδίας
1166 2294 1501 2366 κεκραγυίας
1549 2293 1982 2363 ὑπερϐαινούσης

401 2383 471 2437 τὰ
523 2384 899 2455 σημαινόμενα
955 2383 1268 2454 ἀπορούσης
1309 2385 1541 2450 λέξεως,
1592 2385 1686 2438 καὶ
1738 2383 1824 2437 διὰ
1882 2383 1984 2453 τὴν

403 2476 637 2548 ἀπορίαν
668 2475 777 2529 τῶν
825 2475 1023 2539 λέξεων
1071 2477 1356 2547 ἀπόρρητα
1403 2475 1498 2530 καὶ⁸
1529 2476 1743 2548 ἄρρητα
1793 2473 1986 2527 λαλού-

406 2585 525 2639 σης.
577 2567 701 2622 Ἐἀν
742 2567 850 2640 γὰρ
878 2569 1084 2639 ἀναθῇς
1135 2568 1206 2621 τὰ
1246 2567 1440 2633 λεκτὰ,
1482 2568 1578 2622 ἐὰν
1618 2567 1862 2640 ὑπερϐῇς
1916 2566 1984 2620 τά

404 2658 884 2731 ἀπαγγελλόμενα,
925 2659 992 2714 τά
1035 2657 1124 2713 διὰ
1169 2659 1434 2730 στόματος
1493 2659 1845 2730 φωνούμενα,
1891 2660 1985 2712 καὶ

409 2751 557 2822 μόνῳ
600 2750 676 2822 νῷ
713 2750 946 2823 δυνηθῇς
990 2751 1177 2822 ὑμνεῖν
1216 2750 1309 2804 τὸν
1356 2749 1508 2813 Θεὸν,
1553 2748 1630 2820 τῷ
1689 2748 1984 2821 ἀποροῦντι

403 2841 669 2897 ἐπιθεῖναι
697 2842 766 2896 τὰ
792 2843 985 2897 ἑαυτοῦ
1009 2843 1286 2914 κινήματα
1321 2841 1399 2912 τῷ
1431 2841 1595 2911 λόγῳ,
1630 2839 1779 2912 παρὰ
1807 2841 1868 2893 τὸ
1895 2841 1984 2894 τὸν

403 2933 559 3003 λόγον
603 2935 696 2988 τὸν
729 2936 788 2989 ὲν
819 2935 902 2989 σοὶ
939 2936 1013 3007 μὴ
1045 2934 1302 2990 δύνασθαι
1333 2934 1622 3006 βαστάζειν
1649 2934 1744 2987 τοῦ
1789 2935 1880 2988 νοῦ
1918 2935 1986 2990 τά

405 3025 691 3098 ἀπόρρητα
722 3026 905 3080 καὶτὰ
936 3027 1074 3093 θεῖα,
1106 3025 1391 3092 ἀλαλάξεις
1414 3025 1491 3098 τῷ
1523 3026 1641 3098 Θεῷ
1678 3025 1890 3092 Ἰακὼ6,
1911 3028 1985 3091 ὠς

409 3119 649 3190 μιμητὴς
677 3117 771 3173 τοῦ
801 3118 1123 3191 πτερνιστοῦ
1161 3118 1372 3174 Ἰακώϐ.

1009 3211 1180 3268 ΨΑΛ.
1219 3211 1348 3264 PN'.

512 3301 660 3374 Στίχ.
695 3308 766 3373 γ’.
800 3302 1027 3359 Αἰνεῖτε
1051 3303 1240 3358 αὑτὸν
1265 3303 1337 3356 ἐν
1361 3302 1492 3374 ἤχῳ
1524 3303 1879 3375 σάλπιγγος.

2081 2107 2243 2161 verba
2275 2122 2395 2176 quae
2435 2107 2596 2178 digne
2629 2107 2779 2164 reddi
2810 2108 3021 2178 possint
3059 2109 3170 2165 Deo
3214 2124 3312 2178 pro
3340 2110 3645 2179 gratiarum

2081 2200 2322 2265 actione;
2354 2199 2527 2269 iubila
2551 2200 2909 2256 nihilominus
2942 2201 3138 2272 insigni
3163 2215 3319 2270 voce,
3350 2207 3516 2258 corde
3537 2203 3652 2259 cla-

2082 2302 2264 2348 mante
2299 2293 2443 2363 quod
2480 2293 2893 2365 supergreditur
2919 2294 3228 2366 signiﬁcata
3258 2297 3527 2351 sermonis
3553 2299 3652 2351 de-

2084 2385 2318 2441 ﬁcientis
2344 2427 2360 2448 .
2393 2397 2557 2456 atque
2601 2401 2697 2457 per
2741 2387 3101 2444 deﬁcientiam
3151 2390 3323 2458 ipsam
3354 2391 3650 2446 vocabulo-

2083 2493 2222 2541 rum,
2253 2488 2462 2533 secreta
2505 2488 2561 2533 et
2598 2478 2889 2534 inell‘abilia
2925 2479 3189 2548 loquitur.
3221 2480 3278 2535 Si
3321 2481 3467 2535 enim
3496 2490 3656 2534 tran-

2082 2568 2314 2624 scendas
2356 2584 2477 2640 quae
2532 2569 2716 2624 verbis
2766 2569 3052 2635 dicuntur,
3109 2585 3173 2624 ac
3218 2569 3657 2640 supergrediaris

2083 2673 2204 2729 quae
2263 2673 2358 2713 ore
2407 2658 2719 2728 proferente
2768 2660 3156 2723 enuntiantur,
3206 2658 3428 2727 soloque
3471 2658 3656 2712 animo

2083 2750 2261 2822 possis
2306 2750 2565 2821 hymnum
2611 2749 2795 2805 dicere
2845 2749 2996 2812 Deo,
3045 2751 3170 2804 dum
3233 2750 3426 2818 nequis
3479 2758 3657 2803 motus

2085 2851 2210 2896 tuos
2237 2842 2422 2897 verbis
2449 2855 2774 2911 componere
2800 2881 2816 2907 ,
2849 2841 2976 2912 quia
3009 2856 3191 2896 sermo
3219 2851 3342 2896 tuus
3374 2854 3479 2894 non
3513 2839 3661 2894 valet

2083 2934 2391 3004 exprimere
2435 2947 2524 2988 res
2555 2932 2801 2988 occultas
2825 2933 3024 2988 mentis
3053 2942 3110 2987 et
3141 2932 3382 2993 divinas;
3413 2940 3656 2987 attamen

2079 3027 2284 3096 jubilas
2335 3026 2443 3080 Deo
2486 3024 2677 3088 Jacob,
2710 3033 2894 3093 utpote
2941 3023 3188 3079 imitator
3230 3022 3665 3094 supplantatoris

2092 3117 2302 3172 Jacobi.

2708 3205 2833 3261 PSA
2842 3205 2902 3264 L.
2933 3206 3038 3262 CL.

2375 3297 2436 3351 V.
2465 3297 2522 3353 3.
2551 3295 2790 3351 Laudate
2823 3313 2943 3350 eum
2971 3297 3026 3349 in
3056 3312 3184 3350 sono
3215 3296 3376 3353 tubw.

479 3393 672 3458 ’Δλλος
713 3395 868 3466 φησὶ,
910 3393 1008 3447 διὰ
1039 3393 1194 3464 ἤχου
1225 3396 1560 3464 κερατίνης.
1602 3396 1892 3470 Ἱερατικὸν
1926 3394 1983 3448 δὲ

2157 3389 2310 3445 Alius
2340 3389 2494 3454 dicit,
2521 3406 2612 3457 per
2656 3405 2844 3444 sonum
2871 3405 3074 3444 cornea:
3102 3390 3167 3446 ¹⁷.
3191 3390 3320 3445 Erat
3347 3390 3451 3445 hoc
3480 3403 3663 3445 sacer-

407 3482 567 3539 τοῦτο
595 3485 655 3540 τὸ
679 3485 926 3558 ὄργανον.
955 3487 1017 3539 Ol
1053 3487 1216 3558 ἱερεῖς
1248 3485 1358 3558 γὰρ
1403 3487 1640 3558 ἐχρῶντο
1680 3490 1800 3551 ταῖς
1852 3486 1982 3540 σάλ-

409 3577 595 3646 πιγξι,
651 3576 757 3633 τῶν
799 3579 858 3632 ὲν
905 3577 1033 3631 Σινᾶ
1076 3577 1380 3648 γενομένων
1431 3578 1746 3648 σαλπίγγων
1787 3579 1986 3648 ἀναμι-

413 3671 767 3741 μνήσκοντες.
807 3669 964 3722 Κατά
1003 3667 1133 3737 γοῦν
1165 3668 1256 3721 τὸν
1289 3670 1655 3740 πνευματικὸν
1694 3669 1824 3739 περὶ
1861 3669 1988 3722 σαλ-

410 3761 625 3830 πίγγων
690 3761 1034 3830 κατασκευῆς
1097 3760 1273 3829 λόγον,
1323 3761 1796 3815 κατασκευαστέον
1856 3761 1986 3815 σάλ-

413 3867 606 3920 πιγγα,
630 3851 715 3904 ἵνα
741 3853 798 3905 ὲν
827 3852 944 3922 ἤχῳ
976 3852 1144 3922 αὐτῆς
1170 3851 1468 3922 αἰνέσωμεν
1497 3852 1586 3906 τὸν
1611 3851 1763 3905 Θεόν.
1794 3850 1991 3906 Τοιαῦ-

412 3959 504 3998 ται
534 3943 601 4006 δ’,
630 3938 805 4014 οἶμαι,
841 3941 1138 4011 σάλπιγγες
1169 3941 1453 4013 δηλοῦνται
1487 3943 1581 3996 καὶ
1613 3944 1671 3995 ὲν
1704 3941 1780 4012 τῷ
1799 3958 1811 3970 ·
1840 3944 1993 3996 Σαλ-

411 4035 597 4099 πίσει,
634 4035 733 4088 καὶ
759 4037 813 4088 οἱ
844 4036 1045 4102 νεκροὶ
1069 4033 1516 4104 ἐγερθήσονται.
1559 4033 1716 4086 Ἔστι
1746 4033 1802 4085 δὲ
1830 4032 1990 4103 ἑορτὴ

409 4125 696 4197 Νουμηνία
730 4126 954 4194 ἑϐδόμου
1007 4124 1203 4196 μηνὸς,
1260 4125 1602 4195 μνημόσυνον
1649 4123 1986 4192 σαλπίγγων,

411 4217 549 4274 καθὸ
575 4216 822 4288 λέγεται·
866 4219 961 4272 Ἐν
986 4218 1292 4288 νεομηνία,
1326 4216 1633 4287 σάλπιγγι.

2093 3480 2270 3536 dotale
2301 3481 2745 3535 instrumentum.
2792 3479 3120 3535 Sacerdotes
3166 3494 3402 3548 namque
3431 3479 3662 3534 uteban-

2095 3585 2185 3631 tur
2215 3575 2383 3642 tubis,
2413 3575 2465 3630 in
2496 3575 2813 3630 memoriam
2841 3573 3092 3628 tubarum
3122 3588 3240 3642 qute
3262 3573 3315 3626 in
3352 3571 3484 3626 Sina
3511 3571 3662 3627 clan-

2091 3675 2310 3723 xerunt.
2360 3665 2521 3722 Juxta
2571 3666 2738 3735 igitur
2783 3665 3118 3734 spiritualem
3175 3663 3662 3720 construendarum

2094 3757 2341 3812 tubarum
2373 3757 3041 3820 rationem,construenda
3072 3765 3154 3810 est
3187 3757 3333 3818 tuba,
3365 3763 3422 3808 ut
3453 3754 3506 3808 iu
3529 3769 3662 3808 sono

2090 3849 2236 3904 illius
2268 3848 2553 3904 laudemus
2601 3847 2794 3904 Deum.
2836 3846 3188 3918 Huiusmodi,
3223 3856 3281 3900 ut
3318 3854 3468 3915 puto,
3519 3845 3666 3899 tubae

2089 3939 2437 3995 declarantur
2477 3952 2534 3995 et
2571 3941 2624 3994 in
2655 3940 2747 3996 illo
2777 3940 2937 3996 loco:
2974 3937 3218 4007 Clanget,
3257 3947 3302 3990 et
3339 3936 3533 3988 mortui
3575 3949 3662 3986 re-

2088 4041 2304 4100 surgant
2355 4031 2419 4088 ¹⁸.
2475 4031 2572 4085 Est
2620 4040 2800 4086 autem
2871 4030 3066 4085 festum
3112 4026 3403 4083 Neomenia
3447 4023 3666 4093 septimi

2096 4125 2320 4186 mensis,
2352 4123 2669 4178 memoriale
2699 4124 2973 4186 tubarum,
3003 4122 3146 4174 sicut
3174 4119 3373 4188 legitur
3403 4135 3416 4170 :
3449 4114 3515 4170 In
3543 4131 3668 4170 neo-

2094 4214 2292 4278 menia,
2324 4215 2448 4267 tuba
2481 4214 2546 4269 ¹⁰.

424 4310 3671 4351 _______________________________________._

1160 4398 2098 4532 ΩΡΙΓΕΝΟΥΣ
2175 4392 2926 4528 ΕΚΛΟΓΑΙ

1501 4605 1672 4689 ΕΙΣ
1709 4602 1914 4687 ΤΑΣ
1952 4598 2584 4688 ΠΑΡΟΙΜΙΑΣ.

833 4785 1411 4882 ORIGENIS
1485 4728 2216 4874 FRAGMEN—TA
2293 4783 2416 4870 IN
2503 4747 3263 4870 PROVERBIA.‘

1460 4931 1788 4993 (Bibliotheca
1815 4932 2151 4993 Gallandiana,
2179 4948 2240 4981 ex
2264 4932 2405 4980 codd.
2435 4929 2636 4989 Venet.)

993 5066 1104 5137 (92)
1127 5065 1283 5119 κεψ.
1319 5065 1396 5116 Αν.

488 5167 636 5238 Στίχ.
667 5173 736 5221 α’.
782 5163 935 5218 Ἐπεὶ
965 5162 1023 5216 δὲ
1052 5161 1252 5233 ἀρετὴν
1286 5154 1544 5226 εἶναιτὴν
1579 5155 1839 5226 φρόνησιν
1868 5153 1996 5206 Ἔλ-

415 5261 578 5332 ληνες
603 5259 838 5328 λέγουσι,
863 5257 958 5310 καὶ
971 5255 1244 5327 ὁρίζονται
1261 5252 1448 5322 αὐτήν·
1481 5246 1846 5316 Ἐπιστήμην
1862 5247 1998 5315 dra.

422 5353 542 5410 θῶν
573 5352 672 5406 καὶ
689 5347 890 5404 κακῶν
916 5347 1014 5400 καὶ
1044 5344 1385 5413 οὐθετέρων·
1415 5341 1449 5413 ἢ
1471 5339 1813 5408 ἐπιστήμην
1836 5351 1997 5401 ποιη-

422 5443 573 5498 τέων
591 5440 689 5498 καὶ
717 5441 788 5494 οὐ
816 5435 1105 5505 ποιητέων
1127 5435 1226 5489 καὶ
1246 5433 1591 5502 οὑθετέρων,
1614 5428 1999 5498 παρέχουσαν

421 5535 539 5605 μὲν
571 5532 762 5588 ποιεῖν
785 5530 856 5584 τὰ
890 5527 1154 5597 ποιητέα,
1177 5526 1262 5598 μὴ
1292 5525 1485 5580 ποιεῖν
1514 5523 1583 5576 δὲ
1615 5521 1686 5576 τὰ
1712 5519 1797 5591 μὴ
1836 5533 2003 5585 ποιη-

1015 5625 1100 5679 ³⁸1
1131 5625 1258 5679 Cor.
1291 5638 1384 5687 xv,
1409 5621 1500 5676 52.
1579 5621 1622 5654 ¹⁹
1655 5617 1796 5673 Psal.
1824 5631 1986 5679 Lxxx,
2009 5613 2064 5668 4.

501 5631 544 5663 ’τ
584 5631 728 5688 Psal.
755 5645 839 5693 CL,
871 5630 926 5683 5.

2769 5053 2919 5110 CAP.
2946 5051 2986 5105 ι.

2157 5151 2290 5206 v.1.
2311 5151 2442 5217 Quia
2459 5159 2640 5205 autem
2651 5145 2876 5222 gentiles
2895 5146 3154 5200 virtutem
3178 5160 3300 5200 esse
3330 5145 3683 5214 prudentiam.

2100 5240 2308 5303 dicunt,
2339 5247 2392 5293 et
2414 5236 2677 5292 deﬁniunt
2697 5251 2814 5292 eam
2847 5234 3175 5291 :Scientiam
3198 5235 3450 5290 bonarum
3481 5242 3670 5287 etma-

2100 5331 2273 5384 lorum
2313 5339 2359 5383 et
2407 5338 2756 5391 neutrorum;
2808 5327 2892 5382 vel
2942 5325 3230 5382 Scientiam
3277 5326 3596 5397 agendorum
3621 5335 3670 5378 et

2102 5441 2204 5478 non
2221 5423 2540 5493 agendorum
2563 5433 2609 5474 et
2645 5431 2948 5475 neutrorum
2980 5437 3000 5486 ;
3027 5437 3144 5490 qua:
3166 5420 3358 5474 tribuat
3392 5419 3566 5486 facere
3583 5417 3671 5486 {a-

2105 5514 2312 5578 cienda,
2362 5528 2463 5566 non
2504 5511 2750 5581 facienda
2795 5527 2911 5566 vero
2944 5527 3046 5566 non
3090 5513 3262 5579 facere
3299 5527 3318 5566 :
3350 5509 3672 5584 colligamus

501 5723 612 5797 (99)
642 5723 720 5778 Ex
741 5723 863 5780 cod.
898 5721 1088 5779 Venet.
1117 5719 1237 5783 491,
1265 5732 1383 5789 pag.
1409 5717 1495 5773 58.
1523 5716 1637 5785 Ipse
1669 5713 1757 5770 hic
1782 5723 1996 5782 quoque
2021 5706 2200 5779 capita
2239 5712 2291 5760 ct
2319 5716 2510 5761 versus
2539 5699 2823 5771 adscripsi.
