4186 6388
340 271 453 328 135

1516 268 1776 324 FRAGM.
1813 265 1882 323 IN
1915 264 2331 322 PBOVERBlA.

3520 278 3622 334 154

343 408 427 447 σιν
452 389 673 444 ἐπὶτῶν
689 387 1012 460 ὑπερὸατῶν
1035 388 1127 441 καὶ
1151 388 1522 458 ἀναστροφῶν.
1554 385 1924 458 Στρεφομένου

2037 394 2232 438 xerunt
2277 399 2398 439 cum
2455 385 2776 455 hyperbatis
2810 398 2866 443 et
2918 387 3338 448 inversionibus.
3395 393 3619 452 lnverso

337 484 448 555 γάρ
478 482 569 537 τοῦ
604 481 762 550 λόγου
797 480 938 536 κατά
987 482 1084 552 τὴν
1127 480 1300 547 τάξιν,
1326 481 1418 534 καὶ
1447 479 1728 542 δοκοῦντος
1749 476 1930 531 διακὸ-

341 575 574 630 πτεσθαι
612 574 706 628 τοῦ
752 574 1043 645 εἰρημένου
1075 574 1182 627 ἀπό
1221 590 1365 635 τινος
1393 573 1483 626 διὰ
1518 572 1683 642 μέσου
1711 569 1933 638 λεγομέ-

341 684 454 731 νου,
485 668 695 736 γίνεται
714 665 776 718 τὸ
811 665 1114 736 ὑπερϐατὸν
1143 666 1235 718 καὶ
1259 666 1586 735 καλούμενον
1610 662 1816 736 στροφὴ
1841 660 1928 712 λό-

341 776 460 827 γου.
499 758 668 812 Πάλιν
705 775 764 810 τε
801 753 890 822 αὖ,
927 756 1386 827 ἐναλλαττομένης
1415 756 1513 826 τῆς
1540 754 1738 819 λέξεως
1773 755 1830 806 ἐν
1863 755 1928 822 τῇ

343 850 862 924 προσαγορευομένῃ
894 851 1230 922 ἀναστροφῇ,
1265 848 1426 902 οἰονεὶ
1461 847 1664 918 στροφὴ
1697 848 1812 898 ἐστι
1835 844 1928 897 τοῦ

341 943 521 1011 λόγου.
557 936 681 995 Οἶον
706 941 780 1005 ὡς
816 941 910 994 ἐπὶ
945 939 1402 1012 παραδείγματος-ο
1432 941 1460 991 ὁ
1491 936 1781 1008 ψαλμῳδὸς
1823 951 1927 1004 φη·

344 1051 448 1088 σινο
483 1035 602 1086 Ὀτι
635 1033 918 1101 ἑσίγησα,
947 1029 1287 1100 ἐπαλαιώθη
1320 1030 1392 1084 τὰ
1425 1027 1576 1085 ὀστᾶ
1596 1047 1736 1099 μου.
1775 1029 1928 1081 Ἀνα-

345 1125 582 1197 στρέψας
617 1123 726 1196 γὰρ
772 1125 888 1194 ἐρεῖ
915 1122 1104 1187 οὕτως’
1160 1123 1282 1176 Ὅτι
1311 1121 1429 1176 ἀπὸ
1459 1120 1565 1174 τοῦ
1593 1117 1822 1188 κράζειν
1849 1137 1929 1189 με

341 1215 491 1284 πρὸς
515 1216 590 1269 σὲ
623 1215 775 1283 ὅλην
804 1215 918 1283 τὴν
939 1214 1169 1284 ἡμέραν
1187 1215 1466 1284 ἐσίγησα,
1497 1212 1833 1281 ἐπαλαιὼοη
1855 1213 1929 1267 τὰ

342 1306 494 1362 ὀστᾶ
520 1324 659 1377 μου·
691 1307 778 1360 ἵνα
810 1305 1052 1379 σημαίνῃ
1067 1307 1240 1358 τοῦτο·
1288 1304 1501 1376 Ἐπειδὴ
1528 1304 1636 1358 ἀπὸ
1661 1304 1757 1374 τῆς
1789 1305 1925 1375 πρὸς

343 1401 403 1454 σὲ
435 1400 680 1473 κραυγῆς
697 1400 791 1453 καὶ
818 1400 1057 1471 δεήσεως
1083 1399 1176 1453 καὶ
1194 1397 1451 1460 αἰνέσεως
1476 1396 1924 1468 ἐπαυσάμην,διά

339 1491 499 1545 τοῦτο
525 1491 796 1563 ἐξηράνθη
831 1490 900 1543 τὰ
921 1492 1054 1544 ὀστᾶ
1075 1508 1195 1561 μου.

413 1581 526 1654 (95)
576 1581 687 1636 Τοῦ
729 1582 935 1635 αὑτοῦ.
983 1581 1215 1633 Δύναται
1259 1579 1315 1633 δὲ
1358 1577 1563 1650 ἀληθὴς
1611 1578 1922 1650 δικαιοσύνη

341 1675 476 1747 πρὸς
502 1672 907 1744 ἀντιδιαστολὴν
954 1671 1208 1740 λέγεσθαι
1241 1671 1343 1741 τῆς
1369 1671 1662 1741 εἰκονικῆς.
1703 1669 1921 1722 Αὑτοδι-

2036 477 2178 529 ειιίω
2209 491 2461 532 sermone
2487 480 2779 533 secundum
2807 495 2998 536 vocum
3021 482 3455 552 diSpositionem,
3484 489 3612 542 dum

2035 568 2251 620 videtur
2282 568 2534 623 intercidi
2567 571 2708 640 quod
2757 572 2958 626 dicitur
2983 573 3052 626 ab
3079 574 3189 628 alio
3223 578 3371 644 quod
3412 578 3462 630 in
3499 595 3613 632 mc-

2039 662 2130 714 dio
2154 662 2374 728 dicitur,
2408 663 2466 717 lit
2496 664 2853 734 hyperbaton,
2887 683 2978 722 seu
3024 673 3382 739 transgressio
3405 689 3614 730 sermo-

2035 747 2137 808 nis,
2171 758 2224 800 et
2249 749 2391 816 quod
2430 761 2657 805 vocatur
2683 754 2949 809 orationis
2990 757 3188 811 versio.
3224 758 3456 814 Rursum
3486 779 3611 816 vero

2033 835 2315 891 immutate
2348 853 2538 893 vocum
2581 853 2768 896 tenore
2806 843 2860 896 in
2900 859 2961 898 ea
2995 860 3112 914 qua:
3155 854 3608 917 nuncupaturiw

2033 928 2227 992 versio,
2261 931 2317 982 lit
2369 932 2774 998 quodammodo
2810 935 3080 991 orationis
3117 938 3316 994 versio.
3349 939 3505 1008 Puta,
3552 954 3610 996 ut

2031 1021 2293 1090 exemplis
2323 1033 2540 1078 utamur
2568 1042 2583 1078 :
2610 1025 2898 1082 Psalmisla
2938 1029 3109 1084 dicit:
3139 1031 3400 1097 Quoniam
3443 1039 3608 1104 tacui,

2033 1113 2446 1169 inveteraverunt
2493 1135 2612 1171 ossa
2669 1135 2786 1173 mea
2818 1121 2884 1177 ".
2919 1122 3242 1178 lnverteudo
3284 1126 3362 1180 sic
3409 1127 3554 1182 dicet
3589 1145 3605 1183 :

2033 1200 2296 1268 Quoniam
2335 1221 2366 1257 a
2400 1205 2675 1262 clamando
2717 1227 2796 1264 me
2840 1214 2912 1264 ad
2957 1223 3006 1266 te
3057 1223 3214 1267 totam
3247 1216 3385 1270 diem
3433 1220 3606 1285 tacui',

2031 1295 2444 1351 inveteraverunt
2481 1314 2600 1352 ossa
2635 1316 2748 1354 mea
2781 1318 2799 1366 ;
2834 1318 2942 1372 quo
2971 1304 3280 1375 signiticet:
3315 1307 3451 1374 Quia
3490 1325 3609 1365 ces-

2029 1388 2145 1442 savi
2177 1404 2205 1440 a
2235 1387 2492 1456 clamore,
2525 1399 2578 1444 et
2610 1393 3014 1462 supplicatione
3044 1407 3100 1452 et
3143 1397 3300 1453 laude
3337 1410 3447 1467 tua,
3478 1417 3606 1470 prn-

2026 1491 2210 1549 pterea
2235 1482 2470 1535 arefacta
2516 1493 2642 1536 sunt
2680 1500 2802 1539 ossa
2841 1503 2979 1540 mea.

2097 1569 2371 1636 Ejusdem.
2411 1574 2592 1631 Potest
2614 1576 2791 1632 autem
2817 1581 3160 1649 verajustitia
3186 1585 3288 1640 dici
3321 1585 3385 1639 ad
3418 1587 3610 1642 distin-

2026 1665 2260 1719 ctionem
2315 1667 2670 1738 imaginaria’.
2723 1670 2978 1727 Christus
3026 1689 3262 1743 namque
3307 1687 3388 1731 est
3423 1693 3608 1732 essen-

340 1740 600 1840 καιοσύνη
631 1768 727 1838 μὲν
758 1740 921 1837 γὰρ-ὁ
959 1765 1210 1836 Χριστός·
1251 1740 1463 1835 μεθέξει
1495 1763 1552 1816 δὲ
1579 1740 1781 1833 ταύτης
1809 1761 1922 1832 ήέν

2028 1759 2172 1813 tialis
2212 1760 2460 1828 iustitia;
2497 1763 2849 1832 participabit
2909 1774 3087 1819 autent
3139 1740 3298 1836 hujus
3337 1783 3400 1821 ea
3429 1809 3444 1833 ,
3486 1753 3607 1839 qua:

340 1860 554 1930 ἑκάστῳ
587 1857 694 1912 τῶν
721 1857 942 1910 δικαίων
981 1854 1144 1908 εἰκὼν
1171 1851 1326 1922 οὖσα,
1355 1854 1452 1908 καὶ
1480 1852 1760 1925 ἀφοροῢσα
1787 1852 1922 1922 πρὸς

341 1953 692 2024 παράδειγμα
737 1951 832 2004 τὸν
859 1950 1114 2022 Χριστὸν,
1165 1949 1302 2020 πρὸς
1343 1948 1404 2001 ὃν
1447 1948 1558 2018 (96)
1614 1948 1920 2020 γεγράφθαι

337 2045 543 2116 νομίζω
573 2045 653 2110 τὸ,
674 2046 906 2110 Δίκαιος
921 2045 1134 2111 Κύριος
1150 2043 1246 2096 καὶ
1279 2041 1667 2108 δικαιοσύνας
1692 2041 1925 2111 ἠγάπη-

336 2152 470 2190 σεν.
519 2134 970 2189 Ἀντιδιέσταλται
1008 2135 1065 2188 δὲ
1103 2134 1198 2187 καὶ
1226 2135 1292 2204 τῇ
1321 2131 1618 2204 συμϐολικῇ
1644 2133 1921 2186 δικαιοσύ-

336 2244 422 2300 νῃ’
460 2227 632 2281 πολλά
655 2229 764 2298 γὰρ
796 2229 854 2280 ἐν
886 2226 963 2297 τῷ
988 2227 1139 2297 νόμῳ
1163 2227 1262 2296 τῆς
1279 2225 1533 2297 ἀληθείας
1559 2225 1629 2278 τὰ
1657 2225 1917 2296 σύμϐολα·

336 2317 474 2372 ἀλλά
513 2320 606 2372 καὶ
648 2321 714 2390 τῇ
747 2318 932 2388 ψευδεί
958 2316 1290 2390 δικαιοσύνῃ.
1328 2317 1486 2371 Κατὰ
1519 2317 1574 2370 δέ
1603 2317 1665 2370 τὸ
1703 2317 1922 2388 Ἐϐραῖ-

336 2411 430 2462 κον
455 2411 550 2463 καὶ
590 2410 715 2474 τοὺς
740 2410 957 2474 λοιποὺς
981 2411 1041 2463 οὺ
1062 2409 1382 2480 πρόσκειται
1407 2409 1467 2463 τὸ
1489 2408 1708 2477 ἀληθῆ,
1733 2410 1807 2474 ὡς
1821 2410 1921 2480 τῆς

334 2499 680 2574 δικαιοσύνης
706 2503 766 2554 οὐ
794 2502 1088 2573 δεχομένης
1121 2500 1546 2572 ἀντιδιαστολήν.

410 2595 548 2666 Τρία
571 2595 628 2648 δὲ
650 2597 910 2667 κριτήρια
939 2597 996 2648 ἐν
1025 2594 1466 2666 ἡμῖν’-Αἴσθησις
1486 2593 1595 2648 τῶν
1624 2593 1916 2666 αἰσθητῶνο

332 2683 490 2753 λόγος
517 2687 624 2740 τῶν
663 2687 990 2757 λεγομένων
1021 2688 1115 2740 καὶ
1145 2687 1267 2750 νοῦς
1299 2687 1410 2741 τῶν
1448 2685 1670 2757 νοητῶν.
1713 2688 1921 2739 Κατευ-

333 2774 480 2828 θύνει
500 2775 556 2829 δέ
579 2793 662 2840 τις
691 2779 886 2848 κρῖμα,
909 2777 1004 2830 καὶ
1036 2777 1186 2841 θείας
1217 2778 1437 2849 χάριτος
1457 2778 1562 2849 πρό
1600 2795 1663 2847 γε
1693 2778 1800 2832 τῶν
1830 2777 1922 2832 ἀλ-

333 2865 440 2918 λων
466 2865 666 2936 τυχών.
687 2868 852 2934 Παρὰ
868 2867 1016 2920 Θεοῦ
1041 2866 1150 2940 γὰρ
1175 2869 1485 2922 εὐθύνεται
1501 2868 1572 2922 τὰ
1592 2868 1921 2938 διαδήματα

332 2954 413 3020 τῷ
457 2955 650 3022 ἀνδρί.
697 2955 851 3008 Ἐπεὶ
879 2955 1093 3027 θνητὸς,
1122 2956 1241 3020 πῶς
1283 2956 1349 3011 ἂν
1373 2960 1562 3029 νοήσαι
1585 2958 1682 3021 τὰς
1724 2959 1919 3012 ἐαυτοῦ

330 3046 514 3112 ὁδούςς
545 3049 608 3101 Ol
644 3048 701 3101 δὲ
723 3048 917 3113 λοιποὶ,
945 3049 1147 3116 κρίσιν
1178 3050 1277 3103 καὶ
1310 3051 1605 3118 εὐθύτητα
1627 3050 1916 3116 ἐξέδωκαν,

331 3139 544 3203 οὐδενὸς
569 3140 794 3211 ἀκρίτου
824 3139 1037 3210 ἔχοντος
1062 3141 1265 3213 κρίσιν,
1301 3143 1422 3196 οὐδὲ
1457 3145 1671 3198 σκολιοῦ
1698 3145 1922 3218 εὐθύτη-

332 3250 451 3297 τας.
484 3233 594 3286 Καὶ
629 3234 769 3303 τάχα
797 3234 854 3286 αἰ
891 3235 1086 3305 ἀρεταὶ
1117 3235 1412 3306 εὐθύτητές
1439 3238 1596 3301 εἰσιν,
1621 3237 1697 3302 ὡς
1728 3239 1784 3291 αἱ
1815 3255 1919 3291 κα-

333 3326 448 3381 κίαι
474 3327 841 3396 σκολιότητες.

508 3508 657 3580 Στίχ.
686 3509 749 3562 δ’.
788 3510 913 3563 Ἵνα
937 3508 1022 3575 δῷ
1058 3508 1307 3576 ἀκάκοις
1343 3511 1733 3580 πανουργίαν.

415 3602 474 3656 Ὁ
495 3601 706 3671 ἀγνοῶν
726 3601 1057 3672 κακοηθείας
1090 3604 1211 3666 ταῖς
1239 3603 1596 3676 πανουργίαις
1626 3606 1918 3660 ὑποπίπτει

334 3693 442 3750 τῶν
490 3694 798 3766 κακοήθων,
848 3694 1011 3757 αὐτὸς
1065 3694 1267 3766 εὐήθης
1315 3695 1597 3766 ὑπάρχων.
1645 3698 1735 3762 Ὡς
1788 3699 1921 3769 περὶ

333 3785 534 3857 ψεκτοῦ
570 3785 704 3856 γοῦν
735 3785 829 3839 τοῦ
868 3786 1042 3840 κακοῦ
1074 3787 1314 3855 λέγεται·
1365 3789 1611 3856 Ἀκακος
1652 3792 1921 3846 πιστεύει

333 3879 512 3932 παντί
544 3880 725 3949 λόγῳ·
754 3879 946 3949 διόπερ
977 3879 1243 3950 ἐπήγαγε·
1286 3881 1632 3950 Πανοῦργος
1657 3880 1724 3934 δὲ
1749 3885 1918 3952 ἔρχε-

333 3988 428 4028 ται
451 3973 539 4040 είς
557 3972 900 4042 μετάνοιαν·
937 3972 1182 4026 τουτέστι
1209 3974 1339 4044 περί
1382 3966 1458 4026 ὧν
1482 3974 1766 4028 ἐπίστευσε
1789 3993 1922 4047 προ-

335 4067 514 4128 πετῶς
534 4069 805 4136 μετανοεῖ.
837 4065 947 4137 Τὴν
977 4065 1176 4119 κακίαν
1195 4065 1398 4136 ταύτην
1422 4066 1684 4136 εὐφημῶν
1705 4067 1734 4118 ὁ
1765 4067 1923 4120 Ἀπά-

335 4158 522 4222 στολος
553 4154 704 4212 εἶπεν
733 4158 1033 4230 ἁπλότητα,
1075 4157 1271 4227 λέγων·
1300 4158 1615 4228 Φοϐοῦμαι,
1649 4158 1734 4227 μή
1773 4175 1918 4224 πως,

333 4249 415 4315 ὡς
433 4249 568 4318 ὄφις
587 4249 975 4318 ἐξηπάτησεν
996 4250 1164 4304 Εὔαν
1181 4250 1251 4303 ἐν
1271 4247 1346 4317 τῇ
1366 4251 1695 4318 πανουργίᾳ
1712 4248 1918 4314 αὐτοῦ,

335 4341 522 4408 οὕτως
548 4341 746 4411 φθαρῇ
763 4342 832 4397 τὰ
846 4342 1116 4412 νοήματα
1137 4341 1303 4412 ὑμῶν
1317 4343 1436 4397 ἀπὸ
1456 4340 1564 4409 τῆς
1585 4342 1922 4410 ἁπλότητος

334 4432 445 4501 τῆς
465 4436 552 4500 εις
592 4433 700 4487 τὸν
741 4436 1021 4502 Χριστόν.
1056 4436 1148 4488 Δεῖ
1183 4432 1298 4498 οὖν,
1334 4434 1774 4506 φυλαττομένους
1821 4433 1920 4505 τὴν
1952 4465 1996 4520 D

333 4524 428 4579 τοῦ
460 4524 698 4597 πονηροῦ
728 4526 1083 4596 πανουργίαν,
1119 4525 1366 4596 γίνεσθαι
1406 4526 1528 4580 καθ’
1559 4527 1784 4590 ἑαυτοὺς
1820 4527 1918 4597 μὲν

335 4615 627 4688 ἀκεραίους
640 4615 716 4679 ὡς
747 4618 802 4670 αἰ
829 4617 1172 4688 περιστεραὶ,
1193 4618 1330 4688 πρὸς
1357 4617 1414 4670 δέ
1441 4617 1512 4671 τά
1543 4617 1921 4671 ἐπιϐουλεύον-

334 4723 406 4762 τα
431 4708 683 4780 φρόνιμοι
711 4707 789 4772 ὡς
820 4709 870 4761 οἰ
922 4707 1094 4777 ὄφεις.
1144 4708 1225 4776 Τῇ
1252 4709 1362 4781 γὰρ
1396 4709 1593 4776 κακίᾳ,
1623 4708 1776 4780 φησὶ,
1815 4725 1920 4777 νη-

337 4799 582 4863 πιάζετε,
636 4801 769 4866 ταῖς
812 4799 882 4853 δὲ
927 4800 1128 4870 φρεσὶ,
1165 4802 1405 4871 γίνεσθε
1439 4801 1674 4855 τέλειοι.
1723 4801 1788 4853 Ἦ
1817 4818 1921 4854 κα-

338 4891 432 4944 κία
460 4891 570 4961 (97)
599 4886 690 4944 οὖν
715 4891 889 4962 διττήο
919 4889 1094 4961 ψεκτὴ
1127 4891 1245 4961 μὲν,
1281 4890 1356 4953 ὼς
1395 4889 1629 4962 εἴρηταιο
1663 4887 1920 4958 ἐπαινετὴ

335 4985 412 5053 δὲ,
440 4984 535 5048 ὡς’
583 4983 731 5056 Ἐγὼ
760 4983 1065 5050 ὲνάκακίᾳ
1083 5001 1204 5053 μου
1242 4983 1598 5052 ἐπορεύθην.

410 5076 557 5147 Στίχ.
592 5082 652 5128 ε’.
711 5075 766 5128 Ὁ
798 5074 865 5128 δὲ
891 5073 1132 5144 νοήμων
1153 5073 1849 5150 κυϐέρνησινᾱκτήσεται.

413 5168 524 5241 (98)
557 5167 837 5239 Ἐπείπερ,
859 5165 1014 5234 λόγον
1040 5164 1202 5233 σοφὸν
1225 5163 1318 5217 ἐὰν
1343 5163 1554 5238 ἀκούσῃ
1581 5164 1921 5236 ἐπιστήμων,

339 5261 544 5316 αἰνέσει
576 5257 758 5324 αὑτὸν,
786 5257 881 5311 καὶ
915 5257 1001 5310 ἐπ’
1028 5255 1190 5309 αὑτὸν
1222 5255 1545 5327 προσθήσει.
1589 5256 1646 5310 Ὁ
1683 5256 1740 5308 δὲ
1774 5255 1925 5324 γενό-

345 5369 504 5426 μενος
546 5351 763 5422 νοὴμων
801 5349 863 5402 τὸ
893 5348 1078 5402 λοιπὺν
1116 5347 1416 5420 προσθήσει
1462 5348 1604 5402 κατά
1642 5365 1702 5401 τε
1731 5347 1929 5420 πρᾶξιν

411 5445 458 5476 ⁸⁸
477 5443 619 5517 Psal.
653 5458 804 5517 xxxi.
843 5443 898 5517 5.
971 5444 1015 5474 ³⁷
1049 5443 1193 5517 Psal.
1234 5457 1288 5509 x,
1323 5444 1378 5497 8.
1451 5443 1500 5475 ³⁸
1523 5443 1682 5499 Prov.
1718 5461 1783 5497 xx
1807 5484 1822 5509 ,
1857 5443 1924 5497 24

2048 5444 2432 5511 Prov.xiv,15.
2463 5444 2508 5476 ³ο
2554 5445 2688 5500 ibid.
2765 5444 2807 5476 ³¹
2844 5445 2885 5499 ll
2934 5446 3062 5506 Cor.
3089 5465 3168 5517 ιι,
3199 5450 3254 5505 5.

343 5531 455 5580 xlv,
505 5516 595 5568 20.
673 5513 717 5544 ³³
754 5511 898 5567 Psal.
925 5529 1050 5574 xxv,
1077 5514 1165 5566 11.

413 5608 529 5679 (95)
563 5607 761 5662 Eadem
792 5623 962 5677 usque
989 5609 1056 5663 ad
1091 5603 1404 5678 sequentem
1435 5619 1580 5662 vers.
1624 5613 1924 5664 occurrunt

345 5687 400 5734 et
432 5681 484 5731 in
507 5682 630 5733 cod.
659 5693 793 5731 xxtt.

416 5751 528 5819 (96)
558 5749 613 5803 In
643 5750 764 5803 cod.
801 5761 911 5800 χχιι
937 5787 947 5811 ,
972 5743 1058 5814 ἦν.

2027 1851 2208 1921 imago
2240 1853 2462 1908 cuilibet
2487 1853 2760 1924 justorum
2791 1855 2955 1921 inest,
2987 1867 3042 1912 et
3071 1860 3296 1928 reSpicit
3331 1860 3604 1914 Christum

2025 1953 2285 2014 tanquam
2311 1945 2606 2015 exemplar,
2637 1948 2702 2002 de
2727 1963 2830 2017 qua
2857 1947 2984 2003 illud
3010 1949 3272 2020 scriptmn
3308 1951 3472 2006 fuisse
3503 1969 3605 2022 pu-

2025 2041 2083 2085 to
2111 2051 2122 2083 :
2153 2031 2343 2088 Justus
2369 2035 2652 2102 Dominus,
2686 2048 2731 2091 et
2757 2037 3002 2106 justitias
3051 2039 3237 2094 dilexit
3264 2041 3330 2094 ’⁷.
3374 2041 3602 2096 Contra-

2023 2126 2375 2196 distinguitur
2400 2129 2564 2183 etiam
2601 2146 2630 2184 a
2672 2133 2968 2200 symbolica
2996 2131 3241 2201 iustitia;
3269 2134 3436 2188 multa
3460 2138 3605 2192 enim

2021 2227 2178 2271 erant
2209 2220 2263 2273 in
2305 2219 2423 2290 lege
2456 2221 2700 2276 veritatis
2725 2225 3006 2294 symbols;
3054 2225 3182 2295 quin
3214 2237 3268 2280 et
3299 2243 3328 2280 a
3373 2227 3503 2281 falsa
3528 2228 3610 2296 ju-

2022 2307 2190 2362 stitia.
2243 2307 2401 2363 Juxta
2440 2321 2619 2366 tamen
2656 2311 2980 2367 Hebraicum
3032 2325 3085 2369 et
3131 2315 3267 2370 alios
3299 2332 3403 2371 non
3454 2317 3608 2372 adest

2022 2399 2153 2456 illud
2202 2417 2402 2466 veram,
2451 2404 2648 2474 quippe
2689 2420 2794 2459 non
2849 2408 3181 2478 suscipiente
3219 2411 3607 2465 contradictio-

2020 2509 2142 2549 nem
2160 2493 2391 2561 iustitia.

2092 2587 2312 2658 Triplex
2342 2599 2426 2644 est
2460 2587 2512 2642 in
2561 2588 2718 2644 nobis
2758 2588 3043 2659 iudicandi
3094 2590 3323 2661 facultas
3360 2609 3375 2646 :
3416 2595 3608 2650 sensus

2023 2696 2121 2750 pro
2171 2682 2556 2746 sensibilibus;
2593 2683 2735 2737 ratio
2777 2699 2874 2753 pro
2935 2683 3002 2737 iis
3049 2699 3168 2754 qua:
3223 2686 3505 2752 dicuntur;
3554 2699 3609 2742 et

2026 2788 2179 2830 mens
2217 2790 2314 2844 pro
2361 2775 2816 2846 intelligibilibus.
2853 2775 3047 2846 Dirigit
3099 2790 3276 2832 autem
3309 2779 3432 2848 quis
3458 2780 3606 2848 judi-

2022 2870 2166 2923 cium
2195 2909 2211 2934 ,
2260 2869 2426 2923 etiam
2477 2871 2656 2924 divina
2698 2869 2868 2939 gratia
2917 2885 3028 2939 prae
3067 2873 3280 2925 caneris
3311 2874 3353 2926 si
3387 2888 3606 2942 compos

2023 2960 2138 3014 ﬁat.
2162 2960 2203 3012 A
2235 2959 2346 3014 Deo
2379 2961 2522 3014 enim
2553 2960 2858 3030 diriguntur
2885 2979 3090 3031 gressus
3125 2962 3350 3015 hominis
3376 2964 3442 3018 ’⁸.
3473 2963 3605 3018 Cum

2023 3053 2167 3107 enim
2207 3053 2456 3107 mortalis
2495 3054 2586 3116 sit,
2620 3055 2891 3124 quomodo
2922 3055 3222 3120 intelligere
3273 3067 3457 3123 posset
3493 3057 3606 3110 vias

2023 3158 2151 3198 suas
2178 3142 2202 3196 ἰ
2233 3142 2446 3213 Reliqui
2483 3159 2612 3199 vero
2635 3145 2900 3213 judicium
2924 3155 2971 3200 et
3018 3147 3388 3200 rectitudinem
3420 3148 3605 3202 edide-
3656 3195 3660 3198 .

2023 3245 2168 3301 runt,
2197 3251 2319 3291 cum
2353 3252 2512 3290 nemo
2560 3237 2890 3292 indiscretus
2934 3237 3202 3307 judicium
3252 3240 3473 3305 habeat,
3507 3256 3608 3296 nec

2022 3312 2308 3399 perversus
2335 3329 2711 3384 rectitudiues.
2747 3327 2813 3382 Et
2843 3331 3067 3384 omnino
3095 3333 3323 3386 virtutes
3363 3342 3490 3386 sunt
3519 3345 3611 3388 re-

2021 3421 2332 3485 ctitudines,
2357 3421 2817 3490 quemadmodum
2862 3421 2992 3475 vitia
3021 3423 3389 3492 obliquitates.

2293 3511 2354 3566 ν.
2390 3511 2445 3569 4.
2480 3511 2546 3566 Ut
2587 3513 2670 3566 det
2705 3514 3031 3582 simplicibus
3067 3515 3339 3568 astutiam.

2091 3602 2193 3670 Qui
2231 3604 2438 3675 ignorat
2465 3620 2658 3675 pravos
2686 3620 2887 3669 mores,
2917 3604 3130 3660 astutiis
3147 3605 3451 3660 succumbit
3477 3620 3602 3675 pra-

2023 3713 2234 3763 vorum,
2268 3714 2390 3753 cum
2449 3699 2564 3768 ipse
2603 3701 2833 3770 simplex
2874 3707 2928 3753 et
2959 3698 3160 3768 probus
3195 3699 3287 3756 sit.
3334 3699 3408 3753 De
3463 3699 3607 3755 malo

2023 3789 2208 3859 igitur,
2238 3800 2492 3860 tanquam
2525 3791 3111 3862 vituperabili,dicitur
3142 3807 3155 3844 :
3189 3789 3422 3860 Simplex
3440 3793 3608 3848 credit

2022 3884 2164 3936 omni
2195 3885 2422 3938 sermoni
2447 3884 2512 3936 η.
2537 3883 2832 3953 Propterea
2872 3882 3153 3949 subiunxit
3188 3900 3203 3936 :
3245 3881 3402 3952 ναίει·
3429 3899 3607 3939 autem

2021 3980 2158 4033 venit
2193 3978 2246 4029 in
2275 3974 2717 4045 pmnitentiam”,
2751 3975 2854 4029 hoc
2881 3983 3229 4043 est,quorum
3261 3983 3461 4028 temere
3486 3990 3606 4029 cre-

2023 4071 2159 4124 didit
2211 4084 2336 4124 eum
2380 4068 2630 4137 paenitet.
2683 4065 2836 4121 lianc
2893 4066 3216 4134 pravitatem
3262 4081 3360 4133 per
3404 4067 3608 4133 caphe-

2025 4159 2187 4212 miam
2211 4157 2503 4229 Apostolus
2539 4157 2676 4212 dixit
2700 4156 3136 4226 simplicitatem,
3169 4156 3423 4225 inquiens
3453 4175 3466 4208 :
3511 4154 3609 4212 ῑέ-

2025 4267 2143 4304 reor
2169 4267 2231 4304 ne
2253 4290 2268 4313 ,
2293 4250 2429 4302 sicut
2468 4264 2679 4316 serpens
2725 4249 2924 4317 decepit
2959 4248 3126 4302 Evam
3165 4249 3220 4301 in
3257 4250 3453 4301 astutia
3485 4265 3604 4314 sua,

2023 4342 2098 4393 sic
2126 4347 2533 4408 corrumpantur
2574 4341 2802 4410 cogitata
2841 4351 3010 4394 vestra
3041 4356 3074 4393 a
3118 4339 3450 4407 simplicitate
3489 4357 3609 4410 qua:

2025 4441 2097 4484 est
2125 4430 2180 4484 in
2203 4426 2469 4483 Christum
2487 4428 2552 4483 ³¹.
2569 4429 2793 4498 Oportet
2811 4429 2996 4500 igitur,
3022 4437 3081 4483 ut
3109 4439 3363 4484 caventes
3386 4445 3417 4484 a
3452 4430 3609 4484 mali-

2025 4522 2112 4592 gni
2151 4522 2374 4587 astutia,
2403 4521 2573 4577 simus
2604 4522 2656 4576 in
2688 4521 2843 4576 nobis
2875 4521 3190 4576 innocentes
3218 4531 3276 4576 ut
3307 4521 3604 4586 columbm;

2022 4627 2214 4669 contra
2243 4629 2306 4668 ea
2340 4628 2471 4667 vero
2516 4629 2636 4683 qua:
2688 4613 2922 4668 insidias
2963 4622 3202 4679 struunt,
3230 4611 3520 4682 prudentes
3549 4622 3610 4667 ut

2021 4712 2322 4773 serpentes.
2340 4701 2551 4756 Malitia
2576 4705 2743 4767 enim,
2760 4703 2955 4773 inquit,
2971 4704 3287 4772 puerascite,
3303 4714 3471 4757 mente
3489 4720 3608 4758 vero

2022 4803 2182 4848 estote
2218 4793 2436 4863 perfecti
2463 4794 2528 4848 ".
2560 4793 2876 4850 lnnocentia
2925 4795 3090 4865 igitur
3130 4793 3328 4863 duplex
3357 4805 3446 4850 est
3476 4814 3490 4849 :
3528 4796 3611 4848 vi-

2029 4885 2376 4954 tuperabilis,
2398 4895 2458 4940 ut
2496 4887 2698 4942 dictum
2727 4897 2829 4952 est,
2857 4895 2914 4940 et
2953 4887 3265 4955 laudabilis,
3292 4896 3350 4941 ut
3379 4901 3396 4942 :
3420 4886 3532 4958 Ego
3555 4886 3611 4940 ir.

2021 4977 2319 5031 innocentia
2349 4994 2462 5032 mea
2483 4979 2711 5048 processi
2727 4979 2791 5032 ³³.

2029 5067 2092 5121 ν.
2131 5067 2182 5123 5.
2210 5069 2314 5136 Qui
2336 5080 2508 5123 autem
2536 5069 2806 5140 intelligit,
2845 5071 3276 5141 gubernationem
3303 5071 3612 5142 possidebit.

2094 5160 2230 5215 Nam
2263 5161 2307 5215 si
2335 5175 2640 5216 sermonem
2663 5165 2962 5232 sapientem
2994 5165 3224 5218 audierit
3250 5164 3294 5220 is
3316 5166 3406 5234 qui
3429 5167 3612 5219 scien-

2027 5253 2098 5306 tia
2139 5253 2399 5322 przeditus
2429 5262 2533 5318 est,
2560 5254 2800 5309 laudabit
2840 5254 3105 5320 illum,et
3148 5258 3218 5314 ad
3257 5256 3410 5310 illum
3459 5257 3613 5326 adji-

2035 5347 2161 5400 ciet.
2192 5346 2258 5401 Et
2280 5346 2371 5417 qui
2407 5347 2710 5418 intelligens
2737 5347 2962 5404 eliectus
2985 5360 3088 5415 est,
3111 5350 3367 5422 deinceps
3392 5351 3614 5418 adjiciet

3351 5447 3398 5480 "
3427 5447 3446 5503 Ι
3478 5448 3610 5506 Cor.

2100 5605 2213 5675 (97)
2265 5607 2514 5662 Ἀκακία.

2103 5676 2215 5750 (98)
2252 5679 2398 5736 Idem
2435 5689 2489 5734 et
2517 5677 2572 5735 in
2605 5679 2727 5736 cod.
2753 5695 2886 5736 χιιι.
