4186 6424
543 324 648 386 155

1429 305 1993 370 SUPPLEMENTUM
2030 300 2122 360 AD
2157 301 2485 361 ORIGENIS
2518 303 2928 363 EXEGETICA.

3688 303 3790 359 13:6

537 447 692 517 juxta
717 439 932 512 praxim
959 444 1015 493 et
1038 430 1331 503 thenriam,
1359 432 1506 488 unde
1530 441 1680 488 recta
1711 434 2115 498 consequantur

2242 422 2307 475 uti
2329 421 2581 492 θεωρίαν,
2621 420 2763 476 ὥστε
2808 422 2901 477 τὸν
2929 419 3082 494 παρὰ
3108 420 3279 476 ταῦτα
3324 418 3552 474 πλοῦτον
3593 437 3790 474 κατειρ-

541 551 667 607 quae
695 535 821 590 hinc
845 528 1173 601 proveniunt
1197 526 1417 582 divitiae.
1449 524 1611 579 Deest
1652 532 1835 577 autem
1864 519 2114 575 humana:

543 629 708 683 menti
734 624 976 681 divinum
1005 618 1273 690 regimen,
1297 616 1439 687 quod
1474 615 1682 670 habens
1714 611 2020 682 intelligens
2051 621 2116 662 ac

542 716 804 788 praeterea
837 712 1089 782 sapiens,
1123 725 1230 764 non
1283 708 1520 779 patietur
1572 705 1774 775 aliquid
1809 703 1989 758 triste.
2019 697 2117 753 Vir

546 805 852 876 huiusmodi
881 804 1017 859 scite
1045 802 1310 872 navigans
1341 801 1406 853 ad
1433 798 1621 861 Deum,
1656 796 1721 850 ad
1755 802 1966 865 portum
1993 806 2120 863 per-

545 900 731 956 veniet
759 894 1057 952 voluntatis
1095 893 1231 961 ejus.
1256 894 1327 947 At
1354 891 1445 962 qui
1493 888 1807 958 huiusmodi
1864 902 1972 943 non
2011 893 2117 947 est,

547 993 634 1047 vel
655 990 800 1046 circa
840 988 999 1042 ﬁdem
1048 984 1391 1054 naufragium
1425 981 1611 1047 faciet,
1634 979 1718 1035 vel
1754 980 1901 1035 circa
1945 990 2116 1046 spem,

550 1080 636 1135 vel
688 1080 834 1134 circa
892 1075 1248 1136 cbaritatem,
1286 1080 1378 1125 aut
1422 1070 1656 1139 aliquam
1694 1082 1760 1123 ex
1808 1065 2117 1120 virtutibus.

552 1171 619 1225 Et
651 1168 741 1238 qui
775 1167 921 1222 circa
971 1163 1093 1219 illas
1126 1163 1468 1232 naufragium
1506 1160 1669 1223 fecit,
1704 1158 1902 1212 merito
1947 1163 2124 1226 potest

552 1259 733 1312 dicere
768 1274 785 1311 :
829 1253 956 1308 Veni
1005 1255 1061 1307 in
1111 1253 1505 1322 profunditates
1539 1250 1723 1312 maris,
1763 1257 1810 1303 et
1862 1247 2012 1301 turbo
2036 1249 2126 1301 de-

555 1348 735 1401 mersit
769 1362 851 1400 me
881 1346 947 1399 ³⁸.
976 1344 1042 1399 Et
1069 1354 1286 1411 oportet
1316 1357 1533 1413 semper
1557 1342 1741 1397 dicere
1769 1356 1784 1392 :
1816 1339 2034 1409 Eripiar
2060 1338 2124 1393 ab

555 1438 795 1493 osoribus
819 1437 966 1499 meis,
987 1436 1121 1490 etde
1140 1434 1418 1504 profundis
1451 1447 1707 1501 aquarum
1720 1430 1789 1483 ³³.

1206 1525 1478 1609 Ejusdem.

565 1619 630 1675 V.
692 1619 748 1674 5.
803 1618 905 1686 Qui
933 1627 1110 1673 autem
1141 1617 1408 1684 intelligit,
1446 1615 1643 1686 inquit,
1697 1614 2129 1686 gubernationem

1191 1688 1498 1755 possidebit.

2220 513 2396 568 θῦναι.
2426 513 2615 568 Λείπει
2636 514 2694 568 δὲ
2718 514 2796 585 τῷ
2819 513 3142 585 ἀνθρωπίνῳ
3169 512 3245 584 νῷ
3269 514 3303 585 ἡ
3343 511 3497 584 παρὰ
3521 511 3657 566 Θεοῦ
3696 530 3794 566 κυδ

2220 602 2496 673 ϐέρνησις,
2543 605 2608 674 ἦν
2635 602 2774 674 ἔχων
2815 605 2846 656 ὁ
2884 603 3101 673 νοήμων
3124 602 3217 655 καὶ
3270 601 3495 673 προσέτι
3542 601 3704 672 σοφὸς
3727 603 3791 656 οὐ

2221 694 2467 749 πείσεταί
2513 712 2567 748 τι
2600 694 2791 749 δεινόν.
2835 694 2894 748 Ὀ
2918 692 3154 759 τοιοῦτος
3204 693 3381 749 πλέων
3414 696 3795 767 ἐπιστημόνως

2222 788 2358 859 πρὸς
2376 788 2466 841 τὸν
2498 787 2651 852 Θεὸν,
2676 787 2767 840 ἐπὶ
2793 785 2886 841 τὸν
2912 785 3107 857 λιμένα
3132 785 3325 858 φθάσει
3368 787 3462 841 τοῦ
3490 787 3795 862 θελήματος

2223 879 2408 934 αὐτοῦ.
2447 879 2507 932 '0
2544 878 2602 933 δὲ
2636 878 2710 950 μὴ
2729 877 2966 942 τοιοῦτος
3000 878 3186 951 ἢπερὶ
3218 878 3315 949 τὴν
3342 877 3523 933 πίστιν
3550 879 3793 951 ναυαγή-

2226 989 2330 1035 σει,
2356 971 2390 1044 ἢ
2415 971 2543 1043 περὶ
2565 970 2664 1043 τὴν
2695 970 2901 1035 ἐλπίδα,
2937 971 2971 1042 ἦ
3020 970 3151 1041 περὶ
3190 970 3291 1042 τὴν
3324 971 3566 1041 ἀγάπην,
3605 970 3640 1042 ἧ
3672 988 3798 1027 τινα

2224 1063 2331 1119 τῶν
2360 1063 2589 1137 ἀρετῶν.
2637 1063 2697 1116 ’0
2741 1063 2797 1117 δὲ
2828 1061 2958 1135 περὶ
2983 1061 3182 1125 ταύτας
3216 1063 3528 1134 ναυαγήσας
3574 1062 3800 1127 είκότως

2229 1155 2295 1209 ἂν
2321 1154 2491 1223 λέγοιο
2533 1150 2758 1211 Ἦλθον
2798 1156 2885 1220 εἷς
2910 1152 2981 1207 τὰ
3003 1152 3167 1221 ,βάθη
3193 1153 3303 1222 τῆς
3330 1153 3667 1222 θαλάσσης,
3698 1156 3795 1208 καί

2229 1246 2496 1315 καταιγὶς
2520 1241 2913 1298 κατεπόντισέ
2931 1260 3027 1313 με.
3052 1246 3163 1298 Καὶ
3179 1243 3262 1296 δεῖ
3289 1242 3468 1312 λέγειν
3509 1245 3615 1297 άεί·
3675 1244 3801 1297 Ῥυ-

2229 1338 2446 1406 σθείην
2469 1337 2539 1390 ἐκ
2570 1335 2688 1389 τῶν
2714 1336 3056 1406 μισούντων
3075 1352 3171 1406 με,
3200 1335 3297 1389 καί
3327 1336 3396 1389 ἐκ
3426 1334 3544 1391 τῶν
3563 1334 3803 1401 ,ϐαθέων

2229 1424 2349 1480 τῶν
2391 1425 2643 1481 ὑδάτων.

2856 1519 2965 1574 Τοῦ
2991 1520 3197 1573 αὐτοῦ.

2233 1609 2383 1681 Στίχ.
2411 1616 2475 1663 ε’.
2514 1609 2569 1663 '0
2605 1608 2674 1665 δὲ
2705 1610 2966 1681 νοήμων,
3003 1612 3156 1683 φησὶ,
3191 1610 3556 1681 κυϐέρνησιν
3588 1609 3803 1679 κτήσε-

2960 1698 3053 1738 ται
3061 1725 3073 1737 .

568 1778 626 1834 ν.
653 1778 707 1835 ϐ.
726 1778 1086 1850 Intelligetque
1102 1778 1431 1846 parabolam,
1454 1787 1502 1832 et
1521 1776 1799 1831 obscurum
1820 1789 2128 1830 sermonem.

2242 1774 2379 1845 Στίχ.
2432 1779 2507 1839 ς’.
2572 1774 2799 1840 Νοήσει
2849 1790 2916 1828 τε
2956 1772 3311 1850 παραϐολὴν
3349 1771 3447 1827 καὶ
3489 1772 3808 1827 σκοτεινὸν

634 1934 947 2004 Spiritualia
1000 1935 1148 1991 enim
1193 1932 1566 2003 spiritualibus
1635 1941 2013 2001 comparantur
2068 1930 2133 1984 “.

561 2024 828 2082 Animalis
852 2035 1024 2080 autem
1049 2029 1203 2079 homo
1239 2042 1343 2078 non
1368 2025 1582 2092 suscipit
1606 2040 1667 2078 ea
1700 2039 1817 2094 quis
1837 2034 1957 2078 sunt
1984 2022 2139 2091 spiri-

563 2129 647 2173 tus
687 2118 1070 2174 Dei:stultitia
1102 2118 1243 2172 enim
1281 2127 1361 2172 est
1394 2118 1496 2187 ipsi
1519 2117 1585 2181 ³⁷,
1625 2116 1971 2184 Quacunqne
1991 2116 2138 2170 enim

564 2223 664 2279 per
736 2209 1025 2279 parabolas
1092 2219 1147 2263 et
1218 2209 1484 2265 obscuros
1553 2222 1836 2263 sermones
1905 2205 2141 2276 Spiritus

564 2309 787 2356 sanctus
824 2316 924 2369 per
954 2301 1249 2371 pr0phetas
1282 2299 1494 2355 locutus
1518 2310 1620 2363 est,
1655 2313 1717 2353 ea
1745 2298 1811 2353 iis
1841 2297 1935 2368 qui
1969 2299 2142 2368 parti-

568 2393 757 2463 cipant
789 2399 844 2447 et
873 2391 1281 2446 communicant
1309 2390 1534 2460 Spiritui
1573 2398 1763 2445 sancto
1806 2386 1963 2442 facile
2002 2386 2140 2441 ﬁunt

566 2492 716 2550 nota,
756 2498 879 2537 cum
907 2482 978 2537 ab
1019 2482 1209 2537 eodem
1245 2480 1455 2550 Spiritu
1489 2480 1580 2535 illa
1631 2478 1978 2535 edoceantur.
2037 2475 2141 2542 Qui

568 2576 715 2630 enim
748 2576 988 2646 signatus
1019 2590 1122 2628 non
1169 2581 1249 2628 est
1287 2584 1341 2628 et
1380 2572 1644 2644 regimine
1678 2579 1834 2627 caret
1862 2608 1882 2635 ,
1929 2569 2143 2624 divinas

569 2665 882 2735 Scripturas
915 2664 1213 2735 intelligere
1240 2680 1347 2718 non
1378 2663 1545 2717 valet.

674 2754 744 2810 ν.
805 2756 860 2809 7.
899 2752 1232 2823 Principium
1262 2751 1557 2823 sapientiat.
1605 2752 1762 2805 timor
1804 2750 2037 2806 Domini.

639 2846 902 2915 Principii
939 2862 1135 2902 nomen
1176 2845 1418 2900 declarat
1445 2856 1498 2902 et
1525 2844 1799 2907 ducatum,
1827 2850 1887 2896 ut
1920 2842 1973 2897 in
2007 2839 2098 2895 illo
2126 2857 2142 2895 :

573 2934 704 2990 Cum
727 2934 941 3004 justitia
967 2946 1298 3005 prwparatur
1323 2935 1538 2989 thronus
1560 2935 1808 3004 principii
1832 2933 1875 2965 ³⁸
1905 2949 1919 2985 :
1971 2943 2027 2987 ct
2048 2948 2145 2987 ru-

2932 1847 3143 1914 λόγον.

2304 1933 2684 2004 Πνευματικά
2745 1932 2856 2002 γὰρ
2910 1931 3335 2001 πνευματικοῖς
3400 1933 3803 2002 συγκρίνεται.

2243 2027 2507 2097 Ψυχικύς
2534 2026 2602 2080 δὲ
2627 2025 2934 2094 ἄνθρωπος
2956 2026 3031 2079 οὐ
3059 2023 3293 2093 δέχεται
3319 2024 3389 2079 τὰ
3408 2024 3517 2077 τοῦ
3549 2025 3810 2093 πνεύμα-

2235 2136 2339 2185 τος
2369 2117 2474 2172 τοῦ
2516 2116 2691 2171 Θεοῦ·
2723 2116 2913 2187 μωρία
2953 2115 3064 2186 γὰρ
3097 2116 3259 2180 αὑτῷ
3298 2117 3493 2171 ἐστιν.
3528 2116 3670 2170 Ὅσα
3701 2115 3815 2187 γὰρ

2235 2207 2324 2262 διὰ
2348 2207 2668 2280 παραϐολῶν
2690 2207 2788 2267 καὶ
2818 2206 3109 2261 σκοτεινῶν
3128 2207 3303 2276 λόγων
3325 2208 3386 2260 τὸ
3413 2208 3567 2276 ἅγιον
3586 2207 3812 2277 Πνεῦμα

2236 2301 2323 2355 διὰ
2359 2301 2468 2354 τῶν
2492 2301 2787 2372 προφητῶν
2815 2300 3068 2371 ὲλάλησε,
3102 2300 3276 2355 ταῦτα
3307 2301 3418 2365 τοῖς
3451 2301 3700 2371 μετόχοις
3718 2300 3815 2354 καὶ

2239 2395 2513 2456 κοινωνοῖς
2547 2392 2642 2446 τοῦ
2678 2394 2836 2461 ἁγίου
2875 2393 3192 2464 Πνεῦματος
3245 2392 3528 2461 εῦγνωστα
3566 2393 3810 2462 γίνεται,

2241 2484 2331 2536 ὑπ’
2364 2482 2527 2536 αὐτοῦ
2570 2484 2665 2537 τοῦ
2707 2484 3024 2556 Πνεύματος
3067 2485 3515 2555 ὲκδιδασκόμενα.
3572 2486 3814 2557 ’Δσφρά-

2240 2593 2424 2646 γιστος
2460 2577 2569 2650 γάρ
2611 2577 2709 2632 καὶ
2743 2577 3112 2650 ἀκυϐέρνητος
3134 2577 3234 2642 τὰς
3261 2577 3411 2643 θείας
3441 2577 3666 2650 Γραφὰς
3691 2579 3814 2632 ἑπι-

2240 2667 2442 2735 γνῶναι
2465 2669 2526 2721 οὐ
2560 2668 2802 2723 δύναται.

2417 2760 2566 2830 Στίχ.
2601 2761 2663 2825 ζ’.
2706 2759 2885 2829 ’Δρχὴ
2917 2761 3159 2831 σοφίας,
3188 2763 3372 2831 φόϐος
3396 2762 3638 2829 Κυρίου.

2314 2851 2388 2905 Τὸ
2415 2852 2516 2921 τῆς
2545 2852 2719 2923 ἀρχῆς
2749 2853 2922 2925 ὄνομα
2948 2853 3099 2924 δηλοῖ
3126 2854 3221 2907 καὶ
3243 2853 3342 2922 τὴν
3374 2853 3697 2925 ἠγεμονίαν,
3739 2853 3819 2917 ὡς

2244 2943 2300 2997 ὲν
2324 2942 2430 3013 τῷ’
2472 2944 2630 2998 Μετὰ
2652 2944 3050 3012 δικαιοσύνης
3085 2944 3445 3015 trnquith
3475 2947 3689 3013 θρόνος
3715 2947 3818 3013 ἁρ-

577 3027 817 3081 dimenta
851 3025 1084 3092 alicujus
1114 3026 1399 3092 doctrinae,
1440 3035 1498 3079 ut
1541 3027 1594 3080 in
1633 3025 1725 3080 illo
1763 3044 1776 3080 :
1812 3023 2140 3093 Principium

2249 3033 2362 3104 »ἧς
2388 3052 2401 3065 ·
2436 3036 2532 3090 καὶ
2567 3036 2668 3107 τήν
2704 3053 2849 3100 τινος
2885 3036 3231 3100 διδασκαλίας
3269 3036 3600 3107 εἰσαγωγήν.
3635 3035 3724 3100 Ὠς
3758 3038 3821 3089 ὲν

573 3117 672 3171 vite
699 3119 865 3181 bonte,
897 3117 1074 3185 facere
1097 3132 1216 3186 qua:
1244 3117 1398 3186 justa
1443 3127 1565 3172 sunt
1595 3117 1662 3184 ³⁸,
1704 3118 1756 3173 id
1790 3127 1875 3173 est
1909 3118 2136 3173 moralia

2242 3127 2335 3199 τῷ·
2368 3127 2537 3197 Ἀρχὴ
2569 3127 2713 3182 ὀδοῦ
2736 3126 2984 3197 ἀγαθῆς,
3007 3127 3199 3182 ποιεῖν
3218 3129 3291 3181 τὰ
3316 3126 3535 3189 δίκαια,
3574 3127 3821 3181 τουτέστι

576 3208 920 3262 documenta.
961 3204 1110 3259 Viam
1159 3217 1339 3259 autem
1396 3207 1592 3263 bonam
1650 3206 1820 3272 dicit,
1880 3207 2144 3262 theoriam

573 3304 696 3362 quae
728 3291 795 3345 ad
822 3290 1146 3360 sapientiam
1186 3289 1357 3345 ducit.
1408 3288 1739 3359 Principium
1781 3298 1865 3344 est
1930 3304 2150 3361 quoque

576 3398 742 3439 causa
788 3381 1017 3451 alicujus
1059 3381 1414 3443 exsistentiaa,
1478 3387 1538 3435 ut
1585 3381 1639 3435 in
1704 3379 1796 3435 illo
1829 3395 1843 3432 :
1871 3378 1984 3451 Ego
2034 3397 2150 3435 sunt

576 3473 897 3542 principium
931 3484 980 3525 et
1004 3470 1130 3539 ﬁnis
1156 3472 1202 3503 “
1234 3470 1598 3541 :principium
1627 3468 1867 3539 quidem,
1897 3479 2150 3538 tanquam

578 3565 673 3633 qui
707 3578 831 3619 esse
852 3564 1068 3631 tribuit;
1093 3562 1217 3617 ﬁnis
1240 3575 1394 3627 vero,
1416 3571 1473 3617 ut
1496 3561 1844 3631 perfectionis
1867 3562 2149 3617 motivum.

584 3655 697 3710 Hoc
726 3656 892 3726 igitur
937 3654 1056 3709 loco
1089 3653 1417 3724 principium
1510 3663 1595 3708 est
1628 3652 1875 3709 doctrina
1906 3654 2154 3708 introdu-

581 3759 712 3800 cens
740 3747 807 3799 ad
850 3744 1194 3814 sapientiam,
1227 3744 1380 3815 juxta
1418 3744 1511 3798 Dei
1540 3743 1792 3801 timorem
1825 3744 2151 3800 consistens.

585 3833 773 3891 Timor
796 3835 940 3890 enim
972 3834 1063 3904 qui
1093 3835 1276 3904 passio
1313 3834 1532 3904 quidem
1560 3833 1634 3889 sit
1660 3875 1677 3901 ,
1720 3844 1805 3891 est
1828 3835 2154 3891 infortunio-

584 3942 704 3983 rum
724 3927 1079 3998 exspectatio.
1111 3926 1211 3994 Qui
1242 3935 1373 3982 sunt
1399 3926 1454 3981 in
1482 3926 1682 3982 timore
1713 3918 1922 3997 potum,
1949 3928 2154 3983 evitant

581 4017 931 4089 pravitatem.
952 4015 1138 4086 Neque
1162 4017 1305 4071 hunc
1335 4018 1553 4087 pr0prie
1581 4017 1674 4073 Dei
1706 4018 1952 4072 timorem
1972 4017 2157 4088 appel-

584 4109 699 4164 lare
727 4117 982 4179 oportet,
1014 4109 1118 4164 etsi
1176 4107 1339 4163 afﬁcit
1387 4118 1671 4163 metuentes
1711 4125 1829 4163 eum
1860 4109 1951 4180 qui
1988 4116 2156 4178 potest

583 4210 634 4255 et
664 4201 900 4254 animum
940 4210 989 4255 et
1012 4215 1202 4269 corpus
1238 4200 1452 4267 perdere
1493 4200 1549 4253 in
1590 4203 1881 4269 gehennam
1912 4198 1980 4254 δ’.
2015 4199 2155 4255 Eum

585 4287 733 4356 ejicit
761 4289 1000 4359 perfecta
1025 4288 1287 4345 charitas.
1308 4288 1497 4343 Timor
1525 4290 1690 4359 igitur
1725 4288 1820 4344 Dei
1860 4304 2021 4347 verus
2072 4299 2157 4347 est

586 4380 765 4450 pietas
805 4379 1079 4450 religiosa,
1122 4379 1275 4450 juxta
1314 4394 1480 4449 quam
1523 4379 1838 4451 religionem
1880 4381 1991 4435 vult
2036 4383 2158 4452 quis

2248 3219 2318 3273 τὰ
2338 3218 2504 3289 ἠθικὰ
2536 3219 2900 3291 παιδεύματα.
2948 3219 3094 3275 Ὀδὸν
3121 3219 3180 3274 δὶ
3204 3219 3353 3289 λέγει
3374 3218 3587 3290 ἀγαθὴν
3607 3220 3705 3291 τὴν
3725 3218 3822 3272 tul

2251 3312 2440 3381 σοφίαν
2464 3313 2701 3381 ἄγουσαν
2719 3312 2971 3385 θεωρίαν.
3001 3312 3165 3385 Ἀρχὴ
3189 3313 3282 3367 καὶ
3313 3312 3505 3384 ἠτινὺς
3537 3310 3822 3383 ὑπάρξεως

2250 3403 2417 3467 αίτία,
2452 3403 2530 3467 ὡς
2557 3406 2616 3458 ὲν
2645 3402 2755 3474 τῷ·
2794 3403 2935 3474 Ἐγώ
2956 3406 3073 3474 ειμι
3106 3405 3144 3473 ἡ
3176 3403 3333 3472 ἀρχὴ
3381 3403 3478 3457 καὶ
3514 3403 3578 3456 τὸ
3606 3404 3770 3469 τέλος
3802 3418 3818 3433 ’

2252 3495 2392 3567 ἀρχὴ
2429 3495 2618 3565 μὲνὼς
2646 3495 2708 3548 τὸ
2736 3489 2876 3548 εἶναι
2900 3494 3095 3560 διδοὺς,
3131 3494 3282 3558 τέλος
3302 3494 3360 3548 δὲ
3389 3495 3466 3559 ὡς
3492 3492 3824 3556 τελειώσεως

2253 3580 2493 3651 ἀφορμή.
2533 3580 2647 3638 Νῦν
2679 3576 2771 3635 οὖν
2801 3582 2968 3653 ἀρχὴ,
2996 3583 3030 3653 ἡ
3076 3583 3372 3651 εἰσάγουσα
3399 3584 3478 3647 είς
3498 3582 3599 3654 τὴν
3632 3581 3824 3650 σοφίαν

2256 3668 2509 3740 μάθησις,
2537 3669 2678 3725 κατὰ
2698 3671 2787 3726 τὸν
2802 3671 2893 3726 τοῦ
2919 3671 3056 3726 Θεοῦ
3073 3673 3239 3742 φόϐον
3254 3673 3640 3744 συνισταμένη.
3658 3673 3826 3736 Φόϐος

2253 3761 2363 3833 γὰρ
2390 3762 2690 3833 παθητικὸς
2723 3763 2820 3834 μὲν
2859 3763 3048 3820 δεινῶν
3097 3765 3416 3837 προσδοκία.
3455 3764 3826 3836 Ἐγγινόμενοι

2253 3852 2331 3924 τῷ
2369 3853 2519 3925 φόϐῳ
2558 3854 2830 3919 κολάσεως
2872 3855 3178 3911 ἐκκλίνουσι
3206 3857 3307 3929 τὴν
3355 3857 3573 3912 κακίαν.
3624 3854 3826 3911 Τοῦτον

2254 3942 2377 3998 οὐδὲ
2420 3942 2583 4013 φόϐον
2629 3944 2765 3998 Θεοῦ
2819 3945 3025 4017 κυρίως
3065 3945 3530 4018 προσαγορευτέον
3548 3986 3566 4011 ,
3624 3948 3674 3999 εί
3730 3944 3827 3999 καὶ

2256 4031 2484 4087 ἅπτεται
2516 4032 2635 4087 τῶν
2668 4033 3052 4105 φοϐουμένων
3074 4034 3183 4089 τὸν
3205 4034 3546 4105 δυνάμενον
3573 4034 3672 4089 καὶ
3710 4036 3831 4102 ψυ-

2255 4123 2377 4195 χὴν
2395 4125 2491 4179 καὶ
2514 4124 2686 4195 σῶμα
2713 4123 3010 4180 ἀπολέσαι
3034 4125 3105 4179 ἐν
3124 4123 3358 4194 γεέννῃ.
3394 4126 3489 4179 Ὃν
3515 4123 3764 4177 ἐκϐάλλει
3791 4128 3829 4197 ἡ

2254 4215 2435 4270 τελεία
2460 4217 2669 4289 ἀγάπη.
2682 4216 2818 4270 Θεοῦ
2840 4216 2898 4270 δὲ
2913 4216 3097 4286 φόϐος,
3124 4215 3377 4288 άληθὴςή
3398 4216 3539 4270 κατὰ
3556 4216 3831 4288 σεϐασμὸν

2258 4308 2532 4372 εὐλάϐεια,
2556 4308 2674 4363 καθ’
2701 4308 2760 4362 δν
2785 4307 2944 4363 θέλει
2967 4324 3050 4370 τις
3067 4308 3304 4377 σφόδρα
3324 4309 3394 4362 ἐν
3412 4308 3540 4375 ταῖς
3555 4308 3831 4377 ἐντολαῖς

2258 4401 2444 4455 αὐτοῦ
2479 4400 2627 4472 πόθῳ
2670 4402 2907 4473 γνησίῳ,
2942 4401 3022 4463 είς
3067 4399 3206 4472 ἔργα
3249 4401 3596 4472 μεταϐάλλων
3629 4400 3820 4468 αὐτάς,

586 4471 911 4526 vehementer
934 4472 989 4524 in
1014 4471 1280 4525 mandatis
1309 4470 1424 4541 ejus
1452 4469 1498 4503 δ’
1524 4472 1795 4527 desiderio
1818 4473 2055 4541 sincero,
2087 4490 2140 4531 ac

2260 4496 2353 4548 καὶ¹
2393 4494 2535 4566 ἀρχὴ
2587 4460 2778 4564 σοφίας
2821 4460 2957 4547 Θεοῦ
3350 4497 3470 4549 κατ’
3498 4460 3827 4564 εἰσαγωγήν.

588 4578 754 4632 opera
787 4562 1168 4633 redigensilla,
1201 4563 1403 4632 quique
1433 4564 1491 4618 ﬁt
1520 4564 1847 4635 principium
1876 4567 2154 4638 sapientia:

585 4653 683 4708 Dei
710 4653 1005 4708 secundum
1041 4653 1420 4709 initiationem.
1457 4653 1765 4712 Pleniorem
1808 4660 2007 4715 etenim
2031 4676 2152 4716 eum

590 4745 838 4800 invenies
880 4743 934 4799 in
972 4759 1035 4799 eo
1065 4745 1157 4815 qui
1211 4746 1510 4801 secundum
1543 4748 1863 4818 sapientiam
1896 4750 2005 4820 jam
2034 4768 2150 4821 per-

590 4836 764 4892 fectus
797 4846 902 4899 est,
946 4836 1011 4892 de
1047 4850 1155 4906 quo
1205 4836 1429 4904 dicitur,
1489 4855 1594 4893 non
1641 4856 1755 4895 esse
1803 4843 2155 4911 deﬁcientium

591 4928 892 4982 timentibus
915 4926 1082 4982 Deum
1117 4926 1183 4982 “.

593 5020 658 5077 V.
724 5020 775 5074 7.
834 5017 1019 5074 Pietas
1062 5029 1234 5072 autem
1266 5019 1324 5073 in
1370 5019 1536 5073 Deum
1558 5061 1573 5086 ,
1600 5023 1917 5093 principium
1949 5041 2153 5082 sensus.

666 5110 841 5165 Divini
865 5109 1071 5165 scilicet
1107 5124 1321 5174 sensus,
1351 5110 1469 5180 ejus
1496 5111 1585 5179 qui
1617 5121 1703 5167 est
1745 5129 1936 5185 nempe
1964 5132 2157 5173 secun.

592 5201 721 5255 dum
756 5202 1067 5257 interiorem
1109 5201 1381 5275 hominem
1416 5216 1432 5256 :
1467 5206 1767 5260 secundum
1808 5222 1966 5278 quem
2011 5211 2160 5266 vide-

594 5308 713 5367 mus
738 5292 911 5347 lucem
942 5306 1127 5345 veram
1151 5331 1168 5355 ,
1204 5303 1261 5346 et
1303 5293 1551 5348 audimus
1584 5306 1795 5353 secreta
1830 5301 2075 5367 oracula,
2107 5313 2161 5357 et

592 5363 868 5436 nutrimus
915 5394 1057 5452 pane
1102 5380 1244 5445 vitae,
1291 5391 1346 5435 et
1395 5383 1786 5454 participamus
1851 5363 2160 5460 fragrantia;

664 5562 881 5620 “Psal.
934 5563 1204 5626 uvm,3.
1306 5563 1354 5596 ³⁸
1396 5564 1530 5621 ibid.
1592 5568 1679 5623 15.

604 5633 650 5668 ⁵⁸
669 5636 834 5705 Apoc.
856 5651 899 5691 ι.
933 5636 988 5689 8.
1062 5634 1105 5665 δι
1131 5632 1320 5689 Matth.
1354 5651 1408 5703 ι,
1440 5634 1529 5692 28.
1607 5638 1811 5697 “Psal.
1848 5655 1958 5706 cst,
1992 5643 2041 5696 l.

665 5746 777 5819 (99)
821 5745 1079 5819 Ὀρῶμεν.

1783 5568 1828 5602 ⁸⁸
1863 5568 1881 5624 Ι
1918 5569 2044 5626 Cor.
2083 5587 2145 5636 tt,
2208 5571 2298 5626 l5.
2393 5566 2436 5598 ³⁷
2468 5564 2600 5619 ibid.
2664 5565 2749 5621 l4.

2120 5641 2169 5674 ⁸³
2191 5638 2336 5698 Psal.
2365 5651 2560 5702 xxsttt,
2583 5636 2669 5691 ιο.

2259 4587 2636 4658 Πληρέστατον
2665 4586 2771 4659 γὰρ
2803 4585 2990 4640 τοῦτον
3016 4588 3267 4658 εὑρήσεις
3293 4590 3350 4641 ὲν
3374 4587 3451 4659 τῷ
3475 4586 3617 4641 κατὰ
3639 4588 3834 4656 σοφίαν

2259 4679 2659 4752 τετελεσμένῳ,
2702 4679 2824 4734 καθ’
2850 4678 2909 4733 ὃν
2939 4679 3155 4747 λέγεται
3175 4719 3191 4741 ,
3210 4679 3299 4749 μὴ
3339 4676 3493 4735 εἶναι
3526 4678 3834 4749 ὑστέρημα

2261 4770 2385 4838 τοῖς
2403 4771 2795 4841 φοϐουμένοις
2818 4771 2926 4826 τὸν
2951 4774 3118 4826 Θεόν.

2263 5016 2409 5088 Στίχ.
2440 5017 2504 5083 ζ’.
2541 5014 2828 5072 Εὐσέϐεια
2864 5015 2933 5069 δὲ
2969 5019 3057 5084 εὶς
3094 5015 3259 5081 Θεὸν,
3287 5013 3445 5085 ἀρχὴ
3474 5012 3832 5080 αἰσθήσεως.

2336 5112 2448 5183 Τῆς
2470 5108 2623 5173 θείας
2650 5108 2975 5182 αἰσθήσεως,
3006 5108 3106 5179 τῆς
3130 5107 3271 5162 κατὰ
3286 5109 3377 5161 τὸν
3393 5106 3501 5161 ἐσω
3529 5105 3833 5178 ἄνθρωπον,

2268 5201 2391 5258 καθ’
2416 5204 2482 5274 ἢν
2515 5202 2654 5256 ὁσῶν
2703 5202 2814 5274 (99)
2852 5201 2951 5274 μὲν
2996 5201 3059 5254 τὸ
3108 5201 3224 5271 φῶς
3279 5201 3339 5254 τὸ
3394 5198 3683 5271 ἀληθινὸν,
3744 5199 3838 5251 καὶ⁸

2270 5295 2540 5367 ἀκούομεν
2566 5295 2675 5349 τῶν
2703 5294 3102 5367 κεκρυμμένων
3132 5292 3327 5361 λογίων
3345 5332 3359 5357 ,
3399 5292 3494 5346 καὶ
3525 5289 3838 5362 τρεφόμεθα

2263 5390 2354 5445 τὸν
2390 5391 2553 5462 ἄρτον
2594 5389 2695 5462 τῆς
2726 5390 2901 5463 ζωῆς,
2944 5383 3456 5461 ἀντιλαμϐανόμεθα
3494 5400 3553 5436 τε
3610 5382 3840 5446 εὐωδίας

2857 5565 2902 5599 ³⁸
2953 5564 3111 5623 Prov.
3169 5580 3286 5631 xw,
3340 5560 3426 5618 12.
3523 5561 3569 5594 ³⁸
3616 5559 3746 5620 ibid.
3777 5555 3838 5615 δ.
