4186 6426
550 373 668 432 165

1447 376 2006 434 SUPPLEMENTUM
2037 377 2129 430 AD
2163 377 2486 434 ORIGENIS
2521 377 2931 437 EXEGETICA.

3715 389 3818 444 ιδι

559 493 736 548 sibilia
773 495 984 561 respicit
1014 509 1031 558 ;
1063 494 1261 559 oratio,
1291 497 1455 552 verba
1491 509 1539 551 et
1565 499 1921 570 cogitationes
1947 517 1960 564 ;
1989 515 2119 554 men:

2241 498 2347 551 τῶν
2379 501 2636 570 ῥημάτων
2683 501 2909 555 καὶτῶν
2943 503 3243 573 νοημάτων’
3275 505 3303 557 6
3339 504 3394 558 δέ
3443 504 3588 569 νοῦς,
3617 506 3822 580 θεωρία

557 587 818 657 denique,
849 590 901 643 in
947 589 1402 646 intellectualibus
1437 594 1601 648 rebus
1628 603 1895 650 versatur.

630 679 652 710 ³
678 678 832 735 Sicut
874 695 1028 735 mens
1062 695 1156 750 per
1184 698 1376 738 sensus
1401 684 1467 736 ad
1506 684 1788 738 sensibilia
1816 684 2132 749 intenditur,

561 771 630 825 ita
657 773 820 826 etiam
850 785 948 840 per
973 771 1203 827 virtutes
1231 773 1617 828 intellectualia
1641 775 1915 830 observat.
1934 777 2132 842 Quam-

559 865 746 919 obrem
792 879 980 919 sensus
1031 880 1247 935 quoque
1279 866 1562 921 continere
1593 866 1881 932 rationem,
1917 870 2134 936 sapiens

559 955 813 1011 Salomon
838 972 936 1010 nos
961 959 1137 1012 docet.

625 1043 648 1074 ⁸
674 1043 775 1108 Qui
811 1046 1111 1114 nequitiam
1150 1047 1373 1110 habent,
1401 1057 1668 1116 quatenus
1701 1049 1932 1120 improbi
1981 1061 2129 1113 sunt,

557 1134 881 1203 sapientiam
910 1148 1271 1204 aspernantur
1302 1158 1313 1192 :
1343 1149 1396 1192 et
1427 1141 1552 1208 quia
1587 1143 1780 1194 timore
1809 1153 2016 1206 carent,
2041 1144 2129 1210 qui

558 1240 752 1281 sensus
776 1228 992 1282 initium
1041 1231 1191 1293 facit,
1226 1231 1428 1287 idcirco
1455 1233 1586 1287 fatui
1619 1243 1744 1288 sunt
1771 1245 1824 1289 et
1852 1236 2133 1304 sapientire

557 1329 978 1389 contemptores.
1017 1322 1158 1387 Quid
1221 1323 1292 1375 ita
1319 1323 1343 1376 ἳ
1366 1326 1488 1392 quia
1529 1340 1703 1394 neque
1737 1335 1925 1396 agunt,
1957 1341 2132 1395 neque

559 1407 893 1479 intelligunt.
925 1411 1188 1482 Quisquis
1217 1414 1360 1468 enim
1410 1416 1550 1469 male
1605 1419 1750 1486 agit,
1788 1417 1961 1471 lucem
1995 1419 2128 1472 odit.

558 1501 748 1572 Neque
776 1519 869 1559 eos
892 1508 1107 1576 propria
1142 1517 1332 1561 natura
1391 1508 1739 1572 dehonestat,
1765 1511 1857 1563 sed
1892 1510 2128 1579 ipsorum

559 1595 799 1653 inscitia.
830 1595 1214 1654 Verumtamen
1254 1599 1326 1669 pii
1363 1600 1610 1654 homines
1641 1602 1979 1670 disciplinam
2017 1618 2131 1655 am-

558 1685 888 1756 plectuntur,
923 1697 980 1742 ut
1009 1691 1265 1745 mundato
1289 1694 1471 1746 animo
1501 1693 1772 1762 excipiant
1812 1693 1986 1758 illam,
2011 1710 2130 1765 quae

558 1778 612 1833 in
647 1779 951 1833 malivolam
1007 1782 1241 1836 animam
1283 1799 1388 1837 non
1426 1784 1750 1854 ingreditur,
1783 1787 2125 1855 sapientiam.

555 1869 748 1935 Secus,
785 1873 876 1941 qui
908 1873 1000 1927 Dei
1043 1877 1234 1932 timore
1285 1888 1496 1939 carent,
1528 1886 1619 1945 qut
1674 1891 1870 1934 sensus
1914 1880 2123 1934 initium

556 1966 708 2030 facit,
736 1981 910 2032 neque
935 1970 1258 2038 sapientiam
1302 1987 1478 2040 neque
1514 1970 1854 2039 disciplinam
1884 1973 2126 2042 sapiunt,

551 2057 646 2113 sed
676 2069 962 2130 utramque
993 2074 1357 2130 aspernantur
1388 2077 1401 2120 :
1429 2064 1573 2118 velut
1595 2064 1670 2118 illi
1696 2065 1786 2134 qui
1825 2063 1987 2120 Vetus
2024 2066 2125 2120 Te-

549 2153 876 2201 stamentum
912 2163 1018 2202 non
1036 2147 1354 2213 admittunt,
1380 2159 1435 2203 et
1457 2148 1768 2204 Creatorem
1792 2152 2128 2206 crudelitatis

547 2234 891 2292 insimulant.

533 2379 540 2400 ,
620 2329 641 2361 '
673 2327 828 2385 Sicut
871 2319 1057 2386 vertex
1099 2340 1156 2387 et
1198 2331 1395 2386 collum
1444 2332 1533 2388 hic
1581 2333 1799 2390 denotat
1849 2345 2080 2391 mentem
2107 2378 2121 2401 ,

544 2423 618 2479 ita
651 2425 816 2477 etiam
867 2438 1069 2478 corona
1117 2433 1173 2477 et
1219 2435 1444 2494 torques
1492 2425 1799 2495 signiﬁcant
1849 2429 1950 2482 hoc
2005 2428 2123 2483 loco

540 2515 849 2572 scientiam.
879 2515 1030 2571 Solet
1056 2518 1201 2570 enim
1248 2516 1482 2585 Spiritus
1529 2527 1752 2573 sanctus
1793 2519 1979 2573 multis
2025 2535 2126 2574 no-

540 2608 778 2662 minibus
816 2606 1106 2677 indigitare
1154 2607 1319 2661 Deum
1360 2618 1414 2662 et
1462 2608 1685 2678 angelos
1715 2607 1853 2678 ejus,
1884 2618 2118 2664 mentem

539 2715 602 2754 ac
652 2700 925 2761 virtutem,
959 2699 1242 2755 scientiam
1273 2708 1328 2754 et
1367 2699 1765 2768 insipientiam,
1823 2701 2118 2766 malitiam,

538 2789 829 2859 ipsumque
858 2789 1133 2844 diabolum
1157 2805 1281 2844 cum
1308 2791 1511 2860 angelis
1534 2790 1669 2858 ejus.
1694 2791 1849 2845 Haud
1882 2807 2010 2846 vero
2042 2802 2120 2844 te-

537 2895 690 2935 mere
710 2882 926 2935 nomina
949 2882 1202 2951 imponit.
1236 2890 1294 2935 ut
1327 2883 1544 2950 quidam
1571 2884 2025 2942 existimant;sed
2051 2899 2115 2938 ea

538 2973 874 3028 diversarum
909 2975 1282 3044 operationum
1312 2984 1440 3028 sunt
1471 2975 1667 3029 indicia
1701 2994 1716 3028 :
1756 2977 1865 3030 Deo
1896 2977 2114 3046 quidem

536 3079 634 3134 per
661 3065 884 3132 angelos
932 3066 984 3118 in
1031 3066 1187 3119 nobis
1227 3075 1526 3134 operante;
1565 3075 1619 3120 et
1663 3067 1817 3121 nobis
1852 3069 1904 3120 in
1937 3083 2002 3121 eo
2037 3069 2115 3120 vi-

536 3155 738 3221 cissim,
764 3157 1073 3226 pariterque
1096 3156 1311 3212 diabolo
1339 3171 1469 3227 erga
1501 3171 1601 3212 nos
1625 3169 1840 3228 agente.

605 3333 627 3367 ⁶
652 3333 717 3390 Hi
745 3345 872 3390 sunt
903 3336 1342 3393 adversariorum
1376 3338 1717 3403 cohaaredes,
1749 3337 1839 3406 qni
1865 3337 2108 3392 eamdem

533 3438 655 3479 cum
677 3425 807 3494 ipsis
830 3427 1160 3496 participant
1183 3427 1606 3497 improbitatem.
1630 3427 1924 3482 Commune
1946 3442 2110 3495 porro

533 3524 639 3582 est,
674 3517 816 3583 quod
849 3532 954 3570 non
1005 3526 1089 3572 est
1122 3519 1282 3574 unius
1334 3519 1450 3574 Dei.
1487 3519 1872 3574 Animadverte
1929 3530 2107 3574 autem

533 3608 879 3664 concordiam
910 3610 1210 3679 improbam
1237 3621 1293 3666 et
1317 3613 1628 3669 exitiosam.

603 3702 623 3732 ⁷
657 3702 794 3756 Rete
839 3711 919 3756 est
958 3714 1167 3768 aeterna
1201 3718 1385 3773 poena,
1421 3713 1476 3758 et
1507 3703 1657 3757 varia
1699 3705 1909 3772 punitio
1934 3719 2052 3774 qua:
2078 3719 2105 3756 a

528 3791 672 3863 justo
700 3793 882 3861 judice
917 3795 1142 3863 impuris
1180 3797 1467 3850 animabus
1514 3795 1832 3865 imponitur,
1860 3805 1920 3849 ut
1969 3795 2108 3849 male

530 3896 675 3942 natae
708 3887 805 3941 ala:
826 3888 1140 3956 perdantnr.
1177 3886 1298 3941 Jam
1339 3901 1468 3942 vero
1493 3889 1707 3956 pennati
1741 3901 1838 3942 nos
1862 3887 2107 3941 homines

528 3974 780 4039 dicimur,
829 3975 955 4044 quia
991 3976 1205 4030 volandi
1262 3976 1488 4042 viribus,
1538 3975 1803 4046 siquidem
1857 3975 2103 4041 velimus,

528 4067 736 4138 praediti
770 4082 980 4121 sumus.

600 4159 622 4190 ⁸
650 4159 868 4212 Exitum
898 4173 1044 4212 nunc
1091 4159 1326 4227 appellat
1354 4157 1726 4228 egredientem
1757 4173 1785 4211 a
1820 4157 2020 4211 malitia
2052 4166 2106 4210 et

529 4248 836 4318 insipientia
867 4249 1123 4302 animam.
1162 4249 1255 4301 llle
1288 4258 1469 4302 autem
1511 4258 1594 4302 est
1633 4247 1866 4301 ﬁliorum
1890 4247 2105 4301 lsraelis

526 4345 726 4409 exitus,
750 4345 842 4412 qui
875 4344 934 4397 ﬁt
966 4354 1089 4412 post
1117 4345 1354 4414 genesim
1392 4360 1460 4398 ex
1495 4343 1705 4412 judiclo
1748 4341 1841 4397 Dei
1883 4357 1947 4396 ac
1986 4356 2102 4394 ma-

528 4437 771 4504 gisterio.
799 4434 916 4490 Jam
946 4435 1115 4503 ipsam
1139 4436 1374 4488 animam
1405 4435 1535 4488 dicit
1568 4435 1804 4504 plateam
1833 4449 1846 4485 :
1886 4451 1904 4484 ι
1931 4433 2101 4486 Dilata

2245 590 2352 642 τῶν
2386 592 2610 661 νοητῶν.

2309 684 2518 756 ’Ὠσπερ
2557 684 2644 737 διὰ
2690 684 2796 738 τῶν
2836 685 3138 758 αἰσθήσεων
3170 689 3198 741 6
3232 688 3354 752 νοῦς
3381 690 3662 745 ἐπιϐάλλει
3703 695 3816 756 τοῖς

2238 774 2531 844 αἰσθητοῖς,
2592 775 2733 828 οὕτω
2783 777 2874 829 καὶ
2906 777 2992 829 διὰ
3025 778 3132 830 τῶν
3174 780 3382 849 ἀρετῶν
3431 781 3719 834 ἐποπτεύει
3750 783 3816 834 τὰ

2236 867 2418 937 νοητά·
2451 867 2640 938 διόπερ
2674 869 2768 920 καὶ
2805 868 3108 938 αἰσθήσεως
3141 869 3300 922 αὑτὸν
3335 871 3488 940 λόγον
3520 872 3737 942 ἐπέχειν
3788 875 3817 926 6

2238 958 2398 1025 σοφὸς
2423 956 2672 1026 Σολομὼν
2696 960 2842 1028 ἡμᾶς
2873 959 3132 1014 διδάσκει.

2305 1048 2366 1100 Οἱ
2407 1048 2672 1116 κτώμενοι
2727 1049 2946 1112 κακίαν,
2993 1051 3071 1120 τῷ
3111 1051 3270 1104 κακοὶ
3310 1047 3448 1105 εἶναι
3480 1052 3814 1117 ἐξουδενοῦσι

2237 1141 2448 1207 σοφίαν·
2474 1142 2567 1194 καὶ
2603 1141 2676 1211 μὴ
2711 1141 2924 1209 ἔχοντες
2957 1143 3118 1210 φόϐον
3141 1144 3230 1196 τὸν
3262 1144 3515 1196 ποιοῦντα
3535 1145 3706 1215 ἀρχὴν
3730 1149 3814 1199 αί-

2235 1231 2497 1302 σθήσεως,
2529 1234 2908 1302 ἀναισθητοῦσι
2947 1237 3039 1287 καὶ
3069 1235 3395 1298 ἐξουδενοῦσι
3424 1237 3630 1304 σοφίαν·
3666 1239 3810 1303 πῶς;

2233 1319 2309 1390 τῷ
2343 1322 2418 1393 μὴ
2452 1324 2709 1393 πράττειν
2746 1325 2878 1395 μηδὲ
2907 1325 3164 1394 μετιέναι·
3219 1329 3326 1389 πᾶς
3356 1327 3462 1396 γὰρ
3485 1327 3600 1380 δτά
3635 1329 3811 1396 φαῦλα

2234 1413 2507 1484 πράττων,
2556 1419 2702 1485 μισεῖ
2732 1417 2791 1468 τὸ
2846 1416 2982 1484 φῶςο
3019 1417 3131 1470 ἀλλ’
3165 1418 3226 1470 06
3276 1420 3422 1489 παρά
3479 1420 3576 1490 τὴν
3607 1420 3811 1474 οἰκείαν

2234 1504 2392 1572 φύσιν
2423 1507 2770 1576 ἀτιμάζεται,
2813 1507 2947 1560 ἀλλά
2986 1508 3136 1578 παρά
3177 1509 3274 1578 τὴν
3318 1510 3541 1562 ἐκείνων
3565 1512 3804 1579 ἄγνοιαν·

2233 1596 2348 1648 ἀλλ’
2373 1599 2421 1650 οί
2456 1599 2696 1662 εὐσεϐεῖς
2730 1600 3006 1670 αἱροῦνται
3038 1599 3133 1669 τὴν
3168 1601 3432 1666 παιδείαν,
3468 1603 3555 1654 ἵνα
3585 1602 3682 1673 τὴν
3709 1603 3810 1672 ψυ-

2233 1688 2331 1757 χὴν
2358 1689 2739 1760 καθαρθέντες,
2777 1691 3115 1754 εἰσδέξωνται
3139 1692 3235 1759 τὴν
3259 1694 3337 1755 είς
3364 1693 3686 1762 κακότεχνον
3708 1695 3809 1764 ψυ-

2235 1781 2336 1851 χὴν
2363 1781 2435 1851 μὴ
2469 1781 2736 1834 εὲσιοῦσαν
2764 1783 2970 1849 σοςςίαν·
2990 1783 3107 1834 οἱδὲ
3135 1782 3208 1852 μὴ
3244 1783 3453 1852 ἔχοντες
3478 1785 3805 1854 φόδονΘεοῦ,

2232 1875 2321 1926 τὸν
2342 1875 2595 1926 ποιοῦντα
2620 1875 2791 1945 ἀρχὴν
2832 1875 3153 1944 αἰσθήσεως,
3189 1877 3569 1945 ἀναισθητοῦσι
3615 1879 3806 1944 σοιρίας

2228 1967 2321 2018 καὶ
2354 1966 2618 2030 παιδείας,
2651 1969 2743 2018 καὶ
2780 1966 3149 2030 ὲξουθενοῦσιν
3193 1968 3475 2038 ἀμψότερα
3501 1969 3621 2038 (l')'
3656 1969 3730 2032 ὡς
3757 1971 3804 2023 οί

2226 2057 2322 2126 τὴν
2338 2056 2577 2110 Παλαιὰν
2597 2057 2670 2126 μὴ
2686 2057 2978 2126 δεχόμενοι,
2996 2058 3191 2110 καὶτὸν
3212 2061 3284 2130 Δη
3295 2060 3550 2130 μιουργον
3565 2060 3639 2124 ὡς
3655 2061 3804 2131 ὠμὸν

2224 2149 2614 2214 διαϐάλλοντες.

2299 2328 2509 2399 ’Ὠσπερ
2529 2331 2562 2399 ἡ
2587 2329 2797 2400 κορυφὴ
2827 2331 2920 2382 καὶ
2947 2331 2975 2383 6
2991 2328 3257 2400 τράχηλος
3283 2329 3432 2399 δηλοῖ
3461 2328 3690 2382 ἐνταῦθα
3708 2328 3804 2383 τὸν

2223 2419 2366 2483 νοῦν,
2399 2420 2538 2473 οὕτω
2564 2422 2656 2474 γαὶ
2683 2424 2712 2474 6
2746 2422 3006 2490 στέφανος
3040 2424 3134 2475 καὶ
3165 2425 3192 2476 6
3220 2423 3396 2484 κλοιὸς
3438 2421 3669 2474 ἐνταῦθα
3701 2437 3794 2490 ση-

2226 2512 2406 2582 μαίνει
2452 2513 2551 2581 τὴν
2581 2513 2800 2580 γνῶσινο
2836 2513 2972 2584 αῦτη
3007 2515 3116 2586 γάρ
3149 2518 3181 2586 ἡ
3220 2515 3475 2584 συνήθεια
3503 2513 3596 2565 τοῦ
3628 2514 3798 2566 Πνεύ-

2225 2620 2391 2674 ματος
2423 2603 2517 2656 τοῦ
2548 2603 2724 2672 ἁγίου,
2767 2605 2977 2667 πολλοῖς
3006 2606 3263 2676 ὀνόμασιν
3288 2604 3535 2674 ὠνόμασε
3566 2603 3800 2659 τὸνθεόν

2219 2711 2279 2746 τε
2314 2695 2409 2748 καὶ
2453 2696 2579 2757 τοὺς
2625 2694 2890 2763 ἀγγέλους
2931 2696 3118 2761 αὑτοῦ,
3162 2697 3255 2748 καὶ
3285 2697 3374 2749 τὸν
3407 2696 3550 2760 νοῦν,
3585 2697 3676 2749 καὶ
3699 2697 3798 2766 τὴν

2219 2785 2439 2856 ἀρετὴν,
2473 2787 2565 2839 καὶ
2594 2786 2690 2857 τὴν
2718 2787 2940 2854 γνῶσιν,
2971 2788 3064 2840 καὶ
3104 2788 3203 2858 τὴν
3232 2789 3526 2855 ἀγνωσίαν,
3561 2788 3656 2840 καὶ
3700 2788 3797 2857 τὴν

2219 2879 2438 2942 κακίαν,
2491 2880 2583 2931 καὶ
2616 2879 2779 2932 αὑτὸν
2817 2879 2906 2932 τὸν
2946 2879 3189 2933 διάϐολον
3243 2879 3337 2932 καὶ
3370 2881 3494 2942 τοὺς
3534 2879 3796 2946 ἀγγέλους

2218 2967 2401 3020 αὐτοῦ’
2451 2969 2546 3038 οὐχ
2590 2969 2774 3032 ἁπλῶς
2814 2971 2872 3023 δὲ
2920 2970 3099 3040 τίθησι
3134 2969 3202 3022 τὰ
3241 2969 3500 3038 ὀνόματα,
3543 2968 3617 3032 ῶς
3654 2985 3795 3031 τινες

2217 3061 2436 3114 οἴονται·
2482 3062 2753 3132 διαφόρων
2787 3064 3076 3133 ἐνεργειῶν
3105 3063 3210 3114 εἰσὶ
3238 3063 3611 3133 γνωρίσματα·
3660 3057 3794 3113 Θεοῦ

2217 3151 2272 3204 δὲ
2299 3151 2388 3204 διά
2418 3152 2525 3205 τῶν
2556 3153 2804 3221 ἀγγέλων
2846 3155 2974 3224 ἡμῖν
3004 3151 3378 3224 ἐνεργοῦντος,
3406 3153 3500 3205 καὶ
3529 3151 3683 3222 ἡμῶν
3735 3153 3794 3205 ἐν

2213 3243 2380 3313 αὐτῷ,
2411 3244 2682 3314 δαιμόνων
2702 3262 2762 3296 τε
2792 3245 2928 3315 πρὸς
2964 3245 3131 3314 ἡμᾶς.

2283 3331 2445 3389 Οὗτοι
2471 3338 2675 3406 συγκλη
2685 3337 2896 3407 ρονόμοι
2917 3338 3026 3389 τῶν
3042 3338 3427 3406 ἀντικειμένων
3445 3336 3601 3400 εἰσὶν,
3624 3337 3671 3388 οί
3691 3333 3792 3404 τῆς

2211 3429 2376 3499 αὐτῆς
2392 3429 2574 3492 αὐτοῖς
2595 3429 2791 3493 κακίας
2812 3430 3330 3500 μεταλαμϐάνοντες·
3359 3429 3534 3482 κοινὸν
3548 3428 3605 3481 δέ
3621 3431 3787 3490 ἐστιν,

2210 3522 2238 3574 6
2268 3522 2340 3593 μὴ
2371 3522 2464 3574 τοῦ
2498 3522 2615 3585 ἐνὸς
2659 3525 2775 3576 ἐστι
2811 3522 2906 3575 τοῦ
2947 3523 3101 3576 Θεοῦ·
3161 3528 3262 3597 ὅρα
3307 3525 3363 3578 δὲ
3413 3523 3662 3593 ὁμόνοιαν
3695 3539 3793 3575 πο-

2210 3629 2273 3682 νη
2283 3611 2383 3682 ράν
2407 3612 2498 3664 καὶ
2529 3611 2773 3683 ὄλεθρον.

2279 3703 2502 3756 Δίκτυόν
2536 3707 2651 3758 ἐστι
2692 3706 2910 3769 κόλασις
2952 3706 3186 3771 αἰώνιος,
3229 3706 3324 3759 καὶ
3360 3704 3682 3775 πολυσχιδὴς
3712 3722 3792 3757 τι-

2213 3797 2391 3867 μωρία
2446 3796 2597 3867 παρά
2653 3798 2746 3850 τοῦ
2794 3798 3000 3851 δικαίου
3062 3797 3250 3869 κριτοῦ
3297 3800 3417 3859 ταῖς
3463 3795 3790 3866 ἀκαθάρτοις

2209 3889 2591 3959 προσαγομένη
2623 3889 2819 3959 ψυχαῖς
2846 3891 2931 3942 ἐπ’
2959 3891 3204 3961 ἀπωλείᾳ
3230 3889 3338 3942 τῶν
3373 3887 3556 3951 κακῶς
3587 3886 3790 3954 ὲκφύν-

2207 3996 2315 4031 των
2345 3979 2576 4049 πτερῶν·
2613 3979 2867 4050 πτερωτά
2901 3980 2976 4043 δὲ,
3014 3983 3175 4051 ἡμεῖς
3204 3982 3252 4032 οἱ
3283 3979 3559 4050 ἄνθρωποι
3593 3978 3642 4029 οἱ
3693 3977 3787 4030 δύ-

2207 4086 2368 4138 ναμιν
2397 4069 2490 4122 ἐάν
2519 4069 2761 4141 θέλωμεν
2801 4070 3014 4140 ἔχοντες
3038 4071 3131 4123 τοῦ
3157 4070 3485 4139 ἀναπτῆναι.

2279 4160 2494 4226 Ἔξοδον
2538 4161 2632 4214 νῦν
2680 4161 2934 4231 ὀνομάζει
2973 4163 3072 4232 τὴν
3126 4161 3445 4228 ἐξελθοῦσαν
3473 4160 3648 4229 ψυχὴν
3682 4159 3792 4213 ἀπὸ

2205 4251 2402 4313 κακίας
2419 4252 2512 4303 καὶ
2535 4251 2826 4318 ἀγνωσίας·
2852 4251 3070 4322 τοιαύτη
3102 4251 3156 4304 δὲ
3185 4252 3360 4315 ἔξοδος
3389 4251 3496 4302 τῶν
3519 4249 3648 4301 υἱῶν
3690 4249 3788 4302 Ἰσ-

2209 4341 2364 4411 ραὴλ,
2408 4343 2440 4410 ἡ
2481 4342 2616 4411 μετά
2651 4342 2748 4412 τὴν
2778 4345 2842 4394 ἐκ
2884 4343 2986 4412 τῆς
3019 4343 3250 4413 κρίσεως
3281 4341 3373 4394 τοῦ
3415 4340 3549 4392 Θεοῦ
3581 4341 3674 4392 καὶ
3706 4340 3784 4391 δι-

2205 4431 2501 4495 δασκαλίας
2533 4434 2746 4499 γένεσιν
2773 4438 3046 4502 γεγονυῖα·
3073 4435 3168 4504 τὴν
3206 4433 3371 4503 αὐτὴν
3401 4433 3456 4485 δὲ
3490 4431 3665 4501 ψυχὴν
3691 4431 3786 4484 καὶ

527 4528 694 4588 enim,
729 4525 906 4595 inquit
935 4527 1239 4596 Scriptura,
1264 4540 1326 4580 os
1357 4538 1528 4590 tuum,
1561 4535 1610 4580 et
1643 4525 1875 4594 implebo
1899 4523 2045 4577 illud.
2078 4542 2096 4573 ι

2218 4525 2466 4578 πλατεῖαν
2496 4525 2643 4593 λέγει
2665 4543 2677 4555 ο
2705 4544 2721 4575 ι
2745 4526 3020 4579 Πλάτυνον
3045 4525 3173 4595 γὰρ,
3202 4525 3355 4594 φησὶ,
3379 4525 3439 4577 τὸ
3473 4524 3644 4593 στόμα
3667 4539 3781 4585 σου,

533 4636 553 4669 ι
574 4618 640 4672 Et
654 4633 749 4673 vos
771 4633 985 4687 quoque
1000 4617 1323 4682 dilatamini,
1347 4636 1365 4667 ι
1387 4617 1460 4670 ait
1477 4617 1528 4670 in
1553 4616 1786 4671 secunda
1811 4615 1877 4668 ad
1902 4614 2095 4669 Corin-

530 4711 673 4764 thios
704 4710 917 4764 Paulus.
953 4711 1018 4762 Et
1044 4711 1111 4764 ab
1138 4712 1318 4764 anima
1374 4709 1613 4777 quidem,
1653 4723 1776 4776 quae
1799 4707 1873 4760 ita
1904 4706 2097 4768 evasit,

529 4803 831 4857 celebratur
860 4803 1148 4872 sapientia,
1178 4811 1232 4856 et
1263 4803 1318 4856 in
1348 4813 1489 4856 terra
1533 4801 1825 4855 virtutibus
1858 4798 2098 4866 spatiosa

530 4893 862 4949 conﬁdenter
887 4894 1049 4964 degit.
1079 4894 1336 4948 Summos
1362 4902 1541 4947 autem
1572 4907 1756 4946 muros
1779 4892 1907 4945 dicit
1933 4891 2099 4959 ipsius

533 5000 795 5040 summam
831 5001 861 5039 a
904 4987 1288 5054 cupiditatibus
1339 4983 1783 5053 tranquillitatem
1810 4999 1825 5036 :
1857 4982 2099 5049 quando-

531 5078 746 5146 quidem
795 5078 887 5146 qui
939 5079 1114 5146 legem
1161 5077 1430 5148 diligunt,
1482 5091 1692 5128 murum
1727 5074 1829 5129 sibi
1867 5074 2100 5126 circum-

531 5169 681 5220 dant.
699 5166 1009 5235 Cujusmodi
1039 5168 1178 5220 muri
1203 5169 1377 5237 gratia
1411 5176 1658 5236 precatur
1683 5165 1849 5218 David
1874 5165 2092 5218 dicens:

537 5275 558 5310 ι
578 5261 1447 5317 {Ediﬁcanturmurillicrusalem
1488 5277 1501 5313 :
1542 5280 1561 5312 ι
1592 5261 1642 5314 id
1670 5268 1756 5315 est
1777 5257 1934 5324 hujus
1966 5273 2097 5312 mea:

533 5351 724 5405 anima:
749 5355 1002 5420 prostrati
1045 5355 1182 5408 muri
1217 5361 1434 5423 propter
1457 5352 1602 5408 Uriae
1627 5352 1921 5423 negotium.

595 5530 617 5560 ν
649 5528 926 5595 Quomodo
955 5544 1082 5601 ergo
1109 5529 1245 5584 dixit
1269 5536 1426 5583 antea
1450 5527 1707 5583 Salomon
1745 5540 1758 5576 :
1794 5543 1812 5575 ι
1842 5523 1942 5590 Qui
1977 5538 2101 5594 per.

2202 4614 2294 4667 καὶ
2306 4613 2410 4684 πλη
2419 4613 2577 4684 ρώσω
2592 4615 2736 4667 αὐτό·
2754 4635 2770 4666 ι
2781 4616 2872 4666 καὶ
2889 4632 2911 4666 ι
2924 4614 3277 4683 πλατύνθητε,
3294 4615 3446 4684 φησὶ,
3466 4615 3558 4666 καὶ
3570 4615 3746 4683 ὑμεῖς,
3761 4632 3776 4660 ι

2203 4707 2261 4756 ἐν
2292 4707 2356 4775 τῇ
2405 4705 2540 4776 πρὸς
2572 4707 2891 4777 Κορινθίους
2920 4709 2948 4760 6
2990 4706 3218 4768 Παῦλος
3275 4706 3369 4758 καὶ
3417 4704 3520 4756 ὑπὸ
3553 4705 3650 4774 μὲν
3685 4707 3780 4773 τῆς

2203 4795 2373 4858 οὕτως
2421 4796 2782 4868 ἐξερχομένης
2815 4797 3010 4868 ψυχῆς,
3061 4798 3308 4866 ὑμνεῖται
3343 4798 3374 4866 ἡ
3418 4795 3594 4862 σοφία·
3636 4796 3692 4846 ἐν
3726 4794 3781 4846 δὲ

2205 4891 2275 4959 γῇ
2316 4888 2691 4960 πλατυνομένῃ
2743 4889 2829 4941 διὰ
2862 4890 2968 4940 τῶν
3001 4887 3231 4959 ἀρετῶν,
3285 4887 3593 4957 παρρησίαν
3635 4886 3778 4954 ἄγει.

2209 4983 2426 5051 Ἀκρων
2444 4980 2499 5034 δὲ
2527 4982 2746 5051 τειχέων
2769 4982 2958 5052 αὐτῆς,
2991 4982 3086 5051 τὴν
3113 4981 3284 5052 ἄκραν
3326 4981 3588 5034 ἀπάθειαν
3611 4979 3778 5047 λέγει’

2204 5074 2359 5144 εἴπερ
2388 5074 2436 5125 οἱ
2471 5073 2790 5140 ἀγαπῶντες
2830 5074 2919 5124 τὸν
2955 5074 3136 5142 νόμον,
3181 5072 3617 5143 παραϐάλλουσιν
3659 5073 3782 5123 ἑαυ-

2201 5166 2312 5226 τοῖς
2345 5167 2538 5234 τεῖχος·
2564 5166 2702 5235 ὑπὲρ
2731 5159 2791 5218 οῦ
2818 5166 3029 5234 τείχους
3061 5163 3277 5234 εὔχεται
3307 5166 3402 5217 καὶ
3440 5165 3468 5215 6
3516 5163 3674 5215 Δαυῖδ
3697 5163 3781 5214 λέ-

2201 5270 2331 5322 γων’
2363 5273 2381 5302 ι
2405 5255 2818 5325 Οἱκοδομηθήτω
2834 5255 2901 5308 τά
2922 5256 3072 5325 τείχη
3097 5252 3474 5328 Ἰερουσαλὴμ,
3497 5272 3517 5304 ι
3536 5253 3777 5306 τουτέστι

2207 5345 2307 5414 τῆς
2339 5346 2551 5398 τοιᾶσδε
2592 5346 2770 5415 ψυχῆς
2802 5345 2870 5397 τὰ
2911 5346 3396 5411 καταπεπτωκότα,
3443 5344 3682 5416 δηλονότι
3715 5347 3777 5395 ἐκ

2205 5433 2306 5503 τῆς
2329 5434 2423 5487 τοῦ
2451 5435 2646 5505 Οὐρίου
2674 5436 3016 5506 προφάσεως.

2275 5527 2399 5591 Πῶς
2416 5524 2509 5582 οὖν
2520 5528 2828 5599 ἔμπροσθέν
2855 5530 3058 5599 φησινὸ
3078 5527 3345 5598 Σολομῶν·
3370 5547 3388 5580 ι
3414 5527 3468 5581 ’0
3485 5526 3543 5581 δέ
3567 5523 3778 5596 ἐπιχαί-

596 5669 777 5724 ³ν.7.
855 5670 1028 5724 ‘ibid.
1105 5669 1299 5722 'v.9.
1376 5667 1582 5723 ‘v.M.
1661 5667 1763 5720 'v.
1801 5668 1886 5724 l7.
1955 5667 2119 5722 διε

2257 5676 2276 5706 ο
2308 5681 2364 5718 v.
2401 5667 2492 5720 26.

596 5811 695 5880 (ε’)
737 5811 857 5866 llarc
894 5811 1090 5880 partim
1125 5821 1442 5880 repetuntur
1471 5827 1532 5867 ex
1567 5812 1968 5880 superioribus;
2007 5813 2100 5866 sed
2144 5819 2324 5865 tamen
2359 5811 2429 5866 ita
2456 5825 2513 5865 se
2546 5808 2704 5864 habet
2737 5809 2926 5864 codex.
