4186 6396
344 371 449 426 163

1502 364 1868 421 EXPOSITIO
1896 364 1962 418 IN
1992 363 2408 420 PROVERBIA.

3497 367 3600 422 166

337 504 447 560 ρων
471 484 829 554 ἀπολλυμένῳ
853 482 952 535 οὐκ
981 481 1399 551 ἀθοκοθήσεται;
1439 500 1456 532 ι
1488 483 1557 534 Ἢ
1587 481 1726 551 τάχα
1750 480 1921 543 οὕτως

2024 489 2188 536 eunte
2241 481 2458 552 gaudet,
2509 494 2612 535 non
2662 480 2767 535 erit
2801 480 3108 537 innocens?
3142 499 3162 533 ι
3189 479 3283 535 Vel
3330 479 3492 552 igitur
3525 483 3601 537 ita

337 575 514 648 χαίρει
543 575 576 645 ἡ
609 574 790 642 σοφία,
817 573 892 636 ὡς
918 573 1088 643 ἐχάρη
1128 573 1221 624 ἐπὶ
1251 575 1316 642 τῇ
1352 571 1596 643 ἀπωλείᾳ
1629 571 1912 626 Ματθαίου

336 668 428 721 τοῦ
455 665 710 732 τελώνου,
739 667 832 719 καὶ
858 667 950 718 ἐπὶ
973 666 1066 719 τοῦ
1100 667 1297 739 λῃστοῦ
1334 665 1577 736 ἀπωλείᾳ
1600 663 1917 718 πιστεύσαν-

337 773 427 820 τος
449 755 527 826 τῷ
557 756 802 828 Χριστῷ;
827 755 920 810 τοῦ
949 757 1044 827 μὲν
1069 757 1197 828 γὰρ,
1214 757 1305 810 τὸν
1331 755 1532 829 λῃστὴν
1551 758 1584 826 ἡ
1620 755 1802 824 σοφία’
1822 754 1914 807 τοῦ

336 848 416 914 δὲ,
454 849 546 902 τὸν
574 849 808 918 τελώνην
831 848 1082 901 ἀπώλεσε
1115 847 1211 918 (2).

410 939 700 1011 Πολιορκία
741 940 859 993 ἐστὶ
884 939 1195 992 διδασκαλία
1219 938 1404 1010 ἠθικὴ,
1432 939 1532 1010 τὴν
1556 937 1742 1000 κακῶς
1769 938 1916 990 οἰκο-

337 1030 662 1102 δομηθεῖσαν
708 1030 885 1104 ψυχὴν
919 1032 1369 1102 καταστρέφουσα
1411 1032 1505 1084 ἐπὶ
1543 1033 1608 1101 τῇ
1642 1029 1736 1082 τοῦ
1779 1029 1916 1082 Θεοῦ

341 1122 643 1193 πολιορκίᾳ.

413 1213 621 1285 Ὥσπερ
643 1213 712 1266 τὰ
735 1214 903 1285 νήπια
932 1212 1134 1284 μεταξὺ
1163 1212 1384 1265 δικαίων
1413 1212 1508 1265 καὶ
1534 1212 1735 1266 ἀδίκων
1755 1213 1914 1275 εἰσὶν,

340 1303 482 1357 οὕτω
511 1305 606 1357 καὶ
628 1305 826 1368 πάντες
854 1307 902 1358 οἱ
936 1305 1208 1376 ἄνθρωποι
1245 1303 1446 1375 μεταξὺ
1480 1304 1726 1373 ἀγγέλων
1742 1321 1801 1356 τε
1827 1307 1918 1358 καὶ

339 1394 609 1465 δαιμόνων
669 1397 796 1462 εἰσὶ,
854 1398 988 1467 μήτε
1047 1396 1300 1467 δαίμονες
1334 1396 1484 1459 ὄντες
1518 1398 1653 1468 μήτε
1699 1397 1918 1465 ἄγγελοι

341 1485 790 1558 χρηματίζοντες,
817 1487 978 1560 μέχρι
1002 1488 1103 1558 τῆς
1120 1487 1426 1553 συντελείας
1446 1488 1538 1540 τοῦ
1574 1488 1784 1552 αἰῶνος·
1812 1488 1921 1558 ἡδί-

343 1597 475 1634 κουν
505 1581 560 1634 δὲ
610 1580 856 1653 νηπίους,
892 1578 1035 1646 εἷπε,
1090 1582 1220 1654 περὶ
1266 1574 1340 1634 ὧν
1387 1581 1622 1652 Χριστὸς
1666 1580 1790 1652 ἔφη·
1825 1581 1918 1654 Μὴ

342 1673 734 1745 σκανδαλίσητε
761 1673 859 1728 ἕνα
889 1673 998 1726 τῶν
1026 1673 1238 1745 μικρῶν
1272 1671 1498 1726 τούτων.

2019 573 2214 639 gaudet
2241 572 2524 641 sapientia,
2555 582 2713 641 prout
2745 573 2812 628 de
2836 581 3095 642 pereunte
3129 573 3419 641 publicano
3458 572 3593 627 Mat-

2020 667 2161 720 thaao
2189 665 2371 734 gavisa
2419 673 2519 730 est,
2556 679 2656 720 nec
2695 680 2799 720 non
2851 665 2919 719 de
2947 673 3209 734 pereunte
3255 663 3467 718 latrone
3503 665 3596 734 qui

2018 755 2234 809 Christo
2267 754 2545 808 credidit?
2573 754 2733 809 Certe
2765 755 2850 807 hic
2875 754 3144 808 latronem
3175 753 3464 824 sapientia,
3490 754 3598 809 illic

2022 862 2150 900 vero
2178 845 2522 915 publicanum
2557 846 2943 915 pessumdedit.

2091 941 2134 971 ²⁰
2165 939 2423 994 Obsessio
2454 948 2537 993 est
2575 940 2796 992 moralis
2835 938 3104 1003 doctrina,
3136 953 3257 1007 qum
3297 939 3439 994 male
3465 938 3592 994 aedi-

2019 1033 2232 1088 ficatam
2261 1032 2498 1086 animam
2536 1031 2787 1101 subjugat
2808 1031 3078 1085 obsidenti
3107 1030 3236 1085 Deo.

2090 1215 2130 1245 ¹¹
2165 1212 2317 1267 Sicut
2349 1211 2586 1266 infantes
2631 1211 2793 1266 medii
2819 1219 2946 1266 sunt
2987 1210 3131 1264 inter
3167 1211 3341 1278 justos
3371 1219 3427 1263 et
3456 1208 3597 1279 iniu-

2017 1313 2152 1368 stos,
2177 1303 2254 1358 sic
2282 1302 2443 1356 etiam
2476 1304 2654 1354 cuncti
2691 1301 2945 1355 homines
2979 1300 3143 1355 medii
3178 1300 3318 1354 inter
3376 1301 3597 1369 angelos

2018 1395 2398 1461 daemonesque
2446 1400 2599 1452 sunt,
2645 1390 2768 1458 quia
2813 1406 2989 1460 neque
3029 1389 3203 1460 angeli
3251 1397 3375 1444 sunt
3421 1406 3597 1459 neque

2019 1485 2291 1540 daemones
2343 1492 2473 1536 ante
2516 1482 2697 1536 saeculi
2733 1482 3284 1536 consummationem.
3332 1479 3594 1550 lnjuriam

2019 1586 2197 1632 autem
2227 1575 2552 1636 inferebant,
2587 1574 2781 1643 inquit,
2809 1573 3071 1644 parvulis,
3109 1573 3177 1627 de
3214 1571 3412 1640 quibus
3440 1573 3599 1628 Chri-

2019 1672 2135 1719 stus
2166 1662 2302 1716 dixit
2337 1679 2350 1714 :
2378 1659 2578 1716 Cavete
2607 1675 2672 1714 ne
2695 1676 2852 1730 quem
2892 1675 2958 1714 ex
2989 1659 3074 1715 his
3097 1661 3337 1730 parvulis
3370 1663 3598 1718 scanda-

2022 1753 2218 1810 lizetis.
2292 1754 2302 1811 Ι

425 1853 482 1908 ’0
533 1852 744 1924 ἀπαθὴς
788 1851 1050 1922 ἡσυχάζει
1071 1850 1287 1920 ἀφόϐως
1335 1850 1443 1904 ἀπὸ
1491 1847 1691 1922 παντὸς
1746 1849 1916 1903 κακοῦ

2093 1847 2138 1877 ¹¹
2170 1841 2567 1914 Cupiditatibus
2599 1841 2761 1897 homo
2785 1840 2922 1895 liber
2957 1839 3156 1895 nullam
3194 1856 3415 1911 pravam
3447 1842 3598 1911 cogi-

341 1945 623 2016 λογισμοῦ,
649 1945 744 1998 καὶ
772 1946 886 2014 μετ’
914 1943 1092 2013 ὀλίγον
1135 1941 1551 2012 κατασκηνώσει
1582 1943 1640 1994 ὲν
1668 1943 1734 2013 τῇ
1765 1941 1916 2011 βασι-

343 2037 462 2108 λείᾳ
509 2036 602 2090 τοῦ
649 2037 801 2090 Θεοῦο
845 2036 920 2100 ὼς
966 2034 1205 2099 ἀκούσας
1251 2035 1344 2088 καὶ
1374 2033 1613 2098 φυλάξας
1653 2033 1721 2087 τὰ
1744 2050 1914 2105 προσ-

343 2129 597 2200 τάγματα
617 2126 805 2192 αὐτοῦ,
839 2128 919 2181 ὅτι
941 2127 1165 2198 ἧλπισεν
1198 2127 1286 2180 ἐπ’
1308 2126 1492 2180 αὐτόν.

2023 1937 2278 1992 tationem
2311 1933 2610 2002 experitur,
2639 1941 2694 1986 et
2730 1931 2894 2000 paulo
2928 1942 3050 2001 post
3101 1933 3152 1985 in
3189 1947 3354 2002 regno
3381 1932 3472 1987 Dei
3507 1934 3600 1988 ha-

2020 2027 2217 2084 bitabit
2249 2044 2263 2080 :
2296 2025 2494 2094 quippe
2524 2023 2613 2092 qui
2641 2021 2892 2076 mandata
2919 2022 3040 2092 ejus
3069 2023 3443 2089 custodiverit,
3474 2025 3598 2096 quia

2023 2122 2260 2192 speravit
2283 2121 2336 2174 in
2362 2134 2510 2174 cum.

1847 2233 2000 2289 CAP.
2035 2232 2100 2288 ll.

415 2335 602 2399 Οὕτως
649 2333 881 2406 κρύπτει
914 2335 1134 2405 ἐντολὴν
1185 2333 1278 2386 τοῦ
1309 2333 1443 2386 Θεοῦ
1472 2335 1500 2386 6
1529 2331 1696 2386 ποιῶν
1727 2329 1918 2401 αὐτὴν,

341 2425 373 2494 ἣ
404 2428 433 2479 ὁ
465 2425 538 2497 μὴ
568 2425 661 2480 ἐπὶ
710 2425 984 2496 κενοδοξία
1016 2424 1204 2478 ποιῶψ
1245 2425 1366 2478 ὅθεν
1391 2424 1485 2478 καὶ
1506 2427 1554 2477 οἱ
1583 2424 1834 2494 δαίμονες
1858 2425 1922 2476 ἐκ

345 2515 436 2569 τοῦ
488 2514 563 2586 μὴ
596 2517 892 2588 συγχωρεῖν
941 2516 1110 2587 αὐτὴν
1136 2518 1308 2569 ποιεῖν
1340 2517 1508 2588 ἡμᾶς,
1541 2513 1805 2588 ἁρπάζειν
1837 2514 1921 2566 λέ-

346 2625 553 2679 γονται.

413 2701 546 2754 Τότε
576 2701 826 2770 συνήσεις
849 2698 1008 2762 πῶςὸ
1034 2699 1196 2768 φόϐος
1219 2698 1312 2753 τοῦ
1327 2698 1531 2770 Κυρίου
1561 2699 1706 2771 ἀρχὴ⁴
1732 2700 1921 2769 σοφίας

345 2791 511 2855 ἐστὶν,
549 2793 641 2844 καὶ
670 2793 788 2855 πῶς
809 2792 908 2862 τῆς
934 2791 1028 2844 τοῦ
1054 2790 1189 2844 Θεοῦ
1212 2789 1466 2860 γνώσεως
1487 2790 1694 2858 γίνεται
1731 2791 1921 2862 πρόξε-

344 2901 452 2947 νος,
498 2884 625 2936 ὃταν
657 2885 715 2936 ὲν
761 2883 940 2936 πίστει
988 2884 1080 2936 καὶ
1110 2883 1260 2953 πόθῳ
1301 2882 1450 2953 αύτῷ
1478 2883 1729 2955 ὑπάρχῃς
1753 2900 1922 2955 προσ-

345 2974 490 3045 δεής·
515 2973 866 3045 προϋπάρξαι
893 2974 950 3027 δὲ
979 2974 1060 3027 δεῖ
1090 2974 1279 3042 σοφίαν
1317 2975 1412 3028 καὶ
1444 2974 1677 3037 σύνεσιν,
1707 2975 1841 3046 πρὸς
1863 2975 1923 3028 τὸ

344 3036 634 3135 δυνηθῆναι
692 3036 927 3118 συνεῖναι
975 3064 1138 3135 φόϐον
1166 3036 1417 3135 ’Κυρίοψ
1473 3036 1834 3142 προσάξωμεν
1865 3067 1922 3120 δὲ
1951 3036 1992 3094 c

347 3156 518 3209 ταῦτα
543 3158 655 3232 τοῖς
681 3157 778 3227 τὴν
818 3155 1012 3226 σοφίαν
1063 3156 1158 3210 καὶ
1179 3155 1393 3209 σύνεσιν
1431 3155 1788 3220 ὲξουθενοῦσι⁹
1821 3177 1923 3213 κα-

346 3247 636 3316 ταφεύγειν
669 3247 725 3300 δὲ
753 3246 1094 3318 βουλομένοις
1132 3249 1225 3301 ἐπὶ
1251 3248 1312 3301 τὸ
1342 3247 1622 3317 φοϐεῖσθαι
1653 3249 1743 3304 τὸν
1770 3249 1922 3315 Θεὸν,

345 3338 422 3403 ὡς
461 3339 552 3392 ἐπὶ
584 3339 804 3409 εὐχερὲς
827 3340 1080 3410 πρᾶγμα.

417 3431 652 3503 Χριστοῦ
705 3431 815 3503 γὰρ
855 3431 928 3502 μὴ
965 3430 1254 3502 ῥυομένου,
1291 3431 1366 3494 ὼς
1391 3431 1600 3502 ἀγαθὴν
1633 3431 1922 3504 ὁδεύσομεν

346 3525 446 3594 τὴν
474 3524 672 3594 κακήν·
708 3523 853 3591 ἅγιοι
888 3523 984 3594 μὲν
1010 3523 1118 3595 γάρ
1168 3523 1346 3576 πάντα
1391 3523 1605 3592 λέγουσι
1637 3526 1822 3579 πιστά·
1856 3525 1926 3578 τὰ

345 3613 404 3667 δὲ
452 3613 536 3668 οὔ·
567 3616 595 3668 ὸ
618 3615 673 3666 δὲ
689 3613 934 3677 διάϐολος
969 3612 1121 3666 οὐδὲν
1147 3614 1354 3677 πιστὸν,
1391 3615 1510 3667 ἀντὶ
1539 3613 1654 3677 τοῦ,
1691 3617 1925 3680 πίστεως

347 3705 516 3770 ἄξιον⁹
542 3706 712 3776 ἄνδρα
733 3705 843 3775 γὰρ
873 3704 967 3758 νῦν
992 3703 1083 3757 τὸν
1105 3703 1349 3758 διάϐολον
1373 3704 1542 3772 λέγει,
1575 3705 1650 3768 ὡς
1675 3707 1732 3758 ὲν
1744 3706 1924 3775 Εὐαγ-

347 3797 569 3865 γελίοις
591 3795 646 3849 εἴ
675 3812 740 3864 γε
768 3795 1052 3866 ἄνθρωπος
1082 3795 1316 3865 πονηρὸς
1351 3796 1571 3869 ἔσπειρε
1603 3798 1670 3851 τὰ
1692 3797 1922 3863 ζιζάνια·

351 3889 578 3961 μεγίστη
611 3889 666 3943 δὲ
695 3889 770 3952 ὡς
799 3887 974 3942 ἔοικεν
1011 3888 1290 3959 ἐπιϐουλὴ,
1321 3891 1384 3943 τὸ
1418 3893 1730 3960 περιτυχεῖν
1762 3891 1922 3964 βουλῇ

349 3982 516 4050 κακῇ,
567 3979 662 4033 καὶ
706 3978 931 4051 ἀνδράσι
971 3977 1163 4042 δολίοις
1201 3980 1296 4032 καὶ⁴
1339 3979 1591 4044 ὑπούλοις
1622 3981 1714 4034 καὶ
1762 3998 1926 4051 πονη-

351 4090 484 4144 ροις.

419 4166 482 4218 Εἰ
503 4167 536 4236 ἡ
566 4163 695 4218 ποιά
717 4162 879 4234 βουλὴ
901 4161 1330 4234 συντετριμμένη
1359 4164 1522 4234 ἤγουν
1546 4165 1922 4235 ἐσκοτισμένη,

346 4258 439 4313 νοῦ
478 4257 688 4328 κίνησίς
721 4258 886 4321 ἐστιν,
939 4255 1054 4319 πῶς
1104 4253 1242 4326 αῦτη
1279 4255 1540 4308 ἀπέλιπεν
1580 4255 1923 4310 διδασκαλίαν

344 4350 626 4419 νεότητος;
660 4347 778 4412 πῶς
799 4348 856 4401 δὲ
887 4349 983 4402 καὶ
1011 4346 1158 4411 θείας
1189 4347 1482 4402 ἐπελάθετο
1507 4347 1795 4418 διαθήκηςς
1835 4348 1922 4410 Ὠς
1955 4381 1998 4435 D

345 4442 456 4514 γὰρ
483 4441 609 4513 περὶ
632 4439 769 4506 ζώου
798 4439 1038 4510 λογικοῦ,
1066 4441 1164 4511 τῆς
1189 4442 1362 4510 κακῆς
1386 4439 1626 4511 βουλῆςὴ
1635 4443 1724 4511 μῖν
1746 4439 1923 4492 διαλέ-

345 4551 522 4604 γεται.
549 4535 618 4586 Ἦ
639 4533 732 4588 νῦν
765 4532 956 4603 βουλὴν
985 4533 1160 4603 κακὴν
1197 4532 1288 4586 τὸν
1309 4531 1741 4601 διάϐολονλέγει·
1769 4532 1924 4595 οὗτος

344 4624 456 4696 γὰρ
476 4622 660 4686 κακῶς
683 4621 1054 4683 ἐϐουλεύσατο,
1078 4619 1264 4673 εἰπών’
1301 4641 1320 4672 ι
1343 4622 1555 4674 Ἐπάνω
1577 4621 1684 4674 τῶν
1708 4621 1922 4692 ἄστρων

346 4715 500 4787 θήσω
523 4715 612 4767 τὸν
633 4713 819 4784 θρόνον
853 4731 974 4784 μου,
1000 4713 1093 4766 καὶ
1115 4713 1307 4783 ἔσομαι
1328 4713 1512 4784 ὅμοιος
1534 4712 1612 4783 τῷ
1627 4712 1883 4783 Ὑψίστῳο
1898 4731 1918 4764 ι

341 4807 641 4862 ἐπελάθετο
669 4807 724 4859 δὲ
749 4807 847 4876 τῆς
881 4805 1031 4868 θείας
1054 4804 1326 4873 γνώσεως,
1360 4804 1672 4858 καταλιπὼν
1700 4803 1796 4875 τὴν
1847 4803 1924 4856 δι-

342 4897 642 4951 δασκαλίαν
683 4896 782 4965 τῆς
816 4895 1082 4965 νεότητος·
1119 4896 1240 4965 ἥτις
1271 4895 1458 4964 νεότης
1502 4895 1602 4966 τὴν
1655 4893 1924 4967 προτέραν

347 4988 514 5043 αὐτοῦ
540 4988 871 5042 κατάστασιν
903 4987 1070 5058 δηλοῖ,
1125 4986 1248 5040 καθ’
1277 4987 1344 5058 ἣν
1372 4988 1466 5040 καὶ
1494 4985 1732 5056 ζηλωτὸς
1754 4982 1842 5057 ἦν’
1873 4988 1922 5039 εί

345 5080 404 5134 δὲ
416 5080 571 5143 νέους
602 5078 821 5133 δύναται
852 5078 1089 5142 συνετίζε
1099 5095 1144 5131 ιν
1166 5077 1293 5130 ἔνθα
1326 5077 1459 5131 πολὺ
1478 5079 1538 5131 τὸ
1559 5079 1827 5148 δυσήνιον,
1848 5077 1921 5149 μὴ

343 5173 649 5245 παρούσης·
675 5169 853 5240 πολλῷ
877 5171 1076 5241 μᾶλλον
1099 5169 1375 5242 πρεσϐύτῃ
1400 5169 1694 5240 ὠφέλιμος.

420 5349 571 5403 Ὅσοι
626 5346 1129 5416 καταλαμϐάνονται
1169 5347 1273 5400 ὑπὸ
1320 5347 1579 5401 ἐνιαυτῶν
1623 5347 1786 5418 ζωῆς,
1833 5346 1919 5400 διὰ

341 5439 453 5494 τῶν
483 5440 659 5512 ἔργων
690 5438 790 5509 τῆς
817 5435 1114 5508 μελλούσης
1133 5435 1363 5501 ἀειζώου
1389 5439 1555 5508 ζωῆς,
1585 5431 1730 5492 οὗτοι
1760 5452 1923 5491 κατα-

2101 2329 2144 2362 ¹³
2175 2327 2264 2384 Sic
2289 2327 2382 2382 Dei
2406 2334 2734 2395 praaceptum
2783 2325 3094 2388 abscondit,
3131 2327 3220 2394 qui
3250 2327 3378 2384 illud
3412 2329 3604 2385 obser-

2025 2431 2137 2484 vat,
2164 2418 2249 2474 vel
2279 2419 2372 2488 qui
2403 2417 2545 2472 haud
2571 2419 2641 2472 ob
2659 2432 2850 2471 vanam
2880 2416 3108 2482 gloriam
3133 2418 3404 2475 observat.
3424 2420 3602 2487 Quare

2025 2522 2083 2568 et
2109 2512 2404 2573 da'mones,
2449 2511 2576 2564 dum
2613 2525 2710 2564 nos
2744 2524 2850 2564 non
2889 2510 3072 2569 sinunt
3113 2509 3240 2564 illud
3272 2511 3600 2580 observare,

2027 2619 2219 2675 rapere
2259 2604 2534 2658 dicuntur.

2101 2699 2145 2730 “
2185 2697 2338 2752 Tune
2368 2695 2639 2763 intelliges
2666 2695 2934 2764 quomodo
2957 2696 3120 2750 timor
3143 2695 3357 2760 Domini
3389 2697 3600 2753 initium

2025 2791 2303 2860 sapientia)
2337 2789 2430 2854 sit,
2465 2797 2520 2843 et
2569 2788 2838 2856 quomodo
2867 2787 3162 2858 agnitionis
3194 2787 3286 2843 Dei
3323 2791 3481 2846 dator
3509 2792 3602 2858 sit,

2025 2883 2458 2953 quotiescunque
2507 2896 2626 2934 cum
2660 2880 2765 2934 fide
2793 2891 2846 2932 et
2876 2879 3144 2934 desiderio
3199 2881 3294 2936 fies
3326 2881 3442 2936 Deo
3472 2897 3602 2947 sup-

2027 2975 2168 3042 plex.
2202 2972 2308 3028 Sed
2352 2972 2562 3026 anteire
2606 2971 2766 3026 debet
2810 2971 3074 3039 sapientia
3119 2981 3174 3026 et
3225 2973 3602 3043 intelligentia,

2027 3065 2176 3132 prius
2202 3077 2362 3132 quam
2402 3061 2615 3116 Domini
2659 3063 2908 3116 timorem
2940 3064 3400 3130 comprehendere
3427 3075 3607 3120 mente

2024 3171 2212 3224 queas.
2249 3155 2375 3210 Haec
2411 3155 2478 3210 iis
2508 3155 2848 3210 inculcamus
2880 3153 2968 3224 qui
3003 3153 3326 3222 sapientiam
3359 3166 3414 3211 et
3441 3157 3603 3210 intel—

2023 3249 2299 3319 ligentiam
2348 3255 2742 3316 aspernantur;
2776 3255 2831 3300 et
2885 3255 3065 3300 tamen
3113 3249 3180 3301 ad
3231 3246 3322 3300 Dei
3351 3247 3603 3302 timorem

2025 3339 2286 3394 accedere
2313 3339 2520 3403 volunt,
2549 3348 2810 3407 tanquam
2841 3337 2908 3392 ad
2939 3337 3100 3392 facile
3125 3337 3424 3406 negotium.

2097 3432 2138 3462 ¹⁵
2171 3429 2282 3484 Nisi
2315 3428 2563 3483 Christus
2595 3444 2694 3484 nos
2721 3428 2932 3491 liberet.
2975 3431 3114 3485 mala
3139 3431 3225 3484 via
3253 3429 3418 3498 quasi
3456 3428 3598 3483 bona

2025 3535 2332 3590 pergemus.
2365 3520 2549 3574 Sancti
2593 3531 2744 3574 certe
2796 3520 3027 3574 fideliter
3082 3519 3264 3574 omnia
3299 3521 3511 3584 dicunt,
3548 3529 3605 3574 et

2023 3628 2146 3681 qua:
2171 3622 2300 3668 sunt
2338 3626 2518 3668 secus.
2555 3611 2810 3666 Diabolus
2832 3627 2961 3667 vero
2995 3612 3128 3667 nihil
3157 3612 3408 3677 fideliter,
3439 3613 3491 3667 id
3521 3625 3606 3668 est

2025 3704 2129 3759 ﬁde
2159 3705 2400 3776 dignum.
2426 3703 2673 3773 Namque
2704 3703 2793 3759 hic
2825 3705 3097 3759 diabolum
3132 3705 3232 3759 viri
3265 3705 3483 3762 nomine
3510 3707 3607 3762 de-

2026 3807 2202 3863 notat,
2231 3807 2290 3852 ut
2318 3799 2372 3853 in
2394 3798 2720 3869 Evangeliis,
2767 3798 3034 3868 siquidem
3069 3799 3178 3854 illic
3222 3799 3394 3855 malus
3437 3799 3605 3856 homo

2027 3890 2237 3943 zizania
2285 3889 2441 3944 sevit.
2475 3889 2832 3944 Maximarum
2885 3899 3035 3945 certe
3078 3890 3400 3945 insidiarum
3437 3892 3607 3946 instar

2025 3988 2127 4044 est,
2163 3995 2284 4034 cum
2315 3980 2510 4049 aliquis
2542 3980 2596 4034 in
2625 3995 2852 4051 pravum
2883 3980 3165 4035 consilium
3210 3981 3421 4047 incidit,
3443 3991 3606 4052 atque

2026 4071 2080 4125 in
2114 4072 2362 4126 homines
2393 4071 2630 4134 dolosos.
2663 4070 2907 4135 fallaces,
2941 4079 2995 4126 et
3023 4072 3321 4140 improbos.

2100 4161 2144 4191 ¹⁶
2176 4159 2232 4214 Si
2277 4160 2600 4214 cuicuimodi
2631 4160 2920 4214 consilium
2949 4161 3268 4226 contritum,
3301 4162 3355 4216 id
3379 4171 3464 4217 est
3503 4163 3604 4217 ob-

2027 4258 2326 4309 seuratum,
2371 4249 2566 4302 mentis
2607 4250 2900 4304 commotio
2944 4258 3060 4316 est,
3093 4266 3190 4304 cur
3220 4252 3602 4308 adolescentiae

2027 4341 2369 4410 disciplinam
2396 4340 2669 4406 deseruit;
2703 4355 2800 4395 cur
2827 4341 2993 4395 divini
3034 4341 3256 4397 ftederis
3289 4342 3452 4397 oblita
3478 4345 3605 4400 eSt?

2027 4431 2160 4485 Nam
2196 4431 2361 4485 veluti
2396 4447 2519 4485 cum
2549 4429 2800 4485 rationali
2833 4431 3054 4485 animali
3090 4433 3156 4486 de
3179 4447 3344 4502 pravo
3378 4434 3603 4488 consilio

2024 4523 2306 4578 nobiseum
2333 4522 2589 4591 loquitur.
2618 4520 2713 4576 Vel
2748 4537 2891 4576 nunc
2919 4520 3117 4576 malum
3151 4523 3437 4577 consilium
3470 4523 3603 4578 dicit

2025 4613 2314 4669 diabolum.
2350 4613 2447 4668 llic
2480 4613 2624 4668 enim
2665 4613 2906 4684 improbe
2936 4628 3119 4668 secum
3152 4614 3600 4680 deliberavit,di-

2025 4720 2152 4761 cens
2187 4720 2202 4758 :
2242 4725 2260 4757 ι
2288 4704 2463 4775 Super
2492 4715 2636 4759 astra
2663 4721 2858 4774 ponam
2901 4706 3150 4760 thronum
3176 4721 3377 4773 meum,
3399 4721 3603 4775 eroque

2026 4797 2217 4852 similis
2233 4798 2531 4852 Altissimo.
2563 4815 2580 4847 ι
2605 4797 2710 4851 Sed
2736 4798 2937 4852 oblitus
2961 4807 3045 4853 est
3069 4799 3264 4852 divinae
3280 4797 3597 4868 agnitionis,

2026 4889 2232 4956 abjecta
2266 4888 2646 4943 adolescentiae
2684 4887 2989 4958 disciplina.
3019 4889 3394 4944 Adolescentia
3414 4898 3597 4944 autem

2024 4979 2350 5046 intelligitur
2386 4977 2534 5047 prior
2567 4975 2685 5044 ejus
2726 4988 2923 5041 status,
2965 4993 3073 5046 quo
3105 4976 3232 5030 felix
3267 4986 3406 5030 erat.
3441 4976 3596 5042 Quod

2027 5071 2072 5125 si
2129 5071 2501 5126 adolescentes
2547 5069 2833 5139 disciplina
2881 5071 3101 5124 erudire
3145 5069 3431 5139 valemus}
3466 5078 3601 5123 tetas

2025 5165 2232 5231 absque
2257 5162 2542 5232 disciplina
2571 5162 2726 5217 valde
2757 5171 3050 5217 contumax
3073 5169 3186 5227 est;
3216 5161 3402 5230 utique
3431 5159 3601 5216 multo

2027 5252 2134 5308 erit
2167 5253 2354 5307 utilior
2379 5253 2584 5307 homini
2613 5252 2752 5306 seni.

2099 5345 2141 5376 ⁸⁷
2181 5344 2500 5414 Quicunque
2534 5344 3014 5414 apprehenduntur
3045 5343 3112 5398 ab
3146 5343 3303 5397 annis
3331 5343 3476 5409 vitae,
3502 5355 3601 5412 per

2026 5451 2188 5506 opera
2219 5437 2414 5493 futura:
2439 5446 2659 5493 αξιοι-ηαξ
2695 5437 2840 5502 vitae,
2885 5435 2938 5490 hi
2987 5446 3163 5491 rectas
3192 5435 3418 5490 semitas
3450 5435 3602 5488 inve-

420 5629 465 5661 ¹⁰
492 5629 660 5684 ν.27.
735 5630 775 5660 ¹¹
815 5643 869 5686 v.
900 5628 991 5684 5‘2.
1069 5628 1114 5658 ¹²
1138 5641 1190 5680 v.
1224 5626 1316 5680 '55.
1398 5625 1439 5656 ’³
1463 5641 1514 5680 v.
1560 5627 1585 5681 1
1692 5625 1736 5656 ¹⁵
1773 5640 1826 5682 v.
1861 5626 1915 5680 5.

2023 5627 2036 5656 "
2074 5641 2123 5681 v.
2162 5626 2249 5681 12.
2329 5628 2373 5660 ¹⁶
2401 5628 2573 5685 ν.17.
2647 5628 2692 5658 ⁸⁷
2718 5643 2769 5680 v.
2798 5627 2882 5683 19.

417 5749 768 5822 (Ξγιοοειιιιε
797 5751 862 5807 de
893 5749 1056 5805 variis
1098 5747 1290 5817 σοφίας
1319 5747 1613 5819 generibus
1663 5746 1950 5820 Origenes,
1985 5749 2072 5807 hic
2110 5751 2328 5821 quidem
2375 5765 2603 5822 pravam
2632 5751 2926 5820 serpentis,
2988 5764 3084 5806 seu
3131 5747 3354 5814 diaboli,
3385 5743 3603 5815 sapien-

352 5821 480 5881 tiam
509 5819 804 5889 indigitatu
