4186 6436
588 400 688 454 167

1463 385 2025 446 SUPPLEMENTUM
2064 387 2156 438 AD
2186 382 2512 440 Ol‘thENIS
2547 383 2964 440 EXEGETICA.

3753 384 3855 438 168

583 513 735 568 nit-nt
768 508 1168 579 imperturbata
1196 506 1500 576 quietusque
1530 507 1651 559 vitae
1695 505 1819 574 (Qui
1845 509 2024 572 secus)
2059 503 2144 556 mi-

2268 502 2602 571 λαμϐάνουσι
2636 501 2855 572 τρίϐους
2895 499 3109 563 εὐθείας
3143 500 3241 569 τῆς
3266 500 3538 571 ἀταράχου
3573 500 3667 552 καὶ
3707 499 3861 552 ἀδια-

583 603 878 660 serieordia
905 601 995 655 Dei
1024 616 1126 654 non
1153 598 1557 668 compelluntur
1575 598 1629 652 in
1663 597 1779 650 vias
1806 608 1984 650 rectas
2005 605 2165 649 ater-

584 713 665 750 na:
697 691 1111 750 vit.e.—-”l\'am
1146 687 1861 758 sectatoresjustitizediligit
1891 685 2164 748 Dominus,

585 799 760 852 neque
786 798 878 836 eos
917 782 1094 850 capiet
1124 780 1409 833 consilium
1448 777 1668 832 malum.
1695 776 1798 843 Qui
1844 787 2027 829 autem
2056 791 2160 830 non

584 875 992 944 appreheudunt
1016 881 1193 926 rectas
1219 871 1346 924 vitae
1374 870 1511 934 vias,
1549 884 1653 921 non
1689 877 2076 922 convertentur
2097 870 2163 921 ad

585 980 806 1035 regnum
845 963 961 1031 Dei,
997 965 1126 1034 quia
1158 963 1367 1019 scilicet
1401 961 1616 1016 diabolo
1643 958 1947 1013 confidunt.

2277 594 2471 649 στάτου
2510 592 2674 664 ζωῆς·
2715 595 2777 644 ού
2809 592 3318 663 καταλαμϐάνονται
3346 591 3451 644 ὑπὸ
3482 591 3591 644 τῶν
3618 594 3857 664 οίκτειρ-

2278 683 2393 753 μῶν
2422 683 2588 736 αύτοῦ
2623 684 2702 744 είς
2734 682 2833 746 τὰς
2868 682 3087 752 τρίϐους
3116 682 3215 750 τῆς
3243 681 3455 740 εὐθείας
3487 681 3763 744 ἀειζωης.
3789 711 3859 723 --

2274 772 2577 836 Διώκοντας
2599 772 2704 843 γὰρ
2725 771 3070 840 δικαιοσύνην
3093 772 3282 840 ἀγαπᾷ
3309 771 3532 842 Κύριος,
3565 772 3660 824 καὶ
3692 771 3752 824 ού
3782 771 3856 841 μὴ

2269 862 2743 933 συγκαταλάϐηται
2773 862 2967 924 αὐτοὺς
2992 863 3025 931 ἡ
3054 862 3148 915 τοῦ
3180 863 3420 932 πονηροῦ
3454 862 3639 932 βουλή·
3675 863 3740 915 ού
3763 879 3858 915 κα-

2265 955 2672 1026 ταλαμϐάνουσι
2722 956 2779 1009 δὲ
2809 955 3028 1025 τρίϐους
3054 955 3266 1019 εὐθείας
3299 955 3464 1025 ζωῆς·
3499 956 3621 1009 ούδέ
3655 956 3729 1026 μὴ
3758 957 3855 1009 ἀν-

2273 1047 2656 1118 τιστρέψουσιν
2687 1048 2766 1110 είς
2792 1047 2891 1115 τὴν
2937 1045 3214 1116 βασιλείαν
3241 1047 3333 1100 τοῦ
3366 1045 3522 1112 Θεοῦ,
3555 1049 3605 1100 οἱ
3633 1048 3712 1118 τῷ
3742 1048 3854 1102 δια·-

2279 1139 2421 1209 ϐόλῳ
2443 1137 2782 1201 πεποιθότες.

2086 1251 2238 1306 CAP.
2273 1252 2360 1307 111.

662 1345 704 1377 ¹⁹
735 1345 828 1400 Ille
856 1345 1198 1401 obliviscitur
1237 1345 1394 1416 legis,
1436 1347 1525 1416 qui
1569 1343 1816 1416 legitime
1841 1358 1946 1399 non
1979 1345 2112 1400 vivit
2143 1366 2144 1393 :

2338 1339 2507 1411 Οὗτος
2529 1347 2942 1403 ἐπιλανθάνεται
2957 1347 3050 1401 τοῦ
3068 1349 3255 1418 νόμου,
3279 1349 3307 1400 6
3328 1349 3400 1419 μὴ
3418 1347 3665 1418 νομίμως
3681 1347 3847 1416 βιούς·

583 1438 828 1492 meminit
858 1453 988 1493 vero
1036 1437 1188 1508 legis,
1229 1438 1318 1508 qui
1351 1453 1417 1493 ex
1447 1438 1563 1508 ejus
1586 1453 1774 1492 norma
1821 1438 1986 1491 vitam
2015 1453 2132 1493 com

2266 1433 2419 1502 οῦτος
2449 1438 2506 1491 δὲ
2539 1439 2807 1510 μέμνηται
2847 1439 2942 1492 τοῦ
2989 1439 3176 1510 νόμου,
3210 1442 3239 1493 6
3271 1438 3377 1504 ζῶν
3405 1440 3527 1492 κατ’
3549 1439 3731 1492 αὐτόν·
3758 1439 3851 1492 καὶ

581 1529 752 1598 ponit.
779 1527 873 1582 Ille
903 1529 1028 1583 item
1063 1529 1226 1582 verba
1275 1529 1365 1582 Dei
1398 1530 1654 1592 cuStodit,
1679 1529 1769 1598 qui
1803 1545 1905 1582 non
1942 1543 2004 1584 ea
2037 1537 2144 1582 tau-

2266 1527 2418 1595 οὗτος
2449 1535 2610 1603 τηρεῖ
2638 1532 2705 1585 τὰ
2755 1533 2973 1604 ῥήματα
3003 1532 3097 1585 τοῦ
3132 1531 3289 1596 Θεοῦ,
3316 1534 3344 1585 6
3384 1534 3458 1603 μὴ
3495 1532 3652 1603 μόνον
3681 1532 3851 1584 ποιῶν

582 1621 860 1676 tummodo
891 1621 1230 1689 exsequitur,
1271 1621 1364 1674 sed
1405 1629 1459 1674 et
1495 1621 1617 1675 aliis
1651 1621 1790 1675 idem
1823 1621 2004 1676 facere
2034 1638 2144 1677 sua-

2263 1626 2426 1688 αύτά,
2483 1625 2617 1678 ἀλλά
2665 1627 2759 1678 καὶ
2810 1625 2987 1688 ἄλλοις
3025 1626 3543 1696 συμϐουλευόμενος.
3579 1620 3746 1688 Οὗτος
3789 1623 3851 1678 δέ

579 1715 689 1769 det.
720 1714 767 1768 ls
794 1723 972 1769 autem
1008 1715 1169 1768 verba
1197 1715 1288 1768 Dei
1319 1717 1653 1784 pessumdat,
1684 1717 1776 1785 qui
1819 1729 1916 1770 nee
1945 1717 2059 1786 ipse
2090 1731 2144 1770 ea

2261 1714 2552 1768 ἀπόλλυσιν
2583 1715 2743 1778 αὐτὰ,
2777 1716 2806 1767 ό
2832 1715 2905 1785 μὴ
2929 1714 3248 1784 βουλόμενος
3283 1715 3542 1785 πράττειν
3569 1714 3728 1778 αύτά,
3755 1712 3852 1767 καὶ

578 1805 800 1874 exsequi
843 1805 975 1868 vult,
1007 1814 1063 1860 et
1111 1805 1248 1859 alios
1297 1806 1517 1877 insuper
1566 1807 1810 1876 impedit.
1852 1804 1966 1861 Non
2011 1807 2144 1862 enim

2258 1809 2479 1878 ἐτέρους
2507 1807 2748 1861 κωλύων·
2795 1808 2856 1859 ού
2899 1808 3008 1878 γὰρ
3050 1809 3099 1861 οί
3146 1809 3409 1878 ἀκροαταὶ
3444 1807 3539 1861 τοῦ
3567 1808 3729 1879 νόμου
3777 1807 3850 1860 δι-

578 1897 854 1952 auditores
891 1895 1024 1967 legis
1062 1895 1522 1965 justiﬁeabuntur.

648 1990 694 2020 ’θ
726 1988 964 2054 Sanitas,
1007 2004 1172 2057 quam
1208 1989 1381 2044 virtus
1415 1991 1637 2059 praebet,
1693 1991 1894 2046 medela
1919 2000 2004 2046 est
2035 1991 2156 2046 vita:

581 2092 686 2137 tuae
731 2083 849 2137 :sic
900 2082 1060 2136 etiam
1119 2081 1213 2136 Dei
1252 2083 1423 2151 gratia
1458 2093 1512 2136 et
1557 2097 1688 2137 cura
1733 2083 2156 2154 cogitationibus

577 2175 686 2228 tuis
701 2182 755 2228 et
771 2174 1031 2228 consiliis.
1051 2173 1186 2229 Cum
1210 2175 1405 2229 auimze
1434 2175 1600 2238 vires,
1623 2175 1675 2228 id
1699 2184 1782 2230 est
1809 2176 2056 2241 virtutes,
2075 2176 2157 2229 di-

575 2267 754 2318 vinam
778 2279 958 2318 curam
984 2265 1188 2319 sortitae
1208 2264 1430 2330 fuerint,
1446 2275 1571 2319 tunc
1590 2265 1768 2319 omnia
1791 2280 1912 2321 ossa
1932 2280 2048 2320 mea
2069 2264 2153 2319 dl-

575 2363 701 2410 cent
731 2372 745 2408 :
786 2375 804 2407 (
832 2355 1073 2419 Domine,
1098 2355 1342 2419 Domine,
1369 2355 1490 2424 quis
1507 2355 1696 2409 similis
1721 2364 1802 2409 est
1820 2356 1952 2410 tibi?
1977 2374 1996 2407 ι
2019 2354 2151 2410 Nam

576 2445 759 2498 divino
786 2443 1036 2513 prmsidio
1066 2445 1374 2521 impetrato,
1403 2444 1734 2499 memorialis
1772 2443 2002 2499 facultas
2036 2446 2152 2498 ani-

575 2551 674 2590 mae
696 2550 916 2605 prorsus
931 2536 1106 2589 dicet:
1127 2534 1358 2589 «Memor
1371 2536 1445 2589 fui
1469 2536 1580 2602 Dei,
1599 2544 1653 2590 et
1670 2535 1844 2591 laetata
1873 2551 2010 2591 sum.
2027 2555 2046 2588 ι
2069 2539 2153 2591 Si-

572 2628 776 2682 militer
793 2627 1207 2695 contemplativa
1231 2623 1459 2683 facultas
1476 2630 1618 2684 dicet
1645 2647 1658 2682 :
1688 2648 1706 2680 (
1737 2629 2148 2698 Intellexiopera

572 2728 682 2779 tua,
701 2727 754 2772 et
770 2718 1041 2786 obstupui.
1069 2737 1086 2768 ι
1105 2717 1474 2775 Desiderativa
1489 2736 1643 2790 atque
1661 2723 1830 2778 dicet:
1852 2742 1870 2773 ι
1903 2722 2148 2786 Domine,

568 2824 752 2865 emam
791 2817 842 2862 te
871 2823 1032 2862 omne
1065 2809 1393 2866 desiderium
1434 2828 1636 2868 meum.
1663 2831 1681 2865 ι
1711 2815 1950 2884 Denique
1987 2815 2149 2870 ratio-

573 2903 709 2958 nalis
739 2902 965 2961 facultas
991 2907 1164 2960 dicet:
1195 2923 1213 2954 t
1243 2904 1488 2974 Cogitavi
1520 2907 1633 2960 dies
1659 2909 1928 2976 antiquos.
1955 2926 1974 2958 ι
2003 2907 2150 2964 Reli-

571 3009 692 3064 quae
725 2998 927 3065 pariter
965 2997 1248 3051 facultates
1282 2997 1354 3050 ita
1379 3011 1436 3051 se
1470 3007 1679 3067 gerent.

641 3175 687 3206 “
725 3173 1018 3243 Sapientiae
1043 3174 1301 3230 studiosis
1337 3174 1472 3228 nihil
1518 3174 1800 3230 molestum
1834 3175 1964 3239 erit,
2009 3175 2149 3230 sicut

570 3269 734 3321 etiam
784 3267 838 3321 in
874 3267 1115 3337 pecuniae
1172 3267 1470 3338 cupiditate
1507 3267 1782 3322 usuvenit.
1825 3266 1976 3321 Mens
2013 3281 2145 3335 pura

569 3359 892 3428 propinquat
921 3359 1224 3428 sapientiae,
1257 3360 1382 3428 quia
1416 3358 1557 3428 quod
1604 3363 1804 3412 bonum
1835 3370 1921 3412 est
1959 3359 2138 3427 digno-

569 3449 689 3502 scit.
745 3447 1128 3504 Verumtamen
1174 3451 1389 3519 impura
1441 3464 1595 3504 meus
1653 3451 1915 3520 sapientia
1961 3449 2146 3520 procul

571 3539 765 3593 aberit.

637 3633 688 3663 "
750 3631 862 3686 lloc
915 3633 1116 3702 lignum
1194 3641 1316 3701 post
1382 3632 1869 3703 transgressionem
1928 3643 2146 3698 gustare

567 3725 806 3777 Adamus
840 3725 1198 3792 prohibetur;
1232 3726 1432 3795 quippe
1471 3725 1599 3794 quia
1635 3739 1664 3777 a
1693 3723 1917 3792 iustitia:
1953 3724 2144 3779 fructi-

569 3821 666 3872 bus
690 3818 938 3872 nascitur
971 3817 1133 3873 arbor
1164 3819 1314 3873 vita).
1355 3819 1530 3872 Arbor
1561 3833 1692 3873 vero
1717 3819 1862 3881 vite,
1882 3817 2142 3887 sapientia

564 3908 660 3965 Dei
693 3920 796 3965 est.
836 3909 1035 3964 Merito
1061 3923 1244 3966 autem
1278 3918 1504 3980 tangere
1530 3910 1736 3979 lignum
1784 3910 1887 3964 hoc
1915 3909 2141 3964 interdi-

563 4004 710 4057 citur
736 4003 923 4071 iniquo
950 4001 1144 4058 cuivis.

632 4093 681 4125 ³³
703 4093 844 4147 Deus
878 4093 1145 4162 sapientia
1173 4107 1266 4147 sua
1304 4099 1504 4146 terram
1536 4108 1752 4163 quoque
1781 4093 2052 4158 fundavit,
2087 4103 2143 4150 et

563 4200 729 4241 sensu
773 4185 892 4253 ejus
921 4197 1222 4254 eruperunt
1259 4187 1462 4255 abyssi,
1503 4196 1556 4240 et
1600 4187 1771 4239 nubes
1801 4200 1922 4240 rore
1946 4201 2138 4239 mana-

562 4287 708 4332 runt.
750 4276 920 4344 Quam
947 4292 1075 4346 ergo
1119 4277 1206 4331 hic
1247 4277 1501 4331 Salomon
1551 4287 1758 4332 terram
1805 4279 1961 4343 dixit,
2001 4279 2139 4331 Pau-

561 4371 646 4424 lus
689 4371 1032 4424 latitudinem
1067 4369 1398 4438 appellavit;
1443 4381 1497 4424 et
1531 4372 1622 4440 qui
1659 4370 1746 4425 hic
1786 4371 1908 4424 caeli
1953 4371 2138 4424 dicun-

2259 1901 2680 1972 καιωθήσονται.

2330 1999 2501 2060 Ἴασις
2525 1997 2671 2048 ἐστὶν
2694 1997 2728 2066 ἡ
2763 1994 2822 2059 ἐξ
2843 1993 3044 2065 ἀρετῆς
3079 1994 3259 2062 ὑγίεια
3292 1995 3356 2064 τῇ
3395 1993 3640 2065 πολιτείᾳ
3663 2011 3775 2047 σου·
3809 1997 3842 2065 ἡ

2254 2089 2309 2142 δὲ
2342 2087 2435 2141 τοῦ
2467 2087 2600 2140 Θεοῦ
2646 2088 2806 2158 χάρις
2841 2085 2934 2139 καὶ
2974 2086 3265 2156 ἐπιμέλεια
3303 2087 3415 2148 τοῖς
3437 2083 3716 2155 λογισμοῖς
3749 2101 3842 2138 σου

2255 2182 2349 2235 καὶ
2371 2180 2745 2250 διανοήμασιν·
2779 2179 2908 2232 ὅταν
2940 2178 2999 2231 αἱ
3029 2177 3288 2248 δυνάμεις
3315 2177 3412 2247 τῆς
3437 2175 3632 2254 ψυχῆς,
3678 2176 3846 2246 ἡγουν

2253 2275 2310 2325 at
2343 2272 2559 2342 ἀρεταὶ,
2603 2269 2918 2340 ἐπιμελείας
2957 2269 3182 2338 τύχωσι,
3215 2269 3276 2321 τὸ
3317 2267 3615 2338 τηνικαῦτα
3660 2267 3845 2338 ἐροῦσι

2257 2365 2430 2418 πάντα
2462 2363 2530 2417 τά
2548 2365 2680 2416 ὀστᾶ
2707 2379 2827 2433 μου·
2849 2382 2866 2413 ι
2898 2361 3092 2432 Κύριε,
3117 2361 3308 2431 Κύριε,
3352 2361 3435 2423 τίς
3463 2360 3648 2430 ὅμοιός
3670 2376 3784 2422 σοι;
3815 2377 3840 2414 ι

2269 2456 2614 2528 Ἐπιμελείας
2637 2456 2745 2525 γὰρ
2758 2454 2996 2525 τυχοῦσα
3023 2455 3054 2523 ἡ
3077 2453 3478 2524 μνημονευτικὴ
3501 2453 3724 2523 δύναμις
3745 2453 3845 2523 τῆς

2250 2545 2446 2615 ψυχῆς,
2479 2547 2692 2609 πάντως
2732 2547 2846 2615 ἐρεῖ
2875 2546 2956 2599 τόο
2986 2563 3006 2597 ι
3029 2544 3335 2615 Ἐμνήσθην
3353 2543 3445 2596 τοῦ
3476 2544 3612 2598 Θεοῦ
3642 2545 3735 2597 καὶ
3751 2546 3843 2598 εύ-

2253 2637 2514 2708 φράνθην.
2540 2657 2558 2689 ι
2577 2636 2808 2706 Ὁμοίως
2828 2637 2882 2689 δὲ
2907 2638 2996 2690 καὶ
3015 2637 3263 2707 η’ὀπτικὴ
3292 2635 3432 2700 λέξει
3448 2645 3527 2689 τό·
3548 2659 3562 2684 ι
3577 2637 3846 2710 Κατενόη-

2253 2726 2388 2780 σατά
2404 2726 2540 2795 ἔργα
2553 2743 2666 2790 σου,
2697 2728 2789 2779 καὶ
2821 2727 3062 2796 ἐξέστην.
3078 2744 3096 2777 ι
3116 2723 3387 2788 Ὡσαύτως
3403 2727 3457 2780 δὲ
3475 2728 3569 2781 καὶ
3590 2730 3622 2798 ἡ
3651 2727 3843 2781 ἐπιθυ-

2254 2820 2475 2890 μητική·
2498 2838 2515 2868 ι
2545 2817 2736 2889 Κύριε,
2769 2818 3009 2870 ἐναντίον
3043 2835 3136 2870 σου
3155 2819 3304 2872 πᾶσα
3331 2821 3365 2888 ἡ
3393 2818 3652 2889 ἐπιθυμία
3678 2837 3836 2891 μον»

2249 2913 2365 2981 ἐρεῖ
2394 2909 2449 2962 δέ
2467 2912 2557 2962 καὶ
2577 2912 2608 2979 ἡ
2628 2909 2839 2979 λαγική·
2866 2909 3289 2980 σΔιελογισάμην
3316 2911 3526 2981 ἡμέρας
3546 2912 3801 2982 ἀρχαίας.
3815 2932 3833 2965 ι

2249 3002 2407 3056 Κατά
2436 3000 2611 3055 ταῦτα
2660 3001 2999 3071 συμϐήσεται
3032 3003 3126 3055 καὶ
3150 3003 3243 3055 ἐπὶ
3290 3002 3396 3055 τῶν
3447 3002 3622 3056 ἀλλων
3673 3002 3838 3058 δυνά-

2177 3125 2217 3179 C
2257 3107 2426 3160 μεων.

2321 3183 2706 3246 Τουτέστιτοῖς
2734 3182 3077 3253 βουλομένοις
3112 3183 3265 3236 ούδέν
3291 3184 3548 3237 δύσκολον
3575 3184 3708 3254 ἔχοι,
3738 3203 3836 3238 κα-

2250 3275 2430 3347 θάπερ
2455 3279 2488 3346 ἡ
2517 3276 2624 3328 τῶν
2648 3275 2944 3346 χρημάτων
2972 3274 3255 3345 ἐπιθυμία·
3273 3276 3398 3339 νοῦς
3426 3278 3661 3348 καθαρὸς
3690 3278 3836 3346 ἐγγί-

2249 3368 2328 3432 ζει
2354 3369 2532 3440 σοφία·
2562 3368 2749 3438 ἐπειδὴ
2781 3367 2841 3419 τὸ
2879 3361 2936 3419 εῦ
2963 3366 3238 3434 γινώσκει·
3267 3369 3296 3420 6
3315 3367 3374 3420 δέ
3395 3368 3703 3440 ἀκάθαρτος
3736 3387 3833 3439 μα-

2248 3458 2451 3531 κρυνθή
2464 3477 2610 3513 σεται
2645 3462 2736 3513 ἀπ’
2752 3459 2940 3530 αὐτῆς.

2319 3632 2522 3686 Τούτου
2570 3633 2664 3686 τοῦ
2698 3633 2856 3699 ξύλου
2901 3633 3037 3702 μετά
3081 3632 3178 3704 τὴν
3224 3634 3538 3704 παράϐασιν
3571 3636 3599 3688 6
3659 3635 3832 3705 ’Ᾱδάμ

2251 3726 2684 3795 μεταλαμϐάνειν
2735 3725 3032 3778 κωλύεται·
3090 3727 3249 3797 εῐπερ
3305 3727 3413 3780 ἀπὸ
3465 3727 3696 3798 καρπῶν
3751 3729 3832 3781 δι-

2246 3817 2538 3888 καιοσύνης
2585 3817 2868 3885 φυτεύεται
2916 3818 3131 3888 δένδρον
3182 3819 3354 3889 ζωῆς·
3403 3820 3463 3872 τὸ
3513 3818 3568 3870 δὲ
3614 3819 3832 3890 δένδρον

2245 3907 2408 3978 ζωῆς,
2443 3910 2475 3978 ἡ
2524 3907 2615 3961 τοῦ
2657 3909 2792 3961 Θεοῦ
2831 3910 2990 3977 σοφία
3045 3910 3197 3961 ἐστί·
3235 3908 3464 3972 δικαίως
3495 3909 3552 3963 δὲ
3586 3909 3827 3979 ἅψασθαι

2244 3998 2547 4052 κεκώλυται
2571 4000 2760 4052 τούτου
2790 3999 2882 4053 τοῦ
2910 4000 3068 4064 ξύλου
3101 4001 3209 4062 πᾶς
3243 4001 3578 4072 παράνομος.

2322 4091 2382 4142 ὐ
2425 4091 2555 4155 Θεὸς
2604 4095 2669 4162 τῇ
2721 4093 2818 4162 μὲν
2869 4094 3031 4163 σοφία
3059 4093 3151 4146 καὶ
3179 4093 3276 4162 τὴν
3318 4094 3420 4164 γῆν
3463 4093 3822 4164 ἐθεμελίωσε·

2241 4183 2332 4235 διὰ
2363 4183 2420 4235 δὲ
2452 4184 2550 4253 τῆς
2581 4184 2883 4254 αίσθήσεως
2921 4184 3085 4237 αὐτοῦ
3117 4183 3432 4254 ἐρρἀησαν
3474 4185 3720 4245 ἄϐυσσοι,
3756 4186 3824 4238 τὰ

2239 4275 2295 4328 δὲ
2319 4275 2453 4345 νέφη
2481 4275 2756 4346 ἐρρύησαν
2783 4275 3035 4347 δρόσους·
3067 4276 3133 4346 ἢν
3162 4272 3255 4329 οῦν
3278 4276 3514 4330 ἐνταῦθα
3542 4278 3644 4346 γῆν
3677 4273 3820 4341 εἷπε,

2241 4367 2450 4430 Παῦλος
2484 4369 2513 4419 6
2545 4368 2699 4435 ἆγιος
2727 4367 2927 4430 πλάτος
2967 4368 3216 4438 ὠνόμασε
3236 4386 3250 4400 ο
3299 4369 3396 4422 καὶ
3427 4372 3552 4432 τοὺς
3589 4370 3826 4424 ἐνταῦθα

565 4474 674 4528 tur,
706 4461 1048 4515 altitudinem
1073 4461 1162 4516 ille
1192 4469 1352 4515 vocat
1383 4461 1684 4529 qupistola
1726 4461 1794 4515 ad
1832 4462 2092 4529 Ephesios
2119 4480 2133 4525 ;

2248 4456 2501 4526 οὐρανοὺς
2530 4456 2876 4526 λεγομένους,
2911 4456 3042 4526 ὕψος
3083 4459 3286 4522 ἐκεῖνος
3307 4461 3362 4511 ἐν
3393 4461 3457 4528 τῇ
3487 4459 3622 4528 πρὸς
3659 4454 3822 4527 Ἐφε-

561 4564 617 4607 et
643 4569 763 4623 quae
793 4554 1000 4622 tropice
1035 4553 1291 4607 dicuntur
1335 4555 1537 4624 abyssi,
1580 4570 1672 4608 eas
1708 4554 2132 4624 profunditatem

562 4647 693 4700 dicit
726 4668 736 4702 :
770 4647 1033 4702 roriferas
1061 4647 1292 4716 denique
1334 4646 1524 4710 nubes,
1565 4646 1973 4716 longitudinem.
2009 4643 2133 4698 Haec

560 4752 725 4808 porro
759 4739 938 4794 omnia
978 4739 1328 4792 rationalium
1362 4748 1678 4791 naturarum
1709 4737 1950 4807 symbola
1983 4747 2127 4800 sunt,

560 4843 680 4896 quae
718 4839 912 4883 ornatu
943 4838 996 4882 et
1027 4843 1258 4898 corpore
1286 4825 1539 4882 dilIeruut
1571 4829 1868 4882 secundum
1897 4827 2128 4896 propriae

561 4922 966 4976 constitutionis
996 4921 1324 4990 analogiam.
1349 4919 1611 4990 Congruit
1633 4919 1911 4988 sapientia
1932 4933 2126 4972 nomen

560 5012 722 5065 etiam
748 5011 837 5065 Dei
857 5012 1014 5068 Filio.
1043 5013 1150 5067 Sed
1175 5024 1229 5066 et
1255 5013 1439 5065 anima
1467 5009 1660 5074 ﬁdelis,
1691 5019 1831 5065 terra
1849 5019 1930 5064 est
1945 5018 2132 5063 centu-

558 5104 752 5173 plicem
785 5103 1017 5158 frurtum
1051 5106 1321 5160 reddens:
1358 5120 1479 5173 qua:
1520 5103 1737 5172 quidem
1782 5116 1847 5157 ex
1901 5102 2128 5170 pingue-

558 5197 704 5261 dine,
735 5196 784 5249 id
808 5206 891 5250 est
917 5198 1206 5266 sapientia,
1252 5197 1473 5264 sapiens
1516 5199 1605 5259 fit,
1645 5194 1753 5249 Deo
1805 5193 2129 5263 sapientiam

557 5301 720 5356 super
749 5303 808 5340 ea
843 5286 1118 5341 fundante.
1159 5287 1309 5341 Facit
1335 5289 1479 5342 enim
1506 5288 1648 5342 hanc
1673 5287 1905 5340 animam
1924 5285 2129 5339 doctri-

555 5392 637 5429 me
668 5376 964 5442 cumulum,
1003 5379 1282 5446 sapientia:
1312 5381 1572 5442 cinnum;
1618 5385 1778 5446 atque
1805 5391 1870 5430 ex
1895 5390 1956 5430 ea
1989 5389 2130 5427 sem-

554 5481 648 5532 per
679 5466 1016 5534 proliciente,
1045 5467 1245 5522 caelum
1277 5466 1440 5520 elﬁcit
1465 5506 1480 5530 ,
1523 5465 1872 5535 purissimam
1906 5471 2126 5516 creatu-

554 5569 688 5620 ram,
722 5557 1037 5625 angelorum
1082 5567 1247 5626 atque
1295 5556 1744 5611 intellectualium
1797 5553 2128 5609 substantia-

554 5663 668 5700 rmn
702 5648 1066 5705 habitaculum
1094 5690 1110 5716 ,
1143 5650 1459 5706 exsisteutis
1492 5650 1588 5704 Dei
1629 5663 1789 5703 sensu
1821 5645 2123 5716 praeditam.

623 5825 854 5884 "v.19.
895 5830 938 5861 ιο
1010 5845 1063 5884 v.
1095 5831 1145 5884 l.
1226 5831 1269 5861 ³ο
1304 5830 1440 5885 v.8.
1502 5834 1563 5906 _n
1602 5846 1652 5885 v.
1701 5831 1786 5886 15.

2238 4545 2386 4606 σίους
2417 4544 2600 4596 καλεῖ·
2627 4545 2720 4597 καὶ
2746 4545 2843 4607 τὰς
2873 4545 3171 4615 λεγομένας
3206 4547 3482 4617 τροπικῶς
3521 4548 3819 4612 ἀϐύσσους,

2233 4635 2488 4704 ὀνομάζει
2533 4635 2720 4706 βάθος·
2774 4637 2843 4690 τά
2895 4637 3278 4708 δεδροσωμένα
3312 4639 3468 4711 νέφη,
3517 4640 3690 4710 μῆκος
3723 4659 3822 4693 καο

2233 4729 2347 4781 λεῖ·
2382 4727 2556 4781 ταῦτα
2583 4729 2638 4781 δὲ
2673 4729 2850 4782 πάντα
2882 4730 3115 4798 λογικῶν
3151 4733 3267 4784 ἐστι
3302 4731 3518 4800 φύσεων
3547 4732 3814 4802 σύμϐολα,

2233 4819 2624 4890 διαιρουμένων
2670 4821 2895 4891 κόσμοις
2929 4821 3023 4875 καὶ
3071 4821 3282 4893 σώματι
3334 4823 3474 4876 κατά
3526 4824 3820 4892 ἀναλογίαν

2234 4913 2332 4983 τῆς
2377 4915 2787 4977 καταστάσεως·
2831 4914 3058 4985 ἁρμόζει
3102 4914 3260 4967 τοῦτο
3301 4915 3395 4968 καὶ
3437 4913 3531 4967 νῦν
3580 4915 3657 4985 τῷ
3702 4916 3817 4986 Υἱῷ

2234 5004 2327 5057 τοῦ
2369 5004 2534 5058 Θεοῦ·
2597 5005 2732 5059 ἀλλά
2795 5006 2888 5058 καὶ
2938 5007 2971 5075 ἡ
3029 5004 3174 5076 ψυχὴ
3222 5007 3255 5076 ὴ
3309 5005 3496 5076 πιστὴ,
3550 5007 3620 5076 γῆ
3667 5008 3814 5060 ἐστιν

2239 5096 2729 5150 ἐκατονταπλασίον
2788 5097 3240 5167 καρποφοροῦσα·
3306 5097 3442 5168 αῦτη
3491 5097 3546 5150 δὲ
3599 5100 3663 5150 ἐκ
3714 5100 3815 5170 τῆς

2239 5190 2508 5259 πιότητος,
2541 5189 2661 5258 ἥτις
2707 5188 2825 5240 ἐστὶ
2862 5189 3040 5256 σοφία,
3080 5191 3214 5259 σοφή
3240 5207 3253 5220 ·
3301 5189 3676 5259 θεμελιοῦντος
3718 5191 3815 5244 αύ-

2235 5281 2333 5351 τὴν
2392 5281 2476 5331 ἐπ’
2527 5280 2663 5349 αὐτῇ
2713 5277 2808 5332 τοῦ
2852 5279 3020 5331 Θεοῦ·
3073 5281 3285 5348 ἐδράζει
3329 5280 3438 5352 γὰρ
3496 5281 3664 5351 αὐτὴν
3710 5282 3812 5351 τὴν

2235 5371 2554 5443 συναγωγὴν
2606 5372 2706 5442 τῆς
2757 5371 3126 5435 διδασκαλίας,
3183 5373 3275 5425 καὶ
3330 5372 3490 5442 πῆξιν
3549 5373 3655 5425 ἀπὺ
3726 5388 3810 5424 σο-

2235 5464 2362 5532 φίας
2407 5462 2761 5533 ποιούμενος·
2817 5463 2912 5516 καὶ
2962 5465 3048 5517 ἀεὶ
3107 5464 3544 5535 προκοπτούσης,
3581 5464 3808 5535 ούρανδν

2233 5557 2627 5628 ἀπεργάζεται,
2663 5556 3046 5626 καθαρώτατον
3083 5557 3308 5627 κτίσμα,
3348 5557 3594 5625 ἀγγέλων
3627 5574 3685 5609 τε
3716 5557 3809 5609 καὶ

2233 5646 2341 5700 τῶν
2374 5644 2578 5726 νοερῶν
2605 5645 2801 5700 ούσιῶν
2850 5647 3188 5718 οἰκητήριον,
3227 5645 3496 5700 λαϐοῦσαν
3530 5663 3588 5700 τε
3615 5646 3807 5718 αἴσθη-

1864 5831 1908 5861 ²¹
1953 5844 2003 5884 v.
2056 5828 2141 5885 18.
2219 5829 2264 5861 ⁸³
2304 5845 2352 5882 v.
2387 5830 2476 5885 19.
