4186 6388
366 348 458 402 169
1526 336 1890 391 ιςχιιοειτιο
1933 336 1943 388 Ι

2049 334 2173 390 PRO
2184 333 2454 390 VERBIA.

3523 339 3626 392 I70

359 484 438 518 σιν
475 462 566 516 τοῦ
615 461 785 525 ὄντος,
830 462 922 516 καὶ
969 458 1333 513 κατανοοῦσαν
1387 458 1482 527 τὴν
1533 457 1640 508 τῶν
1684 458 1936 526 πραγμά-

2049 470 2224 508 rerum
2267 455 2470 509 intimte
2516 463 2718 509 natura:
2770 456 3039 525 peritam,
3078 463 3132 510 ct.
3199 456 3474 513 variorum
3529 461 3622 514 Dei

354 572 460 607 των
505 552 814 623 ἀκρίϐειαν,
858 551 1020 603 οἱονεὶ
1066 550 1125 602 τὸ
1166 548 1474 618 πολύμυθον
1523 546 1627 600 τῶν
1670 546 1762 599 τοῦ
1805 546 1937 598 Θεοῦ

356 645 663 717 χριμάτων.

427 736 572 808 Πρὸς
609 735 783 806 μόνην
832 733 934 804 τὴν
979 732 1171 802 σοφίαν
1200 731 1553 786 ἀδυνατοῦσιν
1587 732 1633 782 οἱ
1664 729 1938 800 δαίμονες,

355 827 647 897 λογισμοὺς
677 825 968 896 ἐμϐάλλειν
1003 826 1082 888 είς
1111 823 1208 894 τὴν
1232 823 1462 894 καρδίαν
1487 822 1578 874 τοῦ
1601 819 1940 889 ’σεσοφισμέ-

355 935 447 968 νου
485 916 558 986 μὴ
589 914 1056 987 συγχωρούμενοι·
1092 916 1121 965 ὁ
1160 913 1268 985 γὰρ
1309 912 1433 974 νοῦς
1475 913 1586 974 τοῖς
1616 911 1717 980 τῆς
1753 908 1942 976 σοφίας

356 1007 804 1076 ἀντιποιούμενος
860 1005 1241 1077 θεωρήμασιν,
1314 1003 1663 1064 ἀνεπίδεκτος
1733 1001 1941 1069 γίνεται

357 1099 629 1169 λογισμῶν
670 1097 1019 1168 ἀκαθάρτων,
1057 1129 1125 1137 -
1156 1095 1300 1158 Νοῦς
1337 1093 1576 1165 καθαρὸς
1621 1092 1825 1161 ἐγγίζει
1858 1109 1943 1143 σο-

357 1189 474 1260 φία,
522 1189 712 1258 ἐπειδὴ
753 1189 815 1242 τὸ
869 1183 927 1241 εὖ
973 1186 1266 1256 γινώσκει·
1311 1188 1339 1238 ὀ
1377 1185 1432 1238 δὲ
1483 1183 1790 1254 ἀκάθαρτος
1835 1200 1942 1252 μα-

358 1281 720 1354 κρυνθήσεται
752 1279 846 1332 ἀπ’
878 1280 1067 1348 αὐτῆς.

429 1371 771 1443 Πρόσκομμα
819 1369 1045 1438 λογικῆς
1095 1365 1310 1437 φύσεώς
1346 1368 1461 1419 ἐστι
1511 1365 1767 1436 λογισμὸς
1809 1363 1944 1417 ἀκά-

359 1461 578 1531 θαρτος,
627 1459 660 1530 ἢ
706 1459 909 1528 γνῶσις
948 1457 1181 1528 ψευδής·
1215 1460 1244 1511 ὁ
1282 1457 1340 1510 δὲ
1371 1460 1437 1528 τῇ
1476 1457 1568 1510 τοῦ
1607 1457 1743 1512 Θεοῦ
1781 1457 1941 1530 βουλῇ

358 1551 939 1624 περιστοιχειούμενος,
973 1553 1030 1603 ὲν
1059 1550 1271 1613 τούτοις
1299 1550 1361 1603 ού
1393 1549 1751 1621 προσκόπτει.

430 1642 567 1696 Οὔτε
615 1643 826 1712 ἔφοδος,
879 1644 1034 1713 φησὶ,
1079 1643 1333 1711 πονηρῶν
1383 1640 1659 1712 λογισμῶν
1718 1640 1944 1710 φοϐήσει

356 1735 447 1789 τὸν
479 1736 739 1804 γεγονότα
787 1733 966 1804 σοφὸν,
1015 1731 1138 1785 οὔτε
1185 1732 1408 1797 ἀσεϐεῖς
1455 1732 1653 1796 ἔξωθεν
1698 1732 1944 1794 ἐπιόντες

2038 546 2385 612 judiciorum.

2119 726 2162 755 ’³
2210 724 2505 791 Sapientiae
2570 724 2946 777 tantummodo
3001 723 3298 791 praevalere
3339 739 3620 795 nequeunt

2047 816 2344 878 dtemones,
2381 817 2470 884 qui
2502 833 2692 883 pravas
2741 817 3100 885 cogitationes
3144 819 3196 871 in
3233 834 3328 872 cor
3361 821 3622 888 sapientis

2047 924 2153 962 non
2183 909 2440 962 sinuntur
2486 909 2725 974 injicere.
2797 907 2930 962 Nam
2963 924 3115 964 mens
3161 911 3442 978 sapientia:
3489 927 3622 966 eon-

2049 999 2487 1068 tcmplationibus
2541 999 2746 1053 intenta
2770 1040 2782 1061 ,
2838 1000 3072 1070 impuris
3106 1000 3527 1071 cogitationibus
3561 1006 3623 1060 ﬁt

2046 1092 2354 1160 impervia.-
2386 1091 2561 1146 Mens
2584 1106 2719 1160 pura
2749 1094 3152 1164 appropinquat
3173 1097 3472 1165 sapientia,
3495 1102 3620 1168 quia

2045 1185 2190 1252 quod
2225 1195 2433 1237 rectum
2469 1194 2551 1238 est
2583 1186 2829 1253 agnoscit
2865 1198 3056 1240 :secus
3080 1202 3204 1240 vero
3229 1187 3437 1258 impura
3469 1204 3622 1247 mens

2046 1291 2074 1327 a
2111 1274 2376 1343 sapientia
2409 1274 2570 1343 longe
2603 1274 2854 1328 discedit.

2114 1367 2160 1399 ’⁸
2195 1365 2521 1422 Scandalum
2550 1365 2838 1420 rationalis
2871 1347 3082 1422 naturai
3110 1377 3194 1422 est
3221 1369 3484 1439 cogitatio
3511 1371 3612 1425 im-

2045 1474 2209 1527 pura,
2251 1457 2333 1511 vel
2373 1458 2510 1511 falsa
2540 1459 2798 1527 cognitio.
2832 1457 2932 1524 Qui
2982 1469 3165 1514 autem
3213 1461 3390 1515 divina
3432 1463 3622 1518 volun-

2049 1560 2160 1604 tate
2191 1551 2642 1604 circummunitus
2670 1559 2778 1614 est,
2817 1550 2870 1604 in
2897 1562 3026 1606 ante
3059 1553 3200 1607 dicta
3232 1569 3338 1607 non
3367 1553 3615 1610 incurrit.

2116 1641 2159 1672 ²⁷
2198 1640 2382 1709 Neque
2415 1641 2677 1706 incursio,
2707 1642 2905 1709 inquit,
2939 1645 3203 1696 malarum
3228 1643 3616 1712 cogitationum

2046 1733 2346 1800 sapientem
2391 1731 2773 1794 terrefacient;
2816 1746 2989 1802 neque
3054 1733 3202 1800 impii
3253 1734 3497 1789 exterius
3542 1735 3619 1789 ir-

357 1825 455 1897 τὴν
483 1803 648 1880 αὐτοῦ
695 1824 1086 1895 καθαιρήσουσι
1131 1821 1380 1891 δύναμιν,
1429 1820 1718 1892 ἐρημῶσαι
1765 1818 1941 1872 θέλον-

2049 1834 2290 1887 ruentes,
2321 1824 2574 1877 virtutem
2602 1823 2720 1892 ejus
2751 1822 3073 1894 infringent,
3100 1823 3227 1878 dum
3259 1840 3381 1879 eum
3410 1837 3624 1881 natura-

359 1934 452 1980 τες
475 1916 584 1968 τῶν
608 1915 767 1985 φύσει
800 1914 1014 1968 καλῶν·
1045 1913 1138 1967 τὸν
1178 1913 1287 1984 γὰρ
1320 1913 1592 1966 ἀνάλωτον
1627 1911 1804 1974 οὐδεὶς
1844 1911 1937 1962 δυ-

357 2009 580 2079 νήσεται
608 2007 792 2060 λαϐεῖν
827 2022 842 2036 ·
882 2005 1082 2068 καίτοι,
1119 2004 1171 2058 τί
1218 2003 1314 2056 τοῦ
1355 2001 1586 2065 ἀσεϐοῦς
1620 2001 1942 2054 αὐθαδέστε-

365 2115 492 2169 ρον;
528 2098 686 2152 Ἀλλά
731 2098 826 2151 καὶ
866 2095 1032 2150 αὑτοῦ
1072 2113 1204 2167 φησι
1240 2093 1335 2148 τοῦ
1380 2091 1720 2148 παντοδαποῦ
1752 2091 1939 2163 θηρίου

365 2188 724 2260 περιγενήσῃ,
762 2188 945 2256 πρᾶος
987 2185 1062 2237 ὢν
1116 2185 1210 2239 καὶ⁹
1269 2183 1538 2254 ἐπιεικὴς,
1586 2180 1679 2234 τοῦ
1736 2181 1940 2252 Κυρίου

361 2278 514 2341 ὗντος
543 2279 680 2348 μετὰ
716 2276 809 2330 σοῦ
831 2295 843 2307 ·
869 2275 1116 2330 ἐντεῦθεν
1147 2275 1204 2328 δὲ
1239 2273 1603 2345 μανθάνομεν,
1634 2272 1710 2337 ὼς
1734 2274 1766 2342 ή
1791 2273 1944 2341 ἐλεη-

366 2368 572 2440 μοσύνη
605 2371 884 2441 περιαιρεῖ
915 2367 1152 2439 φοϐερὰς
1189 2366 1512 2436 φαντασίας,
1556 2365 1771 2436 νύκτωρ
1812 2365 1942 2434 ἡμῖν

366 2462 790 2533 συμϐαινούσας,
821 2464 854 2533 ἢ
887 2461 980 2514 καὶ
999 2460 1349 2532 θεωρητικῶς
1369 2475 1382 2488 °
1421 2459 1480 2511 οὑ
1517 2457 1675 2528 μόνον
1700 2456 1778 2519 δὲ,
1808 2456 1943 2510 ἀλλά

365 2555 595 2611 καὶτῶν
626 2557 684 2608 ὲν
704 2557 769 2626 τῇ
799 2555 1125 2624 μεταστάσει
1164 2551 1417 2622 πονηρῶν
1458 2548 1820 2621 κατηγοριῶν,
1851 2551 1943 2602 καὶ

362 2648 469 2702 τῶν
489 2651 544 2701 ὲν
571 2650 636 2719 τῇ
667 2647 847 2719 κρίσει
879 2646 1187 2716 βλαπτικῶν
1215 2645 1490 2699 κολάσεων
1521 2644 1794 2714 περιαιρεῖ
1817 2641 1943 2705 τοὺς

361 2739 506 2794 οὗτοι
535 2739 898 2810 φρονοῦντας·
929 2738 991 2791 τὺ
1027 2738 1158 2791 αὐτὸ
1180 2737 1238 2791 δὲ
1272 2739 1416 2790 ποιεῖ
1449 2735 1542 2790 καὶ
1583 2734 1826 2806 πραότας
1847 2734 1942 2785 καὶ

361 2831 654 2904 ἀοργησία,
691 2831 781 2884 καὶ
835 2830 1220 2902 μακροθυμία,
1280 2829 1376 2883 καὶ
1424 2830 1524 2882 ὅσα
1579 2827 1786 2896 πέφυκε
1826 2844 1941 2879 -κα-

361 2927 673 2982 ταστέλλειν
712 2925 804 2979 τὸν
849 2925 1021 2996 θυμὸν
1064 2925 1486 2995 ταρασσόμενον·
1536 2920 1694 2989 εἴπερ
1741 2923 1806 2974 ὲκ
1841 2919 1942 2988 τῆς

360 3019 610 3091 ταραχῆς
645 3017 740 3072 τοῦ
788 3017 960 3088 θυμοῦ
999 3018 1068 3070 τὰ
1109 3016 1313 3088 φοϐερὰ
1358 3014 1619 3085 φάσματα
1656 3011 1815 3067 εῐωθε
1859 3010 1943 3080 γί-

365 3114 570 3168 νεσθαι.

434 3208 508 3259 Οὐ
542 3205 701 3276 μόνον
731 3203 836 3258 τῶν
866 3201 1140 3272 ἐδωδίμων
1187 3199 1262 3272 μὴ
1297 3199 1511 3270 ἀπόσχῃ
1545 3192 1604 3251 εὖ
1641 3199 1814 3250 ποιεῖν
1859 3197 1943 3248 ὲν-

361 3299 477 3369 δεῆ,
516 3298 656 3353 ἀλλά
715 3297 808 3350 καὶ
845 3293 1098 3364 γνώσεως
1142 3292 1277 3346 Θεοῦ
1311 3293 1407 3344 καὶ
1442 3290 1633 3360 σοφίας
1671 3289 1765 3342 καὶ
1797 3289 1944 3341 ἐντο-

363 3391 499 3444 λῶν·
547 3391 641 3443 καὶ
688 3391 799 3442 πᾶν
851 3385 1030 3442 ὁτιοῦν
1079 3384 1198 3454 Θεῷ
1243 3385 1394 3453 φίλον
1456 3385 1551 3437 καὶ
1599 3383 1738 3452 πρὸς
1779 3381 1944 3434 αὑτὸν

361 3481 616 3546 οἰκειοῦν,
645 3481 720 3553 μὴ
754 3480 970 3551 ἀπόσχῃ
993 3475 1052 3533 εὖ
1089 3480 1262 3531 ποιεῖν
1284 3476 1364 3548 τῷ
1393 3476 1689 3547 ἐνδεομένῳ
1721 3491 1832 3527 σου.

433 3657 580 3725 Αὕτη
614 3658 648 3727 ἡ
679 3655 816 3727 πρὸς
840 3655 929 3708 τὸν
960 3653 1188 3726 πλησίον
1219 3653 1387 3725 ἔχθρα
1412 3651 1784 3724 ἀπεργάζεταί
1825 3666 1947 3703 τινα

367 3749 552 3813 κακὸν,
586 3747 648 3801 ού
685 3747 844 3818 μόνον
878 3745 1207 3818 σωματικὸν,
1233 3744 1370 3797 ἀλλὰ
1401 3744 1495 3796 καὶ
1515 3741 1766 3813 ψυχικόν.

439 3840 664 3908 Ἀγνοια
686 3837 893 3906 Κυρίου
930 3838 989 3889 ὲν
1025 3835 1195 3898 οἴκοις
1234 3833 1468 3897 ἀσεϐῶν,
1493 3831 1692 3900 γνῶσις
1729 3829 1785 3882 δὲ
1810 3827 1946 3904 βεοῦ

366 3933 426 3985 ὲν
457 3929 655 4000 ψυχαῖς
692 3927 946 3982 δικαίων·
998 3925 1254 3989 ἐπαύλεις
1297 3924 1522 3977 δικαίων
1577 3919 1944 3988 εὐλογοῦνται,

365 4025 491 4079 ὅταν
527 4025 556 4076 ὁ
598 4021 834 4095 Χριστὸς
877 4020 1128 4092 ἀπονέμῃ
1161 4019 1228 4072 τά
1259 4017 1396 4088 γέρα
1443 4014 1659 4084 ἑκάστῳ
1704 4011 1844 4066 κατά
1881 4011 1949 4063 τὰ

366 4113 504 4182 ἔργα
530 4111 708 4166 αὐτῶν
728 4131 740 4142 ·
776 4113 890 4174 τοῖς
917 4109 1138 4164 ἀσεϐέσι
1166 4109 1224 4162 δὲ
1257 4106 1504 4176 κατάραν
1537 4105 1632 4158 καὶ
1665 4103 1765 4155 οὐκ
1797 4102 1950 4156 εὐλο-

367 4205 514 4272 γίαν.

447 4297 514 4349 Ἣ
557 4297 704 4368 ἄκρα
744 4294 914 4349 κακία
949 4292 1045 4346 καὶ
1088 4293 1167 4356 εἰς
1218 4290 1368 4359 τέλος
1420 4286 1734 4358 ἐπηρμένη,
1778 4285 1948 4355 ὑπερ-

367 4385 570 4457 ηφανία
611 4384 889 4439 καλεῖται·
936 4381 1318 4436 ἀντιτάσσεται
1357 4378 1414 4432 δὲ
1445 4376 1650 4448 Κύριος
1693 4377 1802 4436 τοῖς
1852 4373 1950 4443 μὲν

2046 1916 2191 1970 libus
2244 1915 2404 1969 bonis
2454 1915 2691 1983 Spoliare
2743 1915 2949 1968 volunt.
3010 1913 3253 1985 Namque
3289 1917 3614 1988 inexpugna-

2047 2006 2213 2061 bilem
2261 2006 2386 2073 quis
2433 2004 2750 2074 expugnet?
2825 2004 3145 2074 Quanquam
3214 2020 3401 2061 revera
3454 2007 3620 2077 impio

2049 2095 2268 2149 homine
2298 2095 2431 2148 nihil
2459 2104 2540 2147 est
2566 2094 2853 2150 audacius.
2887 2094 3028 2162 Quin
3061 2097 3194 2150 adeo
3216 2095 3388 2162 ipsam
3407 2113 3620 2168 quoque

2050 2187 2504 2242 immanissimam
2534 2184 2708 2240 feram
2741 2185 3047 2255 superabis,
3093 2187 3238 2242 mitis
3280 2188 3324 2243 si
3370 2187 3542 2245 fueris
3568 2201 3623 2246 et

2048 2281 2349 2350 benignus,
2395 2278 2507 2332 Deo
2540 2278 2654 2343 ;tibi
2706 2277 3014 2334 assistente.
3077 2276 3216 2333 llinc
3251 2278 3622 2350 intelligimus,

2049 2374 2121 2427 ab
2165 2372 2515 2442 eleemosyna
2559 2371 2835 2442 exstingui
2865 2371 3038 2428 malas
3076 2371 3449 2444 regitationes,
3503 2389 3625 2444 qua:

2050 2472 2212 2518 noctu
2246 2462 2402 2517 nobis
2453 2461 2733 2528 eveniunt,
2780 2460 2866 2514 vel
2911 2475 3009 2530 per
3035 2459 3401 2530 phantasiam.
3441 2461 3623 2533 Neque

2050 2555 2102 2610 id
2126 2554 2513 2628 tantummodo
2539 2569 2554 2620 ;
2583 2553 2676 2609 sed
2714 2569 2742 2607 a
2769 2551 2923 2607 malis
2958 2553 3011 2606 in
3039 2553 3164 2607 vitae
3200 2553 3430 2607 transitu
3459 2569 3623 2610 accu-

2049 2647 2356 2702 sationibus
2377 2685 2394 2712 ,
2423 2654 2480 2700 et
2512 2660 2543 2700 a
2579 2645 2824 2700 molestis
2855 2643 3043 2712 judieii
3082 2646 3266 2714 ptenis
3300 2644 3492 2700 liberat
3531 2660 3624 2702 eos

2049 2738 2142 2808 qui
2199 2738 2300 2792 hae
2343 2747 2528 2792 mente
2563 2746 2710 2792 sunt.
2759 2736 2903 2790 Idem
2937 2745 3201 2806 praestant
3244 2739 3620 2798 mansuetudo.

2050 2830 2264 2896 lenitas,
2304 2829 2590 2899 patientia,
2625 2836 2680 2884 ct
2705 2842 3042 2897 quacunque
3077 2827 3142 2880 ad
3173 2827 3507 2883 cohibendas
3531 2829 3624 2882 irae

2049 2923 2444 2978 commotiones
2483 2929 2771 2991 spectant:
2810 2919 3076 2988 siquidem
3101 2935 3167 2974 ex
3203 2919 3300 2975 ira;
3335 2923 3622 2991 perturba-

2053 3017 2198 3072 tione
2225 3014 2500 3072 tcrribiles
2533 3013 2833 3084 phantasia:
2863 3013 2980 3068 tieri
3007 3012 3204 3070 solent.

2117 3193 2162 3225 "
2179 3191 2295 3247 Non
2313 3189 2584 3246 alimoniae
2606 3188 2980 3244 tantummodo
3003 3186 3186 3258 largus
3201 3197 3319 3242 esto
3339 3186 3620 3260 indigenti,

2046 3301 2236 3342 verum
2261 3284 2422 3338 etiam
2449 3281 2654 3336 notitiae
2681 3279 2776 3334 Dei
2809 3281 3196 3350 sapientiaeque
3227 3279 3344 3350 ejus
3385 3289 3442 3335 et
3479 3295 3620 3351 prte-

2047 3389 2349 3449 ceptornm.
2391 3375 2459 3430 Et
2493 3373 2760 3444 quidquid
2795 3373 2905 3426 Deo
2933 3381 3146 3442 gratum
3179 3383 3282 3436 est,
3325 3371 3485 3442 eique
3523 3388 3624 3426 nos

2048 3472 2510 3541 appropinquans,
2560 3481 2628 3522 ne
2671 3466 2911 3521 tribuere
2939 3466 3145 3519 abnuas
3172 3466 3222 3519 ei
3272 3464 3365 3535 qui
3403 3479 3506 3535 ope
3531 3473 3623 3520 tua

2049 3565 2272 3632 indiget.

2121 3657 2166 3687 ²⁹
2192 3654 2319 3710 Haec
2348 3655 2611 3709 adversus
2656 3649 2968 3719 proximum
2997 3647 3281 3702 inimicitia
3313 3647 3453 3704 male
3496 3647 3628 3705 facit

2052 3746 2288 3801 hominis
2313 3760 2418 3799 non
2450 3742 2666 3813 corpori
2705 3750 2942 3804 tantum,
2970 3741 3064 3794 sed
3091 3741 3254 3794 etiam
3291 3742 3506 3796 auimaz.

2121 3839 2166 3870 ³ο
2199 3837 2506 3908 Ignorantia
2533 3834 2628 3890 Dei
2658 3834 2710 3886 in
2739 3831 2992 3887 domibus
3020 3831 3305 3900 impiorum
3331 3850 3346 3898 ;
3379 3833 3473 3888 Dei
3500 3848 3629 3888 con-

2053 3943 2133 3986 tra
2162 3929 2349 3985 notitia
2392 3928 2445 3982 in
2477 3923 3078 3993 animabusjnstorum.
3119 3923 3402 3978 Domicilia
3450 3924 3627 3992 justo-

2052 4039 2170 4080 rum
2207 4019 2603 4076 benedicuntur
2636 4031 2649 4068 :
2681 4030 2806 4071 cum
2850 4014 3059 4070 scilicet
3084 4014 3338 4070 Christus
3387 4015 3625 4085 ipsorum

2051 4115 2310 4186 Operibus
2331 4111 2553 4182 pratmia
2582 4108 2876 4169 retribuet;
2901 4115 3274 4161 verumtamen
3313 4107 3491 4176 impiis
3516 4123 3629 4161 ma-

2051 4205 2421 4269 ledictionem,
2453 4217 2560 4256 non
2590 4199 3046 4255 benedictionem.

2121 4297 2165 4328 "
2220 4295 2444 4349 Summa
2500 4299 2556 4346 et
2607 4297 2980 4344 consummata
3028 4287 3311 4356 nequitia,
3373 4286 3623 4357 superbia

2054 4389 2382 4460 appellatur.
2420 4384 2750 4439 Adversatur
2778 4387 2959 4431 autem
3000 4377 3140 4432 Deus
3172 4376 3406 4446 injustis,
3436 4388 3627 4448 quate~

366 4483 593 4548 ἀδίκοις,
625 4482 702 4545 ὼς
733 4477 1046 4549 δικαιοσύνη
1069 4495 1082 4508 ·
1116 4479 1228 4540 τοῖς
1257 4471 1539 4544 ψεύσταις,
1579 4469 1653 4532 ὡς
1685 4466 1912 4538 ἀλήθεια
1931 4483 1943 4496 ·

2053 4497 2156 4537 nus
2211 4477 2424 4548 justitia
2473 4482 2578 4542 est,
2638 4469 2994 4526 mendacibus
3052 4479 3318 4539 quatenus
3371 4469 3576 4524 veritas
3609 4513 3624 4534 ,

366 4579 480 4639 τοῖς
523 4575 580 4628 δὲ
623 4571 1011 4643 ὑπερηφάνοις,
1059 4569 1136 4632 ὡς
1181 4561 1680 4634 ταπεινοφροσύνη·
1725 4558 1804 4612 διὸ
1851 4557 1943 4610 καὶ

366 4669 481 4730 τοῖς
526 4665 756 4720 ταπεινά
789 4663 1043 4735 φρονοῦσι.
1093 4661 1244 4729 φίλος
1282 4660 1428 4714 ἐστί·
1471 4654 1630 4710 τοῦτο
1672 4651 1780 4723 γάρ
1829 4653 1944 4704 ἐστι

365 4759 452 4821 τὸ,
483 4758 674 4811 Δίδωσι
702 4757 859 4827 χάριν
889 4755 1161 4816 ταπεινοῖς
1180 4769 1193 4781 ·
1230 4754 1339 4814 τοῖς
1368 4749 1424 4804 δὲ
1450 4748 1817 4820 ὑπερηφάνοις
1854 4746 1947 4799 ἀν·

371 4851 704 4904 τιτάσσεται.

442 4942 608 5008 Δόξαν
661 4940 909 5012 οὐράνιον
958 4937 1453 5009 κληρονομήσουσιν
1513 4936 1561 4987 οἱ
1612 4935 1710 5006 τὴν
1769 4933 1948 4987 ἔνθεον

371 5034 564 5103 σοφίαν
599 5031 860 5103 μαθόντες
888 5048 947 5083 τε
979 5030 1074 5083 καὶ
1107 5028 1416 5092 διδάξαντες
1435 5044 1447 5055 ·
1489 5025 1711 5096 ὕψωσαν
1743 5027 1798 5079 δὲ
1833 5029 1952 5078 ἑαυ-

370 5128 483 5189 τοῖς
526 5125 748 5196 ἀτιμίαν
791 5125 840 5176 οί
894 5122 1108 5185 ἀσεϐεῖς
1161 5119 1388 5174 ἐνώπιον
1425 5118 1671 5188 ἀγγέλων
1716 5119 1810 5172 καὶ
1853 5120 1947 5171 ἀν-

373 5214 607 5291 θρώπων
636 5214 786 5286 παρὰ
814 5213 909 5267 τοῦ
937 5211 1198 5284 Χριστοῦ.

2053 4571 2304 4643 superbis
2335 4577 2604 4638 quatenus
2634 4563 2896 4618 modestia
2920 4570 3020 4616 est.
3050 4561 3344 4630 Propterea
3371 4571 3422 4615 et
3454 4561 3629 4615 humi-

2053 4667 2181 4720 lium
2206 4664 2414 4718 amicus
2451 4667 2554 4714 est.
2580 4657 2657 4711 Ita
2678 4655 2821 4710 enim
2851 4655 3162 4724 signiﬁcant
3191 4653 3355 4708 verba
3391 4673 3402 4708 :
3437 4651 3626 4726 [Iunti-

2056 4759 2197 4813 libus
2230 4757 2324 4811 dat
2353 4752 2586 4825 gratiam
2611 4765 2626 4816 ;
2653 4757 2708 4803 at
2734 4749 2981 4820 superbis
3011 4747 3354 4802 adversatur.

2125 4933 2168 4963 ³¹
2218 4928 2508 4984 leestem
2539 4924 2767 4994 gloriam
2799 4917 3220 4983 haereditabunt,
3266 4917 3357 4986 qui
3387 4917 3626 4972 divinam

2052 5022 2371 5092 sapientiam
2403 5015 2700 5071 didicerint
2729 5021 2785 5066 et
2816 5009 3122 5064 docuerint.
3171 5006 3463 5062 Cumulant
3495 5023 3626 5062 vero

2053 5117 2154 5172 sibi
2184 5109 2535 5183 ignominiam
2560 5105 2708 5175 impii
2729 5143 2745 5169 ,
2777 5116 2957 5157 coram
2989 5098 3196 5170 angelis
3217 5108 3272 5153 et
3298 5098 3628 5165 hominibus,

2052 5223 2084 5262 a
2109 5203 2352 5260 Christo.

1877 5347 2026 5405 CAP.
2063 5346 2152 5401 IV.

445 5464 718 5529 Παιδείαν,
756 5462 856 5535 τὴν
900 5460 1097 5531 ἠθικὴν
1128 5459 1328 5532 ἀρετὴν
1366 5459 1544 5528 λέγει·
1585 5458 1812 5522 ἔννοιαν,
1849 5458 1948 5528 τὴν

373 5559 523 5616 θείαν
559 5556 786 5628 γνῶσιν·
821 5553 934 5617 υίὸς
963 5553 1018 5605 δὲ
1053 5552 1262 5622 ἀρετῶν
1297 5553 1325 5604 ὁ
1355 5554 1473 5604 κατ’
1513 5551 1681 5615 αὐτὰς
1719 5568 1952 5604 πεποιω-

486 5781 530 5812 ³⁵
562 5778 732 5835 v.18.
809 5777 855 5807 ’⁸
891 5793 942 5829 v.
976 5777 1064 5830 25.
1145 5777 1188 5808 ’⁷
1219 5788 1270 5825 v.
1301 5772 1392 5823 τε.
1471 5773 1513 5803 ’θ
1546 5786 1594 5825 v.
1624 5771 1713 5824 9.7.

704 5883 968 5940 l‘nnm.
1017 5877 1134 5937 Un.
1185 5869 1380 5934 XVII.

1795 5770 1840 5801 "
1869 5785 1917 5822 ι’.
1948 5769 2035 5826 30.
2114 5769 2160 5802 ³⁸
2185 5783 2230 5821 ν.
2268 5767 2355 5823 55.

2133 5456 2179 5492 δ’
2230 5448 2581 5519 Disciplinam
2649 5445 2784 5499 dicit
2831 5441 3090 5497 moralem
3132 5442 3420 5508 virtutem;
3477 5441 3632 5496 intel-

2063 5549 2289 5612 lectum,
2323 5543 2568 5599 divinam
2604 5537 2909 5595 scientiam.
2952 5535 3125 5591 Filius
3159 5545 3340 5591 autem
3369 5535 3630 5591 virtutum

3074 5763 3115 5793 ³³
3142 5777 3190 5814 ν.
3223 5762 3270 5816 l.

3236 5861 3275 5916 (5

2431 5766 2468 5798 ³⁸
2501 5780 2547 5818 v.
2582 5764 2670 5819 δι.
2748 5762 2789 5795 ³²
2819 5779 2865 5817 v.
2906 5763 2995 5818 55.
