  <div class='ocr_page' id='page_1' title='image "/cluster/home/n/w/nwhite01/storage/ocr_20150623/17:no.7/coo.31924054872977/097.png"; bbox 0 0 4186 6436; ppageno 0'>
   <div class='ocr_carea' id='block_1_1' title="bbox 580 352 673 410">
    <p class='ocr_par' dir='ltr' id='par_1_1' title="bbox 580 352 673 410">
     <span class='ocr_line' id='line_1_1' title="bbox 580 352 673 410; baseline -0.065 0"><span class='ocrx_word' id='word_1_1' title='bbox 580 352 673 410; x_wconf 77' lang='grc'><strong>171</strong></span> 
     </span>
    </p>
   </div>
   <div class='ocr_carea' id='block_1_2' title="bbox 1429 334 2929 396">
    <p class='ocr_par' dir='ltr' id='par_1_2' title="bbox 1429 334 2929 396">
     <span class='ocr_line' id='line_1_2' title="bbox 1429 334 2929 396; baseline -0.005 0"><span class='ocrx_word' id='word_1_2' title='bbox 1429 339 1990 396; x_wconf 69' lang='lat' dir='ltr'><strong>SUPPLEMENTUM</strong></span> <span class='ocrx_word' id='word_1_3' title='bbox 2030 339 2119 392; x_wconf 87' lang='lat' dir='ltr'><strong>AD</strong></span> <span class='ocrx_word' id='word_1_4' title='bbox 2153 335 2475 393; x_wconf 82' lang='lat' dir='ltr'><strong>ORIGENIS</strong></span> <span class='ocrx_word' id='word_1_5' title='bbox 2513 334 2929 392; x_wconf 74' lang='lat' dir='ltr'><strong>EXEGETICA.</strong></span> 
     </span>
    </p>
   </div>
   <div class='ocr_carea' id='block_1_3' title="bbox 576 450 2138 544">
    <p class='ocr_par' dir='ltr' id='par_1_3' title="bbox 576 461 2138 544">
     <span class='ocr_line' id='line_1_3' title="bbox 576 461 2138 544; baseline -0.01 -12"><span class='ocrx_word' id='word_1_6' title='bbox 576 489 681 542; x_wconf 89' lang='lat' dir='ltr'><strong>est,</strong></span> <span class='ocrx_word' id='word_1_7' title='bbox 716 473 806 544; x_wconf 87' lang='lat' dir='ltr'><strong>qui</strong></span> <span class='ocrx_word' id='word_1_8' title='bbox 848 471 952 526; x_wconf 82' lang='lat' dir='ltr'><strong>illis</strong></span> <span class='ocrx_word' id='word_1_9' title='bbox 983 477 1066 525; x_wconf 91' lang='lat' dir='ltr'><strong>est</strong></span> <span class='ocrx_word' id='word_1_10' title='bbox 1102 466 1468 533; x_wconf 78' lang='lat' dir='ltr'><strong>informatus;</strong></span> <span class='ocrx_word' id='word_1_11' title='bbox 1509 465 1711 534; x_wconf 89' lang='lat' dir='ltr'><strong>quique</strong></span> <span class='ocrx_word' id='word_1_12' title='bbox 1748 463 1890 518; x_wconf 83' lang='lat' dir='ltr'><strong>haud</strong></span> <span class='ocrx_word' id='word_1_13' title='bbox 1921 461 2138 516; x_wconf 75' lang='lat' dir='ltr'><strong>alterius</strong></span> 
     </span>
    </p>
   </div>
   <div class='ocr_carea' id='block_1_4' title="bbox 2238 450 3833 544">
    <p class='ocr_par' dir='ltr' id='par_1_4' title="bbox 2255 450 3833 530">
     <span class='ocr_line' id='line_1_4' title="bbox 2255 450 3833 530; baseline -0.004 -19"><span class='ocrx_word' id='word_1_14' title='bbox 2255 460 2430 530; x_wconf 85' lang='grc' dir='ltr'>μένος,</span> <span class='ocrx_word' id='word_1_15' title='bbox 2455 460 2511 522; x_wconf 74' lang='grc' dir='ltr'>ὃς</span> <span class='ocrx_word' id='word_1_16' title='bbox 2544 460 2644 512; x_wconf 82' lang='grc' dir='ltr'>οὐκ</span> <span class='ocrx_word' id='word_1_17' title='bbox 2675 457 2829 512; x_wconf 73' lang='grc' dir='ltr'>ἄλλου</span> <span class='ocrx_word' id='word_1_18' title='bbox 2858 457 3035 527; x_wconf 81' lang='grc' dir='ltr'><strong>χάριν,</strong></span> <span class='ocrx_word' id='word_1_19' title='bbox 3068 454 3179 508; x_wconf 75' lang='grc' dir='ltr'>ἀλλ’</span> <span class='ocrx_word' id='word_1_20' title='bbox 3213 454 3372 507; x_wconf 73' lang='grc' dir='ltr'>ἕνεκα</span> <span class='ocrx_word' id='word_1_21' title='bbox 3409 452 3504 521; x_wconf 76' lang='grc' dir='ltr'>τῆς</span> <span class='ocrx_word' id='word_1_22' title='bbox 3533 450 3733 522; x_wconf 77' lang='grc' dir='ltr'>ἀρετῆς</span> <span class='ocrx_word' id='word_1_23' title='bbox 3766 454 3833 504; x_wconf 79' lang='grc' dir='ltr'><strong>τά</strong></span> 
     </span>
    </p>
   </div>
   <div class='ocr_carea' id='block_1_5' title="bbox 577 555 2150 638">
    <p class='ocr_par' dir='ltr' id='par_1_5' title="bbox 577 555 2150 638">
     <span class='ocr_line' id='line_1_5' title="bbox 577 555 2150 638; baseline -0.01 -13"><span class='ocrx_word' id='word_1_24' title='bbox 577 571 654 626; x_wconf 89' lang='lat' dir='ltr'><strong>rei</strong></span> <span class='ocrx_word' id='word_1_25' title='bbox 701 566 893 638; x_wconf 88' lang='lat' dir='ltr'><strong>gratia,</strong></span> <span class='ocrx_word' id='word_1_26' title='bbox 941 562 1034 619; x_wconf 86' lang='lat' dir='ltr'><strong>sed</strong></span> <span class='ocrx_word' id='word_1_27' title='bbox 1074 569 1297 632; x_wconf 91' lang='lat' dir='ltr'><strong>propter</strong></span> <span class='ocrx_word' id='word_1_28' title='bbox 1327 560 1497 630; x_wconf 86' lang='lat' dir='ltr'><strong>ipsam</strong></span> <span class='ocrx_word' id='word_1_29' title='bbox 1539 559 1817 621; x_wconf 76' lang='lat' dir='ltr'><strong>virtutem,</strong></span> <span class='ocrx_word' id='word_1_30' title='bbox 1868 555 1922 609; x_wconf 92' lang='lat' dir='ltr'><strong>in</strong></span> <span class='ocrx_word' id='word_1_31' title='bbox 1972 567 2035 610; x_wconf 88' lang='lat' dir='ltr'><strong>ea</strong></span> <span class='ocrx_word' id='word_1_32' title='bbox 2092 570 2150 610; x_wconf 90' lang='lat' dir='ltr'><strong>se</strong></span> 
     </span>
    </p>
   </div>
   <div class='ocr_carea' id='block_1_6' title="bbox 576 667 815 717">
    <p class='ocr_par' dir='ltr' id='par_1_6' title="bbox 576 667 815 717">
     <span class='ocr_line' id='line_1_6' title="bbox 576 667 815 717; baseline -0.025 0"><span class='ocrx_word' id='word_1_33' title='bbox 576 667 815 717; x_wconf 76' lang='lat' dir='ltr'><strong>exercet.</strong></span> 
     </span>
    </p>
   </div>
   <div class='ocr_carea' id='block_1_7' title="bbox 645 741 2149 812">
    <p class='ocr_par' dir='ltr' id='par_1_7' title="bbox 645 741 2149 812">
     <span class='ocr_line' id='line_1_7' title="bbox 645 741 2149 812; baseline -0.005 -11"><span class='ocrx_word' id='word_1_34' title='bbox 645 751 690 782; x_wconf 71' lang='lat'><strong>“</strong></span> <span class='ocrx_word' id='word_1_35' title='bbox 741 748 951 801; x_wconf 90' lang='lat' dir='ltr'><strong>Donum</strong></span> <span class='ocrx_word' id='word_1_36' title='bbox 987 745 1189 800; x_wconf 93' lang='lat' dir='ltr'><strong>bonum</strong></span> <span class='ocrx_word' id='word_1_37' title='bbox 1221 742 1290 798; x_wconf 91' lang='lat' dir='ltr'><strong>do</strong></span> <span class='ocrx_word' id='word_1_38' title='bbox 1327 741 1741 802; x_wconf 73' lang='lat' dir='ltr'><strong>vobis,coeleste</strong></span> <span class='ocrx_word' id='word_1_39' title='bbox 1785 755 2046 812; x_wconf 78' lang='lat' dir='ltr'><strong>regnum,</strong></span> <span class='ocrx_word' id='word_1_40' title='bbox 2104 741 2149 794; x_wconf 90' lang='lat' dir='ltr'><strong>si</strong></span> 
     </span>
    </p>
   </div>
   <div class='ocr_carea' id='block_1_8' title="bbox 576 833 2148 913">
    <p class='ocr_par' dir='ltr' id='par_1_8' title="bbox 576 833 2148 913">
     <span class='ocr_line' id='line_1_8' title="bbox 576 833 2148 913; baseline -0.007 -16"><span class='ocrx_word' id='word_1_41' title='bbox 576 843 748 913; x_wconf 78' lang='lat' dir='ltr'><strong>legem</strong></span> <span class='ocrx_word' id='word_1_42' title='bbox 793 855 968 895; x_wconf 85' lang='lat' dir='ltr'><strong>meam</strong></span> <span class='ocrx_word' id='word_1_43' title='bbox 1002 852 1110 892; x_wconf 91' lang='lat' dir='ltr'><strong>non</strong></span> <span class='ocrx_word' id='word_1_44' title='bbox 1141 835 1511 891; x_wconf 81' lang='lat' dir='ltr'><strong>deserueritis.</strong></span> <span class='ocrx_word' id='word_1_45' title='bbox 1552 833 1649 890; x_wconf 88' lang='lat' dir='ltr'><strong>Hic</strong></span> <span class='ocrx_word' id='word_1_46' title='bbox 1697 849 1862 903; x_wconf 90' lang='lat' dir='ltr'><strong>porro</strong></span> <span class='ocrx_word' id='word_1_47' title='bbox 1905 833 2148 887; x_wconf 87' lang='lat' dir='ltr'><strong>animad-</strong></span> 
     </span>
    </p>
   </div>
   <div class='ocr_carea' id='block_1_9' title="bbox 574 927 2148 994">
    <p class='ocr_par' dir='ltr' id='par_1_9' title="bbox 574 927 2148 994">
     <span class='ocr_line' id='line_1_9' title="bbox 574 927 2148 994; baseline -0.007 -6"><span class='ocrx_word' id='word_1_48' title='bbox 574 934 896 990; x_wconf 89' lang='lat' dir='ltr'><strong>vertendum</strong></span> <span class='ocrx_word' id='word_1_49' title='bbox 928 939 1034 994; x_wconf 86' lang='lat' dir='ltr'><strong>est,</strong></span> <span class='ocrx_word' id='word_1_50' title='bbox 1065 933 1267 986; x_wconf 90' lang='lat' dir='ltr'><strong>donum</strong></span> <span class='ocrx_word' id='word_1_51' title='bbox 1315 930 1521 984; x_wconf 91' lang='lat' dir='ltr'><strong>bonum</strong></span> <span class='ocrx_word' id='word_1_52' title='bbox 1557 927 1662 982; x_wconf 92' lang='lat' dir='ltr'><strong>dici</strong></span> <span class='ocrx_word' id='word_1_53' title='bbox 1697 929 1766 982; x_wconf 92' lang='lat' dir='ltr'><strong>ab</strong></span> <span class='ocrx_word' id='word_1_54' title='bbox 1789 941 1853 981; x_wconf 91' lang='lat' dir='ltr'><strong>eo</strong></span> <span class='ocrx_word' id='word_1_55' title='bbox 1888 934 2148 990; x_wconf 88' lang='lat' dir='ltr'><strong>mentem,</strong></span> 
     </span>
    </p>
   </div>
   <div class='ocr_carea' id='block_1_10' title="bbox 575 1015 2148 1098">
    <p class='ocr_par' dir='ltr' id='par_1_10' title="bbox 575 1015 2148 1098">
     <span class='ocr_line' id='line_1_10' title="bbox 575 1015 2148 1098; baseline -0.008 -17"><span class='ocrx_word' id='word_1_56' title='bbox 575 1034 798 1098; x_wconf 86' lang='lat' dir='ltr'><strong>propter</strong></span> <span class='ocrx_word' id='word_1_57' title='bbox 836 1023 990 1077; x_wconf 91' lang='lat' dir='ltr'><strong>illum</strong></span> <span class='ocrx_word' id='word_1_58' title='bbox 1031 1023 1124 1091; x_wconf 92' lang='lat' dir='ltr'><strong>qui</strong></span> <span class='ocrx_word' id='word_1_59' title='bbox 1152 1023 1291 1077; x_wconf 84' lang='lat' dir='ltr'><strong>dona</strong></span> <span class='ocrx_word' id='word_1_60' title='bbox 1355 1021 1407 1074; x_wconf 91' lang='lat' dir='ltr'><strong>in</strong></span> <span class='ocrx_word' id='word_1_61' title='bbox 1455 1021 1631 1075; x_wconf 89' lang='lat' dir='ltr'><strong>sinum</strong></span> <span class='ocrx_word' id='word_1_62' title='bbox 1687 1017 1886 1086; x_wconf 90' lang='lat' dir='ltr'><strong>accipit</strong></span> <span class='ocrx_word' id='word_1_63' title='bbox 1927 1015 2148 1086; x_wconf 84' lang='lat' dir='ltr'><strong>injuste,</strong></span> 
     </span>
    </p>
   </div>
   <div class='ocr_carea' id='block_1_11' title="bbox 574 1105 2148 1184">
    <p class='ocr_par' dir='ltr' id='par_1_11' title="bbox 574 1105 2148 1184">
     <span class='ocr_line' id='line_1_11' title="bbox 574 1105 2148 1184; baseline -0.01 -10"><span class='ocrx_word' id='word_1_64' title='bbox 574 1128 628 1174; x_wconf 93' lang='lat' dir='ltr'><strong>et</strong></span> <span class='ocrx_word' id='word_1_65' title='bbox 655 1132 758 1172; x_wconf 88' lang='lat' dir='ltr'><strong>nec</strong></span> <span class='ocrx_word' id='word_1_66' title='bbox 798 1128 1057 1184; x_wconf 90' lang='lat' dir='ltr'><strong>prospero</strong></span> <span class='ocrx_word' id='word_1_67' title='bbox 1097 1127 1354 1168; x_wconf 88' lang='lat' dir='ltr'><strong>successu</strong></span> <span class='ocrx_word' id='word_1_68' title='bbox 1386 1113 1579 1166; x_wconf 87' lang='lat' dir='ltr'><strong>utitur.</strong></span> <span class='ocrx_word' id='word_1_69' title='bbox 1633 1108 1768 1163; x_wconf 84' lang='lat' dir='ltr'><strong>Nam</strong></span> <span class='ocrx_word' id='word_1_70' title='bbox 1818 1108 2003 1177; x_wconf 89' lang='lat' dir='ltr'><strong>iniqua</strong></span> <span class='ocrx_word' id='word_1_71' title='bbox 2059 1105 2148 1160; x_wconf 90' lang='lat' dir='ltr'><strong>illa</strong></span> 
     </span>
    </p>
   </div>
   <div class='ocr_carea' id='block_1_12' title="bbox 575 1196 2146 1274">
    <p class='ocr_par' dir='ltr' id='par_1_12' title="bbox 575 1196 2146 1274">
     <span class='ocr_line' id='line_1_12' title="bbox 575 1196 2146 1274; baseline -0.008 -11"><span class='ocrx_word' id='word_1_72' title='bbox 575 1209 717 1265; x_wconf 78' lang='lat' dir='ltr'><strong>dona</strong></span> <span class='ocrx_word' id='word_1_73' title='bbox 768 1205 900 1261; x_wconf 90' lang='lat' dir='ltr'><strong>dicit</strong></span> <span class='ocrx_word' id='word_1_74' title='bbox 933 1218 1030 1274; x_wconf 91' lang='lat' dir='ltr'><strong>pro</strong></span> <span class='ocrx_word' id='word_1_75' title='bbox 1071 1201 1305 1272; x_wconf 90' lang='lat' dir='ltr'><strong>improbi</strong></span> <span class='ocrx_word' id='word_1_76' title='bbox 1340 1200 1580 1257; x_wconf 91' lang='lat' dir='ltr'><strong>hominis</strong></span> <span class='ocrx_word' id='word_1_77' title='bbox 1627 1198 1880 1269; x_wconf 85' lang='lat' dir='ltr'><strong>negotiis,</strong></span> <span class='ocrx_word' id='word_1_78' title='bbox 1930 1211 2051 1268; x_wconf 63' lang='lat' dir='ltr'><strong>qua:</strong></span> <span class='ocrx_word' id='word_1_79' title='bbox 2101 1196 2146 1251; x_wconf 88' lang='lat' dir='ltr'><strong>si</strong></span> 
     </span>
    </p>
   </div>
   <div class='ocr_carea' id='block_1_13' title="bbox 576 1291 1882 1367">
    <p class='ocr_par' dir='ltr' id='par_1_13' title="bbox 576 1291 1882 1367">
     <span class='ocr_line' id='line_1_13' title="bbox 576 1291 1882 1367; baseline -0.006 -13"><span class='ocrx_word' id='word_1_80' title='bbox 576 1313 730 1354; x_wconf 88' lang='lat' dir='ltr'><strong>mens</strong></span> <span class='ocrx_word' id='word_1_81' title='bbox 759 1297 1019 1367; x_wconf 76' lang='lat' dir='ltr'><strong>excipiat,</strong></span> <span class='ocrx_word' id='word_1_82' title='bbox 1044 1296 1098 1350; x_wconf 92' lang='lat' dir='ltr'><strong>in</strong></span> <span class='ocrx_word' id='word_1_83' title='bbox 1126 1295 1232 1349; x_wconf 91' lang='lat' dir='ltr'><strong>viis</strong></span> <span class='ocrx_word' id='word_1_84' title='bbox 1256 1292 1370 1348; x_wconf 90' lang='lat' dir='ltr'><strong>suis</strong></span> <span class='ocrx_word' id='word_1_85' title='bbox 1401 1308 1504 1347; x_wconf 88' lang='lat' dir='ltr'><strong>non</strong></span> <span class='ocrx_word' id='word_1_86' title='bbox 1535 1291 1850 1347; x_wconf 78' lang='lat' dir='ltr'><strong>fortunatur</strong></span> <span class='ocrx_word' id='word_1_87' title='bbox 1869 1329 1882 1346; x_wconf 92' lang='lat'><strong>.</strong></span> 
     </span>
    </p>
   </div>
   <div class='ocr_carea' id='block_1_14' title="bbox 646 1383 2148 1459">
    <p class='ocr_par' dir='ltr' id='par_1_14' title="bbox 646 1383 2148 1459">
     <span class='ocr_line' id='line_1_14' title="bbox 646 1383 2148 1459; baseline -0.007 -11"><span class='ocrx_word' id='word_1_88' title='bbox 646 1392 690 1424; x_wconf 83' lang='grc'><strong>³⁵</strong></span> <span class='ocrx_word' id='word_1_89' title='bbox 724 1391 936 1448; x_wconf 84' lang='lat' dir='ltr'><strong>Corona</strong></span> <span class='ocrx_word' id='word_1_90' title='bbox 965 1389 1283 1459; x_wconf 79' lang='lat' dir='ltr'><strong>gratiarum,</strong></span> <span class='ocrx_word' id='word_1_91' title='bbox 1316 1387 1569 1440; x_wconf 84' lang='lat' dir='ltr'><strong>mandata</strong></span> <span class='ocrx_word' id='word_1_92' title='bbox 1598 1383 1808 1440; x_wconf 89' lang='lat' dir='ltr'><strong>Domini</strong></span> <span class='ocrx_word' id='word_1_93' title='bbox 1844 1390 1993 1448; x_wconf 89' lang='lat' dir='ltr'><strong>sunt,</strong></span> <span class='ocrx_word' id='word_1_94' title='bbox 2029 1395 2148 1452; x_wconf 74' lang='lat' dir='ltr'><strong>qua:</strong></span> 
     </span>
    </p>
   </div>
   <div class='ocr_carea' id='block_1_15' title="bbox 578 1476 2149 1555">
    <p class='ocr_par' dir='ltr' id='par_1_15' title="bbox 578 1476 2149 1555">
     <span class='ocr_line' id='line_1_15' title="bbox 578 1476 2149 1555; baseline -0.006 -14"><span class='ocrx_word' id='word_1_95' title='bbox 578 1487 730 1555; x_wconf 90' lang='lat' dir='ltr'><strong>regni</strong></span> <span class='ocrx_word' id='word_1_96' title='bbox 792 1497 1051 1538; x_wconf 86' lang='lat' dir='ltr'><strong>coronam</strong></span> <span class='ocrx_word' id='word_1_97' title='bbox 1104 1480 1340 1534; x_wconf 84' lang='lat' dir='ltr'><strong>vicissim</strong></span> <span class='ocrx_word' id='word_1_98' title='bbox 1377 1477 1687 1533; x_wconf 90' lang='lat' dir='ltr'><strong>retribuunt</strong></span> <span class='ocrx_word' id='word_1_99' title='bbox 1731 1476 2149 1532; x_wconf 77' lang='lat' dir='ltr'><strong>observantibus</strong></span> 
     </span>
    </p>
   </div>
   <div class='ocr_carea' id='block_1_16' title="bbox 578 1567 2149 1648">
    <p class='ocr_par' dir='ltr' id='par_1_16' title="bbox 578 1567 2149 1648">
     <span class='ocr_line' id='line_1_16' title="bbox 578 1567 2149 1648; baseline -0.007 -16"><span class='ocrx_word' id='word_1_100' title='bbox 578 1580 714 1648; x_wconf 89' lang='lat' dir='ltr'><strong>ipsa.</strong></span> <span class='ocrx_word' id='word_1_101' title='bbox 745 1577 961 1631; x_wconf 82' lang='lat' dir='ltr'><strong>Corona</strong></span> <span class='ocrx_word' id='word_1_102' title='bbox 984 1587 1112 1628; x_wconf 86' lang='lat' dir='ltr'><strong>vero</strong></span> <span class='ocrx_word' id='word_1_103' title='bbox 1135 1571 1454 1626; x_wconf 87' lang='lat' dir='ltr'><strong>deliciarum</strong></span> <span class='ocrx_word' id='word_1_104' title='bbox 1487 1568 1724 1637; x_wconf 80' lang='lat' dir='ltr'><strong>cognitio</strong></span> <span class='ocrx_word' id='word_1_105' title='bbox 1753 1567 1872 1631; x_wconf 91' lang='lat' dir='ltr'><strong>Dei,</strong></span> <span class='ocrx_word' id='word_1_106' title='bbox 1901 1583 2018 1638; x_wconf 66' lang='lat' dir='ltr'><strong>qua:</strong></span> <span class='ocrx_word' id='word_1_107' title='bbox 2051 1582 2149 1621; x_wconf 91' lang='lat' dir='ltr'><strong>nos</strong></span> 
     </span>
    </p>
   </div>
   <div class='ocr_carea' id='block_1_17' title="bbox 577 1660 2146 1739">
    <p class='ocr_par' dir='ltr' id='par_1_17' title="bbox 577 1660 2146 1739">
     <span class='ocr_line' id='line_1_17' title="bbox 577 1660 2146 1739; baseline -0.008 -15"><span class='ocrx_word' id='word_1_108' title='bbox 577 1679 889 1739; x_wconf 85' lang='lat' dir='ltr'><strong>protegens,</strong></span> <span class='ocrx_word' id='word_1_109' title='bbox 916 1679 1130 1722; x_wconf 87' lang='lat' dir='ltr'><strong>onmem</strong></span> <span class='ocrx_word' id='word_1_110' title='bbox 1163 1663 1420 1718; x_wconf 86' lang='lat' dir='ltr'><strong>lascivam</strong></span> <span class='ocrx_word' id='word_1_111' title='bbox 1452 1660 1863 1730; x_wconf 83' lang='lat' dir='ltr'><strong>cogitationem,</strong></span> <span class='ocrx_word' id='word_1_112' title='bbox 1897 1673 2146 1713; x_wconf 86' lang='lat' dir='ltr'><strong>omnem-</strong></span> 
     </span>
    </p>
   </div>
   <div class='ocr_carea' id='block_1_18' title="bbox 575 1755 1454 1832">
    <p class='ocr_par' dir='ltr' id='par_1_18' title="bbox 575 1755 1454 1832">
     <span class='ocr_line' id='line_1_18' title="bbox 575 1755 1454 1832; baseline -0.011 -15"><span class='ocrx_word' id='word_1_113' title='bbox 575 1777 679 1832; x_wconf 93' lang='lat' dir='ltr'><strong>que</strong></span> <span class='ocrx_word' id='word_1_114' title='bbox 702 1761 890 1816; x_wconf 80' lang='lat' dir='ltr'><strong>falsam</strong></span> <span class='ocrx_word' id='word_1_115' title='bbox 917 1759 1196 1815; x_wconf 88' lang='lat' dir='ltr'><strong>scientiam</strong></span> <span class='ocrx_word' id='word_1_116' title='bbox 1226 1755 1454 1826; x_wconf 89' lang='lat' dir='ltr'><strong>repellit.</strong></span> 
     </span>
    </p>
   </div>
   <div class='ocr_carea' id='block_1_19' title="bbox 2256 551 2839 621">
    <p class='ocr_par' dir='ltr' id='par_1_19' title="bbox 2256 551 2839 621">
     <span class='ocr_line' id='line_1_19' title="bbox 2256 551 2839 621; baseline -0.003 -16"><span class='ocrx_word' id='word_1_117' title='bbox 2256 553 2375 605; x_wconf 79' lang='grc' dir='ltr'>κατ’</span> <span class='ocrx_word' id='word_1_118' title='bbox 2410 551 2575 621; x_wconf 79' lang='grc' dir='ltr'>αὐτὴν</span> <span class='ocrx_word' id='word_1_119' title='bbox 2608 553 2693 602; x_wconf 86' lang='grc' dir='ltr'>ὲνε</span> <span class='ocrx_word' id='word_1_120' title='bbox 2703 552 2839 620; x_wconf 85' lang='grc' dir='ltr'>ργεῖ.</span> 
     </span>
    </p>
   </div>
   <div class='ocr_carea' id='block_1_20' title="bbox 2324 720 3836 799">
    <p class='ocr_par' dir='ltr' id='par_1_20' title="bbox 2324 720 3836 799">
     <span class='ocr_line' id='line_1_20' title="bbox 2324 720 3836 799; baseline -0.005 -18"><span class='ocrx_word' id='word_1_121' title='bbox 2324 728 2506 799; x_wconf 89' lang='grc' dir='ltr'>Δῶρον</span> <span class='ocrx_word' id='word_1_122' title='bbox 2531 727 2730 795; x_wconf 83' lang='grc' dir='ltr'>ἀγαθὸν</span> <span class='ocrx_word' id='word_1_123' title='bbox 2765 724 3040 797; x_wconf 81' lang='grc' dir='ltr'><strong>δωροῦμαι</strong></span> <span class='ocrx_word' id='word_1_124' title='bbox 3071 724 3219 794; x_wconf 83' lang='grc' dir='ltr'>ὑμῖν,</span> <span class='ocrx_word' id='word_1_125' title='bbox 3254 724 3352 794; x_wconf 77' lang='grc' dir='ltr'>τὴν</span> <span class='ocrx_word' id='word_1_126' title='bbox 3388 720 3712 792; x_wconf 77' lang='grc' dir='ltr'>ἐπουράνιον</span> <span class='ocrx_word' id='word_1_127' title='bbox 3741 720 3836 790; x_wconf 82' lang='grc' dir='ltr'><strong>βα-</strong></span> 
     </span>
    </p>
   </div>
   <div class='ocr_carea' id='block_1_21' title="bbox 2255 813 3833 888">
    <p class='ocr_par' dir='ltr' id='par_1_21' title="bbox 2255 813 3833 888">
     <span class='ocr_line' id='line_1_21' title="bbox 2255 813 3833 888; baseline -0.007 -14"><span class='ocrx_word' id='word_1_128' title='bbox 2255 822 2474 886; x_wconf 86' lang='grc' dir='ltr'>σιλείαν,</span> <span class='ocrx_word' id='word_1_129' title='bbox 2511 821 2606 874; x_wconf 88' lang='grc' dir='ltr'><strong>ἐάν</strong></span> <span class='ocrx_word' id='word_1_130' title='bbox 2638 820 2730 872; x_wconf 80' lang='grc' dir='ltr'><strong>τὸν</strong></span> <span class='ocrx_word' id='word_1_131' title='bbox 2769 819 2931 888; x_wconf 87' lang='grc' dir='ltr'>νόμον</span> <span class='ocrx_word' id='word_1_132' title='bbox 2981 833 3081 886; x_wconf 88' lang='grc' dir='ltr'><strong>μου</strong></span> <span class='ocrx_word' id='word_1_133' title='bbox 3136 814 3210 886; x_wconf 82' lang='grc' dir='ltr'><strong>μὴ</strong></span> <span class='ocrx_word' id='word_1_134' title='bbox 3256 813 3691 883; x_wconf 87' lang='grc' dir='ltr'>ἐγκαταλίπητε·</span> <span class='ocrx_word' id='word_1_135' title='bbox 3736 829 3833 882; x_wconf 82' lang='grc' dir='ltr'>ση-</span> 
     </span>
    </p>
   </div>
   <div class='ocr_carea' id='block_1_22' title="bbox 2256 905 3833 985">
    <p class='ocr_par' dir='ltr' id='par_1_22' title="bbox 2256 905 3833 985">
     <span class='ocr_line' id='line_1_22' title="bbox 2256 905 3833 985; baseline -0.008 -17"><span class='ocrx_word' id='word_1_136' title='bbox 2256 914 2511 985; x_wconf 86' lang='grc' dir='ltr'>μειωτέον</span> <span class='ocrx_word' id='word_1_137' title='bbox 2555 913 2611 966; x_wconf 90' lang='grc' dir='ltr'><strong>δέ</strong></span> <span class='ocrx_word' id='word_1_138' title='bbox 2657 910 2923 973; x_wconf 88' lang='grc' dir='ltr'>ἐνταῦθα,</span> <span class='ocrx_word' id='word_1_139' title='bbox 2972 910 3053 962; x_wconf 79' lang='grc' dir='ltr'>ὅτι</span> <span class='ocrx_word' id='word_1_140' title='bbox 3097 907 3268 978; x_wconf 87' lang='grc' dir='ltr'>δῶρον</span> <span class='ocrx_word' id='word_1_141' title='bbox 3317 905 3521 973; x_wconf 88' lang='grc' dir='ltr'>ἀγαθὸν</span> <span class='ocrx_word' id='word_1_142' title='bbox 3577 905 3833 974; x_wconf 76' lang='grc' dir='ltr'><strong>ὀνομάζει</strong></span> 
     </span>
    </p>
   </div>
   <div class='ocr_carea' id='block_1_23' title="bbox 2250 995 3830 1070">
    <p class='ocr_par' dir='ltr' id='par_1_23' title="bbox 2250 995 3830 1070">
     <span class='ocr_line' id='line_1_23' title="bbox 2250 995 3830 1070; baseline -0.004 -14"><span class='ocrx_word' id='word_1_143' title='bbox 2250 1004 2341 1058; x_wconf 86' lang='grc' dir='ltr'>τὸν</span> <span class='ocrx_word' id='word_1_144' title='bbox 2361 1003 2505 1066; x_wconf 91' lang='grc' dir='ltr'>νοῦν,</span> <span class='ocrx_word' id='word_1_145' title='bbox 2535 1002 2622 1055; x_wconf 89' lang='grc' dir='ltr'><strong>διά</strong></span> <span class='ocrx_word' id='word_1_146' title='bbox 2654 1001 2745 1054; x_wconf 76' lang='grc' dir='ltr'>τὸν</span> <span class='ocrx_word' id='word_1_147' title='bbox 2772 999 3118 1070; x_wconf 81' lang='grc' dir='ltr'>λαμδάνοντα</span> <span class='ocrx_word' id='word_1_148' title='bbox 3143 997 3291 1064; x_wconf 88' lang='grc' dir='ltr'>δῶρα</span> <span class='ocrx_word' id='word_1_149' title='bbox 3315 996 3370 1048; x_wconf 93' lang='grc' dir='ltr'><strong>ἐν</strong></span> <span class='ocrx_word' id='word_1_150' title='bbox 3397 995 3583 1067; x_wconf 86' lang='grc' dir='ltr'>κόλπῳ</span> <span class='ocrx_word' id='word_1_151' title='bbox 3611 995 3830 1059; x_wconf 82' lang='grc' dir='ltr'><strong>ἀδίκως,</strong></span> 
     </span>
    </p>
   </div>
   <div class='ocr_carea' id='block_1_24' title="bbox 2252 1089 3833 1168">
    <p class='ocr_par' dir='ltr' id='par_1_24' title="bbox 2252 1089 3833 1168">
     <span class='ocr_line' id='line_1_24' title="bbox 2252 1089 3833 1168; baseline -0.008 -17"><span class='ocrx_word' id='word_1_152' title='bbox 2252 1099 2344 1151; x_wconf 72' lang='grc' dir='ltr'><strong>καὶ</strong></span> <span class='ocrx_word' id='word_1_153' title='bbox 2369 1096 2445 1168; x_wconf 81' lang='grc' dir='ltr'>μὴ</span> <span class='ocrx_word' id='word_1_154' title='bbox 2474 1095 2927 1164; x_wconf 83' lang='grc' dir='ltr'>κατευοδούμενον</span> <span class='ocrx_word' id='word_1_155' title='bbox 2945 1109 2957 1121; x_wconf 91' lang='grc'><strong>·</strong></span> <span class='ocrx_word' id='word_1_156' title='bbox 3004 1094 3187 1145; x_wconf 87' lang='grc' dir='ltr'>ἐκεῖνα</span> <span class='ocrx_word' id='word_1_157' title='bbox 3222 1091 3332 1160; x_wconf 87' lang='grc' dir='ltr'><strong>γάρ</strong></span> <span class='ocrx_word' id='word_1_158' title='bbox 3362 1089 3512 1160; x_wconf 89' lang='grc' dir='ltr'>δῶρα</span> <span class='ocrx_word' id='word_1_159' title='bbox 3553 1089 3735 1152; x_wconf 74' lang='grc' dir='ltr'>ἄδικα,</span> <span class='ocrx_word' id='word_1_160' title='bbox 3765 1089 3833 1140; x_wconf 84' lang='grc' dir='ltr'><strong>τά</strong></span> 
     </span>
    </p>
   </div>
   <div class='ocr_carea' id='block_1_25' title="bbox 2252 1181 3834 1260">
    <p class='ocr_par' dir='ltr' id='par_1_25' title="bbox 2252 1181 3834 1260">
     <span class='ocr_line' id='line_1_25' title="bbox 2252 1181 3834 1260; baseline -0.013 -18"><span class='ocrx_word' id='word_1_161' title='bbox 2252 1189 2549 1260; x_wconf 85' lang='grc' dir='ltr'>πράγματα</span> <span class='ocrx_word' id='word_1_162' title='bbox 2578 1186 2725 1254; x_wconf 90' lang='grc' dir='ltr'>λέγει</span> <span class='ocrx_word' id='word_1_163' title='bbox 2767 1183 2861 1237; x_wconf 87' lang='grc' dir='ltr'><strong>τοῦ</strong></span> <span class='ocrx_word' id='word_1_164' title='bbox 2901 1182 3160 1253; x_wconf 89' lang='grc' dir='ltr'>πονηροῦ,</span> <span class='ocrx_word' id='word_1_165' title='bbox 3200 1182 3342 1252; x_wconf 84' lang='grc' dir='ltr'>ᾰπερ</span> <span class='ocrx_word' id='word_1_166' title='bbox 3375 1183 3403 1234; x_wconf 98' lang='lat'><strong>6</strong></span> <span class='ocrx_word' id='word_1_167' title='bbox 3436 1181 3560 1245; x_wconf 78' lang='grc' dir='ltr'>νοῦς</span> <span class='ocrx_word' id='word_1_168' title='bbox 3606 1181 3834 1251; x_wconf 79' lang='grc' dir='ltr'>δεχόμε-</span> 
     </span>
    </p>
   </div>
   <div class='ocr_carea' id='block_1_26' title="bbox 2251 1271 3491 1342">
    <p class='ocr_par' dir='ltr' id='par_1_26' title="bbox 2251 1271 3491 1342">
     <span class='ocr_line' id='line_1_26' title="bbox 2251 1271 3491 1342; baseline -0.006 -11"><span class='ocrx_word' id='word_1_169' title='bbox 2251 1296 2358 1342; x_wconf 87' lang='grc' dir='ltr'>νος,</span> <span class='ocrx_word' id='word_1_170' title='bbox 2384 1278 2444 1330; x_wconf 78' lang='grc' dir='ltr'>οὐ</span> <span class='ocrx_word' id='word_1_171' title='bbox 2471 1275 2854 1330; x_wconf 76' lang='grc' dir='ltr'>κατευοδοῦται</span> <span class='ocrx_word' id='word_1_172' title='bbox 2891 1277 2946 1328; x_wconf 87' lang='grc' dir='ltr'><strong>ἐν</strong></span> <span class='ocrx_word' id='word_1_173' title='bbox 2979 1277 3098 1337; x_wconf 84' lang='grc' dir='ltr'>ταῖς</span> <span class='ocrx_word' id='word_1_174' title='bbox 3127 1273 3267 1337; x_wconf 85' lang='grc' dir='ltr'>όδοῖς</span> <span class='ocrx_word' id='word_1_175' title='bbox 3306 1271 3491 1328; x_wconf 80' lang='grc' dir='ltr'>αὑτοῦ.</span> 
     </span>
    </p>
   </div>
   <div class='ocr_carea' id='block_1_27' title="bbox 2321 1368 3834 1442">
    <p class='ocr_par' dir='ltr' id='par_1_27' title="bbox 2321 1368 3834 1442">
     <span class='ocr_line' id='line_1_27' title="bbox 2321 1368 3834 1442; baseline -0.003 -17"><span class='ocrx_word' id='word_1_176' title='bbox 2321 1373 2588 1440; x_wconf 80' lang='grc' dir='ltr'>Στέφανος</span> <span class='ocrx_word' id='word_1_177' title='bbox 2611 1371 2846 1442; x_wconf 85' lang='grc' dir='ltr'>χαρίτων</span> <span class='ocrx_word' id='word_1_178' title='bbox 2868 1372 2922 1424; x_wconf 84' lang='grc' dir='ltr'><strong>αί</strong></span> <span class='ocrx_word' id='word_1_179' title='bbox 2945 1370 3153 1424; x_wconf 70' lang='grc' dir='ltr'>ἐντολαὶ</span> <span class='ocrx_word' id='word_1_180' title='bbox 3179 1369 3272 1423; x_wconf 85' lang='grc' dir='ltr'><strong>τοῦ</strong></span> <span class='ocrx_word' id='word_1_181' title='bbox 3296 1368 3431 1422; x_wconf 88' lang='grc' dir='ltr'>Θεοῦ</span> <span class='ocrx_word' id='word_1_182' title='bbox 3454 1370 3609 1432; x_wconf 78' lang='grc' dir='ltr'>εἰσιν,</span> <span class='ocrx_word' id='word_1_183' title='bbox 3631 1368 3834 1430; x_wconf 81' lang='grc' dir='ltr'>αἱτινες</span> 
     </span>
    </p>
   </div>
   <div class='ocr_carea' id='block_1_28' title="bbox 2248 1461 3835 1532">
    <p class='ocr_par' dir='ltr' id='par_1_28' title="bbox 2248 1461 3835 1532">
     <span class='ocr_line' id='line_1_28' title="bbox 2248 1461 3835 1532; baseline 0 -18"><span class='ocrx_word' id='word_1_184' title='bbox 2248 1463 2339 1516; x_wconf 79' lang='grc' dir='ltr'>τὸν</span> <span class='ocrx_word' id='word_1_185' title='bbox 2400 1462 2659 1532; x_wconf 83' lang='grc' dir='ltr'>στέφανον</span> <span class='ocrx_word' id='word_1_186' title='bbox 2723 1461 2824 1530; x_wconf 83' lang='grc' dir='ltr'>τῆς</span> <span class='ocrx_word' id='word_1_187' title='bbox 2886 1461 3162 1530; x_wconf 75' lang='grc' dir='ltr'><strong>βασιλείας</strong></span> <span class='ocrx_word' id='word_1_188' title='bbox 3233 1462 3656 1532; x_wconf 84' lang='grc' dir='ltr'>ἀντιπαρέχουσι</span> <span class='ocrx_word' id='word_1_189' title='bbox 3722 1462 3835 1524; x_wconf 80' lang='grc' dir='ltr'>τοῖς</span> 
     </span>
    </p>
   </div>
   <div class='ocr_carea' id='block_1_29' title="bbox 2251 1548 3831 1621">
    <p class='ocr_par' dir='ltr' id='par_1_29' title="bbox 2251 1548 3831 1621">
     <span class='ocr_line' id='line_1_29' title="bbox 2251 1548 3831 1621; baseline 0.002 -21"><span class='ocrx_word' id='word_1_190' title='bbox 2251 1548 2495 1602; x_wconf 87' lang='grc' dir='ltr'>ποιοῦσιν</span> <span class='ocrx_word' id='word_1_191' title='bbox 2520 1549 2689 1610; x_wconf 84' lang='grc' dir='ltr'>αὑτάς</span> <span class='ocrx_word' id='word_1_192' title='bbox 2710 1566 2722 1578; x_wconf 75' lang='grc' dir='ltr'><strong>ο</strong></span> <span class='ocrx_word' id='word_1_193' title='bbox 2762 1549 3026 1617; x_wconf 79' lang='grc' dir='ltr'>στέφανος</span> <span class='ocrx_word' id='word_1_194' title='bbox 3049 1548 3107 1602; x_wconf 82' lang='grc' dir='ltr'>δὲ</span> <span class='ocrx_word' id='word_1_195' title='bbox 3132 1550 3338 1620; x_wconf 79' lang='grc' dir='ltr'>τρυφῆς</span> <span class='ocrx_word' id='word_1_196' title='bbox 3366 1551 3398 1619; x_wconf 85' lang='grc' dir='ltr'><strong>ἡ</strong></span> <span class='ocrx_word' id='word_1_197' title='bbox 3432 1551 3632 1617; x_wconf 90' lang='grc' dir='ltr'>γνῶσις</span> <span class='ocrx_word' id='word_1_198' title='bbox 3666 1551 3700 1621; x_wconf 78' lang='grc' dir='ltr'><strong>η</strong></span> <span class='ocrx_word' id='word_1_199' title='bbox 3736 1550 3831 1604; x_wconf 85' lang='grc' dir='ltr'><strong>τοῦ</strong></span> 
     </span>
    </p>
   </div>
   <div class='ocr_carea' id='block_1_30' title="bbox 2247 1639 3833 1712">
    <p class='ocr_par' dir='ltr' id='par_1_30' title="bbox 2247 1639 3833 1712">
     <span class='ocr_line' id='line_1_30' title="bbox 2247 1639 3833 1712; baseline 0.002 -20"><span class='ocrx_word' id='word_1_200' title='bbox 2247 1639 2404 1702; x_wconf 85' lang='grc' dir='ltr'>Θεοῦ,</span> <span class='ocrx_word' id='word_1_201' title='bbox 2447 1640 2568 1709; x_wconf 62' lang='grc' dir='ltr'><strong>⁴ἥτις</strong></span> <span class='ocrx_word' id='word_1_202' title='bbox 2605 1640 3050 1711; x_wconf 75' lang='grc' dir='ltr'>ὑπερασπίζουσα</span> <span class='ocrx_word' id='word_1_203' title='bbox 3097 1640 3288 1711; x_wconf 76' lang='grc' dir='ltr'>ἡμῶν,</span> <span class='ocrx_word' id='word_1_204' title='bbox 3351 1641 3527 1694; x_wconf 86' lang='grc' dir='ltr'>πάντα</span> <span class='ocrx_word' id='word_1_205' title='bbox 3574 1641 3833 1712; x_wconf 79' lang='grc' dir='ltr'>λογισμὸν</span> 
     </span>
    </p>
   </div>
   <div class='ocr_carea' id='block_1_31' title="bbox 2247 1731 3614 1804">
    <p class='ocr_par' dir='ltr' id='par_1_31' title="bbox 2247 1731 3614 1804">
     <span class='ocr_line' id='line_1_31' title="bbox 2247 1731 3614 1804; baseline 0.003 -21"><span class='ocrx_word' id='word_1_206' title='bbox 2247 1731 2490 1803; x_wconf 81' lang='grc' dir='ltr'>ἐμπαθῆ,</span> <span class='ocrx_word' id='word_1_207' title='bbox 2521 1734 2614 1786; x_wconf 74' lang='grc' dir='ltr'>καὶ</span> <span class='ocrx_word' id='word_1_208' title='bbox 2649 1736 2828 1798; x_wconf 79' lang='grc' dir='ltr'>πᾶσαν</span> <span class='ocrx_word' id='word_1_209' title='bbox 2862 1734 3061 1801; x_wconf 87' lang='grc' dir='ltr'>γνῶσιν</span> <span class='ocrx_word' id='word_1_210' title='bbox 3091 1733 3263 1804; x_wconf 77' lang='grc' dir='ltr'>ψευδῆ</span> <span class='ocrx_word' id='word_1_211' title='bbox 3292 1733 3614 1788; x_wconf 87' lang='grc' dir='ltr'>ἀπωθεῖται.</span> 
     </span>
    </p>
   </div>
   <div class='ocr_carea' id='block_1_32' title="bbox 642 1820 2138 1918">
    <p class='ocr_par' dir='ltr' id='par_1_32' title="bbox 642 1845 2138 1918">
     <span class='ocr_line' id='line_1_32' title="bbox 642 1845 2138 1918; baseline -0.005 -12"><span class='ocrx_word' id='word_1_212' title='bbox 642 1851 686 1883; x_wconf 81' lang='grc'>³⁸</span> <span class='ocrx_word' id='word_1_213' title='bbox 712 1849 806 1905; x_wconf 61' lang='lat' dir='ltr'><strong>lla:</strong></span> <span class='ocrx_word' id='word_1_214' title='bbox 826 1848 1129 1918; x_wconf 87' lang='lat' dir='ltr'><strong>complures</strong></span> <span class='ocrx_word' id='word_1_215' title='bbox 1155 1847 1256 1900; x_wconf 72' lang='lat' dir='ltr'><strong>via:</strong></span> <span class='ocrx_word' id='word_1_216' title='bbox 1282 1845 1348 1900; x_wconf 93' lang='lat' dir='ltr'><strong>ad</strong></span> <span class='ocrx_word' id='word_1_217' title='bbox 1382 1860 1544 1898; x_wconf 87' lang='lat' dir='ltr'><strong>unam</strong></span> <span class='ocrx_word' id='word_1_218' title='bbox 1570 1853 1798 1915; x_wconf 91' lang='lat' dir='ltr'><strong>vergunt</strong></span> <span class='ocrx_word' id='word_1_219' title='bbox 1831 1845 1998 1908; x_wconf 89' lang='lat' dir='ltr'><strong>viam,</strong></span> <span class='ocrx_word' id='word_1_220' title='bbox 2023 1857 2138 1914; x_wconf 75' lang='lat' dir='ltr'><strong>qua!</strong></span> 
     </span>
    </p>
   </div>
   <div class='ocr_carea' id='block_1_33' title="bbox 2238 1820 3832 1918">
    <p class='ocr_par' dir='ltr' id='par_1_33' title="bbox 2318 1820 3832 1898">
     <span class='ocr_line' id='line_1_33' title="bbox 2318 1820 3832 1898; baseline 0.001 -22"><span class='ocrx_word' id='word_1_221' title='bbox 2318 1820 2486 1878; x_wconf 78' lang='grc' dir='ltr'>Αὖται</span> <span class='ocrx_word' id='word_1_222' title='bbox 2517 1826 2571 1877; x_wconf 84' lang='grc' dir='ltr'><strong>αί</strong></span> <span class='ocrx_word' id='word_1_223' title='bbox 2607 1824 2798 1878; x_wconf 77' lang='grc' dir='ltr'>πολλαὶ</span> <span class='ocrx_word' id='word_1_224' title='bbox 2841 1825 2949 1878; x_wconf 74' lang='grc' dir='ltr'>ὁδοὶ</span> <span class='ocrx_word' id='word_1_225' title='bbox 2993 1827 3072 1888; x_wconf 78' lang='grc' dir='ltr'>εἰς</span> <span class='ocrx_word' id='word_1_226' title='bbox 3119 1825 3248 1894; x_wconf 89' lang='grc' dir='ltr'>μίαν</span> <span class='ocrx_word' id='word_1_227' title='bbox 3297 1825 3521 1893; x_wconf 77' lang='grc' dir='ltr'>ἄγουσιν</span> <span class='ocrx_word' id='word_1_228' title='bbox 3561 1826 3701 1891; x_wconf 73' lang='grc' dir='ltr'>ὁδὸν,</span> <span class='ocrx_word' id='word_1_229' title='bbox 3732 1825 3832 1898; x_wconf 74' lang='grc' dir='ltr'>τὴν</span> 
     </span>
    </p>
   </div>
   <div class='ocr_carea' id='block_1_34' title="bbox 572 1935 2148 2012">
    <p class='ocr_par' dir='ltr' id='par_1_34' title="bbox 572 1935 2148 2012">
     <span class='ocr_line' id='line_1_34' title="bbox 572 1935 2148 2012; baseline -0.007 -12"><span class='ocrx_word' id='word_1_230' title='bbox 572 1943 706 2000; x_wconf 89' lang='lat' dir='ltr'><strong>dicit</strong></span> <span class='ocrx_word' id='word_1_231' title='bbox 733 1959 747 1996; x_wconf 89' lang='lat'><strong>:</strong></span> <span class='ocrx_word' id='word_1_232' title='bbox 782 1941 896 2012; x_wconf 82' lang='lat' dir='ltr'><strong>Ego</strong></span> <span class='ocrx_word' id='word_1_233' title='bbox 916 1955 1034 1996; x_wconf 89' lang='lat' dir='ltr'><strong>sum</strong></span> <span class='ocrx_word' id='word_1_234' title='bbox 1065 1939 1174 1994; x_wconf 91' lang='lat' dir='ltr'><strong>via.</strong></span> <span class='ocrx_word' id='word_1_235' title='bbox 1228 1935 1422 1991; x_wconf 85' lang='lat' dir='ltr'><strong>Multas</strong></span> <span class='ocrx_word' id='word_1_236' title='bbox 1463 1946 1643 1992; x_wconf 92' lang='lat' dir='ltr'><strong>autem</strong></span> <span class='ocrx_word' id='word_1_237' title='bbox 1674 1937 1789 1991; x_wconf 86' lang='lat' dir='ltr'><strong>vias</strong></span> <span class='ocrx_word' id='word_1_238' title='bbox 1812 1936 1946 1990; x_wconf 86' lang='lat' dir='ltr'><strong>dixit</strong></span> <span class='ocrx_word' id='word_1_239' title='bbox 1975 1937 2148 1990; x_wconf 91' lang='lat' dir='ltr'><strong>virtu-</strong></span> 
     </span>
    </p>
   </div>
   <div class='ocr_carea' id='block_1_35' title="bbox 572 2026 2142 2104">
    <p class='ocr_par' dir='ltr' id='par_1_35' title="bbox 572 2026 2142 2104">
     <span class='ocr_line' id='line_1_35' title="bbox 572 2026 2142 2104; baseline -0.008 -12"><span class='ocrx_word' id='word_1_240' title='bbox 572 2047 674 2099; x_wconf 85' lang='lat' dir='ltr'><strong>tes,</strong></span> <span class='ocrx_word' id='word_1_241' title='bbox 699 2049 819 2104; x_wconf 67' lang='lat' dir='ltr'><strong>quae</strong></span> <span class='ocrx_word' id='word_1_242' title='bbox 849 2034 916 2089; x_wconf 93' lang='lat' dir='ltr'><strong>ad</strong></span> <span class='ocrx_word' id='word_1_243' title='bbox 938 2032 1032 2088; x_wconf 89' lang='lat' dir='ltr'><strong>Dei</strong></span> <span class='ocrx_word' id='word_1_244' title='bbox 1063 2031 1433 2102; x_wconf 88' lang='lat' dir='ltr'><strong>cognitionem</strong></span> <span class='ocrx_word' id='word_1_245' title='bbox 1475 2029 1768 2085; x_wconf 90' lang='lat' dir='ltr'><strong>deducunt.</strong></span> <span class='ocrx_word' id='word_1_246' title='bbox 1816 2026 2142 2098; x_wconf 75' lang='lat' dir='ltr'><strong>Multiplica-</strong></span> 
     </span>
    </p>
   </div>
   <div class='ocr_carea' id='block_1_36' title="bbox 570 2118 2143 2189">
    <p class='ocr_par' dir='ltr' id='par_1_36' title="bbox 570 2118 2143 2189">
     <span class='ocr_line' id='line_1_36' title="bbox 570 2118 2143 2189; baseline -0.008 -7"><span class='ocrx_word' id='word_1_247' title='bbox 570 2129 768 2182; x_wconf 85' lang='lat' dir='ltr'><strong>buntur</strong></span> <span class='ocrx_word' id='word_1_248' title='bbox 786 2134 964 2180; x_wconf 91' lang='lat' dir='ltr'><strong>autem</strong></span> <span class='ocrx_word' id='word_1_249' title='bbox 993 2124 1120 2178; x_wconf 88' lang='lat' dir='ltr'><strong>anni</strong></span> <span class='ocrx_word' id='word_1_250' title='bbox 1142 2123 1268 2178; x_wconf 72' lang='lat' dir='ltr'><strong>vita:</strong></span> <span class='ocrx_word' id='word_1_251' title='bbox 1296 2122 1522 2186; x_wconf 88' lang='lat' dir='ltr'><strong>homini,</strong></span> <span class='ocrx_word' id='word_1_252' title='bbox 1553 2121 1641 2188; x_wconf 93' lang='lat' dir='ltr'><strong>qui</strong></span> <span class='ocrx_word' id='word_1_253' title='bbox 1677 2119 1727 2172; x_wconf 95' lang='lat' dir='ltr'><strong>in</strong></span> <span class='ocrx_word' id='word_1_254' title='bbox 1754 2118 2143 2189; x_wconf 87' lang='lat' dir='ltr'><strong>prophetarum</strong></span> 
     </span>
    </p>
   </div>
   <div class='ocr_carea' id='block_1_37' title="bbox 571 2209 2143 2280">
    <p class='ocr_par' dir='ltr' id='par_1_37' title="bbox 571 2209 2143 2280">
     <span class='ocr_line' id='line_1_37' title="bbox 571 2209 2143 2280; baseline -0.009 -5"><span class='ocrx_word' id='word_1_255' title='bbox 571 2231 706 2275; x_wconf 86' lang='lat' dir='ltr'><strong>voce</strong></span> <span class='ocrx_word' id='word_1_256' title='bbox 739 2217 889 2272; x_wconf 90' lang='lat' dir='ltr'><strong>audit</strong></span> <span class='ocrx_word' id='word_1_257' title='bbox 919 2215 1196 2272; x_wconf 73' lang='lat' dir='ltr'><strong>ctelestem</strong></span> <span class='ocrx_word' id='word_1_258' title='bbox 1227 2214 1440 2268; x_wconf 88' lang='lat' dir='ltr'><strong>Patrem</strong></span> <span class='ocrx_word' id='word_1_259' title='bbox 1463 2251 1478 2275; x_wconf 90' lang='lat'><strong>,</strong></span> <span class='ocrx_word' id='word_1_260' title='bbox 1507 2210 1807 2280; x_wconf 87' lang='lat' dir='ltr'><strong>recipitque</strong></span> <span class='ocrx_word' id='word_1_261' title='bbox 1829 2223 1926 2279; x_wconf 88' lang='lat' dir='ltr'><strong>per</strong></span> <span class='ocrx_word' id='word_1_262' title='bbox 1957 2209 2143 2277; x_wconf 87' lang='lat' dir='ltr'><strong>unige-</strong></span> 
     </span>
    </p>
   </div>
   <div class='ocr_carea' id='block_1_38' title="bbox 571 2298 2142 2367">
    <p class='ocr_par' dir='ltr' id='par_1_38' title="bbox 571 2298 2142 2367">
     <span class='ocr_line' id='line_1_38' title="bbox 571 2298 2142 2367; baseline -0.007 -5"><span class='ocrx_word' id='word_1_263' title='bbox 571 2311 745 2362; x_wconf 89' lang='lat' dir='ltr'><strong>nitum</strong></span> <span class='ocrx_word' id='word_1_264' title='bbox 771 2306 966 2362; x_wconf 83' lang='lat' dir='ltr'><strong>Filium</strong></span> <span class='ocrx_word' id='word_1_265' title='bbox 998 2305 1161 2364; x_wconf 86' lang='lat' dir='ltr'><strong>verba</strong></span> <span class='ocrx_word' id='word_1_266' title='bbox 1197 2302 1362 2366; x_wconf 90' lang='lat' dir='ltr'><strong>illius,</strong></span> <span class='ocrx_word' id='word_1_267' title='bbox 1389 2303 1517 2355; x_wconf 91' lang='lat' dir='ltr'><strong>utin</strong></span> <span class='ocrx_word' id='word_1_268' title='bbox 1547 2301 1670 2355; x_wconf 74' lang='lat' dir='ltr'><strong>vita:</strong></span> <span class='ocrx_word' id='word_1_269' title='bbox 1697 2300 1856 2367; x_wconf 68' lang='lat' dir='ltr'><strong>iustae</strong></span> <span class='ocrx_word' id='word_1_270' title='bbox 1885 2298 1985 2354; x_wconf 87' lang='lat' dir='ltr'><strong>viis</strong></span> <span class='ocrx_word' id='word_1_271' title='bbox 2010 2299 2142 2354; x_wconf 90' lang='lat' dir='ltr'><strong>diri-</strong></span> 
     </span>
    </p>
   </div>
   <div class='ocr_carea' id='block_1_39' title="bbox 571 2392 1715 2466">
    <p class='ocr_par' dir='ltr' id='par_1_39' title="bbox 571 2392 1715 2466">
     <span class='ocr_line' id='line_1_39' title="bbox 571 2392 1715 2466; baseline -0.007 -14"><span class='ocrx_word' id='word_1_272' title='bbox 571 2410 753 2466; x_wconf 77' lang='lat' dir='ltr'><strong>gatur,</strong></span> <span class='ocrx_word' id='word_1_273' title='bbox 794 2412 901 2466; x_wconf 90' lang='lat' dir='ltr'><strong>quo</strong></span> <span class='ocrx_word' id='word_1_274' title='bbox 933 2395 1113 2452; x_wconf 85' lang='lat' dir='ltr'><strong>salvus</strong></span> <span class='ocrx_word' id='word_1_275' title='bbox 1141 2394 1236 2450; x_wconf 80' lang='lat' dir='ltr'><strong>ﬂat</strong></span> <span class='ocrx_word' id='word_1_276' title='bbox 1264 2395 1318 2448; x_wconf 93' lang='lat' dir='ltr'><strong>in</strong></span> <span class='ocrx_word' id='word_1_277' title='bbox 1348 2404 1551 2448; x_wconf 69' lang='lat' dir='ltr'><strong>aeterna</strong></span> <span class='ocrx_word' id='word_1_278' title='bbox 1586 2392 1715 2446; x_wconf 87' lang='lat' dir='ltr'><strong>vita.</strong></span> 
     </span>
    </p>
   </div>
   <div class='ocr_carea' id='block_1_40' title="bbox 641 2575 2135 2646">
    <p class='ocr_par' dir='ltr' id='par_1_40' title="bbox 641 2575 2135 2646">
     <span class='ocr_line' id='line_1_40' title="bbox 641 2575 2135 2646; baseline -0.005 -10"><span class='ocrx_word' id='word_1_279' title='bbox 641 2583 681 2614; x_wconf 78' lang='grc'><strong>’⁷</strong></span> <span class='ocrx_word' id='word_1_280' title='bbox 709 2580 918 2636; x_wconf 81' lang='lat' dir='ltr'><strong>Horum</strong></span> <span class='ocrx_word' id='word_1_281' title='bbox 943 2589 1256 2635; x_wconf 90' lang='lat' dir='ltr'><strong>castrorum</strong></span> <span class='ocrx_word' id='word_1_282' title='bbox 1293 2577 1454 2633; x_wconf 86' lang='lat' dir='ltr'><strong>statio</strong></span> <span class='ocrx_word' id='word_1_283' title='bbox 1484 2585 1566 2632; x_wconf 88' lang='lat' dir='ltr'><strong>est</strong></span> <span class='ocrx_word' id='word_1_284' title='bbox 1603 2577 1866 2646; x_wconf 89' lang='lat' dir='ltr'><strong>nequitia,</strong></span> <span class='ocrx_word' id='word_1_285' title='bbox 1917 2586 1972 2629; x_wconf 90' lang='lat' dir='ltr'><strong>et</strong></span> <span class='ocrx_word' id='word_1_286' title='bbox 2002 2575 2135 2629; x_wconf 69' lang='lat' dir='ltr'><strong>falsa</strong></span> 
     </span>
    </p>
   </div>
   <div class='ocr_carea' id='block_1_41' title="bbox 568 2667 2134 2741">
    <p class='ocr_par' dir='ltr' id='par_1_41' title="bbox 568 2667 2134 2741">
     <span class='ocr_line' id='line_1_41' title="bbox 568 2667 2134 2741; baseline -0.004 -14"><span class='ocrx_word' id='word_1_287' title='bbox 568 2672 822 2735; x_wconf 90' lang='lat' dir='ltr'><strong>scientia,</strong></span> <span class='ocrx_word' id='word_1_288' title='bbox 862 2679 916 2725; x_wconf 91' lang='lat' dir='ltr'><strong>et</strong></span> <span class='ocrx_word' id='word_1_289' title='bbox 945 2670 1202 2741; x_wconf 89' lang='lat' dir='ltr'><strong>quidquid</strong></span> <span class='ocrx_word' id='word_1_290' title='bbox 1229 2669 1337 2724; x_wconf 90' lang='lat' dir='ltr'><strong>Deo</strong></span> <span class='ocrx_word' id='word_1_291' title='bbox 1363 2670 1599 2723; x_wconf 83' lang='lat' dir='ltr'><strong>invisum</strong></span> <span class='ocrx_word' id='word_1_292' title='bbox 1625 2677 1731 2724; x_wconf 90' lang='lat' dir='ltr'><strong>est.</strong></span> <span class='ocrx_word' id='word_1_293' title='bbox 1767 2667 1963 2724; x_wconf 79' lang='lat' dir='ltr'><strong>Hostes</strong></span> <span class='ocrx_word' id='word_1_294' title='bbox 1991 2669 2134 2724; x_wconf 88' lang='lat' dir='ltr'><strong>enim</strong></span> 
     </span>
    </p>
   </div>
   <div class='ocr_carea' id='block_1_42' title="bbox 567 2762 1990 2835">
    <p class='ocr_par' dir='ltr' id='par_1_42' title="bbox 567 2762 1990 2835">
     <span class='ocr_line' id='line_1_42' title="bbox 567 2762 1990 2835; baseline -0.002 -17"><span class='ocrx_word' id='word_1_295' title='bbox 567 2774 694 2820; x_wconf 90' lang='lat' dir='ltr'><strong>sunt</strong></span> <span class='ocrx_word' id='word_1_296' title='bbox 713 2764 889 2834; x_wconf 78' lang='lat' dir='ltr'><strong>impia:</strong></span> <span class='ocrx_word' id='word_1_297' title='bbox 913 2764 1288 2835; x_wconf 88' lang='lat' dir='ltr'><strong>cogitationes,</strong></span> <span class='ocrx_word' id='word_1_298' title='bbox 1317 2778 1436 2834; x_wconf 77' lang='lat' dir='ltr'><strong>qua:</strong></span> <span class='ocrx_word' id='word_1_299' title='bbox 1459 2762 1672 2818; x_wconf 90' lang='lat' dir='ltr'><strong>animas</strong></span> <span class='ocrx_word' id='word_1_300' title='bbox 1697 2762 1990 2832; x_wconf 91' lang='lat' dir='ltr'><strong>perimunt.</strong></span> 
     </span>
    </p>
   </div>
   <div class='ocr_carea' id='block_1_43' title="bbox 637 2946 2135 3019">
    <p class='ocr_par' dir='ltr' id='par_1_43' title="bbox 637 2946 2135 3019">
     <span class='ocr_line' id='line_1_43' title="bbox 637 2946 2135 3019; baseline -0.003 -15"><span class='ocrx_word' id='word_1_301' title='bbox 637 2952 680 2983; x_wconf 78' lang='grc'><strong>³⁸</strong></span> <span class='ocrx_word' id='word_1_302' title='bbox 712 2949 935 3005; x_wconf 90' lang='lat' dir='ltr'><strong>Dilectis</strong></span> <span class='ocrx_word' id='word_1_303' title='bbox 965 2948 1078 3005; x_wconf 88' lang='lat' dir='ltr'><strong>suis</strong></span> <span class='ocrx_word' id='word_1_304' title='bbox 1103 2947 1330 3019; x_wconf 89' lang='lat' dir='ltr'><strong>largitur</strong></span> <span class='ocrx_word' id='word_1_305' title='bbox 1369 2947 1511 3002; x_wconf 88' lang='lat' dir='ltr'><strong>Deus</strong></span> <span class='ocrx_word' id='word_1_306' title='bbox 1549 2962 1830 3011; x_wconf 89' lang='lat' dir='ltr'><strong>somnum;</strong></span> <span class='ocrx_word' id='word_1_307' title='bbox 1878 2955 1934 3001; x_wconf 91' lang='lat' dir='ltr'><strong>at</strong></span> <span class='ocrx_word' id='word_1_308' title='bbox 1985 2946 2135 3015; x_wconf 93' lang='lat' dir='ltr'><strong>impii</strong></span> 
     </span>
    </p>
   </div>
   <div class='ocr_carea' id='block_1_44' title="bbox 569 3037 2135 3109">
    <p class='ocr_par' dir='ltr' id='par_1_44' title="bbox 569 3037 2135 3109">
     <span class='ocr_line' id='line_1_44' title="bbox 569 3037 2135 3109; baseline -0.003 -15"><span class='ocrx_word' id='word_1_309' title='bbox 569 3040 859 3096; x_wconf 86' lang='lat' dir='ltr'><strong>dilectione</strong></span> <span class='ocrx_word' id='word_1_310' title='bbox 885 3041 1002 3109; x_wconf 85' lang='lat' dir='ltr'><strong>ejus</strong></span> <span class='ocrx_word' id='word_1_311' title='bbox 1025 3054 1133 3094; x_wconf 88' lang='lat' dir='ltr'><strong>non</strong></span> <span class='ocrx_word' id='word_1_312' title='bbox 1168 3038 1440 3102; x_wconf 78' lang='lat' dir='ltr'><strong>fruuntur,</strong></span> <span class='ocrx_word' id='word_1_313' title='bbox 1477 3037 1674 3108; x_wconf 88' lang='lat' dir='ltr'><strong>quibus</strong></span> <span class='ocrx_word' id='word_1_314' title='bbox 1700 3046 1850 3093; x_wconf 89' lang='lat' dir='ltr'><strong>certe</strong></span> <span class='ocrx_word' id='word_1_315' title='bbox 1886 3052 2135 3093; x_wconf 89' lang='lat' dir='ltr'><strong>somnum</strong></span> 
     </span>
    </p>
   </div>
   <div class='ocr_carea' id='block_1_45' title="bbox 569 3127 2133 3186">
    <p class='ocr_par' dir='ltr' id='par_1_45' title="bbox 569 3127 2133 3186">
     <span class='ocr_line' id='line_1_45' title="bbox 569 3127 2133 3186; baseline 0 -2"><span class='ocrx_word' id='word_1_316' title='bbox 569 3131 831 3186; x_wconf 90' lang='lat' dir='ltr'><strong>Dominus</strong></span> <span class='ocrx_word' id='word_1_317' title='bbox 877 3145 982 3184; x_wconf 93' lang='lat' dir='ltr'><strong>non</strong></span> <span class='ocrx_word' id='word_1_318' title='bbox 1017 3129 1286 3185; x_wconf 86' lang='lat' dir='ltr'><strong>concedit.</strong></span> <span class='ocrx_word' id='word_1_319' title='bbox 1347 3127 1487 3184; x_wconf 84' lang='lat' dir='ltr'><strong>Hinc</strong></span> <span class='ocrx_word' id='word_1_320' title='bbox 1541 3127 1873 3184; x_wconf 88' lang='lat' dir='ltr'><strong>credibiliter</strong></span> <span class='ocrx_word' id='word_1_321' title='bbox 1921 3129 2133 3184; x_wconf 83' lang='lat' dir='ltr'><strong>ostendi</strong></span> 
     </span>
    </p>
   </div>
   <div class='ocr_carea' id='block_1_46' title="bbox 2250 1916 3828 1989">
    <p class='ocr_par' dir='ltr' id='par_1_46' title="bbox 2250 1916 3828 1989">
     <span class='ocr_line' id='line_1_46' title="bbox 2250 1916 3828 1989; baseline 0.003 -19"><span class='ocrx_word' id='word_1_322' title='bbox 2250 1917 2510 1971; x_wconf 75' lang='grc' dir='ltr'>εἰποῦσαν</span> <span class='ocrx_word' id='word_1_323' title='bbox 2528 1935 2541 1947; x_wconf 86' lang='grc'><strong>·</strong></span> <span class='ocrx_word' id='word_1_324' title='bbox 2575 1916 2715 1985; x_wconf 86' lang='grc' dir='ltr'><strong>Ἐγώ</strong></span> <span class='ocrx_word' id='word_1_325' title='bbox 2744 1919 2858 1988; x_wconf 88' lang='grc' dir='ltr'>είμι</span> <span class='ocrx_word' id='word_1_326' title='bbox 2884 1918 2916 1987; x_wconf 79' lang='grc' dir='ltr'>ἡ</span> <span class='ocrx_word' id='word_1_327' title='bbox 2945 1917 3063 1981; x_wconf 78' lang='grc' dir='ltr'>ὁδός</span> <span class='ocrx_word' id='word_1_328' title='bbox 3082 1935 3093 1947; x_wconf 79' lang='grc'><em>’</em></span> <span class='ocrx_word' id='word_1_329' title='bbox 3124 1917 3320 1982; x_wconf 84' lang='grc' dir='ltr'>πολλάς</span> <span class='ocrx_word' id='word_1_330' title='bbox 3340 1917 3396 1971; x_wconf 86' lang='grc' dir='ltr'><strong>δέ</strong></span> <span class='ocrx_word' id='word_1_331' title='bbox 3421 1919 3640 1989; x_wconf 75' lang='grc' dir='ltr'>εἴρηκεν</span> <span class='ocrx_word' id='word_1_332' title='bbox 3655 1920 3828 1983; x_wconf 76' lang='grc' dir='ltr'>ὁδοὺς,</span> 
     </span>
    </p>
   </div>
   <div class='ocr_carea' id='block_1_47' title="bbox 2247 2009 3823 2081">
    <p class='ocr_par' dir='ltr' id='par_1_47' title="bbox 2247 2009 3823 2081">
     <span class='ocr_line' id='line_1_47' title="bbox 2247 2009 3823 2081; baseline 0 -18"><span class='ocrx_word' id='word_1_333' title='bbox 2247 2011 2343 2072; x_wconf 82' lang='grc' dir='ltr'><strong>τὰς</strong></span> <span class='ocrx_word' id='word_1_334' title='bbox 2377 2009 2577 2081; x_wconf 79' lang='grc' dir='ltr'>ἀρετάς</span> <span class='ocrx_word' id='word_1_335' title='bbox 2607 2010 2706 2073; x_wconf 76' lang='grc' dir='ltr'><strong>τὰς</strong></span> <span class='ocrx_word' id='word_1_336' title='bbox 2734 2009 3005 2081; x_wconf 80' lang='grc' dir='ltr'>φερούσας</span> <span class='ocrx_word' id='word_1_337' title='bbox 3040 2012 3134 2063; x_wconf 77' lang='grc' dir='ltr'>ἐπὶ</span> <span class='ocrx_word' id='word_1_338' title='bbox 3163 2010 3262 2081; x_wconf 82' lang='grc' dir='ltr'>τὴν</span> <span class='ocrx_word' id='word_1_339' title='bbox 3303 2010 3504 2078; x_wconf 89' lang='grc' dir='ltr'>γνῶσιν</span> <span class='ocrx_word' id='word_1_340' title='bbox 3537 2011 3630 2063; x_wconf 89' lang='grc' dir='ltr'><strong>τοῦ</strong></span> <span class='ocrx_word' id='word_1_341' title='bbox 3664 2010 3823 2064; x_wconf 74' lang='grc' dir='ltr'>Θεοῦ.</span> 
     </span>
    </p>
   </div>
   <div class='ocr_carea' id='block_1_48' title="bbox 2247 2101 3831 2174">
    <p class='ocr_par' dir='ltr' id='par_1_48' title="bbox 2247 2101 3831 2174">
     <span class='ocr_line' id='line_1_48' title="bbox 2247 2101 3831 2174; baseline -0.001 -18"><span class='ocrx_word' id='word_1_342' title='bbox 2247 2102 2685 2174; x_wconf 83' lang='grc' dir='ltr'>Πληθυνθήσεται</span> <span class='ocrx_word' id='word_1_343' title='bbox 2725 2103 2781 2156; x_wconf 88' lang='grc' dir='ltr'><strong>δέ</strong></span> <span class='ocrx_word' id='word_1_344' title='bbox 2815 2102 2908 2172; x_wconf 82' lang='grc' dir='ltr'>ἔτη</span> <span class='ocrx_word' id='word_1_345' title='bbox 2946 2102 3090 2172; x_wconf 80' lang='grc' dir='ltr'>ζωῆς</span> <span class='ocrx_word' id='word_1_346' title='bbox 3133 2101 3226 2155; x_wconf 90' lang='grc' dir='ltr'><strong>τοῦ</strong></span> <span class='ocrx_word' id='word_1_347' title='bbox 3280 2102 3568 2166; x_wconf 86' lang='grc' dir='ltr'>ἀκούοντος</span> <span class='ocrx_word' id='word_1_348' title='bbox 3601 2102 3688 2156; x_wconf 86' lang='grc' dir='ltr'><strong>διά</strong></span> <span class='ocrx_word' id='word_1_349' title='bbox 3721 2102 3831 2156; x_wconf 83' lang='grc' dir='ltr'><strong>τῶν</strong></span> 
     </span>
    </p>
   </div>
   <div class='ocr_carea' id='block_1_49' title="bbox 2246 2193 3830 2266">
    <p class='ocr_par' dir='ltr' id='par_1_49' title="bbox 2246 2193 3830 2266">
     <span class='ocr_line' id='line_1_49' title="bbox 2246 2193 3830 2266; baseline 0.001 -19"><span class='ocrx_word' id='word_1_350' title='bbox 2246 2194 2540 2266; x_wconf 77' lang='grc' dir='ltr'>προφητῶν</span> <span class='ocrx_word' id='word_1_351' title='bbox 2568 2193 2662 2246; x_wconf 92' lang='grc' dir='ltr'><strong>τοῦ</strong></span> <span class='ocrx_word' id='word_1_352' title='bbox 2687 2195 3012 2264; x_wconf 78' lang='grc' dir='ltr'>ἐπουρανίου</span> <span class='ocrx_word' id='word_1_353' title='bbox 3036 2194 3267 2264; x_wconf 80' lang='grc' dir='ltr'>Πατρὸς,</span> <span class='ocrx_word' id='word_1_354' title='bbox 3297 2195 3390 2247; x_wconf 74' lang='grc' dir='ltr'>καὶ</span> <span class='ocrx_word' id='word_1_355' title='bbox 3419 2195 3708 2265; x_wconf 84' lang='grc' dir='ltr'>δεχομένου</span> <span class='ocrx_word' id='word_1_356' title='bbox 3740 2194 3830 2248; x_wconf 82' lang='grc' dir='ltr'><strong>διά</strong></span> 
     </span>
    </p>
   </div>
   <div class='ocr_carea' id='block_1_50' title="bbox 2244 2285 3830 2357">
    <p class='ocr_par' dir='ltr' id='par_1_50' title="bbox 2244 2285 3830 2357">
     <span class='ocr_line' id='line_1_50' title="bbox 2244 2285 3830 2357; baseline -0.001 -18"><span class='ocrx_word' id='word_1_357' title='bbox 2244 2286 2337 2340; x_wconf 85' lang='grc' dir='ltr'><strong>τοῦ</strong></span> <span class='ocrx_word' id='word_1_358' title='bbox 2371 2285 2689 2357; x_wconf 83' lang='grc' dir='ltr'>μονογενοῦς</span> <span class='ocrx_word' id='word_1_359' title='bbox 2721 2286 2849 2338; x_wconf 86' lang='grc' dir='ltr'>Υἱοῦ</span> <span class='ocrx_word' id='word_1_360' title='bbox 2890 2287 3016 2348; x_wconf 73' lang='grc' dir='ltr'>τοὺς</span> <span class='ocrx_word' id='word_1_361' title='bbox 3058 2286 3248 2354; x_wconf 74' lang='grc' dir='ltr'>λόγους</span> <span class='ocrx_word' id='word_1_362' title='bbox 3281 2285 3466 2348; x_wconf 78' lang='grc' dir='ltr'>αὑτοῦ,</span> <span class='ocrx_word' id='word_1_363' title='bbox 3501 2289 3581 2348; x_wconf 88' lang='grc' dir='ltr'><strong>είς</strong></span> <span class='ocrx_word' id='word_1_364' title='bbox 3610 2285 3671 2338; x_wconf 72' lang='grc' dir='ltr'><strong>τὸ</strong></span> <span class='ocrx_word' id='word_1_365' title='bbox 3701 2303 3830 2340; x_wconf 88' lang='grc' dir='ltr'>κατ-</span> 
     </span>
    </p>
   </div>
   <div class='ocr_carea' id='block_1_51' title="bbox 2243 2377 3824 2448">
    <p class='ocr_par' dir='ltr' id='par_1_51' title="bbox 2243 2377 3824 2448">
     <span class='ocr_line' id='line_1_51' title="bbox 2243 2377 3824 2448; baseline 0 -17"><span class='ocrx_word' id='word_1_366' title='bbox 2243 2377 2569 2446; x_wconf 82' lang='grc' dir='ltr'>ευθυνθῆναι</span> <span class='ocrx_word' id='word_1_367' title='bbox 2613 2379 2670 2431; x_wconf 91' lang='grc' dir='ltr'><strong>ἐν</strong></span> <span class='ocrx_word' id='word_1_368' title='bbox 2722 2381 2841 2441; x_wconf 87' lang='grc' dir='ltr'>ταῖς</span> <span class='ocrx_word' id='word_1_369' title='bbox 2869 2377 3007 2438; x_wconf 85' lang='grc' dir='ltr'>ὁδοῖς</span> <span class='ocrx_word' id='word_1_370' title='bbox 3051 2378 3148 2448; x_wconf 81' lang='grc' dir='ltr'>τῆς</span> <span class='ocrx_word' id='word_1_371' title='bbox 3183 2377 3528 2447; x_wconf 78' lang='grc' dir='ltr'>δικαιοσύνης</span> <span class='ocrx_word' id='word_1_372' title='bbox 3561 2377 3653 2432; x_wconf 89' lang='grc' dir='ltr'><strong>τοῦ</strong></span> <span class='ocrx_word' id='word_1_373' title='bbox 3686 2378 3824 2447; x_wconf 85' lang='grc' dir='ltr'>βίου,</span> 
     </span>
    </p>
   </div>
   <div class='ocr_carea' id='block_1_52' title="bbox 2241 2469 3342 2540">
    <p class='ocr_par' dir='ltr' id='par_1_52' title="bbox 2241 2469 3342 2540">
     <span class='ocr_line' id='line_1_52' title="bbox 2241 2469 3342 2540; baseline -0.003 -16"><span class='ocrx_word' id='word_1_374' title='bbox 2241 2471 2385 2534; x_wconf 84' lang='grc' dir='ltr'>ὅπως</span> <span class='ocrx_word' id='word_1_375' title='bbox 2412 2469 2668 2540; x_wconf 79' lang='grc' dir='ltr'><strong>ἀποσωθῇ</strong></span> <span class='ocrx_word' id='word_1_376' title='bbox 2700 2471 2779 2532; x_wconf 78' lang='grc' dir='ltr'>εἰς</span> <span class='ocrx_word' id='word_1_377' title='bbox 2802 2469 2901 2539; x_wconf 78' lang='grc' dir='ltr'>τὴν</span> <span class='ocrx_word' id='word_1_378' title='bbox 2929 2471 3156 2534; x_wconf 79' lang='grc' dir='ltr'>ἀείζωον</span> <span class='ocrx_word' id='word_1_379' title='bbox 3177 2469 3342 2539; x_wconf 72' lang='grc' dir='ltr'>ζωήν.</span> 
     </span>
    </p>
   </div>
   <div class='ocr_carea' id='block_1_53' title="bbox 2311 2559 3825 2631">
    <p class='ocr_par' dir='ltr' id='par_1_53' title="bbox 2311 2559 3825 2631">
     <span class='ocr_line' id='line_1_53' title="bbox 2311 2559 3825 2631; baseline -0.003 -15"><span class='ocrx_word' id='word_1_380' title='bbox 2311 2562 2513 2616; x_wconf 80' lang='grc' dir='ltr'>Τούτου</span> <span class='ocrx_word' id='word_1_381' title='bbox 2548 2562 2642 2614; x_wconf 91' lang='grc' dir='ltr'><strong>τοῦ</strong></span> <span class='ocrx_word' id='word_1_382' title='bbox 2678 2561 2910 2631; x_wconf 85' lang='grc' dir='ltr'>στρατοῦ</span> <span class='ocrx_word' id='word_1_383' title='bbox 2940 2563 2968 2613; x_wconf 92' lang='lat'><strong>6</strong></span> <span class='ocrx_word' id='word_1_384' title='bbox 3011 2560 3177 2624; x_wconf 82' lang='grc' dir='ltr'>τόπος</span> <span class='ocrx_word' id='word_1_385' title='bbox 3217 2563 3367 2614; x_wconf 74' lang='grc' dir='ltr'>ἐστὶν</span> <span class='ocrx_word' id='word_1_386' title='bbox 3401 2562 3434 2630; x_wconf 80' lang='grc' dir='ltr'>ἡ</span> <span class='ocrx_word' id='word_1_387' title='bbox 3467 2560 3635 2614; x_wconf 81' lang='grc' dir='ltr'>κακία</span> <span class='ocrx_word' id='word_1_388' title='bbox 3671 2559 3763 2614; x_wconf 78' lang='grc' dir='ltr'><strong>καὶ</strong></span> <span class='ocrx_word' id='word_1_389' title='bbox 3792 2561 3825 2630; x_wconf 75' lang='grc' dir='ltr'><strong>ἡ</strong></span> 
     </span>
    </p>
   </div>
   <div class='ocr_carea' id='block_1_54' title="bbox 2239 2649 3822 2723">
    <p class='ocr_par' dir='ltr' id='par_1_54' title="bbox 2239 2649 3822 2723">
     <span class='ocr_line' id='line_1_54' title="bbox 2239 2649 3822 2723; baseline -0.001 -17"><span class='ocrx_word' id='word_1_390' title='bbox 2239 2653 2584 2723; x_wconf 78' lang='grc' dir='ltr'>ψευδώνυμος</span> <span class='ocrx_word' id='word_1_391' title='bbox 2611 2655 2833 2722; x_wconf 89' lang='grc' dir='ltr'>γνῶσις,</span> <span class='ocrx_word' id='word_1_392' title='bbox 2869 2654 2964 2707; x_wconf 76' lang='grc' dir='ltr'>καὶ</span> <span class='ocrx_word' id='word_1_393' title='bbox 2991 2654 3096 2706; x_wconf 77' lang='grc' dir='ltr'>πᾶν</span> <span class='ocrx_word' id='word_1_394' title='bbox 3126 2651 3300 2706; x_wconf 78' lang='grc' dir='ltr'>ὁτιοῦν</span> <span class='ocrx_word' id='word_1_395' title='bbox 3327 2652 3551 2705; x_wconf 78' lang='grc' dir='ltr'>ἄδεκτον</span> <span class='ocrx_word' id='word_1_396' title='bbox 3581 2649 3658 2721; x_wconf 82' lang='grc' dir='ltr'>τῷ</span> <span class='ocrx_word' id='word_1_397' title='bbox 3682 2650 3822 2720; x_wconf 82' lang='grc' dir='ltr'><strong>Θεῷ⁶</strong></span> 
     </span>
    </p>
   </div>
   <div class='ocr_carea' id='block_1_55' title="bbox 2242 2744 3828 2817">
    <p class='ocr_par' dir='ltr' id='par_1_55' title="bbox 2242 2744 3828 2817">
     <span class='ocr_line' id='line_1_55' title="bbox 2242 2744 3828 2817; baseline 0.001 -19"><span class='ocrx_word' id='word_1_398' title='bbox 2242 2746 2486 2816; x_wconf 83' lang='grc' dir='ltr'>πολέμιοι</span> <span class='ocrx_word' id='word_1_399' title='bbox 2513 2747 2624 2817; x_wconf 83' lang='grc' dir='ltr'><strong>γάρ</strong></span> <span class='ocrx_word' id='word_1_400' title='bbox 2655 2749 2790 2800; x_wconf 76' lang='grc' dir='ltr'>εἰσιν</span> <span class='ocrx_word' id='word_1_401' title='bbox 2815 2747 2865 2799; x_wconf 89' lang='grc' dir='ltr'>οἱ</span> <span class='ocrx_word' id='word_1_402' title='bbox 2899 2744 3115 2808; x_wconf 79' lang='grc' dir='ltr'>άσεὸεῖς</span> <span class='ocrx_word' id='word_1_403' title='bbox 3161 2744 3435 2815; x_wconf 81' lang='grc' dir='ltr'>λογισμοὶ,</span> <span class='ocrx_word' id='word_1_404' title='bbox 3484 2745 3661 2814; x_wconf 76' lang='grc' dir='ltr'>ψυχάς</span> <span class='ocrx_word' id='word_1_405' title='bbox 3690 2745 3828 2799; x_wconf 77' lang='grc' dir='ltr'>ἀπο-</span> 
     </span>
    </p>
   </div>
   <div class='ocr_carea' id='block_1_56' title="bbox 2241 2837 2559 2901">
    <p class='ocr_par' dir='ltr' id='par_1_56' title="bbox 2241 2837 2559 2901">
     <span class='ocr_line' id='line_1_56' title="bbox 2241 2837 2559 2901; baseline 0.013 -11"><span class='ocrx_word' id='word_1_406' title='bbox 2241 2837 2559 2901; x_wconf 81' lang='grc' dir='ltr'>κτείνοντες.</span> 
     </span>
    </p>
   </div>
   <div class='ocr_carea' id='block_1_57' title="bbox 2323 2927 3816 3000">
    <p class='ocr_par' dir='ltr' id='par_1_57' title="bbox 2323 2927 3816 3000">
     <span class='ocr_line' id='line_1_57' title="bbox 2323 2927 3816 3000; baseline 0 -20"><span class='ocrx_word' id='word_1_407' title='bbox 2323 2929 2405 2981; x_wconf 76' lang='grc' dir='ltr'>Ἐι</span> <span class='ocrx_word' id='word_1_408' title='bbox 2433 2931 2547 2990; x_wconf 87' lang='grc' dir='ltr'>τοῖς</span> <span class='ocrx_word' id='word_1_409' title='bbox 2580 2928 2884 3000; x_wconf 79' lang='grc' dir='ltr'>ἀγαπητοῖς</span> <span class='ocrx_word' id='word_1_410' title='bbox 2918 2928 3083 2982; x_wconf 79' lang='grc' dir='ltr'>αὑτοῦ</span> <span class='ocrx_word' id='word_1_411' title='bbox 3109 2927 3323 2981; x_wconf 81' lang='grc' dir='ltr'>δίδωσιν</span> <span class='ocrx_word' id='word_1_412' title='bbox 3347 2929 3374 2981; x_wconf 88' lang='lat'><strong>6</strong></span> <span class='ocrx_word' id='word_1_413' title='bbox 3396 2927 3598 2998; x_wconf 84' lang='grc' dir='ltr'>Κύριος</span> <span class='ocrx_word' id='word_1_414' title='bbox 3631 2927 3816 2980; x_wconf 64' lang='grc' dir='ltr'>ῦπνοψ</span> 
     </span>
    </p>
   </div>
   <div class='ocr_carea' id='block_1_58' title="bbox 2237 3019 3822 3090">
    <p class='ocr_par' dir='ltr' id='par_1_58' title="bbox 2237 3019 3822 3090">
     <span class='ocr_line' id='line_1_58' title="bbox 2237 3019 3822 3090; baseline -0.002 -17"><span class='ocrx_word' id='word_1_415' title='bbox 2237 3021 2286 3073; x_wconf 83' lang='lat' dir='ltr'><strong>ot</strong></span> <span class='ocrx_word' id='word_1_416' title='bbox 2324 3019 2381 3072; x_wconf 86' lang='grc' dir='ltr'>δὲ</span> <span class='ocrx_word' id='word_1_417' title='bbox 2423 3020 2641 3084; x_wconf 80' lang='grc' dir='ltr'>ἀσεϐεῖς</span> <span class='ocrx_word' id='word_1_418' title='bbox 2685 3022 2792 3074; x_wconf 84' lang='grc' dir='ltr'>οὐκ</span> <span class='ocrx_word' id='word_1_419' title='bbox 2839 3023 2977 3074; x_wconf 76' lang='grc' dir='ltr'>εἰσὶν</span> <span class='ocrx_word' id='word_1_420' title='bbox 3006 3019 3172 3073; x_wconf 81' lang='grc' dir='ltr'>αὑτοῦ</span> <span class='ocrx_word' id='word_1_421' title='bbox 3200 3019 3503 3090; x_wconf 84' lang='grc' dir='ltr'>ἀγαπητοί·</span> <span class='ocrx_word' id='word_1_422' title='bbox 3545 3021 3660 3082; x_wconf 86' lang='grc' dir='ltr'>τοῖς</span> <span class='ocrx_word' id='word_1_423' title='bbox 3693 3020 3822 3072; x_wconf 86' lang='grc' dir='ltr'>ἀσε-</span> 
     </span>
    </p>
   </div>
   <div class='ocr_carea' id='block_1_59' title="bbox 2239 3108 3821 3183">
    <p class='ocr_par' dir='ltr' id='par_1_59' title="bbox 2239 3108 3821 3183">
     <span class='ocr_line' id='line_1_59' title="bbox 2239 3108 3821 3183; baseline -0.001 -20"><span class='ocrx_word' id='word_1_424' title='bbox 2239 3110 2388 3163; x_wconf 78' lang='grc' dir='ltr'>ϐέσιν</span> <span class='ocrx_word' id='word_1_425' title='bbox 2415 3111 2522 3183; x_wconf 76' lang='grc' dir='ltr'>ἄρα</span> <span class='ocrx_word' id='word_1_426' title='bbox 2561 3109 2622 3162; x_wconf 83' lang='grc' dir='ltr'>οὐ</span> <span class='ocrx_word' id='word_1_427' title='bbox 2651 3110 2865 3164; x_wconf 89' lang='grc' dir='ltr'>δίδωσιν</span> <span class='ocrx_word' id='word_1_428' title='bbox 2909 3110 3073 3164; x_wconf 79' lang='grc' dir='ltr'>ὕπνον</span> <span class='ocrx_word' id='word_1_429' title='bbox 3115 3113 3144 3162; x_wconf 85' lang='lat'><strong>6</strong></span> <span class='ocrx_word' id='word_1_430' title='bbox 3189 3110 3424 3182; x_wconf 80' lang='grc' dir='ltr'>Κύριος·</span> <span class='ocrx_word' id='word_1_431' title='bbox 3472 3108 3720 3164; x_wconf 82' lang='grc' dir='ltr'>ἐντεῦθεν</span> <span class='ocrx_word' id='word_1_432' title='bbox 3761 3109 3821 3162; x_wconf 72' lang='grc' dir='ltr'>δι</span> 
     </span>
    </p>
   </div>
   <div class='ocr_carea' id='block_1_60' title="bbox 556 3174 2138 3294">
    <p class='ocr_par' dir='ltr' id='par_1_60' title="bbox 556 3219 2138 3294">
     <span class='ocr_line' id='line_1_60' title="bbox 556 3219 2138 3294; baseline -0.001 -16"><span class='ocrx_word' id='word_1_433' title='bbox 556 3231 763 3294; x_wconf 79' lang='lat' dir='ltr'><strong>potest,</strong></span> <span class='ocrx_word' id='word_1_434' title='bbox 795 3222 940 3277; x_wconf 87' lang='lat' dir='ltr'><strong>haud</strong></span> <span class='ocrx_word' id='word_1_435' title='bbox 972 3235 1091 3278; x_wconf 87' lang='lat' dir='ltr'><strong>esse</strong></span> <span class='ocrx_word' id='word_1_436' title='bbox 1122 3222 1385 3286; x_wconf 83' lang='lat' dir='ltr'><strong>idoneam</strong></span> <span class='ocrx_word' id='word_1_437' title='bbox 1413 3219 1677 3290; x_wconf 91' lang='lat' dir='ltr'><strong>capiendo</strong></span> <span class='ocrx_word' id='word_1_438' title='bbox 1711 3234 1905 3276; x_wconf 85' lang='lat' dir='ltr'><strong>somno</strong></span> <span class='ocrx_word' id='word_1_439' title='bbox 1934 3221 2138 3277; x_wconf 72' lang='lat' dir='ltr'><strong>daemo-</strong></span> 
     </span>
    </p>
   </div>
   <div class='ocr_carea' id='block_1_61' title="bbox 2238 3174 3820 3294">
    <p class='ocr_par' dir='ltr' id='par_1_61' title="bbox 2245 3201 3820 3271">
     <span class='ocr_line' id='line_1_61' title="bbox 2245 3201 3820 3271; baseline -0.001 -16"><span class='ocrx_word' id='word_1_440' title='bbox 2245 3202 2359 3256; x_wconf 77' lang='grc' dir='ltr'>ἐστι</span> <span class='ocrx_word' id='word_1_441' title='bbox 2393 3205 2486 3258; x_wconf 76' lang='grc' dir='ltr'>καὶ</span> <span class='ocrx_word' id='word_1_442' title='bbox 2508 3203 2777 3268; x_wconf 89' lang='grc' dir='ltr'>πειθανῶς</span> <span class='ocrx_word' id='word_1_443' title='bbox 2810 3202 3002 3269; x_wconf 78' lang='grc' dir='ltr'>δεῖξαι,</span> <span class='ocrx_word' id='word_1_444' title='bbox 3037 3204 3119 3257; x_wconf 78' lang='grc' dir='ltr'>ὅτι</span> <span class='ocrx_word' id='word_1_445' title='bbox 3147 3203 3206 3257; x_wconf 84' lang='grc' dir='ltr'>οὺ</span> <span class='ocrx_word' id='word_1_446' title='bbox 3237 3201 3518 3257; x_wconf 81' lang='grc' dir='ltr'>καθεύδειν</span> <span class='ocrx_word' id='word_1_447' title='bbox 3539 3203 3820 3271; x_wconf 80' lang='grc' dir='ltr'>πεφύκασι</span> 
     </span>
    </p>
   </div>
   <div class='ocr_carea' id='block_1_62' title="bbox 565 3324 988 3371">
    <p class='ocr_par' dir='ltr' id='par_1_62' title="bbox 565 3324 988 3371">
     <span class='ocr_line' id='line_1_62' title="bbox 565 3324 988 3371; baseline -0.007 0"><span class='ocrx_word' id='word_1_448' title='bbox 565 3332 694 3371; x_wconf 90' lang='lat' dir='ltr'><strong>num</strong></span> <span class='ocrx_word' id='word_1_449' title='bbox 721 3324 988 3370; x_wconf 89' lang='lat' dir='ltr'><strong>naturam.</strong></span> 
     </span>
    </p>
   </div>
   <div class='ocr_carea' id='block_1_63' title="bbox 637 3401 2138 3473">
    <p class='ocr_par' dir='ltr' id='par_1_63' title="bbox 637 3401 2138 3473">
     <span class='ocr_line' id='line_1_63' title="bbox 637 3401 2138 3473; baseline -0.002 -14"><span class='ocrx_word' id='word_1_450' title='bbox 637 3405 683 3438; x_wconf 79' lang='lat'><strong>”</strong></span> <span class='ocrx_word' id='word_1_451' title='bbox 718 3405 989 3460; x_wconf 85' lang='lat' dir='ltr'><strong>Anteeunt</strong></span> <span class='ocrx_word' id='word_1_452' title='bbox 1014 3403 1169 3459; x_wconf 89' lang='lat' dir='ltr'><strong>nobis</strong></span> <span class='ocrx_word' id='word_1_453' title='bbox 1215 3405 1467 3468; x_wconf 86' lang='lat' dir='ltr'><strong>virtutes,</strong></span> <span class='ocrx_word' id='word_1_454' title='bbox 1501 3417 1707 3473; x_wconf 88' lang='lat' dir='ltr'><strong>nosque</strong></span> <span class='ocrx_word' id='word_1_455' title='bbox 1735 3401 2046 3457; x_wconf 87' lang='lat' dir='ltr'><strong>illuminant</strong></span> <span class='ocrx_word' id='word_1_456' title='bbox 2083 3401 2138 3456; x_wconf 90' lang='lat' dir='ltr'><strong>in</strong></span> 
     </span>
    </p>
   </div>
   <div class='ocr_carea' id='block_1_64' title="bbox 548 3494 2135 3566">
    <p class='ocr_par' dir='ltr' id='par_1_64' title="bbox 548 3494 2135 3566">
     <span class='ocr_line' id='line_1_64' title="bbox 548 3494 2135 3566; baseline -0.001 -17"><span class='ocrx_word' id='word_1_457' title='bbox 548 3505 831 3566; x_wconf 61' lang='lat' dir='ltr'><strong>praesente</strong></span> <span class='ocrx_word' id='word_1_458' title='bbox 888 3495 1032 3560; x_wconf 89' lang='lat' dir='ltr'><strong>vita;</strong></span> <span class='ocrx_word' id='word_1_459' title='bbox 1088 3508 1211 3565; x_wconf 65' lang='lat' dir='ltr'><strong>qua:</strong></span> <span class='ocrx_word' id='word_1_460' title='bbox 1260 3495 1304 3548; x_wconf 93' lang='lat' dir='ltr'><strong>si</strong></span> <span class='ocrx_word' id='word_1_461' title='bbox 1346 3509 1470 3550; x_wconf 92' lang='lat' dir='ltr'><strong>cum</strong></span> <span class='ocrx_word' id='word_1_462' title='bbox 1521 3494 1703 3548; x_wconf 77' lang='lat' dir='ltr'><strong>futura</strong></span> <span class='ocrx_word' id='word_1_463' title='bbox 1765 3502 2135 3563; x_wconf 90' lang='lat' dir='ltr'><strong>comparetur,</strong></span> 
     </span>
    </p>
   </div>
   <div class='ocr_carea' id='block_1_65' title="bbox 564 3585 2136 3659">
    <p class='ocr_par' dir='ltr' id='par_1_65' title="bbox 564 3585 2136 3659">
     <span class='ocr_line' id='line_1_65' title="bbox 564 3585 2136 3659; baseline -0.001 -18"><span class='ocrx_word' id='word_1_464' title='bbox 564 3603 686 3659; x_wconf 63' lang='lat' dir='ltr'><strong>qua:</strong></span> <span class='ocrx_word' id='word_1_465' title='bbox 710 3589 825 3643; x_wconf 89' lang='lat' dir='ltr'><strong>dies</strong></span> <span class='ocrx_word' id='word_1_466' title='bbox 848 3597 953 3654; x_wconf 87' lang='lat' dir='ltr'><strong>est,</strong></span> <span class='ocrx_word' id='word_1_467' title='bbox 982 3601 1087 3641; x_wconf 84' lang='lat' dir='ltr'><strong>nox</strong></span> <span class='ocrx_word' id='word_1_468' title='bbox 1120 3585 1366 3652; x_wconf 90' lang='lat' dir='ltr'><strong>dicetur;</strong></span> <span class='ocrx_word' id='word_1_469' title='bbox 1397 3586 1570 3641; x_wconf 90' lang='lat' dir='ltr'><strong>donec</strong></span> <span class='ocrx_word' id='word_1_470' title='bbox 1602 3594 1860 3656; x_wconf 80' lang='lat' dir='ltr'><strong>exsurgat</strong></span> <span class='ocrx_word' id='word_1_471' title='bbox 1885 3586 2001 3640; x_wconf 89' lang='lat' dir='ltr'><strong>dies</strong></span> <span class='ocrx_word' id='word_1_472' title='bbox 2023 3625 2038 3650; x_wconf 87' lang='lat'><strong>,</strong></span> <span class='ocrx_word' id='word_1_473' title='bbox 2083 3585 2136 3640; x_wconf 90' lang='lat' dir='ltr'><strong>in</strong></span> 
     </span>
    </p>
   </div>
   <div class='ocr_carea' id='block_1_66' title="bbox 563 3674 2136 3749">
    <p class='ocr_par' dir='ltr' id='par_1_66' title="bbox 563 3674 2136 3749">
     <span class='ocr_line' id='line_1_66' title="bbox 563 3674 2136 3749; baseline -0.003 -15"><span class='ocrx_word' id='word_1_474' title='bbox 563 3695 671 3749; x_wconf 92' lang='lat' dir='ltr'><strong>qua</strong></span> <span class='ocrx_word' id='word_1_475' title='bbox 696 3678 923 3746; x_wconf 77' lang='lat' dir='ltr'><strong>iustitia:</strong></span> <span class='ocrx_word' id='word_1_476' title='bbox 955 3676 1035 3732; x_wconf 92' lang='lat' dir='ltr'><strong>sol</strong></span> <span class='ocrx_word' id='word_1_477' title='bbox 1063 3678 1291 3732; x_wconf 89' lang='lat' dir='ltr'><strong>orietur.</strong></span> <span class='ocrx_word' id='word_1_478' title='bbox 1345 3674 1443 3731; x_wconf 79' lang='lat' dir='ltr'><strong>Vel</strong></span> <span class='ocrx_word' id='word_1_479' title='bbox 1497 3676 1648 3744; x_wconf 89' lang='lat' dir='ltr'><strong>dicit,</strong></span> <span class='ocrx_word' id='word_1_480' title='bbox 1684 3677 1860 3746; x_wconf 89' lang='lat' dir='ltr'><strong>quoad</strong></span> <span class='ocrx_word' id='word_1_481' title='bbox 1916 3686 2029 3732; x_wconf 93' lang='lat' dir='ltr'><strong>tuto</strong></span> <span class='ocrx_word' id='word_1_482' title='bbox 2081 3678 2136 3730; x_wconf 92' lang='lat' dir='ltr'><strong>in</strong></span> 
     </span>
    </p>
   </div>
   <div class='ocr_carea' id='block_1_67' title="bbox 565 3769 2134 3831">
    <p class='ocr_par' dir='ltr' id='par_1_67' title="bbox 565 3769 2134 3831">
     <span class='ocr_line' id='line_1_67' title="bbox 565 3769 2134 3831; baseline -0.001 -6"><span class='ocrx_word' id='word_1_483' title='bbox 565 3772 684 3827; x_wconf 86' lang='lat' dir='ltr'><strong>loco</strong></span> <span class='ocrx_word' id='word_1_484' title='bbox 723 3785 821 3826; x_wconf 89' lang='lat' dir='ltr'><strong>nos</strong></span> <span class='ocrx_word' id='word_1_485' title='bbox 852 3771 1210 3831; x_wconf 87' lang='lat' dir='ltr'><strong>constituant,</strong></span> <span class='ocrx_word' id='word_1_486' title='bbox 1253 3783 1358 3823; x_wconf 89' lang='lat' dir='ltr'><strong>non</strong></span> <span class='ocrx_word' id='word_1_487' title='bbox 1392 3770 1676 3825; x_wconf 89' lang='lat' dir='ltr'><strong>recedunt.</strong></span> <span class='ocrx_word' id='word_1_488' title='bbox 1713 3770 1810 3825; x_wconf 85' lang='lat' dir='ltr'><strong>Est</strong></span> <span class='ocrx_word' id='word_1_489' title='bbox 1848 3771 1994 3825; x_wconf 92' lang='lat' dir='ltr'><strong>enim</strong></span> <span class='ocrx_word' id='word_1_490' title='bbox 2028 3769 2134 3825; x_wconf 90' lang='lat' dir='ltr'><strong>dici</strong></span> 
     </span>
    </p>
   </div>
   <div class='ocr_carea' id='block_1_68' title="bbox 563 3861 2135 3934">
    <p class='ocr_par' dir='ltr' id='par_1_68' title="bbox 563 3861 2135 3934">
     <span class='ocr_line' id='line_1_68' title="bbox 563 3861 2135 3934; baseline 0.001 -17"><span class='ocrx_word' id='word_1_491' title='bbox 563 3862 866 3934; x_wconf 89' lang='lat' dir='ltr'><strong>proprium,</strong></span> <span class='ocrx_word' id='word_1_492' title='bbox 885 3871 940 3916; x_wconf 93' lang='lat' dir='ltr'><strong>ut</strong></span> <span class='ocrx_word' id='word_1_493' title='bbox 976 3863 1226 3916; x_wconf 90' lang='lat' dir='ltr'><strong>tenebras</strong></span> <span class='ocrx_word' id='word_1_494' title='bbox 1255 3861 1526 3931; x_wconf 91' lang='lat' dir='ltr'><strong>dispellat.</strong></span> <span class='ocrx_word' id='word_1_495' title='bbox 1554 3861 1708 3928; x_wconf 86' lang='lat' dir='ltr'><strong>Quod</strong></span> <span class='ocrx_word' id='word_1_496' title='bbox 1729 3876 1861 3918; x_wconf 86' lang='lat' dir='ltr'><strong>sane</strong></span> <span class='ocrx_word' id='word_1_497' title='bbox 1881 3861 2135 3919; x_wconf 82' lang='lat' dir='ltr'><strong>ChriStus</strong></span> 
     </span>
    </p>
   </div>
   <div class='ocr_carea' id='block_1_69' title="bbox 561 3951 2132 4020">
    <p class='ocr_par' dir='ltr' id='par_1_69' title="bbox 561 3951 2132 4020">
     <span class='ocr_line' id='line_1_69' title="bbox 561 3951 2132 4020; baseline 0.001 -12"><span class='ocrx_word' id='word_1_498' title='bbox 561 3954 731 4008; x_wconf 92' lang='lat' dir='ltr'><strong>etiam</strong></span> <span class='ocrx_word' id='word_1_499' title='bbox 777 3952 963 4008; x_wconf 88' lang='lat' dir='ltr'><strong>aiebat</strong></span> <span class='ocrx_word' id='word_1_500' title='bbox 996 3972 1007 4006; x_wconf 94' lang='lat'><strong>:</strong></span> <span class='ocrx_word' id='word_1_501' title='bbox 1038 3951 1140 4020; x_wconf 85' lang='lat' dir='ltr'><strong>Qui</strong></span> <span class='ocrx_word' id='word_1_502' title='bbox 1191 3952 1439 4007; x_wconf 88' lang='lat' dir='ltr'><strong>ambulat</strong></span> <span class='ocrx_word' id='word_1_503' title='bbox 1489 3952 1543 4006; x_wconf 92' lang='lat' dir='ltr'><strong>in</strong></span> <span class='ocrx_word' id='word_1_504' title='bbox 1581 3954 1689 4017; x_wconf 91' lang='lat' dir='ltr'><strong>die,</strong></span> <span class='ocrx_word' id='word_1_505' title='bbox 1735 3969 1842 4009; x_wconf 90' lang='lat' dir='ltr'><strong>non</strong></span> <span class='ocrx_word' id='word_1_506' title='bbox 1888 3952 2132 4009; x_wconf 82' lang='lat' dir='ltr'><strong>oﬂ&#39;endit.</strong></span> 
     </span>
    </p>
   </div>
   <div class='ocr_carea' id='block_1_70' title="bbox 559 4045 2135 4116">
    <p class='ocr_par' dir='ltr' id='par_1_70' title="bbox 559 4045 2135 4116">
     <span class='ocr_line' id='line_1_70' title="bbox 559 4045 2135 4116; baseline -0.003 -12"><span class='ocrx_word' id='word_1_507' title='bbox 559 4046 763 4104; x_wconf 83' lang='lat' dir='ltr'><strong>Contra</strong></span> <span class='ocrx_word' id='word_1_508' title='bbox 789 4045 849 4100; x_wconf 85' lang='lat' dir='ltr'><strong>ﬁt</strong></span> <span class='ocrx_word' id='word_1_509' title='bbox 885 4045 937 4101; x_wconf 90' lang='lat' dir='ltr'><strong>in</strong></span> <span class='ocrx_word' id='word_1_510' title='bbox 974 4047 1078 4101; x_wconf 86' lang='lat' dir='ltr'><strong>viis</strong></span> <span class='ocrx_word' id='word_1_511' title='bbox 1116 4045 1442 4116; x_wconf 90' lang='lat' dir='ltr'><strong>impiorum;</strong></span> <span class='ocrx_word' id='word_1_512' title='bbox 1477 4046 1566 4116; x_wconf 92' lang='lat' dir='ltr'><strong>qui</strong></span> <span class='ocrx_word' id='word_1_513' title='bbox 1611 4061 1734 4100; x_wconf 90' lang='lat' dir='ltr'><strong>cum</strong></span> <span class='ocrx_word' id='word_1_514' title='bbox 1758 4061 1933 4116; x_wconf 88' lang='lat' dir='ltr'><strong>neque</strong></span> <span class='ocrx_word' id='word_1_515' title='bbox 1959 4047 2135 4102; x_wconf 89' lang='lat' dir='ltr'><strong>sciant</strong></span> 
     </span>
    </p>
   </div>
   <div class='ocr_carea' id='block_1_71' title="bbox 561 4138 2131 4210">
    <p class='ocr_par' dir='ltr' id='par_1_71' title="bbox 561 4138 2131 4210">
     <span class='ocr_line' id='line_1_71' title="bbox 561 4138 2131 4210; baseline 0.001 -16"><span class='ocrx_word' id='word_1_516' title='bbox 561 4152 737 4210; x_wconf 90' lang='lat' dir='ltr'><strong>neque</strong></span> <span class='ocrx_word' id='word_1_517' title='bbox 775 4138 1099 4207; x_wconf 87' lang='lat' dir='ltr'><strong>intelligant,</strong></span> <span class='ocrx_word' id='word_1_518' title='bbox 1132 4139 1186 4193; x_wconf 92' lang='lat' dir='ltr'><strong>in</strong></span> <span class='ocrx_word' id='word_1_519' title='bbox 1234 4140 1478 4195; x_wconf 90' lang='lat' dir='ltr'><strong>tenebris</strong></span> <span class='ocrx_word' id='word_1_520' title='bbox 1526 4139 1807 4194; x_wconf 91' lang='lat' dir='ltr'><strong>ambulant</strong></span> <span class='ocrx_word' id='word_1_521' title='bbox 1855 4151 1912 4194; x_wconf 90' lang='lat' dir='ltr'><strong>et</strong></span> <span class='ocrx_word' id='word_1_522' title='bbox 1953 4139 2131 4196; x_wconf 77' lang='lat' dir='ltr'><strong>oll‘en-</strong></span> 
     </span>
    </p>
   </div>
   <div class='ocr_carea' id='block_1_72' title="bbox 557 4230 2131 4303">
    <p class='ocr_par' dir='ltr' id='par_1_72' title="bbox 557 4230 2131 4303">
     <span class='ocr_line' id='line_1_72' title="bbox 557 4230 2131 4303; baseline 0.001 -17"><span class='ocrx_word' id='word_1_523' title='bbox 557 4232 720 4298; x_wconf 92' lang='lat' dir='ltr'><strong>dunt;</strong></span> <span class='ocrx_word' id='word_1_524' title='bbox 753 4245 932 4301; x_wconf 89' lang='lat' dir='ltr'><strong>neque</strong></span> <span class='ocrx_word' id='word_1_525' title='bbox 976 4230 1138 4285; x_wconf 89' lang='lat' dir='ltr'><strong>ullam</strong></span> <span class='ocrx_word' id='word_1_526' title='bbox 1176 4232 1388 4302; x_wconf 83' lang='lat' dir='ltr'><strong>veniam</strong></span> <span class='ocrx_word' id='word_1_527' title='bbox 1428 4231 1744 4296; x_wconf 89' lang='lat' dir='ltr'><strong>inveniunt,</strong></span> <span class='ocrx_word' id='word_1_528' title='bbox 1786 4232 1939 4302; x_wconf 88' lang='lat' dir='ltr'><strong>quasi</strong></span> <span class='ocrx_word' id='word_1_529' title='bbox 1977 4232 2131 4303; x_wconf 86' lang='lat' dir='ltr'><strong>igno-</strong></span> 
     </span>
    </p>
   </div>
   <div class='ocr_carea' id='block_1_73' title="bbox 555 4322 2130 4393">
    <p class='ocr_par' dir='ltr' id='par_1_73' title="bbox 555 4322 2130 4393">
     <span class='ocr_line' id='line_1_73' title="bbox 555 4322 2130 4393; baseline 0.002 -17"><span class='ocrx_word' id='word_1_530' title='bbox 555 4324 735 4378; x_wconf 83' lang='lat' dir='ltr'><strong>rantia</strong></span> <span class='ocrx_word' id='word_1_531' title='bbox 796 4322 1037 4393; x_wconf 85' lang='lat' dir='ltr'><strong>prolapsi</strong></span> <span class='ocrx_word' id='word_1_532' title='bbox 1088 4322 1287 4378; x_wconf 83' lang='lat' dir='ltr'><strong>fuerint</strong></span> <span class='ocrx_word' id='word_1_533' title='bbox 1332 4343 1344 4377; x_wconf 90' lang='lat'>:</span> <span class='ocrx_word' id='word_1_534' title='bbox 1395 4323 1496 4392; x_wconf 91' lang='lat' dir='ltr'><strong>ipsi</strong></span> <span class='ocrx_word' id='word_1_535' title='bbox 1539 4323 1682 4377; x_wconf 88' lang='lat' dir='ltr'><strong>enim</strong></span> <span class='ocrx_word' id='word_1_536' title='bbox 1711 4322 1815 4378; x_wconf 89' lang='lat' dir='ltr'><strong>sibi</strong></span> <span class='ocrx_word' id='word_1_537' title='bbox 1876 4325 2130 4380; x_wconf 85' lang='lat' dir='ltr'><strong>tenebras</strong></span> 
     </span>
    </p>
   </div>
   <div class='ocr_carea' id='block_1_74' title="bbox 550 4418 2126 4488">
    <p class='ocr_par' dir='ltr' id='par_1_74' title="bbox 550 4418 2126 4488">
     <span class='ocr_line' id='line_1_74' title="bbox 550 4418 2126 4488; baseline 0 -15"><span class='ocrx_word' id='word_1_538' title='bbox 550 4418 916 4474; x_wconf 73' lang='lat' dir='ltr'><strong>abduxerunt.</strong></span> <span class='ocrx_word' id='word_1_539' title='bbox 947 4419 1012 4474; x_wconf 82' lang='lat' dir='ltr'><strong>Et</strong></span> <span class='ocrx_word' id='word_1_540' title='bbox 1043 4419 1260 4484; x_wconf 87' lang='lat' dir='ltr'><strong>videsis,</strong></span> <span class='ocrx_word' id='word_1_541' title='bbox 1289 4419 1434 4488; x_wconf 90' lang='lat' dir='ltr'><strong>quod</strong></span> <span class='ocrx_word' id='word_1_542' title='bbox 1460 4419 1632 4473; x_wconf 90' lang='lat' dir='ltr'><strong>virtus</strong></span> <span class='ocrx_word' id='word_1_543' title='bbox 1662 4419 1713 4472; x_wconf 93' lang='lat' dir='ltr'><strong>in</strong></span> <span class='ocrx_word' id='word_1_544' title='bbox 1742 4419 1934 4473; x_wconf 89' lang='lat' dir='ltr'><strong>mediis</strong></span> <span class='ocrx_word' id='word_1_545' title='bbox 1963 4420 2126 4473; x_wconf 85' lang='lat' dir='ltr'><strong>etiam</strong></span> 
     </span>
    </p>
   </div>
   <div class='ocr_carea' id='block_1_75' title="bbox 2239 3297 2508 3368">
    <p class='ocr_par' dir='ltr' id='par_1_75' title="bbox 2239 3297 2508 3368">
     <span class='ocr_line' id='line_1_75' title="bbox 2239 3297 2508 3368; baseline 0 -17"><span class='ocrx_word' id='word_1_546' title='bbox 2239 3297 2508 3368; x_wconf 87' lang='grc' dir='ltr'>δαίμονες.</span> 
     </span>
    </p>
   </div>
   <div class='ocr_carea' id='block_1_76' title="bbox 2309 3408 3823 3482">
    <p class='ocr_par' dir='ltr' id='par_1_76' title="bbox 2309 3408 3823 3482">
     <span class='ocr_line' id='line_1_76' title="bbox 2309 3408 3823 3482; baseline -0.001 -18"><span class='ocrx_word' id='word_1_547' title='bbox 2309 3410 2747 3482; x_wconf 85' lang='grc' dir='ltr'>Προπορεύονται</span> <span class='ocrx_word' id='word_1_548' title='bbox 2804 3410 2964 3480; x_wconf 76' lang='grc' dir='ltr'>ἡμῶν</span> <span class='ocrx_word' id='word_1_549' title='bbox 3007 3410 3063 3462; x_wconf 74' lang='lat' dir='ltr'><strong>at</strong></span> <span class='ocrx_word' id='word_1_550' title='bbox 3097 3409 3310 3480; x_wconf 77' lang='grc' dir='ltr'>ἀρεταὶ.</span> <span class='ocrx_word' id='word_1_551' title='bbox 3362 3409 3456 3462; x_wconf 80' lang='grc' dir='ltr'>καὶ</span> <span class='ocrx_word' id='word_1_552' title='bbox 3494 3408 3823 3478; x_wconf 72' lang='grc' dir='ltr'>φωτίζουσιν</span> 
     </span>
    </p>
   </div>
   <div class='ocr_carea' id='block_1_77' title="bbox 2236 3499 3824 3574">
    <p class='ocr_par' dir='ltr' id='par_1_77' title="bbox 2236 3499 3824 3574">
     <span class='ocr_line' id='line_1_77' title="bbox 2236 3499 3824 3574; baseline -0.003 -17"><span class='ocrx_word' id='word_1_553' title='bbox 2236 3505 2384 3574; x_wconf 79' lang='grc' dir='ltr'>ἡμᾶς</span> <span class='ocrx_word' id='word_1_554' title='bbox 2405 3505 2462 3558; x_wconf 88' lang='grc' dir='ltr'><strong>ἐν</strong></span> <span class='ocrx_word' id='word_1_555' title='bbox 2500 3503 2578 3572; x_wconf 85' lang='grc' dir='ltr'>τῷ</span> <span class='ocrx_word' id='word_1_556' title='bbox 2599 3503 2823 3574; x_wconf 89' lang='grc' dir='ltr'>παρόντι</span> <span class='ocrx_word' id='word_1_557' title='bbox 2855 3502 2974 3572; x_wconf 83' lang='grc' dir='ltr'>βίῳ,</span> <span class='ocrx_word' id='word_1_558' title='bbox 3002 3501 3060 3564; x_wconf 84' lang='grc' dir='ltr'><strong>δς</strong></span> <span class='ocrx_word' id='word_1_559' title='bbox 3094 3501 3230 3572; x_wconf 79' lang='grc' dir='ltr'>πρὸς</span> <span class='ocrx_word' id='word_1_560' title='bbox 3253 3501 3344 3553; x_wconf 85' lang='grc' dir='ltr'>τὸν</span> <span class='ocrx_word' id='word_1_561' title='bbox 3377 3499 3658 3571; x_wconf 82' lang='grc' dir='ltr'>μέλλοντα,</span> <span class='ocrx_word' id='word_1_562' title='bbox 3686 3502 3719 3570; x_wconf 77' lang='grc' dir='ltr'>ἡ</span> <span class='ocrx_word' id='word_1_563' title='bbox 3730 3501 3824 3571; x_wconf 85' lang='grc' dir='ltr'>μέ-</span> 
     </span>
    </p>
   </div>
   <div class='ocr_carea' id='block_1_78' title="bbox 2241 3592 3823 3666">
    <p class='ocr_par' dir='ltr' id='par_1_78' title="bbox 2241 3592 3823 3666">
     <span class='ocr_line' id='line_1_78' title="bbox 2241 3592 3823 3666; baseline -0.003 -16"><span class='ocrx_word' id='word_1_564' title='bbox 2241 3613 2338 3666; x_wconf 90' lang='grc' dir='ltr'><strong>ραν</strong></span> <span class='ocrx_word' id='word_1_565' title='bbox 2371 3595 2520 3661; x_wconf 74' lang='grc' dir='ltr'>ὄντα,</span> <span class='ocrx_word' id='word_1_566' title='bbox 2556 3595 2652 3662; x_wconf 82' lang='grc' dir='ltr'><strong>νὺξ</strong></span> <span class='ocrx_word' id='word_1_567' title='bbox 2678 3595 2893 3663; x_wconf 86' lang='grc' dir='ltr'>λέγεται</span> <span class='ocrx_word' id='word_1_568' title='bbox 2913 3611 2926 3624; x_wconf 82' lang='lat'>&#39;</span> <span class='ocrx_word' id='word_1_569' title='bbox 2967 3595 3072 3658; x_wconf 70' lang='grc' dir='ltr'>ἕως</span> <span class='ocrx_word' id='word_1_570' title='bbox 3107 3592 3442 3664; x_wconf 85' lang='grc' dir='ltr'>κατορθώσει</span> <span class='ocrx_word' id='word_1_571' title='bbox 3475 3593 3509 3664; x_wconf 78' lang='grc' dir='ltr'>ἡ</span> <span class='ocrx_word' id='word_1_572' title='bbox 3537 3593 3726 3664; x_wconf 77' lang='grc' dir='ltr'>ἡμέρα</span> <span class='ocrx_word' id='word_1_573' title='bbox 3762 3593 3823 3645; x_wconf 88' lang='grc' dir='ltr'><strong>ἐν</strong></span> 
     </span>
    </p>
   </div>
   <div class='ocr_carea' id='block_1_79' title="bbox 2235 3681 3821 3765">
    <p class='ocr_par' dir='ltr' id='par_1_79' title="bbox 2235 3681 3821 3765">
     <span class='ocr_line' id='line_1_79' title="bbox 2235 3681 3821 3765; baseline -0.006 -21"><span class='ocrx_word' id='word_1_574' title='bbox 2235 3685 2329 3765; x_wconf 79' lang='grc' dir='ltr'>ᾕό</span> <span class='ocrx_word' id='word_1_575' title='bbox 2358 3690 2456 3761; x_wconf 83' lang='grc' dir='ltr'><strong>τῆς</strong></span> <span class='ocrx_word' id='word_1_576' title='bbox 2495 3686 2840 3757; x_wconf 83' lang='grc' dir='ltr'>δικαιοσύνης</span> <span class='ocrx_word' id='word_1_577' title='bbox 2887 3686 3039 3756; x_wconf 76' lang='grc' dir='ltr'>ἥλιος</span> <span class='ocrx_word' id='word_1_578' title='bbox 3081 3685 3378 3738; x_wconf 84' lang='grc' dir='ltr'>ἀνατέλλει.</span> <span class='ocrx_word' id='word_1_579' title='bbox 3431 3685 3503 3737; x_wconf 86' lang='grc' dir='ltr'><strong>Ἦ</strong></span> <span class='ocrx_word' id='word_1_580' title='bbox 3549 3684 3669 3736; x_wconf 80' lang='grc' dir='ltr'>ἀντὶ</span> <span class='ocrx_word' id='word_1_581' title='bbox 3704 3681 3821 3746; x_wconf 87' lang='grc' dir='ltr'>τοῦ,</span> 
     </span>
    </p>
   </div>
   <div class='ocr_carea' id='block_1_80' title="bbox 2234 3775 3821 3852">
    <p class='ocr_par' dir='ltr' id='par_1_80' title="bbox 2234 3775 3821 3852">
     <span class='ocr_line' id='line_1_80' title="bbox 2234 3775 3821 3852; baseline -0.004 -17"><span class='ocrx_word' id='word_1_582' title='bbox 2234 3783 2338 3844; x_wconf 74' lang='grc' dir='ltr'>ἕως</span> <span class='ocrx_word' id='word_1_583' title='bbox 2369 3782 2517 3852; x_wconf 77' lang='grc' dir='ltr'>ἡμᾶς</span> <span class='ocrx_word' id='word_1_584' title='bbox 2547 3781 2603 3833; x_wconf 90' lang='grc' dir='ltr'><strong>ἐν</strong></span> <span class='ocrx_word' id='word_1_585' title='bbox 2631 3778 2898 3848; x_wconf 75' lang='grc' dir='ltr'>ἀσφαλείᾳ</span> <span class='ocrx_word' id='word_1_586' title='bbox 2929 3779 3388 3849; x_wconf 80' lang='grc' dir='ltr'>καταστήσουσιν,</span> <span class='ocrx_word' id='word_1_587' title='bbox 3417 3776 3516 3828; x_wconf 82' lang='grc' dir='ltr'>οὐκ</span> <span class='ocrx_word' id='word_1_588' title='bbox 3549 3775 3821 3844; x_wconf 81' lang='grc' dir='ltr'>ἀφίσταν-</span> 
     </span>
    </p>
   </div>
   <div class='ocr_carea' id='block_1_81' title="bbox 2234 3865 3816 3942">
    <p class='ocr_par' dir='ltr' id='par_1_81' title="bbox 2234 3865 3816 3942">
     <span class='ocr_line' id='line_1_81' title="bbox 2234 3865 3816 3942; baseline -0.005 -16"><span class='ocrx_word' id='word_1_589' title='bbox 2234 3888 2352 3926; x_wconf 88' lang='grc' dir='ltr'>ται·</span> <span class='ocrx_word' id='word_1_590' title='bbox 2379 3871 2537 3925; x_wconf 83' lang='grc' dir='ltr'>τοῦτο</span> <span class='ocrx_word' id='word_1_591' title='bbox 2577 3871 2686 3942; x_wconf 77' lang='grc' dir='ltr'><strong>γὰρ</strong></span> <span class='ocrx_word' id='word_1_592' title='bbox 2725 3869 2941 3941; x_wconf 82' lang='grc' dir='ltr'>ἡμέρας</span> <span class='ocrx_word' id='word_1_593' title='bbox 2987 3869 3140 3934; x_wconf 84' lang='grc' dir='ltr'>ῐδιον,</span> <span class='ocrx_word' id='word_1_594' title='bbox 3189 3869 3250 3922; x_wconf 79' lang='grc' dir='ltr'>τὸ</span> <span class='ocrx_word' id='word_1_595' title='bbox 3277 3867 3495 3930; x_wconf 80' lang='grc' dir='ltr'>’σκότος</span> <span class='ocrx_word' id='word_1_596' title='bbox 3542 3865 3816 3920; x_wconf 81' lang='grc' dir='ltr'>διαλύειν·</span> 
     </span>
    </p>
   </div>
   <div class='ocr_carea' id='block_1_82' title="bbox 2233 3959 3816 4035">
    <p class='ocr_par' dir='ltr' id='par_1_82' title="bbox 2233 3959 3816 4035">
     <span class='ocr_line' id='line_1_82' title="bbox 2233 3959 3816 4035; baseline -0.006 -16"><span class='ocrx_word' id='word_1_597' title='bbox 2233 3968 2368 4035; x_wconf 79' lang='grc' dir='ltr'>ὅπερ</span> <span class='ocrx_word' id='word_1_598' title='bbox 2410 3960 2501 4018; x_wconf 82' lang='grc' dir='ltr'><strong>οῦν</strong></span> <span class='ocrx_word' id='word_1_599' title='bbox 2539 3964 2632 4017; x_wconf 79' lang='grc' dir='ltr'>καὶ</span> <span class='ocrx_word' id='word_1_600' title='bbox 2656 3963 2889 4034; x_wconf 82' lang='grc' dir='ltr'>Χριστὸς</span> <span class='ocrx_word' id='word_1_601' title='bbox 2942 3961 3162 4029; x_wconf 59' lang='grc' dir='ltr'>ἔλεγεν</span> <span class='ocrx_word' id='word_1_602' title='bbox 3208 3959 3268 4013; x_wconf 89' lang='lat'><strong>&#39;0</strong></span> <span class='ocrx_word' id='word_1_603' title='bbox 3304 3959 3625 4030; x_wconf 89' lang='grc' dir='ltr'>περιπατῶν</span> <span class='ocrx_word' id='word_1_604' title='bbox 3662 3961 3720 4011; x_wconf 86' lang='grc' dir='ltr'><strong>ἐν</strong></span> <span class='ocrx_word' id='word_1_605' title='bbox 3749 3961 3816 4030; x_wconf 78' lang='grc' dir='ltr'>τῇ</span> 
     </span>
    </p>
   </div>
   <div class='ocr_carea' id='block_1_83' title="bbox 2233 4052 3816 4129">
    <p class='ocr_par' dir='ltr' id='par_1_83' title="bbox 2233 4052 3816 4129">
     <span class='ocr_line' id='line_1_83' title="bbox 2233 4052 3816 4129; baseline -0.003 -19"><span class='ocrx_word' id='word_1_606' title='bbox 2233 4058 2414 4129; x_wconf 76' lang='grc' dir='ltr'>ἡμέρᾳ</span> <span class='ocrx_word' id='word_1_607' title='bbox 2458 4057 2518 4109; x_wconf 80' lang='grc' dir='ltr'><strong>ού</strong></span> <span class='ocrx_word' id='word_1_608' title='bbox 2566 4056 2931 4126; x_wconf 87' lang='grc' dir='ltr'>προσκόπτει·</span> <span class='ocrx_word' id='word_1_609' title='bbox 2984 4052 3290 4107; x_wconf 81' lang='grc' dir='ltr'>τούναντίον</span> <span class='ocrx_word' id='word_1_610' title='bbox 3341 4052 3398 4106; x_wconf 84' lang='grc' dir='ltr'>δὲ</span> <span class='ocrx_word' id='word_1_611' title='bbox 3444 4053 3500 4106; x_wconf 82' lang='grc' dir='ltr'>αἱ</span> <span class='ocrx_word' id='word_1_612' title='bbox 3537 4052 3646 4105; x_wconf 88' lang='grc' dir='ltr'><strong>τῶν</strong></span> <span class='ocrx_word' id='word_1_613' title='bbox 3688 4054 3816 4106; x_wconf 83' lang='grc' dir='ltr'>ἀσε-</span> 
     </span>
    </p>
   </div>
   <div class='ocr_carea' id='block_1_84' title="bbox 2232 4143 3817 4214">
    <p class='ocr_par' dir='ltr' id='par_1_84' title="bbox 2232 4143 3817 4214">
     <span class='ocr_line' id='line_1_84' title="bbox 2232 4143 3817 4214; baseline -0.003 -13"><span class='ocrx_word' id='word_1_614' title='bbox 2232 4148 2341 4201; x_wconf 78' lang='grc' dir='ltr'>ϐῶν</span> <span class='ocrx_word' id='word_1_615' title='bbox 2363 4166 2376 4178; x_wconf 76' lang='grc' dir='ltr'><strong>ο</strong></span> <span class='ocrx_word' id='word_1_616' title='bbox 2414 4149 2536 4201; x_wconf 73' lang='grc' dir='ltr'>ἐπεὶ</span> <span class='ocrx_word' id='word_1_617' title='bbox 2562 4143 2656 4201; x_wconf 84' lang='grc' dir='ltr'>οὖν</span> <span class='ocrx_word' id='word_1_618' title='bbox 2684 4147 2784 4200; x_wconf 83' lang='grc' dir='ltr'>οὐκ</span> <span class='ocrx_word' id='word_1_619' title='bbox 2815 4144 3056 4213; x_wconf 75' lang='grc' dir='ltr'>ἔγνωσαν</span> <span class='ocrx_word' id='word_1_620' title='bbox 3086 4143 3206 4197; x_wconf 80' lang='grc' dir='ltr'><strong>οὑδέ</strong></span> <span class='ocrx_word' id='word_1_621' title='bbox 3237 4143 3501 4214; x_wconf 82' lang='grc' dir='ltr'>συνῆκαν,</span> <span class='ocrx_word' id='word_1_622' title='bbox 3534 4144 3593 4195; x_wconf 88' lang='grc' dir='ltr'><strong>ἐν</strong></span> <span class='ocrx_word' id='word_1_623' title='bbox 3635 4143 3817 4196; x_wconf 87' lang='grc' dir='ltr'>σκότει</span> 
     </span>
    </p>
   </div>
   <div class='ocr_carea' id='block_1_85' title="bbox 2229 4235 3816 4312">
    <p class='ocr_par' dir='ltr' id='par_1_85' title="bbox 2229 4235 3816 4312">
     <span class='ocr_line' id='line_1_85' title="bbox 2229 4235 3816 4312; baseline -0.005 -18"><span class='ocrx_word' id='word_1_624' title='bbox 2229 4241 2672 4312; x_wconf 82' lang='grc' dir='ltr'>διαπορεύονται’</span> <span class='ocrx_word' id='word_1_625' title='bbox 2746 4238 3218 4308; x_wconf 88' lang='grc' dir='ltr'>προσκόπτουσιν,</span> <span class='ocrx_word' id='word_1_626' title='bbox 3289 4236 3404 4289; x_wconf 81' lang='grc' dir='ltr'>ἀλλ’</span> <span class='ocrx_word' id='word_1_627' title='bbox 3464 4235 3566 4290; x_wconf 82' lang='grc' dir='ltr'>οὐκ</span> <span class='ocrx_word' id='word_1_628' title='bbox 3632 4235 3816 4306; x_wconf 82' lang='grc' dir='ltr'>ἐχουσι</span> 
     </span>
    </p>
   </div>
   <div class='ocr_carea' id='block_1_86' title="bbox 2232 4324 3816 4400">
    <p class='ocr_par' dir='ltr' id='par_1_86' title="bbox 2232 4324 3816 4400">
     <span class='ocr_line' id='line_1_86' title="bbox 2232 4324 3816 4400; baseline -0.004 -17"><span class='ocrx_word' id='word_1_629' title='bbox 2232 4329 2557 4400; x_wconf 83' lang='grc' dir='ltr'>συγγνώμην</span> <span class='ocrx_word' id='word_1_630' title='bbox 2602 4328 2677 4390; x_wconf 86' lang='grc' dir='ltr'>ὼς</span> <span class='ocrx_word' id='word_1_631' title='bbox 2725 4326 2917 4397; x_wconf 78' lang='grc' dir='ltr'>ἀγνοίᾳ</span> <span class='ocrx_word' id='word_1_632' title='bbox 2970 4326 3434 4396; x_wconf 75' lang='grc' dir='ltr'>προσπταίοντεςο</span> <span class='ocrx_word' id='word_1_633' title='bbox 3490 4326 3644 4378; x_wconf 77' lang='grc' dir='ltr'>αὐτοὶ</span> <span class='ocrx_word' id='word_1_634' title='bbox 3704 4324 3816 4394; x_wconf 88' lang='grc' dir='ltr'><strong>γάρ</strong></span> 
     </span>
    </p>
   </div>
   <div class='ocr_carea' id='block_1_87' title="bbox 2230 4417 3816 4489">
    <p class='ocr_par' dir='ltr' id='par_1_87' title="bbox 2230 4417 3816 4489">
     <span class='ocr_line' id='line_1_87' title="bbox 2230 4417 3816 4489; baseline -0.002 -16"><span class='ocrx_word' id='word_1_635' title='bbox 2230 4422 2440 4484; x_wconf 87' lang='grc' dir='ltr'>ἐαυτοῖς</span> <span class='ocrx_word' id='word_1_636' title='bbox 2479 4421 2541 4472; x_wconf 86' lang='grc' dir='ltr'>τὸ</span> <span class='ocrx_word' id='word_1_637' title='bbox 2587 4419 2777 4482; x_wconf 87' lang='grc' dir='ltr'>σκότος</span> <span class='ocrx_word' id='word_1_638' title='bbox 2829 4418 3188 4489; x_wconf 78' lang='grc' dir='ltr'>εἰργάσαντο·</span> <span class='ocrx_word' id='word_1_639' title='bbox 3246 4417 3346 4489; x_wconf 82' lang='grc' dir='ltr'><strong>δρα</strong></span> <span class='ocrx_word' id='word_1_640' title='bbox 3395 4417 3452 4471; x_wconf 73' lang='grc' dir='ltr'>δὲ</span> <span class='ocrx_word' id='word_1_641' title='bbox 3502 4418 3579 4482; x_wconf 86' lang='grc' dir='ltr'><strong>ὡς</strong></span> <span class='ocrx_word' id='word_1_642' title='bbox 3629 4419 3663 4488; x_wconf 80' lang='grc' dir='ltr'>ἡ</span> <span class='ocrx_word' id='word_1_643' title='bbox 3716 4418 3816 4488; x_wconf 77' lang='grc' dir='ltr'>μὲν</span> 
     </span>
    </p>
   </div>
   <div class='ocr_carea' id='block_1_88' title="bbox 541 4508 2138 4593">
    <p class='ocr_par' dir='ltr' id='par_1_88' title="bbox 541 4508 2122 4578">
     <span class='ocr_line' id='line_1_88' title="bbox 541 4508 2122 4578; baseline 0.002 -16"><span class='ocrx_word' id='word_1_644' title='bbox 541 4508 798 4564; x_wconf 86' lang='lat' dir='ltr'><strong>‘tenebris</strong></span> <span class='ocrx_word' id='word_1_645' title='bbox 835 4508 1010 4564; x_wconf 90' lang='lat' dir='ltr'><strong>lucem</strong></span> <span class='ocrx_word' id='word_1_646' title='bbox 1052 4508 1338 4574; x_wconf 80' lang='lat' dir='ltr'><strong>diﬂ‘undit;</strong></span> <span class='ocrx_word' id='word_1_647' title='bbox 1387 4510 1631 4578; x_wconf 87' lang='lat' dir='ltr'><strong>nequitia</strong></span> <span class='ocrx_word' id='word_1_648' title='bbox 1661 4519 1861 4576; x_wconf 87' lang='lat' dir='ltr'><strong>autem,</strong></span> <span class='ocrx_word' id='word_1_649' title='bbox 1913 4511 1966 4563; x_wconf 93' lang='lat' dir='ltr'><strong>in</strong></span> <span class='ocrx_word' id='word_1_650' title='bbox 2002 4510 2122 4565; x_wconf 89' lang='lat' dir='ltr'><strong>luce</strong></span> 
     </span>
    </p>
   </div>
   <div class='ocr_carea' id='block_1_89' title="bbox 2238 4508 3815 4593">
    <p class='ocr_par' dir='ltr' id='par_1_89' title="bbox 2238 4509 3815 4584">
     <span class='ocr_line' id='line_1_89' title="bbox 2238 4509 3815 4584; baseline -0.004 -18"><span class='ocrx_word' id='word_1_651' title='bbox 2238 4512 2396 4584; x_wconf 71' lang='grc' dir='ltr'>ἀρετὴ</span> <span class='ocrx_word' id='word_1_652' title='bbox 2435 4512 2527 4566; x_wconf 73' lang='grc' dir='ltr'><strong>καὶ</strong></span> <span class='ocrx_word' id='word_1_653' title='bbox 2562 4513 2618 4564; x_wconf 91' lang='grc' dir='ltr'><strong>ἐν</strong></span> <span class='ocrx_word' id='word_1_654' title='bbox 2654 4511 2832 4564; x_wconf 87' lang='grc' dir='ltr'>σκότει</span> <span class='ocrx_word' id='word_1_655' title='bbox 2879 4509 2994 4579; x_wconf 79' lang='grc' dir='ltr'><strong>φῶς</strong></span> <span class='ocrx_word' id='word_1_656' title='bbox 3039 4510 3312 4580; x_wconf 77' lang='grc' dir='ltr'>ἐποίησενο</span> <span class='ocrx_word' id='word_1_657' title='bbox 3347 4513 3380 4580; x_wconf 82' lang='grc' dir='ltr'><strong>ἡ</strong></span> <span class='ocrx_word' id='word_1_658' title='bbox 3413 4510 3468 4562; x_wconf 85' lang='grc' dir='ltr'><strong>δέ</strong></span> <span class='ocrx_word' id='word_1_659' title='bbox 3512 4510 3681 4564; x_wconf 87' lang='grc' dir='ltr'>κακία</span> <span class='ocrx_word' id='word_1_660' title='bbox 3719 4510 3815 4563; x_wconf 71' lang='grc' dir='ltr'>καὶ</span> 
     </span>
    </p>
   </div>
   <div class='ocr_carea' id='block_1_90' title="bbox 550 4598 1134 4670">
    <p class='ocr_par' dir='ltr' id='par_1_90' title="bbox 550 4598 1134 4670">
     <span class='ocr_line' id='line_1_90' title="bbox 550 4598 1134 4670; baseline 0 -18"><span class='ocrx_word' id='word_1_661' title='bbox 550 4613 766 4670; x_wconf 89' lang='lat' dir='ltr'><strong>quoque</strong></span> <span class='ocrx_word' id='word_1_662' title='bbox 793 4598 1134 4656; x_wconf 85' lang='lat' dir='ltr'><strong>tenehrescit.</strong></span> 
     </span>
    </p>
   </div>
   <div class='ocr_carea' id='block_1_91' title="bbox 620 4690 2120 4761">
    <p class='ocr_par' dir='ltr' id='par_1_91' title="bbox 620 4690 2120 4761">
     <span class='ocr_line' id='line_1_91' title="bbox 620 4690 2120 4761; baseline 0 -15"><span class='ocrx_word' id='word_1_663' title='bbox 620 4692 669 4724; x_wconf 77' lang='lat'><strong>“</strong></span> <span class='ocrx_word' id='word_1_664' title='bbox 708 4690 816 4746; x_wconf 89' lang='lat' dir='ltr'><strong>Sed</strong></span> <span class='ocrx_word' id='word_1_665' title='bbox 859 4705 1035 4760; x_wconf 88' lang='lat' dir='ltr'><strong>neque</strong></span> <span class='ocrx_word' id='word_1_666' title='bbox 1078 4690 1352 4760; x_wconf 88' lang='lat' dir='ltr'><strong>quomodo</strong></span> <span class='ocrx_word' id='word_1_667' title='bbox 1409 4700 1636 4759; x_wconf 89' lang='lat' dir='ltr'><strong>peccant</strong></span> <span class='ocrx_word' id='word_1_668' title='bbox 1690 4693 1842 4761; x_wconf 88' lang='lat' dir='ltr'><strong>impii</strong></span> <span class='ocrx_word' id='word_1_669' title='bbox 1910 4693 2120 4758; x_wconf 89' lang='lat' dir='ltr'><strong>sciunt,</strong></span> 
     </span>
    </p>
   </div>
   <div class='ocr_carea' id='block_1_92' title="bbox 549 4781 2124 4855">
    <p class='ocr_par' dir='ltr' id='par_1_92' title="bbox 549 4781 2124 4855">
     <span class='ocr_line' id='line_1_92' title="bbox 549 4781 2124 4855; baseline -0.001 -15"><span class='ocrx_word' id='word_1_670' title='bbox 549 4799 728 4855; x_wconf 87' lang='lat' dir='ltr'><strong>neque</strong></span> <span class='ocrx_word' id='word_1_671' title='bbox 747 4797 966 4839; x_wconf 90' lang='lat' dir='ltr'><strong>causam</strong></span> <span class='ocrx_word' id='word_1_672' title='bbox 994 4781 1350 4836; x_wconf 72' lang='lat' dir='ltr'><strong>olfensionum</strong></span> <span class='ocrx_word' id='word_1_673' title='bbox 1377 4796 1596 4836; x_wconf 87' lang='lat' dir='ltr'><strong>suarum</strong></span> <span class='ocrx_word' id='word_1_674' title='bbox 1626 4795 1824 4838; x_wconf 89' lang='lat' dir='ltr'><strong>norunt</strong></span> <span class='ocrx_word' id='word_1_675' title='bbox 1850 4800 1862 4836; x_wconf 90' lang='lat'>:</span> <span class='ocrx_word' id='word_1_676' title='bbox 1890 4785 2124 4853; x_wconf 87' lang='lat' dir='ltr'><strong>denique</strong></span> 
     </span>
    </p>
   </div>
   <div class='ocr_carea' id='block_1_93' title="bbox 549 4874 2117 4944">
    <p class='ocr_par' dir='ltr' id='par_1_93' title="bbox 549 4874 2117 4944">
     <span class='ocr_line' id='line_1_93' title="bbox 549 4874 2117 4944; baseline -0.003 -12"><span class='ocrx_word' id='word_1_677' title='bbox 549 4892 619 4932; x_wconf 84' lang='lat' dir='ltr'><strong>ne</strong></span> <span class='ocrx_word' id='word_1_678' title='bbox 647 4877 821 4944; x_wconf 87' lang='lat' dir='ltr'><strong>ipsum</strong></span> <span class='ocrx_word' id='word_1_679' title='bbox 854 4874 1070 4943; x_wconf 88' lang='lat' dir='ltr'><strong>quidem</strong></span> <span class='ocrx_word' id='word_1_680' title='bbox 1117 4881 1406 4943; x_wconf 87' lang='lat' dir='ltr'><strong>peccatum</strong></span> <span class='ocrx_word' id='word_1_681' title='bbox 1437 4887 1594 4928; x_wconf 89' lang='lat' dir='ltr'><strong>suum</strong></span> <span class='ocrx_word' id='word_1_682' title='bbox 1641 4877 2117 4940; x_wconf 84' lang='lat' dir='ltr'><strong>animadvertunt;</strong></span> 
     </span>
    </p>
   </div>
   <div class='ocr_carea' id='block_1_94' title="bbox 547 4963 1692 5038">
    <p class='ocr_par' dir='ltr' id='par_1_94' title="bbox 547 4963 1692 5038">
     <span class='ocr_line' id='line_1_94' title="bbox 547 4963 1692 5038; baseline -0.001 -19"><span class='ocrx_word' id='word_1_683' title='bbox 547 4968 690 5038; x_wconf 83' lang='lat' dir='ltr'><strong>quod</strong></span> <span class='ocrx_word' id='word_1_684' title='bbox 722 4974 982 5020; x_wconf 74' lang='lat' dir='ltr'><strong>extrema:</strong></span> <span class='ocrx_word' id='word_1_685' title='bbox 1007 4964 1262 5034; x_wconf 72' lang='lat' dir='ltr'><strong>nequitia:</strong></span> <span class='ocrx_word' id='word_1_686' title='bbox 1294 4963 1551 5019; x_wconf 90' lang='lat' dir='ltr'><strong>indicium</strong></span> <span class='ocrx_word' id='word_1_687' title='bbox 1588 4975 1692 5020; x_wconf 91' lang='lat' dir='ltr'><strong>est.</strong></span> 
     </span>
    </p>
   </div>
   <div class='ocr_carea' id='block_1_95' title="bbox 619 5055 2116 5126">
    <p class='ocr_par' dir='ltr' id='par_1_95' title="bbox 619 5055 2116 5126">
     <span class='ocr_line' id='line_1_95' title="bbox 619 5055 2116 5126; baseline 0.003 -16"><span class='ocrx_word' id='word_1_688' title='bbox 619 5057 664 5088; x_wconf 65' lang='grc' dir='ltr'><strong>ιι</strong></span> <span class='ocrx_word' id='word_1_689' title='bbox 696 5055 902 5111; x_wconf 88' lang='lat' dir='ltr'><strong>Fontes</strong></span> <span class='ocrx_word' id='word_1_690' title='bbox 927 5056 1062 5111; x_wconf 92' lang='lat' dir='ltr'><strong>dicit</strong></span> <span class='ocrx_word' id='word_1_691' title='bbox 1092 5055 1352 5120; x_wconf 82' lang='lat' dir='ltr'><strong>virtutes,</strong></span> <span class='ocrx_word' id='word_1_692' title='bbox 1385 5057 1524 5112; x_wconf 91' lang='lat' dir='ltr'><strong>unde</strong></span> <span class='ocrx_word' id='word_1_693' title='bbox 1549 5065 1726 5112; x_wconf 87' lang='lat' dir='ltr'><strong>scatet</strong></span> <span class='ocrx_word' id='word_1_694' title='bbox 1759 5072 1896 5126; x_wconf 87' lang='lat' dir='ltr'><strong>aqua</strong></span> <span class='ocrx_word' id='word_1_695' title='bbox 1929 5059 2116 5114; x_wconf 82' lang='lat' dir='ltr'><strong>vivens</strong></span> 
     </span>
    </p>
   </div>
   <div class='ocr_carea' id='block_1_96' title="bbox 547 5147 2116 5220">
    <p class='ocr_par' dir='ltr' id='par_1_96' title="bbox 547 5147 2116 5220">
     <span class='ocr_line' id='line_1_96' title="bbox 547 5147 2116 5220; baseline 0.001 -16"><span class='ocrx_word' id='word_1_696' title='bbox 547 5149 852 5204; x_wconf 91' lang='lat' dir='ltr'><strong>divinorum</strong></span> <span class='ocrx_word' id='word_1_697' title='bbox 887 5149 1200 5215; x_wconf 80' lang='lat' dir='ltr'><strong>verborum,</strong></span> <span class='ocrx_word' id='word_1_698' title='bbox 1234 5147 1287 5202; x_wconf 93' lang='lat' dir='ltr'><strong>id</strong></span> <span class='ocrx_word' id='word_1_699' title='bbox 1317 5156 1401 5202; x_wconf 89' lang='lat' dir='ltr'><strong>est</strong></span> <span class='ocrx_word' id='word_1_700' title='bbox 1430 5147 1630 5203; x_wconf 82' lang='lat' dir='ltr'><strong>Christi</strong></span> <span class='ocrx_word' id='word_1_701' title='bbox 1661 5150 1912 5220; x_wconf 88' lang='lat' dir='ltr'><strong>cognitio.</strong></span> <span class='ocrx_word' id='word_1_702' title='bbox 1950 5151 2116 5206; x_wconf 91' lang='lat' dir='ltr'><strong>David</strong></span> 
     </span>
    </p>
   </div>
   <div class='ocr_carea' id='block_1_97' title="bbox 545 5240 2119 5313">
    <p class='ocr_par' dir='ltr' id='par_1_97' title="bbox 545 5240 2119 5313">
     <span class='ocr_line' id='line_1_97' title="bbox 545 5240 2119 5313; baseline 0.002 -17"><span class='ocrx_word' id='word_1_703' title='bbox 545 5255 760 5313; x_wconf 89' lang='lat' dir='ltr'><strong>quoque</strong></span> <span class='ocrx_word' id='word_1_704' title='bbox 797 5258 812 5295; x_wconf 86' lang='lat'><strong>:</strong></span> <span class='ocrx_word' id='word_1_705' title='bbox 845 5240 1253 5310; x_wconf 85' lang='lat' dir='ltr'><strong>Apparuerunt,</strong></span> <span class='ocrx_word' id='word_1_706' title='bbox 1292 5242 1489 5310; x_wconf 86' lang='lat' dir='ltr'><strong>inquit,</strong></span> <span class='ocrx_word' id='word_1_707' title='bbox 1533 5240 1710 5296; x_wconf 79' lang='lat' dir='ltr'><strong>fontes</strong></span> <span class='ocrx_word' id='word_1_708' title='bbox 1741 5257 2029 5312; x_wconf 87' lang='lat' dir='ltr'><strong>aquarum,</strong></span> <span class='ocrx_word' id='word_1_709' title='bbox 2062 5253 2119 5299; x_wconf 91' lang='lat' dir='ltr'><strong>et</strong></span> 
     </span>
    </p>
   </div>
   <div class='ocr_carea' id='block_1_98' title="bbox 545 5329 2115 5400">
    <p class='ocr_par' dir='ltr' id='par_1_98' title="bbox 545 5329 2115 5400">
     <span class='ocr_line' id='line_1_98' title="bbox 545 5329 2115 5400; baseline 0.003 -16"><span class='ocrx_word' id='word_1_710' title='bbox 545 5331 784 5386; x_wconf 88' lang='lat' dir='ltr'><strong>revelata</strong></span> <span class='ocrx_word' id='word_1_711' title='bbox 848 5340 974 5384; x_wconf 89' lang='lat' dir='ltr'><strong>sunt</strong></span> <span class='ocrx_word' id='word_1_712' title='bbox 1030 5329 1381 5385; x_wconf 79' lang='lat' dir='ltr'><strong>fundamenta</strong></span> <span class='ocrx_word' id='word_1_713' title='bbox 1435 5331 1585 5386; x_wconf 90' lang='lat' dir='ltr'><strong>orbis</strong></span> <span class='ocrx_word' id='word_1_714' title='bbox 1650 5341 1958 5400; x_wconf 87' lang='lat' dir='ltr'><strong>terrarum,</strong></span> <span class='ocrx_word' id='word_1_715' title='bbox 2013 5334 2115 5389; x_wconf 89' lang='lat' dir='ltr'><strong>sub</strong></span> 
     </span>
    </p>
   </div>
   <div class='ocr_carea' id='block_1_99' title="bbox 548 5421 2003 5482">
    <p class='ocr_par' dir='ltr' id='par_1_99' title="bbox 548 5421 2003 5482">
     <span class='ocr_line' id='line_1_99' title="bbox 548 5421 2003 5482; baseline 0.002 -3"><span class='ocrx_word' id='word_1_716' title='bbox 548 5426 786 5480; x_wconf 90' lang='lat' dir='ltr'><strong>adventu</strong></span> <span class='ocrx_word' id='word_1_717' title='bbox 816 5422 1066 5477; x_wconf 88' lang='lat' dir='ltr'><strong>videlicet</strong></span> <span class='ocrx_word' id='word_1_718' title='bbox 1089 5421 1399 5478; x_wconf 83' lang='lat' dir='ltr'><strong>Servatoris</strong></span> <span class='ocrx_word' id='word_1_719' title='bbox 1428 5423 1598 5478; x_wconf 87' lang='lat' dir='ltr'><strong>nostri</strong></span> <span class='ocrx_word' id='word_1_720' title='bbox 1625 5422 1749 5479; x_wconf 84' lang='lat' dir='ltr'><strong>Jesu</strong></span> <span class='ocrx_word' id='word_1_721' title='bbox 1777 5424 2003 5482; x_wconf 84' lang='lat' dir='ltr'><strong>ChriSti.</strong></span> 
     </span>
    </p>
   </div>
   <div class='ocr_carea' id='block_1_100' title="bbox 620 5605 2113 5676">
    <p class='ocr_par' dir='ltr' id='par_1_100' title="bbox 620 5605 2113 5676">
     <span class='ocr_line' id='line_1_100' title="bbox 620 5605 2113 5676; baseline 0.003 -15"><span class='ocrx_word' id='word_1_722' title='bbox 620 5609 665 5640; x_wconf 68' lang='grc' dir='ltr'><strong>’θ’</strong></span> <span class='ocrx_word' id='word_1_723' title='bbox 691 5606 843 5662; x_wconf 87' lang='lat' dir='ltr'><strong>Oculi</strong></span> <span class='ocrx_word' id='word_1_724' title='bbox 872 5606 969 5670; x_wconf 92' lang='lat' dir='ltr'><strong>tui,</strong></span> <span class='ocrx_word' id='word_1_725' title='bbox 1005 5605 1197 5676; x_wconf 88' lang='lat' dir='ltr'><strong>inquit,</strong></span> <span class='ocrx_word' id='word_1_726' title='bbox 1241 5616 1387 5660; x_wconf 78' lang='lat' dir='ltr'><strong>recta</strong></span> <span class='ocrx_word' id='word_1_727' title='bbox 1418 5607 1656 5674; x_wconf 77' lang='lat' dir='ltr'><strong>videant,</strong></span> <span class='ocrx_word' id='word_1_728' title='bbox 1697 5609 1748 5663; x_wconf 88' lang='lat' dir='ltr'><strong>id</strong></span> <span class='ocrx_word' id='word_1_729' title='bbox 1779 5619 1860 5664; x_wconf 84' lang='lat' dir='ltr'><strong>est</strong></span> <span class='ocrx_word' id='word_1_730' title='bbox 1891 5624 1954 5665; x_wconf 89' lang='lat' dir='ltr'><strong>ea</strong></span> <span class='ocrx_word' id='word_1_731' title='bbox 1992 5619 2113 5664; x_wconf 87' lang='lat' dir='ltr'><strong>tan-</strong></span> 
     </span>
    </p>
   </div>
   <div class='ocr_carea' id='block_1_101' title="bbox 650 5793 2138 5858">
    <p class='ocr_par' dir='ltr' id='par_1_101' title="bbox 650 5795 2106 5858">
     <span class='ocr_line' id='line_1_101' title="bbox 650 5795 2106 5858; baseline 0.014 -29"><span class='ocrx_word' id='word_1_732' title='bbox 650 5801 692 5831; x_wconf 65' lang='grc' dir='ltr'>τι</span> <span class='ocrx_word' id='word_1_733' title='bbox 722 5816 768 5855; x_wconf 42' lang='grc' dir='ltr'>γ’</span> <span class='ocrx_word' id='word_1_734' title='bbox 804 5800 856 5854; x_wconf 53' lang='grc' dir='ltr'><strong>ε,</strong></span> <span class='ocrx_word' id='word_1_735' title='bbox 934 5799 978 5832; x_wconf 72' lang='grc' dir='ltr'>ιι</span> <span class='ocrx_word' id='word_1_736' title='bbox 1002 5814 1052 5858; x_wconf 52' lang='grc' dir='ltr'><strong>ν,</strong></span> <span class='ocrx_word' id='word_1_737' title='bbox 1077 5798 1130 5854; x_wconf 82' lang='grc'>9,</span> <span class='ocrx_word' id='word_1_738' title='bbox 1198 5797 1254 5831; x_wconf 75' lang='grc'><strong>’⁸⁸</strong></span> <span class='ocrx_word' id='word_1_739' title='bbox 1275 5813 1325 5850; x_wconf 87' lang='lat' dir='ltr'><strong>v.</strong></span> <span class='ocrx_word' id='word_1_740' title='bbox 1359 5796 1446 5851; x_wconf 87' lang='grc'>10.</span> <span class='ocrx_word' id='word_1_741' title='bbox 1515 5795 1563 5829; x_wconf 73' lang='grc'><strong>’⁸⁷</strong></span> <span class='ocrx_word' id='word_1_742' title='bbox 1599 5796 1768 5855; x_wconf 78' lang='lat' dir='ltr'><strong>v.15.</strong></span> <span class='ocrx_word' id='word_1_743' title='bbox 1845 5796 1888 5828; x_wconf 79' lang='grc'><strong>³⁸</strong></span> <span class='ocrx_word' id='word_1_744' title='bbox 1917 5812 1968 5852; x_wconf 89' lang='lat' dir='ltr'><strong>v.</strong></span> <span class='ocrx_word' id='word_1_745' title='bbox 2021 5796 2106 5850; x_wconf 83' lang='grc'><strong>16.</strong></span> 
     </span>
    </p>
   </div>
   <div class='ocr_carea' id='block_1_102' title="bbox 2238 5793 3130 5858">
    <p class='ocr_par' dir='ltr' id='par_1_102' title="bbox 2264 5793 3130 5850">
     <span class='ocr_line' id='line_1_102' title="bbox 2264 5793 3130 5850; baseline -0.003 0"><span class='ocrx_word' id='word_1_746' title='bbox 2264 5811 2312 5850; x_wconf 78' lang='grc' dir='ltr'><strong>γ.</strong></span> <span class='ocrx_word' id='word_1_747' title='bbox 2355 5795 2435 5850; x_wconf 83' lang='grc'><strong>18.</strong></span> <span class='ocrx_word' id='word_1_748' title='bbox 2516 5795 2558 5824; x_wconf 84' lang='lat'><strong>&quot;°</strong></span> <span class='ocrx_word' id='word_1_749' title='bbox 2594 5811 2640 5850; x_wconf 83' lang='lat' dir='ltr'><strong>v.</strong></span> <span class='ocrx_word' id='word_1_750' title='bbox 2691 5795 2777 5849; x_wconf 88' lang='grc'><strong>19.</strong></span> <span class='ocrx_word' id='word_1_751' title='bbox 2857 5797 2895 5825; x_wconf 76' lang='grc'><strong>⁵¹</strong></span> <span class='ocrx_word' id='word_1_752' title='bbox 2937 5810 2965 5846; x_wconf 79' lang='lat' dir='ltr'><strong>v</strong></span> <span class='ocrx_word' id='word_1_753' title='bbox 3040 5793 3130 5850; x_wconf 73' lang='grc'>31.</span> 
     </span>
    </p>
   </div>
   <div class='ocr_carea' id='block_1_103' title="bbox 2230 4603 3816 4675">
    <p class='ocr_par' dir='ltr' id='par_1_103' title="bbox 2230 4603 3816 4675">
     <span class='ocr_line' id='line_1_103' title="bbox 2230 4603 3816 4675; baseline -0.001 -17"><span class='ocrx_word' id='word_1_754' title='bbox 2230 4608 2288 4658; x_wconf 86' lang='grc' dir='ltr'><strong>ἐν</strong></span> <span class='ocrx_word' id='word_1_755' title='bbox 2326 4607 2466 4674; x_wconf 77' lang='grc' dir='ltr'>φωτὶ</span> <span class='ocrx_word' id='word_1_756' title='bbox 2497 4605 2703 4667; x_wconf 83' lang='grc' dir='ltr'>σκότος.</span> <span class='ocrx_word' id='word_1_757' title='bbox 2735 4634 2806 4644; x_wconf 91' lang='grc'><strong><em>-</em></strong></span> <span class='ocrx_word' id='word_1_758' title='bbox 2855 4603 2991 4656; x_wconf 80' lang='grc' dir='ltr'>υὺδέ</span> <span class='ocrx_word' id='word_1_759' title='bbox 3028 4603 3119 4656; x_wconf 79' lang='grc' dir='ltr'>τὸν</span> <span class='ocrx_word' id='word_1_760' title='bbox 3149 4603 3351 4675; x_wconf 88' lang='grc' dir='ltr'>τρόπον</span> <span class='ocrx_word' id='word_1_761' title='bbox 3405 4603 3522 4667; x_wconf 89' lang='grc' dir='ltr'><strong>πῶς</strong></span> <span class='ocrx_word' id='word_1_762' title='bbox 3562 4604 3816 4674; x_wconf 81' lang='grc' dir='ltr'>ἁμαρτά-</span> 
     </span>
    </p>
   </div>
   <div class='ocr_carea' id='block_1_104' title="bbox 2229 4695 3814 4766">
    <p class='ocr_par' dir='ltr' id='par_1_104' title="bbox 2229 4695 3814 4766">
     <span class='ocr_line' id='line_1_104' title="bbox 2229 4695 3814 4766; baseline -0.001 -16"><span class='ocrx_word' id='word_1_763' title='bbox 2229 4715 2429 4762; x_wconf 87' lang='grc' dir='ltr'>νουσιν,</span> <span class='ocrx_word' id='word_1_764' title='bbox 2467 4699 2516 4750; x_wconf 77' lang='lat' dir='ltr'><strong>ot</strong></span> <span class='ocrx_word' id='word_1_765' title='bbox 2551 4696 2770 4761; x_wconf 79' lang='grc' dir='ltr'>ἀσεϐεῖς</span> <span class='ocrx_word' id='word_1_766' title='bbox 2817 4697 3169 4750; x_wconf 86' lang='grc' dir='ltr'>ἐπίστανται·</span> <span class='ocrx_word' id='word_1_767' title='bbox 3211 4695 3330 4747; x_wconf 73' lang='grc' dir='ltr'>οὐδὲ</span> <span class='ocrx_word' id='word_1_768' title='bbox 3369 4695 3466 4766; x_wconf 77' lang='grc' dir='ltr'>τὴν</span> <span class='ocrx_word' id='word_1_769' title='bbox 3504 4696 3682 4749; x_wconf 89' lang='grc' dir='ltr'>αἰτίαν</span> <span class='ocrx_word' id='word_1_770' title='bbox 3728 4712 3814 4762; x_wconf 93' lang='grc' dir='ltr'>γι-</span> 
     </span>
    </p>
   </div>
   <div class='ocr_carea' id='block_1_105' title="bbox 2227 4785 3813 4859">
    <p class='ocr_par' dir='ltr' id='par_1_105' title="bbox 2227 4785 3813 4859">
     <span class='ocr_line' id='line_1_105' title="bbox 2227 4785 3813 4859; baseline -0.003 -17"><span class='ocrx_word' id='word_1_771' title='bbox 2227 4789 2514 4851; x_wconf 80' lang='grc' dir='ltr'>νώσκουσι,</span> <span class='ocrx_word' id='word_1_772' title='bbox 2573 4788 2736 4842; x_wconf 89' lang='grc' dir='ltr'>πόθεν</span> <span class='ocrx_word' id='word_1_773' title='bbox 2801 4787 3267 4859; x_wconf 77' lang='grc' dir='ltr'>προσκόπτουσινο</span> <span class='ocrx_word' id='word_1_774' title='bbox 3329 4785 3442 4838; x_wconf 82' lang='grc' dir='ltr'>ἀλλ’</span> <span class='ocrx_word' id='word_1_775' title='bbox 3495 4785 3616 4838; x_wconf 81' lang='grc' dir='ltr'>οὐδὲ</span> <span class='ocrx_word' id='word_1_776' title='bbox 3679 4785 3813 4838; x_wconf 85' lang='grc' dir='ltr'>αὐτὸ</span> 
     </span>
    </p>
   </div>
   <div class='ocr_carea' id='block_1_106' title="bbox 2227 4875 3811 4950">
    <p class='ocr_par' dir='ltr' id='par_1_106' title="bbox 2227 4875 3811 4950">
     <span class='ocr_line' id='line_1_106' title="bbox 2227 4875 3811 4950; baseline -0.004 -16"><span class='ocrx_word' id='word_1_777' title='bbox 2227 4881 2381 4935; x_wconf 87' lang='grc' dir='ltr'>τοῦτο</span> <span class='ocrx_word' id='word_1_778' title='bbox 2425 4883 2622 4944; x_wconf 83' lang='grc' dir='ltr'>ῖσασιν,</span> <span class='ocrx_word' id='word_1_779' title='bbox 2676 4882 2758 4934; x_wconf 81' lang='grc' dir='ltr'>ὅτι</span> <span class='ocrx_word' id='word_1_780' title='bbox 2807 4876 3251 4950; x_wconf 85' lang='grc' dir='ltr'>παρανομοῦσιν·</span> <span class='ocrx_word' id='word_1_781' title='bbox 3303 4877 3441 4949; x_wconf 82' lang='grc' dir='ltr'>ὅπερ</span> <span class='ocrx_word' id='word_1_782' title='bbox 3478 4878 3625 4930; x_wconf 75' lang='grc' dir='ltr'>ἐστὶν</span> <span class='ocrx_word' id='word_1_783' title='bbox 3678 4875 3811 4946; x_wconf 77' lang='grc' dir='ltr'>γνώ-</span> 
     </span>
    </p>
   </div>
   <div class='ocr_carea' id='block_1_107' title="bbox 2230 4972 3032 5047">
    <p class='ocr_par' dir='ltr' id='par_1_107' title="bbox 2230 4972 3032 5047">
     <span class='ocr_line' id='line_1_107' title="bbox 2230 4972 3032 5047; baseline -0.005 -18"><span class='ocrx_word' id='word_1_784' title='bbox 2230 4992 2396 5047; x_wconf 89' lang='grc' dir='ltr'>ρισμα</span> <span class='ocrx_word' id='word_1_785' title='bbox 2425 4976 2521 5046; x_wconf 79' lang='grc' dir='ltr'><strong>τῆς</strong></span> <span class='ocrx_word' id='word_1_786' title='bbox 2549 4975 2784 5045; x_wconf 85' lang='grc' dir='ltr'>ἐσχάτης</span> <span class='ocrx_word' id='word_1_787' title='bbox 2815 4972 3032 5036; x_wconf 89' lang='grc' dir='ltr'>κακίας.</span> 
     </span>
    </p>
   </div>
   <div class='ocr_carea' id='block_1_108' title="bbox 2295 5056 3803 5138">
    <p class='ocr_par' dir='ltr' id='par_1_108' title="bbox 2295 5056 3803 5138">
     <span class='ocr_line' id='line_1_108' title="bbox 2295 5056 3803 5138; baseline -0.005 -18"><span class='ocrx_word' id='word_1_788' title='bbox 2295 5066 2483 5138; x_wconf 86' lang='grc' dir='ltr'>Πηγάς</span> <span class='ocrx_word' id='word_1_789' title='bbox 2506 5065 2652 5134; x_wconf 80' lang='grc' dir='ltr'>λέγει</span> <span class='ocrx_word' id='word_1_790' title='bbox 2684 5065 2781 5128; x_wconf 86' lang='grc' dir='ltr'><strong>τάς</strong></span> <span class='ocrx_word' id='word_1_791' title='bbox 2811 5063 3032 5136; x_wconf 85' lang='grc' dir='ltr'>ἀρετὰς,</span> <span class='ocrx_word' id='word_1_792' title='bbox 3062 5062 3155 5131; x_wconf 66' lang='grc' dir='ltr'>ἀφ’</span> <span class='ocrx_word' id='word_1_793' title='bbox 3176 5056 3252 5115; x_wconf 85' lang='grc' dir='ltr'><strong>ῶν</strong></span> <span class='ocrx_word' id='word_1_794' title='bbox 3279 5061 3533 5128; x_wconf 71' lang='grc' dir='ltr'>γεννᾶται</span> <span class='ocrx_word' id='word_1_795' title='bbox 3565 5060 3627 5112; x_wconf 81' lang='grc' dir='ltr'>τὸ</span> <span class='ocrx_word' id='word_1_796' title='bbox 3658 5058 3803 5132; x_wconf 78' lang='grc' dir='ltr'>ὕδωρ</span> 
     </span>
    </p>
   </div>
   <div class='ocr_carea' id='block_1_109' title="bbox 2223 5150 3803 5224">
    <p class='ocr_par' dir='ltr' id='par_1_109' title="bbox 2223 5150 3803 5224">
     <span class='ocr_line' id='line_1_109' title="bbox 2223 5150 3803 5224; baseline -0.004 -17"><span class='ocrx_word' id='word_1_797' title='bbox 2223 5156 2284 5208; x_wconf 72' lang='grc' dir='ltr'>τ“ο</span> <span class='ocrx_word' id='word_1_798' title='bbox 2316 5154 2424 5219; x_wconf 79' lang='grc' dir='ltr'><strong>ζῶν</strong></span> <span class='ocrx_word' id='word_1_799' title='bbox 2470 5154 2577 5206; x_wconf 93' lang='grc' dir='ltr'><strong>τῶν</strong></span> <span class='ocrx_word' id='word_1_800' title='bbox 2624 5153 2783 5206; x_wconf 85' lang='grc' dir='ltr'>θείων</span> <span class='ocrx_word' id='word_1_801' title='bbox 2838 5153 3120 5224; x_wconf 82' lang='grc' dir='ltr'>ῥημάτων,</span> <span class='ocrx_word' id='word_1_802' title='bbox 3169 5152 3307 5222; x_wconf 81' lang='grc' dir='ltr'>ὅπερ</span> <span class='ocrx_word' id='word_1_803' title='bbox 3357 5151 3504 5203; x_wconf 69' lang='grc' dir='ltr'>ἐστὶν</span> <span class='ocrx_word' id='word_1_804' title='bbox 3537 5150 3570 5220; x_wconf 85' lang='grc' dir='ltr'>ἡ</span> <span class='ocrx_word' id='word_1_805' title='bbox 3605 5150 3803 5217; x_wconf 87' lang='grc' dir='ltr'>γνῶσις</span> 
     </span>
    </p>
   </div>
   <div class='ocr_carea' id='block_1_110' title="bbox 2224 5242 3801 5316">
    <p class='ocr_par' dir='ltr' id='par_1_110' title="bbox 2224 5242 3801 5316">
     <span class='ocr_line' id='line_1_110' title="bbox 2224 5242 3801 5316; baseline -0.001 -19"><span class='ocrx_word' id='word_1_806' title='bbox 2224 5246 2316 5300; x_wconf 84' lang='grc' dir='ltr'><strong>τοῦ</strong></span> <span class='ocrx_word' id='word_1_807' title='bbox 2347 5245 2606 5316; x_wconf 76' lang='grc' dir='ltr'>Χριστοῦ.</span> <span class='ocrx_word' id='word_1_808' title='bbox 2637 5247 2747 5298; x_wconf 70' lang='grc' dir='ltr'><strong>Καὶ</strong></span> <span class='ocrx_word' id='word_1_809' title='bbox 2771 5245 2800 5296; x_wconf 88' lang='grc' dir='ltr'><strong>ό</strong></span> <span class='ocrx_word' id='word_1_810' title='bbox 2825 5245 2987 5299; x_wconf 81' lang='grc' dir='ltr'>Δαυϊδ</span> <span class='ocrx_word' id='word_1_811' title='bbox 3010 5262 3022 5274; x_wconf 90' lang='grc'><strong>·</strong></span> <span class='ocrx_word' id='word_1_812' title='bbox 3062 5242 3346 5313; x_wconf 78' lang='grc' dir='ltr'>Ὠφθησαν</span> <span class='ocrx_word' id='word_1_813' title='bbox 3372 5242 3500 5313; x_wconf 73' lang='grc' dir='ltr'>γάρ,</span> <span class='ocrx_word' id='word_1_814' title='bbox 3523 5243 3709 5311; x_wconf 72' lang='grc' dir='ltr'>φησὶν,</span> <span class='ocrx_word' id='word_1_815' title='bbox 3741 5242 3801 5296; x_wconf 76' lang='grc' dir='ltr'>αἱ</span> 
     </span>
    </p>
   </div>
   <div class='ocr_carea' id='block_1_111' title="bbox 2224 5332 3804 5411">
    <p class='ocr_par' dir='ltr' id='par_1_111' title="bbox 2224 5332 3804 5411">
     <span class='ocr_line' id='line_1_111' title="bbox 2224 5332 3804 5411; baseline -0.004 -19"><span class='ocrx_word' id='word_1_816' title='bbox 2224 5340 2397 5411; x_wconf 55' lang='grc' dir='ltr'><strong>πηγαὶ⁵</strong></span> <span class='ocrx_word' id='word_1_817' title='bbox 2429 5338 2537 5393; x_wconf 88' lang='grc' dir='ltr'><strong>τῶν</strong></span> <span class='ocrx_word' id='word_1_818' title='bbox 2583 5338 2810 5400; x_wconf 83' lang='grc' dir='ltr'>ὑδάτων,</span> <span class='ocrx_word' id='word_1_819' title='bbox 2853 5336 2947 5389; x_wconf 74' lang='grc' dir='ltr'>καὶ</span> <span class='ocrx_word' id='word_1_820' title='bbox 2986 5334 3436 5405; x_wconf 82' lang='grc' dir='ltr'>ἀνεκαλύφθησαν</span> <span class='ocrx_word' id='word_1_821' title='bbox 3476 5333 3544 5386; x_wconf 82' lang='grc' dir='ltr'><strong>τά</strong></span> <span class='ocrx_word' id='word_1_822' title='bbox 3576 5332 3804 5403; x_wconf 83' lang='grc' dir='ltr'>θεμέλια</span> 
     </span>
    </p>
   </div>
   <div class='ocr_carea' id='block_1_112' title="bbox 2221 5422 3800 5499">
    <p class='ocr_par' dir='ltr' id='par_1_112' title="bbox 2221 5422 3800 5499">
     <span class='ocr_line' id='line_1_112' title="bbox 2221 5422 3800 5499; baseline -0.001 -19"><span class='ocrx_word' id='word_1_823' title='bbox 2221 5429 2316 5499; x_wconf 82' lang='grc' dir='ltr'>τῆς</span> <span class='ocrx_word' id='word_1_824' title='bbox 2358 5427 2703 5498; x_wconf 82' lang='grc' dir='ltr'>οἰκουμένης,</span> <span class='ocrx_word' id='word_1_825' title='bbox 2749 5426 2900 5496; x_wconf 89' lang='grc' dir='ltr'><strong>παρά</strong></span> <span class='ocrx_word' id='word_1_826' title='bbox 2939 5425 3038 5497; x_wconf 74' lang='grc' dir='ltr'>τὴν</span> <span class='ocrx_word' id='word_1_827' title='bbox 3077 5424 3370 5496; x_wconf 86' lang='grc' dir='ltr'>ἐπιδημίαν</span> <span class='ocrx_word' id='word_1_828' title='bbox 3423 5423 3665 5494; x_wconf 82' lang='grc' dir='ltr'>δηλονότι</span> <span class='ocrx_word' id='word_1_829' title='bbox 3705 5422 3800 5478; x_wconf 82' lang='grc' dir='ltr'><strong>τοῦ</strong></span> 
     </span>
    </p>
   </div>
   <div class='ocr_carea' id='block_1_113' title="bbox 2215 5517 3139 5592">
    <p class='ocr_par' dir='ltr' id='par_1_113' title="bbox 2215 5517 3139 5592">
     <span class='ocr_line' id='line_1_113' title="bbox 2215 5517 3139 5592; baseline -0.005 -18"><span class='ocrx_word' id='word_1_830' title='bbox 2215 5522 2464 5592; x_wconf 78' lang='grc' dir='ltr'>Σωτῆρος</span> <span class='ocrx_word' id='word_1_831' title='bbox 2496 5519 2651 5591; x_wconf 78' lang='grc' dir='ltr'>ἡμῶν</span> <span class='ocrx_word' id='word_1_832' title='bbox 2691 5518 2861 5588; x_wconf 79' lang='grc' dir='ltr'>Ἰησοῦ</span> <span class='ocrx_word' id='word_1_833' title='bbox 2885 5517 3139 5588; x_wconf 82' lang='grc' dir='ltr'>Χριστοῦ.</span> 
     </span>
    </p>
   </div>
   <div class='ocr_carea' id='block_1_114' title="bbox 2290 5605 3799 5681">
    <p class='ocr_par' dir='ltr' id='par_1_114' title="bbox 2290 5605 3799 5681">
     <span class='ocr_line' id='line_1_114' title="bbox 2290 5605 3799 5681; baseline 0.001 -19"><span class='ocrx_word' id='word_1_834' title='bbox 2290 5615 2350 5664; x_wconf 80' lang='lat'><strong>0!</strong></span> <span class='ocrx_word' id='word_1_835' title='bbox 2383 5611 2648 5681; x_wconf 65' lang='grc' dir='ltr'>ὀφθαλμοί</span> <span class='ocrx_word' id='word_1_836' title='bbox 2687 5628 2799 5674; x_wconf 85' lang='grc' dir='ltr'>σου,</span> <span class='ocrx_word' id='word_1_837' title='bbox 2843 5605 3014 5670; x_wconf 79' lang='grc' dir='ltr'>εἶπεν,</span> <span class='ocrx_word' id='word_1_838' title='bbox 3054 5609 3187 5679; x_wconf 80' lang='grc' dir='ltr'>ὀρθά</span> <span class='ocrx_word' id='word_1_839' title='bbox 3240 5607 3603 5677; x_wconf 75' lang='grc' dir='ltr'>βλεπέτωσαν,</span> <span class='ocrx_word' id='word_1_840' title='bbox 3638 5624 3799 5664; x_wconf 78' lang='grc' dir='ltr'>τουτο</span> 
     </span>
    </p>
   </div>
   <div class='ocr_carea' id='block_1_115' title="bbox 3209 5795 3432 5850">
    <p class='ocr_par' dir='ltr' id='par_1_115' title="bbox 3209 5795 3432 5850">
     <span class='ocr_line' id='line_1_115' title="bbox 3209 5795 3432 5850; baseline 0.009 -4"><span class='ocrx_word' id='word_1_841' title='bbox 3209 5795 3251 5824; x_wconf 80' lang='lat'><strong>&quot;’</strong></span> <span class='ocrx_word' id='word_1_842' title='bbox 3288 5795 3432 5850; x_wconf 69' lang='lat' dir='ltr'><strong>v.95.</strong></span> 
     </span>
    </p>
   </div>
  </div>
