4186 6388
449 399 546 452 175

1611 403 1980 459 EXPOSITIO
2007 402 2073 456 lN
2109 401 2529 462 PROVERBIA.

3607 420 3708 472 174

442 517 557 570 ἐστι
601 515 672 569 τὰ
734 516 852 586 Θεῴ
884 516 1020 586 μόνα
1065 518 1209 588 φίλα,
1247 520 1412 590 ἤγουν
1447 521 1512 574 τὰ
1551 523 1701 592 παρὰ
1735 525 1844 576 τῶν
1889 542 2022 595 προ-

2137 537 2246 579 tum
2282 543 2402 596 qua:
2441 529 2548 580 Deo
2580 537 2705 582 sunt
2735 527 2934 597 placita
2961 549 2974 597 ;
3004 545 3196 600 nempe
3220 547 3340 602 quae
3369 548 3400 590 a
3431 537 3712 606 prophetis

439 606 624 676 φητῶν
651 609 784 676 ἡμῖν
828 609 1228 678 σαφηνισθέντα
1273 612 1401 680 περὶ
1446 612 1538 665 τοῦ
1583 614 1818 685 Χριστοῦ
1870 615 2030 685 μόνου

439 699 532 750 καὶ
565 697 673 750 τῶν
706 697 963 768 μαθητῶν
997 699 1162 754 αὐτοῦ
1191 718 1202 730 ·
1245 703 1340 755 καὶ⁵
1374 704 1472 756 ὅσα
1506 705 1658 774 παρά
1703 722 1848 766 τινος
1891 705 2031 774 πρὸς

437 789 528 842 τὸν
559 789 794 859 Χριστὸν
817 789 1118 843 οίκειοῦντα
1145 791 1403 863 λαληθείη
1431 795 1524 848 καὶ
1561 795 1739 864 μόνον.

453 869 464 880 ’
507 882 796 950 Συμφωνεῖ
831 880 1042 943 τούτοις
1075 883 1154 945 τὸ,
1201 884 1328 938 Ἐὰν
1365 885 1441 955 μὴ
1473 885 1678 955 Κύριος
1705 884 2035 955 οίκοδομήσῃ

437 971 603 1040 οἶκον,
637 975 732 1028 καὶ
772 975 979 1046 φυλάξῃ
1021 976 1178 1029 πόλιν
1197 994 1210 1006 ·
1257 977 1533 1031 τουτέστιν
1563 978 1658 1030 ἐὰν
1703 977 1778 1050 μὴ
1823 977 2027 1048 Κύριος

436 1069 546 1139 διῦῃ
575 1069 706 1139 ἡμῖν
743 1071 895 1139 ἰσχὺν
927 1070 1020 1124 τοῦ
1067 1069 1396 1124 κατευθῦναι
1431 1069 1500 1124 τὰ
1537 1071 1673 1140 πρὸς
1713 1069 1874 1122 αὐτὸν
1913 1069 2026 1122 δια-

435 1163 675 1232 δήματα,
707 1163 883 1233 μάτην
915 1167 1078 1234 ἡμεῖς
1117 1163 1418 1234 κοπιῶμεν,
1454 1163 1501 1216 οἱ
1544 1165 1618 1235 μὴ
1652 1164 1710 1216 ἐν
1741 1163 2024 1232 παρακλή-

437 1269 519 1305 σει
563 1255 722 1310 αὑτὸν
771 1255 1219 1326 ἐπικαλούμενοι,
1267 1255 1384 1311 ἀλλ’
1423 1257 1482 1308 ἐν
1522 1254 1780 1327 αὑθαδείῃ
1816 1256 2024 1322 ἐπιχει-

440 1362 679 1413 ρουντες.

2138 617 2481 671 manifestata
2505 619 2661 674 nobis
2696 619 2921 674 fuerunt
2963 624 3026 675 dc
3071 622 3185 677 solo
3215 622 3436 680 Christo
3469 627 3712 697 discipu-

2135 705 2304 773 lisque
2328 705 2444 774 ejus
2479 725 2490 760 :
2527 722 2868 778 quacunque
2899 711 3131 780 denique
3164 713 3264 766 abs
3309 717 3501 782 quovis
3524 716 3713 773 dicen-

2134 805 2221 849 tur
2254 797 2319 849 ad
2345 795 2622 852 Christum
2651 803 3026 854 tantummodo
3063 801 3404 858 deducentia.

2203 887 2250 919 ⁸³
2278 885 2374 942 llis
2407 900 2712 946 consonant
2748 890 2838 946 illa
2875 909 2886 942 :
2923 890 3038 946 Nisi
3067 892 3326 950 Dominus
3351 895 3712 954 aediﬁcaverit

2135 976 2376 1042 domum,
2401 981 2823 1036 etcustodiverit
2845 983 3152 1051 civitatem;
3192 986 3245 1038 id
3265 996 3369 1054 est,
3396 988 3497 1043 nisi
3523 990 3702 1044 Domi-

2139 1083 2240 1122 nus
2275 1069 2432 1124 nobis
2461 1069 2570 1124 vim
2616 1072 3050 1141 suppeditaverit
3097 1074 3365 1142 dirigendi
3415 1079 3482 1132 ad
3531 1079 3711 1148 ipsum

2133 1173 2355 1226 gressus
2381 1169 2628 1226 nostros,
2653 1160 2858 1217 frustra
2885 1179 2984 1219 nos
3015 1163 3324 1220 laboramus
3346 1206 3360 1230 ,
3390 1168 3481 1234 qui
3511 1183 3714 1238 nequa-

2134 1267 2296 1320 quam
2333 1267 2457 1306 eum
2503 1255 2757 1321 precibus
2795 1256 3147 1323 invocamus,
3190 1257 3286 1312 sed
3324 1272 3445 1313 cum
3483 1262 3710 1319 audacia

2133 1357 2248 1397 rem
2289 1343 2552 1414 gerimus.

1964 1436 2116 1493 CAP.
2157 1434 2222 1490 V.

507 1540 951 1611 Στωμυλεύονται
981 1539 1089 1609 γὰρ
1119 1539 1240 1594 αἵτε
1285 1538 1545 1610 πρόδηλοι
1579 1539 1799 1609 πόρναι,
1837 1537 1934 1589 καὶ
1974 1536 2030 1590 αἱ

438 1630 543 1683 τῶν
611 1631 934 1703 ἑτεροδόξων
1011 1629 1371 1694 διδασκαλίαι,
1441 1629 1730 1683 ἀπατῶσαι
1786 1628 1874 1681 διὰ
1931 1627 2032 1698 τῆς

438 1725 832 1796 χρηστολογίας
891 1724 990 1788 τὰς
1042 1723 1150 1777 τῶν
1199 1723 1422 1777 ἀκάκων
1467 1722 1734 1792 καρδίας·
1797 1721 2028 1791 μεγίστη

437 1811 528 1870 οὖν
554 1817 822 1887 ἀσφάλεια
855 1818 913 1870 τὸ
951 1816 1026 1888 μὴ
1057 1815 1260 1870 ἁλῶναι
1290 1814 1386 1886 τὴν
1419 1815 1624 1884 ἀρχήν·
1667 1813 1864 1866 ἁλόντα
1895 1811 2025 1883 γὰρ,

434 1909 690 1962 δύσκολον
731 1910 1032 1978 διαφυγεῖν.

505 2002 684 2072 Μέχρι
727 2001 825 2072 μὲν
862 2002 960 2072 τῆς
1002 1999 1174 2070 ἀκοῆς
1203 1999 1404 2062 αὐτῶν,
1452 2000 1512 2052 τὸ
1541 1997 1724 2051 καλόν.
1761 1995 2020 2068 Σημαίνει

435 2090 489 2143 δὲ
520 2091 581 2144 τὸ
613 2091 768 2154 λῖπος
812 2091 910 2162 τὴν
961 2089 1176 2160 ἡδονὴν,
1207 2089 1303 2158 ἀφ’
1329 2083 1396 2161 ἦς
1424 2088 1664 2140 τίκτεται
1697 2087 1730 2156 ἡ
1773 2083 2018 2156 ἀκαθαρ-

437 2183 561 2236 σία⁸
597 2177 666 2253 ἧς
691 2182 935 2250 ἔκγονον,
983 2182 1151 2234 κακία
1185 2181 1280 2233 καὶ
1317 2181 1538 2248 ἄγνοια·
1583 2171 1658 2231 ὧν
1709 2177 1862 2230 οὐδὲν
1907 2175 2022 2230 ἔστι

437 2276 760 2346 πικρότερον
799 2277 857 2327 ἐν
885 2276 998 2338 τοῖς
1037 2273 1318 2342 γεγονόσιν
1370 2273 1552 2343 εὑρεῖν
1593 2272 1650 2322 ἐν
1687 2269 1871 2340 ἡμέρᾳ.
1903 2267 2022 2338 κρί-
2067 2313 2070 2316 .

440 2382 600 2428 σεως.

517 2455 796 2508 Ἐντεῦθεν
843 2453 1186 2524 γινώσκομεν
1233 2454 1316 2506 ὅτι
1351 2452 1412 2505 τὸ
1443 2450 1672 2522 θυμικὸν
1708 2449 1872 2520 μέρος
1903 2449 2022 2500 ἐπι-

437 2548 628 2616 κρατεῖ
658 2547 716 2598 ἐν
743 2547 856 2607 τοῖς
898 2544 1180 2614 δαίμοσιν·
1216 2543 1558 2612 ’Δνελεήμιων
1581 2540 1710 2611 γὰρ,
1743 2539 1898 2609 φησὶ,
1928 2538 2020 2591 θυ-

439 2637 558 2706 μὸς,
585 2635 676 2688 καὶ
715 2635 860 2699 ὀξεῖα
885 2635 1022 2706 ὀργὴ
1052 2634 1232 2690 αὐτῶν
1257 2652 1269 2663 δ
1303 2631 1595 2704 θηρεύουσι
1621 2633 1732 2702 γὰρ
1764 2630 1844 2693 είς
1873 2626 2022 2682 ἀπώ-

434 2728 588 2782 λειαν
625 2729 752 2790 τοὺς
791 2727 1222 2799 πειθαρχοῦντας
1253 2727 1436 2789 αὐτοῖς
1457 2742 1468 2754 '
1487 2783 1494 2788 ,
1513 2723 1656 2780 οὕτω
1681 2722 1789 2794 γὰρ
1821 2721 2021 2792 τιμῶσι

437 2819 561 2881 τοὺς
585 2817 858 2889 τιμῶντας
888 2818 1108 2878 αὐτούς.

502 2908 601 2962 Διά
647 2909 757 2962 τῶν
819 2895 1030 2964 κακιῶν
1084 2911 1134 2962 οἱ
1201 2911 1428 2984 πονηροὶ
1485 2908 1869 2980 κατατρίϐουσι
1925 2905 2024 2969 τὰς

434 3006 642 3076 σάρκας
685 3005 778 3058 τοῦ
822 3005 1082 3078 Χριστοῦ,
1131 3005 1226 3059 καὶ
1274 3006 1334 3058 τὸ
1371 2999 1508 3075 αἷμα
1545 3003 2022 3060 καταναλίσκουσι,

433 3095 608 3150 κοινὸν
665 3097 798 3150 αὐτὸ
843 3098 1184 3168 ἡγησάμενοι
1236 3096 1334 3168 (1)·
1384 3095 1444 3150 ’0
1477 3095 1704 3167 τρώγων
1747 3095 1856 3167 γάρ
1900 3111 2020 3166 μου,

425 3185 585 3256 «φησὶ,
619 3185 716 3256 τὴν
743 3187 942 3258 σάρκα,
978 3188 1072 3240 καὶ
1103 3185 1274 3240 πίνων
1309 3203 1415 3256 μου
1451 3186 1512 3239 τὸ
1545 3181 1702 3255 αἷμα,
1739 3184 1849 3256 ἔχει
1879 3183 2024 3255 ζωὴν

2203 1531 2248 1563 “
2306 1529 2584 1588 Blaterant
2627 1535 2772 1588 enim
2800 1542 2910 1591 tum
2949 1537 3180 1605 publicae
3208 1541 3523 1596 meretrices
3548 1582 3564 1606 ,
3592 1551 3708 1598 tum

2129 1624 2588 1680 heterodoxorum
2621 1627 2820 1682 scholae
2844 1671 2858 1696 ,
2918 1629 3144 1697 pulchro
3197 1631 3412 1700 eloquio
3447 1635 3714 1702 ingenuo-

2128 1731 2248 1771 rum
2271 1719 2433 1772 eorda
2465 1717 2816 1788 decipientes.
2875 1719 2969 1774 Est
3004 1721 3189 1790 itaque
3223 1731 3398 1775 tutum
3441 1726 3698 1788 maxime,

2125 1822 2196 1862 ne
2261 1808 2418 1863 initio
2480 1809 2852 1881 decipiantur;
2925 1827 3047 1866 nam
3114 1813 3403 1883 deceptus,
3484 1815 3703 1870 diiIicile

2126 1900 2330 1955 evadit.

2198 1988 2247 2020 “
2279 1989 2592 2045 Auditionis
2631 2000 2808 2057 tenus,
2857 1991 3166 2048 delectatio.
3203 1993 3483 2064 Pingnedo
3521 1991 3702 2052 autem

2126 2081 2460 2148 voluptatem
2510 2082 2766 2146 den0tat,
2825 2097 2890 2136 ex
2942 2097 3048 2150 qua
3095 2083 3384 2150 impuritas
3431 2085 3705 2156 gignitur;
3815 2133 3822 2140 .

2125 2171 2281 2240 cujus
2311 2173 2619 2243 progenies,
2647 2175 2888 2242 nequitia
2917 2184 2968 2229 et
2996 2174 3233 2230 inscitia.
3267 2176 3440 2248 Atqui
3459 2177 3546 2234 his
3563 2178 3714 2235 vitiis

2126 2264 2264 2318 nihil
2293 2265 2603 2320 invenietur
2633 2267 2876 2322 amarius
2909 2267 2962 2321 in
2990 2267 3080 2322 die
3101 2268 3312 2339 judicii.

2205 2437 2250 2469 “
2304 2437 2444 2492 llinc
2489 2437 2869 2508 cognoscimus
2912 2437 3230 2508 qualitatem
3283 2439 3600 2496 iracundam
3653 2442 3708 2499 in

2126 2531 2460 2589 daemonibus
2487 2533 2806 2602 prmvalere.
2863 2533 3094 2588 Immitis
3149 2549 3293 2589 enim
3348 2547 3452 2602 est,
3509 2538 3702 2607 inquit,

2126 2623 2281 2680 furor
2308 2638 2516 2688 eorum,
2544 2636 2593 2679 et
2624 2623 2702 2678 ira
2730 2635 2909 2679 acuta.
2943 2625 3224 2681 Venantur
3251 2627 3446 2698 quippe
3479 2631 3544 2682 ad
3572 2630 3710 2684 inte-

2128 2719 2290 2771 ritum
2315 2733 2410 2773 eos
2437 2717 2526 2786 qui
2551 2717 2654 2772 sibi
2681 2717 3084 2784 obtemperant.
3116 2721 3208 2774 Sic
3251 2719 3498 2777 videlicet
3533 2722 3704 2778 hono-

2128 2817 2252 2862 rant
2274 2821 2389 2872 eos,
2417 2808 2508 2877 qui
2538 2808 2682 2876 ipsos
2715 2799 3008 2865 honorant.

2198 2901 2242 2932 "
2269 2899 2515 2956 l’eccatis
2549 2900 2664 2954 suis
2691 2901 2925 2970 improbi
2973 2901 3221 2956 homines
3255 2901 3461 2956 Christi
3493 2915 3710 2956 carnes

2130 3001 2440 3057 conterunt,
2470 3001 2524 3048 et.
2549 2994 2864 3064 sanguinem
2897 3003 3242 3057 consumunt,
3276 3007 3392 3048 rem
3424 2993 3706 3064 profanam

2129 3086 2532 3140 existimantes.
2565 3087 2820 3142 Attamen
2845 3086 2922 3140 ait
2945 3085 3196 3141 Christus
3231 3104 3245 3140 :
3277 3087 3376 3154 Qui
3419 3087 3707 3142 manducat

2130 3191 2308 3230 meam
2372 3191 2595 3232 carnem
2653 3189 2709 3232 et
2745 3176 2878 3231 bibit
2925 3193 3102 3232 meum
3160 3179 3502 3250 sanguinem,
3542 3179 3703 3235 habet

429 3275 668 3341 αἰώνιον,
724 3275 884 3345 κάγὼ
938 3277 1230 3348 ἀναστήσω
1271 3277 1435 3330 αὐτὸν
1464 3279 1522 3332 ἐν
1555 3277 1759 3347 ἐσχάτῃ
1802 3275 2015 3346 ἡμέραν

2128 3267 2292 3321 vitam
2317 3276 2601 3333 aeternam,
2624 3277 2678 3321 et
2696 3283 2797 3337 ego
2815 3268 3151 3324 resuscitabo
3168 3285 3292 3324 eum
3325 3270 3377 3323 in
3410 3271 3706 3325 novissimo

430 3371 457 3419 ὀ
481 3369 536 3422 δὲ
569 3368 801 3434 ἀναξίως
836 3371 1031 3424 ἐσθίων
1063 3371 1124 3424 τὸ
1153 3370 1314 3442 σῶμα
1345 3371 1440 3424 καὶ¹
1473 3370 1646 3424 πίνων
1676 3369 1736 3422 τὸ
1771 3363 1910 3440 αἷμα
1928 3366 2020 3421 τοῦ

431 3459 658 3529 Κυρίου,
684 3461 858 3531 κρῖμα
889 3459 1068 3532 ἑαυτῷ
1088 3459 1257 3514 ἐσθίει
1293 3462 1388 3514 καὶ
1416 3460 1578 3515 πίνει.

499 3546 608 3603 ’Ἦν
632 3552 720 3603 ὅτε
753 3553 855 3605 οὐκ
889 3547 958 3622 ἦν
986 3552 1179 3618 κακὸν,
1225 3553 1320 3606 καὶ
1364 3552 1518 3606 ἔσται
1555 3553 1643 3605 ὅτε
1687 3553 1790 3605 οὐκ
1819 3550 2017 3604 ςέσται·

430 3641 792 3708 ἀνεξάλειπτα
826 3644 936 3716 γάρ
977 3645 1046 3699 τὰ
1083 3647 1375 3718 σπέρματα
1424 3647 1523 3717 τῆς
1566 3647 1796 3718 ἀρετῆς’
1847 3646 2023 3699 πείθει

428 3735 487 3788 δέ
520 3753 586 3806 με
615 3737 708 3790 καὶ
741 3731 892 3800 οὗτος
926 3738 1057 3807 παρ’
1081 3737 1280 3806 ὀλίγον,
1306 3737 1402 3792 καὶ
1426 3739 1486 3790 οὐ
1516 3738 1738 3801 τελείως
1773 3738 1830 3792 ἐν
1861 3741 2024 3792 παντὶ

430 3827 585 3898 κακῷ
625 3827 865 3896 γεγονὼς
913 3830 942 3881 ὁ
985 3828 1242 3894 πλούσιος
1294 3831 1350 3884 ἐν
1393 3829 1472 3900 τῷ
1520 3830 1624 3903 ᾄδῃ
1673 3829 1762 3883 διὰ
1819 3829 2022 3883 κακίαν

431 3920 770 3992 κρινόμενος,
803 3920 895 3973 καὶ
935 3921 1222 3993 οἰκτείρων
1259 3921 1387 3984 τοὺς
1427 3921 1690 3990 ἀδελφούς
1729 3921 1840 3991 (2)·
1879 3919 1938 3973 τὺ
1966 3920 2021 3972 δὲ

429 4011 617 4078 ἐλεεῖν,
645 4012 865 4084 σπέρμα
885 4013 1144 4082 τυγχάνει
1167 4013 1229 4067 τὸ
1260 4013 1547 4068 κάλλιστον
1577 4013 1674 4083 τῆς
1705 4012 1925 4082 ἀρετῆς.

511 4189 577 4243 Ἦ
618 4189 820 4258 γνῶσις
867 4189 961 4243 καὶ
1009 4189 1187 4262 φρέαρ
1233 4191 1350 4242 ἐστὶ
1391 4189 1482 4242 καὶ
1531 4189 1718 4260 πηγή’
1756 4189 1866 4251 τοῖς,
1921 4186 2019 4256 μὲν

427 4281 537 4350 γὰρ
559 4280 918 4352 ,προσελθοῦσι
947 4283 1067 4344 ταῖς
1093 4281 1338 4352 ἀρεταῖς,
1375 4280 1510 4352 βαθὺ
1543 4281 1721 4353 φρέαρ
1765 4276 1904 4334 είναι
1936 4279 2021 4331 δο-

431 4375 546 4425 κεῖ·
572 4375 684 4436 τοῖς
711 4371 766 4424 δέ
802 4373 1038 4426 ἀπαθέσι
1069 4374 1163 4426 καὶ
1193 4371 1478 4445 καθαροῖς,
1524 4373 1711 4444 πηγή·
1749 4371 1892 4424 οὓτω
1925 4371 2020 4425 καὶ

426 4468 456 4518 ὁ
485 4465 672 4538 Σωτὴρ
703 4464 993 4529 ἐκαθέζετο
1023 4466 1116 4518 ἐπὶ
1143 4467 1210 4537 τῇ
1238 4467 1410 4536 πηγῇ,
1437 4464 1554 4536 ὥρα
1582 4461 1649 4535 ἦν
1679 4463 1812 4516 ὡσεὶ
1851 4464 2015 4532 ἐκτη-

427 4561 612 4630 πηγὴν
636 4560 692 4612 δὲ
723 4559 832 4613 νόει
858 4559 957 4630 τὴν
1009 4558 1160 4612 θείαν
1207 4557 1430 4626 γνῶσιν,
1483 4557 1578 4609 καὶ
1619 4557 1680 4608 οὐ
1729 4555 1790 4608 τὸ
1841 4555 2018 4626 φρέαρ

2126 3357 2237 3412 die.
2252 3355 2370 3412 Jam
2388 3372 2518 3413 vero
2539 3358 2629 3427 qui
2647 3358 2865 3428 indigne
2881 3374 3077 3428 corpus
3099 3360 3392 3416 manducat
3409 3371 3463 3414 et
3481 3363 3702 3431 sangui—

2126 3463 2249 3505 nem
2281 3451 2416 3506 bibit
2444 3449 2682 3515 Domini,
2711 3449 2974 3519 judicium
3003 3451 3105 3507 sibi
3141 3453 3437 3508 manducat
3460 3462 3518 3508 et
3540 3453 3700 3508 bibit.

2197 3539 2245 3572 “
2276 3539 2416 3597 Olim
2453 3556 2560 3595 non
2591 3541 2690 3594 fuit
2719 3542 2947 3605 malum,
2984 3552 3041 3597 et
3069 3542 3172 3598 hoc
3198 3542 3372 3612 ipsum
3416 3541 3709 3609 aliquando

2127 3646 2235 3686 non
2291 3633 2439 3686 erit:
2473 3641 2601 3686 sunt
2653 3632 2801 3686 enim
2857 3631 3168 3686 indelebilia
3203 3632 3425 3686 virtutis
3473 3631 3703 3687 semina.

2127 3723 2240 3779 Hoc
2285 3723 2418 3778 mihi
2477 3723 2867 3794 propemodum
2917 3724 3116 3778 suadet
3155 3725 3308 3780 dives
3355 3723 3444 3779 ille
3476 3724 3566 3792 qui
3601 3739 3705 3778 non

2126 3815 2349 3869 omnino
2380 3823 2528 3869 totus
2556 3815 2732 3871 malus
2758 3815 2967 3880 fuerat,
3015 3816 3116 3870 etsi
3149 3816 3219 3870 ob
3249 3814 3544 3884 nequitiam
3571 3813 3707 3868 infe-

2125 3905 2202 3960 ris
2231 3905 2582 3973 adjudicatns
2614 3925 2628 3961 :
2657 3921 2786 3963 ecce
2822 3907 2968 3962 enim
2995 3905 3084 3961 ille
3117 3906 3547 3962 misericordiam
3577 3919 3703 3975 erga

2123 3993 2322 4049 fratres
2373 3997 2666 4050 retinebat.
2727 3997 2892 4066 Atqui
2942 3996 3320 4052 misericordia
3387 4009 3570 4050 semen
3623 4007 3706 4050 est

2123 4087 2344 4141 virtutis
2373 4089 2660 4157 optimum.

2193 4179 2238 4212 "
2285 4181 2532 4236 Scientia
2581 4195 2774 4252 puteus
2819 4181 2982 4236 simul
3046 4190 3131 4236 est
3185 4191 3242 4236 et
3297 4179 3462 4236 fons:
3499 4183 3701 4236 etenim

2125 4271 2236 4328 illis
2267 4275 2356 4342 qui
2390 4274 2456 4328 ad
2487 4275 2748 4328 virtutem
2799 4275 3036 4345 primum
3083 4275 3369 4337 accedunt,
3401 4271 3702 4342 profundus

2123 4375 2320 4436 puteus
2345 4367 2562 4422 videtur
2591 4381 2608 4421 :
2639 4377 2696 4421 at
2723 4367 3140 4436 imperturbatis
3167 4377 3328 4434 atque
3353 4366 3526 4432 puris,
3557 4365 3697 4422 fons.

2125 4455 2217 4511 Sic
2240 4458 2404 4512 etiam
2457 4457 2710 4512 Salvator
2744 4457 2964 4512 sedebat
2994 4471 3160 4524 supra
3198 4456 3401 4510 fontem
3435 4455 3565 4509 hora
3591 4456 3702 4509 cir-

2125 4550 2262 4603 citer
2286 4559 2458 4605 sexta.
2489 4549 2568 4604 Tu
2593 4565 2725 4605 vero
2754 4551 2955 4604 fontem
2989 4549 3228 4618 intellige
3255 4548 3490 4602 divinam
3524 4548 3698 4602 scien-

427 4653 522 4705 τοῦ
558 4653 776 4715 ὕδατος·
826 4651 1015 4723 ὥσπερ
1059 4651 1115 4704 δὲ
1167 4652 1201 4722 ὴ
1242 4650 1394 4722 πηγὴ
1443 4651 1730 4722 πρόκειται
1776 4649 2017 4712 ἀκόπως,

2130 4644 2284 4706 tiam,
2339 4659 2445 4697 non
2494 4659 2649 4714 aqua:
2707 4652 2949 4713 puteum.
2997 4643 3066 4698 Et
3103 4642 3263 4696 sicuti
3317 4641 3438 4695 fons
3487 4649 3700 4710 prostat

427 4745 673 4798 τουτέστι
727 4745 788 4798 τὸ
833 4745 1026 4816 τρέχον
1084 4743 1228 4816 ὕδωρ
1280 4745 1392 4806 τοῖς
1455 4741 1703 4812 διψῶσιν,
1758 4740 1899 4793 οὕτω
1955 4739 2016 4791 τὸ

427 4839 605 4910 φρέαρ
636 4841 694 4892 ἐν
726 4837 879 4907 κόπῳ
909 4840 1020 4901 τοῖς
1049 4837 1293 4890 θέλουσιν
1331 4836 1544 4890 ἀντλεῖν
1563 4853 1576 4866 ·
1625 4835 1720 4888 καὶ
1761 4833 1950 4903 ὥσπερ
1980 4833 2014 4903 ἡ

429 4931 581 5001 πηγὴ
597 4931 872 4995 ἄπαυστός
891 4931 1004 4982 ἐστι
1021 4928 1116 4982 τοῦ
1139 4930 1273 5000 ῥεῖν,
1285 4927 1501 4998 οὕτωςή
1521 4925 1811 4997 αἰσθητικὴ
1827 4925 2013 4997 γραφὴ

427 5023 650 5076 ἀένναον
680 5022 792 5092 ἔχει
830 5023 920 5076 τὸν
948 5021 1168 5092 δρόμον,
1197 5021 1292 5074 καὶ
1313 5019 1534 5073 εὔκολον
1567 5021 1680 5082 τοῖς
1710 5017 1904 5086 διψῶσι
1923 5016 2014 5068 τὸν

427 5113 558 5168 Θεὸν
589 5115 895 5185 γεραίρειν·
927 5114 1022 5166 καὶ
1051 5113 1240 5181 ὥσπερ
1281 5111 1340 5164 τὸ
1373 5111 1549 5182 φρέαρ
1583 5111 1750 5163 κόπον
1783 5108 2014 5180 παρέχει

425 5209 538 5268 τοῖς
571 5205 876 5268 ἀντλοῦσιν,
920 5207 1061 5258 οὕτω
1107 5206 1203 5258 καί¹
1248 5206 1282 5276 ἡ
1326 5203 1639 5275 θεωρητικὴ
1673 5201 1873 5270 γνῶσις
1901 5203 2014 5265 τοῖς

430 5296 640 5349 θέλουσι
668 5297 735 5350 δι’
764 5297 935 5366 αὐτῆς
965 5297 1062 5359 τὰς
1095 5297 1294 5368 ἀρετὰς
1339 5295 1704 5366 κατορθῶσαι,
1749 5293 1924 5362 ψυχῆς
1953 5309 2012 5344 τε

427 5390 522 5440 καὶ
557 5387 829 5458 σώματος,
865 5389 934 5441 τά
960 5407 1018 5440 τε
1050 5388 1168 5441 θεῖα
1211 5389 1428 5452 ἐννοεῖν,
1473 5387 1565 5440 καὶ
1595 5385 1694 5456 τῆς
1741 5383 2014 5454 βασιλείας

427 5479 537 5532 τῶν
567 5479 813 5550 οὐρανῶν
847 5479 1282 5551 ἀντιποιηθῆναι.

2125 4737 2333 4806 absque
2365 4737 2576 4805 labore,
2619 4747 2804 4806 utpote
2845 4751 2986 4806 aqua
3026 4738 3337 4794 discurrens
3363 4737 3700 4804 sitientibus,

2123 4830 2197 4883 ita
2223 4839 2418 4899 puteus
2447 4831 2686 4885 laborem
2711 4831 2946 4900 requirit
2972 4831 3272 4887 volentium
3299 4831 3603 4886 exantlare.
3634 4830 3699 4886 Et

2122 4921 2283 4975 sicuti
2319 4921 2444 4977 fons
2487 4921 2826 4978 incessanter
2877 4933 3085 4990 manat,
3147 4926 3219 4975 ita
3254 4923 3528 4978 sensibilis
3563 4924 3701 4978 scri—

2121 5022 2277 5081 ptura
2303 5027 2592 5081 perennem
2635 5015 2802 5070 habet
2828 5015 3030 5070 fluxum
3051 5056 3066 5082 ,
3119 5015 3465 5084 faciliterque
3491 5015 3577 5070 his
3607 5017 3699 5085 qui

2121 5103 2310 5158 sitiunt
2377 5105 2541 5158 Deum
2598 5107 2790 5164 donat.
2855 5107 2918 5162 Et
2978 5109 3138 5162 sicuti
3197 5115 3392 5178 puteus
3455 5107 3696 5163 laborem

2119 5204 2270 5250 creat
2296 5195 2811 5263 exantlantibns,ita
2845 5209 2898 5253 et
2926 5200 3152 5254 scientia
3184 5199 3598 5270 contemplativa
3632 5201 3702 5257 iis

2121 5287 2212 5357 qui
2237 5287 2425 5341 volunt
2441 5289 2668 5343 virtutes
2696 5301 2842 5345 recte
2863 5305 3122 5346 exercere
3140 5293 3334 5347 animat
3345 5293 3702 5361 corporisque

2121 5389 2178 5434 et
2239 5380 2419 5434 divina
2477 5380 2824 5453 intelligere,
2883 5396 2936 5438 et
2980 5384 3240 5438 cmlorum
3287 5398 3512 5453 regnum
3577 5383 3698 5436 adi-

2122 5487 2277 5541 ptsel.

501 5614 545 5646 “
573 5631 626 5670 v.
667 5615 764 5669 ‘27.
836 5615 880 5647 ⁸⁵
927 5631 976 5669 v.
1029 5616 1082 5668 ‘l.
1159 5617 1204 5646 ⁸⁵
1243 5631 1296 5668 v.
1342 5617 1430 5670 5.-
1471 5617 1518 5648 ’⁸⁵
1551 5633 1602 5669 ν.
1642 5617 1696 5670 9.
1773 5615 1815 5647 ’⁵⁷
1859 5614 2003 5672 v.ll.

2166 5628 2217 5664 v.
2257 5611 2343 5666 M.
2421 5612 2466 5644 "’
2495 5613 2670 5672 γ.15.

493 5741 991 5812 (1)7Animadverte
1037 5742 1370 5797 catholicum
1406 5743 1708 5798 doctissimi
1759 5752 1813 5798 et
1856 5743 2000 5796 anti-

429 5811 674 5934 qluissitni
702 5812 950 5884 Origenis
981 5813 1354 5869 testimonium
1394 5817 1460 5869 de
1508 5823 1862 5869 sacrosancta
1897 5813 2003 5868 Eu-

431 5895 456 5934 c
479 5893 709 5938 ldl'lSlla.

2183 5739 2260 5807 (τὶ)
2306 5737 2404 5792 llic
2445 5740 2623 5794 innuit
2665 5741 2928 5810 Origenes
2969 5757 3212 5797 errorem
3261 5743 3412 5796 illum
3446 5756 3599 5796 suum
3633 5741 3704 5796 de

2113 5809 2320 5932 fllllll‘liil,
2347 5819 2469 5877 post
2501 5813 2684 5878 vitam,
2710 5809 3065 5868 conversione
3089 5815 3398 5884 impiorum,
3430 5823 3482 5867 et
3504 5825 3702 5881 paena-

2113 5895 2231 5932 rum
2296 5897 2381 5932 nc.

2113 5895 2231 5935 rum
2255 5895 2381 5934 unc.
