4172 6394
475 361 576 414 ΠἹ

1655 347 2022 404 EXPOSlTiO
2053 346 2116 400 IN
2157 343 2568 400 PROVERBIA.

3643 333 3746 388 I78

473 481 577 554 χῆς
612 483 646 550 ἡ
703 477 824 532 κατ’
867 476 1146 546 ἐνέργειαν
1189 475 1468 546 ἁμαρτία·
1520 471 1828 542 νυσταγμὸς
1881 471 1960 532 δὲ,
2007 469 2054 522 τὶ

2169 483 2236 537 pc
2271 480 2496 522 somnus
2527 473 2608 520 est
2627 469 2908 534 peractum
2941 467 3221 528 peccatum
3256 474 3265 506 :
3305 457 3620 513 dormitatio
3655 471 3748 508 au-

473 573 691 642 πρῶτον
713 575 770 625 ὲν
805 574 870 642 τῇ
895 569 1042 640 ψυχῇ
1079 567 1468 638 συνιστάμενον
1495 565 1805 635 ἀκάθαρτον
1845 563 2026 632 νόημα
2045 579 2058 591 ·

473 665 886 734 ὲπινυσταγμὸς
914 663 969 715 δὲ
991 665 1024 732 ἠ
1051 661 1186 732 πρὸς
1209 661 1275 714 τὰ
1305 661 1472 732 χείρω
1495 659 1664 730 ῥοπή·
1697 657 1892 710 κωλύει
1919 651 2010 708 οὖν
2035 657 2064 707 ό

477 759 576 828 μὲν
595 758 758 829 νόμος
789 757 879 811 τὸν
919 756 1084 809 ὕπνον
1103 772 1115 784 ⁸
1145 755 1232 808 τὸν
1277 754 1332 806 δὲ
1361 751 1672 822 νυσταγμὺν
1719 749 1780 802 τὸ
1823 748 2070 817 Εὐαγγέ..

475 851 586 904 λιον
605 868 618 883 ·
642 852 694 904 εί
716 866 780 919 γε
795 851 824 903 6
845 849 942 920 μὲν
973 847 1294 918 περικόπτει
1317 846 1416 916 τὴν
1443 846 1561 898 κατ’
1585 843 1865 914 ἐνέργειαν
1894 843 2066 911 ἁμαρ-

476 943 630 997 τίαν·
665 941 726 996 τὸ
761 941 841 1006 δὲ,
871 941 970 1012 τὴν
1008 940 1153 992 κατὰ
1181 939 1422 992 διάνοιαν
1473 936 1690 1006 πρῶτον
1741 932 2064 1003 συνισταμέ-

475 1053 572 1106 νην
601 1035 816 1090 κακίανο
853 1032 1082 1106 Ἐρρέθη
1106 1033 1236 1104 γὰρ,
1270 1031 1422 1102 φησὶ,
1447 1031 1558 1092 τοῖς
1585 1027 1852 1100 ἀρχαίοις,
1869 1026 1946 1080 0‘3
1971 1042 2064 1094 φο·

473 1127 683 1189 νεύσεις
710 1143 724 1158 ·
755 1124 865 1195 ἐγὼ
885 1125 942 1178 δὲ
960 1123 1102 1191 λέγω
1127 1125 1276 1194 ὑμῖν,
1307 1123 1422 1176 υύκ
1447 1120 1774 1192 ὀργισθήσῃ.

551 1217 893 1290 Σημειωτέον
919 1215 1175 1278 ἐνταῦθα,
1207 1216 1289 1268 ὅτι
1311 1213 1410 1284 τὴν
1435 1213 1528 1266 τοῦ
1566 1211 1856 1284 μύρμηκος
1905 1225 2064 1277 φυσι-

475 1307 581 1380 κὴν
613 1307 936 1380 ἐναρμόνιον
969 1307 1206 1377 κίνησιν,
1257 1305 1448 1374 σοφίαν
1501 1303 1688 1358 καλεῖ·
1731 1303 1824 1355 καὶ
1873 1300 1984 1371 γὰρ
2032 1300 2062 1350 6

474 1399 784 1472 σοφώτερος
822 1399 1010 1468 σοφοῦ,
1069 1396 1376 1468 σοφώτερος
1429 1395 1648 1464 λέγεται
1667 1413 1679 1424 ·
1713 1393 1831 1456 πῶς
1873 1393 1928 1445 δὲ
1967 1393 2061 1444 καὶ

471 1493 570 1546 οὐκ
595 1491 742 1547 ἔστιν
775 1492 882 1546 ὑπὸ
913 1491 1202 1560 δεσπότην,
1235 1490 1288 1542 εἷ
1319 1505 1382 1556 γε
1421 1487 1488 1542 τὰ
1547 1487 1839 1557 σύμπαντα
1897 1485 2059 1538 δοῦλα

471 1585 564 1638 τοῦ
598 1583 734 1636 Θεοῦ
765 1585 830 1654 ;ἢ
861 1585 1076 1654 μήποτε
1097 1585 1126 1635 ό
1159 1582 1294 1644 Θεὸς
1345 1581 1562 1649 λέγεται
1593 1579 1856 1648 δεσπότης
1877 1577 2057 1647 διχῶς,

470 1675 546 1740 ὡς
575 1675 928 1746 δημιουργὸς,
963 1674 1058 1728 καὶ
1085 1674 1161 1737 ὡς
1195 1672 1630 1743 γινωσκόμενοςς
1661 1671 1756 1724 Διὸ
1789 1671 1880 1723 καὶ
1913 1671 2059 1722 Παῦ-

2168 571 2275 616 tem
2299 559 2566 616 conﬂatus
2589 558 2644 612 in
2671 557 2854 610 anima
2887 556 3133 623 impurus
3159 543 3426 620 cogitatus
3463 567 3478 604 :
3513 549 3748 620 denique

2165 652 2562 716 indormitatio,
2579 649 2872 704 declinatio
2895 647 2962 700 ad
2987 646 3284 700 deteriora.
3311 643 3469 698 Vetat
3495 657 3744 698 somnum

2165 747 2274 813 lex,
2309 743 2747 802 dormitationem
2781 739 3133 810 Evangelium
3162 755 3176 792 :
3209 738 3298 790 illa
3321 738 3466 792 enim
3507 743 3746 805 amputat

2165 839 2374 910 peccati
2404 834 2950 894 consummationem,
2995 832 3101 886 hoc
3153 831 3526 886 suborientem
3575 829 3742 883 menti

2163 929 2480 1000 nequitiam.
2511 927 2646 980 Nam
2676 927 2876 982 dictum
2907 924 3006 978 fuit
3033 923 3275 992 antiquis
3305 938 3318 972 :
3352 920 3474 976 Non
3505 920 3742 984 occides;

2163 1037 2266 1094 ego
2301 1031 2484 1078 autem
2511 1021 2634 1076 dico
2657 1018 2833 1084 vobis,
2863 1019 2983 1072 Non
3017 1015 3292 1070 irascaris.

2241 1199 2285 1231 ⁵⁸
2327 1197 2426 1254 llic
2457 1195 2996 1252 animadvertendum
3025 1203 3131 1258 est,
3163 1190 3407 1248 formica:
3444 1187 3742 1245 naturalem

2163 1297 2494 1354 concinnum
2521 1303 2754 1360 motum,
2791 1291 2972 1346 vocari
3023 1289 3093 1343 ab
3121 1299 3343 1342 auctore
3395 1285 3741 1356 sapientiam.

2163 1389 2300 1444 Nam
2328 1387 2421 1458 qui
2445 1395 2531 1442 est
2555 1385 2803 1454 sapiente
2833 1383 3154 1452 sapientior,
3183 1379 3230 1434 is
3281 1378 3481 1434 dicitur
3523 1375 3741 1446 sapien-

2167 1483 2295 1538 tior.
2323 1478 2612 1548 Quomodo
2643 1487 2825 1532 autem
2859 1476 3084 1530 formica
3113 1474 3216 1528 sub
3255 1471 3472 1528 domino
3501 1485 3608 1525 non
3633 1476 3742 1536 est,

2165 1571 2614 1643 quandoquidem
2637 1569 2818 1624 omnia
2857 1569 2970 1622 Deo
3010 1563 3379 1620 famulantur?
3437 1562 3542 1618 nisi
3595 1561 3742 1632 quod

2167 1665 2308 1720 Deus
2331 1661 2624 1732 dupliciter
2647 1659 2846 1714 dicitur
2873 1657 3142 1720 dominus,
3167 1665 3222 1710 et
3257 1655 3384 1724 quia
3424 1663 3660 1720 creator,
3688 1661 3744 1706 et

469 1766 558 1830 λος
619 1745 860 1838 γράφει·
903 1765 1054 1820 Νυνὶ
1109 1764 1178 1818 δὲ
1221 1762 1722 1833 ἐλευθερωθέντες
1775 1762 1896 1816 ἀπὸ
1949 1759 2054 1829 τῆς

2165 1756 2292 1825 quia
2319 1754 2594 1824 cognitus.
2631 1751 2808 1818 Quare
2826 1759 2880 1803 et
2913 1748 3111 1803 Paulus
3145 1747 3336 1802 scribit
3374 1763 3386 1798 :
3421 1745 3577 1800 Nunc
3623 1761 3742 1799 vero

467 1836 778 1928 ἁμαρτίας,
813 1856 1214 1922 δουλωθέντες
1243 1855 1312 1910 δὲ
1344 1855 1426 1922 τῷ
1480 1853 1602 1920 Θεῷ
1635 1855 1899 1926 (δηλονότι
1931 1857 2054 1908 κατ’

2167 1847 2376 1902 liberati
2401 1863 2432 1899 a
2457 1854 2690 1915 peccato,
2711 1841 2846 1898 servi
2868 1851 3043 1894 autem
3089 1840 3216 1909 {acti
3241 1838 3353 1893 Deo
3385 1836 3462 1910 (id
3522 1848 3605 1892 est
3657 1853 3745 1894 se-

467 1953 668 2024 ἁρετὴν
713 1952 806 2006 καὶ
840 1950 1060 2020 γνῶσιν)
1088 1949 1257 2020 ἔχετε
1313 1949 1424 2004 τὸν
1464 1949 1698 2018 καρπὸν
1743 1947 1912 2018 ὑμῶν
1965 1951 2052 2014 είς

2155 1940 2392 1996 cundum
2419 1939 2676 1992 virtutem
2707 1951 2774 1992 ac
2797 1933 3330 2004 scientiam),habetia
3370 1931 3600 2000 {ructum
3654 1945 3739 1984 ve-

465 2043 784 2112 ἁγιασμὸν,
819 2041 885 2096 τὸ
917 2040 984 2095 δὲ
1013 2041 1188 2108 τέλος
1218 2039 1372 2109 ζωὴν
1419 2041 1660 2094 αἰώνιον
1682 2059 1694 2069 ·
1753 2043 1801 2094 εί
1852 2040 1906 2094 δὲ
1956 2039 2050 2094 τοῦ

2153 2045 2324 2088 atrum
2353 2029 3090 2102 in'sanctiﬁcationemgﬁnem
3107 2043 3224 2082 vero
3243 2027 3402 2082 vitam
3415 2025 3736 2080 wternam".

465 2136 710 2190 τοιούτου
736 2135 924 2198 τέλους
971 2134 1194 2204 καὶτῆς
1243 2132 1499 2203 γνώσεως
1545 2133 1774 2204 ἄμοιρός
1833 2135 1982 2186 ἐστιν
2025 2136 2054 2188 6

469 2227 718 2299 μύρμηξ,
741 2227 934 2296 ἄλογος
950 2225 1045 2290 ὣν,
1093 2225 1255 2296 δῆλον
1281 2225 1364 2278 ὅτι
1397 2226 1492 2280 καὶ
1523 2227 1624 2298 τῆς
1651 2226 1904 2298 τοιαύτης
1934 2227 2054 2282 δου-

465 2319 616 2383 λείας
647 2317 930 2390 ἐλεύθερος
959 2337 973 2350 ·
1007 2317 1186 2381 καλῶς
1205 2313 1298 2372 οὖν
1329 2317 1544 2387 λέγεται
1577 2319 1651 2390 μὴ
1685 2315 1820 2372 εἶναι
1847 2320 1876 2371 6
1913 2320 2052 2390 μύρ-

471 2411 580 2482 μηξ
613 2411 720 2463 ὑπὸ
761 2409 1050 2482 δεσπότην,
1099 2408 1244 2470 κατὰ
1287 2407 1492 2479 ταύτην
1545 2408 1644 2480 τὴν
1693 2411 2010 2464 δεσποτείαν
2036 2429 2048 2442 ·

467 2495 607 2554 εἶναι
635 2500 692 2553 δὲ
723 2499 886 2553 πάλιν
915 2499 1024 2552 ὑπὸ
1051 2497 1368 2553 δεσποτείαν
1396 2497 1634 2568 λέγεται,
1654 2499 1758 2553 ὑπὸ
1779 2500 1868 2554 τὸν
1897 2499 2050 2564 Θεὸν,

465 2592 544 2656 ὡς
577 2591 682 2645 ὑπὸ
705 2591 1058 2664 δημιουργόν.

538 2684 638 2738 Διά
685 2687 784 2755 μὲν
831 2683 928 2738 τοῦ
973 2685 1266 2757 μύρμηκος
1327 2683 1505 2738 ἔοικεν
1569 2686 1598 2737 6
1647 2683 1898 2754 Σολομῶν
1953 2685 2054 2755 τὴν

465 2776 778 2847 πρακτικὴν
811 2777 928 2830 ὁδὸν
969 2781 1104 2848 ἡμῖν
1159 2778 1500 2848 ὑπογράφειν
1522 2795 1534 2806 ·
1593 2775 1682 2830 διὰ
1707 2776 1764 2829 δὲ
1817 2776 1918 2846 τῆς
1953 2793 2050 2847 με-

465 2866 678 2936 λίσσης,
710 2867 810 2938 τὴν
837 2867 1072 2940 Θεωρίαν
1091 2868 1200 2922 τῶν
1236 2868 1540 2938 γεγονότων
1565 2866 1820 2937 σημαίνει
1848 2868 1942 2920 καὶ
1957 2867 2054 2920 αὺ-

464 2957 558 3012 τοῦ
579 2959 672 3012 τοῦ
702 2960 1050 3032 ποιήσαντος,
1091 2959 1286 3029 ἥντινα
1307 2959 1404 3012 καὶ
1421 2957 1654 3030 καθαροὶ
1691 2959 1787 3012 καὶ
1819 2959 2056 3032 ἀκάθαρ-

468 3069 574 3114 τοι,
603 3053 699 3105 καὶ
758 3051 916 3120 σοφοὶ⁹
961 3052 1058 3104 καὶ
1111 3050 1352 3122 ἀνόητοι,
1400 3051 1540 3122 πρὸς
1582 3049 1683 3121 τὴν
1727 3050 1830 3120 τῆς
1873 3049 2052 3121 ψυχῆς

466 3143 654 3212 ὑγείαν
685 3143 1084 3215 προσφέρονται
1104 3161 1116 3172 ’
1146 3144 1242 3198 καὶ
1269 3144 1520 3214 φαίνεται
1551 3145 1650 3216 μέν
1683 3161 1774 3214 μοι
1802 3143 1832 3194 6
1861 3146 2050 3214 κηρὸς,

466 3233 646 3290 αὐτῶν
666 3234 774 3288 τῶν
793 3235 1136 3306 πραγμάτων
1164 3235 1320 3305 λόγον
1343 3235 1558 3308 ἐπέχειν
1577 3252 1592 3266 ⁶
1627 3237 1688 3290 τὸ
1705 3237 1749 3290 δ’
1769 3237 2050 3291 ὲναποκεί-

469 3341 628 3394 μενον
675 3324 826 3397 αύτῷ
866 3325 1008 3396 μέλι,
1051 3325 1318 3396 σύμϐολον
1355 3323 1494 3380 εἶναι
1543 3327 1636 3397 τῆς
1671 3326 1902 3399 θεωρίας
1951 3329 2050 3382 αὒ-

461 3413 570 3468 τῶν
596 3431 610 3446 ο
643 3417 738 3468 καὶ
755 3417 784 3469 6
808 3417 906 3487 μὲν
939 3415 1110 3488 κηρὸς
1139 3417 1556 3490 παρελεύσεταιο
1591 3418 1652 3472 '0
1671 3418 2048 3490 οὐρανὺςγὰρ,

463 3509 618 3579 φησὶ,
649 3509 745 3562 καὶ
767 3511 801 3579 ἠ
831 3509 902 3579 γῆ
955 3509 1382 3582 παρελεύσεται’
1418 3509 1480 3562 τὸ
1515 3509 1572 3562 δὲ
1623 3508 1744 3580 μέλι
1791 3509 1850 3561 ού
1909 3527 2049 3580 παρη

461 3599 772 3654 ιλεύσεταιο
801 3600 922 3653 οὐδὲ
941 3601 1048 3672 γὰρ
1077 3603 1126 3653 οἱ
1155 3602 1302 3671 λόγοι
1330 3601 1760 3673 παρελεύσονται
1785 3600 1880 3654 τοῦ
1937 3603 2050 3656 Σω-

459 3689 627 3762 τῆρος
659 3689 820 3761 ἡμῶν
853 3690 1030 3762 Ἰησοῦ
1060 3691 1326 3762 Χριστοῦο
1365 3691 1495 3763 περὶ
1523 3684 1600 3746 ὧν
1630 3691 1780 3760 λέγει
1825 3695 1856 3746 6
1891 3693 2050 3746 Σολο-

465 3781 582 3853 μῶν
601 3799 616 3812 ·
649 3782 840 3850 Κηρία
861 3782 1126 3852 μέλιτος,
1160 3785 1324 3852 λόγοι
1359 3785 1572 3838 καλοί·
1611 3786 1934 3854 γλύκασμα
1981 3785 2049 3838 δὲ

459 3874 676 3940 αὐτῶν,
712 3873 876 3941 ιασις
905 3873 1146 3944 ψυχῆςο
1171 3876 1266 3929 καί¹
1297 3877 1326 3929 6
1357 3875 1540 3942 Δαυῒδ,
1569 3877 1662 3942 Ὠς
1687 3879 2044 3947 γλυκύτερα,

460 3969 612 4038 φησι,
642 3967 726 4032 τῷ
745 3967 1000 4038 λάρυγγα-ί
1018 3985 1158 4037 μου,
1189 3968 1260 4022 τὰ
1285 3967 1462 4038 λότιά
1483 3985 1598 4024 σου
1629 3969 1781 4038 ὑπὲρ
1804 3971 1942 4039 μέλι
1967 3970 2048 4036 τῷ

460 4059 714 4127 στόματί
735 4075 860 4130 μου
879 4075 892 4089 ·
929 4058 990 4112 τὸ
1019 4059 1075 4112 δὲ
1097 4059 1444 4132 ἀποτέλεσμα
1477 4059 1572 4114 τοῦ
1597 4061 1762 4114 πόνου
1790 4060 1900 4114 τῶν
1917 4062 2046 4132 ἀρε-

460 4149 570 4205 τῶν
598 4151 815 4221 καὶτῆς
851 4149 1128 4219 γνώσεως,
1177 4151 1340 4206 πόνον
1377 4151 1630 4223 ὠνόμασε
1646 4167 1661 4183 ο
1709 4152 1948 4224 βασιλεῖς
1985 4151 2044 4204 δὲ

459 4241 556 4294 καὶ
611 4241 844 4308 ἰδιώτας,
876 4244 937 4297 οὺ
965 4243 1090 4307 τοὺς
1121 4243 1182 4296 τὸ
1204 4243 1442 4314 διάδημα
1465 4243 1686 4314 ἔχοντας
1707 4283 1722 4307 ,
1768 4243 1802 4314 ἢ
1832 4243 1956 4306 τοὺς
1985 4245 2044 4296 ὲν

457 4333 662 4404 κοπρίᾳ
683 4333 924 4404 πένητας
945 4334 1114 4403 λέγει,
1147 4334 1284 4389 ἀλλὰ
1312 4335 1438 4400 τοὺς
1471 4335 1608 4406 πρὸς
1654 4335 1747 4388 τὸν
1777 4334 1910 4388 Θεὸν
1949 4335 2042 4388 τὸν

455 4425 582 4478 νοῦν
613 4425 1004 4496 σεσοφισμένον
1027 4429 1122 4482 καὶ
1153 4429 1468 4501 ἐρρωμένον
1495 4431 1616 4492 ταῖς
1645 4429 1864 4501 ἀρεταῖς
1889 4427 2040 4499 έχον-

455 4535 575 4582 τας,
615 4518 850 4589 βασιλεῖς
873 4519 1040 4588 λέγει.

537 4609 600 4664 ου
639 4609 806 4674 ὕπνος
832 4605 986 4674 οὗτος
1009 4611 1148 4683 μόνῃ
1179 4611 1422 4682 πέφυκεν
1449 4609 1864 4682 ὲπισυμϐαίνειν
1890 4609 2038 4682 ψυχῇ

453 4700 646 4772 λογικῇ
668 4717 682 4732 ο
704 4701 959 4772 σημαίνει
987 4703 1092 4774 γὰρ
1127 4703 1363 4758 ἐνταῦθα
1393 4701 1668 4774 [ἅγνοι]αν
1705 4702 1800 4757 καὶ
1861 4704 2040 4771 ἀγνω-

456 4796 598 4849 σίαν
613 4788 689 4848 ὧν
712 4797 746 4866 ἡ
773 4795 1051 4866 ἀγρυπνία
1073 4798 1220 4850 ποιεῖ
1241 4813 1382 4860 τινα,
1397 4796 1474 4860 ὡς
1495 4797 1776 4868 στρουθίον
1807 4798 2038 4868 μονάζον

455 4889 552 4942 ἐπὶ
585 4887 854 4959 δώματος.

530 4981 861 5052 Προσεκτέον
901 4979 1134 5034 ἐνταῦθα
1165 4981 1374 5052 μήποτε
1411 4981 1518 5052 ἄρα
1560 4981 1646 5034 διὰ
1697 4982 1806 5034 τῶν
1859 4983 2034 5036 τοιού-

455 5089 564 5126 των
593 5073 908 5142 κινημάτων
940 5073 1034 5126 τοῦ
1062 5073 1314 5143 σώματος
1346 5071 1686 5142 γινώσκωσιν
1723 5075 1773 5125 oi
1796 5074 2034 5128 ἀντικεί-

458 5182 608 5236 μενοι
633 5165 760 5230 τοὺς
787 5165 972 5220 αὐτῶν
1009 5166 1303 5238 λογισμοὺς
1341 5169 1398 5220 ὲν
1433 5167 1565 5236 ἡμῖν
1601 5165 1998 5236 στρεφομένους
2020 5183 2033 5199 ⁸

453 5254 642 5327 ἐπειδὴ
672 5255 1110 5329 καρδιογνώστην
1143 5257 1304 5329 μόνον
1323 5257 1414 5311 τὸν
1435 5257 1567 5311 Θεὸν
1595 5255 2040 5328 πεπιστεύκαμεν

451 5341 614 5402 εῖναι.

523 5439 640 5501 Πᾶς
664 5441 696 5492 6
721 5439 950 5512 τρώγων
977 5439 1078 5503 τὰς
1105 5439 1315 5512 σάρκας
1333 5439 1425 5494 τοῦ
1459 5439 1696 5513 Χριστοῦ
1723 5439 1820 5494 καὶ
1861 5441 2030 5495 πίνων

449 5529 514 5583 τὺ
541 5524 681 5600 αἷμα
709 5529 874 5585 αὐτοῦ
903 5529 1006 5604 (1),
1034 5535 1226 5587 κτᾶται
1261 5528 1400 5604 αἷμα
1450 5533 1658 5587 δίκαιον
1680 5547 1696 5565 ⁸
1745 5525 1807 5585 οὗ
1853 5549 2032 5603 στερι-

557 5667 604 5701 ⁸⁸
627 5687 681 5724 v.
711 5671 768 5726 6.
843 5671 891 5704 ⁵⁷
921 5657 1082 5728 Rem.
1117 5689 1191 5740 vt,
1221 5672 1317 5728 2‘2.
1407 5673 1456 5706 ⁵⁸
1498 5689 1551 5728 ν.
1579 5673 1634 5731 8.
1711 5677 1756 5710 ⁸⁸
1783 5675 1946 5732 Prov.
1975 5689 2090 5742 xvi,
2111 5669 2204 5726 ‘24.

523 5781 600 5850 (l)
637 5781 846 5838 Rursus
869 5783 1123 5853 Origenis
1149 5785 1214 5838 de
1244 5785 1344 5842 SS.
1385 5783 1722 5840 Eucharistia
1757 5785 2030 5842 sententia

2153 2127 2272 2183 Jam
2296 2129 2339 2182 si
2383 2126 2508 2182 finis
2562 2123 2868 2192 huiusmodi
2920 2131 3084 2190 atque
3125 2120 3374 2176 scientia;
3412 2134 3612 2188 expers
3656 2127 3740 2175 est

2158 2217 2388 2274 formica
2407 2226 2597 2286 utpote
2623 2213 2978 2278 irrationalis,
3003 2220 3218 2268 constat
3249 2225 3368 2266 eam
3403 2226 3524 2266 esse
3547 2211 3740 2280 hujus-

2155 2312 2364 2367 cemodi
2389 2325 2609 2382 quoque
2637 2307 2900 2362 famulatu
2931 2307 3200 2362 liberam.’
3217 2305 3364 2361 Bene
3385 2319 3516 2376 ergo
3537 2305 3739 2360 dicitur

2157 2404 2384 2459 formica
2423 2417 2530 2458 non
2561 2415 2682 2456 esse
2739 2402 2844 2454 sub
2873 2399 3116 2460 domino,
3151 2397 3454 2454 secundum
3481 2395 3735 2466 hujusce-

2159 2495 2304 2550 modi
2339 2493 2700 2548 dominatum.
2725 2493 2979 2545 Attamcn
3009 2491 3111 2545 sub
3141 2489 3234 2544 Dei
3272 2489 3546 2544 dominatu
3574 2485 3738 2544 vicis-

2156 2589 2258 2644 sim
2291 2587 2516 2650 dicitur,
2543 2587 2644 2640 sub
2670 2599 2735 2639 eo
2765 2584 2974 2638 scilicet
3003 2592 3262 2651 tanquam
3295 2589 3567 2636 creatore.

2231 2679 2277 2712 ⁵⁸
2309 2677 2574 2734 Formica:
2613 2677 2972 2732 similitudine
3003 2676 3220 2730 videtur
3257 2676 3424 2730 nobis
3477 2673 3738 2730 Salomon

2157 2772 2302 2825 viam
2363 2769 2558 2839 agendi
2615 2769 2934 2824 describere
2990 2783 3006 2822 :
3063 2783 3164 2836 ape
3221 2775 3402 2822 autem
3467 2767 3737 2824 tlteoriam

2157 2874 2404 2918 actarum
2438 2877 2622 2918 rerum
2653 2862 2931 2931 ipsiusque
2985 2861 3189 2916 actoris
3223 2860 3485 2916 denotare
3515 2876 3527 2911 :
3571 2874 3736 2930 quam

2159 2957 2426 3012 tlteoriam
2473 2969 2570 3012 seu
2602 2954 2908 3009 doctrinam
2945 2953 3064 3023 puri
3107 2967 3264 3021 atque
3308 2961 3474 3022 atque
3517 2951 3736 3022 impuri,

2157 3049 2430 3120 sapientes
2449 3063 2514 3104 ac
2543 3046 2700 3112 fatui,
2728 3048 2794 3102 ad
2839 3061 2952 3102 sua:
2991 3046 3192 3101 anima.1
3243 3035 3534 3102 sanitatem
3582 3045 3738 3100 adhi-

2159 3143 2306 3196 bent.
2345 3139 2414 3194 Et
2439 3140 2567 3194 mihi
2601 3140 2814 3194 videtur
2856 3139 3032 3202 favus,
3082 3137 3324 3206 ipsorum
3393 3138 3735 3208 negetiorum

2154 3232 2332 3290 locum
2363 3241 2552 3288 tenere
2580 3248 2595 3286 :
2621 3232 2834 3287 bterens
2851 3239 3032 3284 autem
3059 3229 3107 3284 ei
3137 3229 3266 3296 mel,
3285 3229 3588 3302 symbolum
3616 3243 3737 3286 esse

2155 3325 2382 3382 theorite
2403 3327 2666 3393 ipsorum.
2702 3325 2767 3378 Et
2795 3323 2956 3378 favus
2980 3325 3196 3390 quidem
3223 3323 3524 3394 praeteribit
3553 3339 3568 3377 :
3610 3337 3732 3376 nam

2143 3419 2374 3483 Caelum,
2401 3419 2666 3488 inquit,et
2687 3425 2830 3472 terra
2854 3417 3208 3487 praeteribunt
3238 3437 3250 3472 :
3283 3415 3384 3470 mel
3416 3424 3596 3470 tamen
3623 3431 3728 3470 non

2152 3512 2472 3583 praeteribit,
2499 3511 2626 3581 quia
2649 3510 2948 3566 Salvatoris
2973 3510 3146 3565 nostri
3167 3507 3294 3565 Iesu
3332 3489 3534 3564 Christi
3570 3509 3730 3564 verba

2149 3621 2258 3664 non
2284 3604 2658 3676 prmteribunt.
2701 3603 2776 3658 De
2805 3603 3004 3674 quibus
3061 3603 3196 3658 dicit
3235 3602 3489 3659 Salomon
3525 3619 3538 3656 :
3596 3599 3732 3653 Favi

2149 3697 2346 3762 mellis,
2369 3695 2578 3766 pulchri
2611 3713 2874 3750 sermones
2899 3712 2917 3759 ;
2959 3705 3008 3748 et
3041 3695 3268 3748 dulcedo
3299 3693 3510 3758 horum,
3538 3693 3732 3744 anima:

2149 3789 2354 3845 medela
2381 3789 2448 3845 '9.
2483 3787 2654 3844 David
2681 3789 2848 3843 etiam
2881 3806 2894 3841 :
2927 3785 3204 3850 Dulciora,
3241 3785 3440 3852 inquit,
3485 3784 3730 3854 faucibus

2149 3883 2276 3937 meis
2301 3880 2524 3936 oracula
2554 3892 2668 3946 tua,
2697 3879 2816 3950 plus
2843 3897 2998 3950 quam
3025 3879 3126 3932 mel
3156 3879 3236 3934 ori
3285 3893 3398 3932 meo
3463 3877 3530 3932 ⁸ο.
3579 3875 3722 3930 Effe-

2149 3983 2300 4029 ctum
2323 3987 2456 4028 vero
2485 3973 2690 4028 laboris
2713 3971 2974 4025 virtutum
3004 3979 3166 4040 atque
3187 3971 3454 4032 scientiae,
3485 3967 3726 4022 laborem

2145 4064 2470 4121 nominavit.
2507 4065 2682 4132 lteges
2707 4077 2872 4131 porro
2904 4073 2960 4116 et
2983 4063 3204 4126 idiotas,
3231 4077 3340 4114 non
3363 4059 3496 4114 dicit
3519 4059 3604 4112 vel
3631 4073 3726 4112 eos

2145 4157 2238 4228 qui
2267 4155 2576 4211 diademate
2611 4163 2902 4217 ornantur,
2934 4153 3018 4206 vel
3039 4151 3106 4206 de
3142 4150 3490 4221 sterquilinio
3523 4161 3724 4218 paupe-

2143 4266 2275 4316 res;
2301 4251 2396 4304 sed
2421 4246 2669 4302 homines
2689 4247 2780 4314 qui
2809 4259 2936 4315 erga
2961 4245 3130 4300 Deum
3171 4251 3405 4297 tuentem
3439 4241 3575 4296 bene
3597 4254 3724 4294 eru-

2141 4343 2314 4398 ditam
2343 4351 2509 4411 atque
2540 4339 2596 4394 in
2642 4338 2942 4394 virtutibus
2973 4336 3322 4394 oblirmatam
3363 4335 3586 4400 habent,
3624 4333 3722 4388 hos

2143 4448 2298 4504 rcges
2319 4433 2470 4490 dicit.

2215 4615 2256 4649 “
2299 4614 2538 4670 Somnus
2571 4613 2660 4670 hic
2690 4611 2942 4668 rationali
2993 4619 3200 4666 tantum
3251 4609 3445 4664 anima:
3487 4607 3717 4678 obrepit.

2141 4707 2390 4778 Namque
2414 4709 2504 4763 hic
2543 4707 2823 4779 significat
2883 4703 3252 4776 insipientiam
3308 4711 3364 4755 et
3423 4701 3716 4755 inscitiam.

2139 4801 2434 4870 Evigilatio
2465 4801 2688 4868 quidem
2733 4799 2864 4853 facit
2916 4796 3192 4852 hominem
3255 4801 3512 4862 tanquam
3573 4803 3720 4846 stru-

2143 4893 2384 4946 thionem
2424 4891 2732 4946 solitarium
2775 4889 2826 4944 in
2859 4891 3037 4943 domo.

2211 4984 2255 5014 “
2281 4983 2381 5038 llic
2411 4983 2798 5036 attendendum
2835 4991 2941 5044 cst,
2973 4996 3038 5033 ne
3073 4979 3212 5032 forte
3234 4993 3299 5031 ex
3342 4973 3716 5044 hujuscemodi

2135 5077 2384 5146 corporis
2406 5076 2645 5130 motibus
2670 5081 3004 5140 cognoscant
3033 5070 3330 5126 adversarii
3357 5068 3720 5139 cogitationes

2136 5168 2278 5224 intra
2305 5183 2406 5224 nos
2432 5175 2744 5222 versantes.
2799 5163 2936 5220 Nam
2962 5165 3209 5218 cordium
3263 5161 3482 5232 quidem
3537 5159 3717 5216 solum

2137 5261 2308 5317 Deum
2338 5262 2672 5332 cognitorem
2703 5274 2826 5316 esse
2859 5261 3151 5316 credimus.

2212 5443 2608 5512 “Quicunque
2630 5441 2831 5497 Christi
2885 5454 3082 5496 carnes
3123 5440 3435 5502 manducat,
3487 5447 3542 5491 et
3599 5433 3720 5505 ejus

2139 5536 2465 5607 sanguinem
2499 5535 2658 5600 bibit,
2684 5535 3001 5604 sanguinem
3020 5534 3227 5604 iustum
3273 5530 3547 5600 possidet;
3607 5541 3714 5596 quo

2951 5671 2992 5702 ⁶¹
3019 5687 3070 5724 v.
3093 5671 3198 5725 9."
3233 5687 3282 5724 v.
3313 5669 3398 5724 15.
3462 5667 3508 5700 ⁶³
3543 5683 3592 5722 v.
3625 5665 3714 5720 l7.

2144 5782 2366 5852 exponit
2397 5791 2562 5854 atque
2605 5793 2778 5840 tuetur
2809 5781 3038 5840 lluelius
3057 5783 3110 5839 in
3147 5781 3504 5854 Origcnianis,
3525 5781 3618 5837 lib.
3653 5795 3713 5848 ll,

2310 5672 2356 5704 ‘°
2384 5671 2473 5726 Ps.
2515 5685 2708 5729 cxvm.
2743 5671 2864 5726 l05.

453 5855 742 5921 catholica,
779 5869 939 5923 quam
975 5861 1030 5910 ct
1077 5855 1134 5910 in
1190 5853 1310 5910 aliis
1361 5859 1604 5924 ejusdem
1649 5859 1868 5928 scriptis
1916 5857 2024 5911 late
2133 5853 2554 5920 dissert.xtv,2.
