4172 6396
468 364 566 420 I79

1309 342 1874 408 SUPPLEMEN’I‘UM
1906 339 1997 395 AD
2035 333 2359 393 ORIGENIS
2392 330 2805 387 EXEGETICA.

3613 327 3714 381 180

465 485 508 539 si
537 481 778 552 privetur
820 471 1098 529 rationalis
1124 471 1324 534 anima,
1358 483 1421 525 ea
1447 468 1586 523 mori
1625 466 1844 520 dicitur.
1892 459 2027 514 Nam

2140 455 2375 524 σκομένη
2416 451 2560 522 ψυχὴ
2601 449 2812 517 λογικὴ,
2861 446 3076 515 λέγεται
3113 444 3507 513 ἀποθνήσκειν·
3553 445 3710 515 Ψυχὴ

465 577 646 631 anima
677 585 796 640 qua:
819 576 1027 638 peccat,
1056 566 1169 636 ipsa
1203 566 1480 619 morietur.
1509 561 1662 628 Quod
1683 559 1726 613 si
1766 557 1887 627 quis
1909 570 2036 608 san-

464 667 582 737 guis
610 665 792 733 justus
814 668 918 722 est,
952 659 1141 726 utique
1174 656 1280 711 erit
1315 663 1372 708 et
1420 651 1676 722 iniustus,
1725 663 1885 720 quem
1931 645 2034 700 sibi

464 735 743 810 attrahunt
775 751 870 819 qui
919 747 1210 804 comedunt
1250 745 1435 798 datum
1486 743 1538 796 in
1589 755 1768 796 escam
1822 735 2036 808 populis

463 848 778 916 Ethiopum
810 844 856 874 “
885 837 1224 910 (draconem)
1268 851 1407 907 pane
1437 835 1706 890 mendacii
1747 833 2030 886 nutritum.

461 941 530 994 Et
555 951 685 994 sane
717 936 810 1004 qui
852 935 956 988 diis
979 931 1171 986 alienis
1194 928 1527 990 sacrificant,
1565 927 1769 995 justum
1812 923 2032 990 sangui-

462 1045 585 1090 nem
616 1041 771 1082 suum
815 1024 1214 1094 pessumdant:
1253 1021 1346 1090 qui
1397 1029 1576 1073 autem
1611 1026 1785 1073 semet
1824 1013 2034 1070 sacriﬁ-

460 1123 606 1174 cium
643 1119 751 1172 Deo
781 1117 879 1172 soli
910 1114 1166 1178 olIerunt,
1200 1113 1238 1166 ii
1276 1111 1594 1182 sanguinem
1625 1109 1882 1178 injustnm
1925 1106 2034 1160 dis-

460 1211 716 1281 perdunt.
759 1209 1130 1278 Subsequetur
1177 1217 1358 1262 autem
1410 1206 1632 1261 omnino
1670 1201 1854 1272 injusti
1908 1215 2034 1254 san-

459 1305 640 1375 guinis
663 1303 965 1372 corruptio.
1000 1299 1389 1357 Verumtamen
1443 1300 1493 1352 id
1525 1297 1738 1352 nonnisi
1768 1299 2034 1363 praesente

459 1407 703 1467 tempore
727 1394 955 1457 accidit;
977 1393 1070 1448 sed
1095 1393 1161 1447 ab
1185 1393 1338 1446 initio
1359 1406 1462 1444 non
1492 1390 1592 1442 fuit
1617 1388 1717 1442 sic.
1747 1385 1862 1440 Non
1888 1382 2030 1438 enim

457 1492 512 1545 in
544 1490 716 1545 morbi
747 1488 1093 1558 corruptione
1122 1486 1374 1540 valetudo
1423 1496 1718 1554 puerorum
1760 1479 1884 1543 fuit,
1939 1476 2030 1546 qni

455 1587 572 1642 sani
611 1583 767 1639 initio
788 1581 956 1650 geniti
984 1579 1221 1634 fuerunt.

527 1677 575 1708 “
597 1672 964 1744 Reprehendit
1003 1678 1193 1727 mutua
1237 1668 1539 1731 mendacia,
1592 1680 1714 1735 quae
1764 1665 1912 1733 ipsos
1963 1666 2030 1716 ad

455 1765 883 1835 disceptationes
933 1765 1221 1818 conferunt
1261 1770 1425 1830 atque
1482 1759 1624 1812 lites.
1684 1755 1778 1810 Vel
1831 1756 2030 1809 fratres
2065 1799 2104 1856 Β

454 1866 606 1919 sunt,
645 1855 739 1923 qui
765 1855 1072 1924 adaptionis
1116 1852 1346 1924 gratiam
1396 1849 1624 1912 habent,
1679 1857 1733 1902 et
1782 1849 1882 1903 sub
1918 1861 2026 1900 uno

460 1958 589 2003 sunt
619 1955 772 2015 patre
799 1946 1049 2009 Christo;
1079 1961 1216 2015 quos
1249 1943 1484 1996 invicem
1527 1940 1836 1995 distrahere
1865 1955 2028 1994 cona-

457 2051 548 2094 tur
578 2039 732 2094 testis
784 2037 1111 2107 iniquitatis,
1143 2034 1585 2105 perturbationes
1649 2032 1783 2099 ipsis
1825 2032 2027 2085 immit-

451 2143 572 2188 tens
594 2131 895 2200 etjudicia.
930 2130 1166 2186 Verbum
1195 2139 1376 2183 autem
1440 2144 1457 2177 ι
1500 2127 1750 2182 accendit
1786 2144 1803 2178 ι
1863 2140 2030 2194 appo-

452 2229 619 2290 nitur,
641 2238 700 2280 nt
734 2223 924 2290 credo,
959 2231 1184 2292 prepter
1227 2221 1454 2276 vitiosas
1485 2220 1864 2290 cogitationes,
1910 2232 2029 2284 quze

452 2320 693 2375 animum
723 2318 787 2372 ad
815 2319 952 2372 iram
978 2317 1273 2383 odiumque
1299 2308 2026 2378 inﬂammant,cupiditatem

451 2424 631 2469 autem
694 2412 762 2466 ad
822 2410 998 2480 turpia
1047 2422 1232 2477 opera.
1297 2403 1616 2471 Huiusmodi
1673 2402 2028 2472 cogitationes

451 2506 648 2561 Paulus
679 2517 900 2574 quoque
925 2499 1265 2571 appellavit“
1291 2497 1516 2566 maligni
1558 2495 1662 2550 tela
1697 2497 1870 2566 ignea,
1908 2507 2028 2563 qua

451 2598 684 2652 animam
715 2595 1006 2650 vulnerant
1034 2601 1373 2660 mortemque
1405 2589 1705 2643 adducunt.

471 2703 478 2711 '
518 2692 562 2722 "'
605 2689 829 2743 Matrem
851 2700 1035 2741 secum
1057 2685 1262 2740 habere
1292 2697 1416 2736 eum
1445 2681 1619 2751 jubet,
1647 2694 1767 2750 qua:
1811 2688 1896 2734 est
1941 2693 2026 2732 sa-

450 2783 655 2854 pientia
720 2794 1017 2852 generans,
1072 2791 1270 2845 nempe
1317 2773 1408 2829 illa
1477 2773 1772 2828 secundum
1828 2771 2021 2826 Deum.

448 2876 616 2946 Atqui
649 2874 980 2942 oportuisset
1011 2878 1223 2940 patrem
1250 2869 1434 2936 potius
1463 2866 1773 2930 nominare,
1793 2878 2026 2932 namque

449 2970 536 3024 hic
567 2967 633 3021 ad
656 2966 749 3018 lilii
781 2963 1160 3019 exsistentiam
1192 2960 1312 3028 plus
1340 2959 1570 3014 confert.
1607 2957 1714 3011 Sed
1745 2957 1872 3026 quia
1905 2956 2022 3010 tieri

449 3059 661 3130 nequit,
691 3066 751 3110 ut
785 3057 900 3126 ipse
921 3055 1086 3110 Deum
1113 3061 1411 3124 cognoscat
1445 3059 1572 3105 ante
1616 3049 1880 3104 factarum
1935 3063 2025 3103 re-

2138 547 2267 614 γάρ,
2290 546 2472 616 φησὶν,
2499 545 2532 614 ἠ
2569 541 2978 612 ἁμαρτάνουσα,
3007 537 3144 606 αὕτη
3172 536 3552 589 ἀποθανεῖται·
3581 539 3629 589 εί
3656 538 3711 590 δέ

2138 641 2284 691 ἐστιν
2313 631 2449 707 αἷμα
2476 636 2703 696 δίκαιον,
2742 633 2855 684 ἔστι
2886 629 3130 700 δηλονότι
3166 629 3258 680 καὶ
3293 621 3431 696 αἷμα
3473 627 3658 681 ἄδικον
3694 645 3709 658 ο

2136 731 2272 800 ὅπερ
2308 729 2629 795 συνάγουσιν
2669 727 2726 777 ἐν
2764 726 2977 785 ἑαυτοῖς
3004 723 3052 774 οί
3087 721 3463 782 κατεσθίοντες
3487 722 3548 774 τὸ
3566 721 3713 774 δεδο-

2140 823 2297 891 μένον
2323 820 2516 891 βρῶμα
2547 819 2693 880 λαοξ
2722 819 2833 878 τοῖς
2870 815 3082 883 Αἰθίοψι
3107 855 3122 878 ,
3150 815 3246 868 καὶ
3281 816 3612 886 τρεφόμενον
3634 813 3713 884 τῷ

2136 915 2285 984 άρτῳ
2313 909 2689 979 τοῦψεύὸους·
2743 907 2836 961 καὶ
2874 908 2922 958 οξ
2966 907 3062 976 μὲν
3113 905 3332 967 θύοντες
3378 905 3518 968 θεοῖς
3559 904 3712 958 ἀλλο-

2135 1003 2325 1072 τρίοις,
2360 1000 2419 1052 τὸ
2451 998 2652 1052 δίκαιον
2687 995 2895 1050 ἑαυτῶν
2925 993 3062 1065 αἷμα
3109 995 3624 1049 καταναλίσκουσιν·
3653 999 3704 1049 οἱ

2133 1095 2189 1146 δὲ
2222 1094 2432 1154 ἑαυτοῖς
2464 1089 2654 1143 θυσίαν
2676 1087 2752 1158 τῷ
2781 1088 2926 1158 μόνῳ
2957 1085 3095 1155 Θεῷ,
3125 1085 3187 1138 τὸ
3238 1086 3418 1140 ἄδικον
3473 1087 3714 1157 διαφθεί-

2138 1199 2321 1253 ρουσιν
2353 1174 2517 1251 αἷμα”
2542 1178 2898 1246 ἀκολουθήσει
2929 1177 2984 1229 δὲ
3015 1177 3234 1239 πάντως
3288 1179 3355 1247 τῇ
3408 1177 3507 1248 μὲν
3537 1178 3711 1249 φθορᾷ

2134 1273 2226 1327 τοῦ
2253 1275 2438 1327 ἀδίκου
2468 1274 2715 1343 αἵματος·
2751 1270 2886 1324 ἀλλά
2921 1270 3076 1323 τοῦτο
3102 1272 3201 1340 μὲν
3229 1271 3442 1334 πάντως
3489 1271 3583 1323 νῦν
3613 1273 3711 1325 πέ-

2135 1383 2272 1435 φυκε
2301 1365 2571 1434 γίνεσθαι,
2600 1366 2691 1418 ἀπ’
2714 1363 2885 1433 ἀρχῆς
2903 1362 2959 1414 δὲ
2989 1363 3086 1432 οὐχ
3117 1362 3288 1425 οὕτως
3312 1381 3324 1392 ·
3352 1363 3410 1415 οὺ
3442 1362 3550 1433 γάρ
3573 1365 3712 1418 κατά

2134 1457 2339 1528 φθοράν
2372 1457 2528 1510 νόσου
2579 1455 2737 1523 ὑγεία
2762 1454 2872 1506 τῶν
2909 1453 3136 1516 παίδων,
3177 1453 3315 1523 μετά
3374 1455 3473 1524 τῆς
3523 1455 3712 1522 ὑγείας

2134 1548 2227 1599 ἀπ’
2253 1547 2426 1618 ἀρχῆς
2447 1545 2800 1616 τικτομένων.

2202 1639 2512 1693 Διαϐάλλων
2540 1639 2599 1691 τὸ
2635 1637 2828 1707 ψεῦδος
2861 1637 3128 1708 ἀλλήλοις,
3154 1638 3350 1700 αὐτοὺς
3376 1637 3454 1701 είς
3504 1638 3710 1710 διακρί-

2135 1752 2245 1797 σεις
2285 1735 2440 1805 φέρει
2469 1734 2564 1786 καὶ
2596 1731 2890 1794 ἀντιδικίας
2918 1748 2930 1762 ’
2957 1730 2989 1800 ἢ
3017 1731 3235 1798 ἀδελφοί
3265 1734 3399 1783 εἰσιν
3427 1733 3475 1784 οἱ
3526 1733 3587 1785 τὸ
3613 1734 3711 1803 τῆς

2134 1826 2403 1888 υἱοθεσίας
2438 1824 2650 1895 ἔχοντες
2681 1825 2944 1895 χάρισμα,
2982 1823 3074 1875 καὶ
3107 1823 3211 1874 ὑπὸ
3239 1823 3330 1876 τὸν
3367 1824 3526 1876 αὑτὸν
3560 1825 3711 1888 ὄντες

2133 1917 2345 1986 πατέρα
2377 1916 2608 1986 Χριστόν
2630 1933 2643 1945 ο
2679 1914 2770 1978 οὓς
2800 1913 3053 1984 χωρίζειν
3098 1916 3365 1983 ἐπιχειρεί
3418 1915 3447 1966 6
3500 1915 3712 1984 μάρτυς

2129 2010 2226 2079 τῆς
2253 2008 2496 2070 ἀδικίας,
2525 2006 2767 2077 ταραχάς
2801 2007 2858 2056 ἐν
2905 2007 3090 2067 αὐτοῖς
3133 2005 3416 2074 ἐμϐάλλων
3455 2007 3549 2059 καὶ
3594 2007 3710 2075 κρί-

2131 2119 2241 2165 σεις
2263 2120 2275 2132 ·
2299 2101 2357 2152 τὸ
2380 2100 2436 2152 δὲ
2464 2119 2480 2150 ι
2503 2098 2732 2160 ἐκκαίει,
2764 2116 2782 2148 ι
2812 2097 2887 2159 ὼς
2913 2092 3085 2166 οἶμαι,
3108 2098 3452 2168 προστίθεται
3478 2098 3565 2151 διά
3586 2099 3714 2160 τοὺς

2129 2192 2397 2263 ἐμπαθεῖς
2453 2193 2766 2261 λογισμοὺς,
2795 2190 3137 2252 ἀνάπτοντας
3178 2191 3348 2256 θυμὸν
3407 2192 3527 2260 μὲν,
3573 2190 3709 2261 πρὸς

2126 2284 2295 2354 ὀργὴν
2329 2285 2421 2336 καὶ
2458 2286 2611 2353 μῖσος
2651 2281 2947 2352 ἐπιθυμίαν
2975 2281 3032 2335 δὲ
3085 2282 3221 2353 πρὸς
3268 2283 3498 2352 αἰσχράς
3545 2285 3712 2352 ἐργα-

2130 2377 2283 2440 σίας·
2313 2375 2533 2438 τούτους
2562 2376 2687 2438 τοὺς
2737 2374 3033 2444 λογισμοὺς
3077 2375 3171 2426 καὶ
3205 2375 3234 2425 6
3285 2373 3439 2441 άγιος
3498 2372 3709 2438 Παῦλος

2127 2469 2379 2538 ὠνόμασε
2437 2467 2528 2521 τοῦ
2590 2466 2828 2538 πονηροῦ
2877 2466 3008 2536 βέλη
3061 2465 3456 2537 πεπυρωμένα,
3506 2464 3707 2536 τιτρώ-

2129 2575 2327 2612 σκοντα
2359 2557 2458 2627 τὴν
2480 2557 2678 2626 ψυχὴν,
2716 2556 2811 2610 καὶ⁵
2833 2554 3062 2608 θάνατον
3097 2554 3454 2624 ἐργαζόμενα.

2197 2673 2310 2742 Τὴν
2348 2669 2557 2741 μητέρα
2594 2667 2894 2736 ἐπάγεσθαι
2929 2666 3280 2738 προστάσσει,
3336 2666 3458 2735 ἥτις
3495 2665 3641 2718 ἐστὶν
3674 2663 3707 2734 ὴ

2130 2765 2291 2833 σοφία
2307 2762 2575 2832 γεννῶσα,
2608 2762 2640 2832 ἡ
2667 2761 2764 2831 μὲν
2797 2760 2938 2813 κατὰ
2973 2760 3104 2812 Θεόν
3127 2777 3138 2789 ·
3188 2759 3362 2811 καίτοι
3391 2757 3556 2827 ἐχρῆν
3606 2758 3708 2811 αὑ-

2125 2857 2215 2910 τὸν
2235 2858 2408 2908 εἰπεῖν
2432 2855 2522 2907 τὸν
2550 2854 2764 2923 πατέρα
2785 2871 2796 2882 ·
2820 2847 2975 2914 οὗτος
2994 2851 3103 2921 γάρ
3135 2851 3269 2922 πρὸς
3294 2851 3352 2903 τὸ
3381 2851 3708 2921 συνεῖναιτῷ

2127 2948 2228 3018 υἱῷ
2261 2947 2458 3018 μᾶλλον
2489 2944 2922 3016 ἐπιτηδειότερος
2948 2959 2961 2972 ·
2990 2940 3105 2994 ἀλλ’
3137 2943 3324 3012 ἐπειδὴ
3354 2943 3415 2994 οὐ
3460 2942 3706 3003 δυνατὸν,

2127 3042 2287 3097 αὐτὸν
2313 3040 2515 3110 γνῶναι
2541 3041 2632 3094 τὸν
2667 3039 2798 3092 Θεὸν
2827 3039 2935 3105 πρὸ
2964 3038 3063 3108 τῆς
3105 3038 3211 3090 τῶν
3241 3037 3541 3104 γεγονότων
3572 3037 3704 3089 θεω-

448 3128 567 3204 rum
592 3149 866 3213 notitiam,
894 3147 1014 3200 ideo
1038 3155 1266 3200 matrem
1293 3143 1472 3214 potius
1505 3157 1668 3212 quam
1700 3150 1911 3212 patrem
1935 3155 2020 3196 se-

2130 3136 2272 3208 ρίας.
2307 3133 2494 3187 τούτου
2519 3134 2677 3203 χάριν
2717 3131 2814 3201 τὴν
2860 3130 3070 3201 μητέρα
3117 3131 3212 3182 καὶ
3239 3130 3300 3181 οὐ
3344 3129 3434 3181 τὸν
3495 3128 3705 3198 πατέρα

445 3255 570 3295 cum
604 3241 809 3295 habere
843 3238 1040 3306 jubet;
1102 3245 1158 3288 ut
1195 3249 1291 3304 per
1331 3241 1562 3286 matrem
1610 3230 1750 3285 filius
1809 3239 2020 3299 patrem

2129 3217 2455 3294 προστάσσει
2482 3222 2781 3290 ἐπάγεσθαι
2799 3238 2811 3250 ⁸
2842 3222 2928 3274 ἴνα
2953 3221 3040 3274 διά
3066 3220 3164 3289 τῆς
3197 3218 3400 3288 μητρὸς
3426 3222 3455 3272 6
3486 3220 3597 3282 υἱὸς
3623 3219 3705 3289 ἴδῃ

445 3342 758 3406 cognoscat.
785 3329 919 3385 Nam
950 3329 1052 3383 nisi
1085 3328 1201 3396 ipsa
1225 3341 1348 3380 eum
1380 3324 1674 3394 pepererit,
1706 3323 1880 3376 lucem
1916 3338 2022 3377 non

2129 3316 2216 3368 τὸν
2254 3315 2468 3386 πατέρα
2492 3332 2505 3345 ·
2550 3313 2644 3367 ἐὰν
2675 3314 2782 3384 γάρ
2822 3313 2960 3384 αὑτὴ
3004 3311 3078 3382 μὴ
3106 3313 3366 3380 γεννήσῃ,
3412 3311 3472 3362 οὐ
3523 3309 3707 3379 βλέπει

445 3403 661 3500 aspicit,
695 3441 816 3495 quae
842 3423 1094 3478 videlicet
1119 3421 1290 3489 ipsius
1326 3419 1412 3472 Dei
1441 3417 1652 3488 agnitio
1677 3426 1780 3472 est.

2129 3409 2186 3462 τὸ
2214 3408 2348 3478 φῶς,
2377 3409 2514 3477 ὅπερ
2535 3407 2652 3460 ἐστὶ
2683 3406 2883 3474 γνῶσις
2914 3405 3082 3458 αὐτοῦ
3104 3403 3199 3456 τοῦ
3227 3404 3384 3457 Θεοῦ.

515 3521 559 3552 ⁸⁸
594 3520 730 3587 Quia
767 3517 1078 3571 mandatum
1104 3514 1236 3581 legis
1299 3512 1521 3566 lucerna
1564 3519 1649 3564 est
1695 3518 1751 3563 et
1799 3508 1912 3562 lux.
1958 3508 2026 3562 Et

2198 3500 2318 3554 ’Ότι
2351 3501 2385 3570 ὴ
2414 3498 2599 3570 ἐντολὴ
2619 3498 2712 3550 τοῦ
2743 3498 2908 3568 νόμου
2941 3497 3133 3566 λύχνος
3156 3495 3273 3547 ἐστὶ
3307 3495 3398 3546 καὶ
3427 3492 3543 3562 φῶς
3567 3510 3580 3524 ο
3610 3493 3709 3547 καὶ

446 3617 678 3670 fortasse
700 3613 916 3666 lucerna
951 3607 1358 3663 Testamentum
1383 3603 1554 3659 Vetus
1586 3611 1668 3658 est
1692 3618 1707 3656 :
1731 3602 1864 3656 illud
1879 3602 2021 3657 enim

2129 3595 2267 3663 τάχα
2288 3592 2499 3662 λύχνος,
2529 3594 2562 3662 ἡ
2594 3591 2808 3645 Παλαιὰ
2829 3590 3074 3660 Διαθήκη
3116 3588 3264 3641 ἐστίν
3285 3606 3299 3618 ·
3350 3587 3556 3648 ἐκεῖνος
3597 3584 3708 3655 γὰρ

445 3716 566 3762 erat
599 3705 755 3776 quasi
789 3704 1006 3756 lucerna
1035 3715 1155 3770 qua:
1190 3698 1589 3753 incendebatur
1617 3705 1668 3750 et
1699 3695 2016 3764 apparebat.

2129 3679 2192 3755 ἧν
2223 3682 2466 3752 ὁλύχνος
2496 3683 2526 3733 6
2572 3682 2860 3751 καιόμενος
2905 3681 2999 3733 καλ⁸
3047 3678 3286 3748 φαίνων·
3341 3677 3541 3746 φῶς,ὴ
3591 3675 3708 3728 Νέα

442 3799 563 3852 Lux
594 3811 742 3860 vero,
767 3794 974 3848 Novum
1003 3792 1415 3846 Testamentum
1451 3797 1568 3846 est:
1610 3788 1718 3859 Ego
1740 3787 1910 3850 enim,
1938 3786 2021 3840 in-

2129 3775 2366 3845 Διαθήκη
2392 3789 2404 3801 ·
2425 3771 2568 3841 Ἐγὼ
2598 3773 2727 3844 γάρ,
2757 3771 2942 3842 φησὶν,
2970 3772 3086 3842 εἰμὶ
3117 3771 3178 3823 τὸ
3207 3769 3321 3838 φῶς
3351 3768 3444 3822 τοῦ
3464 3770 3667 3839 κόσμου
3691 3787 3702 3799 ·

444 3889 587 3960 quit,
646 3888 735 3943 lux
788 3901 907 3941 sum
971 3885 1197 3947 mundi;
1258 3885 1630 3951 improborum
1687 3879 2020 3949 rcdargntio,

442 3987 710 4040 bonorum
752 3980 1008 4036 eruditio.
1057 3978 1193 4033 Nam
1235 3992 1330 4046 per
1374 3976 1545 4046 legem
1601 3974 1842 4044 cognitio
1893 3987 2022 4042 pec-

440 4077 571 4133 cati.

509 4170 554 4201 ⁸⁹
578 4165 753 4222 Tanta
781 4175 866 4222 est
901 4166 1043 4222 enim
1080 4163 1337 4234 nequitiae
1363 4161 1636 4231 voluptas,
1669 4167 1872 4229 quanta
1900 4156 2022 4211 nni-

438 4263 486 4318 ci
517 4263 694 4333 panis.

506 4353 553 4384 '°
580 4352 638 4407 Si
665 4367 693 4405 a
723 4366 850 4406 vera
881 4348 1108 4405 scientia
1139 4345 1496 4416 corripietnr,
1523 4342 1806 4399 scientiam
1832 4356 2023 4411 quam-

2127 3868 2345 3938 ἐλεγχος
2377 3867 2472 3936 μὲν
2491 3866 2600 3919 τῶν
2635 3865 2840 3929 κακῶν,
2863 3864 3081 3920 παιδεία
3108 3863 3164 3916 δὲ
3195 3863 3305 3916 τῶν
3338 3861 3560 3931 ἀγαθῶν
3581 3881 3593 3894 ο
3619 3862 3708 3916 διὰ

2125 3962 2231 4033 γὰρ
2261 3960 2425 4031 νόμου
2462 3959 2759 4028 ἐπίγνωσις
2785 3957 3082 4030 ἁμαρτίας.

2197 4140 2444 4209 Τοσαύτη
2467 4139 2575 4209 γάρ
2605 4140 2751 4192 ἑστιν
2787 4140 2820 4208 ἡ
2848 4137 3010 4210 ἡδονὴ
3045 4137 3143 4208 τῆς
3176 4137 3395 4202 κακίας,
3447 4137 3546 4206 ὅση
3612 4136 3708 4188 καὶ

2125 4234 2242 4298 ἑνὸς
2273 4234 2461 4304 ἄρτου.

2209 4325 2333 4378 Ἐὰν
2363 4325 2475 4395 ἀλῷ
2508 4327 2611 4379 ὑπὸ
2650 4323 2906 4394 γνώσεως
2945 4324 3198 4395 ἀληθοῦς,
3241 4323 3575 4393 ἀποϐήσεται
3610 4324 3706 4376 πά-

438 4447 574 4502 Iibet
605 4445 800 4501 falsam
830 4443 1064 4511 abjiciet,
1097 4442 1187 4512 qui
1207 4449 1368 4494 antea
1409 4436 1806 4502 furabatur,-ob
1837 4435 2022 4489 scicn'

2129 4437 2226 4473 σαν
2251 4421 2452 4488 γνῶσιν
2474 4419 2664 4491 ψευδῆ,
2718 4423 2747 4473 6
2780 4420 3042 4492 πρότερον
3075 4419 3342 4481 κλέπτων,
3388 4420 3454 4472 δι’
3491 4419 3700 4472 ἔνδειαν

444 4543 531 4596 tiae
564 4538 947 4610 indigentiam,
979 4553 1047 4591 ex
1101 4536 1365 4590 infatuata
1405 4550 1434 4588 a
1477 4533 1774 4589 Servatore
1835 4538 2021 4583 nostro

2129 4514 2534 4610 γνιὶἰσεως,.ἀπὸ
2572 4515 2670 4584 τῆς
2728 4515 3108 4586 μωρανθείσης
3162 4516 3266 4568 ὑπὸ
3320 4513 3412 4568 τοῦ
3447 4513 3701 4583 Σωτῆρος

443 4632 677 4687 scientia
709 4644 775 4684 ac
799 4627 1096 4697 sapientia.
1125 4625 1467 4680 Redditurus
1500 4633 1680 4676 autem
1710 4618 2019 4688 septuplum

439 4723 670 4787 dicitur,
697 4723 822 4790 quia
845 4723 1048 4790 septies
1076 4721 1127 4774 in
1151 4720 1242 4774 die
1266 4717 1512 4774 laudabit
1547 4718 1714 4771 Deum
1746 4755 1763 4780 ,
1796 4722 1849 4768 et
1885 4727 2019 4767 cun-

439 4817 547 4871 ctis
571 4816 826 4870 sensibus
853 4813 969 4870 suis
994 4815 1102 4869 Deo
1131 4812 1365 4878 traditis,
1403 4809 1661 4865 liberabit
1696 4822 1756 4863 se
1791 4821 1821 4861 a
1857 4819 2018 4877 para-

440 4909 512 4963 tis
545 4906 765 4962 diabolo
801 4915 854 4962 et
884 4905 1091 4976 angelis
1117 4903 1236 4973 ejus
1273 4901 1580 4974 suppliciis.

468 5175 556 5208 "'“
612 5172 805 5229 Omnis
857 5173 949 5242 qui
1006 5170 1282 5242 iniquitati
1329 5167 1736 5232 communicat,
1773 5167 2023 5222 moechus

436 5270 540 5326 est,
579 5261 780 5315 diaboli
815 5259 1040 5315 scilicet-
1073 5261 1164 5330 qni
1220 5263 1431 5329 primus
1469 5272 1702 5312 uxorem
1741 5258 1894 5312 duxit
1923 5273 2018 5312 ne-

438 5354 691 5425 quitiam,
719 5353 860 5407 etab
887 5353 1042 5408 initio
1076 5353 1347 5406 homicida
1388 5351 1509 5408 fuit.
1556 5350 1698 5406 Idem
1747 5366 1869 5406 cum
1920 5349 2011 5405 illo

439 5449 635 5502 animae
665 5447 898 5516 propriae
923 5445 1149 5500 exitium
1185 5445 1368 5499 infert.

2123 4604 2280 4675 ἡμῶν
2317 4603 2571 4672 γνώσεως
2614 4606 2708 4658 καὶ
2745 4606 2974 4674 σοφίας⁶
3036 4606 3317 4660 ἀποτίσειν
3367 4605 3422 4657 δὲ
3485 4602 3702 4670 λέγεται

2123 4699 2552 4760 ἑπταπλασίονα,
2584 4700 2645 4752 τὸ
2705 4699 2933 4762 ἑπτάκις
2971 4698 3072 4769 τῆς
3129 4698 3345 4769 ἡμέρας
3400 4698 3569 4751 αἰνεῖν
3615 4695 3710 4747 τὸν

2119 4791 2284 4843 Θεόν*
2326 4791 2419 4844 καὶ
2459 4791 2634 4845 πάντα
2675 4790 2746 4844 τά
2787 4791 3101 4862 ὑπάρχοντα
3161 4788 3310 4859 αὑτῷ
3375 4787 3704 4857 αἰσθητήρια

2117 4885 2242 4948 δοὺς
2285 4884 2362 4955 τῷ
2433 4883 2572 4954 Θεῷ,
2651 4883 2874 4954 ῥύσεται
2921 4882 3111 4936 ἑαυτὸν
3180 4883 3244 4936 ἐκ
3307 4881 3414 4934 τῶν
3472 4882 3702 4949 ἡτοιμα-

2127 4977 2346 5046 σμένων
2372 4976 2448 5047 τῷ
2479 4976 2710 5047 διαϐόλῳ
2738 4977 2825 5029 καὶ
2868 4978 2980 5037 τοῖς
3011 4974 3261 5044 ἀγγέλοις
3319 4972 3484 5028 αὑτοῦ
3533 4989 3704 5040 τιμω-

2123 5071 2274 5142 ριῶν.

2194 5165 2308 5227 Πᾶς
2341 5165 2370 5215 6
2425 5164 2759 5235 κοινωνήσας
2807 5164 2874 5231 τῇ
2941 5161 3134 5232 κακία,
3196 5159 3379 5231 μοιχός
3435 5159 3551 5210 ἑστι
3609 5153 3703 5207 τοῦ

2119 5255 2366 5309 διαϐόλου
2389 5256 2482 5310 τοῦ
2523 5255 2739 5326 πρώτου
2769 5255 3048 5324 γήμαντος
3077 5251 3176 5323 τὴν
3212 5252 3410 5305 κακίαν
3429 5291 3443 5311 ,
3487 5249 3582 5303 καὶ
3607 5249 3701 5301 ἀπ’

2121 5349 2296 5421 ἀρχῆς
2346 5349 2630 5417 γεγονότος
2688 5345 3137 5418 ἀνθρωποκτόνου
3165 5357 3180 5374 ⁶
3238 5344 3332 5397 καὶ
3404 5342 3500 5394 σὺν
3555 5339 3705 5409 αὐτῷ

2119 5444 2393 5496 ἀπώλειαν
2417 5445 2480 5504 τῆ
2517 5443 2661 5511 ψυχῇ
2694 5439 2860 5494 αὑτοῦ
2895 5440 3283 5509 περιποιεῖται.

1939 5541 2089 5596 CAP.
2137 5535 2239 5594 VII.

507 5635 553 5668 "
589 5636 755 5692 Soror
797 5647 981 5694 nostra
1015 5638 1280 5706 sapientia
1331 5646 1434 5702 est,
1474 5645 1739 5705 quatenus
1777 5636 1864 5691 ille
1925 5638 2014 5707 qui

507 5826 553 5860 “
592 5829 680 5884 I‘s.
717 5847 908 5898 Lxxm,
936 5832 1015 5887 II.
1084 5831 1125 5862 "
1162 5847 1207 5883 ι’.
1247 5830 1328 5887 I9.
1382 5829 1420 5861 "
1452 5829 1586 5902 Eph.
1620 5845 1688 5898 vt,
1723 5831 1803 5886 16.
1888 5831 1928 5863 θτ
1967 5847 2014 5889 ν,
2040 5829 2124 5886 20.

2213 5636 2438 5705 Ἀδελφὴ
2482 5634 2636 5705 ἡμῶν
2691 5634 2847 5702 σοςέία
2903 5631 3034 5696 ἐστὶ,
3075 5629 3206 5683 διότι
3253 5630 3280 5681 ὀ
3323 5628 3551 5698 ποιήσας
3602 5623 3704 5696 τὴν

2525 5824 2566 5855 ⁸³
2594 5839 2642 5874 v.
2674 5821 2758 5879 26.
2839 5821 2881 5851 ⁷⁸
2923 5836 2970 5874 t'.
3004 5817 3091 5876 50.
3167 5817 3207 5848 τί
3245 5832 3293 5870 ι’.
3331 5811 3420 5869 52.
3496 5814 3613 5866 "t'.
3644 5808 3706 5866 4.

2207 5827 2248 5859 εδ
2284 5842 2332 5879 \'.
2358 5823 2443 5878 Ξῖ).
