4172 6386
395 336 490 394 181
1556 333 1922 391 EXPOSITIO
1952 335 2018 391 IN
2048 335 2459 393 PROVERBIA.
3540 333 3642 388 182

387 455 676 528 ἀσώματον
708 455 870 527 φύσιν
894 457 1101 528 Πατὴρ,
1146 457 1234 511 καί
1267 458 1466 530 ταύτην
1507 459 1805 529 πεποίηκεν
1828 477 1839 488 ·
1885 475 1966 510 σο-

2089 473 2442 528 ncorpoream
2482 468 2733 514 naturam
2765 459 2890 514 fecit
2923 457 3118 523 Pater,
3147 455 3289 511 hanc
3329 470 3542 525 quoque
3569 455 3639 508 fe-

388 551 514 620 φίαν
542 551 598 604 δὲ
623 551 853 604 ἐνταῦθα
891 551 1037 619 λέγει
1075 551 1136 604 ού
1176 551 1266 627 τδί
1300 553 1427 605 Υἱὸν
1476 551 1571 605 τοῦ
1625 550 1783 618 Θεοῦ,
1830 551 1966 605 ἀλλά

2084 550 2168 604 :it.
2215 551 2552 624 Sapientiam
2592 561 2774 607 autem
2822 553 2924 608 hoc
2972 552 3094 608 loco
3123 551 3255 605 dicit
3301 565 3408 604 non
3440 547 3642 603 Filiqu

388 644 486 713 τὴν
511 641 745 713 θεωρίαν
780 643 888 697 τῶν
927 642 1194 712 σωμάτων
1239 645 1333 696 καὶ
1368 644 1696 715 ἀσωμάτων,
1735 644 1828 697 καὶ
1867 645 1966 716 τῆς

2084 646 2186 712 Dei,
2223 649 2316 704 sed
2361 649 2724 719 corporalium
2781 659 2838 704 et
2887 647 3308 716 incorporalium
3360 647 3642 703 notionem

389 739 448 790 ἐν
480 737 617 808 αὐτῇ
646 737 880 807 κρίσεως
915 736 1009 790 καὶ
1039 736 1295 807 προνοίας
1332 737 1646 809 ἐγκείμενα.

459 828 569 900 Τὴν
605 827 782 898 σάρκα
832 827 925 881 τοῦ
971 827 1256 899 ἀνθρώπου
1309 828 1499 898 θυρίδα
1540 829 1796 900 ὀνομάζει
1838 830 1965 884 νῦν⁶

389 919 476 973 διὰ
507 920 614 991 γὰρ
642 921 844 992 ταύτης
873 922 902 973 6
944 921 1177 991 πονηρὸς
1219 919 1316 984 τὰς
1349 921 1566 985 ἀπάτας
1600 925 1711 987 τοῖς
1757 922 1969 994 ἀνθρὼ-

392 1028 515 1074 ποις
549 1013 874 1085 ἐργάζεται,
914 1016 1026 1077 τοῖς
1057 1013 1399 1084 βουλομένοις
1442 1013 1647 1068 ὁδεύειν
1688 1014 1786 1087 τὴν
1832 1015 1969 1068 πλα-

391 1103 539 1157 τείαν
581 1105 700 1183 666v
735 1105 829 1160 καὶ
861 1105 1199 1177 εὐρύχωρον,
1242 1106 1337 1159 καὶ
1376 1105 1695 1174 ἀπάγουσαν
1740 1107 1835 1160 ἐπὶ
1873 1106 1971 1178 τὴν

392 1197 697 1251 ἀπώλειαν·
732 1197 964 1252 ἐνταῦθα
996 1198 1052 1252 δὲ
1082 1197 1408 1270 προσεκτέον
1451 1199 1502 1252 τί
1536 1215 1700 1268 φησιν
1749 1201 1778 1252 6
1812 1199 1969 1252 Σολο-

399 1289 514 1360 μῶν
539 1291 667 1362 περὶ¹
696 1291 794 1360 τῆς
825 1290 1021 1356 κακίας
1040 1307 1054 1322 ’
1083 1291 1166 1344 ὅτι
1209 1290 1310 1343 οὐκ
1359 1289 1496 1360 αὐτὴ
1549 1291 1639 1345 τὸν
1687 1289 1971 1361 ἄνθρωπον

351 1401 357 1408 ·
395 1384 454 1435 ἐν
483 1382 808 1452 ἀρχαῖςέπὶ
845 1382 942 1454 τὴν
992 1382 1254 1435 πλατεῖαν
1292 1380 1415 1449 ἄγει
1438 1399 1452 1412 ·
1499 1380 1622 1433 οὐδὲ
1671 1379 1971 1448 ἀναγκάζει

397 1473 721 1544 πορεύεσθαι
756 1475 948 1540 διόδοις
973 1473 1136 1527 οῐκων
1159 1473 1327 1543 αὐτῆς
1346 1514 1361 1536 ,
1391 1473 1424 1542 ἢ
1451 1471 1832 1544 προσεγγίζειν
1860 1489 1970 1540 γω-

396 1566 504 1636 vis},
535 1566 568 1638 ἦ
597 1565 776 1621 λαλεῖν
818 1567 875 1620 ἐν
910 1568 1090 1620 σκότει
1119 1565 1418 1637 ἑσπερινῷ·
1459 1565 1576 1618 ἀλλ’
1606 1565 1701 1618 ὲάν
1729 1565 1814 1638 ἴδῃ
1850 1563 1973 1617 τινὰ

396 1659 583 1713 ἑαυτὸν
611 1658 913 1713 ἐπιδιδόντα
937 1663 1056 1722 ταῖς
1085 1658 1299 1730 ἡδοναῖς
1322 1699 1337 1722 ,
1371 1657 1534 1721 εὐθὺς
1563 1659 1796 1726 συναντᾷ
1824 1655 1972 1726 αὐτῷ

393 1751 456 1804 τὸ
481 1745 618 1814 εἶδος
639 1750 835 1822 ἔχουσα
858 1750 1131 1821 πορνικὸν,
1152 1751 1186 1819 ἡ
1211 1751 1354 1802 ποιεῖ
1381 1749 1476 1812 τὰς
1496 1748 1630 1802 νέων
1651 1749 1971 1813 ἐξίπτασθαι

397 1841 646 1913 καρδίας.

465 1933 527 1986 ΟΞ
584 1931 682 2003 μὲν
721 1932 781 1985 ἐν
828 1935 946 1997 ταῖς
999 1931 1282 1995 πλατείαις
1331 1931 1679 2003 ρεμὸόμενοι,
1728 1931 1974 2002 μοιχείας

397 2023 493 2077 καὶ
525 2025 778 2094 πορνείας
816 2026 910 2079 καὶ
949 2025 1156 2095 κλοπῆς
1181 2024 1513 2094 λαμϐάνουσι
1552 2013 1876 2093 λογίσμούςσ
1924 2022 1974 2075 οἱ

395 2116 454 2170 δὲ
497 2116 600 2183 ἔξω
631 2118 834 2170 τούτων
883 2116 1207 2202 ρεμϐόμενοι
1229 2156 1243 2179 ,
1273 2115 1371 2179 τάς
1414 2116 1564 2188 παρά
1595 2116 1756 2186 φύσιν
1780 2114 1973 2186 ἡδονὰς

401 2207 774 2279 μετέρχονται,
805 2209 1206 2278 ἀρσενοκοιτεῖν
1239 2206 1653 2278 ἐπιζητοῦντες,
1687 2209 1780 2262 καὶ
1803 2207 1976 2261 ἀλλων

397 2295 558 2350 τινῶν
583 2297 1074 2368 ἀπαγορευομένων
1113 2291 1452 2369 πραγμάτων
1486 2298 1786 2365 φαντασίας
1835 2297 1974 2368 λαμ-

399 2387 650 2450 ϐάνοντες
673 2404 687 2418 ο
743 2389 842 2459 ὅρα
887 2387 943 2440 δὲ
998 2388 1072 2460 μὴ
1124 2389 1497 2465 κατηγόρημα.
1532 2387 1618 2458 εἴη
1677 2388 1837 2441 τοῦτο
1883 2389 1977 2442 καὶ

399 2483 569 2550 ἁγίων
594 2481 803 2553 ἀνδρῶν
827 2503 838 2510 ·
878 2481 969 2536 καί
992 2499 1074 2546 τις
1111 2483 1185 2553 μὴ
1215 2482 1504 2553 ἡσυχάζων
1532 2481 1669 2536 ἀλλά
1704 2482 1975 2553 ῥεμϐόμε-

398 2591 521 2638 νος,
552 2576 663 2633 τοῖς
691 2574 1109 2644 κατηγορήμασι
1151 2575 1466 2646 κοινωνήσει
1504 2573 1606 2644 τῆς
1651 2573 1846 2645 ἀτίμου
1878 2591 1974 2642 γυ-

399 2663 604 2724 ναικός.

470 2754 590 2808 Τῶν
613 2754 919 2826 λογισμῶν,
964 2757 1014 2810 οἱ
1049 2755 1148 2825 μὲν
1183 2755 1413 2828 καθαροί
1465 2757 1622 2821 εἰσιν,
1662 2757 1711 2810 οί
1743 2755 1800 2809 δὲ
1840 2757 1978 2810 ἀκά-

401 2845 588 2918 θαρτοι
608 2863 620 2876 ⁸
649 2847 871 2899 καὶτῶν
893 2846 1170 2919 γραμμῶν
1197 2849 1253 2900 αἱ
1281 2848 1380 2918 μέν
1407 2847 1611 2901 εὐθεῖαι
1651 2847 1941 2903 καλοῦνται
1961 2865 1976 2880 '

402 2938 455 2990 ai
481 2937 537 2990 δὲ
557 2938 956 3008 κεκλασμέναι·
983 2939 1154 3013 γωνία
1175 2938 1232 2992 δέ
1255 2939 1372 2992 ἐστι
1396 2939 1741 3009 κεκλασμένη
1764 2940 1945 2994 εὐθεῖα
1963 2959 1976 2973 ·

401 3029 434 3100 ἥ
463 3031 634 3098 γωνία
662 3031 868 3102 νοητῶς
907 3032 1055 3084 ἐστιν
1089 3031 1117 3083 6
1140 3030 1449 3102 ἀκάθαρτος
1483 3031 1739 3104 λογισμός
1758 3051 1771 3064 ·
1797 3033 1856 3087 τὸ
1887 3029 1980 3088 οὖν

403 3120 553 3192 παρά
588 3123 768 3176 πᾶσαν
796 3123 997 3191 γωνίαν
1030 3124 1329 3196 ἐνεδρεύειν
1356 3123 1453 3194 τὴν
1481 3125 1676 3178 κακίαν
1699 3165 1714 3190 ,
1742 3125 1892 3196 δηλοῖ
1923 3126 1982 3179 τὸ

2070 744 2327 813 insitique
2349 743 2514 797 divini
2539 741 2728 811 iudicii
2759 756 2822 796 ac
2848 741 3218 810 providentiae.

2143 837 2189 870 ⁷³
2221 835 2468 891 Hominis
2496 849 2716 890 carnem
2753 849 2897 889 nunc
2927 834 3217 888 fenestram
3248 831 3519 902 appellat:
3547 847 3646 902 per

2073 930 2215 984 bane
2244 929 2442 998 quippe
2487 926 2755 996 malignus
2799 925 2982 981 fucum
3013 925 3322 980 hominibus
3371 924 3527 991 facit,
3551 926 3642 994 qui

2071 1021 2183 1078 lata
2212 1023 2560 1092 spatiosaque
2585 1019 2672 1074 via
2701 1018 2952 1074 incedere
2980 1018 3170 1074 volunt
3197 1017 3262 1072 ad
3285 1016 3641 1088 perditionem

2072 1113 2321 1169 ducente.
2368 1111 2470 1166 Hic
2503 1125 2633 1165 vero
2663 1110 3206 1167 animadvertendum
3232 1118 3316 1164 est
3345 1109 3475 1180 quid
3500 1109 3646 1163 dicat

2075 1204 2141 1260 de
2171 1202 2408 1272 nequitia
2443 1201 2726 1266 Salomon,
2779 1217 2974 1272 nempe
3002 1203 3143 1271 quod
3178 1215 3284 1255 non
3327 1201 3438 1269 ipsa
3472 1201 3647 1255 homi-

2075 1311 2202 1351 nem
2241 1295 2395 1350 initio
2426 1295 2482 1348 in
2532 1295 2764 1364 plateam
2797 1294 2972 1359 ducit,
3018 1307 3191 1362 neque
3231 1292 3378 1361 cogit
3418 1306 3646 1363 pergere

2075 1390 2131 1445 in
2162 1388 2311 1444 vicos
2339 1388 2534 1444 aedium
2562 1402 2806 1452 suarum,
2835 1403 3012 1456 neque
3044 1390 3109 1441 ad
3140 1385 3397 1455 angulum
3432 1385 3645 1453 propin-

2073 1495 2264 1552 quare,
2307 1489 2404 1536 aut
2446 1481 2500 1535 in
2550 1481 2876 1551 vespertinis
2920 1479 3159 1536 tenebris
3205 1477 3438 1547 colloqui
3478 1494 3492 1532 :
3552 1475 3646 1530 sed

2073 1582 2362 1644 postquam
2388 1573 2662 1628 hominem
2696 1572 2895 1627 viderit
2937 1581 3128 1641 sponte
3176 1584 3235 1624 se
3285 1568 3649 1638 voluptatibus

2078 1665 2413 1728 tradentem,
2473 1671 2601 1717 tunc
2636 1663 2684 1718 ei
2739 1661 2799 1716 fit
2843 1661 3057 1717 obviam
3109 1658 3417 1714 meretricia
3474 1655 3650 1711 forma

2075 1765 2372 1827 assumpta,
2403 1770 2524 1826 quae
2539 1755 2796 1824 juveuum
2821 1754 2982 1810 corda
3011 1751 3138 1807 facit
3159 1749 3397 1806 exsilire.

2145 1935 2193 1968 τι
2219 1933 2321 2002 Qui
2347 1934 2400 1989 in
2428 1931 2620 2003 plateis
2645 1939 2849 1986 temere
2873 1927 3208 1983 inambulant
3228 1966 3243 1990 ,
3265 1924 3332 1980 de
3360 1923 3646 1988 adulterio,

2076 2026 2425 2089 scortatione,
2458 2022 2712 2092 furtoque
2747 2017 2904 2074 facile
2932 2015 3191 2086 cogitant.
3219 2014 3320 2080 Qui
3345 2026 3472 2065 vero
3493 2019 3649 2064 extra

2077 2120 2190 2173 haec
2240 2119 2358 2173 loca
2402 2116 2688 2180 otiantur,
2737 2110 3047 2168 contrarias
3096 2119 3306 2162 natura:
3350 2105 3652 2176 voluptates

2076 2219 2376 2275 sectantur,
2426 2204 2791 2262 masculorum
2831 2201 3158 2260 concubitus
3201 2197 3545 2261 affectantcs,
3596 2203 3652 2250 et

2075 2302 2178 2356 alia
2213 2301 2459 2371 quaedam
2501 2296 2670 2352 vetita
2710 2309 2876 2366 opera
2904 2293 3246 2348 meditantes.
3289 2290 3434 2345 Cave
3467 2294 3645 2341 autem

2078 2411 2144 2452 ne
2178 2395 2293 2451 hrnc
2335 2390 2648 2449 criminatio
2681 2391 2756 2444 in
2819 2397 3042 2444 sanctos
3084 2399 3300 2455 quoque
3337 2383 3482 2436 viros
3511 2380 3650 2435 inci-

2077 2491 2171 2545 dat
2197 2506 2209 2539 :
2245 2504 2370 2544 nam
2399 2487 2503 2543 nisi
2539 2485 2663 2558 quis
2694 2483 3042 2540 solitudinem
3073 2482 3318 2541 adamet,
3344 2476 3438 2531 sed
3469 2475 3653 2544 potius

2081 2591 2286 2638 temere
2312 2590 2557 2651 vagetur,
2597 2580 2646 2634 is
2687 2577 2906 2648 quidem
2950 2575 3250 2629 inhonestae
3280 2567 3524 2624 mulieris
3564 2566 3650 2620 iu-

2081 2676 2300 2731 famiam
2337 2669 2700 2742 participabit.

2150 2770 2200 2803 τι
2223 2767 2598 2838 Cogitationes
2621 2762 2743 2817 aliae
2767 2774 2920 2831 pura:
2950 2767 3094 2820 sunt,
3126 2756 3244 2810 alim
3275 2755 3522 2823 impurae.
3556 2748 3653 2804 Li-

2084 2877 2199 2920 nea!
2224 2860 2428 2932 pariter
2456 2857 2576 2912 alia:
2600 2865 2762 2911 rectae
2788 2863 2935 2920 sunt,
2963 2852 3080 2907 alite
3126 2848 3354 2904 inflexae.
3408 2844 3652 2913 Angulus

2082 2963 2263 3024 autem
2288 2959 2376 3006 est
2400 2947 2596 3004 inﬂexa
2620 2948 2781 3001 linea.
2829 2944 2999 2999 Porro
3027 2937 3461 2997 intellectualiter
3487 2951 3654 3003 angu-

2081 3045 2169 3101 lus
2189 3052 2276 3099 est
2299 3043 2507 3111 impura
2541 3038 2821 3110 cogitatio.
2863 3035 3030 3104 Igitur
3059 3035 3113 3088 in
3149 3029 3406 3086 omnibus
3445 3025 3656 3095 angulis

2082 3136 2267 3192 venari
2292 3133 2632 3203 iniquitatem
2654 3175 2666 3196 ,
2695 3128 2919 3198 perinde
2943 3136 3028 3182 est
3051 3140 3115 3180 ac
3149 3123 3292 3179 omni
3317 3121 3652 3190 impurarum

401 3212 488 3266 διὰ
517 3215 734 3268 πάντων
766 3213 873 3267 τῶν
904 3215 1230 3287 ἀκαθάρτων
1263 3215 1539 3288 λογισμῶν
1574 3217 1745 3288 αὐτὴν
1778 3216 1979 3282 ἐξαπα-

2085 3227 2477 3301 cogitationum
2507 3235 2709 3293 genere
2730 3219 2964 3274 animam
3000 3215 3277 3287 propriam
3310 3212 3582 3282 decipere.

402 3307 501 3377 τᾷν
537 3307 635 3380 τὴν
666 3307 866 3380 ψυχήν.

471 3399 568 3452 Διά
613 3399 720 3453 τῶν
752 3399 973 3472 κειριῶν
1002 3401 1095 3454 καὶ
1128 3400 1222 3455 τοῦ
1257 3401 1454 3474 κρόκου
1512 3402 1605 3456 καὶ
1627 3401 1735 3454 τῶν
1756 3399 1976 3464 λοιπῶν,

400 3492 470 3547 τά
491 3491 744 3561 ἀπατηλά
770 3491 1122 3564 θεωρήματα,
1157 3493 1190 3564 ἢ
1221 3493 1289 3546 τά
1317 3493 1548 3565 διάφορα
1583 3494 1729 3565 πάθη
1783 3495 1982 3564 σημαί-

402 3598 502 3634 νει.
532 3608 600 3618 -
629 3582 771 3653 Ὅρα
809 3583 908 3652 τὴν
956 3583 1184 3650 κακίαν,
1229 3585 1328 3638 οὐκ
1371 3583 1598 3655 ἔχουσαν
1648 3586 1742 3655 ἀφ’
1783 3586 1979 3656 ἑαυτῆς

402 3673 579 3744 ἀρχὴν
598 3714 612 3737 ,
646 3671 758 3726 ἀλλ’
782 3674 889 3726 ἀπὸ
931 3675 1040 3728 τῶν
1069 3675 1168 3745 τῆς
1198 3676 1402 3746 ἀρετῆς
1443 3676 1944 3748 προοιμιαζομένων
1963 3693 1975 3706 ·

401 3765 464 3819 τὸ
511 3765 620 3836 γὰρ
662 3767 915 3819 κοινωνὸν
964 3767 1150 3820 λαϐεῖν
1197 3767 1422 3830 θυσίας,
1476 3767 1702 3837 ἀγαθόν.
1757 3769 1885 3821 Ὅτε
1926 3767 1982 3822 δὲ

403 3859 586 3923 αὐτοῖς
616 3859 1003 3924 κατεπάλαισε,
1037 3861 1156 3914 τότε
1178 3861 1352 3931 ἐνίησι
1374 3861 1465 3914 τὸν
1493 3861 1590 3928 ἰὸν,
1624 3859 1692 3914 τά
1717 3863 1830 3924 τοῖς
1855 3861 1984 3932 ἐρῶ-

408 3970 493 4005 σιν
521 3952 833 4024 ἐπιθυμητὰ
871 3953 1276 4020 καταλέγουσα,
1308 3952 1344 4007 ἀ
1371 3953 1548 4006 πάντα
1600 3952 1762 4006 ἱκανά
1810 3970 1979 4006 κατα-

407 4043 723 4115 γοητεῦσαι,
750 4043 810 4096 ού
840 4043 967 4115 περὶ
995 4045 1093 4114 τὴν
1123 4041 1326 4096 οἰκείαν
1356 4040 1538 4112 φύσιν,
1567 4039 1706 4094 ἀλλὰ
1736 4043 1864 4114 περὶ
1885 4042 1983 4112 τὴν

407 4137 515 4189 τῶν
538 4137 844 4193 ἀκουόντων
883 4135 1195 4207 ἀφροσύνην
1215 4153 1228 4165 ·
1270 4133 1412 4189 κατά
1459 4133 1516 4187 δὲ
1543 4133 1778 4188 διάνοιαν
1821 4137 1854 4206 ἡ
1887 4152 1984 4189 κα-

409 4227 504 4282 κία
528 4227 681 4299 ζητεῖ
709 4228 768 4281 τὸ
798 4228 1086 4300 πρόσωπον
1128 4227 1286 4298 ἡμῶν
1325 4225 1713 4296 καταισχῦναι,
1755 4225 1843 4279 διά
1876 4226 1984 4278 τῶν

409 4321 632 4395 κειριῶν
655 4321 750 4374 καὶ
773 4320 872 4391 τῆς
901 4321 1108 4391 κλίνης,
1139 4321 1232 4374 καὶ
1251 4320 1358 4373 τῶν
1386 4320 1737 4390 ἀμφιτάπων,
1771 4320 1862 4373 καὶ
1889 4319 1980 4372 τοῦ

411 4415 633 4487 κρόκου,
657 4415 750 4467 καὶ
776 4413 870 4466 τοῦ
896 4411 1268 4484 κινναμώμουο
1296 4413 1436 4484 ειπερ
1459 4411 1602 4466 κακά
1631 4411 1724 4465 καὶ
1753 4411 1985 4482 διάφορα

411 4505 559 4576 πάθη
607 4505 860 4576 σημαίνει
910 4504 1109 4576 ἡδονῶν
1158 4505 1308 4576 παρά
1361 4507 1472 4568 τοῖς
1511 4505 1824 4575 ἐφευρεταῖς
1875 4505 1981 4557 τῶν

412 4594 607 4652 κακῶν
629 4596 908 4668 γινόμενα.

481 4694 556 4751 Τὸ
567 4691 644 4746 δι’
663 4688 896 4760 ἡμερῶν
913 4686 1553 4754 πολλῶνέπανήξειεὶς
1570 4689 1674 4742 τὸν
1691 4685 1860 4742 οἷκον
1879 4689 1954 4742 αὐ
1968 4718 1982 4724 -

416 4784 520 4838 τοῦ
535 4784 674 4838 πάνυ
693 4781 1074 4854 πνευματικῶς
1096 4781 1406 4844 ἐνατενίσας
1419 4783 1486 4851 τῇ
1507 4780 1784 4852 οἰκονομία
1798 4780 1828 4832 6
1841 4778 1987 4832 [Ιαῦ-

415 4877 525 4942 λος,
548 4875 774 4946 ἔσχατον
797 4873 994 4945 ἐχθρὸν.
1020 4872 1168 4940 λέγει
1194 4871 1585 4944 καταργεῖσθαι
1617 4871 1705 4924 τὸν
1729 4870 1954 4924 θάνατον
1975 4885 1987 4896 ⁸

412 4968 473 5022 δν
515 4968 606 5021 καὶ
638 4967 808 5038 ἄνδρα
841 4961 980 5019 εἶναι
1027 4965 1124 5035 τῆς
1173 4965 1434 5034 πονηρίας
1481 4963 1730 5033 Σολομῶν
1779 4960 1994 5032 προδιέ-

417 5060 625 5133 γραψε’
659 5058 751 5112 τὸν
805 5059 881 5122 ῶς
930 5057 1210 5128 βαλαπίον
1252 5055 1516 5127 ἀργυρίου
1553 5054 1786 5110 λαϐόντα
1833 5055 1890 5105 ὲν
1927 5055 1993 5123 τῇ

418 5154 562 5225 χειρὶ
607 5150 770 5206 αὑτοῦ
811 5151 911 5221 τὴν
937 5149 1363 5222 ανθρωπότητα,
1406 5149 1455 5200 εἰ
1509 5148 1604 5202 καὶ
1631 5143 1785 5209 αὖθις
1827 5148 1885 5224 ἐν
1918 5145 1995 5215 τῷ

419 5247 753 5320 ἁμαρτάνειν
780 5245 842 5298 ού
873 5244 1102 5316 πάρεστι
1124 5241 1453 5313 προϐλέπειν
1478 5239 1572 5292 τὸν
1599 5237 1692 5291 τοῦ
1725 5236 1860 5290 Θεοῦ
1895 5237 1989 5305 φό-

418 5345 514 5396 ϐον
535 5358 546 5370 ·
580 5341 716 5395 διότι
750 5340 971 5410 κήδεται
1011 5335 1333 5407 ἀνεχόμενος
1372 5333 1465 5386 τοῦ
1500 5333 1691 5400 γένους
1741 5331 1847 5384 τῶν
1898 5330 1992 5382 ἀν-

417 5435 654 5508 θρώπων
678 5451 691 5465 ·
734 5431 855 5486 ἐπεὶ
879 5431 927 5482 εί
956 5430 1030 5501 μὴ
1057 5429 1146 5482 τὸν
1173 5427 1265 5482 τοῦ
1297 5426 1430 5479 Θεοῦ
1458 5425 1620 5496 φόϐον
1666 5422 1990 5494 προέδλεπε,

423 5528 649 5601 ρυζηδὸν
683 5525 890 5586 πάντας
917 5521 981 5576 ἂν
1007 5520 1274 5574 ἀπώλετο.

491 5621 612 5674 Τῶν
641 5616 912 5690 ἐρῤωδιῶν
939 5615 1060 5687 τρία
1089 5613 1219 5683 γένη
1240 5611 1396 5672 εἰσὶν,
1433 5611 1461 5663 ὅ
1487 5626 1543 5662 τε
1578 5609 1813 5679 κέμᾳος,
1849 5606 1938 5658 καὶ
1969 5607 1994 5658 6

495 5800 543 5832 "
580 5815 629 5855 v.
665 5801 717 5855 6.
796 5798 839 5829 7"
876 5813 922 5852 ι’.
956 5794 1037 5851 12.
1118 5794 1160 5826 ⁷³
1188 5809 1236 5846 v.
1281 5791 1360 5847 12.

2156 3407 2203 3438 ⁷⁸
2233 3404 2440 3462 lnstitis
2483 3411 2646 3471 atque
2670 3413 2833 3456 croco
2867 3405 2921 3452 et
2949 3395 3071 3450 aliis
3100 3389 3408 3461 huiusmodi
3440 3388 3658 3443 fallaces

2089 3497 2507 3569 imaginationes
2551 3493 2841 3561 variasque
2887 3487 3324 3559 perturbationes
3364 3479 3658 3551 significat.

2085 3619 2157 3631 -
2188 3589 2382 3658 Specta
2432 3585 2728 3654 nequitiam
2777 3581 2917 3636 haud
2945 3595 3008 3635 ex
3060 3592 3118 3633 se
3163 3578 3276 3644 ipsa
3323 3573 3535 3628 initiqu
3563 3586 3659 3624 su-

2091 3689 2346 3744 mentem,
2369 3677 2463 3733 sed
2488 3691 2518 3730 a
2543 3675 2760 3730 virtutis
2789 3669 3118 3754 primordiis.
3137 3667 3278 3754 μευ]
3308 3663 3546 3720 sodalem
3571 3675 3660 3716 sa-

2088 3774 2278 3832 crificii
2307 3785 2608 3835 assumere,
2640 3745 2806 3825 bona.
2833 3781 2920 3820 res
2948 3774 3054 3820 est.
3095 3745 3199 3818 56d
3242 3775 3364 3816 cum
3401 3768 3451 3813 te
3493 3771 3664 3826 expu-

2089 3865 2358 3937 gnaverit,
2384 3872 2511 3917 tunc
2535 3875 2801 3916 venenum
2828 3857 2922 3913 tibi
2954 3855 3148 3911 mulier
3174 3849 3482 3920 inspirabit,
3510 3863 3662 3901 ama-

2093 3955 2229 4010 toria
2267 3955 2518 4024 loquens,
2549 3967 2673 4022 qua:
2701 3949 2884 4005 omnia
2927 3946 3244 4016 decipienda
3277 3943 3467 3997 idonea
3499 3949 3660 4002 sunt;

2093 4047 2234 4102 haud
2282 4046 2530 4115 equidem
2563 4059 2631 4098 ex
2679 4041 2897 4112 propria
2926 4048 3137 4100 natura,
3183 4035 3277 4090 sed
3323 4033 3393 4088 ob
3438 4032 3660 4087 audien-

2093 4139 2226 4194 tium
2275 4136 2578 4192 stultitiam.
2609 4130 3047 4192 lntellectualiter
3083 4143 3234 4190 vero,
3270 4125 3509 4195 nequitia
3544 4135 3655 4180 sat-

2093 4231 2205 4301 agit
2239 4229 2430 4284 faciem
2462 4236 2700 4282 nostram
2752 4223 2976 4294 implere
3006 4219 3322 4291 ignominia,
3353 4205 3574 4281 institis,
3607 4225 3664 4271 et

2092 4321 2280 4386 cubili,
2322 4330 2375 4375 et
2419 4318 2709 4388 tapetibus,
2744 4326 2800 4371 et
2835 4327 2998 4369 croco
3027 4325 3091 4367 ac
3119 4313 3462 4366 ciunamomo
3492 4323 3506 4361 :
3543 4323 3664 4378 qua:

2093 4413 2266 4470 malas
2303 4412 2584 4478 variasque
2611 4406 2940 4477 voluptatum
2963 4403 3249 4473 passiones
3279 4400 3605 4470 significant,
3633 4413 3661 4451 ι

2092 4508 2345 4562 vitiorum
2373 4500 2744 4558 inventoribus
2770 4496 3100 4566 excogitata.

2161 4599 2204 4629 ⁷⁷
2245 4595 2416 4650 Verba
2473 4594 2586 4648 hate
2618 4607 2633 4643 :
2668 4597 2783 4657 post
2830 4587 2940 4643 dies
2986 4585 3180 4640 multos
3241 4591 3529 4641 revertetur
3593 4583 3662 4636 ad

2092 4691 2309 4744 domum
2331 4703 2506 4749 suam,
2535 4682 2852 4752 spiritaliter
2881 4680 3102 4734 omnino
3133 4687 3185 4732 et
3209 4679 3273 4731 ad
3300 4675 3662 4730 (nconotniam

2095 4781 2266 4836 relata
2296 4787 2549 4848 spectans
2586 4775 2808 4839 Paulus,
2840 4781 3172 4842 postremum
3198 4771 3410 4822 hostem
3440 4767 3514 4820 ait
3538 4781 3667 4821 eva-

2095 4881 2336 4936 euatum,
2369 4870 2421 4925 id
2457 4878 2539 4924 est
2568 4878 2820 4932 mortem,
2844 4880 3006 4934 quam
3033 4878 3129 4918 ceu
3163 4862 3438 4915 hominem
3468 4857 3669 4927 iniqui-

2098 4961 2228 5016 tatis
2263 4960 2518 5016 b‘alomou
2554 4956 2810 5012 describit
2857 4970 2874 5007 :
2915 4955 3006 5022 qui
3056 4965 3370 5007 crumenam
3403 4947 3552 5004 velut
3580 4962 3670 5000 ar-

2094 5065 2256 5126 gento
2283 5053 2496 5124 plenam
2547 5051 2599 5104 in
2629 5048 2880 5104 manibus
2927 5053 3094 5109 tenet,
3145 5043 3196 5096 id
3247 5052 3331 5097 est
3360 5040 3671 5096 humanita-

2094 5156 2236 5210 tem;
2269 5147 2314 5200 si
2347 5145 2484 5200 forte
2511 5145 2685 5198 denuo
2716 5141 2842 5196 dum
2885 5145 3097 5207 peccat,
3123 5135 3372 5198 divinum
3417 5133 3667 5187 timorem

2092 5240 2345 5294 omittere
2383 5244 2570 5306 queat.
2622 5234 2913 5302 Propterea
2947 5229 3163 5299 angitur
3204 5230 3328 5282 dum
3360 5240 3532 5298 genus
3563 5225 3666 5278 bu-

2099 5346 2318 5385 manum
2371 5329 2602 5383 tolerare
2647 5325 2881 5396 cogitur.
2928 5321 3212 5375 Namnisi
3267 5317 3512 5374 diabolus
3572 5316 3668 5370 Det

2103 5423 2348 5475 timorem
2379 5435 2490 5489 pra:
2520 5417 2693 5473 oculis
2751 5415 2994 5477 haberet,
3042 5421 3268 5468 cunctos
3312 5424 3511 5480 magno
3565 5409 3667 5461 im-

2103 5521 2227 5580 petu
2258 5511 2544 5578 pessumda
2555 5519 2655 5563 ret.

2172 5602 2218 5634 ⁷⁸
2257 5601 2615 5658 llerodiorum
2663 5600 2766 5658 tria
2804 5613 3004 5670 genera
3047 5605 3193 5668 sunt,
3247 5595 3336 5654 ille
3380 5594 3470 5668 qui
3520 5606 3670 5649 cem-

1439 5793 1484 5823 ⁷⁸
1511 5807 1558 5847 ι’.
1597 5791 1681 5846 16.
1760 5791 1801 5822 ⁷⁷
1831 5804 1878 5844 v.
1917 5788 2003 5843 20.
2081 5788 2123 5820 ⁷⁸
2154 5802 2202 5844 v.
2244 5785 2334 5840 22.
