4172 6400
542 351 637 408 185

1372 351 1932 411 SUPPLEMENTUM
1966 351 2059 407 AD
2092 351 2412 408 ORIGENIS
2442 351 2856 409 EXEGETICA.

3662 352 3765 407 181

534 473 692 539 phus,
725 480 780 528 et
806 473 897 543 qui
930 472 1105 538 albus,
1133 481 1189 529 et
1214 474 1308 543 qui
1338 476 1628 530 asteriscus
1657 475 2094 545 appellatur.llos

2196 478 2384 542 λευκὸς
2407 518 2421 541 ,
2445 478 2539 531 καὶ
2563 480 2591 531 ὀ
2617 475 2940 548 ἀστερίσκος
2962 475 3293 545 καλούμενος
3313 492 3327 506 ν
3357 472 3561 528 τούτων
3585 475 3616 528 ὀ
3644 473 3774 544 κέμο

534 565 676 620 lnter
736 566 995 635 cempbus
1044 565 1436 635 intemperante
1478 568 1547 621 ad
1590 570 1793 621 coitum
1851 566 2093 631 libidine,

532 655 652 710 dire
679 654 989 711 concumbit
1031 665 1088 710 et
1125 658 1313 711 veneri
1341 656 1600 727 indulget,
1631 659 1940 726 clamatque
1966 658 2095 712 dum

530 746 862 816 libidinatur,
903 748 1222 814 sanguinem
1254 748 1431 804 oculis
1457 751 1734 814 emittens,
1763 758 2095 819 generatque

527 857 829 899 aarumnose
850 852 906 897 ει
928 858 1034 898 nou
1063 846 1180 899 sine
1202 844 1465 900 ετιιιςὶειιι.
1491 841 1614 898 Jam
1636 859 1768 900 vero
1787 844 2004 899 videtur
2027 859 2094 900 ει

529 935 688 1004 hujus
713 935 965 991 animalis
998 936 1222 993 historia
1257 936 1530 993 delineare
1558 937 1694 993 istos
1723 938 1936 1007 cemphi
1973 938 2096 993 imi-

530 1034 735 1081 tatores
761 1040 827 1080 ac
873 1026 1081 1082 similes
1122 1036 1345 1097 propter
1379 1027 1874 1097 intemperantiarn.
1925 1027 2097 1082 Estet

527 1115 673 1171 aliud
706 1117 759 1172 iu
781 1117 917 1172 mari
951 1118 1306 1187 cempliorum
1332 1132 1521 1187 genus,
1551 1119 1816 1189 gregatim
1846 1120 1947 1174 hac
1974 1119 2096 1174 illac

526 1208 794 1274 volitans;
827 1224 969 1278 quos
995 1219 1172 1265 nautae
1213 1210 1380 1265 multa
1422 1224 1545 1266 esea
1577 1210 1691 1265 funi
1725 1211 1974 1281 imposita
2005 1225 2098 1264 ve-

529 1309 747 1355 nantur.
784 1299 850 1354 Hi
885 1301 1031 1357 enim
1059 1318 1162 1357 non
1200 1302 1360 1357 modo
1385 1317 1490 1358 non
1524 1302 1736 1373 fugiunt
1763 1303 1809 1358 si
1839 1318 1979 1372 quos
2005 1318 2096 1357 ca-

530 1400 651 1453 ptos
676 1391 879 1459 vident,
927 1395 1022 1448 sed
1056 1394 1194 1449 alius
1225 1394 1388 1449 alium
1422 1396 1727 1464 praecedere
1778 1394 2001 1451 festinat
2027 1393 2094 1448 ad

527 1493 830 1554 capturam.
854 1484 947 1541 Sic
978 1487 1226 1541 videntur
1250 1489 1340 1557 qui
1369 1488 1421 1541 in
1450 1488 1582 1543 vitio
1604 1488 1933 1553 volutantur,
1954 1488 2095 1541 alius

530 1574 694 1629 alium
757 1590 1013 1645 superare
1064 1577 1429 1646 voluptatibus
1496 1579 1822 1650 gestientes,
1886 1576 2094 1633 exitiali

531 1674 705 1723 morte
732 1676 904 1724 semet
934 1668 1230 1739 implicare.

2202 583 2299 636 φος
2331 567 2585 640 ἀκρατῶς
2617 567 2754 638 ἔχων
2783 567 2909 638 περὶ
2938 566 3035 629 τὰς
3061 565 3255 637 μίξεις.
3284 566 3535 636 χαλεπῶς
3560 567 3773 631 εὐνάζεο

2200 676 2286 712 ται
2319 660 2412 713 καὶ
2441 659 2640 729 ὀχεύει,
2675 659 2862 730 κράζει
2888 676 2970 720 τε,
3000 658 3094 711 καὶ
3128 658 3333 728 ὀχεύων
3360 652 3499 729 αἷμα
3548 661 3772 730 ἀφίησιν

2200 752 2264 804 ὲκ
2292 750 2399 805 τῶν
2430 750 2741 821 ὀφθαλμῶν,
2777 751 2870 803 καὶ
2901 750 3071 802 τίκτει
3095 749 3313 819 φαύλως
3336 754 3432 805 καὶ
3461 752 3734 823 ὀδυνηρῶς
3753 770 3767 784 ⁸

2198 833 2341 894 sem
2368 840 2426 894 δὲ
2453 841 2487 911 ἠ
2519 840 2704 912 γραφὴ
2730 841 2839 893 ἀπὸ
2870 839 2969 909 τῆς
3000 840 3237 911 ἱστορίας
3262 842 3357 894 τοῦ
3384 840 3525 905 ζὼου
3557 843 3769 908 τούτου,

2198 931 2325 992 τοὺς
2355 927 2705 999 πειθομένους
2729 931 2796 999 τῇ
2823 928 3056 1000 πονηρίᾳ
3089 930 3483 1001 κεμφωμένους
3544 933 3640 986 καὶ
3686 933 3773 1000 ἐξ..

2199 1020 2585 1092 ωμοιωμὲνους
2604 1019 2711 1072 τῶν
2756 1018 2958 1091 ὀρνέων
2988 1019 3057 1072 δι’
3084 1019 3380 1075 ἀκολασίαν
3402 1036 3421 1055 ο
3449 1021 3565 1075 ἐστι
3589 1023 3646 1076 δὲ
3678 1024 3772 1077 καὶ

2200 1109 2328 1164 ἀλλο
2346 1105 2485 1174 εἶδος
2513 1110 2726 1180 κέμφου
2768 1111 2827 1162 ιν
2862 1112 2928 1181 τῇ
2966 1107 3208 1181 θαλάσσῃ
3239 1111 3359 1164 κατ’
3375 1112 3577 1181 ἀγέλας
3613 1115 3771 1169 ίπτάο

2206 1219 2365 1273 μενον
2406 1194 2510 1255 ὧδε
2549 1201 2806 1256 κάκεῖσε·
2841 1200 2871 1253 δ
2911 1201 2961 1253 oi
3008 1199 3291 1273 πλωτῆρες
3330 1203 3772 1279 πολυάγκυστρον

2197 1291 2543 1355 δελεάσαντες
2592 1293 2799 1361 σχοῖνον
2822 1331 2837 1357 ,
2893 1290 3222 1361 ἀγρεύουσι·
3252 1292 3347 1346 καὶ
3404 1294 3466 1346 οὐ
3521 1294 3680 1364 μόνον
3711 1298 3772 1349 οὐ

2201 1383 2390 1453 φεύγει
2417 1383 2626 1454 βλέπων
2647 1384 2715 1436 τὰ
2743 1382 3075 1453 θηρευθέντα
3096 1422 3111 1445 ,
3161 1382 3296 1437 ἀλλά
3326 1385 3419 1438 καὶ
3444 1383 3601 1450 ἀλλος
3632 1386 3775 1458 ἀλλῳ

2202 1475 2489 1548 προτρέχει
2527 1474 2890 1546 ἀγρευθῆναι·
2937 1473 3114 1539 οὓτως
3146 1474 3390 1530 ἐοίκασιν
3427 1481 3475 1532 oi
3503 1483 3568 1551 τῇ
3608 1482 3775 1551 κακίᾳ,

2201 1566 2684 1639 προσομιλοῦντες,
2726 1565 2884 1630 ἀλλος
2931 1564 3089 1619 ἀλλον
3132 1568 3294 1638 νικᾷν
3333 1569 3654 1634 σπεύδοντες
3688 1571 3775 1625 διά

2196 1660 2308 1713 τῶν
2331 1659 2553 1731 ἡδονῶν,
2570 1657 2846 1730 ἐπολέθρω
2867 1657 3081 1730 θανάτῳ
3098 1658 3325 1722 ἑαυτοὺς
3339 1675 3407 1712 πε
3416 1661 3772 1732 ριπείρουσιν.

1245 1797 1259 1808 .
2014 1760 2170 1818 CAP.
2209 1756 2341 1814 VIII.

1245 1797 1259 1808 .
2014 1764 2095 1820 CA

598 1850 645 1884 ⁷⁹
672 1852 782 1905 tior
808 1852 909 1907 hoc
938 1852 1058 1908 loco
1090 1854 1219 1909 dicit
1252 1869 1351 1923 pro
1377 1855 1598 1921 virtute,
1627 1871 1748 1925 qua:
1780 1855 1929 1913 cordi
1955 1854 2095 1911 acci-

2210 1764 2517 1919 Ἣἐξαρδὶαν
2555 1844 2786 1900 ἐνταῦθα
2810 1845 2907 1917 τὴν
2928 1845 3131 1918 ἀρετὴν
3163 1844 3373 1919 εἴρηκε,
3410 1849 3508 1922 τὴν
3538 1849 3775 1920 ιπισυμ-

531 1942 633 1997 dit.
673 1938 767 1998 Vel
793 1958 888 1999 cor
933 1945 1067 1999 dicit
1099 1946 1231 2002 illud
1259 1956 1503 2003 creatum
1547 1965 1577 2003 a
1608 1948 1719 2005 Deo
1749 1958 1804 2004 et
1834 1948 2097 2019 spiritale.

597 2118 645 2152 ⁸⁸
705 2118 1044 2191 Sapientiam
1113 2123 1200 2178 hic
1255 2139 1355 2195 pro
1415 2127 1649 2196 quodam
1700 2127 1998 2200 disciplina
2046 2139 2099 2185 et

528 2210 771 2266 scientia
793 2227 991 2283 genere
1018 2215 1236 2285 accipit.
1275 2215 1410 2271 Nam
1440 2217 1722 2287 disciplina
1767 2220 2103 2289 scientiaque

529 2304 843 2373 nominatis,
874 2306 1027 2363 addit
1057 2325 1070 2361 :
1100 2306 1296 2362 Melior
1327 2317 1405 2365 est
1432 2311 1577 2366 enim
1614 2313 1877 2382 sapientia
1904 2313 2102 2382 lapidi-

533 2399 625 2452 bus
665 2399 911 2468 pretiosis
962 2417 982 2454 :
1011 2402 1166 2469 quasi
1208 2402 1500 2470 disciplina
1546 2411 1600 2458 et
1631 2404 1863 2459 scientia
1912 2406 2096 2461 conti-

460 2510 463 2511 ν
529 2499 723 2545 ueatur
753 2491 806 2545 in
830 2493 1115 2562 sapientia,
1143 2507 1263 2563 qua:
1293 2509 1324 2548 a
1356 2492 1560 2563 Spiritu
1587 2496 1763 2560 datur,
1797 2497 1848 2552 id
1872 2506 1958 2552 est
1979 2511 2102 2552 ver-

528 2582 656 2636 bum
686 2583 988 2653 sapientia.
1023 2584 1080 2641 Id
1117 2586 1292 2655 ipsum
1345 2599 1480 2643 vero
1512 2588 1715 2643 dicitur
1742 2589 1906 2644 etiam
1940 2589 2101 2661 spiri-

529 2687 615 2729 tus
643 2676 969 2746 adoptionis.

596 2765 640 2800 ⁸¹
673 2769 1050 2825 Adnotanduin
1096 2778 1203 2833 est,
1244 2770 1584 2838 iniquitatem
1640 2781 1697 2826 et
1748 2772 2005 2840 iniuriam
2042 2779 2099 2828 et

526 2857 860 2927 superbiam,
906 2859 1013 2914 dici
1050 2859 1140 2915 hic
1168 2874 1268 2928 pro
1297 2861 1517 2916 homine
1556 2861 1780 2931 injuste,
1818 2872 2099 2917 contume~

529 2948 682 3014 liosn,
717 2958 772 3004 et
803 2949 1059 3019 superbo,
1095 2964 1254 3020 quem
1286 2966 1354 3006 ex
1390 2951 1492 3008 hoc
1525 2954 1760 3022 pessimo
1794 2955 1960 3009 animi
1997 2957 2096 3010 ha-

528 3039 639 3094 bitu
672 3039 940 3110 indigitat.

595 3131 643 3163 "
667 3131 723 3186 ld
758 3140 905 3192 est,a
927 3146 1012 3187 me
1040 3140 1247 3188 rectum
1287 3132 1573 3187 consilium
1598 3142 1653 3189 et
1697 3141 1867 3187 tutum
1906 3146 2097 3202 proce-

526 3222 645 3277 dit:
675 3223 767 3278 ubi
794 3224 936 3277 enim
967 3222 1119 3289 illud,
1154 3225 1225 3280 ibi
1258 3226 1358 3281 hoc
1380 3240 1597 3294 quoque
1626 3234 1731 3282 esi.
1768 3195 1952 3281 νίιιειὶο
1971 3226 2090 3281 ubi-
2119 3195 2164 3254 α

525 3329 635 3383 que
668 3315 969 3383 anteposita
1001 3326 1054 3371 et
1085 3318 1396 3385 pmstantia
1438 3318 1758 3387 incorporea
1799 3316 2098 3386 corporali-

527 3408 663 3464 bus?
706 3409 909 3465 Deinde
950 3420 1239 3480 postquam
1288 3410 1448 3477 dixit,
1496 3424 1719 3480 regnum
1769 3410 1945 3480 ipsum
1977 3425 2006 3463 a
2037 3425 2098 3465 se

525 3501 783 3566 conferri,
831 3502 978 3556 addit
1024 3487 1166 3572 quod
1199 3501 1372 3557 multo
1420 3500 1596 3569 majus
1648 3512 1782 3557 est:
1818 3516 1944 3555 nam
1994 3502 2097 3556 hoc

528 3606 718 3661 reapse
767 3607 999 3663 regnare
1035 3601 1145 3659 est,
1194 3594 1238 3649 si
1270 3594 1394 3664 quis
1440 3595 1717 3650 dominatu
1758 3594 1907 3665 iuste
1955 3593 2098 3648 sciat

526 3684 622 3738 uti.
648 3683 904 3738 Nonnulli
929 3684 1254 3753 interpretes
1287 3701 1473 3753 regum
1501 3686 1720 3741 nomine
1763 3686 1853 3740 bic
1896 3685 2095 3740 intelli-

524 3783 654 3845 gunt
676 3784 895 3831 sanctos
918 3785 973 3831 et
999 3790 1282 3845 proceres;
1321 3787 1582 3846 tyrannos
1611 3787 1792 3832 autem
1829 3777 1970 3841 illos,
2000 3777 2092 3846 qui

523 3865 701 3921 adhuc
736 3879 859 3921 cum
904 3880 1076 3921 carne
1119 3867 1433 3934 decertant,
1488 3877 1545 3923 et
1598 3868 1924 3937 cupiditates
1966 3882 2095 3924 suas

522 3957 756 4013 violenta
785 3957 834 4011 vi
867 3967 1136 4028 premunt.

595 4049 643 4083 ⁸³
696 4050 953 4117 Maiorem
998 4049 1292 4105 dilectione
1349 4049 1438 4106 hic
1484 4065 1723 4106 amorem
1776 4051 2090 4117 introducit,

522 4143 742 4211 quando
775 4143 964 4198 eodem
993 4143 1185 4198 ordine
1215 4158 1320 4198 non
1347 4144 1583 4213 ponitur.
1616 4144 1753 4199 Ecce
1781 4146 1927 4199 enim
1958 4144 2093 4199 Scr-

520 4243 708 4289 vatore
734 4234 948 4288 dicente
990 4232 1170 4296 Petro,
1201 4233 1368 4288 Amas
1410 4248 1496 4287 me
1525 4233 1607 4286 "i
1652 4234 1740 4288 hic
1766 4234 2093 4303 alloqueutis

520 4326 659 4380 bene
689 4340 917 4397 gnarus,
950 4327 1093 4396 quod
1118 4326 1298 4382 minus
1330 4337 1447 4382 erat
1484 4330 1588 4385 sibi
1633 4330 1823 4385 tribuit
1857 4332 2088 4387 dicens:

518 4414 562 4468 Ι)
585 4414 690 4485 ligo
715 4424 789 4471 te.
825 4415 1009 4471 Tertio
1028 4427 1206 4472 autem
1238 4418 1463 4475 audiens
1496 4438 1511 4474 :
1544 4421 1729 4477 Simon
1775 4421 1943 4490 Jonm,
1969 4424 2093 4477 dili-

2204 1941 2492 1996 σαίνουσαν
2523 1943 2587 2013 τῇ
2620 1941 2815 2014 καρδίᾳ
2846 1944 2880 2014 ἢ
2909 1944 3008 2015 τὴν
3031 1943 3135 1995 ύπδ
3154 1942 3289 1996 Θεοῦ
3318 1941 3648 2013 κτιζομένην
3679 1941 3777 2013 τὴν

2211 2033 2598 2102 πνευματικήν.

2272 2122 2383 2194 Τὴν
2425 2123 2615 2192 σοφίαν
2643 2122 2874 2178 ἐνταῦθα
2902 2128 2982 2189 ὡς
3009 2125 3165 2194 γένος
3196 2124 3354 2180 ἔλαϐε
3394 2125 3496 2195 τῆς
3530 2124 3776 2189 παιδείας

2202 2216 2297 2268 καὶ
2335 2214 2434 2282 τῆς
2466 2214 2720 2284 γνώσεως
2743 2233 2756 2247 ’
2801 2216 3047 2271 παιδείαν
3073 2217 3183 2289 γὰρ
3222 2217 3315 2271 καὶ
3343 2217 3545 2285 γνῶσιν
3572 2215 3769 2288 προτά-

2202 2306 2348 2374 ξας,ὲ
2356 2308 2536 2375 πάγει·
2552 2307 2863 2376 Κρείσσων
2880 2309 2988 2378 γὰρ
3002 2311 3187 2378 σοφία
3203 2310 3389 2363 λίθων
3399 2306 3771 2371 πολυτελῶν,

2197 2397 2275 2462 ὡς
2311 2399 2410 2470 τῆς
2441 2398 2687 2463 παιδείας
2720 2400 2815 2453 καὶ
2855 2400 2954 2470 τῆς
2979 2399 3234 2469 γνώσεως
3273 2399 3676 2472 περισχομένης
3717 2400 3775 2452 ὲν

2197 2492 2267 2562 τῇ
2476 2492 2577 2562 (I),
2613 2493 2760 2563 ἥπερ
2783 2492 2871 2546 διὰ
2897 2491 2989 2545 τοῦ
3024 2491 3341 2563 Πνεύματος
3368 2492 3568 2547 δίδοται
3587 2532 3602 2557 ,
3622 2492 3777 2562 λόγος

2201 2582 2393 2651 σοφίας
2416 2599 2433 2615 ’
2462 2583 2525 2636 τὸ
2559 2582 2605 2636 δ’
2652 2583 2789 2636 αὐτὸ
2828 2583 2985 2637 τοῦτο
3015 2582 3232 2652 λέγεται
3277 2584 3371 2638 καὶ
3405 2583 3622 2655 πνεῦμα
3664 2585 3777 2638 uio-

2201 2673 2408 2738 θεσίας.

2268 2766 2612 2838 Σημειωτέον
2647 2769 2731 2821 ὅτι
2769 2765 2983 2822 ἀδικίαν
3009 2768 3104 2822 καὶ
3142 2765 3301 2838 ὕϐριν
3339 2766 3434 2822 καὶ
3484 2766 3774 2839 ὑπερηφα-

2199 2859 2337 2922 νίαν,
2364 2859 2456 2912 τὸν
2475 2859 2657 2914 ἄδικον
2683 2858 2944 2932 ὑϐριστὴν
2966 2860 3061 2914 καὶ
3089 2860 3440 2931 ὑπερήφανον
3459 2859 3628 2930 λέγει,
3666 2859 3775 2915 ἀπὸ

2197 2951 2298 3021 τῆς
2327 2952 2610 3023 χειρία-της
2631 2951 2798 3020 ἕξεως
2815 2951 3097 3023 ὀνομάζων
3117 2952 3300 3006 αὐτόν.

2269 3151 2527 3206 Τουτέστι
2553 3154 2682 3223 παρ’
2703 3152 2836 3225 ἐμοῦ
2864 3154 2924 3208 τὸ
2947 3151 3199 3207 εὔϐουλον
3224 3154 3319 3208 καὶ
3339 3152 3581 3223 ἀσφαλές
3600 3167 3614 3182 ⁸
3638 3153 3773 3208 ὅπου

2196 3243 2303 3317 γὰρ
2330 3244 2509 3310 τοῦτο,
2544 3246 2791 3300 κάκείνω
2827 3247 2960 3318 ὁρᾷς
2986 3245 3261 3318 πανταχοῦ
3306 3245 3678 3318 προτιθέμενα
3705 3248 3776 3299 τά

2195 3336 2458 3408 ἀσώματα
2485 3338 2591 3392 τῶν
2608 3338 2937 3410 σωματικῶν
2959 3339 3051 3393 καὶ
3073 3338 3412 3410 κρατούντα;
3442 3333 3577 3391 Εἶτα
3603 3334 3772 3390 εἰπὼν

2195 3429 2289 3483 καὶ
2315 3430 2445 3483 αύτὺ
2472 3430 2532 3484 τὸ
2555 3430 2856 3502 βασιλεύειν
2877 3431 2943 3485 δι’
2964 3430 3133 3501 αὐτῆς
3180 3430 3462 3501 γινόμενον
3480 3471 3496 3495 ,
3529 3429 3772 3500 ἐπήγαγε

2195 3523 2289 3575 καὶ¹
2314 3522 2343 3575 ὃ
2385 3522 2564 3595 πολλῷ
2612 3524 2795 3595 μεῖζόν
2823 3524 2941 3578 ἐστι
2963 3541 2976 3555 ·
3008 3522 3166 3577 τοῦτο
3199 3522 3309 3593 γάρ
3344 3521 3649 3592 βασιλεύειν
3672 3562 3688 3585 ,
3710 3517 3773 3572 τὸ

2193 3614 2450 3669 δύνασθαι
2484 3616 2707 3680 δικαίως
2740 3614 3039 3689 κεχρῆσθαι
3064 3617 3129 3686 τῇ
3163 3616 3327 3687 αρχῇ,
3357 3612 3563 3685 βέλτιον
3592 3629 3607 3643 ’
3640 3611 3772 3665 ἔνιοι

2193 3706 2270 3770 δὲ,
2305 3706 2544 3778 βασιλεῖς
2579 3709 2680 3780 μὲν
2718 3710 2844 3773 τοὺς
2892 3709 3081 3777 ἁγίους
3112 3708 3207 3762 καὶ
3263 3707 3624 3779 μεγιστᾶνας·
3680 3721 3774 3757 τυ-

2197 3800 2421 3873 ράννους
2440 3801 2519 3866 δὲ,
2543 3802 2670 3865 τοὺς
2698 3800 2779 3854 ἔτι
2810 3800 3181 3873 πολεμοῦντας
3201 3799 3299 3871 τὴν
3322 3800 3521 3873 σάρκα,
3548 3797 3773 3854 καὶτῶν

2195 3886 2385 3941 παθῶν
2412 3887 2829 3959 τυραννούντας.

2265 4067 2454 4132 Μείζω
2485 4068 2669 4139 φιλίας
2696 4070 2905 4139 εἰσάγει
2927 4069 3027 4142 τὴν
3054 4069 3275 4142 ἀγάπην
3297 4069 3531 4124 ενταῦθα
3553 4111 3567 4132 ,
3606 4068 3771 4140 ἡνίκα

2195 4156 2270 4229 μὴ
2304 4158 2443 4212 κατὰ
2478 4158 2572 4212 τοῦ
2606 4158 2771 4213 αὐτοῦ
2814 4160 3105 4215 τάττεται·
3153 4161 3343 4232 ἀμέλει
3387 4159 3483 4214 τοῦ
3516 4160 3770 4231 Σωτῆρος

2191 4248 2268 4319 τῷ
2292 4249 2482 4321 Πέτρῳ
2496 4250 2764 4319 λέγοντος,
2805 4252 3050 4323 ’Λγαπᾷς
3075 4269 3141 4323 με
3162 4269 3175 4315 ;
3195 4253 3281 4306 τὸν
3314 4252 3769 4324 προσδιαλεγόμε-

2192 4358 2279 4394 νον
2301 4339 2475 4404 είδὼς,
2498 4341 2559 4394 τὸ
2581 4336 2741 4411 ἧττον
2762 4339 2975 4395 δίδωσιν
2999 4342 3197 4415 ἑαυτῷ,
3234 4344 3316 4409 τὸ,
3349 4346 3476 4397 Ὅτι
3508 4343 3647 4415 φιλῶ
3674 4360 3732 4397 σε
3752 4361 3765 4373 ·

2191 4432 2251 4486 τὸ
2287 4431 2342 4485 δὲ
2374 4432 2554 4502 τρίτον
2590 4432 2852 4497 ἀκούσας,
2877 4435 3059 4506 Σίμων
3106 4437 3281 4499 Ἰωνᾶ,
3312 4435 3487 4506 φιλεῖς
3519 4453 3621 4507 με;
3650 4436 3769 4489 ἐλυ-

516 4506 602 4572 gis
629 4507 758 4561 me?
785 4522 931 4576 αδκτο
964 4509 1145 4563 animo
1177 4508 1300 4573 fuit,
1340 4512 1468 4580 quia
1501 4514 1657 4567 tertia
1704 4514 1805 4569 hac
1837 4515 1955 4570 vice
1989 4516 2091 4569 mi-

2196 4523 2341 4595 πήθη
2363 4525 2445 4579 ὅτι
2470 4524 2534 4577 τὸ
2561 4520 2723 4597 ἦττον
2747 4526 2927 4597 τρίτον
2962 4527 3112 4598 αὐτῷ
3143 4529 3469 4600 προσένειμε
3492 4506 3590 4601 (Ξ).

517 4596 668 4652 noris
695 4597 1030 4668 signiﬁcatus
1063 4601 1380 4656 vocabulum
1414 4618 1597 4658 secum
1621 4606 1977 4662 adhibuisset.

586 4685 636 4719 ⁸³
667 4686 826 4742 Solus
872 4689 1089 4758 sapiens
1142 4690 1292 4745 dives
1339 4691 1670 4764 illustrisque
1709 4705 1792 4751 est
1827 4712 1842 4749 :
1883 4698 2085 4753 etenim

519 4776 798 4848 multiplex
821 4778 959 4846 apud
992 4793 1113 4834 eum
1147 4780 1417 4850 possessio
1456 4794 1560 4848 est,
1597 4793 1653 4839 et
1695 4786 1974 4854 sapientia:
2003 4802 2088 4843 se-

518 4869 699 4936 mina;
733 4886 852 4941 qua:
882 4871 933 4926 in
959 4872 1150 4941 spiritu
1179 4888 1390 4937 serens,
1418 4875 1580 4929 vitam
1614 4878 1784 4931 metit.
1829 4878 1963 4933 Cum
1990 4893 2086 4933 au-

517 4970 623 5014 tem
649 4976 775 5017 suas
810 4976 932 5018 esse
969 4964 1100 5019 dicit
1144 4964 1387 5033 divitias,
1412 4966 1593 5023 dicere
1642 4969 1855 5024 videtur
1886 4986 1899 5020 :
1939 4968 2087 5025 Nihil

512 5066 651 5122 opus
719 5056 813 5111 tibi
862 5065 946 5112 est
986 5058 1262 5127 expensis,
1311 5073 1409 5115 nec
1468 5075 1526 5113 rc
1569 5074 1705 5114 nova
1754 5062 1973 5132 aliqua,
2024 5071 2086 5117 ut

512 5161 699 5203 amore
728 5164 849 5205 meo
875 5153 1146 5222 potiaris;
1186 5162 1396 5207 tantum
1427 5153 1641 5225 diligas,
1673 5164 1728 5210 et
1763 5156 2084 5210 reda'mabe-

514 5241 608 5294 ris.
654 5238 784 5296 Imo.
809 5252 954 5310 quod
995 5253 1078 5297 est
1103 5244 1375 5306 mirabile,
1414 5259 1604 5314 nempe
1653 5247 1704 5301 in
1735 5248 1937 5301 divitiis
1959 5261 2081 5302 esse

507 5333 796 5402 justitiam,
821 5335 873 5390 id
902 5348 1118 5405 quoque
1150 5338 1292 5406 apud
1324 5352 1411 5392 me
1434 5347 1540 5403 est,
1563 5347 1615 5393 et
1640 5339 1782 5394 aliud
1803 5339 2083 5410 quodlibet

511 5423 730 5478 bonum.

610 5542 656 5572 "
684 5557 731 5597 ν.
767 5543 818 5597 5.

2267 4704 2389 4756 Ὀτι
2424 4703 2583 4774 μόνος
2635 4704 2665 4756 ὀ
2716 4705 2877 4775 σοφὸς
2921 4704 3174 4770 πλούσιος
3220 4706 3313 4759 καὶ
3350 4703 3616 4772 εὒκλεής·
3651 4704 3766 4759 ἔστι

2192 4795 2302 4867 γὰρ
2324 4796 2382 4848 ἐν
2410 4793 2558 4866 αύτῷ
2598 4796 2787 4866 κτῆσις
2816 4795 3026 4849 πολλῶν
3071 4797 3165 4850 καὶ
3192 4798 3508 4868 γεννήματα
3541 4798 3730 4867 σοφίας
3749 4814 3761 4826 ·

2191 4883 2227 4939 ἃ
2254 4885 2349 4939 καὶ
2378 4885 2615 4957 σπείρων
2650 4887 2729 4950 εἰς
2773 4887 2833 4939 τὸ
2868 4886 3113 4958 πνεῦμα,
3150 4887 3354 4959 θερίζει
3408 4888 3585 4960 ζωήν*
3620 4888 3764 4942 ἔοικε

2191 4977 2249 5031 δὲ
2288 4977 2377 5031 διὰ
2419 4977 2514 5031 τοῦ
2549 4980 2746 5051 ἑαυτῆς
2779 4979 2957 5048 λέγειν
2999 4981 3092 5033 τὸν
3127 4979 3388 5046 πλοῦτον,
3427 4981 3667 5035 τοιοῦτόν
3712 4999 3764 5037 τι

2189 5067 2388 5136 λέγειν,
2417 5070 2499 5123 ὅτι
2527 5069 2600 5121 υύ
2648 5068 2805 5140 χρεία
2838 5085 2919 5123 σοι
2939 5068 3183 5141 δαπάνης
3201 5110 3214 5133 ,
3245 5066 3365 5123 οὐδὲ
3392 5071 3762 5142 καινοτομίας,

2187 5161 2267 5223 είς
2296 5160 2385 5213 τὸν
2412 5159 2549 5232 πρὸς
2577 5159 2676 5231 ἐμὲ
2704 5160 2879 5233 ἔρωτα
2903 5202 2919 5226 ,
2955 5161 3070 5213 ἀλλ’
3107 5162 3270 5232 ἀρκεῖ
3299 5161 3361 5215 τὸ
3390 5161 3616 5233 φιλῆσαι
3665 5164 3765 5234 μό-

2185 5269 2293 5315 νον,
2324 5253 2417 5305 καὶ
2443 5252 2894 5326 ἀνταγαπηθήσῃ.
2934 5252 3096 5308 ’Δλλά
3133 5254 3259 5326 μὴν,
3282 5256 3375 5310 καὶ
3393 5256 3422 5309 ὀ
3450 5255 3762 5326 θαυμαστόν

2186 5344 2301 5395 ἐστι
2319 5383 2336 5408 ,
2361 5342 2423 5395 τὸ
2452 5344 2511 5395 ὲν
2541 5341 2752 5411 πλούτῳ
2780 5339 2917 5396 εἶναι
2944 5342 3289 5416 δικαιοσύνην
3308 5385 3324 5409 ,
3360 5348 3489 5417 παρ’
3517 5346 3640 5417 ἐμοὶ
3667 5346 3760 5398 καὶ

2190 5433 2346 5489 τοῦτό
2373 5435 2508 5499 ἐστι,
2533 5435 2626 5488 καὶ
2656 5433 2726 5487 τὰ
2752 5433 2885 5487 ἄλλα
2914 5435 3090 5489 πάντα
3109 5437 3307 5505 ἀγαθά.

899 5542 947 5574 ⁸⁸
975 5558 1026 5595 ν.
1067 5544 1151 5599 ll.
1230 5542 1465 5597 ‘-v.I3.
1543 5544 1641 5598 θην.
1674 5543 1756 5598 Η.
1851 5545 1895 5577 ⁸³
1927 5562 1976 5599 v.
2031 5548 2093 5601 ΓΙ

2196 5549 2232 5580 ³⁵
2270 5547 2427 5604 Joan.
2474 5567 2585 5615 ut,
2620 5549 2806 5605 I547.
2875 5552 2922 5584 ⁸⁸
2956 5568 3009 5607 v.
3056 5554 3140 5609 I8.

579 5633 836 5713 (ίλᾼιιιιιι
870 5636 1261 5713 Augustinum,
1289 5635 1483 5689 Caium
1529 5638 1687 5690 .Imd.
1716 5653 1777 5702 ll,
1814 5638 1896 5703 IG,
1942 5650 2115 5694 exstat
2152 5640 2467 5710 futuigerata
2504 5644 2786 5698 definitio:
2824 5643 3094 5713 Sapientia
3138 5657 3211 5700 est
3270 5663 3441 5701 rerum
3494 5651 3753 5704 Iamiam:-

508 5719 622 5756 rum
650 5706 1046 5775 divinarumque
1075 5707 1315 5757 scientia.

578 5775 651 5842 (Ξ)
693 5775 1014 5833 Accunatum
1066 5776 1468 5831 distinctionem
1513 5775 1635 5833 facit
1664 5778 1880 5835 GIJﬁL‘IlS
1918 5782 2055 5837 inter
2084 5782 2301 5851 ἀγαπᾷν
2339 5795 2391 5839 et
2417 5784 2609 5851 φιλεῖν,
2645 5787 2787 5857 quod
2822 5802 2981 5843 secus
3008 5787 3057 5841 in
3100 5786 3217 5842 Lat.
3262 5787 3472 5857 vulgato
3513 5788 3598 5843 Iit.
