  <div class='ocr_page' id='page_1' title='image "/cluster/home/n/w/nwhite01/storage/ocr_20150623/17:no.7/coo.31924054872977/104.png"; bbox 0 0 4172 6400; ppageno 0'>
   <div class='ocr_carea' id='block_1_1' title="bbox 377 355 480 410">
    <p class='ocr_par' dir='ltr' id='par_1_1' title="bbox 377 355 480 410">
     <span class='ocr_line' id='line_1_1' title="bbox 377 355 480 410; baseline 0.019 -2"><span class='ocrx_word' id='word_1_1' title='bbox 377 355 480 410; x_wconf 68' lang='grc'><strong>135</strong></span> 
     </span>
    </p>
   </div>
   <div class='ocr_carea' id='block_1_2' title="bbox 1540 351 2476 409">
    <p class='ocr_par' dir='ltr' id='par_1_2' title="bbox 1540 351 2476 409">
     <span class='ocr_line' id='line_1_2' title="bbox 1540 351 2476 409; baseline -0.003 -2"><span class='ocrx_word' id='word_1_2' title='bbox 1540 355 1626 407; x_wconf 74' lang='lat' dir='ltr'><strong>EX</strong></span> <span class='ocrx_word' id='word_1_3' title='bbox 1639 354 1914 409; x_wconf 81' lang='lat' dir='ltr'><strong>POSITIO</strong></span> <span class='ocrx_word' id='word_1_4' title='bbox 1955 352 2018 406; x_wconf 82' lang='lat' dir='ltr'><strong>IN</strong></span> <span class='ocrx_word' id='word_1_5' title='bbox 2061 351 2476 406; x_wconf 73' lang='lat' dir='ltr'><strong>PROVERBIA.</strong></span> 
     </span>
    </p>
   </div>
   <div class='ocr_carea' id='block_1_3' title="bbox 3537 353 3637 406">
    <p class='ocr_par' dir='ltr' id='par_1_3' title="bbox 3537 353 3637 406">
     <span class='ocr_line' id='line_1_3' title="bbox 3537 353 3637 406; baseline 0 0"><span class='ocrx_word' id='word_1_6' title='bbox 3537 353 3637 406; x_wconf 72' lang='grc' dir='ltr'><strong>1δῦ</strong></span> 
     </span>
    </p>
   </div>
   <div class='ocr_carea' id='block_1_4' title="bbox 441 469 1968 549">
    <p class='ocr_par' dir='ltr' id='par_1_4' title="bbox 441 475 1958 549">
     <span class='ocr_line' id='line_1_4' title="bbox 441 475 1958 549; baseline -0.001 -19"><span class='ocrx_word' id='word_1_7' title='bbox 441 477 612 532; x_wconf 76' lang='grc' dir='ltr'>υύσία</span> <span class='ocrx_word' id='word_1_8' title='bbox 637 476 774 533; x_wconf 81' lang='grc' dir='ltr'>οὖσα</span> <span class='ocrx_word' id='word_1_9' title='bbox 802 479 834 548; x_wconf 83' lang='grc' dir='ltr'>ἡ</span> <span class='ocrx_word' id='word_1_10' title='bbox 864 477 957 532; x_wconf 87' lang='grc' dir='ltr'><strong>τοῦ</strong></span> <span class='ocrx_word' id='word_1_11' title='bbox 985 479 1120 531; x_wconf 85' lang='grc' dir='ltr'>Θεοῦ</span> <span class='ocrx_word' id='word_1_12' title='bbox 1147 478 1336 548; x_wconf 81' lang='grc' dir='ltr'>σοφία,</span> <span class='ocrx_word' id='word_1_13' title='bbox 1369 478 1474 549; x_wconf 79' lang='grc' dir='ltr'><strong>πρὸ</strong></span> <span class='ocrx_word' id='word_1_14' title='bbox 1499 476 1712 530; x_wconf 81' lang='grc' dir='ltr'>αἰώνων</span> <span class='ocrx_word' id='word_1_15' title='bbox 1738 475 1958 546; x_wconf 80' lang='grc' dir='ltr'>γεγένη-</span> 
     </span>
    </p>
   </div>
   <div class='ocr_carea' id='block_1_5' title="bbox 2069 469 3637 549">
    <p class='ocr_par' dir='ltr' id='par_1_5' title="bbox 2133 469 3637 538">
     <span class='ocr_line' id='line_1_5' title="bbox 2133 469 3637 538; baseline 0 -12"><span class='ocrx_word' id='word_1_16' title='bbox 2133 474 2180 505; x_wconf 80' lang='grc'><strong>⁸⁶</strong></span> <span class='ocrx_word' id='word_1_17' title='bbox 2221 473 2533 526; x_wconf 88' lang='lat' dir='ltr'><strong>Substantia</strong></span> <span class='ocrx_word' id='word_1_18' title='bbox 2574 486 2696 526; x_wconf 90' lang='lat' dir='ltr'><strong>cum</strong></span> <span class='ocrx_word' id='word_1_19' title='bbox 2737 472 2808 525; x_wconf 99' lang='lat' dir='ltr'><strong>sit</strong></span> <span class='ocrx_word' id='word_1_20' title='bbox 2836 470 2930 524; x_wconf 90' lang='lat' dir='ltr'><strong>Dei</strong></span> <span class='ocrx_word' id='word_1_21' title='bbox 2966 469 3254 538; x_wconf 81' lang='lat' dir='ltr'><strong>sapientia,</strong></span> <span class='ocrx_word' id='word_1_22' title='bbox 3287 477 3413 525; x_wconf 90' lang='lat' dir='ltr'><strong>ante</strong></span> <span class='ocrx_word' id='word_1_23' title='bbox 3441 473 3637 526; x_wconf 81' lang='lat' dir='ltr'><strong>saecula</strong></span> 
     </span>
    </p>
   </div>
   <div class='ocr_carea' id='block_1_6' title="bbox 372 567 1952 644">
    <p class='ocr_par' dir='ltr' id='par_1_6' title="bbox 372 567 1952 644">
     <span class='ocr_line' id='line_1_6' title="bbox 372 567 1952 644; baseline -0.003 -19"><span class='ocrx_word' id='word_1_24' title='bbox 372 591 488 636; x_wconf 69' lang='grc' dir='ltr'>ται,</span> <span class='ocrx_word' id='word_1_25' title='bbox 521 574 616 627; x_wconf 65' lang='grc' dir='ltr'><strong>καλ⁸</strong></span> <span class='ocrx_word' id='word_1_26' title='bbox 662 573 768 644; x_wconf 80' lang='grc' dir='ltr'><strong>πρὸ</strong></span> <span class='ocrx_word' id='word_1_27' title='bbox 800 573 1031 635; x_wconf 80' lang='grc' dir='ltr'><strong>κτίσεως</strong></span> <span class='ocrx_word' id='word_1_28' title='bbox 1057 571 1228 634; x_wconf 78' lang='grc' dir='ltr'>ἀΐδιος</span> <span class='ocrx_word' id='word_1_29' title='bbox 1263 567 1330 641; x_wconf 83' lang='grc' dir='ltr'>ἦν</span> <span class='ocrx_word' id='word_1_30' title='bbox 1351 588 1365 600; x_wconf 75' lang='grc'>⁶</span> <span class='ocrx_word' id='word_1_31' title='bbox 1394 573 1482 624; x_wconf 80' lang='grc' dir='ltr'><strong>ὅτε</strong></span> <span class='ocrx_word' id='word_1_32' title='bbox 1512 571 1568 624; x_wconf 82' lang='grc' dir='ltr'><strong>δέ</strong></span> <span class='ocrx_word' id='word_1_33' title='bbox 1596 570 1779 641; x_wconf 84' lang='grc' dir='ltr'>σχέσιν</span> <span class='ocrx_word' id='word_1_34' title='bbox 1814 569 1952 640; x_wconf 84' lang='grc' dir='ltr'>πρὸς</span> 
     </span>
    </p>
   </div>
   <div class='ocr_carea' id='block_1_7' title="bbox 372 659 1960 732">
    <p class='ocr_par' dir='ltr' id='par_1_7' title="bbox 372 659 1960 732">
     <span class='ocr_line' id='line_1_7' title="bbox 372 659 1960 732; baseline 0.001 -20"><span class='ocrx_word' id='word_1_35' title='bbox 372 661 440 712; x_wconf 72' lang='grc' dir='ltr'>τὰ</span> <span class='ocrx_word' id='word_1_36' title='bbox 485 661 721 732; x_wconf 87' lang='grc' dir='ltr'>γεννητά</span> <span class='ocrx_word' id='word_1_37' title='bbox 761 661 1014 725; x_wconf 82' lang='grc' dir='ltr'><strong>ἐδέξατο,</strong></span> <span class='ocrx_word' id='word_1_38' title='bbox 1057 661 1177 714; x_wconf 89' lang='grc' dir='ltr'>τότε</span> <span class='ocrx_word' id='word_1_39' title='bbox 1219 662 1360 732; x_wconf 82' lang='grc' dir='ltr'>ἀρχὴ</span> <span class='ocrx_word' id='word_1_40' title='bbox 1392 661 1499 714; x_wconf 82' lang='grc' dir='ltr'><strong>τῶν</strong></span> <span class='ocrx_word' id='word_1_41' title='bbox 1527 661 1660 714; x_wconf 75' lang='grc' dir='ltr'>ὁδῶν</span> <span class='ocrx_word' id='word_1_42' title='bbox 1699 659 1792 713; x_wconf 88' lang='grc' dir='ltr'><strong>τοῦ</strong></span> <span class='ocrx_word' id='word_1_43' title='bbox 1823 660 1960 713; x_wconf 88' lang='grc' dir='ltr'>Θεοῦ</span> 
     </span>
    </p>
   </div>
   <div class='ocr_carea' id='block_1_8' title="bbox 374 750 1962 823">
    <p class='ocr_par' dir='ltr' id='par_1_8' title="bbox 374 750 1962 823">
     <span class='ocr_line' id='line_1_8' title="bbox 374 750 1962 823; baseline -0.001 -19"><span class='ocrx_word' id='word_1_44' title='bbox 374 752 564 818; x_wconf 91' lang='grc' dir='ltr'>γέγονε</span> <span class='ocrx_word' id='word_1_45' title='bbox 623 752 733 804; x_wconf 90' lang='grc' dir='ltr'><strong>τῶν</strong></span> <span class='ocrx_word' id='word_1_46' title='bbox 779 751 1078 823; x_wconf 83' lang='grc' dir='ltr'>ποιητικῶν</span> <span class='ocrx_word' id='word_1_47' title='bbox 1125 753 1220 804; x_wconf 83' lang='grc' dir='ltr'><strong>καὶ</strong></span> <span class='ocrx_word' id='word_1_48' title='bbox 1276 752 1676 823; x_wconf 77' lang='grc' dir='ltr'>προνοητικῶν·</span> <span class='ocrx_word' id='word_1_49' title='bbox 1729 750 1962 819; x_wconf 80' lang='grc' dir='ltr'>σύζυγος</span> 
     </span>
    </p>
   </div>
   <div class='ocr_carea' id='block_1_9' title="bbox 374 836 1964 918">
    <p class='ocr_par' dir='ltr' id='par_1_9' title="bbox 374 836 1964 918">
     <span class='ocr_line' id='line_1_9' title="bbox 374 836 1964 918; baseline 0.001 -24"><span class='ocrx_word' id='word_1_50' title='bbox 374 838 468 895; x_wconf 78' lang='grc' dir='ltr'><strong>οὖν</strong></span> <span class='ocrx_word' id='word_1_51' title='bbox 496 844 528 912; x_wconf 83' lang='grc' dir='ltr'><strong>ἡ</strong></span> <span class='ocrx_word' id='word_1_52' title='bbox 557 842 703 914; x_wconf 82' lang='grc' dir='ltr'>ἁρχὴ</span> <span class='ocrx_word' id='word_1_53' title='bbox 737 845 849 904; x_wconf 85' lang='grc' dir='ltr'>τοῖς</span> <span class='ocrx_word' id='word_1_54' title='bbox 877 843 1172 918; x_wconf 87' lang='grc' dir='ltr'>κτίσμασιν</span> <span class='ocrx_word' id='word_1_55' title='bbox 1202 836 1278 896; x_wconf 82' lang='grc' dir='ltr'>ὧν</span> <span class='ocrx_word' id='word_1_56' title='bbox 1333 844 1556 913; x_wconf 88' lang='grc' dir='ltr'>γέγονεν</span> <span class='ocrx_word' id='word_1_57' title='bbox 1595 841 1766 914; x_wconf 86' lang='grc' dir='ltr'>ἀρχὴ,</span> <span class='ocrx_word' id='word_1_58' title='bbox 1803 859 1964 896; x_wconf 81' lang='grc' dir='ltr'>τουτ-</span> 
     </span>
    </p>
   </div>
   <div class='ocr_carea' id='block_1_10' title="bbox 377 931 1962 1006">
    <p class='ocr_par' dir='ltr' id='par_1_10' title="bbox 377 931 1962 1006">
     <span class='ocr_line' id='line_1_10' title="bbox 377 931 1962 1006; baseline -0.001 -20"><span class='ocrx_word' id='word_1_59' title='bbox 377 933 525 988; x_wconf 66' lang='grc' dir='ltr'>ἐστιν</span> <span class='ocrx_word' id='word_1_60' title='bbox 553 936 587 1006; x_wconf 79' lang='grc' dir='ltr'><strong>ἡ</strong></span> <span class='ocrx_word' id='word_1_61' title='bbox 616 935 754 1006; x_wconf 81' lang='grc' dir='ltr'>πρὸς</span> <span class='ocrx_word' id='word_1_62' title='bbox 782 934 852 987; x_wconf 77' lang='grc' dir='ltr'>τὰ</span> <span class='ocrx_word' id='word_1_63' title='bbox 889 934 1124 1003; x_wconf 83' lang='grc' dir='ltr'>γεννητά</span> <span class='ocrx_word' id='word_1_64' title='bbox 1163 935 1376 1004; x_wconf 86' lang='grc' dir='ltr'>σχέσις·</span> <span class='ocrx_word' id='word_1_65' title='bbox 1401 937 1434 1004; x_wconf 82' lang='grc' dir='ltr'>ἡ</span> <span class='ocrx_word' id='word_1_66' title='bbox 1478 934 1535 987; x_wconf 77' lang='grc' dir='ltr'>δὲ</span> <span class='ocrx_word' id='word_1_67' title='bbox 1573 933 1734 1002; x_wconf 80' lang='grc' dir='ltr'>σοφία</span> <span class='ocrx_word' id='word_1_68' title='bbox 1771 931 1962 998; x_wconf 73' lang='grc' dir='ltr'>ἀΐδιος,</span> 
     </span>
    </p>
   </div>
   <div class='ocr_carea' id='block_1_11' title="bbox 377 1025 1818 1099">
    <p class='ocr_par' dir='ltr' id='par_1_11' title="bbox 377 1025 1818 1099">
     <span class='ocr_line' id='line_1_11' title="bbox 377 1025 1818 1099; baseline -0.001 -19"><span class='ocrx_word' id='word_1_69' title='bbox 377 1027 650 1093; x_wconf 83' lang='grc' dir='ltr'>ουσιωδῶς</span> <span class='ocrx_word' id='word_1_70' title='bbox 681 1028 786 1099; x_wconf 77' lang='grc' dir='ltr'><strong>πρὸ</strong></span> <span class='ocrx_word' id='word_1_71' title='bbox 813 1026 1023 1081; x_wconf 80' lang='grc' dir='ltr'><strong>αἰώνων</strong></span> <span class='ocrx_word' id='word_1_72' title='bbox 1049 1026 1200 1098; x_wconf 85' lang='grc' dir='ltr'><strong>παρά</strong></span> <span class='ocrx_word' id='word_1_73' title='bbox 1220 1025 1298 1096; x_wconf 83' lang='grc' dir='ltr'><strong>τῷ</strong></span> <span class='ocrx_word' id='word_1_74' title='bbox 1326 1025 1444 1097; x_wconf 86' lang='grc' dir='ltr'>Θεῴ</span> <span class='ocrx_word' id='word_1_75' title='bbox 1477 1025 1818 1098; x_wconf 78' lang='grc' dir='ltr'>ὑπάρχουσα.</span> 
     </span>
    </p>
   </div>
   <div class='ocr_carea' id='block_1_12' title="bbox 464 1287 1963 1362">
    <p class='ocr_par' dir='ltr' id='par_1_12' title="bbox 464 1287 1963 1362">
     <span class='ocr_line' id='line_1_12' title="bbox 464 1287 1963 1362; baseline 0.001 -18"><span class='ocrx_word' id='word_1_76' title='bbox 464 1288 713 1344; x_wconf 80' lang='grc' dir='ltr'>’Λσέϐεια</span> <span class='ocrx_word' id='word_1_77' title='bbox 746 1291 847 1362; x_wconf 89' lang='grc' dir='ltr'><strong>μέν</strong></span> <span class='ocrx_word' id='word_1_78' title='bbox 876 1293 1024 1344; x_wconf 84' lang='grc' dir='ltr'>ἐστιν</span> <span class='ocrx_word' id='word_1_79' title='bbox 1055 1293 1088 1361; x_wconf 81' lang='grc' dir='ltr'>ἡ</span> <span class='ocrx_word' id='word_1_80' title='bbox 1119 1291 1199 1354; x_wconf 84' lang='grc' dir='ltr'><strong>είς</strong></span> <span class='ocrx_word' id='word_1_81' title='bbox 1222 1287 1354 1344; x_wconf 85' lang='grc' dir='ltr'>Θεὸν</span> <span class='ocrx_word' id='word_1_82' title='bbox 1384 1291 1628 1362; x_wconf 84' lang='grc' dir='ltr'>ἁμαρτία</span> <span class='ocrx_word' id='word_1_83' title='bbox 1647 1309 1660 1321; x_wconf 73' lang='grc' dir='ltr'><strong>ο</strong></span> <span class='ocrx_word' id='word_1_84' title='bbox 1696 1291 1884 1344; x_wconf 88' lang='grc' dir='ltr'>ἀσεϐεῖ</span> <span class='ocrx_word' id='word_1_85' title='bbox 1905 1292 1963 1345; x_wconf 84' lang='grc' dir='ltr'><strong>δὲ</strong></span> 
     </span>
    </p>
   </div>
   <div class='ocr_carea' id='block_1_13' title="bbox 382 1381 1962 1454">
    <p class='ocr_par' dir='ltr' id='par_1_13' title="bbox 382 1381 1962 1454">
     <span class='ocr_line' id='line_1_13' title="bbox 382 1381 1962 1454; baseline 0.001 -21"><span class='ocrx_word' id='word_1_86' title='bbox 382 1381 476 1434; x_wconf 82' lang='grc' dir='ltr'><strong>καὶ</strong></span> <span class='ocrx_word' id='word_1_87' title='bbox 499 1383 579 1446; x_wconf 88' lang='grc' dir='ltr'><strong>είς</strong></span> <span class='ocrx_word' id='word_1_88' title='bbox 615 1381 715 1454; x_wconf 87' lang='grc' dir='ltr'>τὴν</span> <span class='ocrx_word' id='word_1_89' title='bbox 747 1382 940 1435; x_wconf 85' lang='grc' dir='ltr'>ἐαυτοῦ</span> <span class='ocrx_word' id='word_1_90' title='bbox 965 1381 1142 1451; x_wconf 77' lang='grc' dir='ltr'>ψυχὴν</span> <span class='ocrx_word' id='word_1_91' title='bbox 1164 1383 1193 1434; x_wconf 85' lang='grc' dir='ltr'><em>ὁ</em></span> <span class='ocrx_word' id='word_1_92' title='bbox 1211 1381 1467 1452; x_wconf 84' lang='grc' dir='ltr'>σωρεύων</span> <span class='ocrx_word' id='word_1_93' title='bbox 1496 1381 1718 1435; x_wconf 85' lang='grc' dir='ltr'>κόλασιν</span> <span class='ocrx_word' id='word_1_94' title='bbox 1743 1385 1809 1453; x_wconf 78' lang='grc' dir='ltr'><strong>τῇ</strong></span> <span class='ocrx_word' id='word_1_95' title='bbox 1836 1384 1962 1435; x_wconf 85' lang='grc' dir='ltr'>ἐαυ-</span> 
     </span>
    </p>
   </div>
   <div class='ocr_carea' id='block_1_14' title="bbox 381 1472 1964 1545">
    <p class='ocr_par' dir='ltr' id='par_1_14' title="bbox 381 1472 1964 1545">
     <span class='ocr_line' id='line_1_14' title="bbox 381 1472 1964 1545; baseline 0.001 -19"><span class='ocrx_word' id='word_1_96' title='bbox 381 1472 474 1526; x_wconf 89' lang='grc' dir='ltr'><strong>τοῦ</strong></span> <span class='ocrx_word' id='word_1_97' title='bbox 507 1473 676 1545; x_wconf 79' lang='grc' dir='ltr'>ψυχῇ,</span> <span class='ocrx_word' id='word_1_98' title='bbox 711 1473 810 1544; x_wconf 83' lang='grc' dir='ltr'>τὴν</span> <span class='ocrx_word' id='word_1_99' title='bbox 834 1477 946 1538; x_wconf 90' lang='grc' dir='ltr'>τοῖς</span> <span class='ocrx_word' id='word_1_100' title='bbox 979 1473 1234 1527; x_wconf 89' lang='grc' dir='ltr'>ἀσεϐέσιν</span> <span class='ocrx_word' id='word_1_101' title='bbox 1265 1474 1706 1544; x_wconf 81' lang='grc' dir='ltr'>ἡτοιμασμένην·</span> <span class='ocrx_word' id='word_1_102' title='bbox 1739 1473 1964 1527; x_wconf 87' lang='grc' dir='ltr'>ἀκόλου-</span> 
     </span>
    </p>
   </div>
   <div class='ocr_carea' id='block_1_15' title="bbox 381 1564 1956 1636">
    <p class='ocr_par' dir='ltr' id='par_1_15' title="bbox 381 1564 1956 1636">
     <span class='ocr_line' id='line_1_15' title="bbox 381 1564 1956 1636; baseline 0.003 -21"><span class='ocrx_word' id='word_1_103' title='bbox 381 1567 473 1618; x_wconf 85' lang='grc' dir='ltr'><strong>θον</strong></span> <span class='ocrx_word' id='word_1_104' title='bbox 502 1566 559 1619; x_wconf 90' lang='grc' dir='ltr'><strong>δὲ</strong></span> <span class='ocrx_word' id='word_1_105' title='bbox 593 1566 767 1622; x_wconf 76' lang='grc' dir='ltr'>καὶτὸ</span> <span class='ocrx_word' id='word_1_106' title='bbox 787 1567 1006 1636; x_wconf 80' lang='grc' dir='ltr'>ἀγαπᾷν</span> <span class='ocrx_word' id='word_1_107' title='bbox 1030 1565 1259 1620; x_wconf 81' lang='grc' dir='ltr'>θάνατον</span> <span class='ocrx_word' id='word_1_108' title='bbox 1280 1565 1407 1630; x_wconf 81' lang='grc' dir='ltr'>τοὺς</span> <span class='ocrx_word' id='word_1_109' title='bbox 1428 1565 1619 1636; x_wconf 79' lang='grc' dir='ltr'>σοφίαν</span> <span class='ocrx_word' id='word_1_110' title='bbox 1642 1564 1956 1636; x_wconf 81' lang='grc' dir='ltr'>μισοῦντας,</span> 
     </span>
    </p>
   </div>
   <div class='ocr_carea' id='block_1_16' title="bbox 381 1656 958 1728">
    <p class='ocr_par' dir='ltr' id='par_1_16' title="bbox 381 1656 958 1728">
     <span class='ocr_line' id='line_1_16' title="bbox 381 1656 958 1728; baseline 0.003 -19"><span class='ocrx_word' id='word_1_111' title='bbox 381 1657 539 1728; x_wconf 76' lang='grc' dir='ltr'>εἰπερ</span> <span class='ocrx_word' id='word_1_112' title='bbox 571 1657 606 1728; x_wconf 79' lang='grc' dir='ltr'>ἡ</span> <span class='ocrx_word' id='word_1_113' title='bbox 632 1658 793 1728; x_wconf 81' lang='grc' dir='ltr'>σοφία</span> <span class='ocrx_word' id='word_1_114' title='bbox 822 1656 958 1728; x_wconf 75' lang='grc' dir='ltr'><strong>ζωή.</strong></span> 
     </span>
    </p>
   </div>
   <div class='ocr_carea' id='block_1_17' title="bbox 2061 562 3638 631">
    <p class='ocr_par' dir='ltr' id='par_1_17' title="bbox 2061 562 3638 631">
     <span class='ocr_line' id='line_1_17' title="bbox 2061 562 3638 631; baseline -0.001 -13"><span class='ocrx_word' id='word_1_115' title='bbox 2061 574 2184 618; x_wconf 88' lang='lat' dir='ltr'><strong>nata</strong></span> <span class='ocrx_word' id='word_1_116' title='bbox 2212 575 2316 628; x_wconf 89' lang='lat' dir='ltr'><strong>est,</strong></span> <span class='ocrx_word' id='word_1_117' title='bbox 2342 574 2396 616; x_wconf 91' lang='lat' dir='ltr'><strong>et</strong></span> <span class='ocrx_word' id='word_1_118' title='bbox 2419 573 2546 618; x_wconf 91' lang='lat' dir='ltr'><strong>ante</strong></span> <span class='ocrx_word' id='word_1_119' title='bbox 2570 572 2856 617; x_wconf 86' lang='lat' dir='ltr'><strong>creaturas</strong></span> <span class='ocrx_word' id='word_1_120' title='bbox 2891 564 3244 631; x_wconf 87' lang='lat' dir='ltr'><strong>sempiterna.</strong></span> <span class='ocrx_word' id='word_1_121' title='bbox 3285 562 3420 616; x_wconf 89' lang='lat' dir='ltr'><strong>Cum</strong></span> <span class='ocrx_word' id='word_1_122' title='bbox 3459 573 3638 616; x_wconf 84' lang='lat' dir='ltr'><strong>autent</strong></span> 
     </span>
    </p>
   </div>
   <div class='ocr_carea' id='block_1_18' title="bbox 2057 656 3640 726">
    <p class='ocr_par' dir='ltr' id='par_1_18' title="bbox 2057 656 3640 726">
     <span class='ocr_line' id='line_1_18' title="bbox 2057 656 3640 726; baseline -0.003 -14"><span class='ocrx_word' id='word_1_123' title='bbox 2057 657 2376 712; x_wconf 77' lang='lat' dir='ltr'><strong>relationem</strong></span> <span class='ocrx_word' id='word_1_124' title='bbox 2419 672 2548 726; x_wconf 84' lang='lat' dir='ltr'><strong>erga</strong></span> <span class='ocrx_word' id='word_1_125' title='bbox 2592 665 2876 711; x_wconf 85' lang='lat' dir='ltr'><strong>creaturas</strong></span> <span class='ocrx_word' id='word_1_126' title='bbox 2934 656 3189 719; x_wconf 87' lang='lat' dir='ltr'><strong>admisit,</strong></span> <span class='ocrx_word' id='word_1_127' title='bbox 3247 666 3377 710; x_wconf 90' lang='lat' dir='ltr'><strong>tunc</strong></span> <span class='ocrx_word' id='word_1_128' title='bbox 3426 656 3640 709; x_wconf 86' lang='lat' dir='ltr'><strong>initium</strong></span> 
     </span>
    </p>
   </div>
   <div class='ocr_carea' id='block_1_19' title="bbox 2057 745 3646 816">
    <p class='ocr_par' dir='ltr' id='par_1_19' title="bbox 2057 745 3646 816">
     <span class='ocr_line' id='line_1_19' title="bbox 2057 745 3646 816; baseline -0.001 -15"><span class='ocrx_word' id='word_1_129' title='bbox 2057 750 2270 804; x_wconf 83' lang='lat' dir='ltr'><strong>viarum</strong></span> <span class='ocrx_word' id='word_1_130' title='bbox 2307 749 2397 803; x_wconf 88' lang='lat' dir='ltr'><strong>Dei</strong></span> <span class='ocrx_word' id='word_1_131' title='bbox 2445 749 2585 802; x_wconf 77' lang='lat' dir='ltr'><strong>facta</strong></span> <span class='ocrx_word' id='word_1_132' title='bbox 2628 758 2732 812; x_wconf 88' lang='lat' dir='ltr'><strong>est,</strong></span> <span class='ocrx_word' id='word_1_133' title='bbox 2761 748 3055 803; x_wconf 87' lang='lat' dir='ltr'><strong>creationis</strong></span> <span class='ocrx_word' id='word_1_134' title='bbox 3098 745 3349 802; x_wconf 89' lang='lat' dir='ltr'><strong>videlicet</strong></span> <span class='ocrx_word' id='word_1_135' title='bbox 3378 757 3432 801; x_wconf 90' lang='lat' dir='ltr'><strong>et</strong></span> <span class='ocrx_word' id='word_1_136' title='bbox 3460 749 3646 816; x_wconf 87' lang='lat' dir='ltr'><strong>provi—</strong></span> 
     </span>
    </p>
   </div>
   <div class='ocr_carea' id='block_1_20' title="bbox 2058 838 3640 906">
    <p class='ocr_par' dir='ltr' id='par_1_20' title="bbox 2058 838 3640 906">
     <span class='ocr_line' id='line_1_20' title="bbox 2058 838 3640 906; baseline -0.001 -13"><span class='ocrx_word' id='word_1_137' title='bbox 2058 840 2285 906; x_wconf 70' lang='lat' dir='ltr'><strong>dentiae;</strong></span> <span class='ocrx_word' id='word_1_138' title='bbox 2321 839 2638 895; x_wconf 86' lang='lat' dir='ltr'><strong>consociato</strong></span> <span class='ocrx_word' id='word_1_139' title='bbox 2688 841 2946 894; x_wconf 77' lang='lat' dir='ltr'><strong>nimirum</strong></span> <span class='ocrx_word' id='word_1_140' title='bbox 2987 839 3142 894; x_wconf 91' lang='lat' dir='ltr'><strong>initio</strong></span> <span class='ocrx_word' id='word_1_141' title='bbox 3188 855 3312 893; x_wconf 90' lang='lat' dir='ltr'><strong>cum</strong></span> <span class='ocrx_word' id='word_1_142' title='bbox 3347 838 3640 904; x_wconf 73' lang='lat' dir='ltr'><strong>creaturis,</strong></span> 
     </span>
    </p>
   </div>
   <div class='ocr_carea' id='block_1_21' title="bbox 2059 929 3645 1001">
    <p class='ocr_par' dir='ltr' id='par_1_21' title="bbox 2059 929 3645 1001">
     <span class='ocr_line' id='line_1_21' title="bbox 2059 929 3645 1001; baseline -0.001 -17"><span class='ocrx_word' id='word_1_143' title='bbox 2059 931 2254 1001; x_wconf 91' lang='lat' dir='ltr'><strong>quibus</strong></span> <span class='ocrx_word' id='word_1_144' title='bbox 2291 931 2439 984; x_wconf 89' lang='lat' dir='ltr'><strong>dedit</strong></span> <span class='ocrx_word' id='word_1_145' title='bbox 2468 930 2704 992; x_wconf 91' lang='lat' dir='ltr'><strong>initium,</strong></span> <span class='ocrx_word' id='word_1_146' title='bbox 2739 931 2789 984; x_wconf 89' lang='lat' dir='ltr'><strong>id</strong></span> <span class='ocrx_word' id='word_1_147' title='bbox 2810 939 2894 984; x_wconf 72' lang='lat' dir='ltr'><strong>est</strong></span> <span class='ocrx_word' id='word_1_148' title='bbox 2924 929 3242 984; x_wconf 84' lang='lat' dir='ltr'><strong>relationem</strong></span> <span class='ocrx_word' id='word_1_149' title='bbox 3270 944 3396 995; x_wconf 81' lang='lat' dir='ltr'><strong>erga</strong></span> <span class='ocrx_word' id='word_1_150' title='bbox 3431 941 3645 983; x_wconf 86' lang='lat' dir='ltr'><strong>creatu-</strong></span> 
     </span>
    </p>
   </div>
   <div class='ocr_carea' id='block_1_22' title="bbox 2061 1019 3644 1092">
    <p class='ocr_par' dir='ltr' id='par_1_22' title="bbox 2061 1019 3644 1092">
     <span class='ocr_line' id='line_1_22' title="bbox 2061 1019 3644 1092; baseline -0.001 -18"><span class='ocrx_word' id='word_1_151' title='bbox 2061 1035 2151 1076; x_wconf 87' lang='lat' dir='ltr'><strong>ras</strong></span> <span class='ocrx_word' id='word_1_152' title='bbox 2179 1019 2380 1075; x_wconf 85' lang='lat' dir='ltr'><strong>habere</strong></span> <span class='ocrx_word' id='word_1_153' title='bbox 2419 1021 2608 1090; x_wconf 63' lang='lat' dir='ltr'><strong>coepit.</strong></span> <span class='ocrx_word' id='word_1_154' title='bbox 2659 1024 2916 1078; x_wconf 84' lang='lat' dir='ltr'><strong>Attamen</strong></span> <span class='ocrx_word' id='word_1_155' title='bbox 2962 1023 3077 1092; x_wconf 92' lang='lat' dir='ltr'><strong>ipsa</strong></span> <span class='ocrx_word' id='word_1_156' title='bbox 3127 1022 3395 1090; x_wconf 92' lang='lat' dir='ltr'><strong>sapientia</strong></span> <span class='ocrx_word' id='word_1_157' title='bbox 3441 1021 3644 1090; x_wconf 83' lang='lat' dir='ltr'><strong>sempi-</strong></span> 
     </span>
    </p>
   </div>
   <div class='ocr_carea' id='block_1_23' title="bbox 2057 1114 3641 1182">
    <p class='ocr_par' dir='ltr' id='par_1_23' title="bbox 2057 1114 3641 1182">
     <span class='ocr_line' id='line_1_23' title="bbox 2057 1114 3641 1182; baseline 0 -16"><span class='ocrx_word' id='word_1_158' title='bbox 2057 1121 2208 1166; x_wconf 88' lang='lat' dir='ltr'><strong>terna</strong></span> <span class='ocrx_word' id='word_1_159' title='bbox 2249 1123 2354 1177; x_wconf 87' lang='lat' dir='ltr'><strong>est,</strong></span> <span class='ocrx_word' id='word_1_160' title='bbox 2396 1114 2831 1168; x_wconf 84' lang='lat' dir='ltr'><strong>substantialitcr</strong></span> <span class='ocrx_word' id='word_1_161' title='bbox 2877 1124 3007 1169; x_wconf 88' lang='lat' dir='ltr'><strong>ante</strong></span> <span class='ocrx_word' id='word_1_162' title='bbox 3043 1115 3244 1168; x_wconf 65' lang='lat' dir='ltr'><strong>saecula</strong></span> <span class='ocrx_word' id='word_1_163' title='bbox 3296 1114 3435 1182; x_wconf 89' lang='lat' dir='ltr'><strong>apud</strong></span> <span class='ocrx_word' id='word_1_164' title='bbox 3473 1114 3641 1169; x_wconf 88' lang='lat' dir='ltr'><strong>Deum</strong></span> 
     </span>
    </p>
   </div>
   <div class='ocr_carea' id='block_1_24' title="bbox 2057 1207 2355 1260">
    <p class='ocr_par' dir='ltr' id='par_1_24' title="bbox 2057 1207 2355 1260">
     <span class='ocr_line' id='line_1_24' title="bbox 2057 1207 2355 1260; baseline 0.003 -1"><span class='ocrx_word' id='word_1_165' title='bbox 2057 1207 2355 1260; x_wconf 81' lang='lat' dir='ltr'><strong>exsistens.</strong></span> 
     </span>
    </p>
   </div>
   <div class='ocr_carea' id='block_1_25' title="bbox 2128 1293 3646 1364">
    <p class='ocr_par' dir='ltr' id='par_1_25' title="bbox 2128 1293 3646 1364">
     <span class='ocr_line' id='line_1_25' title="bbox 2128 1293 3646 1364; baseline -0.001 -14"><span class='ocrx_word' id='word_1_166' title='bbox 2128 1296 2173 1327; x_wconf 83' lang='grc'><strong>⁸⁷</strong></span> <span class='ocrx_word' id='word_1_167' title='bbox 2214 1296 2466 1363; x_wconf 86' lang='lat' dir='ltr'><strong>Impietas</strong></span> <span class='ocrx_word' id='word_1_168' title='bbox 2505 1306 2590 1350; x_wconf 87' lang='lat' dir='ltr'><strong>est</strong></span> <span class='ocrx_word' id='word_1_169' title='bbox 2621 1296 2888 1351; x_wconf 88' lang='lat' dir='ltr'><strong>adversus</strong></span> <span class='ocrx_word' id='word_1_170' title='bbox 2934 1297 3098 1350; x_wconf 89' lang='lat' dir='ltr'><strong>Demn</strong></span> <span class='ocrx_word' id='word_1_171' title='bbox 3129 1302 3430 1364; x_wconf 85' lang='lat' dir='ltr'><strong>peccatum.</strong></span> <span class='ocrx_word' id='word_1_172' title='bbox 3476 1293 3646 1364; x_wconf 64' lang='lat' dir='ltr'><strong>lmp‘e</strong></span> 
     </span>
    </p>
   </div>
   <div class='ocr_carea' id='block_1_26' title="bbox 2058 1390 3644 1460">
    <p class='ocr_par' dir='ltr' id='par_1_26' title="bbox 2058 1390 3644 1460">
     <span class='ocr_line' id='line_1_26' title="bbox 2058 1390 3644 1460; baseline -0.003 -16"><span class='ocrx_word' id='word_1_173' title='bbox 2058 1391 2169 1457; x_wconf 68' lang='lat' dir='ltr'><strong>agit</strong></span> <span class='ocrx_word' id='word_1_174' title='bbox 2190 1391 2354 1446; x_wconf 90' lang='lat' dir='ltr'><strong>etiam</strong></span> <span class='ocrx_word' id='word_1_175' title='bbox 2380 1399 2570 1444; x_wconf 81' lang='lat' dir='ltr'><strong>contra</strong></span> <span class='ocrx_word' id='word_1_176' title='bbox 2596 1391 2834 1443; x_wconf 88' lang='lat' dir='ltr'><strong>animam</strong></span> <span class='ocrx_word' id='word_1_177' title='bbox 2864 1405 3040 1450; x_wconf 88' lang='lat' dir='ltr'><strong>suam,</strong></span> <span class='ocrx_word' id='word_1_178' title='bbox 3064 1390 3154 1460; x_wconf 92' lang='lat' dir='ltr'><strong>qui</strong></span> <span class='ocrx_word' id='word_1_179' title='bbox 3177 1390 3428 1460; x_wconf 83' lang='lat' dir='ltr'><strong>congerit</strong></span> <span class='ocrx_word' id='word_1_180' title='bbox 3450 1391 3644 1442; x_wconf 67' lang='lat' dir='ltr'><strong>auium»;</strong></span> 
     </span>
    </p>
   </div>
   <div class='ocr_carea' id='block_1_27' title="bbox 2056 1482 3644 1552">
    <p class='ocr_par' dir='ltr' id='par_1_27' title="bbox 2056 1482 3644 1552">
     <span class='ocr_line' id='line_1_27' title="bbox 2056 1482 3644 1552; baseline -0.003 -16"><span class='ocrx_word' id='word_1_181' title='bbox 2056 1498 2169 1536; x_wconf 64' lang='lat' dir='ltr'><strong>suae</strong></span> <span class='ocrx_word' id='word_1_182' title='bbox 2192 1483 2552 1551; x_wconf 89' lang='lat' dir='ltr'><strong>punitionem,</strong></span> <span class='ocrx_word' id='word_1_183' title='bbox 2587 1482 2770 1552; x_wconf 90' lang='lat' dir='ltr'><strong>impiis</strong></span> <span class='ocrx_word' id='word_1_184' title='bbox 2793 1491 3177 1551; x_wconf 74' lang='lat' dir='ltr'><strong>praeparatam.</strong></span> <span class='ocrx_word' id='word_1_185' title='bbox 3207 1483 3644 1536; x_wconf 83' lang='lat' dir='ltr'><strong>Consentaneum</strong></span> 
     </span>
    </p>
   </div>
   <div class='ocr_carea' id='block_1_28' title="bbox 2064 1572 3645 1644">
    <p class='ocr_par' dir='ltr' id='par_1_28' title="bbox 2064 1572 3645 1644">
     <span class='ocr_line' id='line_1_28' title="bbox 2064 1572 3645 1644; baseline 0 -19"><span class='ocrx_word' id='word_1_186' title='bbox 2064 1588 2281 1642; x_wconf 89' lang='lat' dir='ltr'><strong>quoque</strong></span> <span class='ocrx_word' id='word_1_187' title='bbox 2323 1581 2428 1633; x_wconf 85' lang='lat' dir='ltr'><strong>est,</strong></span> <span class='ocrx_word' id='word_1_188' title='bbox 2473 1582 2534 1626; x_wconf 94' lang='lat' dir='ltr'><strong>ut</strong></span> <span class='ocrx_word' id='word_1_189' title='bbox 2582 1573 2891 1626; x_wconf 88' lang='lat' dir='ltr'><strong>ii-mortem</strong></span> <span class='ocrx_word' id='word_1_190' title='bbox 2938 1583 3124 1627; x_wconf 88' lang='lat' dir='ltr'><strong>ament</strong></span> <span class='ocrx_word' id='word_1_191' title='bbox 3171 1575 3264 1644; x_wconf 87' lang='lat' dir='ltr'><strong>qui</strong></span> <span class='ocrx_word' id='word_1_192' title='bbox 3320 1572 3645 1643; x_wconf 84' lang='lat' dir='ltr'><strong>sapientiam</strong></span> 
     </span>
    </p>
   </div>
   <div class='ocr_carea' id='block_1_29' title="bbox 2065 1663 3200 1734">
    <p class='ocr_par' dir='ltr' id='par_1_29' title="bbox 2065 1663 3200 1734">
     <span class='ocr_line' id='line_1_29' title="bbox 2065 1663 3200 1734; baseline 0.002 -18"><span class='ocrx_word' id='word_1_193' title='bbox 2065 1665 2329 1730; x_wconf 87' lang='lat' dir='ltr'><strong>oderunt;</strong></span> <span class='ocrx_word' id='word_1_194' title='bbox 2362 1663 2630 1734; x_wconf 87' lang='lat' dir='ltr'><strong>siquidem</strong></span> <span class='ocrx_word' id='word_1_195' title='bbox 2655 1663 2923 1734; x_wconf 86' lang='lat' dir='ltr'><strong>sapientia</strong></span> <span class='ocrx_word' id='word_1_196' title='bbox 2952 1665 3062 1718; x_wconf 89' lang='lat' dir='ltr'><strong>vita</strong></span> <span class='ocrx_word' id='word_1_197' title='bbox 3096 1673 3200 1720; x_wconf 87' lang='lat' dir='ltr'><strong>est.</strong></span> 
     </span>
    </p>
   </div>
   <div class='ocr_carea' id='block_1_30' title="bbox 1888 1753 2173 1812">
    <p class='ocr_par' dir='ltr' id='par_1_30' title="bbox 1888 1753 2173 1812">
     <span class='ocr_line' id='line_1_30' title="bbox 1888 1753 2173 1812; baseline 0.014 -4"><span class='ocrx_word' id='word_1_198' title='bbox 1888 1753 2039 1808; x_wconf 82' lang='lat' dir='ltr'><strong>CAP.</strong></span> <span class='ocrx_word' id='word_1_199' title='bbox 2085 1756 2173 1812; x_wconf 80' lang='lat' dir='ltr'><strong>IX.</strong></span> 
     </span>
    </p>
   </div>
   <div class='ocr_carea' id='block_1_31' title="bbox 454 1846 1968 1924">
    <p class='ocr_par' dir='ltr' id='par_1_31' title="bbox 454 1846 1968 1920">
     <span class='ocr_line' id='line_1_31' title="bbox 454 1846 1968 1920; baseline 0.003 -21"><span class='ocrx_word' id='word_1_200' title='bbox 454 1847 566 1920; x_wconf 80' lang='grc' dir='ltr'>Τὴν</span> <span class='ocrx_word' id='word_1_201' title='bbox 618 1847 813 1917; x_wconf 87' lang='grc' dir='ltr'>σοφίαν</span> <span class='ocrx_word' id='word_1_202' title='bbox 861 1846 1094 1900; x_wconf 86' lang='grc' dir='ltr'>ἐνταῦθα</span> <span class='ocrx_word' id='word_1_203' title='bbox 1137 1847 1336 1912; x_wconf 85' lang='grc' dir='ltr'>δισσῶς</span> <span class='ocrx_word' id='word_1_204' title='bbox 1391 1847 1706 1911; x_wconf 88' lang='grc' dir='ltr'>ἐπιλαϐεῖν,</span> <span class='ocrx_word' id='word_1_205' title='bbox 1760 1849 1856 1920; x_wconf 76' lang='grc' dir='ltr'>τὴν</span> <span class='ocrx_word' id='word_1_206' title='bbox 1903 1852 1968 1903; x_wconf 87' lang='grc' dir='ltr'><strong>ἐκ</strong></span> 
     </span>
    </p>
   </div>
   <div class='ocr_carea' id='block_1_32' title="bbox 2069 1846 3642 1924">
    <p class='ocr_par' dir='ltr' id='par_1_32' title="bbox 2146 1847 3642 1924">
     <span class='ocr_line' id='line_1_32' title="bbox 2146 1847 3642 1924; baseline -0.007 -14"><span class='ocrx_word' id='word_1_207' title='bbox 2146 1855 2193 1886; x_wconf 78' lang='grc'><strong>⁸⁸</strong></span> <span class='ocrx_word' id='word_1_208' title='bbox 2232 1853 2570 1924; x_wconf 86' lang='lat' dir='ltr'><strong>Sapientiam</strong></span> <span class='ocrx_word' id='word_1_209' title='bbox 2621 1853 2726 1908; x_wconf 89' lang='lat' dir='ltr'><strong>hoc</strong></span> <span class='ocrx_word' id='word_1_210' title='bbox 2761 1851 2885 1906; x_wconf 89' lang='lat' dir='ltr'><strong>loco</strong></span> <span class='ocrx_word' id='word_1_211' title='bbox 2923 1849 3215 1919; x_wconf 83' lang='lat' dir='ltr'><strong>dupliciter</strong></span> <span class='ocrx_word' id='word_1_212' title='bbox 3262 1847 3490 1915; x_wconf 73' lang='lat' dir='ltr'><strong>intelligi</strong></span> <span class='ocrx_word' id='word_1_213' title='bbox 3510 1847 3598 1901; x_wconf 90' lang='lat' dir='ltr'><strong>aio</strong></span> <span class='ocrx_word' id='word_1_214' title='bbox 3629 1864 3642 1900; x_wconf 95' lang='lat'>:</span> 
     </span>
    </p>
   </div>
   <div class='ocr_carea' id='block_1_33' title="bbox 384 1937 1963 2012">
    <p class='ocr_par' dir='ltr' id='par_1_33' title="bbox 384 1937 1963 2012">
     <span class='ocr_line' id='line_1_33' title="bbox 384 1937 1963 2012; baseline 0.003 -23"><span class='ocrx_word' id='word_1_215' title='bbox 384 1937 524 1990; x_wconf 85' lang='grc' dir='ltr'>Πνεύ</span> <span class='ocrx_word' id='word_1_216' title='bbox 534 1956 703 2009; x_wconf 87' lang='grc' dir='ltr'>ματος</span> <span class='ocrx_word' id='word_1_217' title='bbox 731 1939 889 2006; x_wconf 83' lang='grc' dir='ltr'>ἁγίου</span> <span class='ocrx_word' id='word_1_218' title='bbox 916 1940 1058 2009; x_wconf 76' lang='grc' dir='ltr'>φημὶ</span> <span class='ocrx_word' id='word_1_219' title='bbox 1091 1940 1150 1990; x_wconf 92' lang='grc' dir='ltr'><strong>ἐν</strong></span> <span class='ocrx_word' id='word_1_220' title='bbox 1183 1938 1363 2007; x_wconf 86' lang='grc' dir='ltr'>λόγοις</span> <span class='ocrx_word' id='word_1_221' title='bbox 1391 1940 1487 1993; x_wconf 73' lang='grc' dir='ltr'><strong>καὶ</strong></span> <span class='ocrx_word' id='word_1_222' title='bbox 1507 1944 1690 2012; x_wconf 87' lang='grc' dir='ltr'>γραφῇ</span> <span class='ocrx_word' id='word_1_223' title='bbox 1718 1941 1963 1997; x_wconf 89' lang='grc' dir='ltr'>δοθεῖσαν</span> 
     </span>
    </p>
   </div>
   <div class='ocr_carea' id='block_1_34' title="bbox 385 2029 1970 2106">
    <p class='ocr_par' dir='ltr' id='par_1_34' title="bbox 385 2029 1970 2106">
     <span class='ocr_line' id='line_1_34' title="bbox 385 2029 1970 2106; baseline 0.004 -24"><span class='ocrx_word' id='word_1_224' title='bbox 385 2034 498 2094; x_wconf 91' lang='grc' dir='ltr'>τοῖς</span> <span class='ocrx_word' id='word_1_225' title='bbox 531 2031 816 2103; x_wconf 86' lang='grc' dir='ltr'>θεόφροσιν</span> <span class='ocrx_word' id='word_1_226' title='bbox 837 2072 851 2093; x_wconf 90' lang='grc'><strong>,</strong></span> <span class='ocrx_word' id='word_1_227' title='bbox 875 2033 942 2085; x_wconf 91' lang='grc' dir='ltr'>δι’</span> <span class='ocrx_word' id='word_1_228' title='bbox 969 2029 1038 2103; x_wconf 78' lang='grc' dir='ltr'>ἧς</span> <span class='ocrx_word' id='word_1_229' title='bbox 1081 2031 1175 2086; x_wconf 74' lang='grc' dir='ltr'><strong>καὶ</strong></span> <span class='ocrx_word' id='word_1_230' title='bbox 1211 2034 1243 2103; x_wconf 74' lang='grc' dir='ltr'>ἡ</span> <span class='ocrx_word' id='word_1_231' title='bbox 1269 2033 1566 2101; x_wconf 78' lang='grc' dir='ltr'>ἐπίγνωσις</span> <span class='ocrx_word' id='word_1_232' title='bbox 1592 2036 1687 2086; x_wconf 88' lang='grc' dir='ltr'><strong>τοῦ</strong></span> <span class='ocrx_word' id='word_1_233' title='bbox 1718 2035 1852 2087; x_wconf 86' lang='grc' dir='ltr'>Θεοῦ</span> <span class='ocrx_word' id='word_1_234' title='bbox 1887 2035 1970 2106; x_wconf 80' lang='grc' dir='ltr'>τῷ·</span> 
     </span>
    </p>
   </div>
   <div class='ocr_carea' id='block_1_35' title="bbox 384 2123 1958 2194">
    <p class='ocr_par' dir='ltr' id='par_1_35' title="bbox 384 2123 1958 2194">
     <span class='ocr_line' id='line_1_35' title="bbox 384 2123 1958 2194; baseline 0.004 -19"><span class='ocrx_word' id='word_1_235' title='bbox 384 2123 576 2194; x_wconf 85' lang='grc' dir='ltr'>κόσμῳ</span> <span class='ocrx_word' id='word_1_236' title='bbox 599 2123 902 2194; x_wconf 81' lang='grc' dir='ltr'>ἐγνωρίσθη</span> <span class='ocrx_word' id='word_1_237' title='bbox 928 2142 940 2152; x_wconf 93' lang='grc'><strong>·</strong></span> <span class='ocrx_word' id='word_1_238' title='bbox 969 2123 1230 2188; x_wconf 82' lang='grc' dir='ltr'>ὡσαύτως</span> <span class='ocrx_word' id='word_1_239' title='bbox 1261 2125 1316 2178; x_wconf 86' lang='grc' dir='ltr'>δὲ</span> <span class='ocrx_word' id='word_1_240' title='bbox 1345 2125 1441 2177; x_wconf 76' lang='grc' dir='ltr'><strong>καὶ</strong></span> <span class='ocrx_word' id='word_1_241' title='bbox 1472 2125 1562 2178; x_wconf 86' lang='grc' dir='ltr'><strong>τὸν</strong></span> <span class='ocrx_word' id='word_1_242' title='bbox 1594 2127 1958 2181; x_wconf 85' lang='grc' dir='ltr'>ἐνυπόστατον</span> 
     </span>
    </p>
   </div>
   <div class='ocr_carea' id='block_1_36' title="bbox 388 2214 1964 2282">
    <p class='ocr_par' dir='ltr' id='par_1_36' title="bbox 388 2214 1964 2282">
     <span class='ocr_line' id='line_1_36' title="bbox 388 2214 1964 2282; baseline 0.004 -16"><span class='ocrx_word' id='word_1_243' title='bbox 388 2216 512 2267; x_wconf 79' lang='grc' dir='ltr'>Υἱὸν</span> <span class='ocrx_word' id='word_1_244' title='bbox 537 2215 631 2268; x_wconf 76' lang='grc' dir='ltr'><strong>καὶ</strong></span> <span class='ocrx_word' id='word_1_245' title='bbox 658 2215 830 2282; x_wconf 87' lang='grc' dir='ltr'>Λόγον</span> <span class='ocrx_word' id='word_1_246' title='bbox 853 2215 946 2268; x_wconf 91' lang='grc' dir='ltr'><strong>τοῦ</strong></span> <span class='ocrx_word' id='word_1_247' title='bbox 974 2215 1131 2279; x_wconf 83' lang='grc' dir='ltr'>Θεοῦ,</span> <span class='ocrx_word' id='word_1_248' title='bbox 1160 2215 1252 2269; x_wconf 85' lang='grc' dir='ltr'>τὸν</span> <span class='ocrx_word' id='word_1_249' title='bbox 1287 2216 1346 2281; x_wconf 86' lang='grc' dir='ltr'><strong>ἐξ</strong></span> <span class='ocrx_word' id='word_1_250' title='bbox 1360 2217 1460 2270; x_wconf 83' lang='grc' dir='ltr'><strong>οὐκ</strong></span> <span class='ocrx_word' id='word_1_251' title='bbox 1482 2217 1610 2270; x_wconf 78' lang='grc' dir='ltr'>ὄντα</span> <span class='ocrx_word' id='word_1_252' title='bbox 1634 2219 1712 2282; x_wconf 86' lang='grc' dir='ltr'><strong>είς</strong></span> <span class='ocrx_word' id='word_1_253' title='bbox 1745 2219 1806 2272; x_wconf 85' lang='grc' dir='ltr'><strong>τὸ</strong></span> <span class='ocrx_word' id='word_1_254' title='bbox 1827 2214 1964 2275; x_wconf 77' lang='grc' dir='ltr'>εἶναι</span> 
     </span>
    </p>
   </div>
   <div class='ocr_carea' id='block_1_37' title="bbox 385 2306 1680 2379">
    <p class='ocr_par' dir='ltr' id='par_1_37' title="bbox 385 2306 1680 2379">
     <span class='ocr_line' id='line_1_37' title="bbox 385 2306 1680 2379; baseline 0.004 -21"><span class='ocrx_word' id='word_1_255' title='bbox 385 2306 774 2376; x_wconf 83' lang='grc' dir='ltr'>παραγαγόντα</span> <span class='ocrx_word' id='word_1_256' title='bbox 806 2306 873 2360; x_wconf 87' lang='grc' dir='ltr'><strong>τά</strong></span> <span class='ocrx_word' id='word_1_257' title='bbox 895 2308 1187 2377; x_wconf 87' lang='grc' dir='ltr'>σύμπαντα</span> <span class='ocrx_word' id='word_1_258' title='bbox 1209 2309 1275 2378; x_wconf 83' lang='grc' dir='ltr'>τῇ</span> <span class='ocrx_word' id='word_1_259' title='bbox 1305 2307 1466 2379; x_wconf 75' lang='grc' dir='ltr'>σοφίᾳ</span> <span class='ocrx_word' id='word_1_260' title='bbox 1490 2306 1680 2364; x_wconf 85' lang='grc' dir='ltr'>αὑτοῦ.</span> 
     </span>
    </p>
   </div>
   <div class='ocr_carea' id='block_1_38' title="bbox 453 2397 1968 2474">
    <p class='ocr_par' dir='ltr' id='par_1_38' title="bbox 453 2397 1968 2474">
     <span class='ocr_line' id='line_1_38' title="bbox 453 2397 1968 2474; baseline 0.005 -24"><span class='ocrx_word' id='word_1_261' title='bbox 453 2399 682 2469; x_wconf 89' lang='grc' dir='ltr'>Θύματα</span> <span class='ocrx_word' id='word_1_262' title='bbox 705 2397 940 2452; x_wconf 86' lang='grc' dir='ltr'>ἐνταῦθά</span> <span class='ocrx_word' id='word_1_263' title='bbox 967 2416 1099 2470; x_wconf 87' lang='grc' dir='ltr'>φησι</span> <span class='ocrx_word' id='word_1_264' title='bbox 1137 2400 1264 2464; x_wconf 86' lang='grc' dir='ltr'>τοὺς</span> <span class='ocrx_word' id='word_1_265' title='bbox 1291 2401 1408 2454; x_wconf 84' lang='grc' dir='ltr'>ὅσοι</span> <span class='ocrx_word' id='word_1_266' title='bbox 1434 2403 1710 2472; x_wconf 83' lang='grc' dir='ltr'>προφῆται</span> <span class='ocrx_word' id='word_1_267' title='bbox 1834 2421 1968 2473; x_wconf 84' lang='grc' dir='ltr'>παρ·</span> 
     </span>
    </p>
   </div>
   <div class='ocr_carea' id='block_1_39' title="bbox 383 2487 1964 2564">
    <p class='ocr_par' dir='ltr' id='par_1_39' title="bbox 383 2487 1964 2564">
     <span class='ocr_line' id='line_1_39' title="bbox 383 2487 1964 2564; baseline 0.004 -24"><span class='ocrx_word' id='word_1_268' title='bbox 383 2487 586 2541; x_wconf 87' lang='grc' dir='ltr'>αινέσει</span> <span class='ocrx_word' id='word_1_269' title='bbox 625 2489 866 2559; x_wconf 84' lang='grc' dir='ltr'>Χριστοῦ</span> <span class='ocrx_word' id='word_1_270' title='bbox 915 2489 1340 2560; x_wconf 83' lang='grc' dir='ltr'>σφραγισθέντες</span> <span class='ocrx_word' id='word_1_271' title='bbox 1383 2493 1478 2545; x_wconf 76' lang='grc' dir='ltr'><strong>καὶ</strong></span> <span class='ocrx_word' id='word_1_272' title='bbox 1523 2492 1964 2564; x_wconf 79' lang='grc' dir='ltr'>σφαγιαζόμενοι,</span> 
     </span>
    </p>
   </div>
   <div class='ocr_carea' id='block_1_40' title="bbox 384 2580 1967 2657">
    <p class='ocr_par' dir='ltr' id='par_1_40' title="bbox 384 2580 1967 2657">
     <span class='ocr_line' id='line_1_40' title="bbox 384 2580 1967 2657; baseline 0.005 -26"><span class='ocrx_word' id='word_1_273' title='bbox 384 2580 472 2634; x_wconf 83' lang='grc' dir='ltr'>διὰ</span> <span class='ocrx_word' id='word_1_274' title='bbox 507 2582 568 2633; x_wconf 86' lang='grc' dir='ltr'><strong>τὸ</strong></span> <span class='ocrx_word' id='word_1_275' title='bbox 607 2582 799 2652; x_wconf 81' lang='grc' dir='ltr'>κιρνᾷν</span> <span class='ocrx_word' id='word_1_276' title='bbox 844 2582 1042 2644; x_wconf 82' lang='grc' dir='ltr'>αὐτοὺς</span> <span class='ocrx_word' id='word_1_277' title='bbox 1081 2580 1160 2651; x_wconf 84' lang='grc' dir='ltr'>τῷ</span> <span class='ocrx_word' id='word_1_278' title='bbox 1184 2582 1285 2653; x_wconf 83' lang='grc' dir='ltr'>τῆς</span> <span class='ocrx_word' id='word_1_279' title='bbox 1308 2583 1562 2652; x_wconf 86' lang='grc' dir='ltr'>γνώσεως</span> <span class='ocrx_word' id='word_1_280' title='bbox 1594 2585 1832 2657; x_wconf 84' lang='grc' dir='ltr'>κρατῆρι</span> <span class='ocrx_word' id='word_1_281' title='bbox 1868 2585 1967 2657; x_wconf 86' lang='grc' dir='ltr'><strong>τὴν</strong></span> 
     </span>
    </p>
   </div>
   <div class='ocr_carea' id='block_1_41' title="bbox 383 2667 1966 2748">
    <p class='ocr_par' dir='ltr' id='par_1_41' title="bbox 383 2667 1966 2748">
     <span class='ocr_line' id='line_1_41' title="bbox 383 2667 1966 2748; baseline 0.006 -24"><span class='ocrx_word' id='word_1_282' title='bbox 383 2672 460 2734; x_wconf 82' lang='grc' dir='ltr'>ὡς</span> <span class='ocrx_word' id='word_1_283' title='bbox 481 2667 620 2725; x_wconf 80' lang='grc' dir='ltr'>οἶνον</span> <span class='ocrx_word' id='word_1_284' title='bbox 643 2673 772 2743; x_wconf 78' lang='grc' dir='ltr'>ἡδὺν</span> <span class='ocrx_word' id='word_1_285' title='bbox 800 2673 1094 2742; x_wconf 79' lang='grc' dir='ltr'>ἐπίγνωσιν</span> <span class='ocrx_word' id='word_1_286' title='bbox 1124 2675 1290 2729; x_wconf 84' lang='grc' dir='ltr'>αὑτοῦ</span> <span class='ocrx_word' id='word_1_287' title='bbox 1311 2679 1420 2741; x_wconf 90' lang='grc' dir='ltr'>τοῖς</span> <span class='ocrx_word' id='word_1_288' title='bbox 1448 2677 1701 2748; x_wconf 85' lang='grc' dir='ltr'>ἐχέφροσι</span> <span class='ocrx_word' id='word_1_289' title='bbox 1721 2695 1736 2708; x_wconf 77' lang='grc'><strong><em>⁸</em></strong></span> <span class='ocrx_word' id='word_1_290' title='bbox 1772 2677 1966 2748; x_wconf 83' lang='grc' dir='ltr'>λέγων,</span> 
     </span>
    </p>
   </div>
   <div class='ocr_carea' id='block_1_42' title="bbox 385 2763 1967 2841">
    <p class='ocr_par' dir='ltr' id='par_1_42' title="bbox 385 2763 1967 2841">
     <span class='ocr_line' id='line_1_42' title="bbox 385 2763 1967 2841; baseline 0.004 -26"><span class='ocrx_word' id='word_1_291' title='bbox 385 2763 474 2834; x_wconf 81' lang='grc' dir='ltr'><strong>Μὴ</strong></span> <span class='ocrx_word' id='word_1_292' title='bbox 508 2765 778 2837; x_wconf 84' lang='grc' dir='ltr'>φοϐηθῆτε</span> <span class='ocrx_word' id='word_1_293' title='bbox 798 2765 905 2819; x_wconf 84' lang='grc' dir='ltr'><strong>ἀπὸ</strong></span> <span class='ocrx_word' id='word_1_294' title='bbox 917 2766 1025 2819; x_wconf 91' lang='grc' dir='ltr'><strong>τῶν</strong></span> <span class='ocrx_word' id='word_1_295' title='bbox 1047 2767 1475 2823; x_wconf 82' lang='grc' dir='ltr'>ἀποκτεινόντων</span> <span class='ocrx_word' id='word_1_296' title='bbox 1497 2769 1556 2822; x_wconf 88' lang='grc' dir='ltr'>τὸ</span> <span class='ocrx_word' id='word_1_297' title='bbox 1580 2769 1760 2841; x_wconf 87' lang='grc' dir='ltr'>σῶμα,</span> <span class='ocrx_word' id='word_1_298' title='bbox 1784 2770 1882 2840; x_wconf 84' lang='grc' dir='ltr'><strong>τὴν</strong></span> <span class='ocrx_word' id='word_1_299' title='bbox 1910 2771 1967 2823; x_wconf 88' lang='grc' dir='ltr'><strong>δέ</strong></span> 
     </span>
    </p>
   </div>
   <div class='ocr_carea' id='block_1_43' title="bbox 383 2854 1967 2936">
    <p class='ocr_par' dir='ltr' id='par_1_43' title="bbox 383 2854 1967 2936">
     <span class='ocr_line' id='line_1_43' title="bbox 383 2854 1967 2936; baseline 0.006 -30"><span class='ocrx_word' id='word_1_300' title='bbox 383 2854 562 2926; x_wconf 77' lang='grc' dir='ltr'>ψυχὴν</span> <span class='ocrx_word' id='word_1_301' title='bbox 595 2855 669 2927; x_wconf 83' lang='grc' dir='ltr'>μὴ</span> <span class='ocrx_word' id='word_1_302' title='bbox 692 2855 1004 2928; x_wconf 83' lang='grc' dir='ltr'>δυναμένων</span> <span class='ocrx_word' id='word_1_303' title='bbox 1029 2861 1379 2914; x_wconf 89' lang='grc' dir='ltr'>ἀποκτεῖναι·</span> <span class='ocrx_word' id='word_1_304' title='bbox 1416 2862 1510 2916; x_wconf 78' lang='grc' dir='ltr'><strong>καὶ</strong></span> <span class='ocrx_word' id='word_1_305' title='bbox 1537 2862 1644 2936; x_wconf 87' lang='grc' dir='ltr'>γὰρ</span> <span class='ocrx_word' id='word_1_306' title='bbox 1673 2863 1836 2926; x_wconf 81' lang='grc' dir='ltr'>αὐτὸς</span> <span class='ocrx_word' id='word_1_307' title='bbox 1867 2865 1967 2916; x_wconf 84' lang='grc' dir='ltr'>αὐ-</span> 
     </span>
    </p>
   </div>
   <div class='ocr_carea' id='block_1_44' title="bbox 383 2946 1968 3024">
    <p class='ocr_par' dir='ltr' id='par_1_44' title="bbox 383 2946 1968 3024">
     <span class='ocr_line' id='line_1_44' title="bbox 383 2946 1968 3024; baseline 0.007 -28"><span class='ocrx_word' id='word_1_308' title='bbox 383 2946 510 3009; x_wconf 74' lang='grc' dir='ltr'>τοὺς</span> <span class='ocrx_word' id='word_1_309' title='bbox 538 2947 859 3016; x_wconf 90' lang='grc' dir='ltr'>ἐσφαγίασε,</span> <span class='ocrx_word' id='word_1_310' title='bbox 899 2950 994 3001; x_wconf 85' lang='grc' dir='ltr'><strong>καί</strong></span> <span class='ocrx_word' id='word_1_311' title='bbox 1032 2950 1343 3018; x_wconf 76' lang='grc' dir='ltr'>σφαγιάζει,</span> <span class='ocrx_word' id='word_1_312' title='bbox 1365 2951 1453 3005; x_wconf 81' lang='grc' dir='ltr'>διὰ</span> <span class='ocrx_word' id='word_1_313' title='bbox 1479 2952 1541 3006; x_wconf 85' lang='grc' dir='ltr'>τὺ</span> <span class='ocrx_word' id='word_1_314' title='bbox 1571 2953 1968 3024; x_wconf 85' lang='grc' dir='ltr'>παρακελεύειν</span> 
     </span>
    </p>
   </div>
   <div class='ocr_carea' id='block_1_45' title="bbox 385 3039 1969 3118">
    <p class='ocr_par' dir='ltr' id='par_1_45' title="bbox 385 3039 1969 3118">
     <span class='ocr_line' id='line_1_45' title="bbox 385 3039 1969 3118; baseline 0.004 -26"><span class='ocrx_word' id='word_1_315' title='bbox 385 3039 551 3101; x_wconf 76' lang='grc' dir='ltr'>αὐτὸς</span> <span class='ocrx_word' id='word_1_316' title='bbox 575 3042 701 3104; x_wconf 82' lang='grc' dir='ltr'>τοὺς</span> <span class='ocrx_word' id='word_1_317' title='bbox 744 3043 825 3104; x_wconf 86' lang='grc' dir='ltr'><strong>είς</strong></span> <span class='ocrx_word' id='word_1_318' title='bbox 870 3042 1036 3095; x_wconf 84' lang='grc' dir='ltr'>αὑτὸν</span> <span class='ocrx_word' id='word_1_319' title='bbox 1070 3045 1423 3108; x_wconf 86' lang='grc' dir='ltr'>πιστεύοντας</span> <span class='ocrx_word' id='word_1_320' title='bbox 1475 3046 1618 3118; x_wconf 84' lang='grc' dir='ltr'>ὑπὲρ</span> <span class='ocrx_word' id='word_1_321' title='bbox 1667 3046 1867 3110; x_wconf 85' lang='grc' dir='ltr'>αὐτοῦ,</span> <span class='ocrx_word' id='word_1_322' title='bbox 1892 3046 1969 3111; x_wconf 84' lang='grc' dir='ltr'>ὡς</span> 
     </span>
    </p>
   </div>
   <div class='ocr_carea' id='block_1_46' title="bbox 385 3132 1286 3206">
    <p class='ocr_par' dir='ltr' id='par_1_46' title="bbox 385 3132 1286 3206">
     <span class='ocr_line' id='line_1_46' title="bbox 385 3132 1286 3206; baseline 0.007 -23"><span class='ocrx_word' id='word_1_323' title='bbox 385 3133 549 3194; x_wconf 83' lang='grc' dir='ltr'>αὐτὸς</span> <span class='ocrx_word' id='word_1_324' title='bbox 577 3132 716 3204; x_wconf 80' lang='grc' dir='ltr'>ὑπὲρ</span> <span class='ocrx_word' id='word_1_325' title='bbox 744 3132 897 3204; x_wconf 82' lang='grc' dir='ltr'>ὑμῶν</span> <span class='ocrx_word' id='word_1_326' title='bbox 929 3133 1286 3206; x_wconf 86' lang='grc' dir='ltr'>ἀποθνήσκει.</span> 
     </span>
    </p>
   </div>
   <div class='ocr_carea' id='block_1_47' title="bbox 2067 1939 3650 2016">
    <p class='ocr_par' dir='ltr' id='par_1_47' title="bbox 2067 1939 3650 2016">
     <span class='ocr_line' id='line_1_47' title="bbox 2067 1939 3650 2016; baseline -0.005 -17"><span class='ocrx_word' id='word_1_327' title='bbox 2067 1959 2260 2016; x_wconf 88' lang='lat' dir='ltr'><strong>nempe</strong></span> <span class='ocrx_word' id='word_1_328' title='bbox 2291 1947 2438 2000; x_wconf 80' lang='lat' dir='ltr'><strong>illam</strong></span> <span class='ocrx_word' id='word_1_329' title='bbox 2470 1961 2592 2016; x_wconf 75' lang='lat' dir='ltr'><strong>qua:</strong></span> <span class='ocrx_word' id='word_1_330' title='bbox 2619 1962 2648 2000; x_wconf 91' lang='lat' dir='ltr'><strong>a</strong></span> <span class='ocrx_word' id='word_1_331' title='bbox 2687 1955 2884 2001; x_wconf 85' lang='lat' dir='ltr'><strong>sancto</strong></span> <span class='ocrx_word' id='word_1_332' title='bbox 2929 1943 3138 2013; x_wconf 80' lang='lat' dir='ltr'><strong>Spiritu</strong></span> <span class='ocrx_word' id='word_1_333' title='bbox 3177 1941 3337 1995; x_wconf 90' lang='lat' dir='ltr'><strong>datur</strong></span> <span class='ocrx_word' id='word_1_334' title='bbox 3379 1939 3650 2009; x_wconf 77' lang='lat' dir='ltr'><strong>religiosis</strong></span> 
     </span>
    </p>
   </div>
   <div class='ocr_carea' id='block_1_48' title="bbox 2068 2031 3651 2108">
    <p class='ocr_par' dir='ltr' id='par_1_48' title="bbox 2068 2031 3651 2108">
     <span class='ocr_line' id='line_1_48' title="bbox 2068 2031 3651 2108; baseline -0.006 -16"><span class='ocrx_word' id='word_1_335' title='bbox 2068 2039 2398 2103; x_wconf 87' lang='lat' dir='ltr'><strong>hominibus,</strong></span> <span class='ocrx_word' id='word_1_336' title='bbox 2460 2054 2556 2106; x_wconf 87' lang='lat' dir='ltr'><strong>per</strong></span> <span class='ocrx_word' id='word_1_337' title='bbox 2598 2055 2762 2108; x_wconf 89' lang='lat' dir='ltr'><strong>quam</strong></span> <span class='ocrx_word' id='word_1_338' title='bbox 2809 2037 2904 2092; x_wconf 85' lang='lat' dir='ltr'><strong>Dei</strong></span> <span class='ocrx_word' id='word_1_339' title='bbox 2946 2048 3163 2107; x_wconf 88' lang='lat' dir='ltr'><strong>quoque</strong></span> <span class='ocrx_word' id='word_1_340' title='bbox 3209 2033 3400 2088; x_wconf 85' lang='lat' dir='ltr'><strong>notitia</strong></span> <span class='ocrx_word' id='word_1_341' title='bbox 3449 2031 3651 2085; x_wconf 87' lang='lat' dir='ltr'><strong>mundo</strong></span> 
     </span>
    </p>
   </div>
   <div class='ocr_carea' id='block_1_49' title="bbox 2068 2117 3648 2195">
    <p class='ocr_par' dir='ltr' id='par_1_49' title="bbox 2068 2117 3648 2195">
     <span class='ocr_line' id='line_1_49' title="bbox 2068 2117 3648 2195; baseline -0.006 -14"><span class='ocrx_word' id='word_1_342' title='bbox 2068 2128 2338 2181; x_wconf 84' lang='lat' dir='ltr'><strong>inclaruit.</strong></span> <span class='ocrx_word' id='word_1_343' title='bbox 2380 2127 2506 2182; x_wconf 86' lang='lat' dir='ltr'><strong>Pari</strong></span> <span class='ocrx_word' id='word_1_344' title='bbox 2549 2128 2713 2182; x_wconf 91' lang='lat' dir='ltr'><strong>modo</strong></span> <span class='ocrx_word' id='word_1_345' title='bbox 2759 2128 2924 2182; x_wconf 89' lang='lat' dir='ltr'><strong>etiam</strong></span> <span class='ocrx_word' id='word_1_346' title='bbox 2969 2117 3648 2195; x_wconf 80' lang='lat' dir='ltr'><strong>enhypostaticumFilium</strong></span> 
     </span>
    </p>
   </div>
   <div class='ocr_carea' id='block_1_50' title="bbox 2067 2211 3652 2288">
    <p class='ocr_par' dir='ltr' id='par_1_50' title="bbox 2067 2211 3652 2288">
     <span class='ocr_line' id='line_1_50' title="bbox 2067 2211 3652 2288; baseline -0.005 -15"><span class='ocrx_word' id='word_1_347' title='bbox 2067 2235 2131 2273; x_wconf 84' lang='lat' dir='ltr'><strong>ac</strong></span> <span class='ocrx_word' id='word_1_348' title='bbox 2155 2219 2387 2274; x_wconf 86' lang='lat' dir='ltr'><strong>Verbum</strong></span> <span class='ocrx_word' id='word_1_349' title='bbox 2419 2220 2537 2282; x_wconf 85' lang='lat' dir='ltr'><strong>Dei,</strong></span> <span class='ocrx_word' id='word_1_350' title='bbox 2564 2235 2593 2274; x_wconf 90' lang='lat' dir='ltr'><strong>a</strong></span> <span class='ocrx_word' id='word_1_351' title='bbox 2619 2219 2773 2287; x_wconf 87' lang='lat' dir='ltr'><strong>cujus</strong></span> <span class='ocrx_word' id='word_1_352' title='bbox 2794 2219 3060 2288; x_wconf 82' lang='lat' dir='ltr'><strong>sapientia</strong></span> <span class='ocrx_word' id='word_1_353' title='bbox 3084 2215 3267 2272; x_wconf 86' lang='lat' dir='ltr'><strong>omnia</strong></span> <span class='ocrx_word' id='word_1_354' title='bbox 3297 2231 3361 2270; x_wconf 80' lang='lat' dir='ltr'><strong>ex</strong></span> <span class='ocrx_word' id='word_1_355' title='bbox 3387 2214 3556 2268; x_wconf 89' lang='lat' dir='ltr'><strong>nihilo</strong></span> <span class='ocrx_word' id='word_1_356' title='bbox 3583 2211 3652 2266; x_wconf 90' lang='lat' dir='ltr'><strong>ad</strong></span> 
     </span>
    </p>
   </div>
   <div class='ocr_carea' id='block_1_51' title="bbox 2066 2311 3652 2366">
    <p class='ocr_par' dir='ltr' id='par_1_51' title="bbox 2066 2311 3652 2366">
     <span class='ocr_line' id='line_1_51' title="bbox 2066 2311 3652 2366; baseline -0.001 -2"><span class='ocrx_word' id='word_1_357' title='bbox 2066 2311 2443 2366; x_wconf 83' lang='lat' dir='ltr'><strong>cxsislendum</strong></span> <span class='ocrx_word' id='word_1_358' title='bbox 2483 2312 2682 2366; x_wconf 86' lang='lat' dir='ltr'><strong>educta</strong></span> <span class='ocrx_word' id='word_1_359' title='bbox 2707 2312 2948 2365; x_wconf 83' lang='lat' dir='ltr'><strong>fuerunt.</strong></span> <span class='ocrx_word' id='word_1_360' title='bbox 3647 2320 3652 2327; x_wconf 96' lang='lat'>&#39;</span> 
     </span>
    </p>
   </div>
   <div class='ocr_carea' id='block_1_52' title="bbox 2139 2399 3651 2471">
    <p class='ocr_par' dir='ltr' id='par_1_52' title="bbox 2139 2399 3651 2471">
     <span class='ocr_line' id='line_1_52' title="bbox 2139 2399 3651 2471; baseline -0.004 -15"><span class='ocrx_word' id='word_1_361' title='bbox 2139 2403 2184 2434; x_wconf 72' lang='grc'><strong>⁸⁸</strong></span> <span class='ocrx_word' id='word_1_362' title='bbox 2225 2401 2485 2457; x_wconf 90' lang='lat' dir='ltr'><strong>Victimas</strong></span> <span class='ocrx_word' id='word_1_363' title='bbox 2530 2403 2634 2457; x_wconf 92' lang='lat' dir='ltr'><strong>hoc</strong></span> <span class='ocrx_word' id='word_1_364' title='bbox 2679 2403 2797 2458; x_wconf 90' lang='lat' dir='ltr'><strong>loco</strong></span> <span class='ocrx_word' id='word_1_365' title='bbox 2839 2402 2970 2456; x_wconf 83' lang='lat' dir='ltr'><strong>dicit</strong></span> <span class='ocrx_word' id='word_1_366' title='bbox 3011 2399 3328 2471; x_wconf 82' lang='lat' dir='ltr'><strong>prephctas,</strong></span> <span class='ocrx_word' id='word_1_367' title='bbox 3378 2403 3651 2466; x_wconf 84' lang='lat' dir='ltr'><strong>quotquot</strong></span> 
     </span>
    </p>
   </div>
   <div class='ocr_carea' id='block_1_53' title="bbox 2068 2487 3648 2564">
    <p class='ocr_par' dir='ltr' id='par_1_53' title="bbox 2068 2487 3648 2564">
     <span class='ocr_line' id='line_1_53' title="bbox 2068 2487 3648 2564; baseline -0.006 -15"><span class='ocrx_word' id='word_1_368' title='bbox 2068 2493 2271 2549; x_wconf 84' lang='lat' dir='ltr'><strong>Christi</strong></span> <span class='ocrx_word' id='word_1_369' title='bbox 2313 2493 2690 2549; x_wconf 84' lang='lat' dir='ltr'><strong>adhortatione</strong></span> <span class='ocrx_word' id='word_1_370' title='bbox 2739 2493 2936 2564; x_wconf 82' lang='lat' dir='ltr'><strong>signati</strong></span> <span class='ocrx_word' id='word_1_371' title='bbox 2981 2501 3037 2548; x_wconf 90' lang='lat' dir='ltr'><strong>et</strong></span> <span class='ocrx_word' id='word_1_372' title='bbox 3085 2490 3346 2545; x_wconf 90' lang='lat' dir='ltr'><strong>immolati</strong></span> <span class='ocrx_word' id='word_1_373' title='bbox 3404 2487 3648 2546; x_wconf 84' lang='lat' dir='ltr'><strong>fuerunt,</strong></span> 
     </span>
    </p>
   </div>
   <div class='ocr_carea' id='block_1_54' title="bbox 2068 2577 3652 2655">
    <p class='ocr_par' dir='ltr' id='par_1_54' title="bbox 2068 2577 3652 2655">
     <span class='ocr_line' id='line_1_54' title="bbox 2068 2577 3652 2655; baseline -0.006 -15"><span class='ocrx_word' id='word_1_374' title='bbox 2068 2586 2194 2640; x_wconf 90' lang='lat' dir='ltr'><strong>dum</strong></span> <span class='ocrx_word' id='word_1_375' title='bbox 2247 2585 2300 2639; x_wconf 94' lang='lat' dir='ltr'><strong>in</strong></span> <span class='ocrx_word' id='word_1_376' title='bbox 2337 2585 2583 2640; x_wconf 58' lang='lat' dir='ltr'><strong>scientia</strong></span> <span class='ocrx_word' id='word_1_377' title='bbox 2623 2594 2844 2640; x_wconf 83' lang='lat' dir='ltr'><strong>cratere</strong></span> <span class='ocrx_word' id='word_1_378' title='bbox 2889 2583 3249 2655; x_wconf 89' lang='lat' dir='ltr'><strong>propinareut</strong></span> <span class='ocrx_word' id='word_1_379' title='bbox 3302 2578 3457 2649; x_wconf 91' lang='lat' dir='ltr'><strong>quasi</strong></span> <span class='ocrx_word' id='word_1_380' title='bbox 3495 2577 3652 2632; x_wconf 92' lang='lat' dir='ltr'><strong>dulce</strong></span> 
     </span>
    </p>
   </div>
   <div class='ocr_carea' id='block_1_55' title="bbox 2067 2670 3651 2733">
    <p class='ocr_par' dir='ltr' id='par_1_55' title="bbox 2067 2670 3651 2733">
     <span class='ocr_line' id='line_1_55' title="bbox 2067 2670 3651 2733; baseline -0.006 -1"><span class='ocrx_word' id='word_1_381' title='bbox 2067 2679 2251 2732; x_wconf 88' lang='lat' dir='ltr'><strong>vinum</strong></span> <span class='ocrx_word' id='word_1_382' title='bbox 2304 2679 2460 2733; x_wconf 68' lang='lat' dir='ltr'><strong>bona-</strong></span> <span class='ocrx_word' id='word_1_383' title='bbox 2507 2678 2706 2733; x_wconf 91' lang='lat' dir='ltr'><strong>mentis</strong></span> <span class='ocrx_word' id='word_1_384' title='bbox 2753 2677 3067 2732; x_wconf 92' lang='lat' dir='ltr'><strong>hominibus</strong></span> <span class='ocrx_word' id='word_1_385' title='bbox 3118 2673 3322 2730; x_wconf 89' lang='lat' dir='ltr'><strong>Christi</strong></span> <span class='ocrx_word' id='word_1_386' title='bbox 3377 2670 3651 2731; x_wconf 83' lang='lat' dir='ltr'><strong>notitiam,</strong></span> 
     </span>
    </p>
   </div>
   <div class='ocr_carea' id='block_1_56' title="bbox 2069 2761 3651 2838">
    <p class='ocr_par' dir='ltr' id='par_1_56' title="bbox 2069 2761 3651 2838">
     <span class='ocr_line' id='line_1_56' title="bbox 2069 2761 3651 2838; baseline -0.008 -13"><span class='ocrx_word' id='word_1_387' title='bbox 2069 2770 2302 2826; x_wconf 88' lang='lat' dir='ltr'><strong>dicentis</strong></span> <span class='ocrx_word' id='word_1_388' title='bbox 2329 2769 2440 2825; x_wconf 87' lang='lat' dir='ltr'><strong>:Ne</strong></span> <span class='ocrx_word' id='word_1_389' title='bbox 2470 2770 2708 2824; x_wconf 90' lang='lat' dir='ltr'><strong>timeatis</strong></span> <span class='ocrx_word' id='word_1_390' title='bbox 2737 2784 2832 2825; x_wconf 90' lang='lat' dir='ltr'><strong>cos</strong></span> <span class='ocrx_word' id='word_1_391' title='bbox 2865 2770 2956 2838; x_wconf 89' lang='lat' dir='ltr'><strong>qui</strong></span> <span class='ocrx_word' id='word_1_392' title='bbox 2985 2767 3242 2823; x_wconf 90' lang='lat' dir='ltr'><strong>occidunt</strong></span> <span class='ocrx_word' id='word_1_393' title='bbox 3271 2777 3489 2832; x_wconf 85' lang='lat' dir='ltr'><strong>corpus,</strong></span> <span class='ocrx_word' id='word_1_394' title='bbox 3532 2761 3651 2814; x_wconf 83' lang='lat' dir='ltr'><strong>ani-</strong></span> 
     </span>
    </p>
   </div>
   <div class='ocr_carea' id='block_1_57' title="bbox 2071 2851 3652 2930">
    <p class='ocr_par' dir='ltr' id='par_1_57' title="bbox 2071 2851 3652 2930">
     <span class='ocr_line' id='line_1_57' title="bbox 2071 2851 3652 2930; baseline -0.006 -15"><span class='ocrx_word' id='word_1_395' title='bbox 2071 2877 2213 2916; x_wconf 88' lang='lat' dir='ltr'><strong>mam</strong></span> <span class='ocrx_word' id='word_1_396' title='bbox 2255 2871 2434 2916; x_wconf 91' lang='lat' dir='ltr'><strong>autem</strong></span> <span class='ocrx_word' id='word_1_397' title='bbox 2470 2878 2574 2917; x_wconf 94' lang='lat' dir='ltr'><strong>non</strong></span> <span class='ocrx_word' id='word_1_398' title='bbox 2625 2869 2852 2930; x_wconf 86' lang='lat' dir='ltr'><strong>possunt</strong></span> <span class='ocrx_word' id='word_1_399' title='bbox 2883 2860 3156 2915; x_wconf 89' lang='lat' dir='ltr'><strong>occidere.</strong></span> <span class='ocrx_word' id='word_1_400' title='bbox 3192 2857 3351 2911; x_wconf 83' lang='lat' dir='ltr'><strong>Certe</strong></span> <span class='ocrx_word' id='word_1_401' title='bbox 3381 2855 3494 2922; x_wconf 89' lang='lat' dir='ltr'><strong>ipse</strong></span> <span class='ocrx_word' id='word_1_402' title='bbox 3525 2851 3652 2907; x_wconf 82' lang='lat' dir='ltr'><strong>illos</strong></span> 
     </span>
    </p>
   </div>
   <div class='ocr_carea' id='block_1_58' title="bbox 2069 2943 3650 3023">
    <p class='ocr_par' dir='ltr' id='par_1_58' title="bbox 2069 2943 3650 3023">
     <span class='ocr_line' id='line_1_58' title="bbox 2069 2943 3650 3023; baseline -0.008 -18"><span class='ocrx_word' id='word_1_403' title='bbox 2069 2953 2468 3023; x_wconf 88' lang='lat' dir='ltr'><strong>quodammodo</strong></span> <span class='ocrx_word' id='word_1_404' title='bbox 2517 2951 2836 3015; x_wconf 84' lang='lat' dir='ltr'><strong>immolavit,</strong></span> <span class='ocrx_word' id='word_1_405' title='bbox 2882 2959 2938 3005; x_wconf 90' lang='lat' dir='ltr'><strong>et</strong></span> <span class='ocrx_word' id='word_1_406' title='bbox 2980 2951 3161 3004; x_wconf 89' lang='lat' dir='ltr'><strong>adhuc</strong></span> <span class='ocrx_word' id='word_1_407' title='bbox 3205 2945 3476 3006; x_wconf 85' lang='lat' dir='ltr'><strong>immolat,</strong></span> <span class='ocrx_word' id='word_1_408' title='bbox 3520 2943 3650 2996; x_wconf 89' lang='lat' dir='ltr'><strong>dum</strong></span> 
     </span>
    </p>
   </div>
   <div class='ocr_carea' id='block_1_59' title="bbox 2071 3036 3648 3107">
    <p class='ocr_par' dir='ltr' id='par_1_59' title="bbox 2071 3036 3648 3107">
     <span class='ocr_line' id='line_1_59' title="bbox 2071 3036 3648 3107; baseline -0.008 -10"><span class='ocrx_word' id='word_1_409' title='bbox 2071 3045 2294 3097; x_wconf 83' lang='lat' dir='ltr'><strong>mandat</strong></span> <span class='ocrx_word' id='word_1_410' title='bbox 2324 3043 2389 3098; x_wconf 89' lang='lat' dir='ltr'><strong>iis</strong></span> <span class='ocrx_word' id='word_1_411' title='bbox 2413 3043 2502 3105; x_wconf 89' lang='lat' dir='ltr'><strong>qui</strong></span> <span class='ocrx_word' id='word_1_412' title='bbox 2530 3042 2633 3097; x_wconf 93' lang='lat' dir='ltr'><strong>sibi</strong></span> <span class='ocrx_word' id='word_1_413' title='bbox 2658 3042 2891 3096; x_wconf 87' lang='lat' dir='ltr'><strong>credunt</strong></span> <span class='ocrx_word' id='word_1_414' title='bbox 2915 3043 2988 3096; x_wconf 91' lang='lat' dir='ltr'><strong>ita</strong></span> <span class='ocrx_word' id='word_1_415' title='bbox 3021 3039 3182 3104; x_wconf 90' lang='lat' dir='ltr'><strong>mori,</strong></span> <span class='ocrx_word' id='word_1_416' title='bbox 3219 3046 3381 3107; x_wconf 89' lang='lat' dir='ltr'><strong>prout</strong></span> <span class='ocrx_word' id='word_1_417' title='bbox 3402 3036 3518 3105; x_wconf 87' lang='lat' dir='ltr'><strong>ipse</strong></span> <span class='ocrx_word' id='word_1_418' title='bbox 3545 3049 3648 3102; x_wconf 91' lang='lat' dir='ltr'><strong>pro</strong></span> 
     </span>
    </p>
   </div>
   <div class='ocr_carea' id='block_1_60' title="bbox 2071 3137 2637 3191">
    <p class='ocr_par' dir='ltr' id='par_1_60' title="bbox 2071 3137 2637 3191">
     <span class='ocr_line' id='line_1_60' title="bbox 2071 3137 2637 3191; baseline -0.002 0"><span class='ocrx_word' id='word_1_419' title='bbox 2071 3137 2228 3191; x_wconf 81' lang='lat' dir='ltr'><strong>vobis</strong></span> <span class='ocrx_word' id='word_1_420' title='bbox 2253 3147 2499 3190; x_wconf 86' lang='lat' dir='ltr'><strong>mortuus</strong></span> <span class='ocrx_word' id='word_1_421' title='bbox 2527 3146 2637 3190; x_wconf 85' lang='lat' dir='ltr'><strong>est.</strong></span> 
     </span>
    </p>
   </div>
   <div class='ocr_carea' id='block_1_61' title="bbox 457 3203 1968 3302">
    <p class='ocr_par' dir='ltr' id='par_1_61' title="bbox 457 3203 1968 3302">
     <span class='ocr_line' id='line_1_61' title="bbox 457 3203 1968 3302; baseline 0.007 -28"><span class='ocrx_word' id='word_1_422' title='bbox 457 3223 519 3276; x_wconf 82' lang='lat' dir='ltr'><strong>Ei</strong></span> <span class='ocrx_word' id='word_1_423' title='bbox 551 3203 763 3286; x_wconf 87' lang='grc' dir='ltr'>Παῦλος</span> <span class='ocrx_word' id='word_1_424' title='bbox 793 3226 822 3277; x_wconf 84' lang='grc' dir='ltr'>ὁ</span> <span class='ocrx_word' id='word_1_425' title='bbox 848 3203 1145 3289; x_wconf 80' lang='grc' dir='ltr'>ἀπόστολος</span> <span class='ocrx_word' id='word_1_426' title='bbox 1176 3226 1360 3291; x_wconf 90' lang='grc' dir='ltr'>δοῦλος</span> <span class='ocrx_word' id='word_1_427' title='bbox 1401 3227 1638 3300; x_wconf 88' lang='grc' dir='ltr'>Χριστοῦ</span> <span class='ocrx_word' id='word_1_428' title='bbox 1662 3268 1676 3293; x_wconf 93' lang='grc'><strong>,</strong></span> <span class='ocrx_word' id='word_1_429' title='bbox 1701 3231 1730 3284; x_wconf 90' lang='grc' dir='ltr'><strong>ό</strong></span> <span class='ocrx_word' id='word_1_430' title='bbox 1748 3230 1804 3284; x_wconf 88' lang='grc' dir='ltr'><strong>δέ</strong></span> <span class='ocrx_word' id='word_1_431' title='bbox 1830 3232 1968 3302; x_wconf 90' lang='grc' dir='ltr'>Χρι-</span> 
     </span>
    </p>
   </div>
   <div class='ocr_carea' id='block_1_62' title="bbox 2069 3203 3656 3302">
    <p class='ocr_par' dir='ltr' id='par_1_62' title="bbox 2141 3217 3656 3297">
     <span class='ocr_line' id='line_1_62' title="bbox 2141 3217 3656 3297; baseline -0.009 -13"><span class='ocrx_word' id='word_1_432' title='bbox 2141 3229 2188 3261; x_wconf 83' lang='grc'><strong>⁹⁰</strong></span> <span class='ocrx_word' id='word_1_433' title='bbox 2237 3227 2294 3283; x_wconf 92' lang='lat' dir='ltr'><strong>Si</strong></span> <span class='ocrx_word' id='word_1_434' title='bbox 2337 3227 2538 3282; x_wconf 90' lang='lat' dir='ltr'><strong>Paulus</strong></span> <span class='ocrx_word' id='word_1_435' title='bbox 2576 3226 2850 3297; x_wconf 90' lang='lat' dir='ltr'><strong>apostolus</strong></span> <span class='ocrx_word' id='word_1_436' title='bbox 2876 3238 3069 3280; x_wconf 90' lang='lat' dir='ltr'><strong>servus</strong></span> <span class='ocrx_word' id='word_1_437' title='bbox 3110 3220 3352 3283; x_wconf 85' lang='lat' dir='ltr'><strong>Christi,</strong></span> <span class='ocrx_word' id='word_1_438' title='bbox 3404 3217 3656 3274; x_wconf 78' lang='lat' dir='ltr'><strong>Christus</strong></span> 
     </span>
    </p>
   </div>
   <div class='ocr_carea' id='block_1_63' title="bbox 390 3315 1970 3394">
    <p class='ocr_par' dir='ltr' id='par_1_63' title="bbox 390 3315 1970 3394">
     <span class='ocr_line' id='line_1_63' title="bbox 390 3315 1970 3394; baseline 0.006 -27"><span class='ocrx_word' id='word_1_439' title='bbox 390 3315 510 3379; x_wconf 84' lang='grc' dir='ltr'>στδς</span> <span class='ocrx_word' id='word_1_440' title='bbox 534 3316 694 3385; x_wconf 87' lang='grc' dir='ltr'>σοφία</span> <span class='ocrx_word' id='word_1_441' title='bbox 721 3318 872 3380; x_wconf 78' lang='grc' dir='ltr'>ἐστὶ,</span> <span class='ocrx_word' id='word_1_442' title='bbox 902 3319 1113 3383; x_wconf 87' lang='grc' dir='ltr'>Παῦλος</span> <span class='ocrx_word' id='word_1_443' title='bbox 1137 3319 1246 3392; x_wconf 80' lang='grc' dir='ltr'>γὰρ</span> <span class='ocrx_word' id='word_1_444' title='bbox 1275 3323 1304 3373; x_wconf 85' lang='grc' dir='ltr'>ὁ</span> <span class='ocrx_word' id='word_1_445' title='bbox 1336 3321 1634 3385; x_wconf 87' lang='grc' dir='ltr'>ἀπόστολος</span> <span class='ocrx_word' id='word_1_446' title='bbox 1659 3321 1843 3386; x_wconf 85' lang='grc' dir='ltr'>δοῦλος</span> <span class='ocrx_word' id='word_1_447' title='bbox 1872 3324 1970 3394; x_wconf 88' lang='grc' dir='ltr'>τῆς</span> 
     </span>
    </p>
   </div>
   <div class='ocr_carea' id='block_1_64' title="bbox 389 3408 1966 3477">
    <p class='ocr_par' dir='ltr' id='par_1_64' title="bbox 389 3408 1966 3477">
     <span class='ocr_line' id='line_1_64' title="bbox 389 3408 1966 3477; baseline 0.004 -16"><span class='ocrx_word' id='word_1_448' title='bbox 389 3408 579 3477; x_wconf 89' lang='grc' dir='ltr'>σοφίας</span> <span class='ocrx_word' id='word_1_449' title='bbox 611 3409 758 3463; x_wconf 86' lang='grc' dir='ltr'>ἐστίν</span> <span class='ocrx_word' id='word_1_450' title='bbox 777 3426 791 3439; x_wconf 72' lang='grc' dir='ltr'><strong>ο</strong></span> <span class='ocrx_word' id='word_1_451' title='bbox 830 3409 1093 3475; x_wconf 85' lang='grc' dir='ltr'>ὡσαύτως</span> <span class='ocrx_word' id='word_1_452' title='bbox 1124 3412 1218 3464; x_wconf 73' lang='grc' dir='ltr'><strong>καὶ</strong></span> <span class='ocrx_word' id='word_1_453' title='bbox 1249 3411 1468 3466; x_wconf 79' lang='grc' dir='ltr'>ἐπὶτῶν</span> <span class='ocrx_word' id='word_1_454' title='bbox 1492 3412 1693 3465; x_wconf 86' lang='grc' dir='ltr'>λοιπῶν</span> <span class='ocrx_word' id='word_1_455' title='bbox 1729 3413 1966 3468; x_wconf 86' lang='grc' dir='ltr'>ἀποστό-</span> 
     </span>
    </p>
   </div>
   <div class='ocr_carea' id='block_1_65' title="bbox 387 3497 1969 3579">
    <p class='ocr_par' dir='ltr' id='par_1_65' title="bbox 387 3497 1969 3579">
     <span class='ocr_line' id='line_1_65' title="bbox 387 3497 1969 3579; baseline 0.006 -27"><span class='ocrx_word' id='word_1_456' title='bbox 387 3499 494 3552; x_wconf 90' lang='grc' dir='ltr'><strong>λων</strong></span> <span class='ocrx_word' id='word_1_457' title='bbox 526 3502 622 3554; x_wconf 74' lang='grc' dir='ltr'><strong>καὶ</strong></span> <span class='ocrx_word' id='word_1_458' title='bbox 649 3503 942 3572; x_wconf 79' lang='grc' dir='ltr'>προφητῶν</span> <span class='ocrx_word' id='word_1_459' title='bbox 968 3503 1060 3557; x_wconf 80' lang='grc' dir='ltr'><strong>τὸν</strong></span> <span class='ocrx_word' id='word_1_460' title='bbox 1089 3503 1246 3573; x_wconf 87' lang='grc' dir='ltr'>λόγον</span> <span class='ocrx_word' id='word_1_461' title='bbox 1278 3497 1597 3576; x_wconf 80' lang='grc' dir='ltr'>συνάξομεν,</span> <span class='ocrx_word' id='word_1_462' title='bbox 1631 3505 1848 3572; x_wconf 90' lang='grc' dir='ltr'>δούλους</span> <span class='ocrx_word' id='word_1_463' title='bbox 1872 3508 1969 3579; x_wconf 78' lang='grc' dir='ltr'>τῆς</span> 
     </span>
    </p>
   </div>
   <div class='ocr_carea' id='block_1_66' title="bbox 390 3591 1202 3662">
    <p class='ocr_par' dir='ltr' id='par_1_66' title="bbox 390 3591 1202 3662">
     <span class='ocr_line' id='line_1_66' title="bbox 390 3591 1202 3662; baseline 0.006 -17"><span class='ocrx_word' id='word_1_464' title='bbox 390 3591 582 3662; x_wconf 82' lang='grc' dir='ltr'>σοφίας</span> <span class='ocrx_word' id='word_1_465' title='bbox 608 3593 773 3646; x_wconf 84' lang='grc' dir='ltr'>αὐτοῦ</span> <span class='ocrx_word' id='word_1_466' title='bbox 802 3594 1202 3662; x_wconf 80' lang='grc' dir='ltr'>ἀποδείξαντες.</span> 
     </span>
    </p>
   </div>
   <div class='ocr_carea' id='block_1_67' title="bbox 459 3684 1972 3756">
    <p class='ocr_par' dir='ltr' id='par_1_67' title="bbox 459 3684 1972 3756">
     <span class='ocr_line' id='line_1_67' title="bbox 459 3684 1972 3756; baseline 0.003 -20"><span class='ocrx_word' id='word_1_467' title='bbox 459 3684 536 3736; x_wconf 84' lang='grc' dir='ltr'><strong>Οὐ</strong></span> <span class='ocrx_word' id='word_1_468' title='bbox 562 3684 646 3736; x_wconf 87' lang='grc' dir='ltr'><strong>δεῖ</strong></span> <span class='ocrx_word' id='word_1_469' title='bbox 678 3684 1091 3754; x_wconf 80' lang='grc' dir='ltr'>ἁμαρτάνοντας</span> <span class='ocrx_word' id='word_1_470' title='bbox 1134 3684 1376 3756; x_wconf 76' lang='grc' dir='ltr'>ἐλέγχειν</span> <span class='ocrx_word' id='word_1_471' title='bbox 1408 3687 1535 3750; x_wconf 83' lang='grc' dir='ltr'>τοὺς</span> <span class='ocrx_word' id='word_1_472' title='bbox 1567 3687 1803 3752; x_wconf 81' lang='grc' dir='ltr'>κακοὺς,</span> <span class='ocrx_word' id='word_1_473' title='bbox 1836 3686 1972 3740; x_wconf 89' lang='grc' dir='ltr'><strong>ἀλλά</strong></span> 
     </span>
    </p>
   </div>
   <div class='ocr_carea' id='block_1_68' title="bbox 389 3775 1972 3848">
    <p class='ocr_par' dir='ltr' id='par_1_68' title="bbox 389 3775 1972 3848">
     <span class='ocr_line' id='line_1_68' title="bbox 389 3775 1972 3848; baseline 0.003 -20"><span class='ocrx_word' id='word_1_474' title='bbox 389 3776 518 3847; x_wconf 82' lang='grc' dir='ltr'>περὶ</span> <span class='ocrx_word' id='word_1_475' title='bbox 556 3775 701 3829; x_wconf 86' lang='grc' dir='ltr'>θείου</span> <span class='ocrx_word' id='word_1_476' title='bbox 736 3776 901 3844; x_wconf 87' lang='grc' dir='ltr'>φόϐου</span> <span class='ocrx_word' id='word_1_477' title='bbox 931 3777 1129 3840; x_wconf 81' lang='grc' dir='ltr'>αὐτοὺς</span> <span class='ocrx_word' id='word_1_478' title='bbox 1177 3777 1616 3848; x_wconf 83' lang='grc' dir='ltr'>ὑπομιμνήσκειν</span> <span class='ocrx_word' id='word_1_479' title='bbox 1639 3819 1654 3842; x_wconf 84' lang='grc'><strong>,</strong></span> <span class='ocrx_word' id='word_1_480' title='bbox 1686 3780 1835 3843; x_wconf 81' lang='grc' dir='ltr'>ὅστις</span> <span class='ocrx_word' id='word_1_481' title='bbox 1876 3779 1972 3833; x_wconf 85' lang='grc' dir='ltr'>αύ-</span> 
     </span>
    </p>
   </div>
   <div class='ocr_carea' id='block_1_69' title="bbox 387 3867 1973 3944">
    <p class='ocr_par' dir='ltr' id='par_1_69' title="bbox 387 3867 1973 3944">
     <span class='ocr_line' id='line_1_69' title="bbox 387 3867 1973 3944; baseline 0.004 -25"><span class='ocrx_word' id='word_1_482' title='bbox 387 3869 514 3932; x_wconf 77' lang='grc' dir='ltr'>τοὺς</span> <span class='ocrx_word' id='word_1_483' title='bbox 539 3867 835 3938; x_wconf 88' lang='grc' dir='ltr'>ἀποστήσει</span> <span class='ocrx_word' id='word_1_484' title='bbox 857 3868 956 3936; x_wconf 84' lang='grc' dir='ltr'>τῆς</span> <span class='ocrx_word' id='word_1_485' title='bbox 976 3867 1174 3932; x_wconf 87' lang='grc' dir='ltr'>κακίας</span> <span class='ocrx_word' id='word_1_486' title='bbox 1190 3886 1202 3898; x_wconf 90' lang='grc'><strong>·</strong></span> <span class='ocrx_word' id='word_1_487' title='bbox 1227 3868 1260 3939; x_wconf 82' lang='grc' dir='ltr'>ἦ</span> <span class='ocrx_word' id='word_1_488' title='bbox 1286 3871 1489 3934; x_wconf 78' lang='grc' dir='ltr'>κακοὺς</span> <span class='ocrx_word' id='word_1_489' title='bbox 1511 3871 1636 3932; x_wconf 81' lang='grc' dir='ltr'>τοὺς</span> <span class='ocrx_word' id='word_1_490' title='bbox 1660 3872 1768 3924; x_wconf 85' lang='grc' dir='ltr'><strong>ἀπὸ</strong></span> <span class='ocrx_word' id='word_1_491' title='bbox 1793 3873 1973 3944; x_wconf 81' lang='grc' dir='ltr'>ἁμαρ-</span> 
     </span>
    </p>
   </div>
   <div class='ocr_carea' id='block_1_70' title="bbox 387 3959 1973 4035">
    <p class='ocr_par' dir='ltr' id='par_1_70' title="bbox 387 3959 1973 4035">
     <span class='ocr_line' id='line_1_70' title="bbox 387 3959 1973 4035; baseline 0.003 -23"><span class='ocrx_word' id='word_1_492' title='bbox 387 3959 511 4022; x_wconf 87' lang='grc' dir='ltr'>τίας</span> <span class='ocrx_word' id='word_1_493' title='bbox 537 3959 984 4032; x_wconf 81' lang='grc' dir='ltr'>ἐπιστρέφοντας,</span> <span class='ocrx_word' id='word_1_494' title='bbox 1017 3961 1110 4013; x_wconf 78' lang='grc' dir='ltr'>καὶ</span> <span class='ocrx_word' id='word_1_495' title='bbox 1145 3960 1396 4025; x_wconf 83' lang='grc' dir='ltr'>θέλοντας</span> <span class='ocrx_word' id='word_1_496' title='bbox 1425 3962 1598 4015; x_wconf 80' lang='grc' dir='ltr'>ἐλθεῖν</span> <span class='ocrx_word' id='word_1_497' title='bbox 1625 3963 1760 4034; x_wconf 83' lang='grc' dir='ltr'>πρὸς</span> <span class='ocrx_word' id='word_1_498' title='bbox 1806 3964 1973 4035; x_wconf 77' lang='grc' dir='ltr'>μετά-</span> 
     </span>
    </p>
   </div>
   <div class='ocr_carea' id='block_1_71' title="bbox 389 4056 1973 4128">
    <p class='ocr_par' dir='ltr' id='par_1_71' title="bbox 389 4056 1973 4128">
     <span class='ocr_line' id='line_1_71' title="bbox 389 4056 1973 4128; baseline 0.003 -20"><span class='ocrx_word' id='word_1_499' title='bbox 389 4072 572 4110; x_wconf 84' lang='grc' dir='ltr'>νοιαν⁶</span> <span class='ocrx_word' id='word_1_500' title='bbox 620 4056 808 4128; x_wconf 80' lang='grc' dir='ltr'>ἀκμὴν</span> <span class='ocrx_word' id='word_1_501' title='bbox 849 4056 907 4109; x_wconf 84' lang='grc' dir='ltr'>δὲ</span> <span class='ocrx_word' id='word_1_502' title='bbox 955 4057 1158 4120; x_wconf 74' lang='grc' dir='ltr'>κακοὺς</span> <span class='ocrx_word' id='word_1_503' title='bbox 1212 4057 1390 4120; x_wconf 78' lang='grc' dir='ltr'>ὄντας</span> <span class='ocrx_word' id='word_1_504' title='bbox 1423 4060 1516 4111; x_wconf 80' lang='grc' dir='ltr'><strong>καὶ</strong></span> <span class='ocrx_word' id='word_1_505' title='bbox 1561 4057 1973 4128; x_wconf 85' lang='grc' dir='ltr'>τυφλώττοντας</span> 
     </span>
    </p>
   </div>
   <div class='ocr_carea' id='block_1_72' title="bbox 390 4146 1973 4220">
    <p class='ocr_par' dir='ltr' id='par_1_72' title="bbox 390 4146 1973 4220">
     <span class='ocr_line' id='line_1_72' title="bbox 390 4146 1973 4220; baseline 0.001 -20"><span class='ocrx_word' id='word_1_506' title='bbox 390 4147 628 4218; x_wconf 84' lang='grc' dir='ltr'>ὑπόμενε</span> <span class='ocrx_word' id='word_1_507' title='bbox 654 4163 664 4176; x_wconf 77' lang='grc'>³</span> <span class='ocrx_word' id='word_1_508' title='bbox 695 4149 788 4202; x_wconf 75' lang='grc' dir='ltr'><strong>καὶ</strong></span> <span class='ocrx_word' id='word_1_509' title='bbox 825 4146 899 4217; x_wconf 87' lang='grc' dir='ltr'><strong>μὴ</strong></span> <span class='ocrx_word' id='word_1_510' title='bbox 933 4147 1052 4200; x_wconf 83' lang='grc' dir='ltr'>καθ’</span> <span class='ocrx_word' id='word_1_511' title='bbox 1078 4147 1137 4201; x_wconf 84' lang='grc' dir='ltr'><strong>ἐν</strong></span> <span class='ocrx_word' id='word_1_512' title='bbox 1170 4148 1391 4218; x_wconf 86' lang='grc' dir='ltr'>σφάλμα</span> <span class='ocrx_word' id='word_1_513' title='bbox 1422 4148 1630 4218; x_wconf 77' lang='grc' dir='ltr'>ἔλεγχε,</span> <span class='ocrx_word' id='word_1_514' title='bbox 1659 4149 1748 4202; x_wconf 90' lang='grc' dir='ltr'><strong>ῖνα</strong></span> <span class='ocrx_word' id='word_1_515' title='bbox 1779 4149 1853 4220; x_wconf 80' lang='grc' dir='ltr'><strong>μὴ</strong></span> <span class='ocrx_word' id='word_1_516' title='bbox 1893 4152 1973 4212; x_wconf 84' lang='grc' dir='ltr'><strong>είς</strong></span> 
     </span>
    </p>
   </div>
   <div class='ocr_carea' id='block_1_73' title="bbox 394 4238 1972 4309">
    <p class='ocr_par' dir='ltr' id='par_1_73' title="bbox 394 4238 1972 4309">
     <span class='ocr_line' id='line_1_73' title="bbox 394 4238 1972 4309; baseline 0.002 -18"><span class='ocrx_word' id='word_1_517' title='bbox 394 4240 550 4309; x_wconf 88' lang='grc' dir='ltr'>μῖσος</span> <span class='ocrx_word' id='word_1_518' title='bbox 586 4241 652 4291; x_wconf 90' lang='grc' dir='ltr'><strong>ἐκ</strong></span> <span class='ocrx_word' id='word_1_519' title='bbox 682 4239 982 4309; x_wconf 86' lang='grc' dir='ltr'>προοιμίων</span> <span class='ocrx_word' id='word_1_520' title='bbox 1027 4238 1250 4294; x_wconf 80' lang='grc' dir='ltr'>ἔλθωσιν</span> <span class='ocrx_word' id='word_1_521' title='bbox 1275 4257 1288 4270; x_wconf 88' lang='grc'><strong>·</strong></span> <span class='ocrx_word' id='word_1_522' title='bbox 1320 4241 1449 4293; x_wconf 85' lang='grc' dir='ltr'>ὃταν</span> <span class='ocrx_word' id='word_1_523' title='bbox 1485 4240 1540 4294; x_wconf 76' lang='grc' dir='ltr'><strong>δὲ</strong></span> <span class='ocrx_word' id='word_1_524' title='bbox 1573 4241 1838 4309; x_wconf 85' lang='grc' dir='ltr'>γένωνται</span> <span class='ocrx_word' id='word_1_525' title='bbox 1881 4259 1972 4294; x_wconf 92' lang='grc' dir='ltr'>σο-</span> 
     </span>
    </p>
   </div>
   <div class='ocr_carea' id='block_1_74' title="bbox 391 4331 1972 4403">
    <p class='ocr_par' dir='ltr' id='par_1_74' title="bbox 391 4331 1972 4403">
     <span class='ocr_line' id='line_1_74' title="bbox 391 4331 1972 4403; baseline 0.001 -20"><span class='ocrx_word' id='word_1_526' title='bbox 391 4331 515 4398; x_wconf 67' lang='grc' dir='ltr'>φοὶ,</span> <span class='ocrx_word' id='word_1_527' title='bbox 547 4331 640 4384; x_wconf 75' lang='grc' dir='ltr'><strong>καὶ</strong></span> <span class='ocrx_word' id='word_1_528' title='bbox 671 4331 1078 4402; x_wconf 86' lang='grc' dir='ltr'>στερεωθῶσιν,</span> <span class='ocrx_word' id='word_1_529' title='bbox 1108 4331 1318 4402; x_wconf 77' lang='grc' dir='ltr'>ἔλεγχε.</span> <span class='ocrx_word' id='word_1_530' title='bbox 1357 4333 1469 4385; x_wconf 79' lang='grc' dir='ltr'><strong>Καὶ</strong></span> <span class='ocrx_word' id='word_1_531' title='bbox 1507 4334 1536 4384; x_wconf 84' lang='grc' dir='ltr'>ὁ</span> <span class='ocrx_word' id='word_1_532' title='bbox 1571 4332 1801 4403; x_wconf 85' lang='grc' dir='ltr'>Χριστὸς</span> <span class='ocrx_word' id='word_1_533' title='bbox 1848 4333 1972 4397; x_wconf 83' lang='grc' dir='ltr'>τοὺς</span> 
     </span>
    </p>
   </div>
   <div class='ocr_carea' id='block_1_75' title="bbox 395 4421 1975 4494">
    <p class='ocr_par' dir='ltr' id='par_1_75' title="bbox 395 4421 1975 4494">
     <span class='ocr_line' id='line_1_75' title="bbox 395 4421 1975 4494; baseline 0.002 -20"><span class='ocrx_word' id='word_1_534' title='bbox 395 4421 640 4492; x_wconf 82' lang='grc' dir='ltr'>μαθητὰς</span> <span class='ocrx_word' id='word_1_535' title='bbox 663 4422 742 4474; x_wconf 80' lang='grc' dir='ltr'><strong>ἔτι</strong></span> <span class='ocrx_word' id='word_1_536' title='bbox 767 4423 917 4486; x_wconf 87' lang='grc' dir='ltr'>νέους</span> <span class='ocrx_word' id='word_1_537' title='bbox 947 4422 1126 4486; x_wconf 75' lang='grc' dir='ltr'>ὄντας,</span> <span class='ocrx_word' id='word_1_538' title='bbox 1150 4423 1248 4476; x_wconf 88' lang='grc' dir='ltr'><strong>ούκ</strong></span> <span class='ocrx_word' id='word_1_539' title='bbox 1277 4422 1494 4494; x_wconf 72' lang='grc' dir='ltr'>ἤλεγχε,</span> <span class='ocrx_word' id='word_1_540' title='bbox 1528 4423 1617 4477; x_wconf 86' lang='grc' dir='ltr'>διὰ</span> <span class='ocrx_word' id='word_1_541' title='bbox 1645 4423 1706 4476; x_wconf 76' lang='grc' dir='ltr'>τὸ</span> <span class='ocrx_word' id='word_1_542' title='bbox 1737 4422 1812 4494; x_wconf 78' lang='grc' dir='ltr'><strong>μὴ</strong></span> <span class='ocrx_word' id='word_1_543' title='bbox 1849 4425 1975 4487; x_wconf 80' lang='grc' dir='ltr'>τοὺς</span> 
     </span>
    </p>
   </div>
   <div class='ocr_carea' id='block_1_76' title="bbox 393 4513 1974 4588">
    <p class='ocr_par' dir='ltr' id='par_1_76' title="bbox 393 4513 1974 4588">
     <span class='ocr_line' id='line_1_76' title="bbox 393 4513 1974 4588; baseline 0.002 -22"><span class='ocrx_word' id='word_1_544' title='bbox 393 4514 654 4579; x_wconf 81' lang='grc' dir='ltr'>παλαιοὺς</span> <span class='ocrx_word' id='word_1_545' title='bbox 689 4516 890 4578; x_wconf 79' lang='grc' dir='ltr'>ἀσκοὺς</span> <span class='ocrx_word' id='word_1_546' title='bbox 924 4515 1178 4581; x_wconf 84' lang='grc' dir='ltr'>εὐθέτους</span> <span class='ocrx_word' id='word_1_547' title='bbox 1211 4513 1348 4569; x_wconf 73' lang='grc' dir='ltr'>εἶναι</span> <span class='ocrx_word' id='word_1_548' title='bbox 1380 4517 1514 4588; x_wconf 88' lang='grc' dir='ltr'>πρὸς</span> <span class='ocrx_word' id='word_1_549' title='bbox 1535 4516 1654 4570; x_wconf 92' lang='grc' dir='ltr'>νέον</span> <span class='ocrx_word' id='word_1_550' title='bbox 1689 4516 1853 4570; x_wconf 85' lang='grc' dir='ltr'>οἶνον.</span> <span class='ocrx_word' id='word_1_551' title='bbox 1905 4519 1974 4569; x_wconf 76' lang='grc' dir='ltr'><strong><em>’Ἡ</em></strong></span> 
     </span>
    </p>
   </div>
   <div class='ocr_carea' id='block_1_77' title="bbox 392 4607 1974 4681">
    <p class='ocr_par' dir='ltr' id='par_1_77' title="bbox 392 4607 1974 4681">
     <span class='ocr_line' id='line_1_77' title="bbox 392 4607 1974 4681; baseline 0.003 -23"><span class='ocrx_word' id='word_1_552' title='bbox 392 4607 597 4670; x_wconf 78' lang='grc' dir='ltr'>κακοὺς</span> <span class='ocrx_word' id='word_1_553' title='bbox 651 4607 797 4674; x_wconf 80' lang='grc' dir='ltr'>λέγει</span> <span class='ocrx_word' id='word_1_554' title='bbox 855 4608 983 4671; x_wconf 78' lang='grc' dir='ltr'>τοὺς</span> <span class='ocrx_word' id='word_1_555' title='bbox 1033 4609 1274 4680; x_wconf 81' lang='grc' dir='ltr'>ἄφρονας</span> <span class='ocrx_word' id='word_1_556' title='bbox 1333 4609 1430 4662; x_wconf 70' lang='grc' dir='ltr'>καὶ</span> <span class='ocrx_word' id='word_1_557' title='bbox 1479 4609 1734 4680; x_wconf 85' lang='grc' dir='ltr'>μωρούς·</span> <span class='ocrx_word' id='word_1_558' title='bbox 1778 4609 1974 4681; x_wconf 80' lang='grc' dir='ltr'>ἢτοὺς</span> 
     </span>
    </p>
   </div>
   <div class='ocr_carea' id='block_1_78' title="bbox 391 4697 1975 4770">
    <p class='ocr_par' dir='ltr' id='par_1_78' title="bbox 391 4697 1975 4770">
     <span class='ocr_line' id='line_1_78' title="bbox 391 4697 1975 4770; baseline 0.004 -23"><span class='ocrx_word' id='word_1_559' title='bbox 391 4697 570 4767; x_wconf 77' lang='grc' dir='ltr'>πάντη</span> <span class='ocrx_word' id='word_1_560' title='bbox 619 4698 928 4769; x_wconf 85' lang='grc' dir='ltr'>ἀλλοτρίους</span> <span class='ocrx_word' id='word_1_561' title='bbox 963 4699 1064 4770; x_wconf 86' lang='grc' dir='ltr'>τῆς</span> <span class='ocrx_word' id='word_1_562' title='bbox 1099 4700 1251 4764; x_wconf 87' lang='grc' dir='ltr'>θείας</span> <span class='ocrx_word' id='word_1_563' title='bbox 1307 4699 1689 4767; x_wconf 84' lang='grc' dir='ltr'>διδασκαλίας,</span> <span class='ocrx_word' id='word_1_564' title='bbox 1737 4699 1831 4764; x_wconf 85' lang='grc' dir='ltr'><strong>οὒς</strong></span> <span class='ocrx_word' id='word_1_565' title='bbox 1874 4701 1975 4753; x_wconf 82' lang='grc' dir='ltr'><strong>οὐκ</strong></span> 
     </span>
    </p>
   </div>
   <div class='ocr_carea' id='block_1_79' title="bbox 391 4785 1974 4856">
    <p class='ocr_par' dir='ltr' id='par_1_79' title="bbox 391 4785 1974 4856">
     <span class='ocr_line' id='line_1_79' title="bbox 391 4785 1974 4856; baseline 0.004 -19"><span class='ocrx_word' id='word_1_566' title='bbox 391 4785 656 4856; x_wconf 79' lang='grc' dir='ltr'>ἐλέγχειν,</span> <span class='ocrx_word' id='word_1_567' title='bbox 690 4787 823 4841; x_wconf 83' lang='grc' dir='ltr'>ἀλλὰ</span> <span class='ocrx_word' id='word_1_568' title='bbox 853 4789 1143 4854; x_wconf 83' lang='grc' dir='ltr'>νουθετεῖν,</span> <span class='ocrx_word' id='word_1_569' title='bbox 1173 4790 1254 4844; x_wconf 91' lang='grc' dir='ltr'><strong>δεῖ</strong></span> <span class='ocrx_word' id='word_1_570' title='bbox 1285 4793 1379 4844; x_wconf 82' lang='grc' dir='ltr'><strong>καὶ</strong></span> <span class='ocrx_word' id='word_1_571' title='bbox 1397 4791 1667 4845; x_wconf 83' lang='grc' dir='ltr'>διδάσκειν</span> <span class='ocrx_word' id='word_1_572' title='bbox 1685 4809 1697 4822; x_wconf 76' lang='grc' dir='ltr'><strong>ο</strong></span> <span class='ocrx_word' id='word_1_573' title='bbox 1719 4794 1767 4844; x_wconf 84' lang='grc' dir='ltr'><strong>εί</strong></span> <span class='ocrx_word' id='word_1_574' title='bbox 1796 4792 1853 4846; x_wconf 83' lang='grc' dir='ltr'>δὲ</span> <span class='ocrx_word' id='word_1_575' title='bbox 1881 4793 1974 4846; x_wconf 80' lang='grc' dir='ltr'><strong>καὶ</strong></span> 
     </span>
    </p>
   </div>
   <div class='ocr_carea' id='block_1_80' title="bbox 391 4875 1974 4954">
    <p class='ocr_par' dir='ltr' id='par_1_80' title="bbox 391 4875 1974 4954">
     <span class='ocr_line' id='line_1_80' title="bbox 391 4875 1974 4954; baseline -0.005 -23"><span class='ocrx_word' id='word_1_576' title='bbox 391 4875 680 4948; x_wconf 81' lang='grc' dir='ltr'>ἠλέγχοντο</span> <span class='ocrx_word' id='word_1_577' title='bbox 721 4880 924 4950; x_wconf 82' lang='grc' dir='ltr'>Ἀχαὰϐ</span> <span class='ocrx_word' id='word_1_578' title='bbox 969 4881 1064 4934; x_wconf 72' lang='grc' dir='ltr'><strong>καὶ</strong></span> <span class='ocrx_word' id='word_1_579' title='bbox 1101 4881 1382 4954; x_wconf 80' lang='grc' dir='ltr'>Ἡρώδης,</span> <span class='ocrx_word' id='word_1_580' title='bbox 1417 4882 1534 4936; x_wconf 83' lang='grc' dir='ltr'>ἀλλ’</span> <span class='ocrx_word' id='word_1_581' title='bbox 1572 4883 1672 4954; x_wconf 74' lang='grc' dir='ltr'><strong>ἦδη</strong></span> <span class='ocrx_word' id='word_1_582' title='bbox 1712 4883 1974 4953; x_wconf 78' lang='grc' dir='ltr'>μετέσχον</span> 
     </span>
    </p>
   </div>
   <div class='ocr_carea' id='block_1_81' title="bbox 390 4970 1976 5044">
    <p class='ocr_par' dir='ltr' id='par_1_81' title="bbox 390 4970 1976 5044">
     <span class='ocr_line' id='line_1_81' title="bbox 390 4970 1976 5044; baseline 0.004 -23"><span class='ocrx_word' id='word_1_583' title='bbox 390 4970 484 5023; x_wconf 84' lang='grc' dir='ltr'><strong>τοῦ</strong></span> <span class='ocrx_word' id='word_1_584' title='bbox 512 4971 656 5023; x_wconf 89' lang='grc' dir='ltr'>θείου</span> <span class='ocrx_word' id='word_1_585' title='bbox 684 4973 883 5042; x_wconf 88' lang='grc' dir='ltr'>νόμου,</span> <span class='ocrx_word' id='word_1_586' title='bbox 916 4974 964 5024; x_wconf 85' lang='grc' dir='ltr'><strong>εί</strong></span> <span class='ocrx_word' id='word_1_587' title='bbox 993 4974 1087 5027; x_wconf 74' lang='grc' dir='ltr'><strong>καὶ</strong></span> <span class='ocrx_word' id='word_1_588' title='bbox 1120 4974 1438 5044; x_wconf 87' lang='grc' dir='ltr'>παρέϐησαν</span> <span class='ocrx_word' id='word_1_589' title='bbox 1460 4992 1473 5005; x_wconf 80' lang='grc'><em>’</em></span> <span class='ocrx_word' id='word_1_590' title='bbox 1517 4975 1598 5028; x_wconf 84' lang='grc' dir='ltr'><strong>διὸ</strong></span> <span class='ocrx_word' id='word_1_591' title='bbox 1629 4975 1725 5028; x_wconf 79' lang='grc' dir='ltr'><strong>καὶ</strong></span> <span class='ocrx_word' id='word_1_592' title='bbox 1755 4975 1976 5038; x_wconf 88' lang='grc' dir='ltr'>τούτους</span> 
     </span>
    </p>
   </div>
   <div class='ocr_carea' id='block_1_82' title="bbox 388 5061 1970 5133">
    <p class='ocr_par' dir='ltr' id='par_1_82' title="bbox 388 5061 1970 5133">
     <span class='ocr_line' id='line_1_82' title="bbox 388 5061 1970 5133; baseline 0.001 -18"><span class='ocrx_word' id='word_1_593' title='bbox 388 5061 470 5115; x_wconf 86' lang='grc' dir='ltr'><strong>δεῖ</strong></span> <span class='ocrx_word' id='word_1_594' title='bbox 495 5061 757 5132; x_wconf 85' lang='grc' dir='ltr'>ἐλέγχειν.</span> <span class='ocrx_word' id='word_1_595' title='bbox 802 5065 870 5116; x_wconf 87' lang='grc' dir='ltr'><strong><em>Ἢ</em></strong></span> <span class='ocrx_word' id='word_1_596' title='bbox 900 5063 1042 5117; x_wconf 82' lang='grc' dir='ltr'>ἔοικε</span> <span class='ocrx_word' id='word_1_597' title='bbox 1079 5065 1250 5118; x_wconf 87' lang='grc' dir='ltr'>ταῦτα</span> <span class='ocrx_word' id='word_1_598' title='bbox 1285 5064 1421 5133; x_wconf 84' lang='grc' dir='ltr'>πρὸς</span> <span class='ocrx_word' id='word_1_599' title='bbox 1463 5065 1596 5128; x_wconf 82' lang='grc' dir='ltr'>τοὺς</span> <span class='ocrx_word' id='word_1_600' title='bbox 1627 5065 1748 5117; x_wconf 91' lang='grc' dir='ltr'>τότε</span> <span class='ocrx_word' id='word_1_601' title='bbox 1772 5065 1970 5133; x_wconf 90' lang='grc' dir='ltr'>λέγειν,</span> 
     </span>
    </p>
   </div>
   <div class='ocr_carea' id='block_1_83' title="bbox 388 5152 1970 5226">
    <p class='ocr_par' dir='ltr' id='par_1_83' title="bbox 388 5152 1970 5226">
     <span class='ocr_line' id='line_1_83' title="bbox 388 5152 1970 5226; baseline 0.003 -23"><span class='ocrx_word' id='word_1_602' title='bbox 388 5152 514 5214; x_wconf 73' lang='grc' dir='ltr'>τοὺς</span> <span class='ocrx_word' id='word_1_603' title='bbox 543 5153 1006 5223; x_wconf 88' lang='grc' dir='ltr'>νηπιωδεστέρους</span> <span class='ocrx_word' id='word_1_604' title='bbox 1028 5173 1038 5183; x_wconf 72' lang='grc' dir='ltr'><strong>ο</strong></span> <span class='ocrx_word' id='word_1_605' title='bbox 1066 5156 1190 5208; x_wconf 78' lang='grc' dir='ltr'>ἐπεὶ</span> <span class='ocrx_word' id='word_1_606' title='bbox 1209 5155 1352 5217; x_wconf 89' lang='grc' dir='ltr'>τίνος</span> <span class='ocrx_word' id='word_1_607' title='bbox 1377 5155 1560 5207; x_wconf 70' lang='grc' dir='ltr'>ἕνεκεν</span> <span class='ocrx_word' id='word_1_608' title='bbox 1583 5154 1812 5226; x_wconf 75' lang='grc' dir='ltr'>ῆλεγχεν</span> <span class='ocrx_word' id='word_1_609' title='bbox 1854 5156 1970 5208; x_wconf 87' lang='grc' dir='ltr'><strong>Ἰω-</strong></span> 
     </span>
    </p>
   </div>
   <div class='ocr_carea' id='block_1_84' title="bbox 391 5243 1971 5320">
    <p class='ocr_par' dir='ltr' id='par_1_84' title="bbox 391 5243 1971 5320">
     <span class='ocr_line' id='line_1_84' title="bbox 391 5243 1971 5320; baseline 0.003 -23"><span class='ocrx_word' id='word_1_610' title='bbox 391 5243 554 5313; x_wconf 76' lang='grc' dir='ltr'>άννης</span> <span class='ocrx_word' id='word_1_611' title='bbox 585 5244 678 5296; x_wconf 77' lang='grc' dir='ltr'>καὶ</span> <span class='ocrx_word' id='word_1_612' title='bbox 710 5245 922 5308; x_wconf 85' lang='grc' dir='ltr'>Παῦλος</span> <span class='ocrx_word' id='word_1_613' title='bbox 949 5247 1128 5309; x_wconf 81' lang='grc' dir='ltr'>ς-Ού</span> <span class='ocrx_word' id='word_1_614' title='bbox 1177 5247 1258 5299; x_wconf 87' lang='grc' dir='ltr'><strong>δεῖ</strong></span> <span class='ocrx_word' id='word_1_615' title='bbox 1287 5247 1700 5320; x_wconf 84' lang='grc' dir='ltr'>ἁμαρτάνοντας</span> <span class='ocrx_word' id='word_1_616' title='bbox 1725 5247 1971 5317; x_wconf 88' lang='grc' dir='ltr'>ἐλέγχειν</span> 
     </span>
    </p>
   </div>
   <div class='ocr_carea' id='block_1_85' title="bbox 389 5336 1974 5410">
    <p class='ocr_par' dir='ltr' id='par_1_85' title="bbox 389 5336 1974 5410">
     <span class='ocr_line' id='line_1_85' title="bbox 389 5336 1974 5410; baseline 0.003 -24"><span class='ocrx_word' id='word_1_617' title='bbox 389 5336 513 5398; x_wconf 85' lang='grc' dir='ltr'>τοὺς</span> <span class='ocrx_word' id='word_1_618' title='bbox 535 5336 738 5400; x_wconf 85' lang='grc' dir='ltr'>κακούς</span> <span class='ocrx_word' id='word_1_619' title='bbox 756 5353 770 5366; x_wconf 75' lang='grc' dir='ltr'><strong>ο</strong></span> <span class='ocrx_word' id='word_1_620' title='bbox 807 5339 836 5390; x_wconf 89' lang='grc' dir='ltr'>ὁ</span> <span class='ocrx_word' id='word_1_621' title='bbox 859 5337 968 5408; x_wconf 72' lang='grc' dir='ltr'><strong>γὰρ</strong></span> <span class='ocrx_word' id='word_1_622' title='bbox 991 5339 1073 5401; x_wconf 81' lang='grc' dir='ltr'><strong>εἰς</strong></span> <span class='ocrx_word' id='word_1_623' title='bbox 1102 5339 1392 5408; x_wconf 85' lang='grc' dir='ltr'>πρόσωπον</span> <span class='ocrx_word' id='word_1_624' title='bbox 1416 5339 1655 5410; x_wconf 80' lang='grc' dir='ltr'>ἔλεγχος,</span> <span class='ocrx_word' id='word_1_625' title='bbox 1683 5340 1974 5409; x_wconf 83' lang='grc' dir='ltr'>ἀναισχυν-</span> 
     </span>
    </p>
   </div>
   <div class='ocr_carea' id='block_1_86' title="bbox 390 5429 1973 5503">
    <p class='ocr_par' dir='ltr' id='par_1_86' title="bbox 390 5429 1973 5503">
     <span class='ocr_line' id='line_1_86' title="bbox 390 5429 1973 5503; baseline 0.002 -22"><span class='ocrx_word' id='word_1_626' title='bbox 390 5429 606 5500; x_wconf 81' lang='grc' dir='ltr'>τότερον</span> <span class='ocrx_word' id='word_1_627' title='bbox 643 5432 787 5482; x_wconf 88' lang='grc' dir='ltr'>ποιεῖ</span> <span class='ocrx_word' id='word_1_628' title='bbox 830 5429 922 5483; x_wconf 86' lang='grc' dir='ltr'><strong>τὸν</strong></span> <span class='ocrx_word' id='word_1_629' title='bbox 977 5431 1391 5501; x_wconf 79' lang='grc' dir='ltr'>ἁμαρτάνοντα’</span> <span class='ocrx_word' id='word_1_630' title='bbox 1439 5432 1546 5503; x_wconf 85' lang='grc' dir='ltr'><strong>χρὴ</strong></span> <span class='ocrx_word' id='word_1_631' title='bbox 1590 5431 1648 5484; x_wconf 82' lang='grc' dir='ltr'>δὲ</span> <span class='ocrx_word' id='word_1_632' title='bbox 1691 5433 1841 5502; x_wconf 73' lang='grc' dir='ltr'>ἡμᾶς</span> <span class='ocrx_word' id='word_1_633' title='bbox 1879 5432 1973 5485; x_wconf 80' lang='grc' dir='ltr'><strong>ἐπὶ</strong></span> 
     </span>
    </p>
   </div>
   <div class='ocr_carea' id='block_1_87' title="bbox 390 5518 1968 5594">
    <p class='ocr_par' dir='ltr' id='par_1_87' title="bbox 390 5518 1968 5594">
     <span class='ocr_line' id='line_1_87' title="bbox 390 5518 1968 5594; baseline 0.004 -24"><span class='ocrx_word' id='word_1_634' title='bbox 390 5518 568 5586; x_wconf 87' lang='grc' dir='ltr'>σοφῶν</span> <span class='ocrx_word' id='word_1_635' title='bbox 614 5519 709 5572; x_wconf 79' lang='grc' dir='ltr'>καὶ</span> <span class='ocrx_word' id='word_1_636' title='bbox 760 5519 983 5573; x_wconf 85' lang='grc' dir='ltr'>δικαίων</span> <span class='ocrx_word' id='word_1_637' title='bbox 1041 5519 1200 5574; x_wconf 88' lang='grc' dir='ltr'>τοῦτο</span> <span class='ocrx_word' id='word_1_638' title='bbox 1252 5525 1456 5576; x_wconf 78' lang='grc' dir='ltr'>ποιεῖν’</span> <span class='ocrx_word' id='word_1_639' title='bbox 1502 5523 1816 5587; x_wconf 76' lang='grc' dir='ltr'>ἀναμεταξὺ</span> <span class='ocrx_word' id='word_1_640' title='bbox 1868 5523 1968 5594; x_wconf 81' lang='grc' dir='ltr'><strong>μὲν</strong></span> 
     </span>
    </p>
   </div>
   <div class='ocr_carea' id='block_1_88' title="bbox 389 5611 1959 5684">
    <p class='ocr_par' dir='ltr' id='par_1_88' title="bbox 389 5611 1959 5684">
     <span class='ocr_line' id='line_1_88' title="bbox 389 5611 1959 5684; baseline 0.006 -24"><span class='ocrx_word' id='word_1_641' title='bbox 389 5627 480 5662; x_wconf 84' lang='grc' dir='ltr'><strong>του</strong></span> <span class='ocrx_word' id='word_1_642' title='bbox 510 5611 867 5684; x_wconf 84' lang='grc' dir='ltr'>ὲλεγχομένου</span> <span class='ocrx_word' id='word_1_643' title='bbox 901 5613 994 5668; x_wconf 81' lang='grc' dir='ltr'><strong>καὶ</strong></span> <span class='ocrx_word' id='word_1_644' title='bbox 1027 5614 1362 5684; x_wconf 83' lang='grc' dir='ltr'>ἐλέγχοντος,</span> <span class='ocrx_word' id='word_1_645' title='bbox 1397 5617 1497 5669; x_wconf 78' lang='grc' dir='ltr'><strong>οὐκ</strong></span> <span class='ocrx_word' id='word_1_646' title='bbox 1528 5616 1621 5668; x_wconf 77' lang='grc' dir='ltr'>ἐπὶ</span> <span class='ocrx_word' id='word_1_647' title='bbox 1646 5615 1856 5669; x_wconf 85' lang='grc' dir='ltr'>πολλῶν</span> <span class='ocrx_word' id='word_1_648' title='bbox 1883 5614 1959 5669; x_wconf 82' lang='grc' dir='ltr'>δέ.</span> 
     </span>
    </p>
   </div>
   <div class='ocr_carea' id='block_1_89' title="bbox 2072 3312 3655 3392">
    <p class='ocr_par' dir='ltr' id='par_1_89' title="bbox 2072 3312 3655 3392">
     <span class='ocr_line' id='line_1_89' title="bbox 2072 3312 3655 3392; baseline -0.009 -16"><span class='ocrx_word' id='word_1_649' title='bbox 2072 3333 2252 3378; x_wconf 90' lang='lat' dir='ltr'><strong>autem</strong></span> <span class='ocrx_word' id='word_1_650' title='bbox 2295 3323 2561 3392; x_wconf 74' lang='lat' dir='ltr'><strong>Sapientia</strong></span> <span class='ocrx_word' id='word_1_651' title='bbox 2599 3331 2706 3386; x_wconf 89' lang='lat' dir='ltr'><strong>est,</strong></span> <span class='ocrx_word' id='word_1_652' title='bbox 2755 3320 2957 3374; x_wconf 87' lang='lat' dir='ltr'><strong>Paulus</strong></span> <span class='ocrx_word' id='word_1_653' title='bbox 2988 3318 3176 3385; x_wconf 84' lang='lat' dir='ltr'><strong>utique</strong></span> <span class='ocrx_word' id='word_1_654' title='bbox 3223 3312 3503 3383; x_wconf 83' lang='lat' dir='ltr'><strong>apostolus</strong></span> <span class='ocrx_word' id='word_1_655' title='bbox 3536 3323 3655 3362; x_wconf 86' lang='lat' dir='ltr'><strong>ser-</strong></span> 
     </span>
    </p>
   </div>
   <div class='ocr_carea' id='block_1_90' title="bbox 2071 3405 3658 3482">
    <p class='ocr_par' dir='ltr' id='par_1_90' title="bbox 2071 3405 3658 3482">
     <span class='ocr_line' id='line_1_90' title="bbox 2071 3405 3658 3482; baseline -0.009 -17"><span class='ocrx_word' id='word_1_656' title='bbox 2071 3427 2171 3467; x_wconf 88' lang='lat' dir='ltr'><strong>vus</strong></span> <span class='ocrx_word' id='word_1_657' title='bbox 2194 3413 2473 3482; x_wconf 85' lang='lat' dir='ltr'><strong>sapientiae</strong></span> <span class='ocrx_word' id='word_1_658' title='bbox 2503 3422 2607 3466; x_wconf 91' lang='lat' dir='ltr'><strong>est.</strong></span> <span class='ocrx_word' id='word_1_659' title='bbox 2653 3410 2780 3464; x_wconf 90' lang='lat' dir='ltr'><strong>Pari</strong></span> <span class='ocrx_word' id='word_1_660' title='bbox 2814 3408 2974 3464; x_wconf 88' lang='lat' dir='ltr'><strong>modo</strong></span> <span class='ocrx_word' id='word_1_661' title='bbox 3001 3417 3056 3462; x_wconf 91' lang='lat' dir='ltr'><strong>et</strong></span> <span class='ocrx_word' id='word_1_662' title='bbox 3086 3409 3152 3460; x_wconf 87' lang='lat' dir='ltr'><strong>de</strong></span> <span class='ocrx_word' id='word_1_663' title='bbox 3188 3405 3411 3472; x_wconf 80' lang='lat' dir='ltr'><strong>reliquis</strong></span> <span class='ocrx_word' id='word_1_664' title='bbox 3439 3409 3658 3472; x_wconf 62' lang='lat' dir='ltr'><strong>apostm</strong></span> 
     </span>
    </p>
   </div>
   <div class='ocr_carea' id='block_1_91' title="bbox 2074 3499 3658 3576">
    <p class='ocr_par' dir='ltr' id='par_1_91' title="bbox 2074 3499 3658 3576">
     <span class='ocr_line' id='line_1_91' title="bbox 2074 3499 3658 3576; baseline -0.007 -17"><span class='ocrx_word' id='word_1_665' title='bbox 2074 3507 2137 3562; x_wconf 88' lang='lat' dir='ltr'><strong>lis</strong></span> <span class='ocrx_word' id='word_1_666' title='bbox 2163 3516 2216 3560; x_wconf 89' lang='lat' dir='ltr'><strong>et</strong></span> <span class='ocrx_word' id='word_1_667' title='bbox 2238 3507 2305 3561; x_wconf 86' lang='lat' dir='ltr'><strong>de</strong></span> <span class='ocrx_word' id='word_1_668' title='bbox 2329 3506 2610 3576; x_wconf 86' lang='lat' dir='ltr'><strong>prophetis</strong></span> <span class='ocrx_word' id='word_1_669' title='bbox 2632 3502 3006 3574; x_wconf 76' lang='lat' dir='ltr'><strong>syllogismum</strong></span> <span class='ocrx_word' id='word_1_670' title='bbox 3035 3499 3446 3560; x_wconf 87' lang='lat' dir='ltr'><strong>concludemus,</strong></span> <span class='ocrx_word' id='word_1_671' title='bbox 3465 3507 3658 3549; x_wconf 87' lang='lat' dir='ltr'><strong>servos</strong></span> 
     </span>
    </p>
   </div>
   <div class='ocr_carea' id='block_1_92' title="bbox 2072 3593 3105 3668">
    <p class='ocr_par' dir='ltr' id='par_1_92' title="bbox 2072 3593 3105 3668">
     <span class='ocr_line' id='line_1_92' title="bbox 2072 3593 3105 3668; baseline -0.008 -15"><span class='ocrx_word' id='word_1_672' title='bbox 2072 3613 2166 3653; x_wconf 91' lang='lat' dir='ltr'><strong>eos</strong></span> <span class='ocrx_word' id='word_1_673' title='bbox 2189 3599 2468 3668; x_wconf 73' lang='lat' dir='ltr'><strong>sapientia:</strong></span> <span class='ocrx_word' id='word_1_674' title='bbox 2504 3596 2709 3652; x_wconf 88' lang='lat' dir='ltr'><strong>Christi</strong></span> <span class='ocrx_word' id='word_1_675' title='bbox 2745 3593 3105 3648; x_wconf 82' lang='lat' dir='ltr'><strong>afﬁrmantes.</strong></span> 
     </span>
    </p>
   </div>
   <div class='ocr_carea' id='block_1_93' title="bbox 2143 3675 3658 3757">
    <p class='ocr_par' dir='ltr' id='par_1_93' title="bbox 2143 3675 3658 3757">
     <span class='ocr_line' id='line_1_93' title="bbox 2143 3675 3658 3757; baseline -0.009 -14"><span class='ocrx_word' id='word_1_676' title='bbox 2143 3689 2186 3720; x_wconf 83' lang='grc'><strong>⁹¹</strong></span> <span class='ocrx_word' id='word_1_677' title='bbox 2222 3689 2336 3743; x_wconf 84' lang='grc' dir='ltr'><strong>Νοη</strong></span> <span class='ocrx_word' id='word_1_678' title='bbox 2378 3697 2593 3757; x_wconf 89' lang='lat' dir='ltr'><strong>oportet</strong></span> <span class='ocrx_word' id='word_1_679' title='bbox 2627 3685 2800 3740; x_wconf 87' lang='lat' dir='ltr'><strong>malus</strong></span> <span class='ocrx_word' id='word_1_680' title='bbox 2849 3685 2940 3753; x_wconf 89' lang='lat' dir='ltr'><strong>qui</strong></span> <span class='ocrx_word' id='word_1_681' title='bbox 2995 3690 3227 3754; x_wconf 90' lang='lat' dir='ltr'><strong>peccant</strong></span> <span class='ocrx_word' id='word_1_682' title='bbox 3269 3691 3519 3750; x_wconf 83' lang='lat' dir='ltr'><strong>arguere,</strong></span> <span class='ocrx_word' id='word_1_683' title='bbox 3561 3675 3658 3732; x_wconf 85' lang='lat' dir='ltr'><strong>sed</strong></span> 
     </span>
    </p>
   </div>
   <div class='ocr_carea' id='block_1_94' title="bbox 2076 3771 3660 3849">
    <p class='ocr_par' dir='ltr' id='par_1_94' title="bbox 2076 3771 3660 3849">
     <span class='ocr_line' id='line_1_94' title="bbox 2076 3771 3660 3849; baseline -0.008 -15"><span class='ocrx_word' id='word_1_684' title='bbox 2076 3771 2222 3849; x_wconf 78' lang='lat' dir='ltr'><strong>ipsos</strong></span> <span class='ocrx_word' id='word_1_685' title='bbox 2254 3783 2550 3836; x_wconf 89' lang='lat' dir='ltr'><strong>admonere</strong></span> <span class='ocrx_word' id='word_1_686' title='bbox 2580 3780 2761 3849; x_wconf 91' lang='lat' dir='ltr'><strong>potius</strong></span> <span class='ocrx_word' id='word_1_687' title='bbox 2791 3777 2960 3832; x_wconf 85' lang='lat' dir='ltr'><strong>divini</strong></span> <span class='ocrx_word' id='word_1_688' title='bbox 2996 3775 3230 3838; x_wconf 87' lang='lat' dir='ltr'><strong>timoris,</strong></span> <span class='ocrx_word' id='word_1_689' title='bbox 3256 3773 3349 3842; x_wconf 91' lang='lat' dir='ltr'><strong>qui</strong></span> <span class='ocrx_word' id='word_1_690' title='bbox 3376 3785 3472 3826; x_wconf 90' lang='lat' dir='ltr'><strong>eos</strong></span> <span class='ocrx_word' id='word_1_691' title='bbox 3503 3785 3533 3823; x_wconf 91' lang='lat' dir='ltr'><strong>a</strong></span> <span class='ocrx_word' id='word_1_692' title='bbox 3564 3785 3660 3822; x_wconf 57' lang='lat' dir='ltr'><strong>nea</strong></span> 
     </span>
    </p>
   </div>
   <div class='ocr_carea' id='block_1_95' title="bbox 2073 3869 3660 3943">
    <p class='ocr_par' dir='ltr' id='par_1_95' title="bbox 2073 3869 3660 3943">
     <span class='ocr_line' id='line_1_95' title="bbox 2073 3869 3660 3943; baseline -0.009 -16"><span class='ocrx_word' id='word_1_693' title='bbox 2073 3877 2246 3943; x_wconf 87' lang='lat' dir='ltr'><strong>quitia</strong></span> <span class='ocrx_word' id='word_1_694' title='bbox 2285 3877 2548 3929; x_wconf 88' lang='lat' dir='ltr'><strong>retrahet.</strong></span> <span class='ocrx_word' id='word_1_695' title='bbox 2585 3871 2678 3927; x_wconf 89' lang='lat' dir='ltr'><strong>Vel</strong></span> <span class='ocrx_word' id='word_1_696' title='bbox 2715 3871 2886 3927; x_wconf 88' lang='lat' dir='ltr'><strong>malos</strong></span> <span class='ocrx_word' id='word_1_697' title='bbox 2926 3871 3084 3936; x_wconf 92' lang='lat' dir='ltr'><strong>dicit,</strong></span> <span class='ocrx_word' id='word_1_698' title='bbox 3127 3869 3217 3937; x_wconf 91' lang='lat' dir='ltr'><strong>qui</strong></span> <span class='ocrx_word' id='word_1_699' title='bbox 3259 3879 3438 3922; x_wconf 87' lang='lat' dir='ltr'><strong>tamen</strong></span> <span class='ocrx_word' id='word_1_700' title='bbox 3493 3879 3524 3917; x_wconf 89' lang='lat' dir='ltr'><strong>a</strong></span> <span class='ocrx_word' id='word_1_701' title='bbox 3563 3880 3660 3916; x_wconf 86' lang='lat' dir='ltr'><strong>ue-</strong></span> 
     </span>
    </p>
   </div>
   <div class='ocr_carea' id='block_1_96' title="bbox 2074 3955 3660 4036">
    <p class='ocr_par' dir='ltr' id='par_1_96' title="bbox 2074 3955 3660 4036">
     <span class='ocr_line' id='line_1_96' title="bbox 2074 3955 3660 4036; baseline -0.008 -17"><span class='ocrx_word' id='word_1_702' title='bbox 2074 3967 2248 4036; x_wconf 88' lang='lat' dir='ltr'><strong>quitia</strong></span> <span class='ocrx_word' id='word_1_703' title='bbox 2294 3967 2406 4032; x_wconf 89' lang='lat' dir='ltr'><strong>jam</strong></span> <span class='ocrx_word' id='word_1_704' title='bbox 2462 3963 2817 4033; x_wconf 85' lang='lat' dir='ltr'><strong>resipiseunt,</strong></span> <span class='ocrx_word' id='word_1_705' title='bbox 2855 3971 2913 4018; x_wconf 89' lang='lat' dir='ltr'><strong>et</strong></span> <span class='ocrx_word' id='word_1_706' title='bbox 2958 3963 3024 4014; x_wconf 89' lang='lat' dir='ltr'><strong>ad</strong></span> <span class='ocrx_word' id='word_1_707' title='bbox 3056 3959 3433 4031; x_wconf 78' lang='lat' dir='ltr'><strong>pmnitentiam</strong></span> <span class='ocrx_word' id='word_1_708' title='bbox 3469 3955 3660 4010; x_wconf 82' lang='lat' dir='ltr'><strong>volunt</strong></span> 
     </span>
    </p>
   </div>
   <div class='ocr_carea' id='block_1_97' title="bbox 2075 4049 3660 4124">
    <p class='ocr_par' dir='ltr' id='par_1_97' title="bbox 2075 4049 3660 4124">
     <span class='ocr_line' id='line_1_97' title="bbox 2075 4049 3660 4124; baseline -0.008 -11"><span class='ocrx_word' id='word_1_709' title='bbox 2075 4059 2354 4114; x_wconf 86' lang='lat' dir='ltr'><strong>accedere.</strong></span> <span class='ocrx_word' id='word_1_710' title='bbox 2384 4057 2774 4111; x_wconf 75' lang='lat' dir='ltr'><strong>Verumtamen</strong></span> <span class='ocrx_word' id='word_1_711' title='bbox 2821 4055 2943 4108; x_wconf 94' lang='lat' dir='ltr'><strong>illos</strong></span> <span class='ocrx_word' id='word_1_712' title='bbox 2971 4055 3062 4124; x_wconf 90' lang='lat' dir='ltr'><strong>qui</strong></span> <span class='ocrx_word' id='word_1_713' title='bbox 3110 4067 3322 4106; x_wconf 89' lang='lat' dir='ltr'><strong>summe</strong></span> <span class='ocrx_word' id='word_1_714' title='bbox 3365 4049 3491 4104; x_wconf 89' lang='lat' dir='ltr'><strong>mali</strong></span> <span class='ocrx_word' id='word_1_715' title='bbox 3532 4056 3660 4102; x_wconf 86' lang='lat' dir='ltr'><strong>sunt</strong></span> 
     </span>
    </p>
   </div>
   <div class='ocr_carea' id='block_1_98' title="bbox 2073 4142 3657 4214">
    <p class='ocr_par' dir='ltr' id='par_1_98' title="bbox 2073 4142 3657 4214">
     <span class='ocr_line' id='line_1_98' title="bbox 2073 4142 3657 4214; baseline -0.009 -9"><span class='ocrx_word' id='word_1_716' title='bbox 2073 4161 2129 4206; x_wconf 88' lang='lat' dir='ltr'><strong>et</strong></span> <span class='ocrx_word' id='word_1_717' title='bbox 2153 4151 2466 4213; x_wconf 73' lang='lat' dir='ltr'><strong>czecutiunt,</strong></span> <span class='ocrx_word' id='word_1_718' title='bbox 2496 4149 2734 4214; x_wconf 86' lang='lat' dir='ltr'><strong>sustine;</strong></span> <span class='ocrx_word' id='word_1_719' title='bbox 2774 4159 2953 4214; x_wconf 90' lang='lat' dir='ltr'><strong>neque</strong></span> <span class='ocrx_word' id='word_1_720' title='bbox 2985 4145 3053 4199; x_wconf 89' lang='lat' dir='ltr'><strong>ad</strong></span> <span class='ocrx_word' id='word_1_721' title='bbox 3083 4142 3292 4213; x_wconf 75' lang='lat' dir='ltr'><strong>singula</strong></span> <span class='ocrx_word' id='word_1_722' title='bbox 3325 4149 3542 4211; x_wconf 89' lang='lat' dir='ltr'><strong>peccata</strong></span> <span class='ocrx_word' id='word_1_723' title='bbox 3569 4155 3657 4192; x_wconf 85' lang='lat' dir='ltr'><strong>ar-</strong></span> 
     </span>
    </p>
   </div>
   <div class='ocr_carea' id='block_1_99' title="bbox 2075 4232 3654 4312">
    <p class='ocr_par' dir='ltr' id='par_1_99' title="bbox 2075 4232 3654 4312">
     <span class='ocr_line' id='line_1_99' title="bbox 2075 4232 3654 4312; baseline -0.006 -18"><span class='ocrx_word' id='word_1_724' title='bbox 2075 4259 2199 4312; x_wconf 82' lang='lat' dir='ltr'><strong>gue,</strong></span> <span class='ocrx_word' id='word_1_725' title='bbox 2245 4257 2312 4296; x_wconf 89' lang='lat' dir='ltr'><strong>ne</strong></span> <span class='ocrx_word' id='word_1_726' title='bbox 2356 4241 2542 4295; x_wconf 90' lang='lat' dir='ltr'><strong>statim</strong></span> <span class='ocrx_word' id='word_1_727' title='bbox 2573 4239 2730 4292; x_wconf 89' lang='lat' dir='ltr'><strong>initio</strong></span> <span class='ocrx_word' id='word_1_728' title='bbox 2777 4239 2962 4294; x_wconf 88' lang='lat' dir='ltr'><strong>odium</strong></span> <span class='ocrx_word' id='word_1_729' title='bbox 3012 4235 3362 4305; x_wconf 89' lang='lat' dir='ltr'><strong>suscipiant:</strong></span> <span class='ocrx_word' id='word_1_730' title='bbox 3399 4232 3495 4288; x_wconf 87' lang='lat' dir='ltr'><strong>sed</strong></span> <span class='ocrx_word' id='word_1_731' title='bbox 3528 4247 3654 4287; x_wconf 88' lang='lat' dir='ltr'><strong>cum</strong></span> 
     </span>
    </p>
   </div>
   <div class='ocr_carea' id='block_1_100' title="bbox 2076 4329 3658 4399">
    <p class='ocr_par' dir='ltr' id='par_1_100' title="bbox 2076 4329 3658 4399">
     <span class='ocr_line' id='line_1_100' title="bbox 2076 4329 3658 4399; baseline -0.006 -10"><span class='ocrx_word' id='word_1_732' title='bbox 2076 4337 2293 4389; x_wconf 90' lang='lat' dir='ltr'><strong>demum</strong></span> <span class='ocrx_word' id='word_1_733' title='bbox 2338 4332 2614 4399; x_wconf 85' lang='lat' dir='ltr'><strong>sapientes</strong></span> <span class='ocrx_word' id='word_1_734' title='bbox 2663 4332 2794 4384; x_wconf 76' lang='lat' dir='ltr'><strong>[ient</strong></span> <span class='ocrx_word' id='word_1_735' title='bbox 2845 4338 2896 4384; x_wconf 90' lang='lat' dir='ltr'><strong>et</strong></span> <span class='ocrx_word' id='word_1_736' title='bbox 2946 4329 3250 4391; x_wconf 76' lang='lat' dir='ltr'><strong>firmiores,</strong></span> <span class='ocrx_word' id='word_1_737' title='bbox 3304 4337 3435 4380; x_wconf 91' lang='lat' dir='ltr'><strong>tunc</strong></span> <span class='ocrx_word' id='word_1_738' title='bbox 3467 4337 3658 4393; x_wconf 76' lang='lat' dir='ltr'><strong>argue.&quot;</strong></span> 
     </span>
    </p>
   </div>
   <div class='ocr_carea' id='block_1_101' title="bbox 2079 4417 3660 4491">
    <p class='ocr_par' dir='ltr' id='par_1_101' title="bbox 2079 4417 3660 4491">
     <span class='ocr_line' id='line_1_101' title="bbox 2079 4417 3660 4491; baseline -0.005 -13"><span class='ocrx_word' id='word_1_739' title='bbox 2079 4423 2212 4478; x_wconf 84' lang='lat' dir='ltr'><strong>Nam</strong></span> <span class='ocrx_word' id='word_1_740' title='bbox 2248 4441 2315 4479; x_wconf 90' lang='lat' dir='ltr'><strong>ne</strong></span> <span class='ocrx_word' id='word_1_741' title='bbox 2341 4423 2594 4479; x_wconf 90' lang='lat' dir='ltr'><strong>Christus</strong></span> <span class='ocrx_word' id='word_1_742' title='bbox 2622 4423 2840 4491; x_wconf 85' lang='lat' dir='ltr'><strong>quidem</strong></span> <span class='ocrx_word' id='word_1_743' title='bbox 2880 4419 3177 4490; x_wconf 79' lang='lat' dir='ltr'><strong>discipulos</strong></span> <span class='ocrx_word' id='word_1_744' title='bbox 3202 4417 3382 4473; x_wconf 88' lang='lat' dir='ltr'><strong>adhuc</strong></span> <span class='ocrx_word' id='word_1_745' title='bbox 3411 4425 3660 4472; x_wconf 87' lang='lat' dir='ltr'><strong>recentes</strong></span> 
     </span>
    </p>
   </div>
   <div class='ocr_carea' id='block_1_102' title="bbox 2007 4508 3662 4598">
    <p class='ocr_par' dir='ltr' id='par_1_102' title="bbox 2007 4508 3662 4598">
     <span class='ocr_line' id='line_1_102' title="bbox 2007 4508 3662 4598; baseline -0.006 -26"><span class='ocrx_word' id='word_1_746' title='bbox 2007 4544 2050 4598; x_wconf 73' lang='grc' dir='ltr'><strong>ι)</strong></span> <span class='ocrx_word' id='word_1_747' title='bbox 2081 4517 2434 4586; x_wconf 87' lang='lat' dir='ltr'><strong>increpabat;</strong></span> <span class='ocrx_word' id='word_1_748' title='bbox 2486 4516 2613 4584; x_wconf 92' lang='lat' dir='ltr'><strong>quia</strong></span> <span class='ocrx_word' id='word_1_749' title='bbox 2668 4525 2884 4569; x_wconf 85' lang='lat' dir='ltr'><strong>veteres</strong></span> <span class='ocrx_word' id='word_1_750' title='bbox 2931 4522 3083 4566; x_wconf 89' lang='lat' dir='ltr'><strong>utres</strong></span> <span class='ocrx_word' id='word_1_751' title='bbox 3131 4525 3272 4565; x_wconf 85' lang='lat' dir='ltr'><strong>novo</strong></span> <span class='ocrx_word' id='word_1_752' title='bbox 3324 4509 3452 4563; x_wconf 86' lang='lat' dir='ltr'><strong>vino</strong></span> <span class='ocrx_word' id='word_1_753' title='bbox 3517 4508 3662 4562; x_wconf 84' lang='lat' dir='ltr'><strong>haud</strong></span> 
     </span>
    </p>
   </div>
   <div class='ocr_carea' id='block_1_103' title="bbox 2080 4601 3664 4663">
    <p class='ocr_par' dir='ltr' id='par_1_103' title="bbox 2080 4601 3664 4663">
     <span class='ocr_line' id='line_1_103' title="bbox 2080 4601 3664 4663; baseline -0.006 -1"><span class='ocrx_word' id='word_1_754' title='bbox 2080 4617 2236 4663; x_wconf 89' lang='lat' dir='ltr'><strong>erant</strong></span> <span class='ocrx_word' id='word_1_755' title='bbox 2273 4607 2474 4662; x_wconf 85' lang='lat' dir='ltr'><strong>idonei.</strong></span> <span class='ocrx_word' id='word_1_756' title='bbox 2532 4605 2628 4660; x_wconf 86' lang='lat' dir='ltr'><strong>Vel</strong></span> <span class='ocrx_word' id='word_1_757' title='bbox 2687 4605 2862 4660; x_wconf 89' lang='lat' dir='ltr'><strong>malos</strong></span> <span class='ocrx_word' id='word_1_758' title='bbox 2910 4604 3040 4660; x_wconf 87' lang='lat' dir='ltr'><strong>dicit</strong></span> <span class='ocrx_word' id='word_1_759' title='bbox 3080 4602 3330 4657; x_wconf 86' lang='lat' dir='ltr'><strong>homines</strong></span> <span class='ocrx_word' id='word_1_760' title='bbox 3377 4601 3574 4656; x_wconf 82' lang='lat' dir='ltr'><strong>stultos</strong></span> <span class='ocrx_word' id='word_1_761' title='bbox 3605 4607 3664 4654; x_wconf 89' lang='lat' dir='ltr'><strong>et</strong></span> 
     </span>
    </p>
   </div>
   <div class='ocr_carea' id='block_1_104' title="bbox 2083 4691 3664 4766">
    <p class='ocr_par' dir='ltr' id='par_1_104' title="bbox 2083 4691 3664 4766">
     <span class='ocr_line' id='line_1_104' title="bbox 2083 4691 3664 4766; baseline -0.006 -13"><span class='ocrx_word' id='word_1_762' title='bbox 2083 4701 2300 4764; x_wconf 87' lang='lat' dir='ltr'><strong>bardos,</strong></span> <span class='ocrx_word' id='word_1_763' title='bbox 2329 4698 2409 4751; x_wconf 90' lang='lat' dir='ltr'><strong>vel</strong></span> <span class='ocrx_word' id='word_1_764' title='bbox 2445 4697 2564 4752; x_wconf 89' lang='lat' dir='ltr'><strong>illos</strong></span> <span class='ocrx_word' id='word_1_765' title='bbox 2601 4700 2693 4766; x_wconf 92' lang='lat' dir='ltr'><strong>qui</strong></span> <span class='ocrx_word' id='word_1_766' title='bbox 2724 4712 2753 4749; x_wconf 89' lang='lat' dir='ltr'><strong>a</strong></span> <span class='ocrx_word' id='word_1_767' title='bbox 2787 4697 2966 4750; x_wconf 85' lang='lat' dir='ltr'><strong>divina</strong></span> <span class='ocrx_word' id='word_1_768' title='bbox 2996 4694 3244 4748; x_wconf 86' lang='lat' dir='ltr'><strong>doctrina</strong></span> <span class='ocrx_word' id='word_1_769' title='bbox 3279 4708 3500 4762; x_wconf 86' lang='lat' dir='ltr'><strong>prorsus</strong></span> <span class='ocrx_word' id='word_1_770' title='bbox 3529 4691 3664 4745; x_wconf 84' lang='lat' dir='ltr'><strong>alie-</strong></span> 
     </span>
    </p>
   </div>
   <div class='ocr_carea' id='block_1_105' title="bbox 2083 4785 3662 4858">
    <p class='ocr_par' dir='ltr' id='par_1_105' title="bbox 2083 4785 3662 4858">
     <span class='ocr_line' id='line_1_105' title="bbox 2083 4785 3662 4858; baseline -0.006 -14"><span class='ocrx_word' id='word_1_771' title='bbox 2083 4792 2134 4844; x_wconf 93' lang='lat' dir='ltr'><strong>ni</strong></span> <span class='ocrx_word' id='word_1_772' title='bbox 2165 4799 2323 4853; x_wconf 88' lang='lat' dir='ltr'><strong>sunt;</strong></span> <span class='ocrx_word' id='word_1_773' title='bbox 2350 4805 2488 4858; x_wconf 85' lang='lat' dir='ltr'><strong>quos</strong></span> <span class='ocrx_word' id='word_1_774' title='bbox 2521 4804 2625 4841; x_wconf 87' lang='lat' dir='ltr'><strong>non</strong></span> <span class='ocrx_word' id='word_1_775' title='bbox 2664 4788 2954 4854; x_wconf 79' lang='lat' dir='ltr'><strong>increpare</strong></span> <span class='ocrx_word' id='word_1_776' title='bbox 2983 4785 3076 4840; x_wconf 89' lang='lat' dir='ltr'><strong>sed</strong></span> <span class='ocrx_word' id='word_1_777' title='bbox 3123 4785 3418 4838; x_wconf 87' lang='lat' dir='ltr'><strong>admonere</strong></span> <span class='ocrx_word' id='word_1_778' title='bbox 3445 4789 3662 4850; x_wconf 80' lang='lat' dir='ltr'><strong>oportet</strong></span> 
     </span>
    </p>
   </div>
   <div class='ocr_carea' id='block_1_106' title="bbox 2085 4873 3655 4945">
    <p class='ocr_par' dir='ltr' id='par_1_106' title="bbox 2085 4873 3655 4945">
     <span class='ocr_line' id='line_1_106' title="bbox 2085 4873 3655 4945; baseline -0.007 -10"><span class='ocrx_word' id='word_1_779' title='bbox 2085 4896 2148 4935; x_wconf 90' lang='lat' dir='ltr'><strong>ac</strong></span> <span class='ocrx_word' id='word_1_780' title='bbox 2187 4880 2404 4934; x_wconf 84' lang='lat' dir='ltr'><strong>docere.</strong></span> <span class='ocrx_word' id='word_1_781' title='bbox 2445 4879 2600 4945; x_wconf 84' lang='lat' dir='ltr'><strong>Quod</strong></span> <span class='ocrx_word' id='word_1_782' title='bbox 2631 4879 2674 4933; x_wconf 89' lang='lat' dir='ltr'><strong>si</strong></span> <span class='ocrx_word' id='word_1_783' title='bbox 2725 4877 3087 4932; x_wconf 84' lang='lat' dir='ltr'><strong>nihilominus</strong></span> <span class='ocrx_word' id='word_1_784' title='bbox 3129 4875 3399 4943; x_wconf 82' lang='lat' dir='ltr'><strong>objurgati</strong></span> <span class='ocrx_word' id='word_1_785' title='bbox 3443 4873 3655 4927; x_wconf 80' lang='lat' dir='ltr'><strong>fuerunt</strong></span> 
     </span>
    </p>
   </div>
   <div class='ocr_carea' id='block_1_107' title="bbox 2081 4963 3661 5041">
    <p class='ocr_par' dir='ltr' id='par_1_107' title="bbox 2081 4963 3661 5041">
     <span class='ocr_line' id='line_1_107' title="bbox 2081 4963 3661 5041; baseline -0.006 -13"><span class='ocrx_word' id='word_1_786' title='bbox 2081 4975 2369 5028; x_wconf 79' lang='lat' dir='ltr'><strong>Achaahus</strong></span> <span class='ocrx_word' id='word_1_787' title='bbox 2416 4983 2580 5041; x_wconf 89' lang='lat' dir='ltr'><strong>atque</strong></span> <span class='ocrx_word' id='word_1_788' title='bbox 2638 4969 3008 5033; x_wconf 76' lang='lat' dir='ltr'><strong>Herodes,.hi</strong></span> <span class='ocrx_word' id='word_1_789' title='bbox 3063 4968 3283 5038; x_wconf 86' lang='lat' dir='ltr'><strong>quidem</strong></span> <span class='ocrx_word' id='word_1_790' title='bbox 3321 4966 3431 5036; x_wconf 85' lang='lat' dir='ltr'><strong>jam</strong></span> <span class='ocrx_word' id='word_1_791' title='bbox 3469 4963 3661 5018; x_wconf 88' lang='lat' dir='ltr'><strong>imbuti</strong></span> 
     </span>
    </p>
   </div>
   <div class='ocr_carea' id='block_1_108' title="bbox 2082 5059 3660 5134">
    <p class='ocr_par' dir='ltr' id='par_1_108' title="bbox 2082 5059 3660 5134">
     <span class='ocr_line' id='line_1_108' title="bbox 2082 5059 3660 5134; baseline -0.008 -14"><span class='ocrx_word' id='word_1_792' title='bbox 2082 5067 2298 5120; x_wconf 84' lang='lat' dir='ltr'><strong>fuerant</strong></span> <span class='ocrx_word' id='word_1_793' title='bbox 2376 5065 2560 5118; x_wconf 84' lang='lat' dir='ltr'><strong>divina</strong></span> <span class='ocrx_word' id='word_1_794' title='bbox 2625 5064 2780 5134; x_wconf 76' lang='lat' dir='ltr'><strong>lege,</strong></span> <span class='ocrx_word' id='word_1_795' title='bbox 2851 5078 3015 5131; x_wconf 89' lang='lat' dir='ltr'><strong>quam</strong></span> <span class='ocrx_word' id='word_1_796' title='bbox 3088 5069 3262 5114; x_wconf 79' lang='lat' dir='ltr'><strong>eraut&#39;</strong></span> <span class='ocrx_word' id='word_1_797' title='bbox 3314 5059 3660 5133; x_wconf 65' lang='lat' dir='ltr'><strong>transgressi.</strong></span> 
     </span>
    </p>
   </div>
   <div class='ocr_carea' id='block_1_109' title="bbox 2079 5149 3662 5224">
    <p class='ocr_par' dir='ltr' id='par_1_109' title="bbox 2079 5149 3662 5224">
     <span class='ocr_line' id='line_1_109' title="bbox 2079 5149 3662 5224; baseline -0.005 -14"><span class='ocrx_word' id='word_1_798' title='bbox 2079 5156 2443 5224; x_wconf 86' lang='lat' dir='ltr'><strong>Quamobrem</strong></span> <span class='ocrx_word' id='word_1_799' title='bbox 2468 5165 2522 5210; x_wconf 87' lang='lat' dir='ltr'><strong>et</strong></span> <span class='ocrx_word' id='word_1_800' title='bbox 2556 5156 2655 5210; x_wconf 90' lang='lat' dir='ltr'><strong>hos</strong></span> <span class='ocrx_word' id='word_1_801' title='bbox 2682 5155 2932 5224; x_wconf 85' lang='lat' dir='ltr'><strong>redargui</strong></span> <span class='ocrx_word' id='word_1_802' title='bbox 2961 5169 3060 5224; x_wconf 90' lang='lat' dir='ltr'><strong>par</strong></span> <span class='ocrx_word' id='word_1_803' title='bbox 3094 5152 3218 5209; x_wconf 90' lang='lat' dir='ltr'><strong>l&#39;uit.</strong></span> <span class='ocrx_word' id='word_1_804' title='bbox 3244 5149 3341 5205; x_wconf 87' lang='lat' dir='ltr'><strong>Vel</strong></span> <span class='ocrx_word' id='word_1_805' title='bbox 3371 5149 3487 5204; x_wconf 69' lang='lat' dir='ltr'><strong>hmc</strong></span> <span class='ocrx_word' id='word_1_806' title='bbox 3515 5149 3662 5202; x_wconf 83' lang='lat' dir='ltr'><strong>vide-</strong></span> 
     </span>
    </p>
   </div>
   <div class='ocr_carea' id='block_1_110' title="bbox 2081 5241 3660 5316">
    <p class='ocr_par' dir='ltr' id='par_1_110' title="bbox 2081 5241 3660 5316">
     <span class='ocr_line' id='line_1_110' title="bbox 2081 5241 3660 5316; baseline -0.006 -16"><span class='ocrx_word' id='word_1_807' title='bbox 2081 5258 2170 5301; x_wconf 89' lang='lat' dir='ltr'><strong>tur</strong></span> <span class='ocrx_word' id='word_1_808' title='bbox 2213 5247 2395 5302; x_wconf 90' lang='lat' dir='ltr'><strong>dicere</strong></span> <span class='ocrx_word' id='word_1_809' title='bbox 2425 5248 2492 5300; x_wconf 88' lang='lat' dir='ltr'><strong>de</strong></span> <span class='ocrx_word' id='word_1_810' title='bbox 2541 5247 2623 5303; x_wconf 83' lang='lat' dir='ltr'><strong>sui</strong></span> <span class='ocrx_word' id='word_1_811' title='bbox 2672 5246 2936 5316; x_wconf 83' lang='lat' dir='ltr'><strong>temporis</strong></span> <span class='ocrx_word' id='word_1_812' title='bbox 2983 5244 3298 5298; x_wconf 89' lang='lat' dir='ltr'><strong>rudiorihus</strong></span> <span class='ocrx_word' id='word_1_813' title='bbox 3328 5241 3660 5294; x_wconf 88' lang='lat' dir='ltr'><strong>hominibus.</strong></span> 
     </span>
    </p>
   </div>
   <div class='ocr_carea' id='block_1_111' title="bbox 2078 5337 3663 5412">
    <p class='ocr_par' dir='ltr' id='par_1_111' title="bbox 2078 5337 3663 5412">
     <span class='ocr_line' id='line_1_111' title="bbox 2078 5337 3663 5412; baseline -0.006 -16"><span class='ocrx_word' id='word_1_814' title='bbox 2078 5341 2189 5396; x_wconf 82' lang='lat' dir='ltr'><strong>Cur</strong></span> <span class='ocrx_word' id='word_1_815' title='bbox 2211 5348 2356 5397; x_wconf 90' lang='lat' dir='ltr'><strong>enim</strong></span> <span class='ocrx_word' id='word_1_816' title='bbox 2405 5341 2640 5398; x_wconf 85' lang='lat' dir='ltr'><strong>Joannes</strong></span> <span class='ocrx_word' id='word_1_817' title='bbox 2676 5356 2893 5412; x_wconf 80' lang='lat' dir='ltr'><strong>quoque</strong></span> <span class='ocrx_word' id='word_1_818' title='bbox 2943 5351 2997 5395; x_wconf 89' lang='lat' dir='ltr'><strong>et</strong></span> <span class='ocrx_word' id='word_1_819' title='bbox 3057 5339 3257 5394; x_wconf 82' lang='lat' dir='ltr'><strong>Paulus</strong></span> <span class='ocrx_word' id='word_1_820' title='bbox 3301 5337 3663 5404; x_wconf 82' lang='lat' dir='ltr'><strong>reprehende-</strong></span> 
     </span>
    </p>
   </div>
   <div class='ocr_carea' id='block_1_112' title="bbox 2076 5428 3658 5503">
    <p class='ocr_par' dir='ltr' id='par_1_112' title="bbox 2076 5428 3658 5503">
     <span class='ocr_line' id='line_1_112' title="bbox 2076 5428 3658 5503; baseline -0.007 -15"><span class='ocrx_word' id='word_1_821' title='bbox 2076 5434 2247 5488; x_wconf 86' lang='lat' dir='ltr'><strong>bant?</strong></span> <span class='ocrx_word' id='word_1_822' title='bbox 2271 5465 2340 5476; x_wconf 92' lang='lat'>—</span> <span class='ocrx_word' id='word_1_823' title='bbox 2369 5435 2539 5490; x_wconf 76' lang='lat' dir='ltr'><strong>Malos</strong></span> <span class='ocrx_word' id='word_1_824' title='bbox 2563 5435 2653 5503; x_wconf 93' lang='lat' dir='ltr'><strong>qui</strong></span> <span class='ocrx_word' id='word_1_825' title='bbox 2687 5443 2916 5503; x_wconf 88' lang='lat' dir='ltr'><strong>peccant</strong></span> <span class='ocrx_word' id='word_1_826' title='bbox 2959 5448 3066 5487; x_wconf 85' lang='lat' dir='ltr'><strong>non</strong></span> <span class='ocrx_word' id='word_1_827' title='bbox 3091 5439 3308 5502; x_wconf 90' lang='lat' dir='ltr'><strong>oportet</strong></span> <span class='ocrx_word' id='word_1_828' title='bbox 3336 5428 3658 5498; x_wconf 73' lang='lat' dir='ltr'><strong>obiurgare;</strong></span> 
     </span>
    </p>
   </div>
   <div class='ocr_carea' id='block_1_113' title="bbox 2074 5521 3664 5596">
    <p class='ocr_par' dir='ltr' id='par_1_113' title="bbox 2074 5521 3664 5596">
     <span class='ocr_line' id='line_1_113' title="bbox 2074 5521 3664 5596; baseline -0.008 -18"><span class='ocrx_word' id='word_1_829' title='bbox 2074 5541 2198 5580; x_wconf 91' lang='lat' dir='ltr'><strong>nam</strong></span> <span class='ocrx_word' id='word_1_830' title='bbox 2236 5527 2586 5596; x_wconf 88' lang='lat' dir='ltr'><strong>reprehensio</strong></span> <span class='ocrx_word' id='word_1_831' title='bbox 2618 5528 2668 5580; x_wconf 88' lang='lat' dir='ltr'><strong>iu</strong></span> <span class='ocrx_word' id='word_1_832' title='bbox 2696 5525 2889 5580; x_wconf 79' lang='lat' dir='ltr'><strong>faciem</strong></span> <span class='ocrx_word' id='word_1_833' title='bbox 2929 5523 3168 5594; x_wconf 79' lang='lat' dir='ltr'><strong>objecta,</strong></span> <span class='ocrx_word' id='word_1_834' title='bbox 3203 5521 3664 5591; x_wconf 87' lang='lat' dir='ltr'><strong>impudentiorem</strong></span> 
     </span>
    </p>
   </div>
   <div class='ocr_carea' id='block_1_114' title="bbox 2071 5617 3652 5688">
    <p class='ocr_par' dir='ltr' id='par_1_114' title="bbox 2071 5617 3652 5688">
     <span class='ocr_line' id='line_1_114' title="bbox 2071 5617 3652 5688; baseline -0.006 -17"><span class='ocrx_word' id='word_1_835' title='bbox 2071 5617 2208 5672; x_wconf 81' lang='lat' dir='ltr'><strong>facit</strong></span> <span class='ocrx_word' id='word_1_836' title='bbox 2236 5634 2361 5673; x_wconf 87' lang='lat' dir='ltr'><strong>cum</strong></span> <span class='ocrx_word' id='word_1_837' title='bbox 2410 5619 2500 5687; x_wconf 93' lang='lat' dir='ltr'><strong>qui</strong></span> <span class='ocrx_word' id='word_1_838' title='bbox 2545 5629 2754 5688; x_wconf 88' lang='lat' dir='ltr'><strong>peccat.</strong></span> <span class='ocrx_word' id='word_1_839' title='bbox 2798 5620 3041 5687; x_wconf 82' lang='lat' dir='ltr'><strong>Arguere</strong></span> <span class='ocrx_word' id='word_1_840' title='bbox 3091 5617 3270 5675; x_wconf 83' lang='lat' dir='ltr'><strong>potius</strong></span> <span class='ocrx_word' id='word_1_841' title='bbox 3309 5621 3522 5682; x_wconf 87' lang='lat' dir='ltr'><strong>oportet</strong></span> <span class='ocrx_word' id='word_1_842' title='bbox 3576 5625 3652 5663; x_wconf 79' lang='lat' dir='ltr'><strong>sa-</strong></span> 
     </span>
    </p>
   </div>
   <div class='ocr_carea' id='block_1_115' title="bbox 392 5703 3356 5777">
    <p class='ocr_par' dir='ltr' id='par_1_115' title="bbox 392 5703 3356 5777">
     <span class='ocr_line' id='line_1_115' title="bbox 392 5703 3356 5777; baseline 0.002 -26"><span class='ocrx_word' id='word_1_843' title='bbox 392 5703 598 5772; x_wconf 79' lang='lat' dir='ltr'><strong>pientes</strong></span> <span class='ocrx_word' id='word_1_844' title='bbox 635 5719 698 5760; x_wconf 92' lang='lat' dir='ltr'><strong>ac</strong></span> <span class='ocrx_word' id='word_1_845' title='bbox 718 5705 928 5772; x_wconf 89' lang='lat' dir='ltr'><strong>justos;</strong></span> <span class='ocrx_word' id='word_1_846' title='bbox 980 5715 1377 5773; x_wconf 80' lang='lat' dir='ltr'><strong>verumtamen,</strong></span> <span class='ocrx_word' id='word_1_847' title='bbox 1431 5707 1760 5775; x_wconf 85' lang='lat' dir='ltr'><strong>reprehenso</strong></span> <span class='ocrx_word' id='word_1_848' title='bbox 1791 5721 1856 5758; x_wconf 87' lang='lat' dir='ltr'><strong>ac</strong></span> <span class='ocrx_word' id='word_1_849' title='bbox 1889 5705 2344 5777; x_wconf 84' lang='lat' dir='ltr'><strong>reprehendente,</strong></span> <span class='ocrx_word' id='word_1_850' title='bbox 2383 5725 2489 5765; x_wconf 88' lang='lat' dir='ltr'><strong>non</strong></span> <span class='ocrx_word' id='word_1_851' title='bbox 2527 5715 2708 5764; x_wconf 85' lang='lat' dir='ltr'><strong>autem</strong></span> <span class='ocrx_word' id='word_1_852' title='bbox 2742 5705 2946 5774; x_wconf 87' lang='lat' dir='ltr'><strong>multis,</strong></span> <span class='ocrx_word' id='word_1_853' title='bbox 2977 5705 3356 5776; x_wconf 71' lang='lat' dir='ltr'><strong>praesentibus.</strong></span> 
     </span>
    </p>
   </div>
   <div class='ocr_carea' id='block_1_116' title="bbox 459 5795 1295 5856">
    <p class='ocr_par' dir='ltr' id='par_1_116' title="bbox 459 5795 1295 5856">
     <span class='ocr_line' id='line_1_116' title="bbox 459 5795 1295 5856; baseline 0.006 -5"><span class='ocrx_word' id='word_1_854' title='bbox 459 5795 503 5827; x_wconf 68' lang='grc'><strong>⁸⁸</strong></span> <span class='ocrx_word' id='word_1_855' title='bbox 535 5795 682 5851; x_wconf 69' lang='lat' dir='ltr'><strong>v.22.</strong></span> <span class='ocrx_word' id='word_1_856' title='bbox 754 5797 796 5838; x_wconf 74' lang='lat'><strong>&#39;7</strong></span> <span class='ocrx_word' id='word_1_857' title='bbox 830 5812 878 5851; x_wconf 90' lang='lat' dir='ltr'><strong>v.</strong></span> <span class='ocrx_word' id='word_1_858' title='bbox 907 5797 995 5853; x_wconf 74' lang='grc'><strong>36.</strong></span> <span class='ocrx_word' id='word_1_859' title='bbox 1069 5798 1112 5830; x_wconf 72' lang='grc'><strong>⁸⁸</strong></span> <span class='ocrx_word' id='word_1_860' title='bbox 1153 5813 1202 5851; x_wconf 95' lang='lat' dir='ltr'><strong>v.</strong></span> <span class='ocrx_word' id='word_1_861' title='bbox 1245 5797 1295 5856; x_wconf 80' lang='grc'><strong>1.</strong></span> 
     </span>
    </p>
   </div>
   <div class='ocr_carea' id='block_1_117' title="bbox 1372 5797 2168 5856">
    <p class='ocr_par' dir='ltr' id='par_1_117' title="bbox 1372 5797 2168 5856">
     <span class='ocr_line' id='line_1_117' title="bbox 1372 5797 2168 5856; baseline 0.005 -5"><span class='ocrx_word' id='word_1_862' title='bbox 1372 5799 1416 5830; x_wconf 73' lang='grc' dir='ltr'><strong>⁸ο</strong></span> <span class='ocrx_word' id='word_1_863' title='bbox 1449 5813 1498 5851; x_wconf 90' lang='lat' dir='ltr'><strong>v.</strong></span> <span class='ocrx_word' id='word_1_864' title='bbox 1530 5798 1584 5852; x_wconf 69' lang='lat'><strong>2.</strong></span> <span class='ocrx_word' id='word_1_865' title='bbox 1659 5798 1703 5828; x_wconf 81' lang='grc'>⁹⁰</span> <span class='ocrx_word' id='word_1_866' title='bbox 1742 5812 1789 5850; x_wconf 92' lang='lat' dir='ltr'><strong>v.</strong></span> <span class='ocrx_word' id='word_1_867' title='bbox 1821 5797 1872 5850; x_wconf 80' lang='grc'><strong>5.</strong></span> <span class='ocrx_word' id='word_1_868' title='bbox 1953 5797 1994 5828; x_wconf 82' lang='grc'><strong>⁹¹</strong></span> <span class='ocrx_word' id='word_1_869' title='bbox 2027 5813 2077 5852; x_wconf 85' lang='lat' dir='ltr'><strong>v.</strong></span> <span class='ocrx_word' id='word_1_870' title='bbox 2111 5797 2168 5856; x_wconf 84' lang='lat'><strong>8.</strong></span> 
     </span>
    </p>
   </div>
  </div>
