4172 6400
503 343 605 397 187

507 551 848 620 naufragium
885 549 1107 608 faciens,
1133 561 1193 601 se
1221 545 1457 614 procella
1495 544 1658 599 veluti
1686 556 1741 599 et
1780 544 1914 598 alios
1941 558 2080 612 quos

507 644 645 711 regit
673 642 880 710 perdet.
915 637 1212 707 Dereliquit
1233 637 1377 691 enim
1411 638 1525 691 vias
1556 639 1936 691 mandatorum
1963 637 2080 702 ejus

506 732 598 800 qui
649 731 825 783 dicit:
861 727 971 797 Ego
1003 741 1123 782 sum
1160 727 1314 790 vitis,
1368 741 1467 782 vos
1514 728 1787 796 palmites,
1835 738 1890 782 et
1918 727 2080 782 Pater

507 840 661 880 meus
690 824 926 894 agricola
965 830 1073 879 est.
1097 851 1169 862 —
1205 820 1307 887 Qui
1352 821 1454 875 sibi
1499 837 1605 876 non
1654 832 1939 876 coacervat
1975 823 2084 875 vir-

508 918 714 971 tutibus
736 916 975 969 divinam
1004 913 1315 978 scientiam,
1347 914 1434 968 hic
1467 929 1571 968 non
1599 925 1886 968 coacervat
1923 927 2083 970 aiter-

509 1011 564 1064 ni
597 1008 746 1076 regni
774 1006 1137 1061 immortalem
1163 1005 1418 1061 fructum.
1463 1005 1561 1060 Est
1584 1016 1761 1060 autem
1793 1007 2077 1068 sterilitas.

512 1100 754 1168 nequitia
785 1107 840 1153 et
868 1098 1108 1152 inscitia.

580 1191 626 1222 ”
657 1192 763 1244 Ceu
795 1203 966 1257 panes
1013 1188 1226 1253 vitales,
1281 1187 1460 1242 divina
1513 1189 1676 1242 verba
1722 1187 1954 1244 libenter
1982 1205 2082 1259 gn-

514 1289 681 1342 stare,
721 1288 776 1333 et
831 1279 882 1331 in
917 1279 1116 1332 mentis
1163 1278 1424 1348 penetrali
1468 1278 1773 1332 divinorum
1825 1294 2081 1334 sensuum

519 1367 1050 1436 contemplationem.
1080 1399 1148 1410 —
1185 1367 1357 1422 Panes
1407 1369 1598 1421 animm
1648 1377 1775 1422 sunt
1833 1369 2080 1434 virtutes,

517 1475 654 1529 quas
683 1471 869 1514 noster
890 1475 1104 1530 quoque
1128 1459 1389 1514 Servator
1419 1461 1575 1514 nobis
1605 1461 1913 1529 imperavit,
1943 1459 2084 1531 jeju-

521 1554 668 1605 nium
700 1551 930 1616 scilicet,
961 1553 1317 1617 continentia,
1339 1553 1536 1617 oratio,
1588 1563 1642 1607 et
1678 1556 1897 1610 similia.
1931 1557 2082 1611 Clam

518 1657 648 1698 vero
670 1643 782 1698 hinc
812 1643 1036 1714 agenda,
1063 1659 1130 1699 ne
1154 1645 1209 1698 in
1235 1654 1526 1714 conspectu
1565 1646 1841 1701 hominum
1882 1647 2011 1701 sint.

1387 333 1952 390 SUPPLEMENTUM
1986 333 2080 388 AD
2117 333 2441 390 ORIGENIS
2483 335 2888 392 EXEGETICA.

573 463 621 495 θ’
653 459 752 526 Qui
795 457 939 511 omni
973 463 1134 509 vento
1189 455 1451 509 doctrina
1492 454 1898 516 circumfertur,
1953 454 2075 508 ﬁdei
2107 466 2153 522 Α

3651 346 3752 400 188

2267 458 2324 509 Ὀ
2353 457 2513 509 παντὶ
2550 457 2737 527 ἀνέμῳ
2778 459 2873 527 τῆς
2919 459 3261 523 διδασκαλίας
3304 464 3751 533 περιφερόμενος,

2182 550 2498 620 ναυαγήσας
2542 550 2670 619 περὶ
2717 549 2812 620 τὴν
2844 551 3056 614 πίστιν,
3105 553 3179 615 ὡς
3212 554 3303 606 ὑπ’
3343 555 3528 624 ἀνέμῳ
3561 557 3753 608 ἑαυτόν

2181 656 2240 691 τε
2272 641 2364 693 καὶ
2384 639 2577 702 ἀλλους
2605 641 2895 710 ποιμάνας.
2918 641 3196 694 ἀπώλεσεν
3213 661 3226 672 ·
3254 644 3482 696 ἀπέλιπε
3511 645 3620 716 γὰρ
3645 647 3753 698 τῶν

2181 730 2407 783 ἐντολῶν
2435 730 2533 794 τάς
2559 731 2729 794 ὁδοὺς,
2764 731 2856 784 τοῦ
2890 733 3152 794 εἰπόντος,
3182 734 3322 802 Ἑγὼ
3355 737 3470 805 είμι
3500 739 3532 805 ἡ
3571 737 3752 806 ἄμπε-

2183 823 2293 886 λος,
2320 825 2474 892 ὑμεῖς
2499 823 2566 876 τά
2592 824 2864 893 κλήματα,
2901 826 2993 878 καὶ
3018 828 3045 878 ό
3070 827 3256 896 Πατήρ
3291 845 3391 896 μου
3423 829 3452 880 ό
3481 831 3747 899 γεωργός.

2183 917 2322 968 -Ὀ
2352 916 2427 985 μὴ
2456 916 2705 983 συνάγων
2733 917 2827 969 σῦν
2845 919 2964 978 ταῖς
2986 917 3207 987 ἀρεταῖς
3231 918 3327 988 τὴν
3352 918 3500 972 θείαν
3528 922 3746 987 γνῶσιν,

2182 1002 2335 1069 οὗτος
2378 1008 2440 1060 οὐ
2470 1009 2692 1074 συνάγει
2724 1008 2820 1077 τῆς
2861 1009 3077 1062 αἰωνίου
3109 1008 3381 1078 βασιλείας
3415 1010 3512 1081 τὴν
3545 1012 3748 1064 ἀθάνα-

2183 1117 2272 1154 τον
2300 1100 2602 1169 εὐκαρπίαν
2627 1117 2639 1128 ·
2672 1099 2916 1169 ἀκαρπία
2947 1099 3002 1152 δέ
3033 1103 3147 1152 ὲστι
3171 1102 3334 1154 κακία
3364 1103 3457 1155 καὶ
3482 1105 3692 1172 ἄγνοια.

2253 1192 2373 1244 Τῶν
2403 1191 2478 1255 ὡς
2509 1191 2689 1261 ἀρτων
2718 1191 2983 1254 ζωτικῶν,
3017 1192 3177 1244 θείων
3209 1192 3380 1260 λόγων
3408 1194 3577 1264 ἡδέως
3609 1195 3749 1263 ἀψα-

2185 1284 2344 1348 σθαι,
2371 1283 2598 1336 καὶτῶν
2633 1285 2692 1335 ὲν
2728 1284 2794 1351 τῇ
2837 1284 3050 1352 κρυπτῇ
3092 1281 3186 1334 τοῦ
3223 1282 3314 1334 νοῦ
3351 1283 3553 1354 θεωρίᾳ
3591 1284 3749 1337 θείων

2185 1375 2754 1446 νοημάτων.-Ἀρτοι
2790 1374 2896 1426 sici.
2923 1373 3023 1441 τῆς
3054 1373 3229 1442 ψυχῆς
3259 1373 3313 1424 αι
3346 1375 3568 1443 ἀρεταὶ,
3608 1375 3748 1426 αἴτι-

2185 1483 2270 1528 νες
2301 1465 2391 1517 καὶ
2420 1463 2571 1532 παρὰ
2597 1462 2689 1516 τοῦ
2714 1463 2963 1532 Σωτῆρος
2992 1461 3148 1531 ἡμῶν
3178 1463 3587 1533 προσετάγησαν
3619 1463 3748 1534 παρ’

2183 1559 2314 1625 ἡμῖν
2345 1556 2587 1622 γίνεσθαι
2608 1573 2619 1583 ·
2650 1553 2896 1606 τουτέστι
2937 1552 3191 1622 νηστεία,
3222 1554 3514 1622 ἐγκράτεια
3537 1594 3550 1615 ,
3583 1569 3750 1624 προσ-

2185 1648 2335 1718 ευχὴ,
2377 1647 2468 1700 καὶ
2495 1645 2563 1698 τὰ
2587 1647 2746 1716 ὃμοια
2767 1661 2778 1672 ·
2814 1646 2994 1715 κρυφῇ
3018 1643 3096 1706 δὲ,
3131 1643 3267 1712 πρὸς
3292 1645 3352 1697 τὸ
3389 1646 3461 1714 μὴ
3491 1645 3750 1713 θεαθῆναι

2185 1731 2324 1785 αὑτά
2354 1733 2464 1791 τοῖς
2497 1728 2823 1800 ἀνθρώποις.

2030 1828 2180 1884 CAP.
2217 1823 2285 1877 Χ.

587 1926 634 1956 ’⁸
667 1925 852 1978 Virum
898 1923 1030 1979 dicit
1075 1923 1320 1981 doctrina
1371 1939 1698 1996 pauperem;
1729 1940 1942 1993 manus,
1989 1940 2080 1982 sa-
2113 1931 2154 1986 Β

519 2015 734 2084 pientis:
762 2023 936 2067 actus.

590 2103 638 2136 "
669 2101 761 2156 Vir
791 2102 1050 2158 cordatus
1083 2091 1159 2155 ab
1180 2105 1437 2156 aerumnis
1466 2111 1521 2157 et
1548 2102 1950 2159 calamitatibus
1981 2119 2087 2160 non

521 2194 846 2258 amburitur,
880 2192 1171 2262 etjustitizc
1201 2193 1441 2260 germina
1473 2193 1681 2262 profert
1713 2210 1728 2247 :
1762 2205 1819 2250 at
1847 2196 2089 2266 iniquus,

519 2295 584 2339 ex
617 2300 676 2338 re
709 2299 925 2353 quoque
950 2280 1090 2338 bima
1121 2284 1378 2357 damnum
1408 2285 1632 2354 patitur.

589 2376 638 2406 ’⁸
676 2374 1027 2443 Disciplinam
1071 2375 1449 2443 increpatione
1485 2384 1758 2432 carentem
1798 2377 1930 2433 dicit
1972 2379 2090 2433 ani-

521 2481 623 2520 mie
657 2466 854 2519 malam
903 2464 1098 2535 agendi
1151 2466 1414 2520 rationem
1441 2507 1456 2530 ,
1486 2474 1620 2536 ’quaa
1670 2479 1725 2523 et
1754 2485 1993 2526 errorem
2036 2481 2094 2527 et

520 2557 746 2610 exitium
771 2556 820 2610 ei
843 2555 1074 2611 confert.
1103 2556 1210 2611 Sed
1241 2557 1324 2610 via
1357 2557 1498 2623 vitae,
1520 2574 1623 2613 non
1653 2561 1825 2615 solum
1845 2564 1912 2617 ab
1934 2572 2092 2617 icter-

520 2664 588 2702 na
613 2663 875 2710 :erumna,
895 2663 1084 2702 verum
1102 2649 1266 2703 etiam
1295 2647 1390 2703 abs
1410 2649 1648 2719 qualibet
1677 2653 1798 2707 vita:
1822 2653 2088 2718 molestia,

518 2753 617 2794 eos
667 2739 758 2809 qui
807 2739 1026 2793 malitiae
1081 2754 1207 2794 sunt
1257 2749 1548 2804 expertes,
1585 2742 1839 2796 defendit.
1889 2742 2091 2798 Malitia

521 2847 652 2888 vero
676 2844 929 2888 carentes
961 2835 1090 2889 dicit
1120 2834 1263 2901 illos,
1295 2851 1385 2904 qui
1437 2836 1577 2890 male
1609 2838 1675 2891 ab
1708 2837 1888 2908 aliquo
1916 2839 2058 2908 passi
2078 2880 2095 2904 ,

523 2927 889 2982 innocentiam
931 2935 1106 2980 tamen
1138 2943 1259 2981 cum
1301 2927 1566 2982 cbaritate
1603 2929 1966 2986 relinent.\lel
2014 2932 2098 2986 di-

525 3017 805 3089 cciplinam
821 3018 1201 3086 ἀνεξέλεγκτον
1215 3019 1344 3073 dicit
1367 3019 1534 3085 illam,
1563 3035 1682 3089 qua:
1714 3023 1948 3090 speciem
1980 3024 2100 3092 qui-

526 3109 648 3163 dem
681 3111 898 3178 pietatis
933 3113 1114 3176 habet,
1157 3113 1251 3166 sed
1291 3121 1469 3166 tamen
1525 3123 1680 3167 caret
1727 3115 2100 3182 experimento

2256 1917 2478 1987 Ἀνδρα,
2502 1915 2593 1968 τὸν
2623 1913 2718 1967 τοῦ
2751 1913 2908 1981 λόγου
2945 1911 3331 1982 πτωχεύσαντα
3351 1930 3362 1941 ·
3406 1913 3498 1965 καὶ
3530 1915 3713 1983 χεῖρας
3733 1951 3752 1976 ,

2186 2013 2282 2076 τάς
2314 2011 2414 2080 τῆς
2441 2009 2629 2076 σοφίας
2653 2004 2896 2078 πράξεις.

2267 2105 2325 2157 '0
2362 2103 2579 2172 νοήμων
2613 2100 2716 2151 ὑπὸ
2751 2097 2860 2150 τῶν
2900 2096 3130 2165 θλίψεων
3161 2096 3257 2148 καὶ
3305 2096 3414 2148 τῶν
3461 2095 3754 2166 συμφορῶν

2192 2196 2264 2267 μὴ
2289 2194 2700 2263 συγκαιόμενος,
2733 2190 3045 2258 γεννήματα
3067 2188 3404 2256 δικαιοσύνης
3433 2188 3620 2258 φέρει·
3649 2190 3677 2240 ὁ
3697 2187 3752 2241 δὲ

2191 2286 2524 2355 παράνομος,
2557 2283 2650 2335 καὶ
2682 2279 2786 2332 ὑπὸ
2817 2279 2925 2331 τῶν
2953 2278 3235 2348 βελτιόνων
3265 2277 3654 2348 διαφθείρεται.

2261 2377 2513 2430 Παιδείαν
2548 2372 2932 2439 ἀνεξέλεγκτον
2986 2371 3238 2440 ἐνομάζει
3282 2372 3380 2441 τὴν
3426 2371 3600 2440 κακὴν
3655 2369 3754 2439 τῆς

2187 2469 2361 2539 ψυχῆς
2383 2466 2675 2528 πολιτείαν,
2702 2467 2822 2535 ἥτις
2852 2466 2944 2517 καὶ
2975 2463 3245 2526 ἀπωλείας
3272 2463 3365 2515 καὶ
3391 2462 3594 2531 πλάνης
3617 2461 3751 2530 αὐτῇ

2191 2563 2397 2630 γίνεται
2434 2560 2720 2630 πρόξενοςο
2751 2560 2783 2626 ἡ
2818 2558 2874 2610 δὲ
2916 2557 3032 2619 ὁδὸς
3069 2557 3168 2626 τῆς
3209 2557 3370 2624 ζωῆς,
3406 2557 3466 2607 ού
3503 2555 3658 2626 μόνον
3691 2555 3756 2606 ὲκ

2190 2655 2288 2724 τῆς
2318 2653 2558 2715 αἰωνίου,
2588 2651 2724 2705 ἀλλά
2757 2654 2851 2705 καὶ
2883 2652 2946 2704 ὲκ
2969 2650 3148 2719 πάσης
3177 2649 3472 2717 κακότητος
3512 2647 3604 2700 τοῦ
3640 2647 3755 2716 βίου

2192 2747 2504 2818 δυσχερείας
2529 2747 2654 2809 τοὺς
2672 2747 2909 2808 ἀκάκους
2940 2744 3196 2812 φυλάσσει
3217 2759 3228 2770 ·
3267 2743 3503 2803 ἀκάκους
3519 2741 3591 2794 ,δὲ
3611 2741 3756 2806 λέγει

2193 2841 2315 2901 τοὺς
2332 2838 2514 2901 κακῶς
2539 2838 2601 2891 ἕκ
2615 2855 2754 2900 τινος
2770 2836 3158 2906 ὑπομένοντας,
3183 2835 3274 2885 καὶ
3289 2833 3521 2885 ἀκακίαν
3539 2830 3759 2884 ἀσκοῦν-

2195 2950 2289 2995 τας
2322 2934 2379 2984 ὲν
2396 2933 2600 3004 ἀγάπῃ.
2633 2932 2702 2984 Ἢ
2722 2929 2913 2991 οὕτως.
2955 2926 3378 2993 ’Δνεξέλεγκτος,
3411 2927 3444 2995 ὴ
3469 2926 3758 2995 πρόσχημα

2201 3027 2295 3095 μὲν
2321 3025 2597 3087 εὐσεϐείας
2625 3024 2841 3093 ἔχουσα,
2874 3022 3215 3092 ἀγύμναστος
3245 3018 3300 3070 δὲ
3331 3013 3462 3070 οῦσα
3480 3020 3572 3069 καὶ
3587 3017 3762 3083 ἀνεξέ-

2197 3134 2423 3180 ταστος·
2463 3117 2492 3168 ὁ
2532 3115 2640 3186 γὰρ
2688 3115 2760 3185 μὴ
2810 3112 3181 3182 ἐλεγχόμενος,
3231 3111 3323 3162 καὶ
3374 3108 3620 3178 φανερῶν
3670 3109 3762 3160 καὶ

526 3215 581 3262 et
604 3203 995 3273 exploratione.
1030 3203 1161 3258 Nam
1191 3205 1281 3274 qui
1313 3220 1416 3259 non
1448 3205 1610 3259 fuerit
1648 3206 1978 3274 exploratus,
2007 3221 2095 3261 ne-

2203 3208 2404 3278 ἑτέροις
2434 3206 2503 3259 τὰ
2527 3207 2848 3276 φρονήματα
2883 3204 2975 3256 καὶ
3009 3202 3134 3264 τοὺς
3161 3198 3537 3267 διαλογισμοὺς
3579 3196 3761 3258 αὐτοῦ,

527 3313 637 3366 que
666 3296 789 3351 aliis
830 3307 1066 3351 mentem
1094 3312 1247 3351 suam
1276 3299 1735 3368 cogitationesque
1759 3299 2095 3369 patefecerit,

2204 3299 2464 3352 πλανᾶται
2484 3299 2677 3368 οἰήσει.

528 3387 576 3441 is
603 3385 657 3439 in
681 3399 819 3438 vana
845 3385 1263 3454 praesumptione
1293 3395 1558 3439 versatur.

599 3477 644 3509 "
695 3475 951 3546 Operiunt
1004 3475 1136 3530 dicit
1167 3491 1289 3543 pro.
1329 3492 1434 3530 non
1473 3477 1658 3530 sinunt
1696 3490 1977 3546 apparere.
2002 3475 2103 3530 Vel

532 3567 872 3623 inimicitiam
899 3568 974 3621 ait
1005 3583 1104 3637 pro
1141 3567 1368 3632 malitia,
1401 3567 1556 3634 cujus
1592 3582 1754 3622 causa
1793 3568 1947 3623 invisi
1976 3583 2104 3624 eva-

2271 3473 2944 3541 Τὸ,καιιύπτουσιν,ἀντὶ
2963 3468 3080 3536 τοῦ,
3113 3469 3213 3521 οὐκ
3257 3467 3414 3519 ὲῶσιν
3457 3463 3762 3518 ἀνανεῦσαι.

2209 3573 2277 3624 Ἦ
2307 3570 2504 3641 ἔχθραν
2530 3568 2628 3638 τὴν
2655 3566 2851 3619 κακίαν
2879 3563 3046 3630 λέγει,
3089 3563 3154 3614 δι’
3184 3558 3250 3632 ἧς
3293 3558 3475 3629 ἐχθροὶ
3508 3554 3766 3624 γινόμεθα

533 3659 711 3714 dimus
739 3659 865 3714 Deo.
897 3658 966 3710 At
1009 3659 1153 3712 enim
1189 3659 1529 3712 inimicitiam
1560 3659 1820 3714 adversus
1851 3659 2016 3715 Deum
2047 3670 2095 3716 el

2204 3663 2296 3718 τοῦ
2322 3662 2456 3715 Θεοῦ
2481 3679 2491 3690 ·
2518 3661 2613 3730 τὴν
2628 3659 2682 3712 δὲ
2705 3656 2844 3710 κατὰ
2865 3655 2956 3708 τοῦ
2973 3653 3108 3707 Θεοῦ
3135 3655 3228 3706 καὶ
3250 3652 3346 3704 ἀνθ
3357 3650 3550 3720 ρώπων
3568 3648 3766 3716 ἔχθραν

533 3750 810 3814 homines,
847 3749 1046 3804 nostris
1102 3750 1155 3803 in
1207 3750 1459 3804 cordibus
1490 3767 1520 3802 ιι
1572 3751 1812 3816 maligno
1859 3752 2099 3816 insitam,

2207 3753 2557 3825 ἐγγινομένην
2587 3753 2714 3821 ἡμῖν
2735 3751 2791 3800 ὲν
2817 3751 2882 3817 τῇ
2919 3745 3113 3817 καρδίᾳ
3139 3745 3243 3797 ὑπὸ
3269 3742 3359 3796 τοῦ
3388 3739 3641 3810 πονηροῦ,
3670 3739 3766 3792 αύ-

534 3841 636 3893 viri
667 3840 796 3908 justi
829 3839 1130 3907 expellunt,
1160 3839 1436 3908 Deumque
1470 3839 1629 3893 labiis
1654 3839 1952 3905 celebrant,
1980 3857 2095 3896 cum

2207 3845 2302 3916 τὴν
2337 3845 2433 3914 μὲν
2464 3841 2808 3894 ἀποσείονται
2848 3840 2896 3890 οἱ
2937 3837 3153 3897 δίκαιοι,
3207 3836 3318 3896 τοῖς
3347 3833 3400 3885 δὲ
3441 3831 3638 3900 χείλεσι
3680 3827 3771 3881 τὸν

533 3930 610 3984 ita
661 3929 930 3997 malignus
970 3944 1067 3983 eos
1109 3930 1419 3983 teutaverit.
1467 3928 1524 3982 Si
1573 3931 1710 3982 enim
1751 3947 1867 3984 cum
1906 3931 2095 3985 inimicm

2207 3939 2338 3990 Θεὸν
2379 3934 2655 4005 ὑμνοῦσιν,
2693 3933 2821 3985 ὅταν
2862 3930 3033 3992 οὕτως
3075 3928 3254 3989 αὐτοῖς
3287 3927 3311 3977 ό
3363 3923 3592 3994 πονηρὸς
3637 3922 3773 3973 iam-

531 4037 786 4086 essemus,
818 4021 991 4090 inquit
1031 4019 1230 4075 Paulus
1250 4021 1319 4086 ’⁸,
1349 4022 1668 4076 reconciliati
1687 4040 1864 4077 sumus
1881 4023 1990 4078 Deo
2016 4040 2095 4094 per

2210 4030 2395 4100 ϐάλλῃ⁸
2418 4031 2486 4083 El
2511 4027 2618 4096 γὰρ
2645 4025 2842 4093 ἐχθροὶ
2875 4023 3065 4087 ὄντες,
3093 4021 3253 4089 φησίν
3283 4019 3310 4068 ὁ
3339 4016 3543 4077 Παῦλος
3561 4021 3598 4076 ⁸,
3635 4028 3742 4066 κατ

531 4127 748 4170 mortem
798 4114 930 4169 Filii
975 4116 1111 4186 ejus.
1161 4115 1313 4182 Quod
1349 4118 1393 4171 si
1441 4117 1722 4172 inimicitia
1763 4120 1951 4176 vitium
1998 4132 2095 4176 est.

2210 4123 2559 4190 ηλλάγημεν
2603 4118 2682 4184 τῷ
2743 4116 2865 4182 Θεῷ
2909 4114 3004 4167 διὰ
3041 4113 3142 4166 τοῦ
3171 4109 3429 4166 θανάτου
3479 4109 3582 4160 τοῦ
3639 4105 3771 4160 Υίοῦ

532 4209 722 4276 utique
771 4207 1008 4261 amicitia
1038 4207 1211 4262 virtus
1237 4216 1292 4261 et
1322 4210 1527 4278 agnitio
1568 4210 1684 4277 Dei,
1708 4227 1816 4280 qua
1845 4211 2095 4266 eﬂicimut

2210 4213 2425 4268 αὑτοῦ·
2470 4213 2519 4264 εί
2549 4211 2605 4264 δὲ
2635 4213 2667 4280 ἡ
2700 4209 2895 4279 ἔχθρα,
2930 4207 3095 4259 κακία
3137 4205 3302 4266 ἐστὶν,
3348 4205 3381 4272 ἡ
3431 4201 3578 4270 φιλία
3609 4197 3775 4270 ἀρετὴ

531 4299 689 4352 amici
726 4297 845 4365 ejus
887 4309 944 4354 et
982 4309 1294 4355 sanctarum
1339 4311 1685 4370 potestatum.
1720 4302 1838 4358 Jam
1878 4306 1970 4374 qui
2015 4305 2087 4359 tal

2213 4309 2303 4361 καὶ
2318 4306 2517 4375 γνῶσις
2537 4303 2693 4364 Θεοῦ,
2719 4303 2784 4354 δι’
2816 4298 2883 4372 ἧς
2912 4301 3050 4370 φίλοι
3074 4300 3335 4369 γινόμεθα
3353 4295 3514 4348 αὐτοῦ
3544 4295 3634 4346 καὶ
3668 4293 3778 4345 τῶν

533 4388 784 4442 amicitia:
821 4403 1023 4458 genere
1057 4389 1166 4444 Deo
1196 4390 1398 4446 fuerint
1442 4393 1631 4460 amici,
1665 4399 1851 4463 utique
1882 4407 1937 4450 et
1971 4396 2095 4450 invi-

2214 4399 2383 4467 ἁγίων
2403 4397 2684 4465 δυνάμεων
2708 4413 2721 4427 ·
2748 4394 2840 4447 ἐπὶ
2856 4393 2912 4444 δὲ
2933 4393 3032 4461 τῆς
3063 4391 3240 4459 φιλίας
3280 4387 3500 4456 ταύτης,
3541 4387 3588 4437 οἱ
3626 4385 3776 4444 δντες

533 4493 649 4533 cem
673 4481 833 4534 amici
865 4490 1048 4535 erunt.

2213 4488 2375 4542 αὐτοῦ
2407 4488 2567 4557 φίλοι,
2592 4487 2681 4538 καὶ¹
2704 4485 2942 4555 ἀλλήλων
2969 4484 3074 4536 εἰσὶ
3096 4481 3260 4550 φίλοι.

603 4573 650 4605 ⁹⁹
680 4572 922 4638 Domine,
966 4583 1088 4628 ante
1121 4584 1169 4628 te
1202 4591 1353 4629 omne
1396 4576 1722 4632 desiderium
1754 4595 1925 4633 meum
1951 4580 1992 4645 ¹,
2023 4580 2095 4633 in-

2284 4583 2481 4647 Κύριε,
2499 4578 2773 4630 ἐναντίον
2789 4593 2904 4630 σου
2928 4576 3094 4629 πᾶσα
3114 4576 3145 4640 ἡ
3161 4573 3439 4640 ἐπιθυμία
3450 4589 3588 4639 μου,
3617 4567 3780 4639 φησὶν

535 4664 654 4733 quit
683 4664 872 4720 David.
903 4665 958 4718 Id
986 4677 1092 4732 est,
1123 4668 1381 4736 quidquid
1414 4668 1521 4722 Deo
1564 4681 1773 4738 gratum
1804 4682 1910 4735 est.
1951 4643 1997 4727 et
2018 4672 2095 4739 ju.

2186 4667 2187 4678 “
2214 4676 2242 4726 ὁ
2266 4672 2425 4726 Δαυῖδ
2443 4689 2456 4702 ·
2484 4669 2758 4722 τουτέστιν
2784 4669 2882 4720 ὅσα
2905 4666 2982 4736 τῷ
3014 4663 3134 4735 Θεῷ
3165 4663 3390 4734 ἀρεστά,
3426 4662 3516 4713 καί
3554 4657 3776 4716 δικαίοις

539 4764 653 4809 stos
674 4755 850 4821 decet,
886 4755 938 4809 id
975 4757 1270 4825 optandum
1304 4766 1407 4822 est,
1432 4767 1492 4810 ut
1513 4758 1859 4824 acceptabilis
1882 4760 1953 4813 sit
1978 4775 2075 4813 ora

2212 4766 2458 4836 ἁρμόζει,
2481 4763 2764 4832 ἐπιθυμεῖν
2789 4761 2914 4830 χρὴ,
2947 4759 3034 4811 ἵνα
3059 4757 3224 4827 δεκτὴ
3259 4758 3291 4826 ἡ
3326 4752 3600 4826 προσευχὴ
3625 4749 3778 4818 ἡμῶν

541 4847 618 4900 tio
645 4854 832 4900 nostra
865 4862 1049 4901 coram
1094 4847 1224 4902 Deo.
1249 4848 1317 4902 At
1360 4848 1554 4916 impius
1589 4849 1888 4918 perditione
1916 4864 2095 4920 perpe-

2213 4855 2432 4924 γένηται
2476 4853 2714 4908 ἐναντίον
2759 4850 2852 4903 τοῦ
2883 4848 3020 4902 Θεοῦ
3045 4866 3056 4878 ·
3098 4849 3126 4899 ὁ
3169 4847 3225 4898 δὲ
3272 4845 3492 4914 ἀσεϐὴς,
3539 4840 3781 4908 ἀπωλείᾳ

542 4948 628 4990 tua
663 4937 1069 5008 circumagitur,
1093 4939 1221 4994 dum
1250 4955 1372 5010 quae
1398 4941 1506 4996 Deo
1527 4942 1748 4996 minime
1777 4950 1931 5011 grata
1957 4950 2095 5004 sunt,

2214 4947 2406 5018 αἰωνίῳ⁵
2427 4946 2778 5018 περιφέρεται
2811 4945 2869 4996 ὲν
2893 4940 2970 5011 τῷ
2994 4939 3278 5009 ἐπιθυμεῖν
3303 4938 3395 4990 καὶ
3426 4937 3682 5006 πράττειν
3718 4933 3784 4986 τὰ

540 5029 688 5097 cupit
715 5031 952 5098 agitque.
1813 5101 1818 5104 _
2075 5105 2082 5108 _

2219 5039 2290 5111 μὴ
2317 5039 2435 5109 Θεῷ
2460 5038 2609 5106 φίλα.

611 5121 630 5152 ³
661 5119 718 5174 Si
748 5123 913 5178 timor
947 5122 1039 5177 Dei
1059 5124 1210 5178 addit
1235 5123 1371 5191 dies,
1392 5125 1602 5180 initium
1631 5133 1810 5179 autem
1829 5121 2095 5194 sapientia

2287 5131 2347 5184 Ei
2382 5131 2542 5199 φὸΰος
2563 5127 2768 5198 Κυρίου
2806 5123 3156 5196 προστίθησιν
3191 5120 3423 5190 ἡμέρας,
3449 5118 3591 5188 ἀρχὴ
3619 5117 3673 5169 δὲ
3704 5133 3788 5169 σο-

543 5213 706 5266 timor
738 5212 972 5278 Domini,
1007 5217 1191 5285 utique
1224 5217 1278 5270 lii
1310 5218 1425 5272 dies
1454 5228 1638 5282 partes
1682 5215 1960 5286 sapientia:
1986 5225 2095 5270 sun!

2220 5224 2343 5292 φίας
2367 5222 2524 5291 φόϐος
2547 5220 2774 5290 Κυρίου,
2794 5220 2850 5271 αἱ
2879 5217 3078 5287 ἡμέραι
3109 5211 3286 5275 αὗται,
3314 5213 3452 5282 μέρη
3482 5212 3576 5280 τῆς
3602 5210 3788 5278 σοφίας

546 5318 574 5354 a
597 5303 826 5373 justitia:
863 5305 980 5359 sole
1016 5322 1310 5363 concessae.
1333 5308 1466 5364 Nam
1493 5311 1576 5364 vir
1611 5311 1925 5380 proficiens,
1955 5324 2091 5379 auge

2223 5316 2355 5367 εἰσὶν
2383 5314 2485 5366 ὑπὸ
2507 5312 2600 5366 τοῦ
2635 5311 2786 5381 ⁴ἡλίου
2810 5311 2908 5378 τῆς
2933 5308 3275 5375 δικαιοσύνης
3311 5306 3621 5374 γινόμεναι·
3662 5318 3791 5370 προ-

543 5397 793 5451 notioncs
813 5407 868 5451 et
895 5397 1337 5456 illuminationes.
1367 5402 1470 5457 Pro
1501 5404 1690 5458 diebus
1711 5411 1892 5459 autem
1926 5403 2095 5472 hujus

2225 5405 2436 5458 κόπτων
2450 5404 2558 5475 γὰρ
2581 5402 2902 5472 προστίθησι
2932 5398 3157 5467 γνώσεις
3184 5401 3276 5451 καὶ
3300 5396 3626 5465 φωτισμούς·
3653 5395 3792 5463 ὑπὲρ

547 5491 689 5545 modi
721 5503 843 5545 orat
868 5492 1058 5558 David,
1090 5495 1278 5550 dicens
1309 5514 1322 5550 :
1363 5493 1440 5548 Nc
1479 5513 1682 5551 revoces
1711 5513 1788 5552 me
1811 5498 1865 5551 in
1894 5497 2095 5550 dimidii

2225 5497 2279 5550 δὲ
2312 5495 2562 5549 τοιούτων
2603 5491 2824 5562 ἡμερῶν
2859 5490 3074 5560 εὔχεται
3106 5489 3198 5542 καὶ
3250 5487 3408 5541 Δαυῖδ
3451 5486 3653 5552 λέγων’
3695 5488 3746 5536 Μ
3758 5482 3789 5548 ὴ

504 5656 514 5665 ’
618 5655 663 5688 η
699 5671 747 5708 v.
780 5656 864 5708 l2.
945 5657 988 5686 ³³
1025 5672 1072 5712 v.
1111 5658 1189 5712 l7.
1280 5658 1325 5690 "
1367 5673 1415 5709 ι’.
1447 5658 1496 5712 4.
1577 5658 1622 5690 "
1649 5673 1673 5710 ι·

555 5728 634 5782 ιυ.
709 5727 726 5755 ¹
756 5742 804 5781 v.
836 5726 924 5779 ‘27.

1857 5656 1900 5687 "
1941 5671 1990 5713 ν.
2033 5653 2094 5709 l7

2196 5656 2235 5685 ’τ
2267 5673 2312 5708 v.
2351 5656 2434 5711 18.
2514 5648 2793 5705 9"‘Romnr.
2837 5645 2920 5699 ιυ.
2995 5643 3039 5675 ’⁸
3084 5642 3254 5696 v.21.
3335 5639 3348 5669 ⁸
3397 5637 3536 5692 l'snl.
3587 5650 3792 5697 xxxiii.
