4172 6452
319 359 428 416 189

1491 360 1860 418 EXPOSITIO
1883 362 1948 416 ΙΝ
1991 362 2406 419 PROVEBBIA.

3488 365 3592 420 if‘ﬂ

315 474 619 544 ἀναγάγῃς
645 492 722 544 με
749 475 820 529 ἐν
841 476 1044 544 ἡμίσει
1065 475 1299 544 -ιῃιερῶν
1321 493 1440 543 μου
1459 495 1470 506 ·
1499 477 1700 540 ταύτας
1725 477 1782 531 δὲ
1803 477 1891 540 τὰς

2005 479 2208 532 dierum
2235 495 2468 532 meorum
2490 478 2534 532 ³.
2565 477 2724 532 Hisce
2756 478 2948 532 diebus
2975 475 3222 545 expletis,
3248 478 3590 534 Abrahamus

317 567 535 639 ⁴ἡμέρας
562 569 656 622 καὶ
700 567 951 638 Ἀϐραάμ
985 567 1279 639 πληρώσας
1317 567 1558 621 ἀπέθανε
1599 568 1901 640 πρεσϐύτε-

322 675 417 727 ρος
445 658 539 710 καὶ
574 659 787 730 πλήρης
835 658 1057 729 ἡμερῶν
1078 677 1090 688 ·
1133 659 1226 710 καὶ
1257 658 1356 722 τὰς
1389 657 1538 722 ὓείας
1571 660 1788 730 ὁράσεις
1827 661 1902 724 ὡς

316 749 530 822 ’Ἡμέρας
558 751 878 821 προστίθησι
905 750 1110 822 Κύριος
1130 753 1244 813 τοῖς
1272 753 1328 802 ἐν
1343 749 1524 802 πίστει
1547 750 1903 821 φοϐουμένοις

317 841 479 896 αὐτόν
499 859 512 872 ·
547 841 616 894 τὰ
649 841 852 894 δὲ.τῶν
884 841 1098 896 ἀσεϐῶν
1135 842 1252 913 ἐτη,
1297 841 1476 910 ἀσοφα
1511 841 1776 912 ὁραθέντα
1808 844 1904 896 καὶ

315 932 468 997 θείας
490 933 712 1013 χάριτος
743 933 894 996 ἄνευ,
919 931 1296 1002 ὡλιγώθησαν.

383 1023 566 1076 Λίῶνα
591 1023 683 1076 τὸν
713 1022 1004 1095 ἀνθρώπου
1030 1023 1142 1093 βίον
1163 1024 1334 1092 λέγει,
1361 1025 1438 1088 ὡς
1464 1026 1494 1077 6
1527 1025 1770 1089 Παῦλος·
1817 1027 1902 1080 Οὐ

307 1113 398 1183 μὴ
427 1115 594 1186 φάγω
622 1114 766 1183 κρέα
793 1118 880 1180 εὶς
909 1115 1018 1168 τὸν
1035 1114 1240 1182 αἰῶνα,
1263 1117 1364 1170 ἵνα
1388 1117 1472 1186 μὴ
1501 1117 1608 1171 τὸν
1637 1117 1904 1186 ἀδελφόν

310 1223 434 1274 μου
467 1207 864 1261 σκανδαλίσω
883 1223 897 1238 ·
947 1207 1010 1260 τὸ
1048 1207 1158 1280 γὰρ
1207 1209 1812 1280 συμπαρεκτεινὸμενον
1835 1212 1901 1280 τῇ

315 1298 572 1352 συστάσει
593 1299 692 1369 τῆς
721 1298 866 1369 ζωῆς
899 1299 1088 1362 αὑτοῦ,
1121 1298 1296 1354 αἰῶνα
1320 1299 1603 1370 ὠνόμασεν
1625 1319 1638 1332 ·
1665 1302 1780 1354 υὺκ
1817 1303 1904 1353 ἐν-

311 1387 478 1442 δώσει
503 1389 632 1460 γάρ,
666 1390 852 1460 φησιν,
879 1392 908 1444 6
931 1389 1138 1454 δίκαιος
1169 1391 1486 1462 ἀμαρτῆσαι
1519 1391 1904 1462 ἐνοχλούμενος

313 1479 418 1532 ὑπὸ
439 1479 534 1532 τοῦ
569 1480 828 1551 πονηροῦ.
859 1480 922 1534 Οἱ
966 1479 1022 1532 δὲ
1045 1481 1262 1544 ἀσεϐεῖς
1292 1483 1698 1553 ἁμαρτάνοντες
1723 1483 1784 1536 οὐ
1815 1483 1906 1553 μό-

309 1589 404 1626 νον
428 1571 786 1626 ἐκπεσοῦνται
819 1573 920 1643 τῆς
958 1571 1260 1643 βασιλείας,
1313 1572 1452 1628 ἀλλὰ
1475 1573 1538 1628 τὸ
1563 1573 1676 1645 πῦρ
1713 1574 1810 1627 καὶ
1839 1574 1902 1626 οὐ

308 1664 414 1736 τὴν
438 1665 542 1735 γῆν
573 1665 908 1736 οἰκήσουσιν.

394 1757 542 1810 Ἀντὶ
571 1755 688 1818 τοῦ,
732 1757 954 1828 χάριτος
993 1755 1280 1819 ἀνάπλεώς
1319 1757 1506 1810 ἐστιν·
1555 1754 1816 1820 εὐσεϐοῦς
1845 1757 1903 1810 δὲ

2005 584 2222 639 quoque
2245 569 2380 624 obiit
2410 583 2573 625 senex
2607 569 2910 638 plenusque
2939 569 3174 622 dierum.
3204 568 3424 622 Divinas
3451 583 3590 636 qun-

1997 675 2110 728 que
2143 659 2402 725 visiones,
2433 659 2588 728 quasi
2630 658 2785 723 dies,
2823 657 2972 712 addit
3027 656 3286 711 Dominus
3316 671 3440 710 cum
3483 657 3588 710 lide

2005 751 2322 806 timentibus
2365 766 2448 805 se.
2491 750 2562 804 At
2595 765 2730 804 vero
2765 751 3056 816 impiorum
3089 747 3240 811 anni,
3270 749 3588 818 insipientes

2003 846 2286 918 comperti,
2321 854 2376 902 et
2399 844 2606 914 absque
2643 844 2824 900 divina
2849 844 3052 914 gratia,
3079 843 3310 897 breviati
3343 841 3581 896 fuerunt.

2077 1035 2099 1066 δ
2127 1032 2394 1090 Saeculum
2435 1031 2566 1088 dicit
2623 1033 2916 1086 humanam
2969 1030 3158 1092 vitam,
3189 1037 3248 1080 ut
3289 1027 3486 1082 Paulus
3514 1027 3536 1059 '
3567 1046 3580 1080 :

2005 1127 2130 1182 Non
2159 1124 2488 1180 manducabo
2514 1139 2723 1178 carnem
2749 1125 2804 1176 in
2825 1121 3097 1186 swculum,
3129 1137 3189 1174 ne
3214 1120 3346 1188 forte
3366 1119 3584 1188 fratrem

2005 1235 2176 1272 meum
2196 1217 2572 1272 scandalizent.
2613 1215 2820 1284 Quippe
2837 1217 3154 1270 demensum
3174 1214 3298 1267 vitae
3323 1227 3434 1266 sua:
3461 1228 3584 1280 spa-

2007 1310 2162 1374 tium,
2196 1309 2450 1364 sarculum
2486 1306 2809 1360 nominavit.
2861 1305 2978 1358 Non
3029 1303 3349 1368 delabetur,
3386 1301 3579 1372 inquit,

1997 1401 2180 1469 justus
2209 1401 2276 1455 ad
2297 1398 2630 1469 peccandum
2673 1407 2892 1466 propter
2925 1397 3103 1450 illatas
3141 1396 3244 1450 sibi
3289 1412 3318 1448 a
3349 1395 3583 1463 maligno

2005 1492 2304 1548 molestias.
2337 1489 2408 1544 At
2463 1489 2612 1559 impii
2665 1497 2958 1556 peccantes
2993 1503 3098 1541 non
3155 1502 3324 1554 regno
3375 1496 3580 1540 tantum

2003 1586 2276 1651 excident,
2297 1598 2484 1638 verum
2515 1597 2583 1636 ne
2617 1591 2815 1636 terram
2850 1581 3066 1650 quidem
3097 1579 3440 1635 habitabunt.

2076 1760 2098 1791 ⁶
2121 1759 2230 1814 Pro
2259 1773 2325 1814 eo
2359 1773 2424 1813 ac
2463 1758 2508 1812 si
2537 1757 2708 1821 dicat,
2752 1757 2943 1828 gratia:
2974 1756 3164 1826 plenus
3188 1764 3289 1811 est.
3323 1755 3578 1824 Religiosi

309 1848 488 1919 στόμα
522 1848 616 1901 νῦν
645 1849 736 1900 τὸν
765 1847 890 1900 νοῦν
934 1847 1082 1915 λέγει
1128 1848 1223 1900 καὶ
1266 1847 1366 1917 τὴν
1399 1848 1626 1919 καρδίαν
1647 1888 1662 1912 ,
1699 1847 1775 1912 ὡς
1807 1848 1891 1901 διὰ

1998 1851 2232 1908 hominis
2246 1867 2308 1906 os
2334 1865 2478 1905 nunc
2497 1865 2595 1920 pro
2621 1859 2803 1904 mente
2833 1849 2966 1903 dicit
2992 1858 3048 1903 et
3074 1851 3260 1914 corde,
3275 1863 3392 1917 quae
3419 1846 3579 1916 quasi

305 1944 418 1998 τῶν
450 1945 673 2016 χειλέων
693 1942 967 2014 ὑμνοῦσαν
985 1943 1076 1996 τὸν
1103 1943 1236 1998 Θεόν
1255 1961 1270 1976 ·
1299 1943 1360 1996 τὺ
1381 1943 1438 1996 δὲ
1464 1943 1658 1997 λαλοῦν
1683 1943 1896 2015 πονηρά

309 2035 485 2106 στόμα
513 2034 624 2088 τῶν
651 2033 888 2096 ἀσεϐῶν,
937 2034 1344 2104 ἀποστρέφεται
1389 2035 1500 2088 ἀπὸ
1525 2032 1620 2088 τοῦ
1647 2034 1783 2088 Θεοῦ
1809 2037 1890 2098 είς

307 2122 371 2175 τὸ
396 2117 538 2176 εἶναι
555 2122 636 2194 τῷ
668 2121 892 2194 πονηρῷ
911 2137 925 2150 ·
949 2123 1052 2194 ὅρα
1083 2121 1140 2176 δέ
1165 2123 1220 2176 τί
1249 2124 1346 2177 ἀπ’
1375 2124 1610 2192 ἐκείνου,
1632 2124 1686 2177 τί
1708 2125 1766 2178 δὲ
1791 2125 1900 2178 ἀπὸ

315 2210 525 2266 τούτου.

1992 1945 2154 2002 labiis
2203 1943 2368 1999 Deum
2401 1942 2808 1998 concelebrant.
2853 1941 3006 2007 Quod
3055 1949 3235 1994 autem
3285 1955 3451 2010 prava
3500 1940 3571 1994 lo-

1993 2037 2181 2106 quitur
2211 2051 2274 2090 os
2327 2036 2616 2104 Intpiorum
2647 2073 2664 2098 ,
2700 2041 3050 2102 retorquetur
3077 2049 3104 2086 a
3142 2033 3251 2088 Deo
3302 2033 3360 2086 in
3403 2034 3575 2101 ipsum

1995 2128 2242 2199 impium.
2279 2126 2494 2184 Videsis
2517 2135 2698 2182 autem
2729 2127 2858 2196 quid
2885 2128 2953 2182 ab
2989 2127 3100 2192 illo,
3120 2135 3175 2182 et
3201 2125 3330 2196 quid
3359 2124 3426 2178 ab
3453 2126 3574 2178 hoc.

1775 2349 1784 2362 ‘
1824 2327 1976 2384 CAP.
2017 2328 2110 2384 XI.

385 2417 566 2488 Ἕχων
586 2417 694 2488 γὰρ
721 2418 858 2487 πρὸς
882 2417 950 2470 τά
976 2417 1236 2488 μέλλοντα
1249 2419 1356 2474 ’τὸν
1387 2420 1610 2485 σκοπὸν,
1631 2421 1890 2493 τυγχάνει

312 2512 530 2574 πάντως
555 2504 629 2564 ὧν
655 2511 1018 2582 προσεδόκησε
1041 2512 1370 2582 τελευτήσας
1393 2515 1422 2566 6
1451 2513 1674 2578 δίκαιος.
1709 2516 1778 2567 Ἣ
1811 2516 1892 2580 είς

301 2603 402 2674 τὴν
451 2602 744 2655 ἀνάστασιν
777 2603 925 2673 ἡμᾶς
975 2603 1375 2673 παραπέμπει·
1416 2605 1511 2658 καὶ
1556 2606 1650 2659 ἐπὶ
1699 2606 1890 2660 τούτου

308 2695 404 2765 μὲν
460 2695 610 2766 μένει
649 2693 717 2746 τὰ
746 2693 896 2757 ὄντα,
923 2695 1018 2748 καὶ¹
1058 2695 1159 2748 οὐκ
1191 2696 1538 2764 ἀφανίζεται·
1567 2699 1654 2752 ἐπ’
1680 2700 1889 2753 ἐκείνου

306 2787 365 2841 δὲ
392 2787 486 2839 καὶ
524 2785 594 2838 τά
625 2785 755 2840 ὄντα
796 2786 1109 2840 σϐέννυται·
1138 2788 1196 2839 ἐν
1220 2787 1330 2860 γὰρ
1361 2788 1440 2859 τῷ
1466 2791 1694 2862 παρόντι
1731 2792 1890 2862 μόνον

305 2873 460 2926 αἰῶνι
495 2873 803 2942 καυχῶνται
829 2893 840 2904 ·
869 2875 997 2946 περὶ⁶
1027 2871 1104 2930 ὧν
1135 2875 1352 2949 εἴρηται
1370 2895 1384 2908 ·
1415 2873 1528 2933 Ὧν
1555 2883 1594 2950 ἡ
1643 2880 1791 2946 δόξα
1818 2883 1888 2936 ἐν·

301 2965 376 3038 τῇ
399 2969 660 3038 αἰσχύνῃ
689 2967 905 3023 αὐτῶν.

331 3147 338 3156 ⁷
373 3145 486 3214 Οὐχ
518 3145 596 3208 ὡς
639 3146 1007 3217 ὑποκειμένου
1053 3149 1150 3202 τοῦ
1200 3149 1460 3214 εὐσεϐοῦς
1502 3155 1570 3224 τῇ
1608 3153 1730 3225 δίκῃ
1761 3156 1894 3226 φησὶ

297 3237 380 3298 τὸ,
399 3237 536 3290 Ἀντ’
551 3238 716 3290 αὐτοῦ
725 3257 800 3292 πα
809 3241 1073 3310 ραδίδοται
1093 3241 1317 3314 ἀσεϐὴς,
1337 3243 1452 3296 ἀλλ’
1471 3247 1705 3318 ἐπειδὴή
1727 3250 1894 3317 παγίς

297 3329 446 3380 ἐστιν
476 3325 584 3380 ἀπὸ
606 3326 702 3380 τοῦ
731 3329 968 3402 πονηροῦ
988 3329 1128 3384 κατὰ
1155 3331 1250 3384 τοῦ
1277 3331 1509 3396 δικαίου,
1537 3335 1730 3389 τούτου
1764 3341 1891 3409 ῥυο-

301 3418 464 3489 μένου
512 3421 834 3489 περιπίπτει
883 3422 1058 3496 ταύτῃ
1101 3426 1130 3478 6
1181 3424 1414 3496 ἀσεϐής·
1445 3426 1810 3498 ἐξαρπάζεται
1863 3431 1892 3483 6

297 3510 528 3581 εὐσεϐὴς
553 3511 658 3565 ὑπὸ
676 3511 835 3578 Θεοῦ,
857 3515 886 3566 6
911 3515 967 3567 δὲ
990 3516 1194 3587 ἀσεϐὴς
1225 3518 1694 3587 ἐγκαταλειφθεὶς,
1735 3539 1890 3594 περι-

297 3601 510 3656 πίπτει·
540 3603 679 3657 κατὰ
705 3604 785 3663 τὸ.
805 3607 910 3660 Ἔν
941 3607 1066 3673 τοῖς
1084 3607 1282 3678 ἔργοις
1313 3609 1433 3664 τῶν
1463 3613 1678 3680 χειρῶν
1701 3615 1888 3670 αὐτοῦ

297 3685 654 3762 ἀυνελήςρθη
685 3700 718 3750 ό
751 3699 1118 3766 ἁμαρτωλός.
1151 3703 1226 3754 Ἦ
1255 3705 1446 3776 ἐπειδὴ
1477 3708 1506 3758 6
1533 3706 1740 3771 δίκαιος
1759 3709 1890 3762 ὑπό-

298 3787 474 3841 κειταί
500 3807 642 3842 τισιν
661 3789 737 3852 ὡς
762 3789 1050 3864 ἄνθρωπος
1077 3793 1294 3866 ἀμαρτή
1305 3813 1490 3866 μασιν,
1516 3798 1686 3853 ἐλθὼν
1708 3803 1736 3854 ὁ
1758 3802 1886 3854 ἀσε-

297 3878 400 3950 ϐὴς
433 3881 526 3934 καὶ
561 3885 938 3955 κακοποιήσας
965 3884 1062 3936 τὸν
1087 3885 1314 3950 δίκαιον,
1338 3888 1447 3943 τῶν
1473 3889 1573 3960 μὲν
1604 3891 1888 3963 ἁμαρτιῶν

297 3971 392 4023 καὶ
423 3971 534 4025 τῶν
563 3974 840 4028 κολάσεων
857 3974 966 4028 τῶν
1004 3976 1314 4046 μελλουσῶν
1347 3981 1640 4050 ἐρρύσατο,
1663 3985 1743 4048 εἰς
1757 3986 1886 4038 ἐαυ-

293 4063 388 4116 τδν
413 4065 470 4117 δὲ
501 4065 602 4128 τὰς
630 4067 901 4139 τιμωρίας
943 4067 1249 4135 ἀνεδέξατο.
1293 4071 1652 4141 Παραδίδοται
1699 4075 1756 4128 δέ
1796 4079 1884 4146 ὑφ’

299 4156 496 4210 ἑαυτοῦ
531 4158 636 4210 ὑπό
661 4160 762 4230 τῆς
789 4159 926 4224 ίδίας
957 4160 1175 4226 κακίας,
1205 4162 1280 4226 ὡς
1309 4164 1582 4235 παραδοὺς
1593 4167 1786 4221 ἐαυτὸν
1805 4170 1886 4234 εἰς

293 4248 553 4320 ἀδόκιμον
576 4249 720 4304 νοῦν.

370 4341 528 4394 Ἤτοι
571 4341 846 4415 διάκρισις
883 4344 916 4415 ὴ
956 4345 1084 4416 περὶ
1129 4345 1240 4402 τῶν
1287 4347 1606 4419 πρακτέων,
1644 4347 1676 4419 ἦ
1709 4351 1781 4421 μή
1805 4367 1817 4380 '
1847 4349 1880 4420 ἦ

2067 2427 2086 2458 ⁷
2117 2426 2220 2494 Qui
2262 2441 2484 2497 scopum
2517 2425 2622 2481 sibi
2661 2425 2916 2496 proponit
2960 2439 3048 2478 res
3079 2422 3316 2486 futuras,
3353 2437 3576 2492 prorsus

1997 2521 2231 2590 acquirit
2274 2520 2736 2590 exspectationem
2777 2533 2931 2572 suam
2982 2517 3222 2572 moriens
3253 2514 3450 2583 justus.
3484 2515 3574 2570 Vel

1995 2615 2062 2667 ad
2115 2615 2710 2668 resurrectionem-nos
2757 2611 3010 2666 amandat
3056 2619 3274 2664 auctor.
3327 2609 3392 2664 Et
3423 2608 3573 2676 justo

1996 2704 2212 2774 quidem
2247 2713 2604 2774 manentqua:
2625 2704 2809 2766 habet,
2831 2717 2932 2757 nec
2959 2707 3189 2771 pereunt
3213 2718 3225 2753 :
3255 2699 3454 2768 injuste
3480 2715 3577 2753 au-

1995 2805 2106 2850 tem
2137 2807 2192 2851 et
2222 2797 2364 2866 quod
2401 2797 2586 2860 habet,
2632 2795 3024 2863 exstinguitur.
3069 2792 3279 2862 Quippe
3305 2793 3571 2863 ejusmodi

1997 2888 2246 2944 homines
2275 2889 2524 2958 prmscnti
2559 2897 2766 2942 tantum
2801 2888 2999 2942 sreculo
3035 2886 3430 2951 exsultant;de
3455 2887 3578 2956 qui-

2003 2978 2104 3036 bus
2125 2981 2326 3036 dictum
2356 2989 2440 3036 est
2461 2983 2484 3012 ⁸
2517 2997 2530 3032 :
2560 2979 2797 3047 Quorum
2824 2979 2994 3050 gloria
3025 2980 3078 3032 in
3111 2979 3400 3048 ignominia
3433 2978 3574 3044 ipso-

1915 3071 1960 3130 C
1995 3091 2134 3129 rum.

2064 3167 2183 3223 Non
2214 3168 2339 3238 quia
2391 3167 2702 3236 suppositus
2731 3164 3063 3220 damnationi
3112 3163 3274 3220 fuerit
3311 3164 3396 3218 vir
3429 3163 3573 3234 pius.

1993 3263 2168 3318 dicit:
2207 3260 2409 3330 Impius
2464 3259 2704 3314 traditur
2731 3272 2832 3326 pro
2885 3269 2994 3320 eo;
3028 3255 3122 3310 sed
3154 3255 3281 3325 quia
3323 3254 3572 3323 laqueum

1995 3354 2278 3423 improbus
2299 3353 2446 3421 justo
2477 3353 2814 3414 tetenderat;
2843 3351 2948 3404 hoc
2985 3357 3192 3418 erepto,
3216 3347 3406 3402 incidit
3433 3348 3486 3401 in
3515 3347 3572 3401 il-
3625 3401 3632 3410 _

1994 3446 2104 3500 lum
2157 3445 2460 3514 improbus.
2487 3443 2730 3511 Eripitur
2769 3457 2797 3494 a
2846 3444 2954 3496 Deo
2991 3441 3109 3510 pius
3143 3455 3158 3505 ;
3197 3439 3396 3508 impius
3443 3455 3572 3494 vero

1993 3537 2282 3592 derelictus
2319 3535 2568 3605 laqueum
2601 3535 2854 3588 incurrit.
2888 3531 3050 3588 Juxta
3081 3531 3208 3586 illud
3243 3551 3255 3584 :
3297 3530 3362 3584 In
3395 3532 3570 3600 operi-

1993 3630 2088 3682 bus
2139 3643 2394 3682 manuum
2441 3643 2662 3681 suarum
2699 3629 3104 3695 comprehensus
3147 3631 3224 3676 est
3265 3625 3572 3692 peccator’.

1995 3721 2090 3772 Vel
2133 3740 2144 3774 :
2174 3720 2298 3789 quia
2331 3719 2513 3788 justus
2548 3719 2818 3774 obnoxius
2845 3727 2952 3784 est,
3003 3727 3192 3784 utpote
3219 3715 3402 3778 homo,
3443 3717 3570 3784 qui-

1991 3811 2214 3867 busdam
2267 3809 2526 3877 peccatis,
2555 3807 2946 3876 superveniens
2995 3805 3195 3875 impius
3237 3814 3294 3858 et
3327 3801 3574 3872 alnigens

1987 3903 2216 3973 justum,
2250 3916 2280 3954 a
2323 3901 2562 3970 peccatis
2601 3909 2658 3952 ct
2688 3899 2884 3954 futuris
2927 3898 3103 3968 poenis
3149 3897 3293 3950 hunc
3343 3896 3571 3958 liberat,

1993 3996 2044 4046 in
2073 4007 2132 4046 se
2168 4000 2348 4044 autem
2389 4005 2580 4058 pmnas
2607 3989 2724 4042 illas
2759 3989 3007 4042 attrahit.
3043 3985 3570 4040 Proditurnimirum

1989 4098 2020 4137 a
2051 4097 2147 4137 sua
2172 4081 2338 4149 ipsius
2360 4080 2586 4143 malitia,
2613 4087 2900 4148 postquam
2919 4092 2979 4132 se
3006 4077 3060 4130 in
3093 4075 3394 4144 improbam
3419 4089 3571 4130 meu-

1991 4179 2096 4226 tem
2135 4169 2387 4237 conjecit.

2059 4347 2102 4380 ¹⁰
2126 4346 2390 4402 Nimirum
2415 4360 2594 4401 rerum
2621 4345 2950 4415 agendarum
2981 4349 3073 4396 aut
3105 4356 3210 4395 non
3241 4341 3568 4411 agendarum

293 4431 438 4486 ὥστε
459 4433 552 4486 τὸν
580 4433 789 4486 ἑαυτῶν
815 4434 928 4504 βίον
955 4437 1260 4508 οἰκονομεῖν
1277 4455 1290 4468 ·
1311 4439 1602 4494 κλυδώνιον
1636 4441 1742 4513 γάρ
1768 4442 1882 4494 ἐστι

1993 4439 2291 4503 discretio;
2331 4437 2416 4492 vel
2474 4439 2710 4506 prepriae
2775 4435 2900 4488 vitaz
2955 4432 3398 4490 adminiSIratio.
3449 4447 3568 4500 qua:

297 4524 442 4596 μέγα
475 4527 570 4579 καὶ
614 4526 886 4598 ἀφόρητον
910 4543 924 4557 ·
969 4529 1018 4580 oi
1055 4529 1289 4584 τοιοῦτοι
1337 4531 1446 4602 γάρ
1491 4533 1654 4586 παντὶ
1699 4533 1886 4605 ἀνέμῳ

293 4615 718 4686 περιφερόμενοι
745 4617 1046 4686 ναυαγοῦσι
1075 4619 1204 4690 περὶ
1227 4620 1320 4673 τὸν
1350 4620 1464 4690 βίον
1495 4623 1528 4692 ἢ
1553 4623 1650 4694 τὴν
1681 4623 1884 4686 πίστιν,

296 4709 391 4761 καὶ
435 4707 512 4772 ὡς
542 4707 718 4776 φύλλα
756 4708 975 4780 δένδρου
1015 4711 1308 4765 πίπτουσιν
1337 4713 1447 4765 ἀπὸ
1486 4712 1582 4765 τοῦ
1613 4713 1770 4778 Θεοῦ,
1805 4711 1887 4777 οἷς

299 4799 374 4870 μὴ
402 4800 638 4872 ὑπάρχει
671 4800 833 4870 σοφία
873 4800 1008 4854 Θεοῦ
1031 4819 1046 4832 ·
1085 4803 1135 4854 εί
1177 4803 1234 4856 δὲ
1269 4806 1300 4874 ἡ
1346 4805 1588 4876 σωτηρία
1637 4805 1786 4858 ἐστὶν
1829 4808 1886 4858 ἐν

296 4896 484 4967 βουλῇ,
515 4897 610 4950 καὶ
637 4896 735 4966 οὐχ
786 4895 976 4958 ἁπλῶς
1027 4896 1213 4968 βουλῇ,
1258 4897 1398 4951 ἀλλά
1443 4900 1538 4953 καὶ
1564 4899 1752 4971 πολλῇ,
1786 4901 1886 4953 οὐκ

295 4987 408 5058 ἄρα
453 4989 512 5042 ἐν
558 4986 808 5058 σώμασιν
840 4987 873 5059 ἢ
909 4989 1218 5060 χρήμασιν,
1269 4990 1390 5044 ούδέ
1421 4989 1568 5044 κατὰ
1601 4991 1761 5060 φύσιν
1802 5009 1886 5056 τις

294 5077 562 5144 σώζεται·
595 5079 738 5132 κατά
757 5081 885 5143 τοὺς
911 5079 1013 5144 τὰς
1039 5079 1231 5150 φύσεις
1258 5082 1594 5151 εἰσάγοντας.

375 5257 642 5311 Ἐνταῦθα
669 5257 768 5328 τὴν
799 5257 980 5330 ψυχὴν
1008 5256 1272 5329 ἄντικρυς
1294 5261 1554 5330 προεῖπεν
1583 5259 1758 5332 σῶμα·
1784 5264 1880 5316 καὶ

289 5351 319 5403 6
345 5349 582 5422 Χριστὸς
613 5348 670 5401 δὲ
708 5351 766 5401 ἐν
807 5352 922 5411 τοῖς
948 5349 1326 5418 Εὑαγγελίοις,
1376 5351 1535 5422 σῶμα
1565 5352 1665 5422 τὴν
1700 5352 1879 5424 ψυχὴν

288 5439 544 5510 ὀνομάζει
566 5455 581 5469 ·
622 5439 688 5491 '0
712 5437 965 5506 λύχνος,
992 5437 1188 5507 λέγων,
1203 5439 1311 5493 τοῦ
1339 5439 1613 5509 σώματός
1645 5441 1816 5497 ἐστιν
1847 5447 1880 5497 ὀ

289 5531 600 5602 ὀφθαλμός
621 5547 635 5560 ·
683 5527 874 5600 λύχνον
929 5529 1030 5600 μὲν
1074 5527 1196 5583 εἷπε
1242 5531 1336 5584 τὸν
1364 5531 1490 5586 νοῦν
1515 5550 1527 5560 ·
1577 5533 1738 5598 αὐτὸς
1772 5534 1880 5606 γάρ

287 5630 406 5684 ἐστι
425 5627 678 5696 γνώσεως
707 5625 952 5690 δεκτικός
990 5642 1002 5655 ·
1031 5623 1188 5692 σῶμα
1221 5624 1276 5677 δὲ
1303 5624 1362 5678 τὸ
1393 5625 1620 5696 θυμικὸν
1643 5629 1738 5682 καὶ
1764 5629 1882 5683 ἐπι-

362 5749 384 5782 ι
419 5749 665 5818 ρελιξῖαι,
692 5747 782 5802 25,
887 5749 906 5818 ξ
943 5763 992 5800 γ,
1033 5747 1143 5818 5ολ
1223 5747 1243 5777 ³
1277 5747 1610 5818 Ιίῖοτενιιι,
1666 5751 1751 5806 15.

307 5813 352 5845 ⁸⁸
409 5830 462 5870 v.
527 5817 618 5872 M.
692 5819 730 5850 “
773 5817 940 5874 v.17.
1020 5819 1061 5850 ³⁸
1097 5815 1283 5873 Matth.
1313 5833 1385 5877 γι.
1415 5817 1504 5875 ‘22.

1865 5753 1882 5784 ⁸
1931 5769 1980 5808 v.
2033 5751 2122 5808 52.

1985 4541 2133 4586 certe
2186 4543 2382 4598 magna
2415 4529 2651 4600 procella
2696 4536 2782 4583 est
2823 4537 2877 4581 et
2921 4524 3296 4580 intolerabilis.
3330 4523 3392 4577 lli
3423 4523 3566 4577 enim

1983 4625 2132 4680 omni
2162 4633 2324 4679 vento
2345 4621 2806 4679 circumferuntur
2836 4621 2890 4674 in
2918 4619 3042 4674 vita:
3073 4628 3165 4672 aut
3198 4617 3322 4672 iidei
3345 4617 3566 4671 naufra-

1983 4717 2090 4787 gio,
2117 4726 2172 4771 et
2191 4725 2446 4786 tanquam
2471 4715 2682 4769 arboris
2711 4713 2835 4767 folia
2861 4713 3210 4768 decutiuntur
3233 4727 3260 4763 ει
3289 4711 3416 4775 Deo,
3448 4711 3567 4778 qui-

1987 4811 2084 4864 bus
2128 4809 2218 4864 Dei
2253 4809 2519 4878 sapientia
2563 4823 2666 4861 non
2698 4806 2859 4861 inest.
2887 4805 3038 4872 Quod
3075 4805 3120 4858 si
3163 4801 3314 4857 salus
3344 4802 3397 4856 in
3432 4815 3564 4856 con-

1985 4897 2108 4952 silio
2139 4898 2390 4962 vertitur,
2421 4911 2600 4966 neque
2651 4897 2702 4949 in
2755 4895 2984 4950 consilio
3019 4893 3339 4962 simpliciter
3380 4892 3475 4946 sed
3513 4891 3564 4944 in

1983 4989 2104 5059 ejus
2137 4990 2316 5058 copia,
2353 5003 2458 5042 non
2503 4989 2670 5056 igitur
2695 4988 3016 5056 corporibus
3063 4984 3338 5039 divitiisve
3383 4981 3570 5036 inniti—-

1986 5091 2074 5135 tur
2103 5101 2116 5134 :
2147 5095 2325 5149 neque
2355 5081 2423 5134 ab
2471 5079 2652 5135 indole
2690 5079 2910 5149 prepria
2945 5077 3069 5147 quis
3104 5075 3564 5143 salvatur;quod

1981 5171 2070 5224 aio
2095 5181 2283 5224 contra
2323 5184 2416 5224 eos
2435 5170 2526 5238 qui
2565 5169 2758 5223 indolis
2789 5167 3036 5222 hieresim
3067 5166 3348 5220 invehunt.

2059 5261 2102 5292 ”
2151 5261 2250 5315 llic
2284 5263 2566 5316 evidenter
2603 5259 2924 5314 vocabulum
2966 5260 3148 5312 anima
3197 5271 3296 5321 pro
3339 5269 3566 5313 corpore

1987 5354 2184 5422 posuit.
2222 5353 2288 5407 Et
2340 5354 2554 5422 quidem
2605 5353 2857 5407 Christus
2909 5349 2964 5404 in
3015 5348 3326 5416 Evangeliis
3366 5361 3564 5416 corpus

1986 5447 2116 5500 dicit
2145 5459 2246 5515 pro
2293 5445 2476 5500 anima
2511 5463 2525 5500 :
2578 5443 2844 5508 Lucerna,
2881 5443 3057 5512 inquit
3093 5442 3158 5506 η,
3211 5441 3448 5508 corporis
3487 5451 3562 5494 est

1988 5539 2170 5592 oculus
2205 5551 2225 5599 ς
2255 5535 2532 5593 lucernam
2585 5551 2776 5604 nempe
2817 5536 3004 5591 dicens
3045 5547 3146 5604 pro
3193 5541 3396 5597 mente,
3443 5547 3561 5600 qua:

1989 5628 2230 5683 scientiae
2269 5643 2442 5696 capax
2485 5634 2589 5694 est.
2637 5625 2846 5695 Corpus
2871 5633 3050 5679 autem
3087 5621 3560 5692 concupiscibilem

2235 5755 2254 5785 ⁷
2289 5769 2338 5810 ν.
2373 5753 2424 5807 7.
2531 5753 2551 5785 ⁸
2579 5751 2771 5822 Philip.
2811 5764 2894 5814 nt,
2941 5747 3024 5805 19.
3133 5748 3152 5794 9
3182 5745 3324 5802 Psal.
3358 5759 3434 5814 ιι,
3471 5743 3556 5798 i7.
