4172 6446
261 355 410 408 493

1501 355 1867 414 EXPOSITIO
1903 361 1964 414 IN
1995 361 2386 418 I’ROVEHBIA
2399 403 2412 417 .

3503 372 3524 422 1
3537 370 3604 422 94

263 483 410 526 σιν*
441 469 607 524 Κατά
627 470 696 524 δὲ
715 469 826 538 τὴν
840 469 1224 540 σκληρότητὰ
1245 489 1360 526 σου
1379 475 1474 528 καὶ
1498 477 1896 546 ἁμετανόητόν

2010 491 2056 532 ιιι
2091 481 2418 547 intpwnitcns
2439 497 2550 547 cor,
2580 482 2908 536 tltesam'izas
2940 483 3034 536 tibi
3063 482 3196 536 iram
3241 484 3298 536 iu
3330 485 3416 538 die
3443 483 3536 538 ira:
3553 496 3601 538 et

255 582 424 619 σου
462 562 718 630 καρδίαν
749 561 1124 631 θησαυρίζεις
1151 566 1387 632 σεαυτῷ
1413 568 1600 637 ὀργὴν
1625 570 1696 622 ἐν
1717 570 1896 639 ἡμέρᾳ

2007 570 2338 626 reuelationis
2376 573 2516 642 justi
2549 573 2744 642 judicii
2787 573 2902 628 Dei.
2939 575 3047 628 Sed
3077 576 3251 629 b0nns
3279 575 3468 646 (Deus)
3491 575 3599 630 ha),-

257 651 495 724 ὀργῆς
527 654 624 706 καὶ
647 654 1094 721 ἀποκαλύψεως
1119 654 1220 708 καὶ
1255 655 1694 726 δικαιοκρισίας
1731 662 1908 716 Θεοῦ.

2008 666 2164 718 redes
2184 665 2378 718 ellieiet
2411 665 2552 732 illos,
2584 666 2698 736 qui,
2728 674 2786 719 ut
2831 667 2972 734 patri
3013 667 3128 731 ﬁlii,
3159 667 3208 720 ei
3254 667 3599 735 obtempera-

275 747 360 800 ’Θ
409 747 476 800 δὲ
527 746 730 815 ἀγαθὸς
765 745 1158 816 κληροδοτῆσαι
1205 751 1423 820 ποιήσει
1467 753 1594 816 τοὺς
1635 753 1714 816 ὡς
1758 755 1896 818 υἱοὺς

2009 767 2158 822 runt,
2191 765 2356 827 atque
2391 758 2444 811 in
2479 772 2704 829 regnum
2728 757 2994 814 caelorum
3021 753 3324 829 adeptabit.

263 840 480 910 πατρὶ
510 838 865 908 πειθομένους
888 837 1056 910 αὐτῷ,
1089 839 1186 892 καὶ
1222 841 1348 906 τοὺς
1381 842 1576 916 ἐκείνῳ
1595 845 1644 876 ’⁸
1667 845 1913 918 υίοθετή-

266 949 379 984 σει
406 931 520 1004 τὴν
545 929 924 1002 τῶν,οὺρανῶν
950 929 1251 1002 βασιλείαν.

1790 1013 1945 1088 cur.
1980 1026 2123 1082 xw.

365 1120 598 1191 Ὥσπερ
633 1120 878 1192 ἀήττητά
901 1121 1030 1185 aiat,
1053 1120 1307 1196 καθάπερ
1329 1124 1400 1178 τά
1425 1124 1566 1180 ὅπλα
1601 1127 1700 1198 τὴν
1725 1127 1904 1200 ἀσφά-

267 1211 457 1266 λειαν
495 1215 799 1284 περιποιεῖ·
829 1212 982 1266 οὐδὲν
1010 1213 1120 1284 γὰρ
1152 1216 1390 1287 πονηρὸν
1427 1218 1812 1292 ἀντιστήσεται
1833 1219 1899 1292 τῇ

274 1303 496 1373 σοφίᾳ,
536 1303 672 1356 διότι
715 1303 878 1356 ὅπλον
923 1304 1071 1356 ἐστὶν
1098 1305 1558 1379 ἀκαταμάχητον·
1592 1310 1760 1382 μόνην
1792 1311 1902 1382 γὰρ

273 1395 448 1466 πρὸς
481 1393 688 1465 ταύτην
724 1395 1076 1450 ἀδυνατοῦσιν
1114 1397 1166 1448 οἱ
1201 1398 1454 1468 δαίμονες
1475 1417 1488 1430 ·
1514 1399 1592 1472 τῷ
1623 1402 1680 1455 δὲ
1707 1401 1902 1474 ἄφρονι

273 1488 361 1541 τά
391 1505 458 1540 τε
482 1489 657 1559 ὁρατὰ
685 1491 780 1543 καὶ
813 1490 1080 1563 ἀσώματα
1106 1491 1284 1545 πάντα
1309 1493 1547 1548 ἐναντία.

367 1579 575 1644 οἰκίας
597 1581 834 1636 ἐνταῦθα
858 1581 928 1636 τά
951 1583 1180 1654 σώματα
1215 1583 1398 1651 λέγει·
1447 1585 1617 1637 οἰκίαι
1657 1586 1766 1656 γάρ
1799 1587 1906 1639 είσι

275 1671 410 1725 τῶν
438 1671 630 1743 ψυχῶν
652 1692 664 1705 ·
696 1674 1001 1743 ὀφείλονται
1039 1676 1096 1728 δὲ
1128 1675 1282 1747 παρά
1311 1677 1421 1730 τῶν
1453 1679 1554 1750 τὴν
1596 1677 1905 1732 θεοσέϐειαν

2077 1125 2124 1156 ’⁵
2153 1122 2228 1180 Ita
2267 1132 2392 1176 sunt
2436 1120 2658 1184 invicta,
2687 1123 3142 1191 quemadmodum
3163 1138 3312 1178 arma
3337 1123 3596 1193 prm‘stani

2007 1215 2252 1272 tutelam.
2317 1215 2469 1268 Nulla
2517 1214 2713 1284 quippe
2766 1214 3087 1286 improbitas
3129 1217 3344 1270 resistet
3377 1219 3594 1284 sapien-

2007 1310 2116 1370 tiae,
2139 1323 2258 1376 qua:
2287 1313 2372 1360 est
2401 1304 2832 1374 inexpugnabilis
2863 1317 3161 1361 armatura.
3209 1307 3344 1360 Huic
3368 1307 3458 1360 uni
3488 1319 3593 1360 non

2006 1399 2302 1468 praevalent
2355 1399 2648 1452 daemones.
2712 1398 3046 1466 imprudenti
3117 1410 3298 1453 autem
3359 1397 3592 1454 visibilia

2004 1505 2156 1558 teque
2196 1499 2250 1544 et
2281 1489 2597 1559 incorporea
2628 1491 2903 1544 contraria
2941 1499 3088 1548 sunt.
3123 1477 3126 1480 I

2076 1583 2122 1614 ²⁶
2160 1582 2362 1638 Domos
2393 1582 2494 1634 hoc
2533 1580 2654 1634 loco
2697 1595 2929 1650 corpora
2965 1581 3118 1642 dicit.
3149 1597 3270 1651 quae
3309 1591 3437 1636 sunt
3468 1569 3586 1637 ani-

1989 1659 2216 1725 lmarum
2250 1670 2544 1724 domicilia.
2575 1667 2786 1724 Debent
2828 1681 3010 1725 autem
3044 1674 3114 1727 ab
3158 1674 3247 1740 iis,
3284 1674 3373 1742 qui
3419 1675 3588 1729 divini

279 1763 528 1817 εἰδότων
555 1765 646 1818 καὶ
669 1765 766 1836 τὴν
799 1765 1138 1838 θεωρητικὴν
1157 1767 1379 1836 γνῶσιν,
1397 1769 1446 1820 οἱ
1474 1769 1784 1840 παράνομοι
1803 1772 1896 1844 τὴν

2005 1762 2180 1816 cultus
2219 1771 2272 1817 et
2323 1763 2632 1816 theoreticre
2685 1764 2933 1816 scientue
2982 1772 3108 1816 sunt
3147 1765 3330 1832 periti,
3377 1763 3591 1820 discere

281 1854 640 1924 Θεογνωσίαν
692 1856 884 1927 μαθεῖν
927 1858 989 1910 οὐ
1021 1857 1202 1929 μόνον,
1247 1858 1384 1912 ἀλλά
1427 1862 1515 1914 καὶ
1561 1863 1743 1916 πᾶσαν
1789 1862 1898 1915 τῶν

284 1943 590 2008 ζωοποιῶν
614 1945 878 2000 ἐντολῶν·
914 1947 1000 1999 ἵνα
1033 1947 1264 2018 καθαροὶ
1297 1950 1598 2020 γενόμενοι,
1621 1953 1773 2006 ἴδωσι
1807 1953 1900 2008 τὸν

285 2035 438 2089 Θεὸν
467 2041 580 2101 τοῖς
605 2041 812 2110 νοεροῖς
832 2037 1150 2108 ὀφθαλμοῖς·
1175 2039 1333 2094 τοῦτο
1357 2043 1466 2112 γάρ
1489 2043 1606 2095 ἐστι
1637 2043 1700 2096 τὸ
1723 2045 1900 2115 μακά-

287 2145 420 2200 ριον
447 2129 624 2194 τέλος,
651 2131 787 2202 ὅπερ
806 2132 956 2204 πάσῃ
986 2133 1150 2200 φύσει
1184 2132 1376 2205 λογικῇ
1405 2136 1702 2207 τετήρηται
1719 2155 1736 2168 ·
1763 2137 1820 2190 αἱ
1841 2138 1899 2190 δὲ

285 2218 474 2272 οἰκίαι
497 2219 600 2273 τῶν
621 2220 845 2273 δικαίων
870 2221 1083 2292 ἓτοιμαί
1107 2223 1245 2275 εἰσιν
1269 2223 1350 2286 εἰς
1369 2222 1532 2295 δοχὴν
1563 2223 1802 2290 πάντων,
1823 2225 1899 2289 ὡς

289 2309 520 2364 κελεύει
543 2313 568 2363 ὁ
595 2311 828 2384 Κύριος.

373 2403 726 2474 Διανοήματα
755 2403 849 2456 νῦν
877 2399 1028 2458 εἶπεν
1069 2405 1168 2471 τὰς
1220 2407 1368 2472 θείας
1410 2408 1630 2479 ὁράσεις
1667 2409 1761 2462 καὶ
1799 2407 1900 2472 τὰς

291 2491 450 2557 ἔξεις
474 2493 582 2546 τῶν
604 2495 836 2567 ἀρετῶν,
864 2497 1043 2570 ἇσπερ
1065 2503 1184 2564 ταῖς
1211 2501 1350 2564 ὁδοῖς
1370 2501 1463 2554 νοῦ
1496 2501 1898 2574 θρασυκάρδιον

295 2582 617 2638 ἀντὲθεικεν
636 2603 649 2615 ·
695 2587 827 2640 Ἀπὸ
853 2591 964 2660 γὰρ
983 2592 1090 2646 τοῦ
1117 2595 1596 2663 περισσεύματος
1625 2594 1734 2664 τῆς
1766 2613 1901 2664 καρ-

293 2674 438 2741 δίας
469 2678 650 2731 λαλεῖ
675 2679 748 2733 τὰ
772 2682 966 2750 χείλη,
999 2678 1151 2737 εἶπεν
1181 2687 1210 2738 ὁ
1249 2684 1474 2758 Κύριος·
1506 2687 1565 2738 οὐ
1587 2685 1694 2759 γὰρ
1713 2689 1898 2741 ’κακον

293 2767 554 2837 ποιῆσαι,
583 2767 697 2822 ἀλλ’
712 2771 1109 2844 ἀγαθοποιῆσαι
1128 2774 1375 2844 ὁάγαθὸς
1407 2775 1546 2846 ἀνὴρ
1588 2775 1893 2830 διανοεῖται·

295 2860 326 2910 ὁ
347 2859 406 2912 δὲ
437 2859 834 2934 θρασυκάρδιος
855 2863 930 2927 ὡς
958 2865 1148 2935 ἄφρων
1169 2867 1424 2938 πράττων
1441 2869 1537 2920 καὶ
1568 2867 1763 2936 λέγων,
1794 2869 1898 2939 ὲμ-

299 2953 679 3025 πλησθήσεται
717 2957 1015 3026 μαστίγων,
1035 2960 1126 3012 καὶ
1155 2961 1498 3031 πραγμάτιον
1531 2961 1896 3030 ἀφαιρέσεως,

299 3045 397 3096 καὶ
419 3045 572 3110 τέλος
605 3047 704 3118 τὴν
732 3047 906 3120 ψυχήν
933 3049 1099 3102 αὑτοῦ
1133 3050 1408 3105 ἀπολέσει.

2001 1857 2151 1926 impii
2195 1871 2300 1911 non
2348 1856 2524 1910 solum
2583 1855 2672 1910 Dei
2709 1857 3098 1924 cognitionem,
3129 1857 3226 1911 sed
3262 1869 3319 1913 et
3364 1859 3587 1913 univcr-

2000 1963 2115 2002 sam
2149 1945 2468 2004 salutarium
2523 1948 2907 2002 mandatorum
2961 1949 3227 2002 rationem
3257 1965 3273 2014 ;
3314 1959 3372 2002 ut
3399 1963 3588 2002 emun-

1999 2040 2113 2096 dati
2151 2041 2372 2094 videant
2409 2039 2576 2094 Deum
2607 2039 2917 2094 intellectus
2960 2039 3152 2093 oculis.
3182 2039 3280 2094 llic
3332 2040 3476 2094 enim
3505 2051 3589 2096 est

1999 2130 2192 2186 beatus
2221 2131 2373 2196 ﬁnis,
2401 2131 2494 2202 qui
2533 2131 2682 2186 omni
2713 2131 2968 2186 rationali
3014 2141 3220 2186 natura:
3253 2143 3583 2188 reservatur.

1998 2219 2276 2276 Justorum
2312 2237 2444 2277 vero
2483 2211 2679 2277 domus
2729 2232 2933 2292 paratae
2984 2231 3110 2278 sunt
3157 2223 3398 2276 omniuut
3435 2238 3585 2277 rece-

1999 2312 2191 2382 ptioni,
2225 2312 2556 2382 proutjubet
2585 2314 2869 2370 Dominus.

2071 2409 2114 2438 ²⁷
2143 2407 2512 2478 Cogitationes
2545 2423 2688 2462 nunc
2721 2407 2858 2460 dixit
2880 2406 3095 2461 divinas
3125 2391 3454 2460 visionese‘t‘
3474 2399 3539 2459 Ita
3559 2434 3574 2444 -

2001 2499 2147 2554 bitus
2167 2500 2610 2566 virtutum,qnas
2635 2498 2736 2552 viis
2769 2498 3003 2553 hominis
3031 2498 3305 2551 temerarii
3327 2498 3578 2568 opponit.

2003 2593 2248 2662 Namque
2276 2610 2340 2646 ea:
2356 2593 2685 2646 abundantia
2703 2590 2878 2644 cordis
2897 2589 3189 2658 loquuntur
3216 2581 3380 2648 labia,
3405 2587 3585 2648 inquit

2004 2686 2263 2740 Dominus
2291 2686 2358 2738 ".
2385 2683 2532 2738 llaud
2559 2685 2704 2738 enim
2736 2683 3007 2746 male,sed
3033 2681 3174 2736 bene
3201 2681 3382 2735 facere
3413 2682 3584 2734 bonus

2000 2778 2085 2832 vir
2121 2777 2430 2836 meditatur.
2464 2775 2816 2830 Temerarius
2848 2789 2976 2828 vero
3009 2773 3381 2842 imprudenter
3416 2785 3585 2840 agens

2001 2885 2066 2924 ac
2101 2869 2348 2938 loquens,
2401 2868 2699 2936 replebitur
2743 2865 2993 2936 ﬂagellis,
3032 2877 3086 2920 et
3137 2867 3214 2920 rei
3265 2863 3580 2918 domestica.-

1998 2964 2364 3026 detrimentis,
2401 2972 2456 3018 ct
2483 2963 2721 3032 denique
2746 2962 2981 3042 animam
3013 2975 3164 3014 snam
3195 2957 3402 3028 perdet.
3467 3013 3472 3018 _

959 3157 962 3160 .
1821 3146 1896 3200 Ἃ]

385 3231 674 3303 Ἐλὲγχους
705 3234 800 3289 νῦν
828 3233 926 3299 τὰς
961 3235 1180 3299 ἐντολὰς
1217 3235 1390 3292 εἶπεν·
1425 3231 1584 3292 αὗται
1611 3237 1718 3311 γὰρ
1742 3146 1889 3309 ﬁta;

1997 3145 2100 3202 KV.

2065 3238 2109 3269 ’9
2133 3235 2518 3304 Correptiones
2556 3235 2690 3290 dicit
2715 3233 3128 3288 mandatazhmc
3154 3231 3298 3288 enim
3330 3243 3427 3284 nos
3449 3245 3578 3301 pec-

304 3325 719 3396 ἀμαρτάνοντας
741 3327 1071 3399 ἐλέγχουσιν·
1106 3330 1155 3382 oi
1181 3329 1237 3382 δὲ
1264 3331 1550 3402 μισοῦντες
1575 3331 1766 3396 αὐτὰς,
1803 3332 1896 3384 καὶ

302 3425 370 3494 τῇ
402 3424 720 3497 αἰσχρότητι
753 3425 864 3480 τῶν
895 3427 1180 3500 ἁμαρτιῶν
1214 3430 1768 3502 συναποθνήσκοντες,
1798 3431 1896 3486 σὺν

303 3516 383 3588 τῷ
437 3519 659 3590 πονηρῷ
701 3519 882 3574 αὐτῶν
929 3521 1198 3594 ἑφευρετῇ
1243 3525 1494 3595 πονηρῶς
1543 3526 1892 3596 τακήσονται·

309 3607 413 3661 ὑπὸ
439 3607 494 3660 δὲ
524 3609 634 3661 τῶν
685 3609 990 3681 παριόντων
1044 3609 1144 3681 τὴν
1174 3612 1394 3676 κακίανν
1429 3613 1755 3685 γνωρίζεται
1795 3615 1895 3686 τῆς

307 3700 720 3772 ἀναμαρτησίας
741 3703 776 3772 ή
805 3701 1022 3756 παιδεία
1037 3701 1132 3756 τοῦ
1166 3705 1400 3759 ἀκάκου.

389 3793 620 3864 Ἡσυχία
667 3796 817 3848 ἐστὶν
849 3795 1028 3868 ἀποχὴ
1075 3796 1274 3861 κακίας
1303 3799 1623 3870 ὲμπράκτου
1649 3802 1742 3854 καὶ
1768 3802 1896 3873 ὁρά-

313 3901 466 3948 σεων,
497 3885 564 3957 ἣν
597 3886 648 3938 oi
692 3885 890 3955 ἀγαθοῖ¹
936 3885 1319 3958 ἡσυχάζουσιν·
1349 3891 1400 3942 oi
1430 3890 1488 3944 δὲ
1513 3892 1608 3944 τοῦ
1637 3893 1757 3956 νοὸς
1797 3895 1894 3949 καὶ

315 3975 558 4048 σώματος
577 3976 847 4049 ὀφθαλμοὶ
873 3977 980 4032 τῶν
1007 3978 1218 4045 κακῶν,
1249 3978 1428 4033 πάντα
1453 3980 1547 4034 τὸν
1563 3981 1754 4053 χρόνον
1781 3984 1895 4040 ἑπι-

313 4071 550 4125 νοοῦνται
582 4071 744 4125 κακά.

391 4162 444 4214 '0
467 4162 524 4216 δὲ
565 4162 786 4227 συνετὸς
815 4164 916 4217 οὐκ
943 4162 1088 4217 ἐστιν
1121 4165 1180 4217 ὲν
1211 4163 1340 4236 ᾆδου
1372 4165 1468 4220 τοῦ
1499 4165 1610 4222 τῶν
1635 4168 1878 4240 ἀμαρτων

315 4253 430 4308 λῶν·
457 4253 564 4308 ὁδοὶ
610 4253 778 4326 ζωῆς,
806 4255 1144 4326 διανοήματα
1174 4255 1334 4310 θείων
1367 4258 1540 4327 λόγων
1574 4260 1668 4313 καὶ
1693 4260 1893 4332 ἔργων·

316 4347 344 4398 ὁ
371 4345 420 4398 δὲ
445 4345 662 4409 συνετὸς
704 4347 792 4401 ἀεὶ
839 4347 1015 4402 ταῦτα
1056 4350 1200 4402 ποιεῖ
1229 4349 1324 4402 καὶ¹
1356 4349 1620 4414 διδάσκει,
1665 4351 1754 4406 ἵνα
1796 4353 1894 4406 σὺν

318 4437 418 4497 τοῖς
444 4434 777 4506 μαθητιῶσιν
807 4435 1062 4499 ἐκκλίνας
1091 4435 1156 4488 ὲκ
1182 4435 1278 4490 τοῦ
1309 4436 1436 4508 ᾅδου
1473 4438 1642 4510 σωθῇ.

382 4527 438 4580 Οἱ
462 4527 562 4591 τὰς
589 4528 808 4592 ὲντολάς
831 4528 998 4582 αὐτοῦ
1025 4529 1100 4600 μὴ
1129 4530 1484 4600 πράττοντες,
1514 4529 1700 4603 ἐχθροὶ
1722 4531 1888 4586 αὐτοῦ

319 4620 458 4674 εἰσιν·
509 4619 653 4689 φίλοι
684 4620 742 4673 δὲ
787 4620 953 4674 αὐτοῦ
1009 4621 1248 4690 γίνονται
1288 4622 1428 4676 ὲπάν
1494 4625 1610 4686 τοῖς
1657 4621 1888 4688 δικαίοις

322 4712 746 4784 προσδράμωσιν,
777 4712 1258 4784 ἐξομολογούμενοι
1287 4712 1388 4776 τὰς
1428 4714 1654 4786 πράξεις
1708 4715 1886 4770 αὐτῶν

321 4805 408 4870 τὰς
447 4805 688 4877 πονηράς
734 4805 834 4878 (1)·
878 4805 938 4870 ἐξ
975 4799 1052 4860 ὧν
1100 4805 1416 4876 ὲναχθέντες
1445 4806 1521 4870 ὡς
1550 4809 1747 4860 ἐκεῖνοι
1790 4807 1890 4872 τὰς

324 4896 596 4963 ζωοποιοὺς
616 4898 768 4962 ὀδοὺς
797 4898 1172 4970 πορεύσονται·
1198 4899 1410 4952 Παύλου
1435 4899 1788 4970 κηρύξαντος,
1821 4901 1889 4953 ΟΖ

323 5003 451 5044 ποτε
476 4989 646 5057 ὄντες
671 4991 893 5060 ἐχθροὶ,
912 4989 1386 5060 κατηλλάγησαν
1400 4989 1480 5056 τῷ
1511 4989 1632 5055 Θεῷ
1654 4991 1753 5045 διὰ
1781 4991 1888 5044 τοῦ

325 5079 560 5136 θανάτου
579 5081 688 5135 τοῦ
724 5080 860 5135 Ποῦ
889 5080 1094 5134 αὑτοῦ·
1129 5080 1463 5151 προσεκτέον
1495 5081 1578 5133 ὅτι
1607 5080 1806 5144 πάντες
1837 5084 1885 5135 oi

325 5173 505 5245 ἐχθροὶ,
525 5173 613 5227 διὰ
644 5173 751 5226 τῶν
776 5172 999 5226 δικαίων
1023 5171 1166 5240 φίλοι
1188 5171 1445 5240 γίνονται·
1479 5173 1565 5225 ἵνα
1595 5173 1690 5228 καὶ
1719 5174 1884 5227 πᾶσιν

327 5263 434 5334 εἴπῃ
461 5261 710 5333 Χριστός·
748 5259 958 5314 Οὐκέτι
998 5257 1157 5329 ὑμᾶς
1185 5257 1350 5312 καλῶ
1393 5257 1674 5324 δούλους,
1721 5257 1884 5312 ἀλλὰ

327 5355 538 5424 φίλους.

413 5473 456 5504 ’⁸
486 5473 558 5526 ita
599 5471 719 5526 eod.
797 5471 842 5502 ³⁵
869 5485 920 5524 v.
943 5470 998 5523 7.
1072 5469 1119 5502 "
1149 5483 1201 5522 v.
1232 5467 1288 5524 9.

330 5542 366 5572 ³³
388 5541 530 5597 Rom.
559 5557 612 5609 v,
637 5541 725 5596 10.
801 5541 845 5572 ’δ
865 5538 1026 5595 Joan.
1059 5555 1150 5607 xv,
1187 5539 1277 5594 15.

1381 5469 1426 5500 ³⁷
1457 5482 1510 5524 v.
1539 5467 1628 5527 M.
1699 5468 1744 5502 ³⁸
1771 5467 1963 5524 Matth.
1997 5483 2096 5532 xu,
2123 5467 2212 5522 51.

2001 3337 2188 3386 cantes
2220 3329 2542 3398 corripiunt.
2583 3329 2684 3395 Qui
2721 3341 2853 3380 vero
2887 3327 2977 3380 illa
3004 3327 3255 3392 oderunt,
3293 3333 3348 3379 ct
3383 3337 3580 3392 pecca-

2001 3433 2174 3477 torum
2211 3422 2532 3490 turpitudini
2573 3421 3036 3482 conunoriuntur,
3076 3433 3200 3471 cum
3229 3415 3476 3484 improbo
3510 3415 3574 3469 il-

1997 3516 2172 3570 lorum
2197 3515 2478 3569 inventore
2507 3513 2802 3568 tabescent.
2833 3513 2876 3565 Δ
2910 3507 3372 3580 praetereuntibus
3399 3515 3577 3560 autem

1997 3589 2322 3678 nequitiam,
2353 3609 2701 3678 cognoscitur
2750 3605 3034 3676 disciplina
3066 3601 3438 3672 impeccantia:
3477 3600 3579 3654 ho—

1997 3703 2160 3758 minis
2188 3702 2439 3758 insontis.
3047 3761 3050 3768 ,

2066 3794 2110 3825 ³⁰
2130 3792 2296 3860 Quies
2327 3801 2412 3847 est
2448 3791 2775 3847 abstinentia
2816 3805 2846 3845 a
2909 3787 3150 3860 nequitia
3204 3796 3425 3842 actuosa
3457 3793 3514 3840 et
3547 3799 3578 3838 a

1995 3885 2336 3954 spectaculis,
2361 3897 2469 3954 qua
2499 3885 2621 3939 boni
2651 3885 2835 3954 quiete
2865 3881 3146 3936 fruuntur.
3173 3881 3366 3934 Mentis
3391 3892 3573 3933 autem

1996 3985 2050 4031 et
2079 3977 2326 4045 corporis
2357 3975 2499 4029 oculi
2526 3976 2894 4044 improborum
2926 3975 3072 4028 omni
3112 3982 3356 4042 tempore
3402 3972 3576 4052 medi-

1973 4127 1976 4132 ,
1999 4075 2184 4120 tantur
2221 4080 2414 4134 prava.

2068 4157 2107 4188 ⁸¹
2131 4157 2223 4211 Vir
2237 4157 2494 4212 cordatus
2519 4156 2570 4210 in
2586 4156 2800 4211 inferno
2817 4155 3158 4226 peccantium
3179 4169 3286 4210 non
3303 4143 3570 4207 versatur.

1994 4247 2111 4303 Viae
2140 4250 2281 4314 vitae,
2307 4247 2685 4301 meditationes
2713 4255 2842 4300 sunt
2869 4246 3179 4298 divinorum
3202 4243 3490 4298 verborqu
3523 4257 3572 4295 et

1993 4356 2240 4410 Operam.
2275 4337 2368 4392 Vir
2395 4337 2652 4392 cordatus
2686 4349 2902 4404 semper
2935 4335 3050 4388 hmc
3083 4333 3194 4402 agit
3225 4342 3278 4386 et
3308 4331 3492 4394 docet,
3519 4343 3576 4382 nt

1995 4446 2118 4486 cum
2149 4427 2430 4498 discipulis
2457 4427 2570 4482 suis
2603 4425 2884 4480 declinans
2915 4426 2982 4478 ab
3015 4421 3206 4478 inferis
3255 4419 3450 4476 salvus
3485 4420 3574 4474 sit.

2069 4525 2112 4556 ³³
2131 4523 2230 4590 Qui
2250 4521 2341 4576 Dei
2364 4519 2634 4574 mandatis
2659 4533 2766 4571 non
2785 4517 3184 4584 obtemperant,
3219 4511 3426 4568 inimici
3459 4512 3576 4582 ejus

1991 4628 2148 4678 sunt;
2189 4615 2284 4669 sed
2313 4611 2552 4682 ejusdem
2584 4609 2746 4664 amici
2777 4607 2936 4672 ﬁunt,
2961 4621 3082 4661 cum
3126 4615 3186 4660 ut
3213 4605 3390 4660 malos
3425 4618 3580 4658 actus

1993 4720 2119 4761 suos
2147 4705 2526 4766 conliteantur,
2561 4701 2626 4753 ad
2665 4699 2844 4768 justos
2877 4698 3129 4752 homines
3159 4711 3216 4750 se
3241 4693 3574 4758 conferunt;

1995 4814 2025 4852 a
2059 4798 2261 4866 quibus
2298 4795 2538 4858 deducti,
2574 4793 2841 4848 salutares
2866 4792 2985 4844 vias
3011 4803 3164 4859 atque
3185 4805 3250 4842 ae
3283 4787 3356 4842 illi
3384 4803 3575 4856 perse-

1993 4901 2250 4961 quentur.
2311 4888 2476 4942 Paulo
2525 4887 2836 4941 clamante:
2889 4884 2990 4949 Qui
3039 4882 3326 4943 aliquando
3370 4879 3573 4934 inimici

1993 4991 2165 5044 erant,
2191 4979 2514 5034 reconciliati
2542 4986 2664 5032 sunt
2695 4975 2800 5029 Deo
2827 4991 2920 5044 per
2945 4983 3168 5029 mortem
3199 4971 3332 5026 Filii
3357 4972 3472 5042 ejus
3505 4969 3572 5026 ³³.

1992 5071 2569 5134 Animadvertendum,
2596 5070 2866 5140 quomodo
2892 5081 3084 5136 omnes
3121 5064 3350 5129 inimici,
3391 5065 3568 5134 justo-

1990 5179 2110 5217 rum
2159 5177 2326 5232 opere
2376 5163 2508 5215 liant
2555 5161 2756 5228 amici;
2791 5168 2850 5212 nt
2875 5157 3130 5212 omnibus
3158 5156 3375 5210 denuuu
3423 5156 3572 5210 dicat

1988 5257 2240 5312 Christus
2261 5255 2307 5287 ³⁸
2331 5272 2345 5310 :
2375 5255 2501 5311 Jam
2529 5271 2634 5310 non
2661 5253 2886 5322 amplius
2912 5267 2998 5306 vos
3023 5265 3198 5304 servos
3225 5247 3452 5318 appello,
3478 5247 3568 5302 sed

1991 5362 2208 5402 amicos.

2320 5468 2364 5498 ¹⁹
2391 5481 2444 5522 v.
2479 5465 2568 5521 10.
2645 5465 2692 5498 ⁸⁰
2726 5479 2776 5518 r.
2805 5461 2890 5516 15.
2969 5457 3012 5490 ³¹
3043 5471 3094 5510 v.
3121 5456 3213 5510 24.
3314 5455 3357 5487 ³⁸
3393 5469 3442 5507 v.
3475 5455 3568 5508 28.

389 5661 454 5733 (l)
481 5659 621 5714 Nihil
649 5659 955 5712 evidentius
1005 5657 1430 5733 videtur,quam
1467 5655 1582 5708 hare
1623 5650 1877 5733 prigenis
1981 5650 2086 5733 dis.
2127 5650 2328 5707 Notent
2364 5652 2472 5708 hoc
2517 5647 2836 5708 beterodoxi
2863 5653 3146 5717 tantopere
3179 5658 3208 5700 a
3257 5637 3550 5708 conﬁtens,

332 5721 544 5784 doctrina
571 5733 636 5783 de
666 5737 1010 5798 peccatorum
1057 5729 1199 5793 apud
1230 5721 1570 5798 sacerdotem
1591 5793 1602 5798 _
1621 5721 1872 5798 facienda

333 5792 1035 5868 confessione{ejusdemque
1059 5792 1396 5852 salutaribus
1416 5792 1636 5850 monitis
1659 5793 1874 5848 audien-

1983 5723 2361 5780 abhorrentes.
