4172 6448
567 380 673 438 195

1449 370 2011 431 SUPPLEMENTUM
2042 370 2133 426 AD
2182 369 2509 428 ORIGENIS
2543 369 2954 429 EXECETICA.

3705 370 3809 426 196

2021 489 2175 546 CAP.
2217 487 2363 546 XVI.

633 594 679 628 ³³
704 593 912 650 Rursus
961 592 1033 649 ibi
1074 607 1287 664 quoque
1331 591 1591 663 sapientia
1634 605 1769 661 opus
1799 597 1902 653 est,
1933 595 1993 642 ut
2018 586 2127 643 cle-

2299 585 2469 641 Πάλιν
2516 587 2676 640 κάκεῖ
2700 587 2796 657 τῆς
2831 587 3022 657 σοφίας
3051 585 3226 658 χρεία,
3271 585 3355 639 ἴνα
3410 583 3741 656 ἐξιλάσηται·
3773 583 3809 658 ἢ

563 687 817 741 mentiam
845 684 1119 753 impetret.
1151 682 1245 738 Vel
1268 682 1359 753 qui
1393 681 1693 752 punitionis
1722 682 1998 735 decretum
2030 677 2135 733 scit

562 777 807 846 angelus,
840 774 994 829 l'uror
1019 774 1112 828 Dei
1137 771 1588 828 diciturJ’eritus
1613 781 1792 825 autem
1820 768 2131 824 divinorum

562 868 850 924 verborum
889 876 945 922 et
990 880 1242 935 operum,
1273 877 1374 918 ceu
1424 861 1531 932 ipsi
1579 869 1760 917 mente
1805 858 2130 926 conformis,

563 960 706 1016 haud
737 972 859 1012 eum
889 957 1229 1011 exlimescet.

631 1051 678 1083 ³⁸
705 1048 826 1105 Nidi
856 1049 1138 1119 sapientiae
1180 1056 1311 1103 sunt
1344 1045 1618 1121 Ecclesia,
1660 1044 1737 1100 vel
1769 1042 2009 1101 cmlestia
2035 1043 2133 1098 ha-

562 1141 817 1197 bitacula.
850 1141 1127 1211 Sapientia
1165 1154 1294 1195 vero
1322 1138 1480 1195 Jesus
1505 1139 1755 1195 Christus
1783 1147 1887 1199 est,
1916 1137 2010 1193 Dei
2040 1136 2132 1192 Fi-

563 1231 685 1286 lius.
718 1229 840 1285 Nidi
865 1239 1043 1285 autem
1071 1229 1397 1299 prudentiae,
1446 1229 1855 1298 prazstantiores
1881 1236 2129 1298 argento,

563 1322 818 1391 practicze
846 1320 1075 1374 virtutes
1103 1326 1250 1385 sunt,
1278 1320 1514 1390 justitia,
1548 1320 1805 1386 scientia,
1839 1320 2131 1389 sapientia,

565 1413 947 1483 temperantia,
980 1411 1265 1477 fortitudo,
1293 1411 1703 1481 longanimitas,
1743 1412 2030 1483 patientia,
2054 1412 2130 1467 le-

566 1504 725 1570 nitas,
750 1502 1114 1573 eleemosyna,
1157 1500 1291 1557 ﬁdes
1317 1517 1440 1557 cum
1480 1518 1576 1573 spe
1601 1514 1657 1560 et
1704 1504 2002 1572 charitate;
2034 1518 2133 1573 per

565 1610 702 1664 quas
739 1610 836 1650 ceu
872 1595 1139 1649 scalarum
1186 1599 1385 1666 gradus
1418 1597 1470 1650 in
1505 1595 1785 1665 sapientiae
1822 1597 2129 1652 habitacula

566 1688 773 1759 ingredi
806 1689 939 1743 nihil
972 1699 1114 1745 vetat
1139 1704 1234 1746 eos
1256 1690 1348 1760 qui
1380 1689 1507 1745 illuc
1531 1694 1902 1746 conscendere
1943 1700 1999 1746 et
2035 1691 2132 1746 ha-

564 1782 739 1835 bitare
766 1780 1062 1839 voluerint.

638 1873 682 1904 ³τ
714 1872 1063 1943 Disciplinam
1089 1873 1220 1929 dicit
1247 1873 1496 1929 timorem
1536 1871 1655 1939 Dei,
1683 1873 1968 1945 jejunium,
1994 1886 2127 1928 con-

567 1966 870 2031 tinentiam,
901 1965 1140 2036 vigilias,
1176 1965 1599 2036 hymnologiam,
1618 1973 1675 2020 et
1695 1980 1814 2019 eam
1837 1980 2000 2034 quam
2032 1979 2131 2020 no-

566 2057 649 2112 bis
683 2057 825 2111 Deus
854 2057 1215 2125 experimcnti
1244 2071 1408 2111 causa
1441 2057 1750 2111 morborum
1782 2057 1987 2111 inducit
2007 2071 2128 2111 cas-

564 2149 899 2218 tigationem.
929 2146 1403 2217 Reprehensiones
1425 2147 1557 2203 dicit
1583 2148 1834 2202 mandata
1863 2147 1986 2215 Dei;
2019 2150 2132 2202 haec

561 2239 708 2293 enim
756 2246 1046 2307 peccantes
1078 2251 1182 2293 nos
1233 2238 1657 2308 reprehendunt.
1694 2239 1821 2294 Vias
1863 2239 1965 2294 hoc
2014 2239 2132 2294 loco

564 2330 698 2386 dicit
730 2344 945 2395 sensus,
977 2342 1115 2399 quos
1140 2328 1233 2399 qui
1255 2329 1518 2395 custodit,
1552 2340 1726 2385 morte
1748 2341 1990 2399 ereptam
2014 2346 2131 2385 ser-

565 2434 657 2480 vat
713 2423 947 2478 animam
986 2438 1138 2478 suam
1192 2422 1261 2477 ad
1301 2422 1489 2477 vitam.
1522 2422 1691 2479 Porro
1735 2425 1843 2478 vita
1885 2431 1967 2478 est
2012 2437 2133 2492 qua:

563 2516 745 2572 omnia
772 2516 1028 2583 viviﬁcat,
1046 2525 1101 2569 ct
1127 2529 1194 2570 ex
1225 2515 1394 2571 nihilo
1410 2514 1479 2570 ad
1502 2517 1878 2571 exsistentiam
1904 2515 2133 2572 adduxit

565 2605 804 2661 Trinitas
833 2614 1041 2662 sancta.
1061 2604 1162 2671 Qui
1184 2614 1367 2660 autem
1392 2605 1561 2659 vitam
1588 2605 1784 2675 diligit,
1809 2619 2134 2676 semperque

566 2697 753 2753 vivere
796 2704 966 2767 optat,
999 2712 1062 2751 os
1112 2711 1271 2751 suum
1323 2697 1643 2761 continebit,
1681 2696 1968 2766 quominus
1995 2711 2131 2751 non-

566 2790 668 2845 nisi
699 2791 766 2844 de
795 2790 904 2845 Deo
926 2789 1108 2845 verbis
1130 2798 1185 2844 et
1217 2790 1473 2859 operibus
1505 2788 1779 2858 loquatur,
1816 2796 1874 2844 et
1907 2787 2007 2844 Dei
2039 2802 2136 2844 co-

565 2880 795 2950 gnitioni
826 2881 1065 2935 studium
1096 2880 1389 2950 impendet.

637 2969 682 3001 ⁸³
709 2970 831 3025 Vita
862 2969 1005 3027 Deus
1035 2971 1139 3028 est.
1186 2970 1331 3028 Fons
1370 2981 1550 3028 autem
1577 2971 1701 3028 vita:
1728 2970 2014 3043 tripliciter
2041 2984 2136 3040 per

566 3075 627 3116 se
651 3061 988 3130 exsistentis,
1019 3062 1308 3133 sapientia,
1339 3064 1588 3130 scientia,
1619 3073 1675 3118 et
1703 3063 1932 3120 virtutes
1973 3071 2130 3127 sunt;

566 3169 675 3226 quo
705 3169 771 3209 ex
798 3153 948 3210 fonte
984 3157 1077 3226 qui
1107 3157 1318 3224 bibunt,
1352 3155 1816 3212 immortalitatem
1848 3157 2135 3227 sempiter-

2233 679 2263 731 δ
2294 678 2419 741 τοὺς
2462 678 2591 748 περὶ
2620 678 2892 741 κολάσεως
2944 678 3304 747 ἐπιστάμενος
3332 677 3521 744 λόγους
3556 677 3809 745 ἄγγελος,

2234 768 2402 840 θυμὸς
2434 768 2527 823 τοῦ
2560 769 2693 823 Θεοῦ
2726 769 2962 838 λέγεται.
3005 771 3063 825 '0
3091 768 3147 823 δὲ
3175 770 3336 837 σοφὸς
3366 771 3422 821 ἐν
3443 768 3608 832 θείοις
3627 769 3811 841 ἔργοις

2232 860 2328 914 καὶ
2351 860 2550 930 λόγοις,
2595 861 2670 926 ὼς
2723 862 2979 933 όμόφρων
3008 861 3158 933 αὐτῷ
3206 861 3302 925 ὣν,
3340 860 3403 913 οὒ
3447 859 3809 932 πτοηθήσεταῑ

2232 954 2416 1007 αὐτόν.

2300 1045 2529 1099 Νοσσιαὶ
2559 1045 2747 1115 σοφίας
2768 1045 2903 1098 είσὶν
2931 1047 2988 1099 ai
3005 1044 3340 1116 Ἑκκλησίαι,
3374 1046 3408 1116 ἢ
3438 1046 3494 1099 αἱ
3521 1045 3579 1098 ἐν
3606 1044 3684 1116 τῷ
3715 1046 3808 1100 ού-

2233 1137 2382 1209 ρανῷ
2420 1136 2633 1209 σκηναίο
2678 1137 2839 1206 σοφία
2867 1136 2944 1201 δὲ,
2989 1135 3194 1208 Ἰησοῦς
3213 1137 3465 1209 Χριστὸς,
3499 1138 3529 1189 ό
3551 1136 3643 1191 τοῦ
3671 1136 3807 1191 Θεοῦ

2233 1228 2380 1292 Υίδς.
2418 1230 2587 1282 ἐστὶν.
2615 1227 2919 1281 Νοσσιαὶδὲ
2951 1229 3263 1299 φρονήσεως
3294 1226 3644 1299 αίρετώτεραι
3668 1227 3807 1300 ὑπὲρ

2231 1318 2511 1390 ἀργύριον,
2543 1320 2600 1371 al
2634 1320 2937 1390 πρακτικαὶ
2970 1319 3183 1391 ἀρεταί·
3219 1319 3554 1390 δικαιοσύνη,
3585 1320 3804 1388 γνῶσις,

2233 1411 2414 1482 σοφία,
2459 1411 2804 1484 σωφροσύνη,
2851 1411 3091 1482 ἀνδρεία,
3143 1411 3513 1483 μακροθυμία,
3560 1412 3808 1478 ἀνεξικα-

2232 1504 2344 1568 κία,
2398 1505 2685 1576 ἀοργησία,
2736 1505 3093 1576 ἐλεημοσύνη,
3128 1505 3312 1568 πίστις
3348 1505 3445 1558 σὺν
3500 1503 3675 1557 ἐλπίδι
3710 1505 3804 1557 καὶ

2230 1596 2444 1667 ἀγάπῃ
2480 1596 2549 1649 δι’
2567 1597 2631 1659 ἃς
2657 1596 2732 1659 ὡς
2752 1595 3016 1667 κλίμακος
3049 1594 3335 1665 βαθμίδας,
3357 1596 3436 1658 είς
3466 1595 3564 1659 τάς
3587 1596 3686 1666 τῆς
3723 1612 3808 1648 σο-

2233 1687 2361 1757 φίας
2430 1688 2635 1757 σκηνάς
2686 1687 2911 1742 είσιέναι
2952 1685 3224 1741 ἀκώλυτον
3275 1690 3400 1752 τοὺς
3454 1689 3661 1742 ἀνιέναι
3714 1691 3806 1743 καὶ

2231 1779 2449 1849 οἰκῆσαι
2483 1779 2854 1852 βουλομένους.

2299 1871 2554 1927 Παιδείαν
2580 1870 2724 1940 λέγει
2767 1870 2932 1941 φόϐου
2956 1869 3113 1938 Θεοῦ,
3148 1870 3430 1943 νηστείαν,
3461 1871 3804 1944 ἐγκράτειαν,

2230 1965 2553 2038 ἀγρυπνίαν,
2582 1965 2769 2036 ῦμνον,
2814 1965 2909 2020 καὶ
2952 1965 3050 2034 τὴν
3094 1967 3153 2019 ἐν
3190 1964 3365 2028 νόσοις
3413 1965 3548 2037 πρὸς
3580 1964 3807 2036 δοκιμὴν

2229 2058 2365 2112 Θεοῦ
2413 2059 2788 2130 ἐπερχομένην
2832 2059 2963 2129 ἡμῖν
3008 2057 3272 2111 παιδείαν.
3316 2056 3602 2127 Ἐλέγχους
3660 2056 3806 2126 λέγει

2229 2150 2327 2215 τάς
2380 2150 2603 2211 ἐντολὰς
2644 2148 2740 2204 τοῦ
2789 2149 2945 2204 Θεοῦ·
2983 2144 3143 2205 αὗται
3184 2148 3293 2221 γάρ
3324 2151 3472 2220 ἡμᾶς
3500 2148 3810 2219 ἐλέγχουσιν

2232 2244 2659 2316 ἁμαρτάνοντας.
2708 2242 2892 2308 Ὁδοὺς
2924 2242 3159 2297 ἐνταῦθα
3187 2242 3285 2305 τὰς
3311 2241 3594 2313 αἰσθήσεις
3623 2240 3805 2311 φησίνο

2230 2338 2259 2390 ό
2281 2337 2338 2391 δὲ
2364 2336 2652 2406 φυλάσσων
2679 2335 2873 2400 αὐτάς,
2904 2337 3059 2408 τηρεί
3091 2335 3156 2387 ἐκ
3194 2333 3424 2388 θανάτου
3457 2333 3556 2404 τὴν
3616 2332 3807 2388 ἑαυτοῦ

2229 2428 2406 2499 ψυχὴν
2435 2428 2570 2499 πρὸς
2604 2427 2769 2497 ζωήν·
2814 2425 2929 2497 ζωὴ
2977 2425 3087 2498 γάρ
3117 2428 3262 2479 ἐστιν
3294 2426 3328 2496 ἡ
3364 2425 3539 2479 πάντα
3572 2423 3807 2490 ξωοῦσα.

2233 2522 2329 2576 καί⁵
2362 2520 2423 2586 ἐξ
2452 2521 2552 2574 οὐκ
2578 2521 2747 2575 όντων
2801 2520 2879 2584 είς
2904 2519 2965 2573 τὸ
3012 2515 3152 2572 εἶναι
3203 2517 3602 2590 παραγαγοῦσα
3639 2517 3809 2589 Τριὰς

2234 2615 2382 2684 ἁγία·
2420 2616 2449 2668 ό
2471 2614 2528 2667 δέ
2559 2612 2789 2682 ἀγαπῶν
2815 2611 2913 2683 τὴν
2940 2609 3106 2682 ζωὴν,
3137 2610 3228 2663 καὶ
3260 2611 3347 2664 ἀεὶ
3367 2610 3466 2681 ζῇν
3496 2611 3632 2680 αὐτῇ
3660 2609 3807 2677 ἐφιέ-

2236 2722 2416 2777 μενος,
2464 2704 2706 2774 φείσεται
2751 2703 3016 2773 στόματος
3046 2701 3212 2754 αὑτοῦ
3250 2702 3314 2753 ἐκ
3346 2699 3453 2753 τῶν
3472 2699 3546 2769 μὴ
3567 2697 3701 2751 Θεοῦ
3723 2697 3811 2750 λό-

2234 2816 2346 2868 γων
2399 2798 2493 2852 καὶ
2547 2797 2742 2868 ἔργων,
2789 2795 2885 2850 καὶ
2924 2796 2992 2867 τῇ
3042 2794 3243 2864 γνώσει
3303 2791 3395 2845 τοῦ
3445 2790 3580 2844 Θεοῦ
3645 2807 3809 2861 προσ-

2235 2890 2365 2956 ἐξει.

2306 2981 2427 3054 Ζωὴ
2458 2981 2487 3035 ό
2516 2980 2648 3045 Θεός
2678 2980 2813 3033 ἐστι·
2847 2979 2947 3049 τῆς
2973 2979 3030 3031 δὲ
3057 2973 3420 3050 τρισσοφαοῦς
3447 2973 3747 3039 αύτοζωῖας
3776 2974 3809 3041 ἡ

2236 3074 2405 3147 πηγὴ,
2436 3075 2470 3145 ἡ
2505 3072 2661 3141 σοφία
2682 3072 2776 3125 καὶ
2803 3071 2836 3142 ἡ
2867 3070 3067 3138 γνῶσις
3098 3068 3190 3122 καὶ
3226 3070 3283 3121 al
3323 3065 3513 3138 ἀρεταί
3543 3066 3701 3119 εἰσιν·
3751 3063 3811 3128 ἐξ

2233 3160 2302 3237 ἧς
2334 3164 2516 3235 πηγῆς
2537 3166 2585 3216 οί
2631 3162 2896 3225 πίνοντες,
2924 3159 3219 3222 ἀθανασίας
3266 3157 3550 3229 μετέχουσι
3584 3171 3677 3207 και
3698 3154 3811 3208 ἀει-

568 3261 802 3317 namque
828 3249 995 3301 vitam
1021 3248 1369 3320 participant.
1408 3247 1526 3304 Jam
1570 3249 1660 3317 qui
1692 3249 1838 3303 dicto
1864 3249 2012 3304 fonte
2037 3264 2133 3318 po-

2235 3257 2417 3323 ζωῖας·
2452 3259 2561 3320 τοῖς
2589 3255 2647 3308 δέ
2676 3255 3036 3324 κεκτημένοις
3057 3252 3155 3323 τὴν
3203 3248 3458 3319 τοιαύτην
3488 3248 3692 3319 πηγὴν,
3727 3245 3811 3298 ἔν-

567 3337 651 3392 titi
682 3347 829 3404 sunt,
857 3338 890 3392 ii
916 3340 1077 3395 verba
1108 3340 1233 3395 vitae
1259 3340 1611 3395 meditantur.
1645 3341 1719 3395 At
1752 3354 1882 3395 vero
1914 3341 2133 3395 insano-

568 3445 688 3484 rum
713 3430 1016 3499 disciplina,
1051 3432 1370 3502 improbitas
1396 3441 1483 3488 est
1513 3451 1528 3487 :
1562 3442 1675 3485 tum
1708 3440 1764 3487 et
1793 3445 1915 3502 qua:
1936 3430 2135 3487 dicitur

568 3520 687 3574 sine
712 3522 1056 3591 correptione
1085 3523 1397 3592 disciplina,
1430 3523 1658 3580 stultitia
1692 3533 1796 3579 est.

634 3612 678 3645 "
707 3614 1002 3669 Scientiam
1057 3615 1356 3686 appellavit
1402 3617 1794 3687 cognitionem,
1845 3615 1971 3686 quia
2022 3615 2136 3671 haec

567 3704 748 3758 omnia
785 3706 999 3776 negotia
1053 3708 1355 3778 cognoscit.
1407 3707 1516 3764 Cor
1565 3708 1888 3779 sapientium
1935 3709 2139 3779 cogitat

567 3811 688 3865 qua:
728 3798 795 3853 ab
823 3812 919 3853 ore
956 3801 1206 3870 proprio,
1250 3800 1306 3856 in
1330 3799 1538 3869 judicio
1565 3801 1634 3855 de
1665 3800 1942 3870 corporeis
1966 3812 2023 3854 et
2052 3800 2135 3853 in-

569 3891 847 3961 cerporeis
888 3907 904 3946 :
943 3900 999 3947 et
1047 3892 1194 3962 quod
1243 3892 1343 3962 ipsi
1402 3891 1589 3947 facere
1646 3892 1876 3957 docent,
1932 3890 2140 3962 pariter

569 3991 756 4052 agunt.

642 4072 691 4105 ⁴⁰
733 4071 938 4128 Diaboli
969 4072 1217 4129 doctrina
1245 4073 1443 4130 eruditi
1477 4075 1772 4142 daemones,
1803 4086 2022 4132 sanctos
2042 4092 2139 4148 op-

573 4176 835 4237 pugnant,
865 4181 1069 4237 eosque
1116 4182 1147 4222 a
1194 4168 1430 4223 scientia
1475 4169 1568 4224 Dei
1618 4184 1805 4225 arcere
1848 4182 2135 4236 conantur,

568 4272 687 4326 qua:
716 4257 855 4313 solet
910 4259 1056 4328 ipsos
1104 4260 1358 4329 copulare
1399 4260 1635 4315 amicitia
1671 4276 1796 4316 cum
1828 4262 2138 4317 ccelestibus

570 4349 952 4417 petestatibus.
999 4347 1112 4405 lloc
1141 4349 1314 4417 ipsum
1348 4350 1601 4406 Salomon
1634 4366 1874 4422 quoque,
1906 4362 1965 4407 ut
1994 4353 2140 4409 arbi-

571 4451 706 4505 tror,
732 4440 835 4495 hoc
856 4438 1021 4495 ellato
1047 4441 1343 4512 signiﬁcat,
1369 4458 1694 4512 perversum
1715 4445 1933 4513 quidem
1963 4446 2139 4500 homi-

571 4544 693 4584 nem
722 4529 909 4584 dicens
951 4529 1207 4586 Satanam
1244 4550 1260 4587 ;
1292 4543 1642 4591 transeuntes
1670 4534 1777 4589 doli
1816 4533 1984 4601 faces,
2008 4550 2136 4591 em-

2232 3367 2348 3404 νοια
2375 3348 2549 3416 λόγων
2588 3344 2732 3416 ζωῆς
2759 3346 2895 3398 ἐστι·
2935 3346 2968 3415 ἡ
2999 3342 3057 3397 δέ
3080 3342 3293 3396 παιδεία
3332 3341 3600 3413 ἀφρόνων,
3634 3341 3668 3410 ἡ
3707 3356 3810 3392 κα-

2232 3440 2328 3494 κία
2353 3438 2517 3492 ἐστίν’
2550 3439 2585 3509 ὴ
2618 3434 2675 3489 δέ
2718 3433 3102 3503 ἀνεξέλεγκτος
3150 3432 3387 3497 παιδεία,
3442 3431 3477 3502 ἡ
3530 3427 3811 3501 ἀφροσύνη

2235 3530 2398 3586 ἐστίν.

2303 3619 2413 3689 Τὴν
2438 3617 2638 3687 γνῶσιν
2660 3614 3109 3687 ἐπιγνωμοσύνην
3136 3609 3278 3676 εἷπε,
3311 3611 3462 3683 παρά
3492 3610 3554 3665 τὸ
3587 3609 3655 3664 τά
3685 3611 3812 3663 πάν-

2234 3728 2303 3766 τα
2325 3709 2493 3781 αὐτὴν
2535 3706 2916 3777 ἐπιγινώσκειν
2960 3706 3030 3761 τά
3068 3707 3387 3778 πράγματα·
3434 3705 3470 3775 ἠ
3511 3702 3567 3757 δέ
3614 3702 3810 3774 καρδία

2233 3799 2342 3855 τῶν
2374 3800 2554 3871 σοφῶν
2582 3801 2691 3852 νοεῖ
2719 3798 2787 3852 τά
2811 3798 2919 3853 ἀπὸ
2937 3797 3031 3852 τοῦ
3059 3797 3189 3851 ίδίου
3212 3797 3476 3868 στόματος
3502 3795 3561 3848 ἐν
3608 3811 3668 3846 τε
3698 3793 3812 3865 κρί-

2237 3911 2319 3947 σει
2369 3892 2635 3964 σωμάτων
2664 3891 2759 3944 καὶ
2788 3890 3117 3961 ἀσωμάτων,
3155 3889 3251 3943 καὶ
3287 3888 3429 3959 άπερ
3452 3886 3604 3942 αὐτοὶ
3637 3887 3811 3937 ποιεῖν

2234 3984 2539 4040 διδάσκουσι
2571 3981 2665 4035 καὶ
2687 3982 3037 4052 πράττουσιν.

2305 4076 2509 4145 Λόγους
2530 4076 2579 4128 oi
2594 4073 2843 4142 δαίμονες
2862 4070 3012 4143 παρά
3025 4068 3117 4124 τοῦ
3151 4067 3399 4122 διαϐόλου
3425 4064 3808 4137 μανθάνοντες,

2239 4165 2575 4237 ἐπιχειροῦσι
2600 4169 2713 4229 τοῖς
2755 4163 2953 4233 ἁγίοις,
2990 4162 3085 4215 καὶ
3108 4157 3399 4230 πειρᾶσθαι
3425 4154 3679 4228 χωρίζειν
3710 4154 3809 4207 αύ-

2236 4259 2361 4320 τοὺς
2384 4257 2721 4311 ἐπινοοῦνται
2744 4255 2960 4325 ἀπδτῆς
2988 4250 3262 4320 γνώσεως,
3307 4250 3430 4319 ἥτις
3452 4247 3662 4316 πέφυκε
3690 4263 3815 4298 συν-

2238 4348 2428 4402 άπτειν
2475 4348 2671 4411 αὐτοὺς
2699 4347 2835 4418 πρὸς
2854 4344 3034 4415 φιλίαν
3072 4343 3190 4405 ταῖς
3220 4339 3561 4412 ἐπουρανίοις
3583 4337 3813 4407 δυνάμε-

2241 4456 2312 4492 σι’
2342 4439 2401 4493 τὺ
2416 4440 2459 4492 δ’
2477 4439 2609 4493 αὐτὸ
2619 4438 2777 4492 τοῦτο
2797 4438 2891 4492 καὶ
2913 4437 2943 4489 δ
2962 4432 3211 4504 Σολομῶν
3230 4431 3304 4494 ὡς
3326 4424 3483 4502 οἶμαι
3502 4429 3586 4483 διὰ
3612 4430 3812 4498 ταύτης

2240 4531 2340 4601 τῆς
2360 4530 2656 4602 παροιμίας
2679 4529 2964 4601 δεδήλωκε·
2992 4523 3202 4580 σκολιὸν
3225 4525 3322 4595 μὲν
3341 4523 3509 4595 ἄνδρα
3528 4522 3702 4591 λέγων
3721 4521 3814 4575 τὸν

570 4621 713 4677 ditos
740 4623 807 4676 ah
835 4621 926 4677 illo
966 4623 1139 4678 malos
1189 4622 1504 4680 demones:
1540 4626 1767 4690 amicos,
1797 4637 2020 4683 sanctos
2045 4630 2133 4696 qni

2245 4626 2503 4679 Σατανᾶν·
2535 4621 2930 4695 πορευομένους
2967 4619 3023 4673 δὲ
3056 4617 3382 4689 λαμπτῆρας
3402 4616 3551 4669 δόλου
3579 4615 3705 4677 τοὺς
3733 4614 3814 4668 δι-

570 4714 800 4770 scientia
827 4729 925 4772 sua
957 4714 1128 4769 Deum
1159 4716 1437 4786 attingunt
1470 4726 1527 4772 et
1555 4721 1699 4773 inter
1719 4732 1799 4773 se.

644 4976 818 5031 “'Vir
856 4976 1098 5048 iniquus;
1124 4976 1377 5033 diabolus
1405 4985 1512 5045 est,
1542 4979 1632 5047 qui
1662 4979 1754 5034 Dei
1788 4979 1997 5035 amicos
2022 4989 2141 5036 ten-

573 5078 678 5135 tat,
725 5068 1035 5138 inducitque
1077 5067 1131 5122 in
1179 5068 1294 5123 vias
1342 5068 1662 5137 perditionis
1694 5078 1749 5125 et
1787 5084 1894 5125 non
1943 5072 2136 5127 bonas.

576 5160 864 5231 Postquam
890 5175 1021 5216 vero
1051 5169 1366 5215 sanctorum
1392 5160 1627 5231 aliquem
1657 5163 1952 5233 deceperit,
1971 5164 2139 5219 oblir-

576 5260 687 5305 mat
713 5252 815 5305 sibi
840 5266 948 5322 pra:
965 5251 1138 5307 oculis
1162 5251 1619 5319 machinationes,
1640 5254 1840 5325 cogitat
1861 5267 2140 5325 perversa,

574 5359 641 5397 ne
686 5344 827 5399 forte
876 5346 1144 5415 paenitens
1193 5344 1435 5399 salvetur
1485 5346 1531 5400 is
1560 5360 1718 5414 quem
1768 5358 1995 5401 venatus
2035 5357 2137 5402 est.

574 5436 619 5468 “
650 5435 883 5504 lnspirat
905 5447 1085 5492 autem
1115 5435 1336 5492 auribus
1379 5437 1497 5507 ejus
1526 5453 1723 5507 pravas
1752 5439 2023 5506 quaslibet
2050 5454 2140 5493 co-

462 5580 465 5583 _
573 5525 883 5594 gitationcs,
916 5526 1349 5597 desperationem
1381 5535 1435 5580 et
1458 5529 1825 5584 onmimodam
1862 5530 2129 5600 intempe-

573 5622 763 5675 rantiae
793 5621 1140 5690 voluptatem.
1174 5621 1299 5679 llaec
1321 5634 1405 5680 est
1425 5626 1603 5679 omnis
1631 5623 1885 5692 nequitia:
1914 5623 2130 5688 fornax,

640 5781 682 5814 ³⁸
717 5798 766 5837 v.
802 5784 885 5839 Η.
963 5785 1006 5818 ³⁸
1031 5801 1074 5841 v.
1109 5785 1192 5843 l6.
1272 5788 1312 5819 ³⁷
1347 5786 1513 5843 v.17.
1592 5788 1702 5845 "v.
1734 5787 1821 5844 ‘22.
1899 5788 1943 5821 "
1976 5804 2025 5842 v.
2060 5788 2149 5845 9.5.

2237 4714 2597 4786 δασκομένους
2615 4712 2744 4783 παρ’
2760 4711 2923 4765 αὑτοῦ
2947 4711 3149 4773 κακοὺς
3175 4708 3431 4779 δαίμονάς
3447 4723 3597 4778 φησι·
3628 4704 3813 4773 φίλους

2238 4804 2316 4869 δὲ,
2361 4804 2489 4867 τοὺς
2520 4802 2731 4871 ἁγίους,
2780 4801 2906 4864 τοὺς
2937 4799 3025 4854 διὰ
3060 4800 3159 4870 τῆς
3187 4797 3439 4868 γνώσεως
3479 4794 3811 4865 ἁπτομένους

2238 4894 2316 4966 τῷ
2344 4893 2461 4965 Θεῷ
2484 4895 2577 4948 καὶ
2603 4892 2872 4963 ἀλλήλοις.

2322 4987 2487 5057 ’Λνὴρ
2520 4985 2834 5057 παράνομος
2883 4984 2912 5036 ό
2952 4981 3195 5045 διάὸολός
3245 4982 3410 5034 ἐστιν’
3451 4976 3814 5047 ἀποπειρᾶται

2233 5078 2292 5132 δὲ
2324 5077 2511 5149 φίλους
2545 5076 2703 5141 Θεοῦ,
2734 5079 2829 5131 καὶ
2873 5077 3078 5145 ἀπάγει
3124 5075 3321 5137 αὐτοὺς
3353 5074 3470 5135 ταῖς
3501 5071 3637 5142 πρὸς
3666 5068 3816 5121 ἀπώ-

2235 5171 2385 5225 λειαν
2406 5171 2545 5234 ὁδοῖς
2575 5171 2669 5224 καὶ
2695 5170 2796 5224 οὐκ
2821 5170 3070 5239 ἀγαθαῖς·
3100 5170 3228 5222 ὅταν
3259 5167 3316 5219 δέ
3355 5182 3476 5219 τινα
3504 5163 3611 5216 τῶν
3646 5162 3816 5228 ἀγίων

2235 5265 2510 5335 ἀπατήσῃ,
2567 5262 2808 5334 στηρίξει
2853 5266 3100 5333 νοήματα
3150 5262 3264 5323 τοῖς
3302 5256 3600 5327 ὀφθαλμοῖς
3628 5251 3814 5314 αὑτοῦ,

2238 5355 2333 5408 καὶ
2362 5354 2632 5423 λογίζεται
2654 5354 3078 5426 διεστραμμένα,
3117 5354 3190 5423 μή
3224 5367 3339 5413 πως
3370 5348 3516 5418 σωθῇ
3554 5345 3815 5416 μετανοή-

2240 5462 2338 5508 σας
2363 5445 2422 5497 ὃν
2456 5445 2734 5517 ἐθήρευσε·
2769 5445 2937 5508 κνίζει
2958 5445 3013 5497 δὲ
3041 5447 3153 5506 τοῖς
3175 5442 3409 5512 χείλεσιν
3435 5437 3600 5492 αὑτοῦ
3626 5437 3681 5488 ἐν
3705 5436 3819 5497 τοῖς

2238 5535 2369 5589 ὠσὶν
2393 5536 2600 5590 ἐκείνου
2622 5537 2801 5589 πάντα
2819 5535 2886 5587 τὰ
2923 5535 3067 5588 κακὰ
3100 5533 3483 5602 ἐνθυμήματα,
3505 5527 3818 5595 ἀπόγνωσίν

2237 5644 2295 5681 τε
2331 5628 2421 5681 καὶ
2469 5629 2649 5682 πᾶσαν
2680 5625 2870 5698 ἡδονὴν
2903 5625 3214 5686 ἀκολασίας·
3257 5621 3403 5686 οὗτος
3440 5621 3667 5691 κάμινός
3700 5621 3818 5671 ἐστι

2230 5788 2275 5822 ⁸⁸
2306 5804 2353 5845 v.
2386 5788 2476 5845 28.
2550 5789 2592 5820 “
2625 5803 2675 5843 ν.
2706 5787 2798 5844 29.
2872 5786 2916 5819 ⁸³
2944 5802 2987 5841 t’.
3015 5783 3106 5841 50.
