4172 6386
427 325 529 379 19⁸1

1626 309 1993 368 EXPOSITIO
2023 307 2091 364 IN
2121 306 2538 363 PROVERBlA.
2576 355 2585 364 .

3581 310 3685 364 198

425 441 608 511 πάσης
629 438 841 503 κακίας·
876 435 968 491 καὶ
987 435 1172 506 φλέγει
1194 436 1250 487 ἐν
1277 435 1412 504 αύτῇ
1432 432 1528 495 τὰς
1565 428 1741 501 ψυχὰς
1769 429 1876 482 τῶν
1898 427 2006 480 ὀλι-

2123 428 2165 480 in
2196 440 2300 496 qua
2335 423 2732 480 comburuntur
2762 425 2959 479 animae
2987 437 3176 478 eorum
3207 424 3299 492 qui
3339 423 3466 477 illuc
3493 422 3684 475 labun-

427 533 794 604 σθησομένων·
823 529 960 583 ἀλλά
981 529 1182 599 ταύτης
1213 527 1310 596 τῆς
1331 525 1559 596 καμίνου
1576 523 1882 576 ἐκτινάσσει
1904 519 2000 590 τὴν

2123 533 2214 572 .ur.
2241 515 2346 571 Sed
2375 519 2519 570 enim
2553 515 2711 584 hujus
2741 531 2962 586 quoque
2985 515 3244 572 Ffornacis
3267 515 3492 570 discutit
3533 514 3684 568 ﬂam—

427 627 600 696 φλόγα
631 624 855 695 Πνεῦμα
882 623 1044 687 θεῖον,
1074 620 1380 692 διασυρίζον
1420 619 1609 686 σοφίαν
1641 617 1852 688 δρόσου·
1875 612 2002 666 πολ-

425 719 506 771 λοὶ
540 717 597 769 δὲ
635 717 715 770 ἔτι
752 716 859 769 τῶν
903 716 1025 768 κατ’
1061 714 1230 784 αὐτὴν
1273 711 1499 782 πονηροὶ
1541 709 1837 780 ἄνθρωποι,
1877 704 2002 758 εἰώ-

426 807 548 860 θασι
578 805 966 876 μιμεῖσθαιτδν
996 803 1207 874 πατέρα
1224 802 1406 864 αὐτοῖς
1431 798 1694 853 διάϐολον.

496 899 748 961 Κόλπους
783 895 1015 951 ἐνταῦθα
1041 898 1139 961 τὰς
1186 896 1408 966 καρδίας
1441 893 1628 964 εἴρηκε
1649 892 1758 944 τῶν
1783 888 2000 942 ἀδίκων⁶

426 987 578 1062 οἶμαι
601 990 658 1043 δὲ
689 991 770 1044 ὅτι
792 990 885 1043 καὶ
905 988 1178 1059 πανταχοῦ
1207 989 1236 1041 6
1253 985 1448 1048 κόλπος
1475 985 1510 1056 ἢ
1533 983 1623 1037 τὸν
1652 981 1796 1047 νοῦν,
1821 979 1856 1050 ἢ
1906 980 2004 1046 τὴν

430 1083 628 1150 γνῶσιν
678 1081 952 1153 σημαίνει·
987 1080 1082 1133 καὶ
1127 1079 1251 1141 τοὺς
1285 1077 1382 1148 μὲν
1408 1075 1676 1147 πονηροὺς
1708 1074 1736 1126 6
1763 1070 2008 1132 διάϐολος

419 1172 830 1242 ἐγκολπίζεται,
858 1174 984 1235 τοὺς
1019 1171 1077 1224 δέ
1115 1170 1354 1233 δικαίους
1375 1169 1403 1221 6
1431 1169 1653 1240 Κύριος.

501 1362 565 1415 Εἰ
587 1362 694 1425 πᾶς
739 1359 768 1411 6
813 1357 980 1412 ποιῶν
1002 1355 1101 1428 τὴν
1133 1353 1408 1426 ἁμαρτίαν
1439 1347 1623 1413 δοῦλός
1665 1350 1802 1411 ἐστι,
1827 1345 1936 1408 πᾶς
1986 1345 2014 1396 ὁ

2107 623 2252 662 mam
2281 607 2497 663 divinus
2522 608 2782 676 Spiritus,
2819 608 3103 662 insibilans
3152 608 3474 675 sapientiam
3520 621 3680 660 τοι-ιε.

2108 700 2301 754 Adhuc
2335 715 2464 756 vero
2496 700 2650 754 multi
2687 702 2789 756 hoc
2819 711 2984 770 pacto
3013 700 3242 770 improbi
3273 701 3549 761 homines.
3589 715 3683 768 pa-

2111 802 2248 850 trem
2274 807 2430 847 suum
2462 793 2736 848 diabolum
2758 793 2935 848 solent
2967 793 3189 848 imitari.

2180 883 2227 914 "
2255 882 2418 937 Sinus
2451 883 2542 938 hic
2587 885 2754 939 corda
2787 884 2921 938 dixit
2972 884 3300 954 iniquorum.
3338 881 3472 936 Puto
3503 891 3679 935 autem

2111 974 2288 1029 sinum
2309 974 2511 1043 ubique
2531 974 2839 1042 significare
2861 985 2957 1029 aut
2976 985 3215 1028 mentem
3253 982 3346 1027 aut
3373 973 3680 1028 scientiam.

2085 1065 2182 1120 .Et
2211 1066 2484 1134 improbos
2514 1066 2730 1135 quidem
2767 1073 2943 1137 gestat
2969 1065 3026 1119 in
3053 1064 3177 1121 sinu
3205 1063 3477 1127 diabolus,
3504 1062 3681 1133 iustos

2115 1156 2392 1212 Dominus-

1900 1249 2054 1306 CAP.
2083 1245 2246 1302 XV“.

2183 1339 2228 1371 “
2259 1337 2318 1394 Si
2342 1338 2520 1394 omnis
2549 1338 2638 1407 qui
2661 1337 2794 1392 facit
2821 1348 3124 1408 peccatum,
3157 1355 3348 1396 servus
3376 1349 3479 1406 est,
3505 1341 3685 1396 omnis
3713 1377 3716 1379 λ

423 1455 672 1517 ἀποστὰς
703 1453 803 1524 τῆς
846 1451 1042 1513 κακίας
1081 1449 1169 1502 διὰ
1216 1446 1316 1516 τῆς
1352 1445 1574 1516 ἀρετῆς,
1606 1442 1713 1495 τῶν
1743 1439 2013 1510 δαιμόνων

2123 1433 2352 1488 vicissim
2400 1433 2492 1502 qui
2529 1447 2557 1485 a
2592 1432 2830 1500 nequitia
2883 1434 3092 1488 recedit
3139 1445 3361 1503 propter
3401 1434 3676 1496 virtutem,

433 1547 680 1618 ἀφρόνων
723 1523 891 1598 ὄντων
941 1538 1215 1594 δεσποτῶν
1269 1539 1590 1608 ὲκράτησεν’
1637 1533 1696 1597 ὃς
1745 1534 1840 1585 καὶ
1865 1525 2011 1591 οἶκος

2123 1526 2449 1582 Ιωηιοιιίὺυε
2497 1523 2714 1578 vesanis
2764 1525 3000 1579 dominis
3051 1527 3331 1594 praevalet.
3373 1525 3474 1581 Hic
3519 1529 3680 1580 etiam

434 1594 749 1709 μῦστηρίων
774 1632 908 1688 Θεοῦ
936 1618 1244 1702 γενήσεται,
1288 1594 1426 1682 κάτὰ
1453 1594 1741 1693 ἀναλογίαν
1781 1622 1878 1691 τῆς
1913 1637 2010 1674 κα-

2123 1616 2494 1688 mysteriorum
2530 1614 2623 1668 Dei
2657 1614 2991 1668 domicilium
3025 1617 3134 1680 ﬁet,
3166 1633 3263 1685 pro
3288 1625 3463 1672 status
3499 1619 3688 1671 eundi-

430 1732 768 1792 ταστάσεως,
798 1728 1014 1796 ἑκάστῳ
1040 1723 1148 1776 τῶν
1175 1720 1416 1792 ἀδελφῶν
1440 1719 1614 1782 διδοὺς
1636 1715 1835 1785 γνῶσιν
1856 1729 2009 1765 πνευ-

437 1822 694 1894 ματικήνο
728 1818 869 1872 οὕτω
899 1819 993 1872 xui.
1028 1816 1240 1879 Παῦλος
1264 1813 1516 1884 τοὺςμέν
1545 1813 1603 1864 ἐν
1637 1806 1885 1880 Κορίνθῳ
1907 1821 2008 1873 γα-

2115 1708 2260 1760 tione
2292 1704 2525 1773 singulis
2551 1702 2814 1758 fratribus
2841 1705 3145 1774 spiritalem
3180 1707 3466 1761 scientiam
3497 1707 3688 1762 distri-

2113 1799 2302 1853 buens.
2336 1795 2429 1852 Sic
2462 1797 2626 1851 etiam
2660 1795 2865 1852 Paulus
2893 1797 3208 1852 Corinthios
3239 1798 3399 1862 lacte,
3423 1797 3688 1866 Ephesios

421 1890 760 1976 -λαποτίζων,
809 1913 934 1974 τοὺς
981 1909 1121 1962 δὲέν
1173 1905 1382 1975 Ἐφέσῳ
1415 1903 1630 1974 τρέφων
1675 1895 2012 1969 στερεωτέρᾳ

2123 1893 2372 1948 solidiore
2424 1892 2546 1947 cibo
2573 1893 2852 1962 pascebat,
2902 1893 2968 1946 de
3011 1892 3368 1962 longitudine,
3401 1890 3688 1947 latitudine

433 2010 629 2081 τροφῇ,
680 2006 808 2077 περὶ
844 2003 1008 2074 ὖψους
1037 2002 1132 2055 καὶ
1180 2002 1384 2072 μήκους
1414 1995 1508 2050 καὶ
1533 1994 1767 2055 πλάτους
1797 1991 1891 2043 καὶ

423 2079 556 2163 1θους
614 2095 1012 2166 διαλεγόμενοςο
1056 2092 1151 2145 καὶ
1187 2089 1276 2142 διὰ
1317 2087 1520 2140 τούτων
1561 2083 1668 2137 τῶν
1707 2079 2008 2149 διαστημά-

431 2209 538 2245 των
590 2190 689 2260 τὴν
731 2187 829 2257 τῆς
868 2183 1090 2253 λογικῆς
1141 2181 1355 2250 φύσεως
1417 2176 1694 2248 σημαίνων
1725 2172 2008 2242 διαίρεσιν,

2109 1994 2168 2040 et
2199 1985 2564 2055 profunditate
2616 1985 2866 2054 loquens,
2896 1985 3085 2055 spatiis
3125 1986 3210 2039 his
3246 1984 3563 2054 signiﬁcans
3607 1999 3690 2037 ra-

2117 2078 2336 2133 tionalis
2363 2089 2570 2132 naturae
2594 2078 2990 2142 diversitatem,
3021 2093 3139 2148 qua:
3168 2077 3266 2132 Dei
3301 2080 3366 2133 de
3395 2077 3600 2146 judicio
3622 2092 3686 2131 ac

2115 2169 2452 2236 providentia
2472 2183 2754 2225 sermones
2768 2171 3153 2239 comprehendi
3163 2180 3202 2233 t,
3221 2168 3518 2240 profundos
3537 2170 3690 2242 equi-

432 2284 554 2351 ἥτις
577 2281 703 2339 τοὺς
724 2275 852 2346 περὶ
873 2274 1108 2345 κρίσεως
1133 2272 1228 2324 καὶ
1259 2266 1511 2340 προνοίας
1539 2262 1633 2316 τοῦ
1657 2261 1791 2316 Θεοῦ
1826 2260 2011 2329 λόγους

2123 2260 2254 2325 dem,
2285 2271 2339 2316 et
2371 2261 2662 2316 humanam
2692 2264 3062 2319 conditionem
3089 2263 3437 2321 excedentes.

431 2373 778 2444 ἐμπεριέχει,
831 2368 971 2422 πάνυ
1021 2363 1353 2435 βαθυτάτους
1394 2358 1759 2428 ὑπάρχοντας,
1795 2352 1890 2407 καὶ
1918 2353 2010 2405 ἐκ-

434 2465 736 2535 φεύγοντας
761 2462 860 2534 τὴν
891 2457 1240 2530 ἀνθρωπίνην
1279 2451 1632 2507 κατάστασιν.

503 2557 743 2627 Κάμινοι
761 2555 809 2607 οί
841 2548 1154 2623 πειρασμοίο
1178 2544 1268 2599 διὰ
1289 2543 1398 2615 γὰρ
1421 2541 1528 2596 τῶν
1568 2537 1889 2613 πειρασμῶν
1915 2553 2014 2590 κα-

2183 2529 2229 2560 ⁸⁵
2260 2527 2538 2585 Fornaces
2589 2538 2714 2583 sunt
2767 2529 3115 2583 tentationes.
3141 2526 3354 2582 Etenim
3401 2536 3688 2598 postquam

422 2619 614 2723 ³θάρας
651 2647 744 2702 καὶ
778 2619 1142 2716 ἀκηλιδώτους
1185 2639 1284 2703 τὰς
1324 2635 1552 2708 καρδίας
1602 2632 1710 2686 τῶν
1743 2628 2014 2684 ἐκλεκτῶν

2123 2634 2212 2689 per
2237 2619 2566 2674 tentationes
2589 2620 2751 2674 corda
2782 2620 3054 2690 purgavit,
3091 2629 3201 2675 tum
3235 2620 3450 2677 demum
3499 2621 3692 2675 imma—

419 2748 465 2798 ‘6
489 2744 621 2806 Θεὸς
657 2740 958 2808 ἐκλέγεται.
1925 2805 1930 2810 ς

516 2839 576 2890 '0
605 2833 876 2906 αἱρετικὸς
905 2827 1168 2885 ὑπακούει
1188 2823 1439 2896 γλώσσης
1474 2822 1572 2892 τῆς
1593 2820 1702 2873 τῶν
1733 2817 1908 2872 ἀθέων
1931 2813 2015 2870 δο-

421 2931 682 3002 γμάτωνο
711 2928 760 2979 οἱ
785 2926 841 2979 δὲ
865 2923 964 2994 τῆς

436 2998 532 3077 τοῦ
561 3017 877 3080 ὑπακούειν,
901 3014 962 3068 τὸ
990 3009 1234 3065 ἑκούσιον
1262 3009 1554 3069 δείκνυσιν,
1580 3005 1655 3068 ὼς
1686 3004 1764 3066 εἰς
1785 3002 1884 3073 τὴν
1919 2998 2015 3053 τοῦ

2118 2713 2296 2768 culata
2321 2713 2424 2767 sibi
2452 2712 2605 2783 eligit
2635 2714 2796 2767 Deus.

2189 2804 2234 2835 ⁸⁸
2260 2804 2430 2859 Homo
2463 2805 2757 2858 hmreticus
2786 2801 3215 2872 irreligiosorum
3246 2802 3560 2870 dogmatum
3592 2803 3694 2860 lin-

991 2919 1335 2991 Ἑκκλησίας,
1367 2915 1486 2969 οὐδὲ
1512 2912 1888 2986 προσέχουσιν.
1918 2907 2016 2961 Διά

2123 2911 2278 2964 guam
2312 2895 2566 2962 obaudit;
2598 2907 2653 2951 at
2680 2895 2934 2951 Ecclesiae
2960 2895 3143 2949 fideles
3186 2896 3329 2950 nulla
3358 2901 3499 2950 hanc
3521 2905 3698 2950 atten-

2121 2989 2266 3043 tione
2304 2989 2612 3059 dignantur.
2653 2991 2788 3045 Dum
2822 2999 3006 3044 autem
3057 2987 3345 3042 haereticus
3396 2986 3688 3050 auscultat.

437 3113 573 3168 Θεοῦ
601 3112 770 3182 σοφὴν
803 3077 1067 3178 διοίκησιν
1097 3099 1441 3174 ἐξαμαρτών.
1470 3130 1538 3139 ——
1557 3092 1725 3160 Οὗτος
1752 3093 2016 3148 ὑπακούει

2123 3078 2449 3136 voluntatem
2492 3095 2645 3136 suam
2680 3082 3019 3136 demonstrat
3039 3088 3228 3135 contra
3266 3077 3358 3133 Dei
3387 3079 3690 3148 sapientein

437 3210 557 3270 ταῖς
586 3202 858 3274 γλώσσαις
891 3199 1000 3252 τῶν
1027 3195 1377 3268 παρανόμων,
1406 3194 1436 3245 6
1470 3191 1598 3254 τοὺς
1626 3189 1844 3250 ἀδίκους
1865 3185 2016 3255 δεχό-

435 3315 601 3370 μενος
636 3296 767 3368 παρ’
812 3291 990 3348 αὐτῶν
1016 3287 1332 3359 λογισμοὺς,
1368 3281 1744 3355 καὶδσπεύδων
1778 3279 2020 3348 ἐνεργεῖν

438 3391 558 3443 κατ’
585 3386 801 3451 αὐτούς·
827 3379 908 3448 οἷς
931 3385 959 3436 6
987 3381 1193 3443 δίκαιος
1218 3378 1434 3447 λέγεται
1462 3375 1537 3447 μὴ
1558 3373 1864 3445 προσέχειν,
1894 3373 2021 3442 ὁρα-

438 3485 544 3537 τῶν
587 3498 646 3535 τε
675 3481 767 3535 καὶ
792 3478 1059 3550 ἀοράτων,
1094 3472 1340 3528 τουτέστι
1384 3470 1458 3543 μὴ
1492 3469 1585 3522 ἐπὶ
1617 3466 1780 3521 πλέον
1801 3465 2020 3537 τρέφειν

435 3577 496 3628 ἐν
521 3571 716 3643 ἐαυτῷ.

523 3663 583 3717 '0
607 3661 820 3724 πιστὸς,
848 3658 1033 3730 φησὶν,
1062 3656 1253 3726 ὄψεται
1297 3653 1424 3716 τοὺς
1464 3651 1654 3720 λόγους
1686 3648 1781 3702 τοῦ
1817 3647 2020 3719 κόσμου

439 3758 653 3819 τούτου,
683 3753 934 3814 οὕστινας
968 3751 1226 3821 χρήματα
1261 3743 1540 3818 τροπικῶς
1574 3740 1670 3795 τοῦ
1729 3739 1821 3794 νοῦ
1851 3757 2022 3812 προσ-

436 3848 758 3922 ηγόρευσενο
786 3845 813 3896 6
837 3843 894 3896 δὲ
919 3842 1144 3902 ἄπιστος
1165 3837 1287 3891 οὐδὲ
1307 3835 1401 3888 τοῦ
1421 3833 1674 3904 τυχόντος
1699 3833 2024 3905 πράγματος

442 3940 712 4012 γνώσεται
745 3933 925 4002 λόγον,
954 3930 1042 3985 διὰ
1073 3929 1173 4000 τὴν
1208 3925 1549 3997 ἀκαθαρσίαν
1573 3925 1672 3994 τῆς
1707 3923 1886 3993 ψυχῆς
1928 3922 2026 3974 αὑ-

442 4032 557 4086 τοῦ·
591 4027 754 4083 ὃτιδέ
785 4023 1011 4086 πλοῦτος
1037 4021 1215 4092 ψυχῆς
1253 4021 1288 4090 ἡ
1310 4015 1510 4087 γνῶσίς
1538 4018 1653 4069 ἐστι
1681 4014 1776 4068 τοῦ
1805 4012 1962 4078 Θεοῦ,
1996 4013 2025 4065 6

442 4123 657 4186 Παῦλος
676 4120 914 4174 διδάσκει
936 4115 1110 4184 λέγων
1131 4113 1214 4166 τόο
1252 4113 1355 4166 Ἐν
1373 4109 1548 4163 παντὶ
1567 4108 2022 4174 ἐπλουτίσθητε,

2119 3171 2516 3240 providentiam
2549 3173 2830 3240 peccandi.
2859 3201 2926 3212 —-—
2958 3171 3052 3225 llle
3084 3169 3453 3240 improborum
3482 3170 3697 3240 linguas

2121 3261 2294 3327 audit,
2331 3262 2422 3331 qui
2464 3261 2675 3330 iniquas
2701 3263 2771 3317 ab
2805 3264 2887 3318 eis
2937 3262 3168 3332 suscipit
3215 3261 3615 3325 meditationes,
3643 3272 3698 3317 et

2121 3352 2270 3422 paria
2303 3352 2393 3406 his
2422 3366 2586 3422 agere
2607 3353 2831 3423 satagit.
2864 3352 3075 3419 Quibus
3101 3355 3265 3407 homo
3291 3353 3472 3422 justus
3493 3353 3698 3408 dicitur

2123 3459 2230 3500 non
2263 3447 2568 3510 attendere,
2595 3460 2690 3502 seu
2730 3447 3061 3514 visibilibus,
3093 3461 3185 3501 seu
3215 3447 3610 3514 invisibilibus;
3645 3447 3697 3501 id

2123 3545 2230 3601 est,
2259 3535 2475 3595 illorum
2506 3538 2732 3592 consilia
2761 3539 2966 3592 diutius
2989 3549 3171 3593 mente
3188 3554 3292 3593 non
3321 3538 3486 3593 alere.
3535 3591 3540 3595 .

2196 3629 2238 3660 “
2275 3628 2499 3695 Fidelis,
2551 3629 2748 3695 inquit,
2794 3629 2955 3684 homo
2984 3629 3187 3684 videbit
3234 3629 3473 3684 rationes
3515 3627 3701 3682 mundi

2123 3719 2304 3789 hujus,
2335 3735 2472 3790 quas
2521 3729 2714 3775 auctor
2746 3720 2954 3790 tropice
3010 3718 3228 3775 divitias
3278 3717 3589 3790 appellavit.
3618 3718 3700 3774 ht-

2127 3813 2380 3869 credulus
2435 3822 2614 3868 autem
2673 3827 2740 3869 ne
2783 3814 3020 3868 minimae
3066 3813 3284 3882 quidem
3314 3814 3390 3870 rei
3435 3814 3698 3869 rationem

2125 3912 2417 3974 cognoscet
2448 3914 2668 3974 propter
2697 3919 2895 3960 animae
2943 3919 3056 3959 suae
3116 3904 3512 3974 impuritatcm.
3547 3905 3699 3971 Quod

2125 4012 2256 4052 vero
2305 3995 2506 4050 divitia:
2555 3995 2770 4059 animat,
2802 3994 3006 4063 agnitio
3057 3994 3150 4049 Dei
3184 3994 3276 4060 sit,
3315 3994 3516 4049 Paulus
3545 3995 3707 4050 docet

2127 4087 2354 4144 dicendo
2380 4087 2464 4138 ⁸³ε
2502 4084 2572 4139 1η
2615 4087 2854 4140 omnibus
2908 4084 3094 4140 divites
3149 4087 3280 4155 facti
3323 4087 3533 4153 estis,in
3563 4086 3705 4140 omni

542 4178 709 4281 πάσῃ
744 4207 959 4280 γνώσει
986 4178 1084 4259 καὶ
1113 4201 1280 4270 πάσῃ
1303 4200 1507 4270 σοφίςν
1533 4199 1582 4251 εί
1601 4197 1658 4251 δέ
1672 4215 1755 4262 τις
1788 4196 2019 4268 βούλοιτο

2129 4182 2347 4237 scientia
2377 4189 2426 4234 et
2455 4180 2600 4233 omni
2643 4180 2925 4248 sapientia.
2971 4178 3124 4246 Quod
3165 4180 3210 4233 si
3251 4179 3374 4247 quis
3423 4179 3707 4234 ostendere

443 4259 494 4268 ν-
542 4259 705 4281 ηπ-..
753 4259 793 4280 ,ν
1249 4259 1276 4270 ..
1382 4259 1399 4270 .
1458 4259 1470 4266 .
1739 4259 1800 4268 -,

443 4305 614 4374 δεῖξαι
643 4304 719 4376 μὴ
741 4302 944 4372 ταύτην
971 4299 1071 4371 τὴν
1095 4297 1300 4350 ἔννοιαν
1322 4290 1460 4348 εἶναι
1487 4291 1690 4364 ταύτης
1711 4291 1812 4362 τῆς
1842 4306 2019 4361 παροι-

2131 4273 2258 4328 velit
2289 4288 2394 4327 non
2417 4272 2561 4326 hunc
2588 4285 2709 4324 esse
2747 4271 2904 4332 huius
2936 4270 3080 4324 eﬂ‘ati
3121 4284 3362 4333 sensum,
3394 4271 3541 4323 dicat
3575 4284 3704 4324 sane

451 4401 602 4472 μίας,
641 4395 844 4466 λεγέτω
889 4392 994 4446 ποῦ
1037 4389 1346 4459 εὐπόρησαν
1390 4385 1687 4457 χρημάτων
1725 4385 1773 4436 oi
1809 4381 2025 4453 περιελ-

449 4493 634 4554 θόντες
654 4491 713 4542 ἐν
750 4487 1045 4558 μηλωταῖς,
1081 4482 1141 4534 ἐν
1172 4478 1399 4549 αἰγείοις
1429 4476 1680 4548 δέρμασι,
1725 4472 2027 4543 κακουχού-

453 4600 624 4656 μενοι,
664 4579 986 4649 θλιϐόμενοι,
1038 4571 1528 4642 στενοχωρούμενοι
1552 4566 1724 4634 ;’Πῶς
1766 4568 1823 4621 δὲ
1863 4569 1958 4622 καὶ
2001 4569 2030 4621 6

449 4677 677 4735 ἄπιστος
706 4671 804 4740 ούχ
829 4666 1160 4736 ἐξειόϐολδν,
1197 4662 1404 4716 πολλῶν
1431 4661 1674 4715 ἀπίστων
1703 4659 2030 4732 περιϐεϐλη-

456 4766 632 4837 μένων
667 4762 894 4818 πλοῦτον
923 4757 1111 4821 πολὺν,
1144 4755 1287 4823 λέγω
1333 4752 1391 4806 δὲ
1426 4750 1687 4822 βασιλέων
1714 4752 1807 4804 καὶ
1836 4749 2030 4821 ἀρχόν-

449 4876 558 4912 των
591 4856 685 4911 τοῦ
709 4856 914 4924 κόσμου
943 4850 1167 4912 τούτου;

525 4949 692 5018 Χείλη
721 4943 887 4999 πιστὰ
910 4943 1034 5004 τοὺς
1055 4938 1292 5009 ἀγαθοὺς
1317 4937 1610 5007 λογισμούς
1627 4949 1808 5004 φησιν·
1834 4933 2028 5006 ἄφρονι

453 5044 513 5097 δὲ
534 5039 713 5095 δεκτόν⁸
762 5037 972 5090 ἔσονται
999 5031 1226 5104 πονηροὶ
1257 5029 1524 5100 λογισμοί·
1559 5027 1643 5089 τίς
1673 5026 1782 5096 γὰρ
1830 5022 2030 5096 μετοχὴ

455 5132 771 5202 δικαιοσύνῃ
804 5129 939 5199 πρὸς
971 5123 1211 5188 ἀδικίαν;
1242 5124 1289 5175 εί
1324 5122 1397 5192 μή
1441 5137 1540 5173 που
1574 5119 1914 5189 μετανοήσας
1947 5115 2033 5169 δέ-

458 5226 613 5298 ξηται
644 5220 901 5294 φρόνησιν
926 5235 986 5271 τε
1012 5218 1106 5271 κα)⁸
1139 5215 1339 5267 πίστιν.

531 5401 631 5454 Διά
673 5398 769 5470 μὲν
792 5397 892 5469 τῆς
932 5393 1299 5464 δικαιοσύνης,
1331 5393 1431 5464 τὴν
1459 5388 1671 5443 ἀδικίαν
1699 5386 2036 5458 κρύπτομενο

454 5495 543 5549 διά
571 5492 628 5545 δὲ
656 5491 755 5559 τῆς
779 5485 1149 5558 σωφροσύνης,
1183 5485 1283 5555 τὴν
1314 5479 1627 5536 ἀκολασίανο
1650 5477 1746 5531 καὶ
1769 5476 1927 5530 πάλιν
1951 5473 2041 5529 διὰ

461 5585 557 5654 τῆς
592 5581 832 5651 ἀγάπης,
859 5577 920 5630 τὸ
949 5579 1121 5646 μῖσος·
1160 5575 1253 5627 καὶ
1279 5571 1367 5626 διά
1390 5572 1488 5642 τῆς
1504 5568 1923 5640 ἀφιλαργυρίας,
1941 5565 2040 5637 τὴν

534 5775 575 5805 ⁸³
608 5789 656 5825 v.
683 5771 772 5826 55.
851 5767 894 5799 ’⁸³
923 5782 968 5820 v.
1001 5765 1053 5818 2.
1135 5765 1176 5796 ³³
1207 5780 1254 5818 v.
1292 5763 1344 5816 '5.
1421 5762 1464 5793 ’⁸⁵
1489 5778 1535 5816 v.
1574 5761 1626 5816 4.
1705 5760 1748 5791 ⁵⁷
1778 5775 1823 5815 v.
1855 5759 1906 5814 6.
1979 5756 2201 5814 “ICOI‘.
2233 5773 2270 5820 I,
2295 5756 2344 5808 5.

2131 4361 2399 4433 quomodo
2432 4361 2635 4416 divitiis
2663 4358 3060 4414 abundaverint
3107 4358 3202 4422 illi,
3241 4357 3331 4424 qui
3373 4357 3707 4414 circuierunt

2133 4455 2188 4510 in
2221 4453 2452 4517 melotis,
2487 4455 2540 4506 in
2570 4451 2803 4522 pellibus
2838 4450 3100 4519 caprinis,
3147 4447 3349 4513 iﬂlicti,
3387 4449 3580 4517 pressi,
3613 4465 3709 4503 au-

2136 4545 2354 4618 gustiati
2384 4545 2464 4599 ‘9?
2495 4543 2778 4611 Quomodo
2806 4543 2934 4597 item
2963 4542 3126 4596 homo
3160 4541 3472 4596 incredulus
3493 4541 3708 4595 obolum

2135 4657 2244 4699 non
2282 4639 2604 4710 possidebit,
2649 4651 2773 4691 cum
2811 4651 3002 4706 reapse
3062 4634 3218 4689 multi
3250 4633 3510 4688 increduli
3550 4634 3710 4688 lautis

2131 4732 2341 4788 divitii‘s
2369 4728 2615 4796 allluant,
2645 4743 2798 4799 reges
2852 4728 3070 4797 inquam
3104 4736 3158 4782 et
3199 4727 3474 4796 principes
3525 4726 3707 4780 mundi

2137 4827 2293 4892 hujus
2307 4828 2331 4881 ί

2208 4923 2254 4955 ⁵ο
2279 4921 2445 4976 Labia
2491 4917 2667 4974 ﬁdelia
2706 4914 2840 4970 dicit
2888 4915 3059 4970 bonas
3090 4912 3466 4981 cogitationes.
3501 4910 3714 4966 Vesano

2136 5023 2315 5070 tamen
2344 5011 2638 5083 placebunt
2667 5007 3026 5078 cogitationes
3070 5005 3245 5058 malae.
3278 5002 3410 5056 Nam
3444 5018 3563 5073 qua:
3584 5017 3708 5071 par-

2139 5107 2378 5176 ticipatio
2401 5104 2630 5174 justitia:
2665 5117 2788 5161 cum
2827 5099 3152 5168 iniquitate?
3183 5105 3276 5151 aut
3307 5111 3428 5165 quae
3458 5111 3713 5151 commu-

2139 5201 2232 5255 nio
2260 5199 2396 5252 lucis
2421 5211 2545 5252 cum
2572 5193 2844 5250 tenebris?
2868 5193 2972 5246 nisi
3006 5191 3147 5245 forte
3170 5189 3259 5244 illc
3286 5190 3556 5259 paenitens
3585 5204 3714 5256 pru-

2136 5291 2376 5346 dentiam
2411 5287 2684 5356 iidemque
2720 5283 3008 5351 receperit.

2208 5383 2250 5414 ⁵¹
2285 5380 2504 5437 Justitia
2563 5377 2907 5447 iniquitatem
2969 5373 3298 5437 obruimus,
3357 5369 3714 5440 temperantia

2136 5473 2431 5538 luxuriam,
2463 5469 2777 5540 pariterque
2821 5480 3011 5519 amore
3038 5465 3221 5518 odium
3242 5502 3256 5524 ,
3302 5470 3356 5516 et
3389 5460 3714 5516 liberalitate

2143 5565 2454 5620 avaritiam.
2486 5559 2777 5616 Obruimus
2817 5557 2942 5610 item
2978 5555 3278 5609 humilitate
3303 5552 3634 5623 superbiam,
3657 5558 3713 5604 et

2428 5755 2468 5785 "9
2495 5753 2658 5809 Hebr.
2690 5766 2766 5820 XI,
2795 5751 2883 5806 57.
2963 5750 3007 5780 ⁵³
3034 5763 3083 5800 v.
3121 5746 3171 5800 7.
3250 5746 3290 5777 "
3322 5749 3371 5798 'v.
3397 5745 3450 5799 9.
