4172 6388
539 299 640 354 ιιιθ

1431 299 1999 358 SUPPLEMENTUM
2030 300 2122 355 AD
2155 299 2477 356 ORIGENIS
2512 300 2926 359 EXEGETICA.

3712 308 3816 363 200

534 413 949 470 mansuetudine
978 416 1262 481 fez'ociam,
1295 430 1605 486 quzereutes
1641 419 1943 487 spiritalem
1986 419 2121 471 ami-

2228 419 2557 485 πλεονεξίαν·
2594 420 2907 492 κρύπτομεν
2933 422 2988 474 δὲ
3025 424 3117 475 καὶ
3143 422 3231 475 διὰ
3264 425 3361 492 τῆς
3391 429 3813 495 ταπεινοφροσύ-

533 509 744 571 i-itiam,
784 522 906 576 qam
941 519 1190 562 sanctam
1227 509 1319 563 Dei
1355 511 1686 578 agnitionem
1731 511 2026 579 signiﬁcat.
2065 513 2130 566 Et

531 601 746 668 quidem
769 599 910 668 apud
945 599 1170 653 Paulum
1203 604 1249 631 δ’
1282 603 1502 669 quidam
1535 603 1787 655 dicuntur
1821 604 1972 655 cives
2001 619 2127 655 san-

531 703 746 745 ctorum
783 690 939 753 facti,
979 702 1033 744 et
1068 692 1408 746 habitatores
1457 708 1709 762 superna:
1763 692 2123 757 Hierusalem,

530 782 960 849 supermdiiicati
1009 799 1176 854 super
1210 785 1622 839 fundamentum
1675 785 2043 855 aposwlorum
2070 793 2126 838 et

531 875 952 943 prophetarum.

598 1051 644 1084 "
668 1053 906 1106 Domum
943 1049 1141 1103 animm
1177 1047 1312 1102 dicit
1363 1048 1454 1102 hic
1500 1062 1734 1118 corpus;
1772 1050 2122 1120 vicissimque

533 1145 768 1198 animam
815 1142 1015 1196 utentis
1080 1141 1327 1195 domum.
1365 1140 1498 1193 Item
1558 1141 1672 1208 ipsa
1725 1157 1879 1196 mens
1924 1143 2122 1196 dicitur

531 1236 728 1289 anima:
779 1236 990 1287 oculus.
1023 1232 1141 1286 Jam
1191 1231 1281 1299 qui
1325 1232 1565 1284 divinam
1614 1234 1898 1286 scientiam
1946 1249 2010 1288 ac
2041 1251 2121 1287 sa-

531 1330 789 1398 pientiam
837 1327 1111 1391 didicerit,
1161 1335 1218 1378 ct
1276 1323 1634 1379 nihilominus
1685 1339 1745 1378 sc
1785 1327 2118 1394 improbitati

533 1421 841 1485 tradiderit,
863 1430 920 1474 et
945 1435 1042 1488 pro
1066 1420 1227 1474 bonis
1253 1419 1471 1488 iniquos
1495 1432 1777 1472 sermones
1804 1419 2115 1486 protulerit,

533 1529 633 1568 nec
659 1513 987 1580 resipiscere
1014 1520 1064 1565 ct
1109 1510 1312 1564 salvari
1344 1511 1600 1572 voluerit,
1632 1525 1699 1563 ex
1746 1511 1867 1579 ejus
1897 1513 2115 1580 quidem

531 1603 803 1673 corporali
831 1604 995 1657 domo
1034 1602 1294 1670 iniquitas
1327 1601 1762 1670 improbitasun
1804 1619 1906 1655 non
1933 1602 2114 1656 disce-

531 1699 645 1759 det,
672 1695 766 1750 sed
808 1695 860 1748 in
910 1711 972 1749 ea
1011 1695 1243 1748 ﬁrmiter
1289 1702 1543 1754 manent,
1579 1700 1639 1744 ut
1679 1707 1933 1760 suprema
1975 1695 2114 1748 mala

2233 529 2327 581 νης
2357 513 2457 582 τήν
2493 514 2888 584 ὑπερηφανίαν,
2932 516 3027 568 καὶ
3079 515 3169 568 διὰ
3215 515 3314 584 τὴν
3367 517 3673 587 πραΰτητα,
3719 524 3818 591 τὴν

2231 599 2564 670 θρασύτητα·
2613 601 2902 672 ζητοῦντες
2930 605 3030 674 τὴν
3058 606 3434 677 πνευματικὴν
3470 607 3672 675 φιλίαν,
3695 611 3818 679 ἥτις

2227 691 2326 763 τὴν
2362 694 2524 760 ἁγίαν
2562 693 2763 762 γνῶσιν
2796 697 3074 766 σημαίνει·
3103 698 3197 749 καὶ
3232 699 3383 769 παρὰ
3426 699 3505 767 τῷ
3537 701 3734 772 Παύλῳ
3761 703 3818 756 δὲ

2228 787 2569 856 συμπολίται
2609 787 2751 850 τινες
2778 788 2888 840 τῶν
2918 788 3088 857 ἁγίων
3119 789 3364 857 λέγονται
3399 790 3700 859 γεγονέναι,
3725 796 3818 848 καὶ

2223 879 2412 931 οίκεῖοι
2465 879 2564 950 τῆς
2591 881 2713 933 ’ἀνω
2754 880 3133 951 Ἰερουσαλὴμ,
3171 882 3689 954 ἐποικοδομηθέντες
3724 886 3820 939 ἐπὶ

2220 969 2302 1040 τῷ
2329 971 2562 1040 θεμελίῳ
2592 971 2700 1024 τῶν
2731 972 3044 1025 ἀποστόλων
3071 974 3164 1026 καὶ
3191 973 3299 1026 τῶν
3330 975 3645 1045 προφητῶν.

2294 1056 2455 1113 Οῐκον
2481 1061 2717 1115 ἐνταῦθά
2751 1079 2884 1132 φησι
2918 1062 3019 1131 τῆς
3054 1064 3156 1133 μὲν
3178 1064 3378 1134 ψυχῆς,
3411 1065 3472 1117 τὸ
3504 1066 3684 1137 σῶμα·
3717 1067 3820 1140 τὴν

2220 1153 2276 1206 δὲ
2313 1154 2490 1224 ψυχήν
2534 1154 2714 1216 πάλιν,
2743 1150 2890 1206 οἷκον
2909 1153 3004 1206 τοῦ
3031 1154 3142 1207 νοῦ·
3168 1155 3255 1208 ὁδ’
3283 1155 3444 1219 αὑτὸς
3475 1158 3638 1212 πάλιν
3668 1158 3813 1222 νοῦς,

2221 1249 2320 1317 τῆς
2352 1249 2530 1318 ψυχῆς
2563 1248 2839 1319 ὀφθαλμὸς
2863 1248 3100 1317 λέγεται·
3135 1251 3163 1301 6
3190 1250 3245 1302 δὲ
3280 1251 3378 1320 τὴν
3412 1250 3591 1303 ἔνθεον
3613 1269 3814 1320 γνωσιν

2221 1341 2315 1392 καὶ
2345 1342 2538 1410 σοφίαν
2570 1340 2780 1411 μαθὼν,
2832 1341 3025 1393 ἑαυτὸν
3056 1341 3114 1393 δὲ
3158 1341 3350 1404 ἐκδοὺς
3380 1345 3448 1411 τῇ
3482 1344 3673 1414 κακία,
3720 1343 3818 1399 καὶ

2219 1433 2345 1485 ἀντὶ
2370 1432 2592 1501 ἀγαθῶν
2624 1432 2894 1503 πονηροὺς
2929 1431 3122 1498 λόγους
3166 1432 3440 1503 ἐκφέρων,
3472 1433 3610 1503 πρὸς
3660 1434 3719 1487 δὲ
3753 1434 3816 1488 τὸ

2217 1521 2542 1592 ἐπιστρέψαι
2576 1521 2670 1573 καὶ⁵
2694 1520 2931 1590 σωθῆναι
2964 1520 3038 1590 μή
3064 1520 3409 1590 βουλόμενος,
3433 1521 3530 1574 τοῦ
3566 1539 3812 1592 σωματι-

2218 1611 2316 1664 κοῦ
2332 1610 2482 1663 οἴκου
2504 1611 2605 1663 οὑκ
2633 1610 2982 1681 ἀναχωρήσει
3016 1613 3047 1680 ή
3085 1612 3252 1664 κακία
3275 1612 3413 1682 καὶή
3435 1615 3688 1685 πονηρία·
3717 1614 3810 1668 ἀλ-

2219 1703 2287 1756 λὰ
2340 1703 2590 1773 μένουσιν
2635 1702 2867 1774 ὲδραίως
2918 1704 2976 1755 ὲν
3028 1704 3194 1774 αὑτῷ,
3237 1705 3322 1757 ἵνα
3352 1705 3419 1758 τά
3455 1707 3636 1759 τέλεια
3668 1707 3814 1761 κακά

537 1786 815 1856 eveniant,
858 1802 978 1853 qua:
1020 1786 1095 1840 illi
1129 1784 1483 1838 immobiliter
1518 1785 1798 1838 haerebunt
1843 1801 2014 1853 usque
2047 1787 2114 1838 ad

2221 1793 2444 1865 ἐπέλθῃ,
2496 1796 2554 1845 ὲν
2585 1791 2734 1862 αὑτῷ
2779 1792 3012 1861 ἀκίνητα
3045 1792 3277 1862 μένοντα
3327 1793 3386 1844 ἐν
3421 1793 3607 1864 ήμέρᾳ
3644 1793 3811 1864 ὀργῆς

529 1878 672 1929 diem
724 1875 818 1929 irin
857 1875 1095 1929 Domini.
1121 1901 1191 1914 —-
1223 1873 1571 1927 Fabricatutn
1611 1889 1639 1928 a
1693 1874 1924 1928 Domino
1964 1875 2122 1932 nobis

528 1987 748 2040 corpus.
779 1971 998 2025 domum
1047 1971 1136 2025 hic
1179 1971 1438 2040 appellat.
1472 1970 1590 2024 Non
1611 1973 1916 2026 movebitur
1938 1982 2120 2028 autem

527 2066 677 2129 dicit,
714 2079 812 2134 pro
840 2082 853 2116 :
900 2079 1006 2117 nou
1037 2065 1296 2119 abscedet
1323 2079 1352 2117 a
1403 2065 1565 2118 domo
1599 2061 1718 2130 ejus
1751 2064 1833 2118 ira
1866 2075 1924 2118 et
1951 2066 2122 2119 tribu-

529 2157 806 2224 latio,qua:
829 2171 922 2224 per
946 2155 1194 2210 homines
1212 2154 1600 2224 daemonesque
1617 2171 1646 2207 a
1672 2155 1781 2210 Deo
1809 2155 2115 2210 immittun-

531 2263 618 2306 tur
653 2251 916 2305 adversus
944 2249 1093 2302 illum
1135 2247 1228 2317 qui
1268 2247 1410 2301 mala
1441 2263 1540 2316 pro
1569 2247 1726 2303 bonis
1768 2247 2002 2303 reddidit
2024 2247 2121 2304 be-

531 2344 707 2398 neﬁco
730 2343 836 2397 sibi
873 2341 1100 2395 homini.
1123 2370 1194 2379 --
1223 2339 1279 2394 Si
1314 2341 1406 2408 qui
1447 2341 1588 2393 mala
1620 2355 1719 2407 pro
1759 2341 1917 2394 malis
1966 2342 2120 2395 retri-

530 2436 665 2500 buit,
703 2443 929 2504 peccat;
963 2442 1175 2502 quanto
1224 2435 1396 2501 magis
1423 2431 1514 2500 qui
1551 2433 1692 2485 mala
1723 2447 1820 2500 pro
1857 2433 2013 2486 bonis
2037 2448 2120 2485 rc-

531 2536 874 2588 muneratur,
930 2535 1196 2595 peccator
1220 2524 1341 2578 est?
1373 2522 1521 2578 Talis
1571 2523 1673 2577 fuit
1710 2525 1760 2577 in
1790 2525 2010 2578 deserto
2053 2524 2120 2576 ls-

531 2617 681 2682 rael;
725 2617 810 2670 cui
853 2616 1067 2686 Moyses
1117 2616 1170 2668 in
1209 2615 1634 2668 Deuteronomio
1682 2616 1865 2667 aiebat
1900 2633 1912 2666 :
1952 2614 2118 2668 Gene-

529 2710 668 2762 ratio
712 2724 876 2776 prava
916 2720 1072 2778 atque
1108 2723 1376 2776 perversa.
1410 2707 1636 2762 lia'cciue
1668 2707 1893 2760 Domino
1936 2708 2116 2759 reddi-

533 2805 601 2856 tis
622 2803 670 2834 ⁸⁵
693 2802 716 2855 ?

608 2895 656 2926 “
688 2893 802 2948 lloc
830 2895 949 2948 loco
976 2893 1190 2947 initium
1211 2894 1344 2946 dieit
1370 2895 1675 2947 scientiam.
1697 2889 1911 2944 iustitia
1935 2900 2115 2944 autem

538 2987 902 3055 subsequitur
953 2985 1280 3050 scientiam;
1323 3001 1557 3053 namque
1589 3000 1656 3037 ex
1697 2987 1924 3040 scientia
1954 2984 2117 3053 gigni-

526 3093 615 3133 tur
666 3076 904 3146 justitia.
962 3077 1209 3147 Egestas,
1246 3089 1330 3130 est
1379 3076 1688 3146 ignorantia
1745 3091 1760 3128 :
1815 3077 2014 3129 seditio
2061 3082 2118 3128 et

527 3172 664 3234 rixa,
707 3169 886 3222 omnis
917 3168 1201 3238 iniquitas.
1230 3166 1422 3220 Anteit
1469 3167 1792 3234 ignorantia:
1829 3165 2112 3233 iniquitas.
2142 3157 2185 3215 C

523 3263 637 3314 Cur
668 3273 803 3314 vero
832 3272 1100 3328 pauperes
1136 3273 1328 3312 rursus
1368 3255 1677 3325 vituperat?
1705 3255 1929 3308 Scilicet
1963 3263 2022 3307 ut
2047 3254 2117 3309 ab

525 3353 810 3406 otiositate
841 3366 942 3404 nos
965 3351 1226 3406 abducat.
1262 3349 1378 3402 Non
1409 3350 1587 3403 oritur
1615 3363 1680 3401 ex
1719 3347 1988 3401 electione
2024 3363 2118 3416 po—

529 3449 720 3492 testas.
759 3439 913 3503 Quod
962 3438 1008 3492 si
1066 3437 1203 3491 velis
1237 3453 1363 3490 cum
1410 3435 1607 3490 ﬁducia
1639 3436 1915 3498 incedere,
1939 3435 2119 3504 justus

528 3541 671 3585 esto.
721 3528 990 3584 Praecedit
1033 3537 1335 3596 egestatem
1384 3528 1580 3582 seditio
1623 3535 1684 3582 et
1731 3527 1884 3593 rixa;
1927 3541 2120 3595 neniae

529 3623 750 3692 injuslis
779 3624 1040 3693 praecedit
1067 3624 1286 3676 virtutis
1319 3624 1524 3692 inopia.

584 3717 652 3748 "7
683 3717 898 3772 Similis
923 3726 1008 3770 est
1039 3718 1165 3770 huic
1195 3716 1286 3784 qui
1321 3717 1455 3770 dicit
1487 3729 1736 3769 amarum
1773 3727 1895 3768 esse
1939 3713 2120 3774 dulce,

532 3818 589 3864 et
623 3808 780 3864 dulce
811 3823 1059 3862 amarum
1088 3847 1105 3868 .
1141 3815 1198 3860 et
1229 3807 1319 3876 qui
1350 3806 1528 3860 lucem
1559 3805 1796 3876 appellat
1838 3805 2115 3869 tenebras,

534 3900 888 3969 vicissimque
920 3898 1175 3956 tenebras
1208 3898 1410 3954 lucem.

2225 1885 2524 1956 Κυρίου.-
2539 1885 2612 1937 Τὸ
2637 1887 2701 1938 ἐκ
2729 1885 2830 1954 τῆς
2857 1885 2959 1954 γῆς
2988 1883 3140 1953 παρά
3171 1884 3377 1954 Κυρίου
3405 1884 3641 1938 πλασθὲν
3679 1887 3811 1954 ἡμῖν

2226 1976 2404 2046 σῶμα,
2431 1971 2576 2028 οἷκον
2597 1975 2832 2028 ἐνταῦθά
2859 1991 3011 2044 φησι·
3033 1975 3094 2027 τὸ
3117 1975 3196 2037 δὲ,
3216 1975 3276 2026 οὑ
3307 1975 3811 2045 κινηθήσεται,ἀντ¹ι

2223 2069 2337 2132 τοῦ,
2376 2069 2477 2122 οὑκ
2524 2069 2868 2138 ἀναχωρήσει
2903 2068 2968 2119 ἐκ
3006 2065 3101 2118 τοῦ
3145 2067 3295 2118 οἴκου
3329 2066 3495 2118 αὑτοῦ
3530 2068 3666 2138 ὀργὴ
3718 2069 3810 2120 καὶ

2223 2161 2420 2230 θλίψις,
2453 2161 2542 2214 διά
2576 2177 2634 2213 τε
2671 2159 2979 2230 ἀνθρώπων
2997 2159 3093 2212 καὶ
3117 2157 3389 2227 δαιμόνων
3413 2158 3809 2229 ἐκπεμπόμενα

2221 2252 2374 2323 παρά
2396 2252 2624 2322 Κυρίου,
2650 2251 2793 2304 κατά
2822 2250 2916 2302 τοῦ
2950 2251 3069 2304 ἀντὶ¹
3093 2248 3313 2317 ἀγαθῶν
3333 2248 3478 2302 κακά
3501 2248 3808 2303 ἀποδὼσαν-

2221 2362 2311 2408 τος
2341 2343 2420 2414 τῷ
2443 2343 2756 2413 ἀγαθοποιῷ
2779 2341 2945 2395 αὑτοῦ
2980 2342 3275 2414 ἀνθρώπῳ.
3290 2373 3358 2381 -
3381 2342 3444 2392 Ei
3466 2341 3495 2392 6
3525 2341 3671 2395 κακὰ
3691 2342 3811 2394 ἀντὶ

2222 2437 2408 2490 κακῶν
2426 2436 2706 2499 ἀποδιδοὺς
2735 2435 3073 2506 παράνομος,
3093 2435 3243 2501 πόσῳ
3270 2433 3471 2503 μᾶλλον
3488 2436 3516 2488 6
3532 2433 3680 2486 κακά
3691 2435 3810 2487 ἀντὶ

2221 2527 2440 2596 ἀγαθῶν
2450 2526 2734 2590 ἀποδιδοὺς
2752 2524 3114 2596 παρανομώτε
3121 2542 3212 2596 ρος
3229 2541 3244 2589 ;
3261 2525 3584 2589 Τοιοῦτοςδὲ
3595 2527 3810 2593 ἐγένετο

2220 2619 2361 2673 κατὰ
2376 2619 2474 2690 τὴν
2501 2618 2705 2690 ἔρημον
2723 2620 2752 2670 6
2785 2617 3020 2688 Ἰσραήλ·
3049 2617 3185 2687 πρὸς
3206 2616 3264 2669 ὃν
3281 2617 3561 2687 ὁΜωῦσῆς
3581 2617 3629 2649 ⁵⁸
3651 2620 3708 2670 ἐν
3732 2618 3809 2688 τῷ

2219 2712 2623 2784 Δευτερονομίῳ
2654 2709 2806 2781 φησί·
2845 2710 3035 2764 Γενεὰ
3062 2710 3281 2762 σκολιὰ
3304 2710 3402 2762 καί
3425 2709 3806 2780 διεστραμμέ-

2217 2823 2316 2871 νη,
2344 2804 2532 2857 ταῦτα
2561 2803 2755 2870 Κυρίῳ
2784 2801 3257 2862 ἀνταποδίὸοτε;

2304 2895 2564 2948 Ἐνταῦθα
2592 2893 2787 2965 ἀρχὴν,
2817 2894 2918 2965 τὴν
2961 2893 3165 2961 γνῶσίν
3194 2909 3348 2963 φησι·
3386 2891 3699 2964 δικαιοσύνη
3750 2893 3806 2946 δὲ

2217 2988 2411 3040 ἕπεται
2432 2990 2498 3057 τῇ
2529 2985 2747 3054 γνώσει·
2790 2987 2854 3039 ὲκ
2879 2987 2989 3058 γὰρ
3018 2987 3118 3057 τῆς
3148 2985 3401 3054 γνώσεως
3432 2987 3464 3056 ή
3491 2985 3804 3057 δικαιοσύνη

2218 3079 2480 3132 τίκτεται·
2515 3079 2691 3132 ἔνδεια
2725 3078 2781 3131 δέ
2805 3079 2922 3130 ἐστι
2950 3077 3162 3145 ἄγνοια·
3197 3079 3386 3141 στάσις
3416 3078 3474 3131 δὲ
3503 3079 3597 3131 καὶ
3630 3079 3804 3149 μάχη,

2220 3171 2372 3223 πᾶσα
2395 3170 2581 3224 κακία·
2609 3171 2932 3240 προηγεῖται
2957 3168 3013 3222 δὲ
3035 3169 3133 3239 τῆς
3159 3169 3403 3236 ἀγνοίας,
3436 3170 3469 3239 ή
3494 3169 3682 3224 κακία.
3715 3170 3808 3222 Τί-

2221 3279 2311 3324 νος
2339 3260 2526 3313 ἓνεκεν
2558 3260 2721 3313 πάλιν
2758 3259 2868 3312 τῶν
2901 3261 3146 3331 πενήτων
3186 3263 3514 3332 κατηγορεί;
3553 3259 3806 3328 Ἀπάγων

2220 3350 2367 3420 ήμᾶς
2409 3350 2627 3420 ἀργίας·
2669 3350 2771 3402 οὑκ
2813 3351 2924 3419 ἄρα
2970 3349 3080 3403 ἀπὸ
3120 3350 3454 3420 χειροτονίας
3488 3351 3522 3420 ἡ
3563 3348 3801 3416 ἐξουσία·

2220 3441 2425 3493 ὥστεεί
2450 3440 2627 3510 βούλει
2658 3440 2797 3510 μετά
2828 3441 3139 3512 παρρησίας
3173 3441 3428 3511 βαδίζειν,
3455 3441 3663 3504 δίκαιος
3694 3440 3805 3493 ἔσο·

2221 3533 2545 3601 προηγεῖται
2576 3529 2632 3582 δὲ
2655 3531 2754 3601 τῆς
2775 3531 2981 3594 ἐνδείας
3012 3531 3198 3594 στάσις
3233 3533 3327 3585 καὶ
3353 3532 3525 3604 μάχη,
3553 3532 3672 3602 ήτοι
3694 3534 3806 3595 τοῖς

2219 3621 2499 3675 ἀδικοῦσιν
2527 3621 2704 3675 ἔνδεια
2735 3623 2957 3694 ἀρετῆς.

2293 3713 2518 3782 Ὅμοιός
2548 3715 2664 3765 ἐστι
2708 3713 2880 3783 τούτῳ
2913 3714 2942 3765 ὁ
2969 3713 3143 3781 λέγων
3175 3713 3236 3767 τὸ
3268 3713 3462 3785 πικρὸν
3486 3713 3678 3782 γλυκὺ,
3715 3713 3808 3772 καί

2219 3803 2283 3856 τὸ
2312 3803 2485 3871 γλυκὺ
2510 3803 2705 3876 πικρόν
2724 3822 2739 3833 ·
2776 3805 2870 3857 καὶ
2895 3804 2958 3857 τὸ
2987 3806 3088 3876 μὲν
3120 3805 3256 3875 φῶς,
3281 3805 3564 3876 ὀνομάζων
3593 3805 3806 3869 σκότος,

2215 3895 2282 3949 τὸ
2309 3896 2363 3949 δὲ
2407 3895 2619 3959 σκότος,
2650 3896 2786 3965 φῶς.

609 3991 655 4022 ⁸⁸
694 3989 837 4060 Opes
875 4006 1021 4045 nunc
1058 3991 1378 4058 sapientiam
1413 3996 1468 4043 et
1512 3989 1604 4044 Dei
1639 3989 1920 4044 scientiam
1953 3986 2107 4042 dicit.

2287 3990 2561 4060 Χρήματα
2587 3989 2820 4043 ἐνταῦθα
2856 3990 2956 4062 τὴν
2989 3990 3178 4059 σοφίαν
3206 3989 3301 4042 καὶ
3327 3988 3426 4059 τὴν
3468 3987 3669 4055 γνῶσίν
3697 4004 3804 4057 φη-

540 4083 756 4138 Vcsano
795 4092 974 4136 autem
1015 4098 1114 4136 cur
1161 4082 1254 4135 liat
1291 4081 1572 4152 sapientia:
1603 4090 1656 4136 ct
1691 4080 1887 4134 divina:
1933 4079 2111 4133 scien-

2221 4098 2344 4134 σιν·
2375 4081 2568 4151 ἄφρονι
2599 4081 2690 4145 δὲ,
2747 4082 2835 4135 ἴνα
2875 4081 2927 4135 τί
2972 4080 3210 4153 ὑπῆρξεν
3257 4083 3289 4150 ή
3335 4080 3434 4149 τῆς
3477 4077 3669 4147 σοφίας
3713 4078 3808 4129 καὶ

536 4175 626 4227 tiae
681 4170 1091 4240 magisterium?
1138 4169 1273 4225 Nam
1326 4173 1469 4226 sicut
1523 4170 1639 4227 ﬁeri
1701 4169 1889 4240 nequit
1938 4179 2000 4223 ut
2054 4169 2108 4221 in

2221 4173 2470 4243 γνώσεως
2505 4174 2778 4245 μάθησις;
2809 4174 2885 4237 ὡς
2919 4173 3029 4244 γὰρ
3058 4172 3304 4243 ἄμπελον
3336 4170 3598 4224 ἀδύνατον
3629 4171 3687 4221 ὲν
3718 4168 3808 4222 θα-

528 4264 665 4318 mari
701 4263 776 4319 sit
815 4263 962 4331 vitis,
992 4263 1067 4317 ita
1100 4263 1152 4317 in
1179 4263 1367 4317 stultis
1390 4264 1659 4331 sapientia
1690 4265 1926 4317 fructum
1952 4265 2120 4317 virtu-

2221 4267 2392 4340 λάσσῃ
2433 4268 2718 4337 γενέσθαι,
2747 4267 2920 4330 οὕτως
2967 4269 3025 4320 ὲν
3074 4267 3304 4336 ἄφροσιν
3347 4266 3381 4335 ή
3416 4261 3576 4332 σοφία
3603 4262 3800 4333 ἀρετὴν

527 4357 598 4412 tis
656 4356 908 4428 proferre
960 4356 1177 4425 nequit.
1244 4356 1385 4408 Sunt
1440 4356 1587 4408 enim
1642 4356 1829 4408 vesani
1883 4355 2119 4408 hominis

2221 4361 2648 4432 καρπώσασθαι·
2679 4363 2938 4432 χρήματα
2961 4359 3069 4430 γὰρ
3112 4357 3344 4429 ἄφρονός
3370 4358 3540 4421 ἐστιν,
3578 4357 3636 4408 ai.
3671 4355 3801 4425 περὶ

524 4461 682 4516 opes,
713 4448 767 4501 in
809 4447 1047 4516 singulis
1076 4446 1310 4516 negotiis
1337 4444 1457 4512 ejus
1493 4445 1845 4499 stoliditates.
1883 4443 1985 4497 l’er
2022 4444 2118 4496 has

2221 4453 2340 4507 καθ’
2365 4454 2569 4506 ἕκαστα
2594 4453 2758 4506 αὑτοῦ
2793 4452 3094 4521 πράγματα
3121 4449 3421 4521 ἀφροσύναι
3440 4466 3453 4478 ·
3486 4448 3575 4502 διὰ
3603 4447 3803 4507 ταύτας

523 4539 734 4610 quippe
766 4539 944 4594 factus
973 4553 1193 4604 excors,
1237 4537 1518 4606 possidere
1551 4537 1876 4606 sapientiam
1906 4537 2115 4604 nequit.

2225 4548 2334 4618 γὰρ
2359 4547 2453 4600 καὶ
2488 4547 2743 4617 ἀκάρδιος
2765 4544 3026 4614 γεγονὼς,
3055 4542 3360 4613 κτήσασθαι
3391 4541 3584 4610 σοφίαν
3610 4541 3804 4594 ἀδυνα-

525 4660 596 4670 -
627 4631 676 4663 ⁸⁹
703 4631 759 4685 ln
789 4633 935 4685 omni
969 4631 1187 4700 negotio
1243 4629 1496 4698 quisquis
1543 4643 1604 4683 se
1655 4628 1896 4692 extollit,
1944 4627 2121 4680 humi-

2223 4642 2325 4697 τεῖ.
2345 4639 2516 4691 -Ἑν
2549 4638 2712 4692 παντὶ
2746 4636 3070 4707 πράγματι,
3105 4636 3210 4698 πᾶς
3239 4635 3266 4687 6
3295 4633 3444 4702 ὑψῶν
3487 4632 3678 4685 ἑαυτὸν
3712 4649 3805 4684 τα-

528 4723 806 4789 liabitur;
849 4725 975 4793 quia
1020 4723 1163 4779 Deus
1209 4724 1460 4794 superbis
1496 4722 1728 4778 resistit.
1763 4721 1864 4788 Qui
1902 4720 2118 4788 oblique

2221 4730 2637 4801 πεινωθήσεται·
2667 4729 2747 4782 ὅτι
2769 4730 2974 4800 Κύριος
3002 4726 3374 4797 ὑπερηφάνοις
3401 4723 3801 4777 ἀντιτάσσεται·

526 4816 731 4880 quazrit
786 4828 874 4869 res
927 4814 1142 4871 divinas
1194 4815 1431 4879 discere,
1487 4813 1632 4870 malo
1677 4814 1885 4883 judicio
1943 4812 2121 4882 prola-

2221 4825 2248 4876 6
2277 4824 2334 4876 δὲ
2368 4821 2665 4887 σκολιάζων
2709 4821 2802 4874 τοῦ
2834 4821 3021 4892 μαθεῖν
3066 4821 3133 4874 τὰ
3176 4820 3480 4890 πράγματα
3523 4816 3616 4868 τοῦ
3645 4814 3804 4880 Θεοῦ,

525 4907 591 4957 he
605 4911 720 4958 tur.
2217 4915 2538 4984 ἐμπεσεῖται
2575 4915 2653 4976 εἰς
2686 4912 2831 4965 κακὰ
2861 4912 2989 4982 περὶ
3016 4910 3113 4981 τὴν
3149 4909 3347 4980 κρίσιν.

599 4995 646 5027 ⁸⁸
695 4995 945 5052 Amicum
1007 4998 1096 5052 hic
1139 4997 1276 5052 dicit
1337 4994 1673 5058 Christum,
1729 4995 1824 5062 qui
1900 5002 2121 5063 propter

2299 5002 2560 5056 Ἐνταῦθα
2587 5002 2736 5070 φίλον
2765 5001 2856 5054 τὸν
2876 5001 3111 5072 Χριστόν
3137 5016 3323 5069 φησιν,
3350 4998 3409 5062 ὃς
3430 4997 3517 5050 διὰ
3539 4995 3639 5066 τὴν
3666 4992 3802 5064 πρὸς

529 5104 684 5142 suam
733 5103 858 5160 erga
898 5091 1172 5145 hominem
1229 5088 1532 5142 amicitiam
1577 5087 1755 5140 factus
1806 5096 1892 5140 est
1939 5087 2120 5139 homo.

2221 5094 2497 5165 ἄνθρωπον
2511 5093 2712 5162 φιλίαν,
2730 5092 3011 5166 ἄνθρωπος
3034 5093 3278 5160 γέγονεν.
3302 5089 3512 5143 Οὐκέτι
3526 5088 3635 5158 γὰρ
3651 5085 3806 5152 λέγω

536 5179 660 5234 Non
689 5181 986 5248 jamservos
1001 5199 1088 5236 vos
1115 5183 1260 5246 dico,
1281 5183 1358 5234 ait
1377 5181 1685 5248 discipulis,
1719 5180 1808 5233 sed
1833 5180 2032 5232 amicos
2051 5179 2120 5231 ⁶¹.

2221 5186 2370 5254 ὑμᾶς
2385 5185 2667 5251 δούλους,
2697 5180 2849 5238 εἶπεν
2871 5187 2983 5247 τοῖς
3020 5183 3288 5254 μαθηταῖς
3307 5222 3321 5245 ,
3347 5179 3507 5234 ἀλλὰ
3522 5179 3760 5248 φίλους·
3789 5192 3800 5204 ·

529 5272 691 5326 Omni
737 5285 883 5328 certe
918 5285 1158 5344 tempore
1195 5275 1449 5331 Christus
1484 5275 1581 5327 tibi
1616 5272 1826 5327 amicus
1863 5275 1957 5325 sit.
1993 5273 2112 5325 Filii

2221 5279 2271 5330 ὲν
2303 5278 2462 5330 παντὶ
2492 5277 2548 5329 δὲ
2578 5277 2752 5347 καιρῷ
2777 5280 2805 5330 6
2831 5277 3064 5349 Χριστὸς
3097 5273 3487 5344 συνυπαρχέτω
3515 5287 3595 5322 σοι
3627 5268 3778 5337 φίλος

531 5381 660 5420 vero
695 5366 898 5420 Christi
973 5367 1208 5422 invicem
1249 5376 1377 5420 sunt
1417 5364 1623 5420 amici:
1683 5364 1859 5433 angeli
1904 5365 2114 5417 scilicet

2221 5371 2260 5421 εἰ
2292 5370 2348 5422 δὲ
2372 5371 2421 5424 οἱ
2451 5369 2545 5423 τοῦ
2578 5369 2812 5440 Χριστοῦ
2849 5370 2974 5430 υἱοὶ,
3010 5368 3254 5438 ἀλλήλων
3288 5367 3393 5418 εἰσὶ
3427 5364 3590 5433 φίλοι·
3629 5362 3677 5413 oi
3709 5359 3806 5424 ἀγ-

529 5467 584 5508 et
615 5455 746 5524 justi
781 5457 1046 5525 homines,
1077 5469 1261 5513 mutuo
1289 5467 1417 5512 sunt
1441 5457 1666 5520 fratres,
1709 5453 1922 5524 Spiritu
1971 5455 2104 5509 adt»-

2221 5462 2356 5530 γελοι
2391 5463 2483 5516 καὶ
2509 5463 2556 5514 οἱ
2587 5462 2784 5515 δίκαιοι
2832 5462 3106 5531 ἄνθρωποι
3135 5501 3149 5524 ,
3187 5457 3432 5527 ἀλλήλων
3464 5455 3605 5509 εἰσὶν
3651 5450 3803 5506 ἀδελ-

3175 5647 3217 5676 ⁵⁷
3250 5645 3418 5700 v.15.
3537 5641 3581 5673 ⁵⁸
3623 5655 3674 5694 ν.
3718 5638 3801 5691 16.

642 5643 687 5674 ⁸³
716 5643 911 5709 Ephcs.
938 5659 999 5707 tt,
1026 5642 1218 5698 19.20.
1260 5640 1304 5671 ⁸³
1335 5654 1386 5690 v.
1413 5638 1497 5694 l3.
1541 5641 1588 5672 ⁵⁸
1618 5640 1740 5698 cod.
1786 5638 2008 5711 Ἰησοῦς.
2110 5647 2121 5678 ε

2221 5651 2344 5702 icui.
2375 5664 2542 5711 xxxii,
2575 5648 2625 5711 :‘i,
2657 5649 2710 5701 6.
2815 5648 2860 5679 ⁵⁸
2893 5664 2942 5702 v.
2982 5647 3065 5703 ll.

2110 5647 2155 5678 ⁵⁵
2191 5646 2344 5702 Dcut.
2375 5664 2542 5714 xxvii,
2575 5648 2625 5715 :‘i,
2657 5649 2710 5701 6.

539 5713 582 5743 "
611 5731 656 5768 ν.
696 5716 775 5768 lti.
855 5715 899 5746 ⁶⁰
929 5730 976 5770 v.
1008 5716 1090 5769 l7.
1141 5713 1357 5769 “'Joan.
1392 5729 1477 5779 xv,
1519 5711 1604 5768 l5.
