4172 6390
378 241 479 301 Ξοι

1542 232 1906 291 EXPOSITIO
1946 231 2011 286 IN
2049 228 2466 287 PROVERBIA.

3528 219 3636 273 202

377 364 492 433 φοί,
522 361 603 433 τῷ
634 362 733 433 τῆς
761 359 1033 424 υἱοθεσίας
1077 358 1403 428 γεννώμενοι
1438 355 1708 426 πνεύματι
1726 371 1741 385 ο
1769 352 1960 406 τούτου

2086 349 2263 403 ιιίοηίε
2287 346 2475 418 geniti.
2508 343 2661 400 Hanc
2690 343 2837 400 enim
2860 344 2930 399 ob
2958 354 3183 398 causam
3210 335 3387 410 angeli
3428 352 3496 393 ex
3542 352 3636 392 sa-

377 430 489 525 γάρ
519 430 678 524 χάριν
692 430 800 506 ’καὶ
829 449 1121 520 γεννῶνται
1145 448 1249 500 ὑπὸ
1270 447 1367 517 τῆς
1402 445 1613 513 σοφίας,
1641 445 1729 497 ἵνα
1758 439 1961 513 ἀνθρώ-

2086 441 2261 495 »ἰειιιίο
2302 439 2619 509 gignuntur,
2650 445 2710 491 ut
2739 437 2849 493 sint
2882 432 3197 489 hominibus
3223 432 3392 487 duces
3426 446 3456 485 a
3497 430 3634 484 vitio

378 562 515 611 πους
546 546 883 616 όδηγήσωσιν
933 541 1041 596 ἀπὸ
1072 539 1270 603 κακίας
1318 540 1397 602 είς
1443 537 1643 609 ἀρετὴν
1669 577 1683 600 ,
1712 534 1807 590 καὶ⁵
1851 531 1962 589 ἀπὸ

381 636 653 707 ἀγνωσίας
682 638 762 700 είς
788 634 1083 703 ἐπίγνωσιν
1112 632 1267 685 Θεοῦ.

452 720 621 791 Οὗτός
653 730 800 781 ἐστιν
825 724 1210 797 εὐμετάϐολος,
1237 726 1265 777 ὁ
1289 722 1485 795 ῥᾳδίως
1516 722 1624 775 ἀπὸ
1645 720 1844 792 ἀρετῆς
1869 717 1963 771 ἐπὶ

385 821 583 875 κακίαν
602 818 1089 891 μεταϐαλλόμενος,
1113 818 1227 880 τοῖς
1260 816 1515 886 πονηροῖς
1529 812 1810 882 λογισμοῖς
1836 827 1963 863 συν-

387 910 672 983 απαχθείς.

458 1001 676 1071 Πατέρα
707 997 941 1052 ἐνταῦθα
972 997 1065 1051 τὸν
1096 996 1230 1050 Θεόν
1262 1012 1396 1067 φησι
1420 1011 1435 1026 ο
1468 994 1698 1066 μητέρα,
1730 993 1829 1064 τὴν
1880 1010 1967 1062 φι-

386 1091 731 1164 λανθρωπίαν
760 1089 925 1145 αὐτοῦ
951 1107 965 1121 ⁸
1011 1089 1047 1160 ἢ
1080 1089 1175 1143 καὶ
1213 1087 1510 1159 πεποίηκεν
1542 1085 1705 1138 αὑτὸν
1750 1100 1967 1156 σαρκω-

390 1184 549 1255 θῆναι
574 1225 588 1249 ,
617 1185 711 1237 καὶ
755 1184 904 1253 πάθη
934 1182 1222 1253 ὑπομεῖναι
1268 1180 1336 1233 δι’
1366 1180 1514 1250 ἡμᾶς
1533 1193 1546 1208 ⁸
1582 1179 1611 1230 6
1639 1177 1695 1229 δὲ
1719 1177 1853 1239 Θεὸς
1875 1175 1970 1229 καὶ

390 1276 579 1347 Πατὴρ
604 1275 779 1347 ἡμῶν,
806 1276 907 1328 οὐκ
946 1271 1421 1344 εὐφραίνεταιὲπὶ
1470 1268 1572 1339 υίῷ
1609 1266 1969 1338 υἱοθετηθέντι

394 1368 492 1440 μὲν
516 1407 530 1432 ,
563 1367 637 1439 μὴ
670 1366 1084 1436 πεπαιδευμένῳ
1125 1364 1182 1418 δὲ
1224 1362 1323 1434 τὴν
1361 1360 1457 1415 τοῦ
1487 1358 1622 1414 Θεοῦ
1657 1359 1848 1429 σοφίαν
1877 1359 1971 1413 καὶ¹

392 1459 624 1528 γνῶσιν,
667 1458 803 1511 ἀλλὰ
854 1456 1022 1527 κακίᾳ
1064 1455 1160 1509 καὶ
1202 1454 1437 1526 πονηρίᾳ
1486 1450 1675 1505 ἑαυτὸν
1723 1449 1930 1503 ὲκδὸντι
1954 1464 1968 1478 ·

393 1549 508 1612 υίὸς
531 1547 586 1601 δὲ
613 1547 875 1617 φρόνιμος
920 1545 1201 1618 εὐφραίνει
1244 1543 1344 1612 τὴν
1392 1540 1606 1613 μητέρα
1634 1538 1799 1593 αὐτοῦ
1826 1580 1840 1604 ,
1873 1538 1971 1608 τὴν

393 1639 486 1693 τοῦ
511 1639 647 1692 Θεοῦ
692 1636 1130 1709 φιλανθρωπίαν’
1163 1635 1198 1705 ἢ
1239 1635 1332 1688 καὶ
1362 1632 1629 1705 προσάγει
1655 1632 1801 1702 ἡμᾶς
1825 1627 1973 1699 αὐτῷ

393 1732 472 1803 τῷ
492 1730 610 1802 Θεῷ
636 1694 730 1785 καὶ
761 1694 952 1802 [Ia-cpt,
981 1729 1057 1792 ὡς
1085 1694 1234 1791 υίοῦς
1260 1694 1853 1795 ἀπογαλακτισθέντας,
1879 1694 1974 1776 καὶ
2005 1694 2047 1749 Β

394 1824 494 1894 τῆς
545 1824 919 1894 πνευματικῆς
987 1822 1215 1892 στερεᾶς
1258 1820 1463 1892 τροφῆς
1509 1817 1864 1889 ἐφιεμένους·
1906 1816 1971 1869 ἵν’

395 1914 474 1978 ὡς
503 1914 623 1968 καθ’
651 1914 941 1985 ὁμοιότητα
970 1913 1193 1980 ἀδελφὸς
1222 1913 1353 1982 ἡμῖν
1384 1908 1625 1981 γεγονὼς
1665 1911 1695 1963 6
1727 1908 1855 1972 Υίδς
1886 1908 1979 1960 αὐ-

394 2006 489 2059 τοῦ
517 2005 724 2077 Ἰησοῦς
740 2006 992 2078 Χριστὸς,
1012 2004 1184 2067 οὕτως
1207 2004 1303 2059 καὶ
1323 2006 1484 2075 ἡμεῖς
1502 2002 1694 2075 πράξει
1719 2003 1813 2055 καὶ
1834 2000 1977 2071 λόγῳ

397 2096 824 2167 πολιτευώμεθαο
861 2095 975 2149 ἐστι
993 2095 1049 2148 δὲ
1077 2096 1259 2167 μήτηρ
1286 2095 1443 2166 ήμῶν
1483 2095 1578 2148 καὶ
1595 2095 1630 2165 ή
1662 2091 1977 2163 Ἐκκλησία,

397 2187 466 2258 ἣν
498 2186 575 2257 τῷ
600 2185 877 2257 Πνεύματι
907 2185 986 2257 τῷ
1028 2187 1168 2257 ἁγίῳ
1212 2183 1392 2257 ἑαυτῷ
1419 2187 1448 2239 ὀ
1487 2183 1621 2247 Θεδς
1646 2182 1743 2237 καὶ
1786 2182 1978 2254 Πατὴρ

397 2279 678 2349 ἡρμόσατο
705 2279 783 2341 είς
805 2278 1039 2346 γυναῖκα
1061 2294 1075 2310 ’
1104 2277 1281 2331 τίκτει
1311 2275 1420 2348 γὰρ
1441 2275 1529 2330 ἀεὶ
1558 2274 1627 2329 δι’
1651 2276 1821 2346 αὐτῆς
1851 2276 1980 2328 ἐαυ-

399 2369 479 2438 τῷ
504 2368 652 2431 υἱοὺς
690 2368 785 2422 καὶ
815 2369 1115 2440 θυγατέρας
1133 2385 1148 2400 °
1180 2368 1275 2423 καὶ
1300 2368 1393 2421 ὲπὶ
1428 2366 1526 2439 μὲν
1548 2367 1661 2430 τοῖς
1685 2367 1980 2420 πεπαιδευ-

405 2460 587 2530 μένοις
612 2458 709 2530 τὴν
742 2458 835 2513 τοῦ
865 2458 1000 2512 Θεοῦ
1029 2458 1229 2527 γνῶσιν
1257 2457 1353 2511 καὶ
1380 2456 1597 2527 σοφίαν,
1627 2454 1982 2527 εὐφραίνεται

406 2552 497 2604 καὶ
528 2553 558 2604 6
600 2550 789 2622 Πατὴρ
832 2551 987 2622 ήμῶν
1018 2550 1172 2616 Θεὸς,
1199 2549 1294 2604 καὶ
1313 2549 1348 2621 ἠ
1381 2549 1563 2622 μήτηρ
1594 2549 1629 2619 ἡ
1665 2546 1979 2618 Ἐκκλησία’

404 2644 499 2697 ἐπὶ
521 2644 579 2697 δὲ
600 2646 713 2707 τοῖς
740 2642 1105 2707 ἀπαιδεύτοις,
1129 2643 1268 2697 πάνυ
1302 2641 1399 2713 μὲν
1428 2640 1652 2713 κήδεται
1679 2639 1775 2694 καὶΙ
1806 2638 1988 2693 λυπεῖ-

404 2752 517 2801 ται,
556 2736 633 2799 ὡς
664 2735 737 2807 μὴ
769 2733 1029 2789 θελόντων
1058 2733 1213 2805 ἡμῶν
1242 2734 1564 2807 ἐπιπρέψαι
1597 2733 1692 2787 καὶ
1724 2732 1986 2803 σωθῆναι,

405 2828 542 2882 ἀλλὰ
567 2831 634 2899 τῇ
662 2828 832 2898 κακίᾳ
856 2829 1205 2900 προσμένειν.

479 2919 776 2991 Πρόσωπον
805 2918 1039 2974 ἐνταῦθα
1069 2917 1167 2989 τὴν
1195 2916 1427 2988 θεωρίαν
1455 2915 1589 2988 φησί
1607 2933 1621 2946 ·
1651 2914 1857 2987 Θεωρία
1878 2913 1987 2986 γὰρ

408 3013 696 3084 νοημάτων
731 3010 951 3065 συνετοῦ
990 3009 1203 3081 ἀνδρὸς,
1232 3008 1395 3078 σοφία
1431 3007 1525 3061 καὶ
1555 3005 1755 3076 γνῶσις
1780 3006 1875 3059 καὶ
1904 3004 1985 3058 δι-

410 3102 670 3172 καιοσύνη
695 3114 709 3130 ·
735 3100 786 3154 οί
815 3100 873 3154 δὲ
899 3098 1074 3170 νοεροῖ⁵
1101 3095 1369 3167 ὀφθαλμοὶ
1391 3094 1486 3148 τοῦ
1513 3093 1748 3165 ἄφρονος
1764 3127 1780 3159 ,
1808 3092 1903 3145 καὶ
1930 3093 1988 3147 ὲν

411 3191 625 3265 σώματι
660 3194 718 3245 ὲν
743 3190 891 3262 ἄκρᾳ
916 3190 1114 3254 κακίας
1139 3188 1234 3242 καὶ
1258 3186 1543 3258 πονηρίας.

498 3369 667 3442 Ὀργὴ
702 3368 782 3440 τῷ
807 3368 1001 3439 ἄφρονι
1034 3363 1133 3436 υίῷ
1174 3362 1326 3437 παρά
1352 3360 1446 3416 τοῦ
1475 3361 1609 3416 Θεοῦ
1644 3361 1737 3414 καὶ
1778 3360 1991 3431 Πατρδς

413 3462 754 3532 ἐκπέμπεται
774 3462 831 3513 ὲν
854 3462 921 3530 τῇ
942 3457 1126 3531 ἡμέρᾳ
1149 3456 1250 3527 τῆς
1273 3454 1508 3526 κρίσεως
1526 3469 1541 3483 ⁸
1574 3454 1642 3523 τῇ
1671 3452 1729 3505 δὲ
1762 3450 1991 3521 Ἐκκλη-

415 3556 508 3628 σίᾳ
528 3556 593 3625 τῇ
625 3550 1000 3623 γεννησαμένη
1028 3549 1107 3622 τῷ
1140 3546 1442 3618 Πνεύματι,
1467 3546 1562 3600 καὶ
1594 3548 1661 3617 τῇ
1688 3542 1796 3598 τῶν
1823 3543 1993 3613 ἁγίων

413 3646 623 3719 χορείᾳ,
650 3643 809 3714 ὀδύνη
841 3643 964 3697 τότε
987 3642 1203 3705 πάντως
1227 3638 1379 3694 ἔσται
1410 3638 1503 3694 ἐπὶ
1529 3640 1595 3710 τῇ
1623 3636 1870 3708 ἀπωλείᾳ
1897 3636 1993 3688 τοῦ

416 3736 647 3805 ἄφρονος
672 3734 809 3788 υἱοῦ·
829 3732 921 3785 καὶ
945 3732 1027 3785 ὄτι
1050 3734 1079 3785 ό
1093 3732 1192 3803 μὲν
1217 3730 1480 3801 φρόνιμος
1493 3727 1609 3790 υἱὸς
1628 3724 1996 3781 καὶτεκοῦσαν

416 3828 529 3898 ἔχει
558 3826 651 3880 καὶ
679 3824 889 3896 μητέρα
907 3838 921 3852 °
948 3825 976 3876 6
996 3823 1053 3876 δὲ
1084 3822 1273 3892 ἄφρων
1302 3821 1470 3892 μόνην
1492 3818 1759 3873 τεκοῦσαν
1779 3833 1792 3846 ⁸
1828 3817 1860 3889 ἠ
1888 3818 1997 3889 γὰρ

420 3922 603 3992 μήτηρ
628 3919 724 3973 καὶ
765 3916 997 3971 τεκοῦσα
1022 3931 1036 3945 ’
1066 3917 1099 3986 ὴ
1134 3913 1193 3966 δὲ
1221 3912 1475 3976 τεκοῦσα,
1501 3912 1565 3966 οὐ
1590 3911 1807 3974 πάντως
1847 3909 1997 3963 ἔσται

420 4012 513 4066 καὶ
544 4012 756 4082 μήτηρ·
792 4008 885 4062 ἐὰν
907 4006 1015 4077 γάρ
1044 4003 1291 4075 ἀποθάνῃ
1317 4003 1377 4056 τὸ
1404 4002 1591 4072 τεχθὲν
1618 4003 1676 4054 ὲν
1707 4000 1875 4069 κακίᾳ
1900 4003 1998 4052 καὶ

419 4102 683 4173 ἀγνωσίᾳ,
710 4099 941 4155 τεκοῦσα
973 4096 1072 4168 μὲν
1103 4096 1242 4160 ἐστι,
1271 4096 1455 4166 μήτηρ
1480 4093 1536 4145 δὲ
1559 4095 1659 4147 οὐκ
1682 4092 1797 4145 ἔστι
1814 4107 1827 4121 ⁸
1862 4090 1997 4144 διότι

424 4195 559 4268 μηδὲ
603 4192 698 4247 τοῦ
748 4193 847 4263 τῆς
896 4189 1168 4253 υἱοθεσίας
1210 4187 1511 4259 μετέσχηκε
1566 4182 1879 4254 Πνεύματος
1935 4182 1999 4235 τὸ

420 4287 610 4358 τεχθέν
634 4302 647 4315 ·
681 4284 942 4348 ὡσαύτως
965 4283 1023 4336 δὲ
1050 4282 1145 4336 καὶ
1182 4280 1276 4333 ὲπὶ
1304 4278 1412 4332 τῶν
1442 4275 1715 4348 αίσθητῶν
1749 4273 1999 4346 μητέρων

2062 529 2129 584 ad
2178 529 2466 593 virtutem,
2500 534 2557 581 et
2599 525 2669 582 ab
2724 525 2938 580 inscitia
2986 524 3054 578 ad
3098 521 3193 576 Dei
3237 520 3630 591 cognitionem.

2135 714 2182 745 ⁶¹
2220 711 2316 767 Ille
2353 719 2439 767 est
2474 708 2752 774 volubilis,
2791 709 2883 776 qui
2924 705 3087 760 facile
3130 719 3158 759 a
3201 704 3404 759 virtute
3444 701 3515 759 ad
3551 701 3637 756 vi-

2066 806 2200 862 tium
2230 804 2490 870 declinat,
2521 802 2679 857 malis
2710 798 3137 872 cogitationibus
3159 797 3491 852 abstractus.

2139 981 2185 1014 ⁸³
2211 981 2429 1036 Patrem
2464 994 2609 1035 nunc
2654 979 2783 1035 dicit
2826 979 2994 1034 Deum
3032 995 3048 1045 ;
3092 987 3344 1045 matrem,
3386 979 3637 1050 benigni-

2070 1082 2238 1131 tatem
2263 1072 2381 1143 ejus
2406 1087 2535 1141 erga
2566 1071 2836 1137 homines,
2868 1085 2989 1141 quae
3010 1079 3064 1126 et
3091 1070 3167 1125 illi
3201 1071 3637 1127 incarnationem

2070 1165 2261 1229 suasit,
2290 1173 2345 1219 et
2376 1177 2475 1232 pro
2508 1162 2664 1217 nobis
2688 1162 2825 1231 pati.
2846 1160 3042 1218 Noster
3070 1170 3250 1217 autem
3282 1162 3445 1217 Pater
3476 1163 3638 1230 Deus,

2071 1272 2178 1312 non
2210 1257 2430 1311 laetatur
2462 1254 2719 1323 ad0ptivo
2750 1252 2885 1320 ﬁlio,
2932 1255 3026 1325 qui
3054 1254 3150 1310 Dei
3178 1255 3505 1325 sapientiam
3552 1268 3639 1312 at-

2070 1363 2178 1419 que
2211 1348 2458 1403 notitiam
2499 1361 2605 1400 non
2637 1345 2710 1401 sit
2740 1345 2988 1413 edoctus,
3017 1348 3113 1402 sed
3142 1348 3401 1417 nequitiae
3439 1358 3497 1404 et
3533 1349 3641 1406 im-

2072 1440 2331 1510 probitati
2377 1438 2620 1494 deditus.
2663 1437 2911 1493 Prudens
2953 1437 3097 1492 ﬁlius
3135 1438 3375 1494 laetificat
3409 1449 3639 1495 matrem

2073 1546 2256 1599 suam,
2309 1531 2362 1586 id
2404 1539 2489 1587 est
2513 1530 2604 1585 Dei
2640 1530 3061 1599 benignitatem.
3096 1527 3195 1585 Vel
3228 1531 3392 1586 etiam
3421 1532 3641 1589 adducit

2075 1639 2175 1680 nos
2205 1625 2273 1679 ad
2303 1624 2470 1680 Deum
2513 1621 2751 1687 Patrem,
2800 1631 2862 1676 ut
2903 1621 3045 1677 ﬁlios
3083 1620 3193 1689 jam
3233 1623 3552 1689 ablactatos,
3588 1635 3645 1680 et

2076 1716 2341 1788 spiritalis
2380 1715 2656 1772 solidioris
2694 1714 2799 1770 cibi
2838 1714 3088 1785 cupidos.
3127 1714 3195 1771 Ut
3225 1714 3295 1770 ob
3328 1716 3645 1771 similitudi-

2075 1822 2198 1862 nem
2231 1806 2403 1861 frater
2432 1815 2618 1861 noster
2648 1804 2893 1869 euectus,
2929 1804 3099 1860 Filius
3128 1805 3246 1875 ejus
3284 1804 3444 1862 Iesus
3477 1806 3644 1861 Chri-

2075 1909 2211 1965 stus,
2243 1898 2321 1953 ita
2350 1906 2406 1953 et
2433 1912 2531 1952 nos
2564 1907 2689 1953 actu
2719 1910 2773 1950 et
2804 1909 3057 1952 sermone
3089 1896 3357 1953 vivamus.
3394 1897 3489 1951 Est
3529 1912 3646 1952 ma-

2080 1998 2164 2046 ter
2218 2000 2406 2046 nostra
2462 1991 2629 2046 etiam
2669 1991 2935 2058 Ecclesia,
3007 2006 3169 2061 quam
3227 2007 3325 2060 per
3381 1990 3644 2062 Spiritum

2078 2092 2324 2138 sanctum
2355 2082 2496 2139 Deus
2523 2082 2687 2140 Pater
2713 2082 2817 2139 sibi
2851 2098 3102 2153 sponsam
3131 2083 3420 2154 c0pulavit.
3461 2084 3649 2155 Gignit

2078 2173 2221 2228 enim
2247 2174 2352 2229 sibi
2391 2188 2491 2245 per
2526 2176 2695 2244 ipsam
2725 2190 2942 2247 semper
2978 2175 3121 2231 ﬁlios
3157 2175 3407 2247 ﬁliasque
3448 2195 3463 2232 :
3497 2187 3553 2233 et
3582 2179 3650 2234 de

2079 2266 2287 2322 edoctis
2336 2266 2429 2323 Dei
2476 2266 2727 2322 notitiam
2770 2277 2935 2338 atque
2984 2268 3312 2337 sapientiam
3337 2269 3524 2325 liberis
3556 2269 3650 2326 la:-

2082 2365 2230 2412 tatur
2279 2367 2434 2425 pater
2473 2368 2658 2413 noster
2707 2359 2847 2413 Deus
2876 2368 3159 2429 materque
3184 2359 3448 2417 Ecclesia.
3478 2362 3547 2416 Et
3582 2363 3652 2418 de

2083 2448 2372 2505 ineruditis
2412 2449 2655 2505 tristatur
2682 2465 3015 2521 magnopere
3046 2467 3109 2508 ac
3138 2452 3305 2519 dolet,
3336 2454 3461 2524 quia
3495 2453 3651 2510 nolu-

2084 2556 2204 2596 mus
2245 2543 2487 2598 converti
2532 2558 2599 2598 ac
2649 2544 2875 2612 salvari,
2925 2546 3022 2602 sed
3068 2545 3124 2600 in
3177 2547 3421 2618 nequitia
3468 2561 3654 2618 perse-

2084 2646 2211 2687 vera
2219 2647 2295 2688 re.

2157 2897 2205 2932 “
2243 2897 2464 2954 Vultum
2513 2901 2617 2958 hoc
2668 2900 2790 2958 loco
2848 2903 2985 2959 dicit
3031 2904 3467 2960 meditationem.
3520 2906 3654 2961 Nam

2090 2990 2374 3047 meditatio
2398 2992 2790 3062 cogitationum
2838 2996 3044 3052 cordati
3077 2997 3201 3061 viri,
3256 2998 3521 3068 sapientia
3548 3010 3652 3062 est.

2091 3088 2253 3151 atque
2294 3083 2542 3153 scientia,
2568 3093 2625 3139 et
2652 3084 2885 3155 justitia.
2927 3085 3329 3143 lnlellectuales
3360 3102 3489 3143 vero
3513 3091 3657 3145 ocnli

2089 3173 2190 3228 viri
2223 3173 2421 3237 insani,
2458 3175 2512 3230 in
2546 3191 2773 3245 corpore
2800 3191 3017 3248 quoque
3041 3194 3307 3234 summam
3336 3179 3539 3236 habent
3573 3197 3662 3237 ne-

2090 3266 2319 3338 quitiam
2347 3278 2402 3323 et
2430 3269 2859 3339 improbitatem.

2164 3357 2210 3390 ⁸⁸
2244 3359 2324 3413 Ira
2354 3360 2408 3413 in
2441 3359 2606 3414 ﬁlium
2639 3360 3033 3432 imprudentem
3077 3376 3107 3417 a
3158 3362 3269 3419 Deo
3296 3363 3459 3420 Patre
3487 3363 3661 3420 eﬁ‘un-

2093 3450 2243 3505 ditur
2277 3451 2328 3505 in
2362 3451 2451 3507 die
2494 3452 2710 3523 judicii.
2758 3452 3014 3510 Ecclesia:
3058 3462 3240 3510 autem
3288 3472 3410 3527 qua:
3454 3457 3659 3527 Spiritu

2096 3541 2327 3611 peperit,
2368 3549 2423 3596 et
2470 3554 2785 3599 sanctorum
2838 3545 3029 3608 coetui,
3075 3545 3230 3602 dolor
3278 3562 3503 3618 prorsus
3557 3550 3665 3603 erit

2095 3642 2318 3704 prapter
2371 3632 2473 3689 ﬁlii
2526 3634 2885 3705 imprudentis
2910 3637 3292 3707 perditionem.
3324 3639 3391 3694 Et
3417 3641 3665 3696 animad-

2095 3732 2273 3787 verte,
2322 3726 2591 3793 quomodo
2651 3728 2886 3797 prudens
2931 3728 3075 3785 ﬁlius
3102 3739 3157 3785 et
3186 3741 3470 3799 parentem
3502 3733 3664 3788 habet

2096 3825 2152 3872 et
2196 3826 2422 3873 matrem
2461 3833 2478 3883 ;
2533 3818 2850 3888 imprudens
2900 3830 3083 3876 autem
3141 3822 3312 3881 solam
3360 3835 3663 3892 parentem.

2097 3906 2232 3963 Nam
2259 3918 2454 3971 mater,
2485 3910 2670 3979 utique
2697 3920 2751 3965 et
2777 3926 2973 3980 parens
3001 3920 3083 3968 est
3108 3930 3124 3981 ;
3163 3916 3259 3971 sed
3292 3930 3397 3971 non
3426 3916 3666 3972 vicissim

2099 4015 2316 4069 parens,
2344 4009 2522 4056 mater
2551 4016 2767 4071 quoque
2805 4013 2910 4058 est.
2946 4003 3080 4059 Nam
3134 4006 3183 4060 si
3223 4008 3316 4077 qui
3348 4017 3535 4074 partus
3564 4006 3670 4061 fuit

2100 4092 2245 4148 ﬁlius
2294 4091 2565 4148 moriatur
2595 4093 2649 4147 in
2683 4095 2923 4163 nequitia
2952 4106 3007 4150 et
3038 4096 3279 4164 inscitia,
3323 4099 3416 4154 illa
3448 4100 3670 4168 quidem

2098 4201 2301 4256 parens
2349 4194 2455 4253 est,
2504 4202 2614 4242 non
2669 4198 2865 4245 mater.
2907 4189 3275 4255 Quamobrem
3320 4206 3388 4246 ne
3434 4191 3672 4261 Spiritus

2101 4277 2321 4345 quidem
2373 4278 2718 4348 adoptionem
2771 4279 3139 4350 participatis
3166 4281 3261 4350 qui
3297 4290 3485 4351 partus
3541 4279 3666 4336 fuit.

423 4378 763 4450 νοηθήσεται,
792 4376 887 4428 καί
911 4375 1004 4427 ἐπὶ
1027 4372 1122 4427 τοῦ
1153 4371 1385 4425 θανάτου
1426 4368 1521 4421 τοῦ
1563 4365 1823 4438 αἰσθητοῦ
1847 4384 1858 4396 ·
1900 4365 1986 4435 rip

2106 4368 2370 4424 Similiter
2397 4378 2452 4424 et
2477 4369 2545 4423 de
2573 4368 2952 4424 materialibus
2974 4369 3184 4425 dicetur
3210 4372 3500 4438 matribus,
3526 4372 3669 4427 etde

423 4470 533 4543 γὰρ
564 4469 773 4541 μητέρα
802 4464 1033 4537 ἐροῦμεν
1059 4464 1153 4518 καὶ
1172 4460 1435 4516 τεκοῦσαν
1454 4474 1472 4491 ο
1492 4459 1674 4513 οὐκέτι
1703 4458 1761 4512 δὲ
1789 4457 2002 4529 μητέρα

424 4561 519 4616 τοῦ
547 4560 735 4623 παιδὸς
760 4556 1143 4620 ἀποθανόντος.

497 4736 816 4809 Πλημμελεί
856 4751 970 4798 τις,
998 4731 1091 4786 τοῦ
1132 4729 1339 4784 δικαίου
1386 4729 1448 4782 τὸ
1478 4728 1686 4781 δίκαιον
1729 4723 2001 4797 ἀφαιρῶν,

426 4828 461 4901 ἢ
512 4825 851 4898 διαστρέφων
894 4820 1057 4877 αὐτοῦ
1107 4821 1242 4893 πρὸς
1295 4818 1506 4873 ἀδικίαν
1549 4818 1677 4881 τοὺς
1730 4814 2001 4888 μαθητὰς,

428 4919 732 4993 ἁμαρτάνει
751 4935 764 4950 ν
796 4916 987 4987 κτῆσιν
1016 4915 1125 4986 γάρ
1153 4912 1351 4975 αὐτοὺς
1380 4910 1542 4982 ἔχων,
1572 4908 1877 4981 ἐζημίωται
1900 4924 1914 4937 ·
1943 4907 2005 4959 οὐ

427 5013 538 5083 γὰρ
570 5008 791 5083 ζητοῦσι
820 5008 888 5063 τὰ
914 5007 1091 5080 ἡμῶν,
1121 5004 1235 5058 ἀλλ’
1268 5006 1447 5076 ἡμᾶς’
1477 5002 1744 5063 δυνάστας
1767 5001 1824 5053 δὲ
1856 5000 2007 5066 λέγει

426 5106 554 5169 τοὺς
581 5106 639 5159 ὲν
668 5100 887 5175 Χριστῷ
920 5098 1321 5172 βασιλεύοντας.

2108 4467 2284 4513 morte
2325 4458 2627 4514 materialis
2676 4458 2773 4514 ﬁlii
2799 4476 2813 4513 :
2838 4474 2963 4513 nam
2998 4468 3230 4515 matrem
3259 4461 3476 4531 quidem
3524 4462 3671 4516 dice-

2107 4564 2230 4603 mus
2265 4549 2432 4605 etiam
2483 4557 2789 4621 parentem,
2825 4565 3168 4622 nequaquam
3221 4561 3401 4608 tamen
3442 4563 3671 4608 matrem

2104 4641 2257 4710 pueri
2298 4643 2519 4701 mortui.
3473 4700 3479 4706 .

2177 4732 2223 4764 “
2251 4731 2761 4805 Delinquitaliquis,
2785 4750 2910 4791 cum
2930 4734 3198 4804 justitiam
3230 4737 3375 4807 justo
3393 4737 3594 4806 eripit;
3618 4748 3677 4789 et.

2108 4842 2230 4882 cum
2265 4826 2382 4895 ejus
2411 4830 2707 4900 discipulos
2731 4831 2797 4886 ad
2825 4832 3163 4900 iniquitatem
3197 4833 3516 4903 distorquet,
3546 4848 3678 4902 pec-

2108 4929 2216 4972 cat.
2263 4919 2397 4974 Nam
2445 4935 2573 4975 cum
2628 4921 2729 4977 hos
2780 4924 2934 4993 quasi
2969 4922 3363 4993 possessionem
3413 4923 3664 4986 haberet,

2109 5009 2311 5063 damno
2354 5008 2610 5065 afﬁcitur.
2668 5010 2784 5067 Non
2834 5014 2982 5067 enim
3028 5024 3216 5069 nostra
3261 5022 3532 5084 quaerunt,
3579 5016 3677 5070 sed

2110 5116 2231 5157 nos.
2265 5102 2535 5173 Dynastas
2582 5103 2819 5174 denique
2860 5106 3014 5172 dicit,
3080 5109 3173 5177 qui
3220 5108 3273 5162 in
3321 5106 3541 5164 Christo
3589 5121 3681 5162 re-

2110 5201 2298 5261 gnant.

1873 5309 2026 5366 CAP.
2064 5305 2251 5364 XVIII.

515 5419 574 5474 Ὁ
600 5417 868 5491 ἀγόμενος
891 5416 958 5486 τῇ
977 5413 1085 5467 τῶν
1107 5411 1379 5482 δαιμόνων
1408 5407 1709 5481 ἀφροσύνῃ,
1734 5407 1796 5459 ού
1823 5404 2013 5476 χρείαν

2192 5404 2237 5435 ⁸⁷
2263 5404 2365 5471 Qui
2394 5404 2699 5461 daemonum
2734 5405 2946 5460 insania
2978 5404 3179 5477 agitur,
3232 5404 3559 5478 sapientiam
3591 5402 3682 5460 Dei

432 5510 547 5583 εχει
578 5510 768 5579 σοφίας
808 5505 943 5560 Θεοῦ
973 5504 1007 5575 ἢ
1036 5500 1317 5595 γνῴσεο›ς·
1360 5500 1493 5555 διότι
1525 5499 1777 5570 ἠγάπησε
1813 5496 1986 5568 μᾶλλο

2121 5494 2517 5570 scientiamque
2547 5512 2657 5561 non
2697 5496 2931 5570 requirit
2974 5515 2989 5553 :
3048 5496 3176 5568 quia
3232 5497 3484 5555 tenebras
3515 5495 3687 5566 magis

514 5672 557 5706 ”
584 5689 634 5728 v.
660 5670 753 5724 ΞΟ.
845 5671 892 5702 ⁸³
924 5686 974 5723 v.
1001 5672 1091 5725 2|.
1171 5668 1216 5700 ⁸⁸
1249 5682 1301 5719 v.
1331 5665 1423 5721 Ἣ.
1504 5666 1547 5697 ⁸³
1592 5680 1640 5715 γ.
1676 5663 1767 5717 «εδ.

671 5770 943 5830 Ρηειοι..
982 5770 1099 5829 (in.
1143 5766 1337 5829 XVII.

1851 5662 1895 5693 ⁸⁸
1926 5677 1974 5714 ι’.
1996 5658 2087 5715 26.
2168 5658 2211 5689 ⁸⁷
2249 5671 2296 5710 v.
2328 5656 2360 5708 2

3378 5745 3419 5805 ’1
