4172 6386
519 167 630 264 ξοδ

1413 205 1975 270 SUPPLEMENTUM
2009 210 2103 266 AD
2139 209 2462 271 ORIGENIS
2496 214 2908 276 EXEGETICA.

3683 229 3794 290 ΞΜ

518 326 711 384 dilexit
741 339 904 397 quam
935 323 1112 381 lucem
1139 343 1153 383 :
1184 332 1240 382 et
1269 324 1498 382 stultitia
1530 343 1628 384 sua
1661 331 1926 402 gaudens,
1946 339 2074 402 puta

2175 383 2180 394 ,
2206 333 2266 386 τὸ
2294 334 2483 399 σκότος
2511 334 2544 406 ἢ
2576 336 2638 389 τὸ
2667 337 2782 407 φῶς
2801 354 2814 367 ο
2844 334 2948 392 κᾶν
2974 337 3253 410 ἀφροσύνῃ
3285 339 3485 412 χαίρει,
3513 342 3684 399 οἴεται
3713 350 3791 419 μὴ

517 441 580 482 οε
610 424 892 494 sapientiae
920 437 1023 493 cpe
1055 437 1160 477 non
1195 421 1458 494 indigere.

588 518 635 551 ⁸⁸
663 517 824 572 Sicut
860 530 1003 586 aqua
1040 515 1284 572 vivificat
1330 517 1564 586 plantas,
1603 517 1674 571 ita
1710 517 1948 572 hominis
1979 516 2095 572 vir-

518 612 723 667 tutibus
750 608 992 665 roborati
1017 622 1200 664 sermo
1237 618 1471 674 recreat,
1504 621 1666 678 atque
1695 610 1764 662 ad
1800 609 1965 663 Deum
1995 623 2094 665 ex—

519 701 659 756 tollit
690 716 784 757 eos
809 701 900 769 qui
929 699 1047 755 ﬁeri
1072 699 1346 770 sapientes
1373 700 1582 753 volunt.
1622 698 1870 753 Fluvium
1912 709 2094 752 scatu-

519 794 746 848 rientem
789 792 924 847 dicit
968 791 1391 848 inenarrabilcm
1420 791 1717 860 gratiarum
1767 790 2091 859 sapientiam

517 882 843 937 sanctissimi
865 881 1124 950 Spiritus,
1150 895 1448 951 perennem
1465 879 1783 950 sapientiam
1807 879 2095 950 tripliciter

515 973 774 1044 fulgentis
798 973 974 1029 unicae
1006 971 1314 1026 Trinitatis.

586 1066 633 1099 “
658 1065 763 1132 Qui
797 1064 1075 1134 propriam
1105 1064 1305 1119 diaboli
1338 1063 1636 1132 nequitiam
1657 1063 1710 1117 in
1742 1077 1800 1118 se
1829 1062 2090 1127 admittit,

515 1168 656 1212 et-ex
688 1158 807 1224 ejus
838 1171 1030 1210 norma
1066 1157 1178 1226 agit
1210 1156 1504 1226 cogitando
1555 1165 1610 1210 et
1661 1153 2089 1217 sermocinando,

516 1249 605 1304 hic
633 1247 868 1302 miratur
910 1247 1059 1317 impii
1093 1261 1402 1317 perSOnam.
1437 1247 1609 1302 Porro
1632 1248 1896 1316 justitiam
1928 1248 1980 1302 in
2003 1248 2093 1317 ju-

513 1340 682 1404 dicio,
729 1347 784 1393 et
815 1337 1185 1406 corporalium
1233 1339 1467 1405 ratione,
1526 1355 1634 1393 non
1685 1340 1840 1395 decet
1891 1355 1922 1394 a
1974 1341 2092 1395 viro

513 1443 701 1487 sancto
729 1433 926 1486 deseri.

582 1523 630 1556 '°
680 1523 856 1578 Ferox
912 1522 1139 1577 audacia
1195 1537 1226 1576 a
1290 1522 1708 1579 mansuetudine
1764 1525 2092 1581 abstrahens

510 1614 771 1679 animam,
811 1613 971 1667 morti
1000 1613 1187 1667 tradit.

583 1708 626 1739 τι
659 1705 852 1774 Pigros
885 1704 951 1760 ad
983 1704 1356 1773 pmnitentiam
1393 1720 1502 1760 non
1547 1705 1641 1762 Dei
1669 1707 2090 1775 timorimpellit,
2123 1688 2164 1742 Β

507 1797 602 1850 sed
636 1796 960 1855 daemonum,
985 1798 1079 1861 qui
1115 1792 1238 1848 illos
1268 1793 1333 1846 ad
1364 1793 1805 1863 desperationem
1835 1795 2082 1850 incitant.

507 1887 601 1943 Vel
638 1888 802 1941 timor
835 1886 1047 1940 Domini
1092 1885 1364 1940 abstrahit
1412 1901 1509 1941 eos
1563 1888 1632 1940 ab
1683 1887 1881 1955 ignava
1907 1904 2082 1954 mora,

509 1978 844 2046 suscitatque
887 1991 955 2031 ex
1007 1975 1146 2031 vitio
1200 1975 1268 2028 ad
1324 1975 1468 2030 bona
1505 1991 1666 2047 opera
1699 1993 1764 2033 ac
1813 1979 2086 2047 poeniten-

505 2073 658 2126 tiam.
711 2069 948 2124 Semivir
991 2078 1075 2124 est
1113 2071 1258 2124 enim
1308 2071 1492 2125 animo
1541 2079 1595 2124 et
1637 2085 1886 2140 corpore,
1923 2070 2084 2125 homo

502 2164 802 2220 dissolutus
825 2172 880 2218 et
905 2163 1106 2230 mollis,
1135 2163 1228 2234 qui
1257 2177 1435 2234 neque
1464 2177 1523 2217 se
1552 2163 1730 2231 ipsum
1755 2163 1951 2216 docere
1985 2177 2080 2214 va-

503 2257 598 2320 let,
631 2271 806 2326 neque
835 2255 904 2310 ab
934 2254 1058 2309 aliis
1083 2255 1199 2308 vult
1231 2254 1461 2309 erudiri.
1490 2253 1586 2308 Vel
1621 2252 1840 2308 desides
1872 2254 1938 2307 ad
1967 2253 2079 2306 vir-

505 2358 671 2404 tutem
705 2349 868 2403 timor
897 2348 1330 2418 impendentium
1365 2346 1629 2401 malorum
1660 2345 1916 2416 impellit,
1948 2345 2077 2414 quia

502 2440 569 2492 de
592 2437 772 2492 futuro
803 2438 1057 2492 ﬁduciam
1097 2453 1207 2492 non
1239 2437 1464 2492 habent.
1517 2437 1614 2492 Vir
1642 2438 1746 2506 'qui
1782 2436 1967 2490 habitu
1996 2444 2080 2490 est

499 2530 724 2598 femina,
753 2531 1018 2585 nutricem
1059 2530 1316 2584 virtutem
1367 2543 1473 2583 non
1535 2526 1776 2582 habebit.
1823 2525 2079 2581 Esurient

500 2625 705 2696 potius,
759 2640 882 2680 cum
931 2638 999 2679 ex
1047 2625 1276 2679 adverso
1332 2636 1558 2693 regnum
1605 2619 1967 2690 conspicieut,
2017 2621 2074 2674 in

501 2715 838 2772 cruciatibus
867 2715 1192 2770 excruciati.

568 2896 613 2926 τ’
644 2893 867 2949 Divitias
903 2894 1150 2950 scientiae
1203 2893 1447 2957 Domini,
1479 2902 1537 2947 et
1579 2890 1873 2947 ellicaciam
1903 2887 2072 2945 Verbi

498 2985 869 3042 fortitudinem
901 2985 1054 3040 dicit.
1098 2984 1240 3041 Deus
1267 2983 1414 3039 enim
1444 2984 1592 3038 solus
1632 2984 1738 3038 scit
1771 2982 2070 3054 praterita,

2202 425 2388 497 χρείαν
2426 427 2571 498 ἔχειν
2607 430 2819 500 σοφίας.

2272 517 2482 590 Ὥσπερ
2522 520 2584 572 τὸ
2630 520 2775 592 ὕδωρ
2821 519 3081 589 ξωογονεῖ
3123 523 3193 576 τά
3243 525 3385 593 φυτά
3410 565 3425 590 ,
3463 525 3640 591 οὕτως
3671 531 3796 593 ταῖς

2197 607 2419 678 ἀρεταῖς
2435 609 2626 681 ἀνδρὸς
2647 611 3028 682 ὲστομωμένου
3053 613 3210 681 λόγος
3231 615 3516 688 ἀναψύχει,
3536 620 3630 672 καὶ
3651 621 3791 692 πρὸς

2196 699 2330 752 Θεὸν
2359 704 2550 772 πτεροῖ
2578 702 2704 765 τοὺς
2729 702 3012 768 ἐθέλοντας
3050 707 3370 778 σοφισθῆναι
3391 729 3402 738 ·
3442 711 3687 782 ποταμὸν
3730 713 3790 768 δὲ

2196 792 2557 863 άναπηδῶντά
2586 811 2738 865 φησι,
2764 795 2862 866 τὴν
2893 797 3282 869 άνεκδιήγητον
3303 801 3412 854 τῶν
3437 804 3675 875 χαρίτων
3701 823 3792 860 σο-

2196 883 2326 951 φίαν
2355 885 2448 939 τοῦ
2473 888 2741 954 παναγίου
2777 888 3113 960 Πνεύματος,
3148 893 3248 962 τὴν
3275 893 3560 965 ἀείρρυτον
3594 896 3789 967 σοφίαν

2193 979 2292 1048 τῆς
2319 981 2676 1050 τρισσοφαοῦς
2701 981 2906 1046 ὲνιαίας
2930 982 3212 1054 Θεότητος.

2278 1070 2336 1123 '0
2367 1072 2465 1143 τὴν
2509 1073 2864 1145 ὑπάρχουσαν
2902 1074 2980 1144 τῷ
3021 1076 3254 1147 διαϐόλῳ
3283 1079 3484 1132 κακίαν
3518 1081 3786 1153 ἀποδεχό-

2197 1177 2375 1230 μενος,
2411 1163 2504 1215 καὶ
2535 1167 2654 1216 κατ’
2685 1165 2855 1236 αὐτὴν
2881 1167 3122 1238 ἐνεργῶν
3149 1167 3352 1241 θεωρία
3379 1171 3473 1224 καὶ
3503 1171 3665 1244 λόγῳ,
3693 1166 3784 1226 οὗ·-

2191 1269 2284 1333 τος
2315 1253 2584 1324 Θαυμάζει
2616 1256 2677 1308 τὸ
2731 1257 3022 1326 πρόσωπον
3056 1259 3150 1313 τοῦ
3186 1262 3420 1326 ἀσεϐοῦς
3442 1281 3454 1293 ·
3478 1264 3540 1316 τὸ
3573 1266 3784 1322 δίκαιον

2192 1344 2249 1397 δὲ
2280 1346 2338 1397 ὲν
2370 1347 2568 1416 κρίσει,
2596 1350 2654 1402 ὲν
2686 1347 2829 1421 λόγῳ
2849 1366 2908 1402 τε
2935 1351 3229 1423 σωμάτων,
3253 1355 3314 1407 οὐ
3344 1355 3507 1411 καλὸν
3533 1359 3781 1416 ἐκκλῖναι

2191 1455 2359 1491 οσιον.

2369 1532 2657 1605 θρασύτης,
2679 1536 2788 1589 ἀπὸ
2812 1535 2908 1590 τοῦ
2932 1538 3108 1609 πράου
3132 1540 3439 1612 χωρίζουσα
3461 1543 3560 1616 τὴν
3578 1545 3778 1620 ψυχὴν,

2193 1617 2272 1688 τῷ
2297 1618 2514 1692 θανάτῳ
2539 1621 2774 1680 δίδωσιν.

2275 1710 2573 1784 Ὀκνηροὺς
2617 1716 2697 1778 είς
2717 1717 3005 1786 μετάνοιαν
3033 1722 3330 1776 καταϐαλεῖ
3347 1723 3408 1777 ού
3433 1723 3595 1794 φόϐος
3616 1724 3775 1790 Θεοῦ,

2187 1800 2300 1853 ἀλλ’
2339 1805 2368 1856 6
2413 1804 2522 1856 τῶν
2559 1806 2828 1877 δαιμόνων
2853 1827 2866 1839 ’
2931 1811 3260 1886 διεγείρουσι
3304 1815 3413 1886 γὰρ
3459 1817 3654 1880 αὐτοὺς
3696 1821 3778 1882 εἰς

2186 1893 2496 1961 ἀπόγνωσιν
2514 1913 2527 1926 °
2549 1897 2582 1968 ἢ
2605 1901 2633 1951 ὁ
2658 1899 2751 1952 τοῦ
2781 1902 2986 1972 Κυρίου
3023 1902 3232 1977 [φόϐος]
3253 1947 3268 1971 ,
3302 1907 3549 1979 χωρίζων
3577 1911 3775 1973 αὐτοὺς

2183 1984 2278 2037 τοῦ
2309 1988 2564 2059 όκνηροῦ,
2598 1991 2692 2044 καὶ
2718 1992 2999 2066 διεγείρων
3031 1997 3228 2061 αὐτοὺς
3257 2001 3321 2052 ὲκ
3350 2001 3449 2070 τῆς
3477 2003 3674 2066 κακίας
3701 2003 3772 2058 δι’

2185 2079 2360 2150 ἔργων
2405 2082 2626 2150 ἀγαθῶν
2667 2087 2748 2148 είς
2799 2088 3120 2156 μετάνοιαν·
3170 2089 3499 2162 ἀνδρόγυνος
3550 2093 3606 2146 δέ
3655 2096 3771 2149 ἐστι

2185 2171 2363 2244 ψυχὴν
2389 2174 2482 2226 καὶ
2515 2175 2694 2246 σῶμα,
2725 2178 2754 2230 6
2781 2178 3148 2250 ἐκκεχυμένος
3167 2221 3180 2244 ,
3216 2184 3244 2236 6
3273 2184 3535 2252 μαλακὸς,
3568 2188 3596 2239 6
3632 2188 3770 2258 μήτε

2181 2263 2449 2318 διδάσκειν
2470 2265 2767 2336 δυνάμενος
2791 2271 3003 2332 ἑαυτὸν,
3032 2275 3168 2342 μήτε
3204 2273 3494 2343 μανθάνειν
3512 2294 3583 2329 πα
3591 2278 3639 2347 ρ’
3657 2279 3771 2332 ἑτέ-

2185 2372 2292 2426 ρων
2335 2355 2690 2426 βουλόμενος·
2728 2359 2762 2429 ἢ
2816 2362 2940 2424 τοὺς
2985 2361 3278 2426 ὀκνοῦντας
3323 2365 3459 2434 πρὸς
3510 2366 3711 2437 ἀρετὴν
3738 2369 3770 2420 6

2178 2447 2287 2501 τῶν
2319 2449 2505 2501 κακῶν
2537 2450 2701 2516 φόϐος
2752 2454 3213 2521 προκαταὸάλλει,
3248 2455 3308 2507 τὸ
3347 2457 3768 2530 παραθαρρὗνον

2181 2538 2319 2612 πρὸς
2342 2539 2403 2592 τὺ
2434 2540 2626 2612 μέλλον
2658 2543 2759 2594 οὐκ
2787 2543 3005 2612 ἔχοντας
3024 2561 3036 2573 ο
3067 2545 3206 2615 ἀνὴρ
3235 2545 3289 2598 δὲ
3324 2547 3420 2618 τὴν
3450 2549 3768 2618 προαίρεσιν

2179 2627 2343 2700 Θῆλυς
2364 2669 2378 2693 ,
2413 2631 2511 2700 οὐχ
2540 2629 2648 2694 ἕξει
2677 2634 2774 2705 τὴν
2822 2633 3127 2703 τρέφουσαν
3177 2636 3406 2706 ἀρετήν·
3453 2639 3768 2691 πεινάσουσι

2175 2720 2252 2785 δὲ,
2282 2723 2370 2774 ὅτε
2391 2721 2449 2788 ἐξ
2473 2723 2720 2787 ἐναντίας
2745 2723 2896 2776 ἴδωσι
2923 2724 3021 2796 τὴν
3045 2725 3339 2804 βασιλείαν,
3365 2729 3422 2781 ὲν
3451 2733 3516 2801 τῇ
3545 2729 3768 2802 βασάνῳ

2178 2811 2616 2884 βασανιζόμενοι.

2247 2903 2350 2954 Τὸν
2382 2903 2609 2957 πλοῦτον
2637 2905 2737 2975 τῆς
2763 2905 3016 2973 γνώσεως
3043 2907 3135 2962 τοῦ
3166 2911 3394 2982 Κυρίου,
3422 2913 3516 2966 καὶ
3538 2911 3598 2968 τὸ
3619 2915 3765 2986 ἔνερ-

2175 2995 2399 3066 γητικὺν
2440 2997 2532 3049 τοῦ
2563 2998 2737 3066 Λόγου
2761 3039 2776 3063 ,
2815 3001 2966 3070 ἰσχύν
3014 3019 3177 3072 φησιν
3201 3021 3214 3033 ·
3255 3005 3417 3068 αὐτὸς
3449 3007 3559 3078 γὰρ
3604 3006 3766 3077 μόνος

497 3079 811 3149 ρτωεοηιίο,
862 3092 926 3133 ac
977 3076 1180 3130 futura.
1232 3075 1352 3145 lpse
1393 3075 1649 3145 praecepit
1695 3051 1923 3129 dicens:
1959 3072 2075 3126 Fiat

2187 3051 2199 3064 .
2235 3051 2246 3066 .
2651 3051 2662 3066 ο
2764 3051 2775 3063 ι
2820 3051 2955 3070 νην-
3022 3051 3168 3072 1⁷⁷1⁷⁷⁷
3257 3051 3414 3068 ν---Ἷ
3460 3051 3556 3078 ι“ι”
3604 3051 3762 3077 ι-νή

2179 3089 2437 3159 γινώσκει
2463 3090 2531 3143 τὰ
2565 3090 2756 3163 πρῴην
2782 3133 2796 3157 ,
2830 3094 2925 3148 καὶ
2955 3095 3023 3149 τά
3053 3097 3323 3150 ἐνεστῶτα
3349 3139 3363 3162 ,
3409 3101 3502 3153 καὶ
3532 3101 3601 3154 τὰ
3633 3100 3763 3172 μέλ-

497 3172 627 3238 lux;
662 3186 900 3241 moxque
953 3170 1172 3234 coelum,
1226 3179 1282 3225 et
1325 3178 1492 3232 terra,
1524 3176 1579 3221 et
1616 3166 1876 3236 quidquid
1908 3165 1960 3220 in
1995 3165 2076 3220 eis

493 3272 600 3326 est,
630 3277 695 3317 ex
733 3261 906 3316 nihilo
945 3261 1011 3315 ad
1055 3259 1424 3316 exsistentiam
1463 3257 1692 3312 deducta
1741 3264 1888 3312 sunt.
1947 3252 2075 3309 Haec

495 3355 670 3424 ipsum
705 3353 990 3407 Dominum
1044 3351 1324 3420 Deumque
1365 3364 1488 3404 esse
1529 3348 1707 3405 solum
1757 3348 2069 3403 ostendunt.

494 3447 576 3501 Ad
607 3447 747 3501 hunc
773 3460 870 3514 per
897 3454 1103 3499 rectam
1135 3444 1304 3497 vitam
1333 3442 1468 3510 justi
1505 3450 1822 3503 accurrunt.
1856 3450 1913 3495 et
1940 3453 2071 3494 con-

495 3535 845 3606 templatione
877 3532 1221 3588 attolluntur.
1258 3531 1355 3587 Vel
1391 3531 1519 3601 quia
1578 3546 1645 3586 ex
1671 3531 1874 3585 creatis
1907 3529 2069 3584 rebus

491 3642 790 3696 earumque
818 3626 1218 3696 magniﬁcentia
1249 3626 1392 3680 Deus
1411 3624 1757 3694 cognoscitur
1784 3637 1907 3677 esse
1950 3635 2070 3676 om-

494 3719 767 3787 nipotens.

561 3890 610 3923 ⁷³
648 3887 917 3946 Utendum
949 3896 1033 3943 est
1061 3887 1164 3942 hoc
1186 3886 1330 3942 dicto
1359 3887 1624 3941 adversus
1655 3885 1772 3940 illos
1829 3884 1921 3954 qui
1946 3899 2068 3940 cum

491 3999 521 4038 a
564 3983 675 4038 Deo
703 3981 987 4038 scientiam
1028 3993 1134 4034 non
1180 3978 1513 4046 acceperint,
1568 3978 1704 4032 alios
1750 3978 1943 4032 docere
1978 3991 2070 4047 ag-

491 4076 833 4146 grediuntur.
870 4073 1005 4126 Nam
1039 4071 1205 4126 David
1241 4071 1316 4124 ait
1346 4089 1360 4124 :
1391 4068 1458 4123 Ut
1487 4071 1708 4123 audiam
1739 4085 1913 4124 vocem
1943 4067 2062 4122 lau-

489 4169 571 4222 dis
597 4179 724 4232 tute,
754 4179 805 4220 et
832 4176 955 4219 tunc
981 4162 1104 4217 aliis
1131 4176 1372 4216 enarrem
1402 4160 1674 4215 mirabilia
1697 4169 1792 4214 tua
1821 4161 1889 4216 ⁷⁸.
1918 4159 2067 4216 Salo-

491 4275 614 4316 mon
640 4272 859 4330 quoque
885 4255 1056 4310 dicit:
1093 4253 1229 4321 Quae
1267 4251 1506 4307 uiderunt
1560 4253 1701 4306 oculi
1742 4253 1842 4316 tui,
1873 4251 1959 4305 dic
1997 4250 2065 4304 ".

489 4351 641 4406 Multi
688 4351 832 4406 enim
895 4346 1138 4402 nondum
1189 4344 1411 4398 virtutis
1453 4353 1634 4413 coepto
1687 4358 1876 4408 cursu,
1928 4341 2064 4397 alios

489 4453 638 4498 recte
665 4455 828 4513 agere
854 4455 960 4495 non
995 4438 1160 4494 modo
1183 4437 1499 4503 hortantur,
1527 4451 1718 4491 verum
1753 4435 1922 4490 etiam
1968 4448 2064 4491 co-

485 4544 620 4604 gunt
645 4543 700 4588 et
721 4536 1015 4602 imperant.
1123 4557 1125 4560 ⁴

559 4625 607 4656 ⁷⁸
643 4622 894 4679 Hominis
949 4622 1170 4677 nomine
1219 4635 1366 4676 nunc
1411 4620 1546 4676 dicit
1593 4619 1787 4676 Deum.
1819 4618 2065 4690 Namque

487 4717 632 4772 illius
654 4717 709 4770 in
721 4715 927 4785 judicio
952 4713 1191 4769 furorem
1216 4711 1349 4768 lenit
1371 4711 1499 4777 sibi,
1517 4713 1610 4781 qui
1637 4711 1907 4767 mandatis
1921 4711 2066 4782 ejus-

487 4813 609 4863 dem
643 4809 987 4879 obsequitur.
1024 4805 1116 4861 Sic
1171 4804 1230 4859 [it
1259 4805 1423 4859 etiam
1460 4805 1512 4858 in
1555 4803 1951 4858 materialibus.
1999 4803 2066 4858 Et

486 4901 632 4955 sicut
674 4901 939 4955 Dominus
993 4907 1181 4955 noster
1235 4899 1501 4970 panthera
1535 4896 1736 4952 catulis
1782 4897 1914 4950 orba
1943 4896 2061 4950 ﬁeri

484 4991 686 5048 dicitur
734 5002 926 5047 contra
966 5001 1306 5060 peccatores,
1334 4999 1389 5045 et
1418 4999 1572 5060 petra
1605 4987 1847 5044 scandali
1881 4987 2062 5042 incre-

485 5083 653 5148 dulis,
681 5082 762 5137 sic
801 5083 1164 5152 pusillanimis
1209 5097 1336 5153 erga
1367 5089 1681 5152 peccantes.
1720 5077 1812 5134 Vel
1837 5079 2062 5148 pusilla-

484 5176 688 5231 nimem
721 5176 965 5246 dicitpro
994 5175 1268 5244 improbo,
1299 5186 1354 5230 et
1386 5189 1485 5245 pro
1512 5172 1661 5229 omni
1693 5173 1938 5229 dazzuone
1965 5173 2057 5242 qui

485 5285 517 5323 a
551 5267 752 5321 virtute
783 5267 1125 5338 scientiaque
1161 5267 1450 5323 exciderit.

557 5649 606 5683 “
636 5663 690 5706 ν.
722 5649 780 5702 4.
861 5647 903 5680 ⁶⁹
934 5660 984 5701 ν.
1025 5645 1081 5703 5.

2177 3183 2338 3236 λοντα
2359 3202 2370 3213 ·
2400 3184 2559 3248 αὐτὸς
2605 3187 2698 3238 καὶ
2739 3186 3040 3240 ἐνετείλατο
3069 3187 3256 3252 είπὼν,
3293 3192 3576 3262 γενηθήτω
3607 3193 3722 3262 φῶς
3743 3209 3760 3225 ο

2175 3277 2424 3347 οὐρανὸς,
2453 3278 2548 3331 καὶ
2578 3278 2671 3348 γῆ,
2709 3277 2802 3330 καὶ
2834 3278 2902 3331 τὰ
2932 3282 2990 3332 ὲν
3031 3281 3235 3345 αὐτοῖς,
3267 3282 3325 3346 ἐξ
3357 3284 3455 3336 οὐκ
3483 3285 3652 3338 ὄντων
3681 3287 3763 3350 είς

2173 3365 2236 3421 τὸ
2261 3365 2397 3422 εἷναι
2420 3370 2780 3441 παρήχθησαν
2798 3389 2812 3402 ·
2846 3373 2984 3427 αὐτὰ
3007 3373 3064 3427 δὲ
3092 3372 3361 3427 δείκνυσιν
3381 3377 3541 3429 αὑτὸν
3558 3376 3762 3448 Κύριον

2174 3462 2271 3516 καὶ
2302 3461 2434 3515 Θεὸν
2471 3463 2628 3533 μόνον
2680 3461 2848 3518 εἶναι’
2882 3467 2975 3518 καὶ
3016 3466 3106 3546 διά
3156 3469 3255 3537 μὲν
3299 3467 3392 3520 τοῦ
3441 3469 3603 3543 ὀρθοῦ
3640 3470 3759 3540 βίου

2173 3555 2598 3626 προστρέχουσιν
2644 3557 2792 3628 αὐτῷ
2837 3559 2886 3611 οἱ
2927 3558 3155 3624 δίκαιοι,
3183 3560 3269 3614 διὰ
3299 3561 3357 3614 δὲ
3392 3561 3490 3634 τῆς
3527 3561 3761 3635 Θεωρίας

2173 3645 2462 3714 ύψοῦνται·
2510 3645 2544 3716 ἢ
2592 3647 2674 3699 ὅτι
2721 3650 2787 3700 ὲκ
2830 3649 2940 3701 τῶν
2984 3651 3330 3721 κτισμάτων,
3377 3651 3410 3722 ἦ
3459 3651 3558 3723 τῆς
3590 3669 3760 3724 μεγα-

2171 3737 2400 3810 λοσύνης
2437 3740 2649 3805 αὐτῶν,
2689 3742 2922 3814 φανερόν
2956 3745 3103 3796 ἐστιν
3141 3745 3224 3797 ὅτι
3261 3746 3290 3797 6
3323 3744 3454 3809 Θεὸς
3494 3745 3757 3800 παντοδύ-

2171 3848 2361 3902 ναμος.

2240 3924 2517 3994 Χρηστέον
2549 3925 2721 3998 τούτῳ
2748 3926 2826 3998 τῷ
2858 3927 3008 3998 ρητῷ
3057 3928 3193 4001 πρὸς
3216 3929 3343 3992 τοὺς
3369 3927 3444 3999 μὴ
3489 3929 3755 3994 λαϐόντας

2172 4013 2270 4086 μὲν
2298 4016 2497 4085 γνῶσιν
2527 4019 2679 4090 παρὰ
2713 4018 2847 4072 Θεοῦ
2873 4059 2888 4083 ,
2913 4019 3183 4073 διδάσκειν
3233 4019 3289 4072 δὲ
3327 4019 3517 4082 ἄλλους
3549 4021 3757 4090 ἐπιχει-

2169 4106 2396 4178 ροῢντας
2419 4126 2434 4140 ο
2468 4111 2496 4162 6
2525 4111 2635 4182 γὰρ
2668 4111 2830 4165 Δαυῖδ
2861 4127 3026 4182 φησι·
3065 4111 3176 4164 Τοῦ
3207 4111 3464 4164 ἀκοῦσαι
3484 4112 3602 4180 μὲν
3633 4129 3753 4180 φω-

2166 4194 2281 4265 νῆς
2305 4197 2590 4266 αἱνέσεώς
2621 4216 2739 4254 σου
2761 4239 2776 4264 ,
2806 4200 2908 4254 καὶ
2943 4200 3077 4252 τότε
3110 4199 3513 4268 διηγήσασθαι
3541 4199 3754 4266 ἄλλοις

2166 4287 2240 4340 τὰ
2268 4288 2572 4358 θαυμάσιοί
2595 4305 2738 4344 σου·
2775 4291 2870 4342 καὶ
2894 4290 2922 4341 6
2943 4288 3192 4360 Σολομῶν
3217 4305 3348 4359 φησι
3373 4305 3386 4318 ·
3426 4290 3484 4344 Ἃ
3513 4285 3677 4342 εἶδον
3699 4292 3757 4344 οἱ

2095 4407 2141 4463 D
2169 4379 2465 4449 ὀφθαλμοί
2502 4395 2652 4446 σου,
2696 4379 2864 4450 λέγεο
2902 4381 3086 4435 πολλοὶ
3128 4380 3236 4452 γὰρ
3279 4382 3373 4434 καὶ
3423 4383 3623 4455 ἀρετῆς
3676 4382 3752 4454 μὴ

2169 4470 2564 4543 ἀπαρξάμενοι,
2587 4471 2779 4536 ἄλλους
2802 4472 3144 4544 κατορθῶσαι
3173 4475 3233 4526 οὐ
3268 4473 3427 4544 μόνον
3458 4472 3754 4546 παραινοῦ-

2173 4578 2278 4627 σιν,
2312 4562 2450 4616 άλλά
2477 4565 2571 4616 καὶ
2605 4562 2881 4634 βιάζονται
2912 4566 3006 4618 καὶ
3036 4565 3524 4638 παρακελεύουσιν.

2245 4654 2444 4727 ’Ἄνδρα
2471 4655 2704 4710 ἐνταῦθα
2733 4657 2823 4711 τὸν
2845 4658 2976 4710 Θεόν
3000 4675 3131 4730 φησι
3156 4675 3169 4688 ·
3204 4658 3295 4711 τὸν
3320 4658 3428 4732 γάρ
3458 4658 3629 4729 Θυμὺν
3655 4657 3753 4712 αὐ-

2171 4744 2264 4799 τοῦ
2297 4747 2388 4801 τὸν
2416 4749 2474 4800 ὲν
2503 4751 2568 4820 τῇ
2598 4748 2773 4821 κρίσει
2803 4751 3174 4823 καταπραύνει
3196 4752 3279 4820 ἐφ’
3305 4750 3518 4816 ἑαυτὸν,
3537 4751 3566 4802 6
3592 4749 3754 4821 Θερα-

2175 4838 2380 4903 πεύσας
2423 4841 2583 4895 αὐτὸν
2632 4845 2690 4895 ὲν
2721 4845 2841 4907 ταῖς
2876 4842 3118 4907 ἐντολαῖς
3167 4842 3330 4896 αὐτοῦ
3353 4860 3366 4873 ο
3404 4842 3666 4906 ὡσαύτως
3695 4841 3754 4895 δι

2169 4931 2263 4984 καὶ
2287 4932 2378 4984 ἐπὶ
2404 4931 2511 4986 τῶν
2537 4933 2811 5004 αἰσθητῶν
2831 4952 2844 4964 ·
2873 4934 3060 5008 ῶσπερ
3082 4935 3138 4987 δὲ
3159 4937 3188 4989 ό
3208 4935 3410 5006 Κύριος
3432 4934 3589 5004 ἡμῶν
3609 4933 3753 5003 πάρ-

2162 5025 2314 5088 δαλις
2343 5026 2689 5099 ἀπορουμένη
2721 5027 2936 5097 λέγεται
2967 5029 3213 5096 γίνεσθαι
3249 5028 3384 5100 πρὸς
3415 5029 3540 5090 τοὺς
3567 5027 3751 5098 πλημ-

2166 5118 2493 5189 μελοῦντας,
2542 5121 2637 5173 καὶ
2683 5119 2860 5190 πέτρα
2912 5119 3210 5174 σκανδάλου
3265 5121 3402 5193 πρὸς
3456 5121 3583 5182 τοὺς
3623 5120 3754 5173 ἀπι-

2162 5210 2420 5274 στοῦντας
2443 5252 2457 5275 ,
2503 5211 2645 5265 οὕτω
2687 5213 2783 5266 καὶ
2827 5212 3143 5282 ὁλιγόψυχος
3187 5213 3278 5265 ἐπὶ
3342 5214 3453 5275 τοῖς
3497 5209 3748 5281 ἁμαρτά-

2163 5317 2340 5355 vocor
2371 5303 2588 5358 δύναται
2616 5303 2672 5356 δὲ
2699 5304 3016 5375 ὀλιγόψυχον
3039 5303 3220 5372 λέγειν
3245 5305 3338 5356 καὶ
3364 5303 3454 5357 τὸν
3487 5301 3745 5373 πονηρὸν,

2165 5395 2258 5449 καὶ
2304 5397 2481 5451 πάντα
2524 5396 2751 5469 δαίμονα
2791 5398 2992 5469 ἀρετῆς
3037 5395 3428 5452 ἐκπεπτωκότα
3470 5395 3566 5448 καὶ
3609 5391 3748 5462 γνὼ-

2167 5505 2326 5554 σεως.

1159 5647 1204 5679 ⁷⁸
1233 5662 1282 5701 v.
1315 5645 1372 5705 6.
1449 5649 1490 5680 ⁷¹
1529 5662 1581 5704 v.
1616 5646 1671 5703 8.
1703 5648 1747 5681 "
1775 5663 1824 5703 ν.
1857 5647 1944 5704 10.
2021 5647 2068 5678 ⁷³

2179 5648 2266 5704 lli.
2347 5649 2394 5681 ⁷⁸
2418 5646 2562 5706 Psal.
2598 5664 2726 5718 xxv,
2757 5649 2811 5704 7.
2886 5648 2931 5682 "
2974 5646 3134 5704 Prov.
3168 5661 3294 5712 xxv,
3326 5652 3381 5704 8.
3459 5642 3505 5673 "
3537 5656 3586 5696 v.
3620 5641 3708 5696 Η.
