4172 6388
370 276 481 330 2'15

1552 257 1918 317 EXPOSITIO
1956 255 2022 310 IN
2059 251 2474 310 PROVERDIA.

3540 237 3648 293 306

439 391 546 447 Τὸν
580 391 695 463 βίον
723 390 818 444 τὸν
858 387 1018 460 ὀρθὸν
1053 386 1232 440 τοίνυν
1280 377 1434 437 εἶπεν
1474 380 1614 451 δόμα
1647 375 1958 449 ἀνθρώπου,

2133 375 2179 408 ⁷⁷
2215 373 2441 428 Rectam
2493 369 2675 438 itaque
2721 364 2892 420 vitam
2945 361 3081 418 dicit
3131 357 3373 416 hominis
3422 357 3650 422 donum,

370 489 520 550 ὅστις
560 483 722 537 αὐτὸν
766 480 1028 535 πλατύνει
1067 479 1162 532 καὶ
1207 475 1435 547 παρέχει
1467 471 1558 526 τοῦ
1595 469 1964 542 πληρώματος

372 579 521 644 ἄξιον
565 574 658 630 τοῦ
693 573 828 627 Θεοῦ
850 590 864 604 ·
898 573 1033 644 ὅπερ
1061 570 1335 640 καθέδραν
1364 564 1642 620 δυναστῶν
1683 559 1960 634 ὀνομάζει,

375 672 543 740 ἤγουν
581 667 690 720 τῶν
729 665 899 734 ἁγίων
936 661 1220 732 δυνάμεων
1241 677 1254 690 ·
1286 658 1379 711 νοῦ
1409 657 1518 728 γὰρ
1544 653 1786 726 καθέδρα
1817 653 1966 706 ἐστὶν

377 761 492 826 ἕξις
517 759 713 830 ἀρίστη
737 798 752 823 ,
779 753 1096 825 δυσκίνητον
1138 751 1172 822 ἢ
1211 749 1468 820 ἀκίνητον
1507 743 1840 817 διατηροῦσα
1874 742 1966 796 τὸν

379 852 764 922 καθεζόμενον.

453 946 672 1000 Ἀνοιαν
714 942 876 997 παύει
917 940 1151 1010 γνῶσις·
1184 936 1325 1006 αῦτη
1370 933 1478 1005 γάρ
1523 934 1670 985 ἐστιν
1695 933 1723 984 ό
1768 929 1968 1000 κλῆρος

377 1041 478 1110 τῆς
504 1038 716 1107 φύσεως
743 1036 844 1106 τῆς
873 1032 1101 1103 λογικῆς
1119 1049 1133 1062 ο
1165 1030 1260 1085 καὶ
1293 1032 1349 1082 ὲν
1375 1027 1663 1089 δυνάσταις
1682 1023 1853 1096 ὁρίζει
1886 1022 1970 1091 γί-

380 1131 567 1185 νεσθαί
597 1148 668 1195 τι,
711 1129 806 1182 καὶ
842 1125 1084 1181 ποιοῦσι·
1120 1123 1198 1194 τῷ
1225 1122 1333 1194 γὰρ
1362 1119 1563 1190 γνῶσιν
1587 1119 1765 1190 ἔχοντι
1798 1116 1967 1180 θείαν,

382 1226 652 1279 κλίνονται
683 1223 883 1284 πάντες
908 1237 920 1247 ’
955 1219 989 1290 ἢ
1017 1216 1327 1285 ἀντιλογίας
1361 1211 1597 1267 ἐνταῦθα
1624 1212 1750 1274 τοὺς
1774 1212 1838 1263 ὲκ
1863 1208 1970 1263 τῶν

381 1317 653 1389 δαιμόνων
695 1314 816 1369 καθ’
856 1311 1014 1384 ἡμῶν
1048 1310 1430 1380 ἐγειρομένους
1482 1303 1776 1376 λογισμούς
1815 1320 1970 1374 φησι,

381 1410 509 1473 τοὺς
528 1411 594 1480 τῇ
622 1409 790 1480 ἀρετῇ
814 1403 1161 1465 ἀντιπάλους,
1179 1398 1386 1454 καὶτοῦ
1411 1396 1544 1450 Θεοῦ
1569 1397 1802 1468 χωρίσαι
1826 1396 1972 1466 ἡμᾶς

387 1501 715 1564 σπεύδοντας
735 1516 747 1528 ’
781 1497 945 1552 παύει
991 1495 1048 1548 δὲ
1089 1493 1292 1557 ταύτας
1335 1492 1430 1561 ἀφ’
1461 1489 1617 1562 ἡμῶν
1651 1491 1680 1542 ό
1710 1489 1810 1560 τῆς
1835 1487 1974 1556 γνώ-

388 1612 526 1658 σεως
544 1593 766 1663 κλῆρος,
788 1591 883 1645 καὶ
913 1591 1041 1653 τοὺς
1065 1588 1332 1651 δυνάστας
1361 1587 1620 1656 δαίμονας
1647 1583 1817 1654 ὁρίζει
1848 1583 1976 1637 ἀνα-

387 1689 615 1759 χωρεῖν,
646 1685 722 1748 ὡς
759 1680 1180 1753 κεκληρωμένος
1214 1679 1292 1750 τῷ
1323 1676 1472 1748 Θεῷ,
1510 1676 1569 1743 ἐξ
1597 1674 1761 1729 αὑτοῦ
1790 1693 1848 1731 τε
1883 1677 1976 1728 καὶ

389 1779 564 1833 ἄλλων
589 1777 664 1841 ώς
698 1776 849 1831 θείαν
883 1774 1088 1844 γνῶσιν
1117 1773 1277 1844 ἔχων.

464 1963 542 2016 Ἢ
567 1962 664 2032 τὴν
686 1959 863 2030 ψυχὴν
895 1957 1079 2026 λέγει,
1113 1954 1258 2026 ζωῆς
1305 1953 1398 2005 καὶ
1428 1951 1660 2004 θανάτου
1700 1948 1976 2018 δεκτικὴν,

392 2056 485 2125 ἀφ’
513 2049 586 2108 ὧν
623 2054 680 2107 τὸ
712 2049 1057 2115 αὐτεξούσιον
1097 2046 1366 2100 δείκνυται
1394 2043 1502 2096 τῶν
1542 2041 1637 2095 νῦν
1662 2058 1723 2093 τε
1749 2039 1844 2092 καὶ
1870 2039 1979 2092 τῶν

397 2148 698 2220 μελλόντων
729 2145 855 2207 τοὺς
882 2141 1125 2214 καρποὺς
1169 2137 1338 2208 αὐτῆς
1381 2133 1686 2190 ἀπολαῦσαι
1714 2130 1896 2186 καλῶν
1920 2147 1981 2184 τε

394 2238 428 2310 ἢ
460 2237 667 2291 κακῶν.

469 2332 565 2392 Ὃς
588 2321 715 2397 εῦρε
745 2325 938 2395 σοφίαν
960 2321 1194 2393 ἀγαθὴν,
1230 2313 1358 2386 εὗρε
1381 2317 1610 2390 χάριτας
1633 2311 1771 2368 Θεοῦ
1791 2330 1805 2343 ·
1828 2345 1897 2353 -
1923 2312 1980 2364 Ὀ

396 2421 641 2489 κατέχων
687 2418 885 2472 κακίαν
906 2457 921 2482 ,
948 2417 1136 2487 ἄφρων
1171 2413 1265 2467 καί
1297 2411 1500 2481 ἀσεϐὴς
1520 2451 1534 2478 ,
1574 2408 1649 2472 ὡς
1686 2404 1983 2477 ὲφευρετὴς

396 2512 569 2584 αὐτῆς
593 2511 862 2576 διάϐολος.

2071 473 2334 536 quantum
2384 459 2615 532 quisque
2659 458 2714 512 id
2765 454 3018 526 ampliat,
3050 461 3262 508 etcum
3312 448 3656 520 plenitudine

2071 557 2231 614 offert
2296 556 2459 626 digna
2495 552 2642 608 Deo:
2685 551 2847 620 idque
2886 549 3051 603 etiam
3108 543 3425 600 cathedram
3479 544 3656 614 dyna-

2072 660 2279 705 starum
2304 646 2570 708 nominat,
2589 643 2641 698 id
2669 652 2752 697 est
2782 649 3095 696 sanctarum
3132 644 3484 705 potestatum.
3513 632 3657 686 Meu—

2075 745 2145 798 tis
2170 741 2315 798 enim
2342 738 2602 795 cathedra
2635 744 2742 801 est,
2771 733 2979 803 optima
3029 727 3372 785 consuetudo
3400 742 3524 796 qua;
3563 726 3657 778 llr-

2074 853 2222 893 nium
2257 832 2696 899 immobilemque
2727 837 2874 882 tenet
2905 824 3182 880 sedentem
3214 821 3267 875 in
3310 819 3421 872 illa.

2148 927 2194 959 ⁷⁸
2235 923 2543 980 Amentiam
2567 915 2866 987 exstinguit
2915 911 3145 967 scientia
3175 925 3191 975 ;
3232 906 3350 962 haec
3385 905 3529 960 enim
3559 913 3646 958 est

2077 1017 2360 1074 rationalis
2395 1024 2605 1070 natura:
2639 1010 2755 1065 dos.
2799 1008 2919 1077 lpsa
2967 1001 3211 1075 dynastis
3251 1011 3468 1070 quoque
3520 995 3655 1051 deli-

2078 1115 2159 1167 nit
2183 1111 2312 1181 quid
2352 1115 2514 1179 agant
2543 1123 2558 1172 ;
2593 1114 2646 1160 et
2676 1103 2729 1158 hi
2764 1101 2992 1156 faciunt.
3027 1096 3160 1151 Nam
3198 1096 3247 1150 ei
3279 1091 3374 1162 qui
3405 1090 3648 1146 divinam

2078 1205 2358 1261 scientiam
2387 1201 2570 1266 habet,
2606 1196 2789 1254 cuncti
2819 1195 3216 1262 obsequuntur.
3246 1185 3342 1242 Vel
3375 1182 3654 1240 contradi-

2078 1299 2287 1355 ctiones
2322 1297 2424 1350 hoc
2462 1293 2581 1347 loco
2634 1289 2767 1344 dicit
2819 1285 3122 1343 concitatas
3168 1281 3437 1336 adversus
3475 1292 3578 1331 nos
3624 1290 3655 1328 a

2083 1385 2421 1444 dmmonibus
2446 1379 2828 1451 cogitationes,
2858 1375 3079 1430 virtutis
3129 1371 3406 1432 inimicas,
3449 1381 3661 1436 nosque

2081 1495 2109 1534 a
2145 1480 2256 1534 Deo
2279 1488 2538 1546 separare
2565 1480 2896 1541 satagentes.
2943 1467 3054 1521 Has
3089 1478 3222 1519 vero
3263 1461 3319 1517 in
3355 1460 3518 1516 nobis
3565 1473 3662 1512 ex-

2082 1569 2313 1641 stinguit
2340 1564 2583 1622 scientia;
2609 1564 2728 1627 dos,
2779 1561 3143 1630 dynastasque
3172 1555 3444 1608 daemones
3473 1549 3662 1620 fugere

2078 1663 2230 1732 jubet
2262 1675 2278 1724 ;
2319 1667 2577 1727 tanquam
2604 1653 2715 1708 Deo
2741 1649 2945 1706 addicti
2976 1650 3168 1713 simus,
3216 1645 3285 1700 ab
3327 1657 3502 1713 eoque
3525 1641 3662 1695 alia-

2011 1761 2051 1816 Β
2085 1768 2201 1807 rum
2235 1763 2451 1820 quoque
2483 1760 2664 1802 rerum
2693 1741 2986 1800 scientiam
3017 1740 3172 1809 quasi
3195 1737 3432 1793 divinam
3459 1735 3662 1790 habea-

2081 1859 2219 1900 IDIIS.

2161 1936 2207 1968 "°
2238 1932 2335 1989 Vel
2364 1933 2601 1986 animam
2639 1928 2795 1992 dicit,
2839 1925 2969 1980 vitae
3010 1921 3315 1992 mortisque
3368 1932 3652 1990 capacem,

2080 2029 2222 2083 unde
2247 2027 2482 2082 liberum
2511 2023 2630 2092 ejus
2680 2017 2970 2073 arbitrium
3025 2021 3380 2074 monstratur,
3429 2011 3495 2064 ad
3531 2023 3658 2064 car-

2083 2119 2288 2191 pendos
2340 2126 2452 2170 tum
2504 2111 2792 2186 praesentis
2836 2117 2946 2162 tum
3004 2105 3173 2161 futuri
3218 2113 3392 2160 status
3425 2102 3657 2164 fructus,

2086 2216 2355 2268 bonorum
2388 2207 2601 2263 scilicet
2623 2206 2704 2259 vel
2741 2204 3006 2258 malorum
3037 2213 3284 2270 operum.

2158 2303 2202 2332 ⁸ο
2234 2299 2335 2367 Qui
2365 2297 2688 2368 sapientiam
2713 2295 2912 2350 bonam
2943 2293 3173 2357 invenit,
3206 2289 3410 2361 gratias
3447 2287 3544 2343 Dei
3580 2286 3666 2342 in-

2087 2396 2258 2452 venit.
2288 2425 2356 2436 -—
2389 2393 2490 2459 Qui
2525 2391 2824 2462 nequitiam
2857 2390 3075 2455 retinet,
3104 2400 3341 2443 vesanus
3373 2394 3460 2441 est
3487 2392 3543 2441 et
3562 2384 3663 2441 im-

2091 2491 2236 2560 pius,
2269 2496 2329 2544 ut
2358 2489 2610 2542 inventor
2644 2484 2793 2539 illius
2831 2481 3103 2538 diabolus.

1863 2593 2018 2650 CAP.
2057 2587 2204 2647 XIX.

469 2699 706 2764 Πλοῦτος
729 2699 983 2768 γνώσεως
1015 2700 1108 2753 καὶ
1133 2697 1325 2768 σοφίας
1351 2695 1705 2768 προστίθησιν
1730 2695 1860 2766 ἡμῖν
1886 2693 1985 2761 ἀγ-

398 2790 587 2861 γέλους
613 2788 841 2852 πολλούς
859 2806 873 2819 ·
905 2791 934 2842 ό
960 2788 1016 2841 δὲ
1036 2787 1364 2858 ἀκάθαρτος,
1393 2788 1451 2840 ὃν
1484 2786 1690 2857 πένητά
1718 2801 1872 2857 φησι,
1891 2783 1985 2836 καὶ

398 2881 507 2935 ἀπὸ
530 2879 622 2934 τοῦ
649 2879 892 2943 δοθέντος
924 2877 1068 2950 αὐτῷ
1099 2880 1164 2932 ὲκ
1195 2878 1384 2942 παιδὸς
1411 2876 1645 2947 ἀγγέλου
1671 2875 1981 2948 χωρίζεται·

399 2974 436 3044 ἡ
477 2973 586 3045 γὰρ
630 2971 973 3043 πνευματικὴ
1022 2970 1212 3040 φιλία,
1259 2971 1425 3043 ἀρετή
1483 2972 1598 3022 ἐστι
1651 2970 1747 3022 καὶ
1787 2966 1988 3036 γνῶσις

400 3065 558 3134 Θεοῦ,
581 3066 648 3120 δι’
675 3059 750 3122 ὧν
782 3065 1163 3136 συναπτόμεθα
1184 3064 1321 3135 πρὸς
1346 3063 1528 3133 φιλίαν
1548 3065 1670 3127 ταῖς
1693 3061 1879 3130 ἁγίαις
1907 3059 1981 3112 δυ-

2161 2684 2206 2716 “
2241 2683 2451 2738 Divitize
2503 2680 2746 2736 scientiae
2799 2693 2861 2733 ac
2916 2672 3200 2746 sapientia:
3249 2671 3456 2726 addunt
3511 2669 3666 2724 nobis

2090 2776 2311 2848 angelos
2345 2773 2672 2844 complures.
2702 2773 2773 2826 At
2811 2773 3080 2842 impurus,
3114 2784 3273 2839 quem
3315 2774 3504 2821 auctor
3531 2779 3667 2835 pau-

2092 2883 2278 2940 perem
2305 2866 2572 2932 nominat,
2603 2864 2768 2919 etiam
2801 2866 2929 2918 dato
2963 2863 3064 2918 sibi
3096 2877 3164 2917 ex
3200 2858 3432 2930 pueritia
3474 2855 3667 2926 angelo

2091 2964 2359 3034 privatur.
2406 2959 2540 3014 Nam
2591 2957 2858 3028 spiritalis
2909 2955 3174 3019 amicitia,
3231 2953 3409 3006 virtus
3465 2959 3551 3005 est
3603 2963 3668 3004 ac

2093 3057 2348 3122 scientia,
2370 3069 2401 3109 a
2425 3053 2620 3124 quibus
2649 3051 2828 3105 amice
2862 3047 3182 3118 cepulamnr
3213 3061 3336 3100 cum
3381 3041 3669 3113 potestati-

400 3157 628 3227 νάμεσιν
648 3173 661 3186 ·
725 3155 840 3225 εἴγε
866 3157 912 3208 οἱ
943 3153 1326 3225 μετανοοῦντες
1360 3152 1658 3225 ἄνθρωποι,
1695 3152 1868 3223 χαρᾶς
1900 3149 1985 3202 αἶ’-

2092 3151 2192 3207 bus
2242 3149 2445 3204 sanctis
2485 3165 2500 3202 :
2548 3143 2987 3216 quandoquidem
3035 3141 3359 3210 poeuitenles
3420 3136 3670 3190 homines

401 3268 504 3303 τιοι
534 3251 771 3318 γίνονται
803 3250 913 3312 τοῖς
941 3247 1218 3317 ἀγγέλοις·
1247 3245 1390 3299 οὓτω
1415 3245 1510 3299 καὶ
1538 3247 1567 3299 ὁ
1591 3243 1781 3316 Σωτὴρ
1803 3243 1988 3312 φίλους

402 3344 578 3400 καλεῖ.
601 3342 726 3406 τοὺς
750 3341 965 3405 δούλους
996 3339 1144 3405 ποτὲ,
1169 3339 1268 3409 τῆς
1296 3337 1541 3409 μείζονος
1563 3336 1729 3391 αὐτοῦ
1759 3335 1991 3405 θεωρίας

403 3433 747 3499 καταξιώσας
763 3450 779 3463 ’
811 3432 952 3486 οὕτω
981 3434 1075 3486 καὶ
1105 3431 1356 3502 Ἀϐραὰμ
1377 3430 1670 3493 πλουτίσας
1690 3430 1748 3481 ὲν
1769 3427 1987 3496 γνώσει,

402 3527 500 3598 τὴν
532 3524 798 3598 μυστικὴν
816 3523 1033 3596 ἐκείνην
1056 3522 1390 3594 παρατίθησι
1413 3519 1690 3594 τράπεζαν
1709 3521 1822 3582 τοῖς
1851 3517 1992 3571 κατά

402 3619 501 3690 τὴν
534 3618 878 3690 μεσημϐρίαν
922 3619 1135 3686 φανεῖσι
1167 3615 1342 3684 φίλοις
1381 3613 1570 3669 αὐτοῦ’
1600 3612 1773 3666 Σαοὺλ
1812 3610 1868 3663 δὲ
1896 3612 1991 3664 καὶ

335 3763 340 3770 ,
403 3711 512 3767 ἀπὸ
538 3711 630 3764 τοῦ
655 3711 990 3783 ὑπάρχοντος
1021 3709 1172 3780 φίλου
1206 3708 1294 3762 διὰ
1322 3709 1422 3780 τὴν
1450 3707 1648 3762 κακίαν
1676 3705 1985 3778 χωρίζεται’

402 3805 712 3876 γέγραπται
758 3803 903 3874 γάρ’
939 3802 1052 3857 Καὶ
1081 3801 1316 3869 ἀπέστη
1353 3801 1589 3870 πνεῦμα
1623 3799 1844 3868 Κυρίου
1873 3797 1992 3852 ἀπὸ

403 3898 624 3952 Σαούλ⁸
659 3894 758 3949 καὶ
786 3895 1020 3965 πνεῦμα
1056 3893 1320 3962 πονηρὸν
1353 3892 1512 3961 παρὰ
1537 3892 1763 3959 Κυρίου
1787 3891 1994 3958 ἔπνιγε

403 3989 512 4041 τὸν
534 3987 735 4042 Σαούλ
752 4003 766 4017 ·
803 3988 899 4040 καὶ
923 3983 1139 4057 πνεῦμα
1167 3985 1374 4056 Κυρίου
1405 3983 1575 4054 λέγων
1601 3983 1693 4036 τὸν
1721 3981 1950 4051 ἄγγελον
1975 3999 1987 4010 ·

415 4079 476 4132 '0
515 4079 722 4142 ποιῶν,
756 4078 886 4150 γὰρ,
912 4077 1044 4147 φησὶ
1064 4117 1079 4142 τ
1109 4076 1251 4142 τοὺς
1269 4075 1564 4146 ἀγγέλους
1589 4071 1776 4128 αὐτοῦ
1808 4072 2010 4140 πνεύτ

401 4183 594 4236 ματα,
629 4167 726 4220 καὶ
759 4166 902 4232 τοὺς
944 4166 1329 4236 λειτουργοὺς
1356 4163 1544 4218 αὑτοῦ
1576 4163 1697 4231 πῦρ
1728 4162 1955 4232 φλέγων
1974 4179 1988 4192 ο

408 4263 423 4316 ί
430 4258 484 4320 9)
520 4259 602 4311 ὅτι
617 4258 673 4311 δὲ
694 4256 912 4326 ἄγγελοι
927 4257 1049 4319 τοὺς
1069 4253 1386 4327 ἀνθρώπους
1403 4254 1887 4326 ἐμπεπίστευνται,
1912 4251 1991 4304 δι-

405 4351 594 4406 δάσκει
624 4353 682 4404 ὲν
713 4352 825 4414 τοῖς
855 4348 1208 4418 Εὐαγγελίοις
1226 4350 1255 4403 ό
1274 4347 1477 4420 Κύριος
1497 4387 1512 4411 ,
1550 4345 1776 4414 Ὁρᾶτε,
1794 4345 1991 4414 λέγων,

402 4443 490 4513 μὴ
521 4440 937 4510 καταφρονῆτε
970 4440 1109 4506 ἑνὸς
1137 4437 1258 4494 τῶν
1275 4438 1505 4510 μικρῶν
1526 4439 1772 4503 τούτων,
1805 4435 1895 4491 ὅτι
1940 4439 1992 4490 οι

408 4533 650 4604 ἄγγελοι
670 4530 870 4586 αὐτῶν
895 4531 993 4587 διὰ
1013 4532 1240 4598 παντὸς
1257 4532 1565 4597 βλέπουσι
1582 4530 1648 4584 τὸ
1669 4531 1996 4598 πρόσωπον
2027 4517 2070 4574 D

397 4626 518 4694 ,τοῦ
553 4624 776 4694 Πατρός
799 4641 920 4693 μου
955 4624 1060 4678 τοῦ
1092 4623 1164 4677 ἐν
1186 4622 1498 4692 οὐρανοῖς·
1527 4623 1620 4678 καὶ
1645 4620 1808 4675 πάλιν
1833 4622 1861 4673 ό
1899 4621 1996 4673 Ἰα-

408 4718 559 4773 κ·τ›6ο
601 4719 653 4770 Ὁ
685 4716 940 4786 ἄγγελός
971 4731 1088 4770 σου
1121 4718 1156 4770 ό
1175 4715 1475 4785 ῥυόμενος
1501 4732 1579 4784 με
1606 4714 1726 4770 ἀπὸ
1753 4711 1996 4767 πάντων

410 4827 530 4867 των
555 4827 774 4866 κακων.

485 4902 637 4955 Ὅσοι
660 4904 788 4966 τοὺς
821 4901 949 4976 περὶ
977 4900 1210 4972 κρίσεως
1254 4897 1349 4952 καὶ¹
1373 4895 1630 4970 προνοίας
1673 4893 1992 4964 ἀγνοοῦντες

408 4991 599 5062 λόγους
622 5036 636 5060 ,
668 4993 762 5048 τὸν
793 4993 1122 5066 δημιουργὸν
1151 4988 1549 5062 βλασφημοῦσι,
1583 4985 1856 5061 μάρτυρές
1887 4987 1994 5038 εἰσι

407 5085 658 5156 ψευδεῖςο
690 5087 792 5141 οὐκ
831 5085 1170 5158 ἀτιμώρητοι
1212 5083 1270 5138 δὲ
1313 5081 1656 5153 διαμένουσιν
1697 5081 1756 5133 ὲν
1809 5076 1996 5150 ἡμέρᾳ

410 5179 679 5252 κρίσεως·
717 5181 810 5235 καὶ
841 5181 954 5234 ὅσοι
984 5178 1144 5233 πάλιν
1183 5175 1290 5231 ὑπὸ
1347 5175 1456 5229 τῶν
1502 5174 1647 5228 ἰδίων
1680 5171 1868 5226 παθών
1918 5171 2000 5223 ὲν-

407 5271 564 5344 οχλού
575 5290 725 5344 μενοι
754 5272 1064 5344 νομίζουσιν
1090 5270 1467 5342 ἀκατόρθωτον
1493 5263 1632 5321 εἶναι
1659 5264 1758 5338 τὴν
1774 5262 1994 5336 ἀρετὴν,

408 5358 555 5417 οῦτοι
583 5365 661 5432 τῷ
683 5363 936 5417 δεδωκότι
966 5363 1056 5415 τὸν
1090 5361 1255 5433 νόμον
1287 5357 1610 5428 ἐγκαλοῦσιν
1639 5355 1857 5418 ἀδίκως.

481 5455 545 5507 Οἱ
570 5455 775 5526 χυδαῐοι
807 5453 868 5507 οὐ
902 5453 962 5506 τὸ
993 5450 1211 5523 ἀξίωμα
1247 5448 1515 5522 τιμῶντες
1545 5446 1857 5502 ἀποδιδόασι
1903 5443 1994 5497 τὸν

2093 3242 2274 3314 gaudii
2323 3256 2488 3297 causa
2544 3240 2687 3294 ﬁunt
2733 3236 2964 3308 angelis.
3019 3233 3111 3290 Sic
3175 3233 3339 3288 etiam
3400 3228 3668 3284 Dominus

2092 3338 2298 3393 amicos
2321 3345 2500 3400 vocat,
2536 3333 2627 3405 qui
2659 3341 2819 3387 antea
2848 3329 2993 3384 servi
3020 3335 3204 3392 erant,
3242 3325 3448 3394 majore
3472 3323 3555 3378 sui
3584 3336 3673 3376 co-

2092 3431 2334 3501 gnitione
2377 3429 2633 3500 dignans.
2690 3426 2782 3482 Sic
2834 3426 2962 3480 item
3031 3421 3382 3478 Abrahamus
3440 3415 3669 3474 scicntia

2095 3523 2401 3590 abundans,
2443 3523 2730 3591 mysticam
2765 3517 2913 3572 illam
2943 3515 3167 3585 apponit
3199 3527 3445 3568 mensam
3499 3525 3668 3581 appa-

2093 3617 2340 3673 rentibus
2387 3615 2488 3670 sub
2519 3611 2802 3668 meridiem
2856 3609 3049 3664 amicis
3102 3607 3237 3660 suis.
3288 3603 3421 3658 Saiil
3479 3610 3670 3656 contra

2093 3711 2163 3766 ab
2208 3710 2510 3765 inmerente
2549 3705 2652 3760 sibi
2699 3704 2877 3760 amico
2926 3703 2998 3757 ob
3043 3699 3341 3770 nequitiam
3391 3694 3672 3750 dividitur.

2093 3803 2366 3873 Scriptum
2397 3809 2480 3857 est
2508 3800 2654 3854 enim
2700 3816 2715 3853 :
2767 3797 2841 3852 Et
2869 3795 3106 3851 discessit
3127 3793 3347 3862 spiritus
3387 3787 3602 3842 Domini
3640 3802 3675 3838 α

2097 3895 2296 3959 Saiile,‘
2343 3903 2392 3948 et
2420 3893 2638 3963 spiritus
2681 3891 2856 3945 malus
2907 3906 2938 3943 a
2989 3887 3211 3942 Domino
3256 3883 3474 3940 Saﬁlem
3500 3881 3670 3950 διηγο-

2094 3987 2246 4042 cabat
2287 3987 2355 4041 δ’.
2389 3987 2456 4041 Et
2485 3984 2739 4054 spiritum
2778 3982 2993 4037 Domini
3033 3981 3223 4034 dicens
3263 3975 3540 4047 angelum,
3570 3971 3673 4036 Qui

2095 4079 2249 4149 facit,
2291 4079 2389 4144 ait,
2443 4076 2658 4147 angelos
2712 4093 2836 4130 suos
2873 4075 3116 4144 spiritus,
3158 4080 3210 4127 et
3251 4070 3522 4125 ministros
3548 4081 3674 4126 suos

2095 4175 2271 4244 ignem
2319 4179 2560 4225 urentem
2598 4168 2665 4222 ⁸⁸.
2706 4166 2828 4224 Jam
2857 4165 3002 4237 quod
3035 4164 3244 4234 angelis
3274 4161 3523 4217 homines
3563 4158 3678 4214 siut

2095 4263 2484 4327 commendati,
2514 4262 2676 4317 docet
2702 4261 2756 4315 in
2783 4255 3096 4321 Evangeliis
3137 4253 3403 4309 Dominus
3440 4251 3632 4306 dicens
3660 4273 3673 4305 ;

2096 4355 2285 4412 Cavete
2324 4370 2389 4410 ne
2413 4352 2761 4408 contemnatis
2787 4365 2952 4405 unum
2981 4365 3046 4403 ex
3079 4347 3160 4401 his
3188 4343 3557 4414 pusillis,quia
3585 4359 3679 4396 an-

2097 4449 2200 4521 geli
2245 4464 2427 4504 eorum
2470 4462 2674 4513 semper
2720 4445 2896 4500 vident
2922 4443 3113 4513 faciem
3148 4438 3333 4494 Patris
3374 4437 3479 4493 mei
3509 4436 3676 4506 quiin

2100 4543 2241 4598 cretis
2260 4551 2336 4598 est
2358 4542 2428 4595 ⁸⁵.
2461 4541 2596 4596 Item
2623 4537 2828 4594 Jacob:
2862 4535 3094 4608 Angelus
3117 4545 3260 4598 tuus,
3293 4531 3383 4602 qui
3416 4529 3553 4584 eruit
3593 4541 3683 4582 na:

2098 4637 2162 4690 de
2193 4635 2394 4690 cunctis
2434 4632 2590 4687 malis
2617 4631 2689 4686 ⁸⁵.

2166 4887 2214 4919 ⁸⁸
2251 4886 2528 4955 Quotquot
2557 4884 2622 4938 de
2649 4882 2854 4954 judicio
2883 4889 2938 4936 et
2967 4876 3307 4949 providentia
3357 4875 3678 4945 ignorantes

2101 4982 2448 5044 doctrinam,
2497 4985 2804 5032 creatorem
2859 4972 3279 5042 blasphemant,
3332 4975 3504 5023 testes
3551 4972 3680 5034 sunt

2102 5074 2440 5137 mendaces;
2491 5083 2667 5139 neque
2718 5067 2966 5137 impunes
3003 5069 3167 5117 erunt
3215 5061 3270 5114 in
3326 5059 3415 5114 die
3457 5057 3669 5128 judicii.

2100 5163 2380 5232 Quotquot
2420 5161 2549 5216 item
2578 5174 2610 5213 a
2643 5157 2759 5214 suis
2800 5153 3191 5226 cupiditatibus
3215 5150 3410 5206 irretiti
3435 5187 3452 5214 ,
3484 5147 3675 5203 existi-

2100 5263 2256 5312 mant
2281 5249 2673 5324 impnssibilem
2723 5263 2850 5304 esse
2897 5247 3180 5312 virtutem,
3207 5244 3261 5299 hi
3296 5240 3428 5313 legis
3445 5239 3674 5294 latorem

2099 5346 2300 5413 injuste
2331 5346 2611 5398 accusant.

2171 5437 2216 5470 ⁸⁷
2249 5436 2515 5506 Volgares
2557 5431 2804 5486 hom.nes
2837 5420 3104 5508 nonquia
3138 5417 3456 5492 dignitatem
3491 5415 3671 5469 hono-

485 5569 762 5624 "v.16.
840 5568 886 5601 ’⁸
914 5567 1082 5623 v.l8.
1155 5568 1282 5622 "v.
1353 5567 1446 5622 21.
1541 5565 1588 5597 ⁸ο
1617 5564 1788 5620 v.22.
1893 5562 1985 5612 "t

2086 5559 2120 5615 ι.
2194 5557 2239 5589 ⁸⁸
2274 5554 2293 5609 l
2325 5555 2461 5625 Reg.
2499 5567 2613 5620 xvr,
2656 5547 2744 5603 M.
2837 5545 2882 5578 ⁸³
2911 5503 3059 5602 Psal.
3113 5555 3232 5606 cm,
3270 5542 3323 5597 4.
3397 5537 3441 5569 ⁸⁵
3472 5503 3666 5590 Matth.

411 5658 567 5706 sun,
602 5640 688 5696 l0.
765 5640 812 5672 θ’
854 5637 991 5694 Gen.
1044 5653 1234 5700 vam,
1280 5637 1367 5692 16.
1442 5637 1488 5669 ⁸⁸
1518 5653 1570 5691 v.
1610 5637 1663 5691 5.
1736 5635 1781 5666 ⁵⁷
1819 5649 1870 5688 v.
1900 5633 1953 5687 6.

485 5735 562 5808 (9)
585 5735 748 5792 Vides
779 5734 1084 5792 doctrinam
1114 5734 1177 5789 de
1199 5732 1520 5789 custodibus
1545 5729 1822 5787 hominum
1847 5724 2056 5796 angelis
2081 5723 2168 5779 hic
2194 5731 2244 5777 et
2271 5717 2438 5775 infra.
