4172 6382
501 246 604 304 207

1389 242 1950 301 SUPPLEMENTUM
1987 243 2077 298 Αἱ)
2109 242 2434 301 ORIGENIS
2471 245 2881 304 EXEGETICA.

3641 253 3751 308 208

506 370 648 429 rent,
681 361 1042 419 reverentiam
1072 361 1356 428 exhibent,
1388 365 1483 419 sed
1514 372 1856 421 assentautes
1888 379 2071 436 reSpe-

2173 367 2356 436 φόϐον,
2392 368 2527 423 ἀλλά
2560 369 2788 435 κόλακες
2818 369 2972 434 ὄντες
2999 369 3555 441 προσωποληπτοῦσιν
3577 388 3591 405 ο
3633 374 3665 428 6
3692 374 3753 430 δι

504 469 652 513 ctum
685 470 928 528 persona:
958 455 1175 510 habent.
1216 456 1285 510 At
1306 455 1448 511 enim
1478 457 1563 510 vir
1588 470 1753 512 verax
1778 457 1920 513 haud
1946 459 2080 513 adu-

505 550 711 606 labitur
741 547 818 602 rei
848 545 1022 612 make,
1055 545 1152 600 sed
1180 545 1558 615 reprehendet.

574 644 622 678 ⁸³
675 643 996 709 Quicunque
1045 638 1163 693 odit
1202 638 1417 709 inopem
1463 639 1727 708 fratrem,
1782 641 1871 698 hic
1920 641 2077 712 juxta

506 739 636 798 illud
675 755 690 792 :
726 735 872 791 Beati
895 747 1160 804 pauperes
1189 732 1405 801 spiritu,
1438 734 1695 804 quoniam
1731 735 1970 806 ipsorum
1995 742 2080 791 est

505 846 732 902 regnum
763 827 1049 889 caelorum,
1095 840 1124 878 a
1167 823 1263 878 Dei
1311 832 1364 880 et
1394 826 1707 895 angelorum
1735 841 1924 881 amore
1952 840 2080 897 pro-

506 924 592 981 cul
640 925 765 980 erit.
797 921 916 989 Vel,
947 922 1276 992 quicumque
1321 919 1546 975 fratrem
1596 921 1820 976 virtutis
1849 921 2076 989 .inopem

503 1019 642 1082 odit,
668 1017 735 1072 ab
764 1014 958 1071 all‘cctu
993 1031 1206 1086 quoque
1235 1014 1488 1069 amicitiae
1517 1014 1706 1084 procul
1737 1017 1842 1070 erit
1865 1016 1918 1069 in
1943 1016 2070 1070 vita.

489 1139 578 1155 το-
619 1107 822 1163 Bonam
855 1108 1240 1177 cogitationem
1289 1106 1580 1175 appellavit
1623 1105 1713 1160 Dei
1732 1103 2079 1174 agnitionem,

493 1201 598 1270 qui
665 1214 785 1254 eam
820 1197 1147 1252 habentibus
1178 1198 1341 1252 corde
1381 1211 1518 1266 puro
1595 1195 1735 1252 solet
1780 1197 2077 1266 apprOpin-

497 1307 697 1363 quare.
739 1290 841 1358 Qui
872 1305 1002 1360 ergo
1045 1291 1186 1345 hanc
1220 1288 1562 1359 disciplinam
1599 1288 1794 1344 docilis
1825 1288 2077 1359 suscipit,

509 1386 747 1453 prudens
781 1391 904 1448 est,
933 1391 989 1437 et
1034 1383 1272 1437 inveniet
1315 1397 1454 1436 eam.
1489 1412 1559 1421 —
1584 1381 1686 1450 Qui
1734 1381 1901 1436 multa
1934 1382 2076 1436 mala

509 1481 639 1534 facit
665 1478 831 1532 verbo
872 1485 928 1531 et
960 1490 1158 1547 opere,
1195 1477 1242 1530 is
1274 1475 1534 1530 malitiam
1563 1485 1926 1542 consummat,
1957 1491 2079 1546 qua

507 1587 670 1628 omne
715 1585 886 1644 genus
939 1569 1145 1640 peccati
1197 1568 1598 1638 complectitur.
1650 1568 1752 1637 Qui
1799 1585 1931 1625 vero
1981 1569 2077 1624 ad-

507 1677 698 1717 versus
728 1660 972 1716 homines
1001 1673 1282 1714 sermones
1325 1658 1587 1714 exitiosos
1627 1660 1744 1715 sine
1771 1660 1943 1716 limite
1990 1661 2073 1715 ef-

509 1753 714 1818 fundit,
757 1759 815 1805 et
852 1751 907 1805 in
957 1749 1123 1805 Deum
1166 1749 1572 1820 blasphemiae,
1610 1751 1700 1807 hic
1740 1767 1847 1807 non
1899 1753 2077 1808 salva-

507 1847 618 1901 bitu
627 1861 670 1900 r.

574 1938 623 1970 "
655 1936 839 2006 Neque
877 1935 1072 1991 animae
1108 1949 1285 2006 neque
1322 1935 1570 2006 corporis
1611 1933 1818 1991 deliciae
1871 1950 2077 1992 vesano

498 2038 754 2100 prosunt.
783 2026 918 2083 Nam
957 2028 1270 2098 spiritales,
1311 2042 1437 2083 cum
1482 2027 1554 2082 sit
1587 2042 1678 2083 sus
1715 2027 2072 2098 voluptarius,

499 2123 731 2193 pedibus
773 2120 1120 2176 conculcabit
1160 2136 1178 2175 :
1219 2135 1250 2174 a
1281 2133 1537 2175 sensuum
1580 2129 1759 2173 autem
1798 2119 2076 2190 voluptate

497 2227 635 2268 caro
663 2211 780 2282 ejus
811 2212 879 2266 ad
923 2212 1245 2282 cupiditates
1267 2208 1715 2277 commovebitur,
1745 2219 1799 2266 et
1829 2212 1880 2264 in
1907 2209 2075 2265 Deum

504 2302 875 2372 blasphemias
904 2301 1152 2370 iactabit.
1183 2298 1410 2356 Etiamsi
1447 2314 1479 2355 e
1511 2313 1671 2356 servo
1697 2316 1866 2372 nuper
1903 2301 1978 2356 sit
2010 2300 2076 2356 li-

503 2393 771 2462 bertinus,
804 2395 875 2449 ita
899 2409 958 2449 se
983 2401 1152 2465 geret.

577 2489 626 2522 ’°
654 2487 711 2544 Si
745 2488 836 2559 qui
873 2499 1022 2543 recte
1069 2485 1357 2558 gloriatur,
1403 2486 1455 2542 ln
1495 2484 1727 2542 Domino
1770 2488 2071 2559 gloriatur;

507 2580 766 2637 Dominus
800 2589 979 2634 autem
1017 2588 1205 2633 noster
1230 2578 1498 2648 sapientia
1551 2588 1668 2644 est;
1717 2580 1963 2648 sequitur
2016 2591 2074 2634 ut

505 2676 599 2743 qui
646 2680 794 2726 recte
844 2670 1132 2743 gloriatur,
1186 2670 1240 2724 in
1295 2670 1562 2740 sapientia
1617 2670 1904 2742 glorietur.
1939 2671 2073 2728 Glo-

506 2767 666 2821 riatio
710 2765 876 2836 igitur
931 2761 1258 2832 longanimis
1305 2769 1362 2816 et
1410 2762 1814 2830 misericordis,
1855 2765 2074 2835 sapien-

508 2859 580 2911 tia
626 2868 712 2911 est
752 2865 809 2910 et
860 2856 1066 2923 agnitio
1111 2853 1226 2908 Dei.
1276 2851 1604 2924 Supervenit
1652 2864 1834 2910 autem
1882 2871 2075 2926 pecca-

507 2949 715 3004 toribus
769 2946 1079 3002 absterrens
1133 2959 1228 3000 eos
1281 2961 1311 3000 a
1363 2945 1502 2999 malo
1532 2987 1548 3013 ,
1606 2961 1748 3000 nunc
1795 2949 2012 3017 quidem
2052 2989 2071 3019 ,

2179 459 2382 533 άληθὴς
2413 461 2552 534 ἀνὴρ
2583 461 2645 514 οὐ
2677 461 2995 518 κολακεύσει
3014 461 3076 516 τὸ
3107 463 3295 530 κακὸν,
3325 462 3439 516 ἀλλ’
3463 463 3674 534 ἐλέγξει
3696 503 3714 520 .

2246 634 2363 698 Πᾶς
2390 635 2449 700 δς
2486 639 2632 707 μισεῖ
2661 637 2752 691 τὸν
2779 638 2992 709 πτωχὸν
3012 638 3257 709 ἀδελφὸν,
3281 639 3426 694 κατά
3450 639 3533 705 τὸ,
3560 641 3756 695 Μακά-

2180 743 2285 797 ριοι
2319 728 2368 780 oi
2413 730 2617 799 πτωχοὶ
2640 728 2717 799 τῷ
2756 729 3044 799 πνεύματι,
3077 731 3159 784 ὅτι
3193 730 3370 785 αὐτῶν
3412 733 3562 785 ἐστιν
3592 733 3626 801 ἡ
3660 733 3756 801 βα-

2180 817 2351 871 σιλεία
2378 819 2484 872 τῶν
2508 820 2750 892 οὐρανῶν
2769 861 2784 885 ,
2819 824 2912 875 καὶ
2940 823 3160 893 ἀγάπης
3202 821 3339 876 Θεοῦ
3369 823 3466 877 καὶ
3507 823 3755 891 ἀγγέλων

2181 911 2398 983 μακράν
2448 913 2633 967 ἔσται·
2674 914 2707 986 ἢ
2742 917 2850 978 πᾶς
2893 915 2953 978 ὃς
3006 915 3234 984 ἀδελφὸν
3285 915 3486 986 ἀρετῆς
3539 916 3754 986 πτωχὸν

2176 1001 2303 1056 ὄντα
2329 1006 2495 1074 μισεῖ,
2519 1005 2614 1059 καὶ
2645 1007 2742 1076 τῆς
2777 1007 2912 1078 πρὸς
2944 1005 3012 1060 τὰ
3041 1007 3185 1079 πάθη
3215 1008 3394 1077 φιλίας
3415 1009 3754 1080 μακρύνεται

2177 1093 2270 1146 τοῦ
2312 1094 2446 1164 βίου.
2471 1098 2790 1170 -Ἀγαθὴν
2840 1099 3046 1154 ἔννοιαν
3093 1101 3194 1171 τὴν
3234 1099 3330 1154 τοῦ
3367 1099 3503 1155 Θεοῦ
3551 1101 3758 1170 γνῶσιν

2177 1181 2429 1254 ὠνόμασε
2450 1227 2464 1251 ,
2509 1186 2605 1240 καὶ
2651 1192 2766 1253 τοῖς
2797 1189 2993 1244 είδόσιν
3033 1190 3201 1262 αὐτὴν
3232 1193 3343 1255 τοῖς
3380 1179 3640 1262 καθαροῖς
3684 1195 3753 1263 τῇ

2177 1273 2392 1346 καρδίᾳ,
2427 1275 2584 1329 εἴωθε
2613 1279 2821 1343 τούτοις
2853 1281 3085 1350 ὲγγιείν·
3119 1285 3148 1335 6
3177 1282 3235 1335 δὲ
3280 1282 3596 1353 πειθόμενος
3633 1283 3756 1336 τοῦ·

2175 1383 2288 1430 τοις
2319 1367 2400 1430 είς
2423 1367 2680 1440 μάθησιν,
2712 1371 2972 1444 φρόνιμός
3005 1375 3142 1437 ἐστι,
3180 1375 3274 1428 καὶ
3306 1376 3524 1447 εὑρήσει
3558 1376 3752 1447 αὐτήν.

2174 1459 2317 1512 -Ὀ
2345 1459 2514 1514 πολλά
2547 1464 2858 1517 κακοποιῶν
2893 1464 2960 1518 δι’
2989 1465 3165 1537 ἔργων
3210 1467 3304 1520 καὶ
3346 1468 3519 1536 λόγων
3541 1509 3555 1532 ,
3600 1468 3753 1522 τελε-

2179 1558 2419 1626 σιουργετ
2441 1557 2660 1622 κακίαν,
2694 1559 2728 1629 ἡ
2759 1561 2908 1614 ἐστιν
2941 1562 3091 1615 πᾶσα
3133 1562 3376 1632 ἀμαρτία
3397 1581 3408 1592 ·
3453 1563 3513 1626 δς
3565 1563 3622 1617 δὲ
3666 1580 3755 1616 τε·

2177 1647 2479 1722 λεσιουργεί
2510 1652 2650 1706 κατά
2670 1653 2971 1725 ἀνθρώπων
2999 1654 3188 1722 λόγους
3212 1656 3292 1719 είς
3322 1655 3598 1710 ἀπώλειαν
3615 1697 3630 1721 ,
3657 1655 3756 1710 καὶ

2180 1743 2526 1815 βλασφημίας
2558 1745 2699 1800 κατὰ
2730 1746 2882 1812 Θεὸν,
2908 1749 2971 1801 οὐ
3001 1748 3302 1820 σωθήσεται
3336 1745 3508 1814 οὗτος.

2247 1921 2442 1994 Οὗτεή
2477 1923 2616 1977 κατά
2661 1923 2841 1996 ψυχὴν
2890 1924 3100 1998 τρυφὴ,
3155 1925 3279 1980 οὕτε
3328 1928 3362 1998 ἡ
3403 1927 3546 1982 κατά
3594 1928 3754 2001 σῶμα

2178 2015 2444 2086 συμφέρει
2471 2015 2550 2086 τῷ
2586 2016 2812 2088 ἄφρονι·
2845 2017 2945 2088 τὴν
2970 2017 3070 2088 μὲν
3096 2017 3206 2090 γάρ
3239 2022 3609 2092 καταπατήσει
3640 2025 3755 2088 τοῖς

2177 2106 2325 2169 ποσὶ,
2345 2108 2525 2177 χοῖρος
2557 2107 2838 2178 φιλήδονος
2863 2107 2968 2161 ὢν·
3006 2110 3112 2164 ὑπὸ
3137 2110 3193 2163 δὲ
3219 2111 3316 2181 τῆς
3341 2112 3600 2183 αἰσθητῆς
3626 2131 3755 2186 τρυ⁹

2177 2197 2337 2269 φῆςή
2373 2198 2509 2269 σάρξ
2539 2198 2702 2254 αὑτοῦ
2736 2200 2872 2271 πρὸς
2893 2200 3039 2271 πάθη
3073 2201 3453 2272 κινηθήσεται,
3489 2207 3580 2258 καὶ
3613 2205 3754 2261 κατὰ

2175 2289 2310 2342 Θεοῦ
2347 2288 2695 2361 βλασφημίας
2729 2290 2908 2362 ῥίψει·
2945 2293 2992 2345 εί
3023 2293 3116 2346 καὶ
3152 2293 3258 2346 ἀπὸ
3296 2293 3499 2349 δούλων
3535 2297 3750 2351 ἐλεύθε·

2179 2398 2291 2452 ρος,
2320 2381 2479 2436 τοῦτο
2512 2384 2747 2454 ποιήσει.

2245 2475 2309 2526 Εί
2337 2476 2366 2528 6
2397 2475 2748 2545 καυχώμενος
2775 2475 2970 2548 ὀρθῶς,
3005 2478 3062 2530 ὲν
3091 2477 3282 2550 Κυρίῳ
3308 2481 3606 2551 ηυχᾶται,
3637 2483 3666 2536 6
3695 2481 3754 2536 δὲ

2175 2565 2378 2640 Κύριος
2411 2567 2566 2638 ἡμῶν
2601 2567 2761 2636 σοφία
2799 2568 2974 2632 ἐστὶν,
3011 2573 3040 2623 6
3081 2571 3429 2644 καυχώμενος
3461 2574 3662 2647 ὀρθῶς,
3693 2577 3754 2630 ὲν

2176 2657 2339 2728 σοφία
2371 2661 2670 2730 καυχᾶται·
2713 2660 2776 2713 τὸ
2807 2661 3068 2732 καύχημα
3111 2664 3288 2720 τοίνυν
3337 2665 3431 2718 τοῦ
3475 2667 3753 2740 μακροθύ-

2177 2766 2280 2820 μου
2313 2751 2406 2804 καὶ
2429 2750 2718 2823 ὲλεήμονος
2741 2793 2756 2818 ,
2811 2753 2958 2806 ἐστὶν
2985 2756 3018 2826 ή
3045 2755 3203 2823 σοφία
3231 2757 3326 2812 καὶ
3364 2761 3396 2830 ἡ
3429 2759 3628 2827 γνῶσις
3655 2759 3756 2815 αὐ-

2171 2839 2268 2894 τοῦ
2292 2859 2305 2872 ⁸
2341 2843 2629 2914 ἐπέρχεται
2663 2845 2721 2898 δὲ
2753 2847 2864 2909 τοῖς
2905 2848 3244 2920 παρανόμοις
3271 2850 3625 2906 ἀπαλλάττων
3653 2853 3753 2906 αὑ·

2172 2934 2298 2998 τοὺς
2330 2935 2548 3000 κακίας,
2579 2935 2671 2991 νῦν
2701 2938 2800 3008 μὲν
2833 2939 3216 3012 ἐνδεχομένως,
3248 2944 3306 2997 ὲν
3325 2943 3382 2998 δὲ
3408 2944 3486 3016 τῷ
3503 2945 3752 3018 μέλλοντι

505 3039 682 3109 quoad
717 3039 829 3093 ﬁeri
868 3045 1083 3108 potest;
1114 3035 1167 3090 in
1201 3033 1386 3091 futuro
1415 3046 1596 3092 autem
1629 3037 1850 3105 saeculo.
1875 3055 2068 3098 neces-

2175 3025 2331 3081 αίῶνι
2361 3028 2692 3097 ἀναγκαίως.

505 3144 668 3186 sario.

572 3223 618 3256 "
649 3223 908 3278 Dominus
932 3229 1116 3277 noster
1142 3221 1282 3293 ignis
1319 3236 1646 3280 consumens
1673 3235 1780 3292 est.
1808 3238 1865 3284 et
1896 3229 2075 3288 iratus

504 3313 605 3369 leo.
661 3312 718 3367 In
757 3313 1132 3383 peccatoribus
1177 3312 1416 3369 amburit
1454 3317 1869 3387 consuluitque,
1921 3328 1981 3374 ιιι
2005 3320 2070 3374 Ιί-

503 3404 824 3475 gna,l‘enum
868 3414 961 3459 aut
995 3401 1252 3474 stipulam
1273 3445 1290 3472 ,
1324 3405 1646 3462 militantem
1672 3408 1935 3465 adversus
1961 3412 2074 3481 spi-

504 3498 664 3553 ritum
706 3511 947 3552 carnem.
994 3494 1112 3550 Lux
1152 3511 1282 3552 vero
1321 3506 1378 3552 et
1425 3512 1516 3553 ros
1555 3509 1704 3554 recte
1753 3503 2071 3571 agentibus,

503 3597 811 3644 monstrans
845 3587 954 3643 illis
980 3598 1223 3642 actarum
1267 3603 1449 3644 rerum
1487 3590 1748 3656 rationes,
1779 3603 1833 3646 et
1860 3595 2070 3648 exstin-

501 3695 672 3752 guens
707 3679 874 3750 ignita
905 3680 1008 3736 tela
1049 3681 1304 3750 maligni,
1336 3678 1779 3754 reirigeransque
1804 3684 1954 3741 illum
1977 3687 2072 3758 qui

501 3773 570 3828 ab
593 3771 801 3842 agendo
821 3773 1092 3844 contingit
1114 3773 1388 3829 ardorem.

566 3950 614 3985 ³⁸
643 3951 912 4022 lmpuram
945 3951 1184 4006 animam
1207 3960 1450 4007 scortum
1479 3952 1800 4024 appellavit;
1827 3963 1882 4011 et
1911 3953 2070 4026 hujus

496 4045 822 4108 mercedem,
853 4043 994 4097 dixit
1019 4043 1261 4113 ejusdem
1291 4046 1682 4114 substantiam.
1724 4063 1790 4105 ex
1819 4065 1926 4120 qua
1958 4065 2067 4106 non

495 4148 644 4204 pura:
680 4133 815 4190 liunt
845 4133 1168 4190 oblationes.

569 4226 616 4259 ⁸³
657 4227 864 4282 Docere
909 4226 1110 4283 liberos
1148 4227 1406 4284 virtutem
1439 4239 1496 4285 et.
1531 4232 1778 4288 notitiam
1809 4233 1904 4290 Dei
1929 4272 1946 4301 ,
1973 4251 2070 4305 pa-

497 4328 709 4373 rentum
745 4317 979 4375 oﬂicium
1007 4327 1108 4374 est.
1145 4317 1252 4375 Sed
1290 4321 1611 4392 sapientiam
1643 4325 1827 4394 pueris
1854 4327 2062 4393 indere,

495 4413 709 4468 Domini
755 4422 854 4468 est.
904 4413 1040 4468 Nam
1079 4415 1362 4470 mulierem
1410 4414 1497 4468 hic
1532 4414 1665 4469 dicit
1710 4417 2059 4486 sapientiam.

491 4507 650 4570 Ama,
680 4503 880 4575 inquit,
909 4505 1255 4576 sapientiam,
1279 4515 1333 4562 et
1354 4505 1705 4562 conservabit
1737 4517 1823 4574 te;
1853 4509 2062 4568 honora

490 4609 637 4663 eam,
669 4604 728 4651 ut
748 4608 799 4651 te
828 4596 1240 4666 complectatur.

564 4778 611 4810 ”
655 4777 1242 4848 Praecepta,quatenus
1283 4788 1410 4833 sunt
1451 4793 1482 4833 a
1521 4779 1871 4850 praecipiente
1911 4779 2057 4847 Deo,

491 4868 563 4922 ita
592 4867 934 4936 appellantur
963 4887 976 4922 :
1008 4877 1276 4938 quatenus
1293 4883 1423 4924 vero
1445 4869 1644 4924 mentis
1672 4870 1777 4925 iter
1794 4869 2057 4942 dirigunt,

491 4958 593 5011 viae
643 4958 916 5013 dicuntur.
969 4957 1074 5026 Qui
1120 4957 1212 5012 illa
1258 4959 1530 5025 custodit,
1581 4969 1765 5015 servat
1817 4962 2056 5018 animam

490 5064 643 5104 suam
676 5050 742 5105 de
773 5060 947 5104 morte
983 5051 1049 5105 ad
1084 5051 1251 5107 vitam
1282 5067 1299 5106 :
1330 5052 1420 5121 qui
1449 5053 1774 5120 contemnit,
1797 5064 2058 5110 aeternam

491 5150 724 5194 mortem
756 5141 1016 5199 incurret.

559 5233 608 5265 ”
643 5232 698 5286 In
740 5233 902 5288 rebus
934 5235 1153 5304 quidem
1199 5236 1550 5294 sensibilibus
1592 5241 1664 5294 ita
1711 5237 1786 5293 lit.
1838 5237 2057 5305 Quanto

488 5324 568 5377 sol
609 5323 735 5378 luna
766 5326 1133 5393 prestantior,
1166 5337 1320 5384 tanto
1351 5339 1573 5397 praestat
1605 5330 1709 5400 _ille
1756 5331 1848 5399 qui
1879 5333 2056 5384 virtu-

2257 3204 2315 3257 'O
2346 3205 2548 3278 Κύριος
2582 3207 2736 3279 ἡμῶν
2765 3208 2876 3281 πῦρ
2907 3211 3008 3282 μὲν
3047 3213 3438 3269 καταναλίσκον
3479 3218 3572 3271 καὶ
3612 3217 3752 3272 λέων

2172 3295 2522 3369 ὀργιζόμενος
2542 3315 2556 3330 ⁶
2592 3301 2727 3370 πρὸς
2748 3300 2804 3354 δὲ
2833 3304 2960 3367 τοὺς
2997 3305 3408 3375 ἁμαρτάνοντας
3453 3313 3751 3365 κατακαίον

2173 3392 2267 3444 καὶ
2295 3391 2603 3457 ἀναλίσκον,
2629 3392 2705 3457 ὼς
2744 3392 2874 3458 ξύλα
2902 3397 3112 3467 χόρτων
3142 3398 3393 3472 καλάμην
3411 3441 3426 3466 ,
3452 3402 3550 3473 τὴν
3583 3420 3750 3475 στρα-

2171 3483 2465 3555 τευομένην
2500 3485 2679 3556 σάρκα
2711 3488 2854 3542 κατὰ
2885 3489 2978 3542 τοῦ
3027 3490 3335 3562 πνεύματος
3355 3512 3368 3524 ο
3401 3493 3514 3564 φῶς
3554 3496 3611 3550 δὲ
3652 3497 3750 3550 καὶ

2171 3575 2359 3649 δρόσος
2390 3578 2527 3649 πρὸς
2547 3581 2674 3644 τοὺς
2703 3581 3103 3653 κατορθοῦντας
3123 3625 3138 3649 ,
3170 3585 3381 3650 δεικνὺς
3419 3590 3602 3654 αὐτοῖς
3639 3589 3750 3644 τῶν

2170 3669 2470 3738 γεγονότων
2499 3672 2622 3734 τοὺς
2648 3671 2869 3740 λόγους,
2909 3675 3003 3728 καὶ
3032 3677 3443 3734 κατασῦεννύων
3474 3682 3542 3736 τά
3575 3700 3750 3737 πεπυ-

2174 3763 2396 3836 ρωμένα
2429 3763 2556 3838 βέλη
2586 3765 2678 3818 τοῦ
2699 3767 2956 3839 πονηροῦ,
2988 3770 3079 3823 καὶ
3099 3771 3416 3844 περιψύχων
3445 3774 3535 3829 τὸν
3559 3776 3624 3829 ὲκ
3649 3776 3750 3847 τῆς

2171 3855 2422 3931 πράξεως
2457 3874 2519 3910 συ
2527 3857 2818 3930 μὸαίνοντα
2843 3860 3122 3918 καύσωνα.

2242 3949 2353 4022 τὴν
2375 3949 2682 4025 ἀκάθαρτον
2697 3952 2894 4027 ψυχὴν,
2925 3956 3148 4031 ἑταίραν
3172 3957 3424 4029 ὠνόμασε
3441 3976 3455 3990 ’
3489 3960 3582 4014 καὶ
3611 3959 3749 4013 ταῦ-

2168 4065 2270 4118 της
2300 4048 2360 4101 τὸ
2383 4047 2640 4120 μίσθωμα
2661 4089 2675 4113 ,
2710 4050 2809 4122 τὴν
2831 4052 3162 4107 κατάστασιν
3183 4053 3404 4125 είρηκεν
3435 4054 3624 4125 αὐτῆς,
3653 4057 3747 4127 ἀφ’

2166 4133 2235 4210 ἦς
2260 4139 2320 4192 οὐ
2343 4140 2580 4212 καθαραὶ
2602 4141 2844 4209 γίνονται
2874 4143 3194 4214 προσευχαί.

2241 4230 2314 4285 Τὸ
2343 4234 2442 4304 μὲν
2467 4233 2740 4289 διδάσκειν
2774 4237 2899 4300 τοὺς
2929 4239 3078 4300 υἱοὺς
3103 4237 3232 4308 περὶ
3263 4235 3464 4308 ἀρετῆς
3489 4238 3582 4291 καὶ
3605 4237 3746 4306 γνὼ-

2171 4342 2308 4390 σεως
2340 4325 2434 4379 τοῦ
2479 4326 2651 4390 Θεοῦ,
2697 4327 2805 4382 τῶν
2855 4329 3106 4400 πατέρων
3146 4330 3326 4384 ἐστίν·
3358 4330 3419 4383 τὸ
3460 4331 3517 4384 δὲ
3554 4332 3745 4402 σοφίαν

2167 4415 2350 4470 δοῦναι
2377 4420 2490 4482 τοῖς
2519 4418 2695 4484 παισὶ,
2715 4417 2809 4472 τοῦ
2835 4421 3040 4492 Κυρίου
3076 4422 3223 4475 ἐστί’
3259 4427 3490 4492 γυναῖκα
3512 4423 3621 4496 γάρ
3652 4426 3742 4477 ὲν-

2166 4508 2340 4563 ταῦθα
2370 4510 2470 4581 τὴν
2500 4511 2690 4578 σοφίαν
2721 4511 2887 4580 λέγει·
2918 4513 3496 4587 ἐράσθητιγάρ,φησὶ,
3525 4517 3622 4589 τῆς
3653 4533 3745 4571 σο-

2168 4603 2293 4672 φίας
2312 4643 2326 4669 ,
2347 4607 2442 4658 καὶ
2483 4606 2711 4677 τηρήσει
2749 4624 2809 4660 σε
2831 4625 2844 4638 ·
2868 4607 3097 4679 τίμησον
3136 4609 3304 4682 αὐτὴν
3323 4649 3338 4675 ,
3374 4611 3460 4664 ἴνα
3495 4628 3553 4665 σε
3583 4629 3744 4685 περι-

2167 4695 2327 4771 λάϐῃ.

2235 4791 2300 4842 Δί
2339 4789 2582 4856 ἐντολαὶ,
2633 4789 2708 4855 ὡς
2745 4791 2880 4862 πρὸς
2919 4792 3018 4864 μὲν
3061 4792 3152 4846 τὸν
3185 4794 3559 4865 ἐντειλάμενον
3587 4794 3741 4860 Θεδν,

2166 4878 2455 4933 καλοῦνται
2479 4879 2720 4934 ὲντολαί·
2754 4881 2829 4946 ὡς
2856 4882 2911 4936 δὲ
2941 4883 3076 4957 πρὸς
3104 4884 3199 4937 τὸν
3228 4884 3479 4938 ὁδεύοντα
3507 4885 3633 4938 νοῦν
3683 4887 3742 4938 ἐν

2165 4974 2357 5036 αὑταῖς
2378 5013 2394 5037 ,
2423 4971 2714 5028 καλοῦνται
2744 4974 2884 5028 ὁδοί·
2923 4978 3018 5032 καὶ
3049 4979 3079 5030 6
3111 4977 3211 5048 μὲν
3233 4977 3553 5047 φυλάσσων,
3587 4982 3746 5051 τηρεῖ

2166 5066 2231 5116 ὲκ
2264 5065 2494 5118 θανάτου
2527 5065 2664 5136 πρὸς
2703 5064 2849 5137 ζωὴν
2891 5067 2990 5138 τὴν
3021 5067 3198 5140 ψυχὴν
3231 5069 3423 5124 ἑαυτοῦ
3444 5087 3458 5100 ο
3489 5073 3518 5125 6
3558 5070 3615 5124 δὲ
3645 5088 3746 5124 κα-

2166 5158 2469 5230 ταφρονῶν,
2496 5158 2588 5211 τὸν
2615 5158 2918 5229 ἀπέραντον
2949 5159 3181 5215 θάνατον
3211 5161 3472 5216 θανεῖται.

2249 5252 2371 5304 Ἐπὶ
2397 5251 2497 5322 μὲν
2516 5251 2626 5304 τῶν
2652 5251 2924 5323 αίσθητῶν
2944 5252 3115 5317 οὕτως
3140 5252 3251 5324 ἔχει
3268 5271 3281 5284 ο
3309 5255 3431 5307 ὅσον
3453 5253 3509 5306 δὲ
3534 5254 3562 5306 6
3593 5253 3743 5323 ἥλιος

2161 5342 2263 5413 τῆς
2296 5342 2526 5413 σελήνης
2575 5341 2879 5413 ὑπερφυὴς,
2931 5343 3182 5396 τοσοῦτον
3229 5345 3258 5396 ὀ
3313 5343 3480 5396 ἐλεῶν
3518 5344 3643 5405 τοὺς
3683 5343 3742 5394 ὲν

492 5417 637 5471 tibus
668 5416 859 5486 inopes
893 5419 1204 5490 miseratur,
1248 5437 1506 5478 recreans
1545 5439 1637 5479 eos
1677 5425 1963 5495 disciplina
2003 5433 2058 5478 et

2173 5434 2408 5504 πτωχείᾳ
2439 5432 2649 5505 ἀρετῶν
2678 5432 2773 5485 καὶ
2801 5432 3183 5505 ἀνακτώμενος
3206 5436 3404 5498 αὐτοὺς
3438 5437 3497 5488 ἐν
3523 5435 3742 5506 παιδείᾳ

491 5509 710 5566 monitis
749 5509 981 5568 Domini.
1016 5511 1222 5569 Donum
1259 5525 1436 5572 autem
1469 5516 1576 5572 Deo
1599 5517 1846 5573 oblatum
1871 5560 1886 5584 ,
1929 5517 2060 5572 dicit

2173 5525 2257 5577 καὶ
2287 5523 2536 5596 νουθεσίᾳ.
2561 5524 2767 5594 Κυρίου
2787 5541 2800 5555 ’
2837 5525 2976 5595 δόμα
3019 5527 3076 5578 δὲ
3108 5527 3307 5581 διδόναι
3341 5527 3420 5600 τῷ
3453 5526 3612 5600 Θεῷ,
3640 5525 3740 5591 τὴν

563 5671 606 5702 ³⁸
631 5686 681 5724 v.
711 5670 764 5724 7.
839 5673 1082 5728 "v.10.
1161 5675 1219 5745 ,⁸⁸
1255 5676 1430 5730 v.11.
1504 5679 1545 5708 "
1586 5694 1635 5732 v.
1683 5681 1766 5732 12.

1856 5683 1899 5711 ⁹¹
1937 5698 1984 5734 v.
2014 5682 2100 5736 l3.
2176 5684 2220 5715 ⁵³
2255 5700 2301 5740 v.
2335 5684 2417 5737 Η.
2510 5684 2556 5716 ⁸⁸
2593 5699 2640 5737 v.
2677 5684 2761 5740 l6.
2851 5686 2900 5717 ”
2933 5702 2981 5737 ν.
3014 5685 3095 5739 Π.
