4172 6396
399 443 507 498 209

1562 423 1927 483 EXPOSITIO
1962 422 2028 478 IN
2065 420 2479 478 PROVEBBIA.

3548 419 3655 473 9.10

402 558 750 631 καθαρότητα
786 556 884 625 τῆς
934 554 1159 625 καρδίας
1191 553 1473 623 ὠνόμασε·
1509 548 1651 602 κατὰ
1694 543 1972 613 ἀναλογίαι

2086 542 2270 597 cordis
2294 539 2629 596 munditiem.
2671 536 2804 590 Nam
2838 548 2936 605 pro
2980 541 3096 587 rata
3129 541 3284 605 parte
3323 531 3653 588 innocentia;

400 652 511 722 γάρ
539 650 639 720 τῆς
668 647 935 710 ἀπαθείας
963 646 1121 717 ἡμῶν
1154 642 1559 715 καταξιούμεθα
1588 638 1841 710 γνώσεως
1873 636 1978 690 ὑπὸ

400 742 496 797 τοῦ
527 741 683 795 Θεοῦ.

478 837 545 887 Ὃ
568 833 716 903 λέγει
739 831 979 886 τοιοῦτόν
1012 832 1130 884 ἐστι
1157 829 1287 902 περὶ⁹
1315 829 1424 883 τῶν
1444 831 1503 883 ἐν
1529 827 1605 899 τῷ
1629 826 1727 897 βίῳ
1745 840 1759 855 ⁸
1791 822 1902 892 ἐγὼ
1922 822 1980 875 δὲ

403 925 627 999 νομίζω,
649 924 746 997 τὴν
772 925 870 996 μὲν
904 923 1101 995 πολλὴν
1132 923 1336 995 ζημίαν
1355 962 1369 987 ,
1408 921 1662 993 στέρησιν
1707 916 1979 988 περιέχειν

400 1018 503 1089 τῆς
531 1018 763 1090 θεωρίας
797 1017 907 1070 τῶν
946 1017 1249 1086 γεγονότων
1274 1034 1287 1046 ο
1318 1014 1415 1087 τὴν
1452 1014 1509 1067 δέ
1540 1011 1855 1085 προσθήκην
1882 1011 1979 1081 τῆς

399 1109 610 1181 ψυχῆς,
643 1109 949 1180 ἀφανισμὸν
992 1108 1102 1161 τῶν
1136 1107 1380 1177 φυσικῶν
1414 1106 1541 1179 περὶ
1578 1104 1711 1159 Θεοῦ
1737 1101 1977 1167 ἐννοιῶν,

402 1200 749 1254 παντάπασιν
769 1199 938 1269 αὐτῆς
972 1199 1052 1262 είς
1080 1198 1300 1267 ἀλογίαν
1340 1194 1757 1265 καταπεσούσης
1782 1210 1794 1223 ·
1828 1192 1924 1246 καὶ
1950 1194 1980 1247 6

402 1292 592 1364 Σωτὴρ
604 1292 659 1345 δέ
677 1294 735 1346 ἐν
758 1294 869 1354 τοῖς
886 1289 1234 1359 Εύαγγελίοις
1265 1288 1428 1359 φησί·
1466 1287 1527 1341 Τί
1540 1282 1979 1355 ὠφεληθήσεται

401 1385 734 1453 ἄνθρωπος,
752 1384 860 1437 ἐὰν
889 1383 997 1436 τὸν
1027 1382 1260 1451 κόσμον
1283 1378 1432 1436 ὅλον
1461 1378 1751 1448 κερδήσῃ,
1769 1375 1885 1444 τὴν
1911 1373 1981 1427 δὲ

401 1477 617 1546 ψυχὴν
634 1476 819 1531 αὐτοῦ
832 1473 1105 1542 ἀπολέσῃ
1125 1471 1224 1526 καί
1236 1468 1487 1541 ζημιωθῇ
1492 1469 1761 1534 ;Ενταῦθα
1774 1470 1808 1540 ὴ
1831 1466 1979 1522 ἀπώ-

400 1567 517 1621 λεια
536 1567 634 1639 τὴν
657 1569 880 1637 ἄγνοιαν
909 1566 1173 1636 σωμάτων
1221 1565 1316 1619 καὶ
1350 1563 1657 1635 ἀσωμάτων
1693 1561 1975 1632 ἐμφαίνει·

399 1660 435 1730 ὴ
477 1660 532 1712 δὲ
561 1658 730 1729 ζημία
764 1657 863 1729 τὴν
894 1656 1128 1729 ἐσχάτην
1154 1656 1375 1726 ἀλογίαν
1405 1656 1752 1730 παρίστησιν.

473 1835 537 1887 Et
565 1832 727 1903 φόϐος
756 1832 962 1904 Κυρίου
990 1833 1071 1896 εἰς
1100 1831 1243 1903 ζωὴν
1265 1831 1419 1903 ἀνδρὶ
1438 1871 1453 1895 ,
1484 1831 1644 1900 φόϐος
1674 1831 1732 1886 δέ
1768 1832 1973 1904 Κυρίου

403 1925 564 1995 σοφία
585 1926 678 1979 καὶ
701 1924 918 1978 παιδεία
939 1963 953 1988 ,
984 1926 1018 1995 ἡ
1051 1923 1163 1995 ζωὴ
1190 1922 1283 1977 τοῦ
1321 1923 1510 1995 ἀνδρὸς
1537 1922 1645 1995 άρα
1674 1924 1833 1994 σοφία
1858 1924 1975 1977 ἐστὶ

401 2017 497 2072 καὶ
540 2017 786 2071 ’παιδεία⁹
836 2016 898 2069 τὸ
940 2013 1034 2070 οῦν
1075 2016 1275 2085 γνῶναι
1318 2019 1509 2089 σοφίαν
1567 2018 1661 2072 καὶ
1703 2017 1970 2083 παιδείαν,

400 2106 601 2176 γνῶναί
630 2109 745 2160 ἐστι
776 2106 867 2160 τὸν
898 2105 1131 2177 Χριστὸν
1170 2108 1266 2160 καὶ
1292 2108 1391 2180 τὴν
1414 2108 1576 2163 αὑτοῦ
1592 2108 1936 2162 διδασκαλίαν
1954 2124 1968 2139 ·

401 2203 431 2255 6
456 2196 547 2255 οὖν
592 2201 793 2270 ἄφοϐος
839 2200 995 2255 ἔσται
1055 2201 1114 2255 ἐν
1162 2202 1331 2275 κακίᾳ
1361 2205 1455 2259 καὶ
1490 2206 1734 2277 ἀγνωσία
1754 2247 1767 2271 ,
1800 2207 1857 2260 ἐν
1888 2201 1974 2269 αῖς

398 2293 499 2348 οὐκ
529 2291 675 2346 ἐστιν
707 2294 735 2346 ὁ
772 2292 1038 2364 Χριστόςο
1074 2295 1124 2347 οί
1164 2290 1257 2348 οὖν
1296 2298 1357 2350 ἐν
1396 2297 1566 2369 κακίᾳ
1598 2297 1691 2350 καὶ
1728 2297 1976 2369 ἀγνωσία

399 2382 629 2449 ζῶντες,
664 2385 765 2437 οὐκ
793 2384 1209 2439 ἐπισκέπτονται
1236 2388 1294 2440 ἐν
1333 2389 1515 2451 αὐτοῖς
1554 2389 1645 2441 τὸν
1672 2388 1833 2459 φόϐον
1877 2388 1972 2442 τοῦ

397 2476 532 2530 Θεοῦ
558 2517 573 2541 ,
619 2478 713 2531 καὶ
746 2478 807 2531 τὸ
837 2478 985 2542 ἔλεος
1016 2479 1101 2549 ἐφ’
1138 2481 1354 2544 ἑαυτοῖς
1381 2482 1455 2553 μὴ
1482 2482 1789 2547 ἐλπίζοντες
1807 2501 1820 2513 ·
1853 2482 1973 2537 οὐδὲ

398 2568 633 2639 Χριστός
660 2572 809 2623 ἐστιν
834 2571 893 2624 ἐν
920 2571 1127 2637 αὐτοῖς,
1158 2571 1310 2643 παρά
1330 2571 1391 2626 τὸ
1421 2571 1498 2644 μὴ
1530 2572 1702 2627 θέλειν
1733 2574 1949 2638 αύτούς.

476 2831 535 2886 '0
569 2833 644 2903 μὴ
663 2834 839 2906 ὀρθῶς
866 2836 1034 2908 βιοὺς,
1061 2839 1294 2910 κρύπτει
1322 2841 1379 2895 ἐν
1405 2842 1476 2912 τῇ
1500 2840 1646 2913 ψυχῇ
1678 2842 1843 2896 αὐτοῦ
1873 2842 1973 2908 τὰς

394 2925 580 2996 χεῖρας
620 2925 841 2995 ἀδίκως,
893 2929 994 3001 τὴν
1024 2930 1217 2984 ἐαυτοῦ
1243 2932 1345 3001 γῆν
1369 2932 1706 3003 ἐργάσασθαι
1741 2934 1818 3007 μὴ
1853 2935 1973 3005 βου-

397 3014 639 3085 λόμενος,
672 3021 921 3074 τουτέστι
952 3023 1012 3075 τὸ
1042 3022 1200 3095 σῶμα
1220 3042 1233 3053 ·
1274 3024 1409 3096 μηδὲ
1465 3026 1844 3097 ἐμπλησθῆναι
1878 3028 1975 3101 ἀρ-

391 3128 501 3167 των
521 3111 763 3184 ψυχικῶν
779 3130 791 3144 ·
817 3115 873 3168 αί
894 3115 1001 3187 γὰρ
1017 3116 1318 3186 πρακτικαὶ
1337 3118 1550 3188 ἀρεταὶ,
1574 3120 1771 3191 χειρῶν
1791 3122 1972 3193 ἔχουσι

2080 641 2302 697 nostra,
2327 629 2558 686 scientia
2585 629 2848 683 donamur
2878 638 2907 677 a
2941 623 3066 678 Deo.

2153 814 2201 847 οσ
2230 812 2384 881 Quod
2412 811 2563 877 dicit,
2598 810 2669 866 ita
2694 822 2886 877 reapse
2913 807 2967 861 in
3016 805 3199 861 mundi
3238 806 3404 862 rebus
3441 789 3656 862 comta-'-

2080 904 2175 977 git.
2212 906 2328 976 Ego
2358 920 2487 960 vero
2509 904 2787 967 existimo,
2819 915 2985 969 grave
3011 899 3231 971 quidem
3254 899 3537 964 damnum,
3568 897 3655 953 in-

2080 999 2250 1069 telligi
2310 998 2674 1068 privationem
2735 994 2973 1050 notionis
3036 1006 3229 1048 eorum
3276 1004 3398 1060 quae
3454 989 3650 1045 ﬁunt:

2082 1092 2277 1148 animae
2317 1105 2449 1146 vero
2496 1088 2885 1155 traditionem,
2923 1084 3366 1143 obscurationem
3400 1094 3519 1136 esse
3563 1096 3659 1135 na-

2083 1182 2338 1240 turalium
2370 1182 2437 1237 de
2455 1182 2566 1236 Deo
2601 1180 2904 1244 notionum,
2932 1193 3057 1233 cum
3098 1174 3281 1229 anima
3306 1174 3360 1228 in
3382 1172 3655 1228 omnimo-

2079 1276 2202 1331 dam
2256 1274 2536 1329 vesaniam
2576 1272 2792 1329 incidit.
2836 1270 3091 1326 Salvator
3132 1282 3348 1339 quoque
3386 1266 3440 1321 in
3475 1264 3655 1319 Evan-

2078 1368 2235 1440 geliis
2285 1369 2364 1422 ait
2405 1384 2422 1423 :
2473 1365 2617 1433 Quid
2663 1366 2898 1435 proderit
2959 1362 3200 1429 homini,
3251 1361 3298 1415 si
3354 1360 3652 1413 universum

2079 1461 2337 1516 mundum
2362 1460 2619 1525 lucretur,
2647 1459 2838 1513 anima:
2866 1472 2989 1513 vero
3010 1472 3122 1512 sure
3143 1453 3355 1509 exitiale
3380 1450 3657 1506 detrimen-

2078 1560 2192 1605 tum
2246 1552 2488 1621 patiatur
2522 1549 2566 1581 ⁸⁷
2607 1548 2632 1603 ?
2681 1547 2797 1603 Hoc
2844 1547 2966 1602 loco
3011 1544 3248 1617 perditio
3292 1541 3651 1615 ignorantiam

2078 1642 2441 1711 corporalium
2478 1639 3008 1710 incorporaliumque
3027 1653 3207 1693 rerum
3246 1636 3470 1691 denotat
3503 1652 3518 1690 :
3556 1635 3656 1689 de-

2080 1736 2424 1800 trimentum,
2460 1741 2762 1787 extremam
2798 1729 3076 1784 vesaniam
3104 1727 3397 1798 signiﬁcat.

2151 1826 2197 1858 ⁹⁸
2234 1823 2291 1880 Si
2321 1826 2486 1881 timor
2512 1823 2728 1879 Domini
2767 1824 2833 1876 ad
2866 1820 3035 1874 vitam
3063 1820 3183 1875 viro
3205 1827 3328 1885 est;
3362 1819 3522 1875 timor
3548 1833 3653 1873 au-

2079 1927 2185 1973 tem
2209 1916 2424 1973 Domini
2452 1914 2720 1986 sapientia
2751 1912 3114 1982 etdisciplina
3139 1927 3156 1977 ;
3190 1916 3439 1980 sequitur
3459 1920 3518 1965 ut
3539 1912 3651 1966 vita

2074 2011 2174 2066 viri
2208 2010 2282 2066 sit
2320 2009 2585 2079 sapientia
2606 2023 2671 2063 ac
2708 2005 3015 2076 disciplina.
3057 2003 3200 2074 Ergo
3243 2018 3403 2059 nosse
3432 2004 3652 2073 sapien-

2074 2101 2206 2155 tiam
2240 2115 2305 2155 ac
2336 2098 2716 2168 disciplinam,
2754 2096 2895 2152 idem
2931 2107 3018 2153 est
3062 2112 3129 2153 ac
3165 2110 3331 2151 nosse
3371 2094 3648 2150 Christum

2073 2192 2297 2263 ejusque
2337 2188 2663 2245 doctrinam.
2703 2188 2807 2256 Qui
2832 2203 2965 2259 ergo
3008 2189 3126 2243 sine
3171 2188 3267 2243 Dei
3304 2187 3501 2242 timore
3528 2197 3653 2253 est,

2073 2265 2149 2340 in.
2188 2282 2434 2353 nequitia
2484 2290 2539 2337 et
2593 2281 2898 2350 ignorantia
2943 2280 3289 2347 versabitur,
3348 2279 3401 2333 in
3449 2277 3649 2349 quibus

2072 2383 2226 2431 certe
2254 2373 2510 2429 Christus
2548 2384 2656 2427 non
2692 2379 3082 2426 commoratur.
3127 2370 3297 2442 [gitur
3334 2370 3427 2440 qui
3463 2370 3517 2424 in
3551 2382 3647 2424 ne-

2071 2465 2241 2536 quitia
2272 2472 2330 2520 et
2360 2463 2669 2537 ignorantia
2700 2462 2931 2527 vivunt,
2964 2477 3072 2516 non
3115 2461 3560 2516 animadvertunt
3590 2460 3644 2514 in

2072 2573 2133 2616 se
2184 2557 2437 2613 timorem
2494 2556 2633 2619 Dei,
2682 2568 2859 2625 neque
2901 2552 3337 2610 misericordiam
3382 2552 3504 2623 ejus
3540 2552 3650 2609 sibi

2071 2658 2331 2724 sperant;
2366 2662 2541 2719 neque
2578 2647 2832 2703 Christus
2868 2645 2925 2701 in
2960 2647 3043 2703 eis
3083 2654 3200 2714 est,
3231 2645 3356 2715 quia
3401 2646 3504 2713 ipsi
3545 2658 3645 2700 no-

2071 2745 2206 2799 lunt.

2138 2837 2184 2869 ”
2215 2834 2320 2903 Qui
2366 2841 2517 2890 recte
2555 2846 2666 2888 non
2704 2828 2862 2895 vivit,
2893 2842 3086 2882 manus
3115 2828 3168 2883 in
3204 2829 3426 2900 propria
3465 2828 3647 2883 anima

2072 2926 2360 2984 abscondit
2387 2926 2610 2997 injuste,
2645 2931 2846 2977 terram
2879 2932 3033 2973 suam
3062 2918 3252 2974 nolens
3277 2920 3563 2984 excolere,
3591 2919 3645 2973 id

2071 3032 2158 3076 est
2199 3034 2432 3090 corpus,
2481 3031 2657 3085 neque
2700 3012 3042 3085 spiritalibus
3114 3011 3349 3068 saturari
3394 3010 3644 3082 panibus.

2070 3114 2205 3170 Nam
2246 3114 2505 3185 practica:
2543 3110 2777 3165 virtutes
2820 3124 3083 3165 manuum
3121 3115 3312 3162 tenent
3343 3106 3647 3171 rationem,

392 3203 570 3273 λόγον,
606 3207 661 3258 αἱ
690 3205 781 3258 τὸν
810 3205 974 3277 ἄρτον
1000 3205 1079 3278 τῷ
1107 3207 1334 3279 στόματι
1360 3210 1392 3281 ἡ
1403 3208 1517 3280 μῶν
1539 3213 1967 3283 προσφέρουσαι,

2073 3220 2260 3275 emque
2294 3217 2489 3275 panem
2565 3200 2648 3256 ori
2693 3207 2881 3255 nostro
2925 3199 3259 3263 admovent,
3294 3211 3522 3266 panem,
3574 3195 3655 3250 in-

391 3293 485 3347 τδν
505 3295 613 3349 ἀπὸ
642 3296 749 3349 τῶν
772 3297 1019 3368 οὐρανῶν
1044 3299 1360 3353 καταϐάντα
1379 3340 1395 3367 ,
1437 3301 1531 3355 καὶ
1569 3301 1714 3374 ζωὴν
1754 3303 1965 3359 διδόντα

2073 3314 2259 3370 quam,
2288 3296 2384 3368 qui
2416 3295 2483 3351 de
2512 3293 2650 3351 ccelo
2674 3291 2993 3357 descendit,
3024 3291 3301 3361 vitamque
3325 3288 3529 3345 mundo
3558 3289 3653 3344 dat

390 3385 469 3458 τῷ
487 3386 678 3459 κόσμῳ
703 3388 770 3442 δι’
796 3388 981 3445 ἐνθέου
1015 3391 1209 3461 σοφίας
1229 3392 1324 3447 καὶ
1354 3392 1627 3462 γνώσεως.

2070 3389 2438 3461 perdivinam
2471 3384 2797 3458 sapientiam
2825 3392 2881 3438 et
2908 3382 3217 3439 scientiam.

1853 3490 2006 3548 CAP.
2044 3489 2163 3546 XX.

460 3576 523 3629 Εί
540 3575 729 3648 ὲθυμὸς
752 3577 1060 3648 δρακόντων
1099 3581 1129 3633 6
1169 3575 1311 3645 οἶνος
1340 3580 1550 3647 αὐτῶν,
1581 3582 1878 3638 ἀκόλαστον
1905 3584 1965 3637 δὲ

389 3668 419 3719 6
444 3661 615 3731 οῐνος,
648 3667 943 3733 ἀκόλαστος
982 3668 1090 3740 ἀρα
1124 3671 1154 3722 6
1198 3670 1369 3742 θυμὸς
1388 3710 1402 3735 ,
1426 3672 1754 3738 ἀκολάστους
1798 3675 1967 3728 ποιῶν

389 3756 516 3819 τοὺς
565 3755 917 3827 ἀνθρώπους·
962 3759 1057 3812 καὶ¹
1100 3759 1412 3831 ὑϐριστικὸν
1458 3764 1491 3833 ἡ
1534 3763 1710 3835 όργήο
1759 3764 1968 3833 γίνεται

389 3846 500 3918 γὰρ
525 3840 632 3901 ἀπὸ
654 3847 865 3913 ζέοντος
887 3849 1059 3921 θυμοῦ
1084 3868 1098 3882 ο
1130 3852 1258 3906 εἰδὲ
1283 3852 1424 3907 οἴνου
1446 3856 1493 3907 oi
1517 3855 1818 3927 Ναζαραῖοι
1838 3857 1980 3912 κατά

387 3938 482 3990 τὸν
521 3937 684 4009 νόμον
723 3940 1051 4011 ἀπέχονται,
1098 3940 1271 4013 θυμοῦ
1312 3943 1419 4015 ἄρα
1466 3946 1591 4010 τοὺς
1632 3945 1978 4021 Ναζαραίους

391 4028 548 4093 ἐκτὸς
570 4024 708 4083 εἶναι
739 4030 1179 4103 νενομοθέτηται.

472 4204 739 4261 Ἐνταῦθα
762 4207 852 4261 τὸν
883 4209 1121 4279 Χριστὸν
1154 4210 1413 4282 ἄντικρυς
1433 4210 1623 4283 είρηκε
1655 4213 1905 4283 βασιλέαο
1938 4216 1968 4268 6

390 4295 499 4368 γὰρ
524 4298 712 4353 τοῦτον
742 4299 828 4353 διὰ
853 4301 960 4355 τῶν
984 4302 1268 4374 ἁμαρτιῶν
1292 4303 1608 4374 παροξύνων
1624 4346 1637 4370 ,
1666 4307 1968 4378 ἁμαρτάνει

387 4390 473 4453 είς
493 4391 592 4463 τὴν
623 4392 817 4445 ἐαυτοῦ
847 4392 1044 4464 ψυχήν.

468 4486 680 4556 Ὠσπερ
710 4487 739 4538 6
772 4485 961 4556 ἄφρων
990 4486 1049 4539 τὸ
1070 4487 1273 4552 ὄνειδος
1301 4488 1403 4541 ούκ
1429 4488 1763 4559 αἰσχύνεται,
1794 4489 1966 4555 οὕτως

2144 3581 2163 3612 ¹
2214 3578 2273 3634 Si
2328 3577 2479 3632 furor
2520 3574 2860 3635 draconum,
2904 3571 3092 3625 vinum
3136 3583 3369 3635 eorum;
3418 3578 3505 3623 est
3549 3582 3649 3623 au-

2073 3682 2181 3728 tem
2238 3683 2330 3726 res
2379 3670 2752 3738 intemperans
2804 3665 3042 3731 vinum;
3088 3678 3221 3734 ergo
3276 3663 3651 3733 intemperans

2072 3761 2259 3826 (uror,
2302 3762 2730 3829 intemperantes
2777 3772 2874 3813 seu
2920 3754 3154 3812 eﬂ‘renes
3200 3755 3410 3811 faciens
3461 3755 3646 3810 homi-

2072 3866 2186 3907 nes.
2220 3849 2315 3904 Est
2352 3849 2481 3903 item
2518 3847 2910 3903 contumeliosa
2951 3848 3073 3910 ira,
3103 3860 3223 3915 qua:
3257 3844 3317 3898 ﬁt
3354 3858 3422 3899 ex
3447 3845 3648 3899 arden-

2071 3952 2125 3999 te
2158 3942 2363 3997 furore.
2402 3940 2557 4009 Quod
2597 3941 2643 3995 si
2682 3942 2808 3996 vino
2836 3940 3082 3996 Nazarzei
3108 3940 3261 4010 juxta
3307 3938 3482 4008 legem
3518 3938 3650 3991 abs-

2074 4035 2271 4098 tinent,
2308 4042 2461 4087 extra
2495 4030 2736 4086 furorem
2768 4046 2889 4088 esse
2924 4031 3212 4086 Nazarazos
3236 4030 3353 4101 lege
3382 4038 3647 4085 statutum

2067 4132 2175 4178 est.

2146 4214 2167 4245 ³
2202 4211 2316 4267 Hoc
2360 4210 2479 4267 loco
2519 4212 2802 4267 Christum
2843 4213 3125 4268 evidenter
3169 4212 3462 4284 appellavit
3502 4214 3651 4283 regis

2072 4304 2312 4361 nomine.
2347 4304 2483 4358 Nam
2513 4307 2607 4373 qui
2635 4303 2915 4359 Christum
2943 4305 3183 4374 peccatis
3214 4306 3417 4370 irritat,
3450 4303 3647 4359 adver-

2072 4412 2168 4453 sus
2188 4396 2431 4450 animam
2466 4410 2623 4450 suam
2656 4403 2861 4465 peccat.

2146 4487 2167 4520 ³
2192 4488 2346 4544 Sicut
2375 4488 2575 4544 stultus
2605 4488 2967 4558 exprobralus
2997 4502 3104 4543 non
3139 4487 3430 4552 erubescit,
3459 4487 3533 4542 ita
3556 4487 3648 4555 qni

388 4578 422 4631 6
451 4576 834 4647 δανεισάμενος
864 4581 1007 4631 σῖτον
1041 4581 1261 4651 σπεῖραι
1302 4580 1361 4633 ἐν
1391 4581 1588 4652 ἀμητῷ
1607 4599 1620 4611 ·
1670 4582 1770 4653 ἤδη
1798 4582 1880 4635 ὅτι
1903 4584 1968 4637 ἐκ

2073 4581 2259 4637 fenore
2295 4582 2515 4652 accipit-
2538 4580 2874 4636 frumentum
2916 4581 2983 4634 ad
3016 4582 3308 4636 serendum
3353 4580 3407 4635 in
3448 4595 3645 4635 messe.

389 4666 485 4721 τοῦ
505 4666 773 4738 γεωργίου
799 4667 962 4721 αὑτοῦ
988 4668 1379 4739 ἀποδοθήσεται
1408 4670 1485 4740 τῷ
1509 4670 1833 4734 δανείσαντι,
1864 4669 1967 4724 κᾶν

385 4759 526 4833 τύχῃ
558 4759 849 4813 ἀποθανεῖν
878 4760 971 4813 τὸν
1006 4760 1516 4815 δανεισθέντα.-Εί
1546 4761 1692 4816 ἔστιν
1730 4763 1789 4815 ἐν
1824 4764 1965 4834 ἀμη-

386 4852 466 4923 τῷ
487 4855 631 4906 σῖτον
656 4852 1002 4906 δανείσασθαι
1029 4853 1181 4924 παρά
1209 4854 1318 4907 τῶν
1350 4853 1739 4926 ἐργασαμένων
1767 4857 1826 4908 ἐν
1852 4858 1964 4918 τοῖς

387 4944 449 5009 ἐξ
468 4945 611 4998 ἔτεσι
632 4945 729 5016 τὴν
753 4944 957 4998 ἑαυτῶν
988 4944 1112 5015 γῆν,
1141 4946 1385 4999 τουτέστι
1418 4947 1568 5017 παρά
1594 4946 1703 5000 τῶν
1732 4947 1831 5017 τῆς
1860 4946 1964 5019 πρὸ

385 5036 482 5091 τοῦ
507 5036 742 5109 Χριστοῦ
783 5037 1080 5107 παρουσίας
1114 5038 1172 5090 ἐν
1203 5039 1314 5101 τοῖς
1346 5037 1404 5105 ἐξ
1440 5038 1601 5092 αίῶσι
1637 5024 1965 5109 λαμψάντων

384 5126 607 5181 δικαίων
635 5130 728 5181 καὶ
761 5128 1055 5200 προφητῶν
1082 5128 1181 5193 τὰς
1219 5128 1420 5200 ἀρετάς
1455 5131 1827 5201 μιμήσασθαι,
1858 5131 1967 5183 τῶν

385 5221 482 5273 καὶ
524 5221 832 5291 τρεφόντων
878 5222 937 5273 ἐν
962 5219 1040 5291 τῷ
1070 5221 1283 5292 ἐδδόμῳ
1310 5222 1418 5274 ἔτει
1447 5223 1621 5293 χήραν
1662 5224 1756 5276 καὶ
1798 5225 1967 5295 ὀρφα-

387 5313 551 5376 νοὺς,
593 5314 672 5375 είς
720 5312 783 5366 τὸ
825 5313 1252 5383 ἀνταποδοθῆναι
1292 5316 1473 5379 αὐτοῖς
1520 5316 1577 5369 ἐν
1617 5318 1684 5387 τῇ
1721 5315 1966 5390 βασιλεία

385 5402 494 5456 τῶν
521 5403 766 5475 οὐρανῶν
793 5404 887 5457 τὸν
910 5405 1103 5475 μισθὸν
1143 5406 1242 5477 τῆς
1276 5405 1551 5471 ἐνδείξεως
1586 5407 1696 5460 τῶν
1724 5392 1958 5479 ἀρετῶν,

395 5492 473 5556 ὡς
498 5493 722 5567 ἀπαρχὴ
748 5494 1036 5563 γεγονότες
1065 5496 1175 5548 τῶν
1197 5496 1430 5567 ἀρετῶν.

456 5671 565 5738 υῦς
606 5675 726 5727 κατ’
754 5674 954 5749 ἀρετὴν
997 5676 1237 5748 δηλονότι
1271 5678 1565 5753 γεγέννηκε
1616 5698 1697 5744 τις
1724 5720 1739 5746 ,
1778 5681 1961 5737 εἰκόνα

458 5856 509 5893 ⁸⁸
538 5872 591 5915 v.
629 5858 712 5915 ιο.
787 5861 852 5933 ι⁹⁷
878 5859 1071 5917 Matth.
1102 5876 1210 5926 xvi,
1237 5860 1325 5917 26.
1401 5863 1448 5896 ’⁸
1480 5877 1530 5921 v.
1557 5864 1650 5921 23.
1725 5868 1769 5899 ”
1803 5881 1852 5919 ν.
1885 5866 1980 5921 ﬁt.

2071 4674 2234 4729 Certe
2265 4687 2335 4728 ex
2362 4674 2484 4745 ejus
2521 4688 2656 4746 agro
2688 4673 2944 4728 reddetur
2972 4688 3094 4728 sors
3126 4672 3417 4738 feneranti,
3453 4676 3648 4727 etiam-

2071 4763 2117 4818 si
2161 4762 2377 4819 interim
2423 4766 2563 4819 mori
2606 4765 2901 4835 contigerit
2936 4764 2984 4818 ei
3016 4764 3108 4833 qui
3151 4779 3273 4819 cum
3323 4763 3516 4820 fenore
3556 4779 3647 4819 ac-

2071 4867 2309 4925 ceperat.
2340 4885 2413 4897 -—
2444 4854 2562 4911 Jam
2610 4855 2851 4911 triticum
2897 4871 3023 4911 cum
3061 4854 3251 4911 fenore
3290 4856 3467 4925 accipi
3501 4870 3647 4910 mes-

2070 4947 2146 5001 sis
2194 4956 2474 5016 tempore,
2513 4948 2580 5003 ab
2628 4947 2695 5002 iis
2760 4947 2852 5017 qui
2908 4962 3096 5017 agrum
3142 4961 3299 5000 suum
3346 4961 3444 5000 sex
3488 4948 3646 5001 annis

2068 5048 2227 5092 erant
2260 5040 2510 5110 operati,
2554 5040 2659 5094 hoc
2694 5038 2972 5109 signiﬁcat
3018 5037 3232 5092 illorum
3273 5048 3400 5091 ante
3439 5036 3646 5092 Christi

2068 5130 2363 5185 adventum
2413 5146 2510 5187 sex
2555 5131 2811 5186 aetatibus
2854 5129 3125 5184 clarorum
3165 5127 3439 5197 justorum
3482 5138 3648 5197 atque

2070 5222 2458 5290 prophetarum
2489 5222 2725 5276 virtutes
2764 5220 2969 5275 imitari
3004 5229 3296 5289 oportere,
3342 5219 3435 5290 qui
3478 5219 3646 5273 etiam

2069 5313 2301 5383 septimo
2347 5328 2491 5368 anno
2538 5314 2853 5368 nutrierunt
2893 5311 3088 5366 viduas
3131 5322 3189 5365 et
3226 5312 3505 5382 urphanos
3536 5328 3551 5375 ;
3588 5321 3649 5366 ut

2067 5407 2169 5462 sibi
2224 5408 2548 5462 redderetur
2591 5408 2645 5462 in
2696 5421 2865 5477 regno
2924 5405 3187 5460 cmlorum
3238 5421 3448 5462 merces
3488 5422 3647 5461 exer-

2068 5507 2136 5553 tae
2190 5498 2407 5553 virtutis
2441 5538 2457 5563 ,
2521 5499 2614 5568 qui
2682 5500 2794 5553 imo
2856 5498 3075 5553 fuerunt
3122 5497 3387 5553 virtutum
3449 5499 3643 5570 primi-

2067 5591 2179 5644 tite.

2140 5680 2161 5712 ⁸
2192 5680 2338 5747 Quos
2358 5681 2656 5737 secundum
2690 5681 2953 5740 virtutem
2984 5682 3111 5754 quis
3140 5683 3364 5755 genuit,
3390 5695 3485 5740 eos
3506 5680 3647 5737 itus-

2072 5867 2256 5923 ‘v.l.
2342 5868 2525 5923 ’v.2.
2616 5868 2799 5924 'vJ.
2890 5868 3071 5923 ‘v.'l.
