4172 6388
1389 399 1952 458 SUPPLEMENTUM
1996 398 2086 454 AD
2121 397 2444 455 ORIGENIS
2479 399 2892 456 EXEGETICA.

3633 403 3740 457 Ξιε

493 531 676 588 ginem
723 523 778 570 et
814 515 1184 572 laudationem
1234 517 1507 588 relinquet
1550 522 1788 590 posteris
1834 521 1921 575 vir
1962 521 2062 575 im-

2182 518 2260 572 (αἱ⁵
2297 519 2642 590 μακαρισμὸν
2686 519 3000 587 καταλείψει
3044 522 3155 584 τοῖς
3207 521 3494 591 μετέπειτα
3525 523 3553 574 6
3584 522 3742 592 ἄμω·

495 607 830 673 maculatus,
863 618 917 663 et
965 609 1034 664 ad
1069 609 1297 678 justitiaa
1338 611 1731 666 nutrimentum
1781 626 1956 682 usque
2007 611 2065 665 in

498 700 679 754 linem.

566 791 589 823 ⁸
635 790 769 846 Mori
810 791 949 846 dixit
991 800 1048 847 et
1094 791 1224 847 alibi
1270 792 1618 849 maledicum.
1656 793 1763 850 Sed
1803 801 1864 850 et
1908 792 2067 849 Chri-

497 893 615 938 stus
645 882 788 949 τρυε
817 882 1069 940 Ecclesia:
1099 887 1406 949 maledicit,
1442 885 1738 954 privabitsr
1772 887 1877 954 ﬁde
1899 927 1915 947 .
1950 903 2068 952 quae

496 975 592 1030 lux
649 977 698 1029 ei
755 986 866 1030 erat
928 987 1049 1031 ante
1107 977 1598 1033 obtrectationem‘.
1650 977 1788 1031 Dicit
1855 976 2070 1032 fortas-

496 1081 556 1121 se
586 1067 754 1122 etiam
785 1068 851 1124 de
894 1070 1135 1126 tenebris
1180 1070 1586 1126 exterioribus:
1619 1068 1741 1124 ideo
1776 1081 1834 1124 et
1875 1069 1941 1124 de
1985 1067 2070 1122 l‘u-

496 1164 624 1210 turo
675 1157 896 1212 dicitur.
954 1158 1021 1214 Et
1064 1161 1180 1229 ipse
1224 1161 1516 1228 Christus,
1571 1169 1732 1228 pater
1781 1170 2069 1229 materque

498 1245 606 1301 dici
661 1257 842 1318 potest
897 1267 912 1304 :
963 1260 1118 1321 pater
1167 1253 1388 1322 quidem
1442 1251 1781 1309 habentium.
1813 1252 2068 1321 spiritum

499 1340 842 1408 adoptionis;
891 1351 1066 1397 mater
1110 1343 1474 1413 indigentium
1514 1344 1657 1399 lacte
1689 1354 1745 1399 et
1787 1359 1893 1399 non
1941 1344 2071 1400 soli-

501 1430 656 1486 diore
686 1431 825 1486 cibo.
867 1430 1110 1504 Namque
1140 1444 1194 1490 et
1233 1436 1288 1490 in
1317 1434 1489 1490 Paulo
1526 1435 1755 1506 loquens
1783 1435 2029 1491 Christus
2050 1475 2067 1500 ,

499 1531 657 1618 pater
696 1524 1053 1594 Ephesiorum
1094 1524 1296 1593 ﬁebat,
1321 1527 1601 1596 sapientia
1650 1527 1786 1597 ipsis
1824 1527 2073 1582 revelans

502 1614 763 1684 mysteria
816 1632 830 1668 :
890 1624 1071 1670 mater
1113 1631 1246 1672 vero
1292 1617 1697 1673 Corinthiorum
1746 1618 1943 1688 quibus
1989 1617 2072 1672 lac

500 1704 796 1774 prmbebat.

2171 621 2289 674 μος,
2315 606 2408 658 καὶ
2438 605 2778 676 δικαιοσύνην
2801 607 3110 679 ἀνατροφῆς
3141 609 3244 672 ἔως
3266 609 3474 674 τέλους.

2238 788 2505 859 Τελευτᾷν
2543 789 2650 860 γάρ
2698 784 2850 842 εἶπεν
2882 788 3115 860 ἀλλαχοῦ
3160 791 3251 844 τὸν
3307 791 3741 858 κακολογοῦνταο

2167 878 2303 932 ἀλλά
2340 881 2434 932 καὶ
2465 881 2696 951 Χριστός
2715 898 2727 909 ·
2757 881 2865 934 Καὶ
2894 884 2927 933 ὁ
2963 881 3077 947 τὴν
3105 883 3468 950 Ἐκκλησίαν
3489 888 3743 940 κακολο-

2169 969 2290 1038 ιῃῶν
2308 1010 2323 1034 ,
2355 971 2788 1038 στερηθήσεται
2821 972 2933 1041 τῆς
2973 975 3236 1042 πίστειις
3263 1019 3274 1032 .
3323 976 3455 1042 ἣτις
3480 972 3559 1045 ἦν
3581 977 3748 1043 αὐτῷ

2169 1060 2294 1128 φῶς
2320 1063 2431 1130 πρὸ
2481 1061 2591 1130 τῆς
2631 1063 2915 1133 διαϐολῆς
2937 1083 2950 1095 ·
2987 1065 3132 1133 λέγει
3175 1067 3221 1119 6‘
3256 1066 3323 1120 ἂν
3366 1069 3461 1120 καὶ
3489 1069 3616 1140 περὶ
3645 1068 3745 1122 τοῦ

2170 1148 2434 1222 ὲξωτέρου
2484 1152 2706 1217 σκότους
2728 1170 2741 1184 ο
2772 1154 2852 1207 διὸ
2891 1157 2984 1209 καὶ
3038 1158 3130 1210 ἐπὶ
3165 1157 3452 1227 μέλλοντος
3491 1159 3739 1230 εῐρηται·

2170 1242 2262 1294 καὶ
2293 1243 2321 1294 6
2353 1243 2586 1313 Χριστὸς
2637 1245 2726 1310 δὲ,
2759 1246 2940 1318 πατὴρ
2981 1248 3074 1302 καὶ
3110 1250 3292 1320 μήτηρ
3340 1249 3560 1304 δύναται
3589 1250 3745 1318 λέγε-

2171 1331 2326 1384 σθαι’
2369 1333 2550 1404 πατὴρ
2595 1336 2692 1405 μὲν
2727 1336 2832 1388 τῶν
2882 1337 3115 1406 ἐχόντων
3168 1338 3386 1410 πνεῦμα
3431 1339 3741 1403 υἱοθεσίας·

2173 1427 2364 1497 μήτηρ
2387 1425 2444 1479 δὲ
2495 1427 2602 1479 τῶν
2647 1427 2914 1498 δεομένων
2961 1428 3226 1495 γάλακτος
3283 1430 3376 1483 καὶ
3415 1431 3476 1482 οὐ
3522 1432 3745 1501 στερεᾶς

2169 1519 2373 1588 τροφῆς
2396 1536 2408 1548 ’
2441 1519 2672 1591 καὶγὰρ
2710 1521 2803 1573 καὶ
2835 1522 2862 1572 6
2917 1523 2975 1573 ὲν
3020 1521 3218 1592 Παύλῳ
3270 1521 3444 1575 λαλῶν
3491 1523 3746 1595 Χριστὸς,

2171 1611 2352 1682 πατὴρ
2395 1611 2492 1680 μὲν
2535 1612 2642 1665 τῶν
2690 1613 2952 1680 Ἐφεσίων
3010 1615 3258 1682 ἐγίνετο,
3328 1615 3516 1684 σοφίας
3562 1617 3747 1680 αὐτοῖς

2170 1700 2564 1755 ἀποκαλύπτων
2594 1705 2894 1774 μυστήριασ
2917 1707 3096 1779 μήτηρ
3126 1706 3236 1776 (10)
3264 1706 3582 1777 Κορινθίων,
3608 1707 3748 1776 γάλα

2173 1789 2405 1854 ποτίζων
2437 1793 2651 1857 αὐτούς.

591 1886 611 1917 ⁷
673 1886 1044 1956 Excogitatam
1095 1888 1252 1942 nobis
1307 1902 1338 1941 a
1396 1888 1632 1955 maligno
1682 1888 2010 1957 voluptatem
2045 1930 2060 1953 ,

2241 1883 2349 1955 Τὴν
2398 1885 2464 1937 ἔκ
2506 1885 2602 1939 τοῦ
2651 1887 2889 1958 πονηροῦ
2924 1888 3312 1960 ἐφευρεθεῖσαν
3363 1891 3492 1962 ἡμῖν
3534 1887 3751 1962 ἡδονὴν,

503 1992 663 2047 quam
717 1988 924 2047 partem
975 1979 1030 2033 in
1085 1980 1278 2048 primis
1327 1979 1608 2050 appellat,
1656 1980 1806 2034 brevi
1854 1980 2069 2049 quidem

2182 1975 2241 2046 ἢν
2293 1975 2488 2049 μερίδα
2541 1977 2704 2047 φησὶν
2735 1979 2791 2031 ἔν
2839 1977 3111 2049 πρώτοις,
3148 1980 3481 2052 πρόσκαιρον
3525 1982 3625 2051 μὲν
3666 1981 3751 2033 λι-
3821 2001 3824 2004 ’

504 2079 688 2139 guttur
717 2069 981 2140 inungere
1017 2071 1222 2126 senties
1243 2109 1259 2137 ,
1288 2085 1412 2125 mox
1450 2081 1630 2126 tamen
1664 2068 1790 2125 felle
1831 2069 2073 2124 amario-

2182 2066 2352 2120 παίνει
2398 2067 2489 2120 σὸν
2555 2069 2812 2140 φάρυγγα
2848 2110 2862 2133 ,
2919 2069 3142 2140 ὕστερον
3190 2071 3373 2142 μέντοι
3424 2074 3752 2145 πικρότερον

504 2169 618 2210 rem
626 2193 642 2208 .

2182 2157 2336 2227 χολῆς
2370 2159 2641 2229 εὑρήσεις.

577 2243 600 2276 ⁸
633 2243 778 2301 Cave
805 2246 958 2302 dicas
988 2249 1240 2318 superbia
1267 2259 1570 2305 commotus
1589 2288 1604 2314 ,
1626 2253 1740 2320 Ego
1773 2252 1918 2306 solus
1951 2266 2073 2307 cum

2243 2249 2335 2320 Μὴ
2367 2252 2526 2325 εἴπῃς
2552 2252 2671 2305 καθ’
2699 2253 3078 2324 ὑπερηφανίαν
3109 2255 3426 2326 κινούμενος
3447 2274 3459 2286 ο
3502 2256 3614 2324 ἐγὼ
3649 2257 3748 2327 μό-

503 2335 754 2394 hostibus
783 2354 1019 2410 pugnam
1044 2356 1364 2407 conseram;
1395 2345 1488 2398 sed
1523 2344 1814 2398 Dominum
1839 2355 2070 2414 expecta

2182 2363 2262 2410 νος
2288 2349 2398 2410 τοῖς
2423 2346 2634 2420 ἐχθροῖς
2662 2349 2987 2420 πολεμήσω,
3037 2350 3150 2403 ἀλλ’
3191 2351 3484 2420 ὑπόμεινον
3510 2353 3601 2406 τὸν
3636 2352 3751 2407 Κύ-

505 2439 565 2484 et
593 2431 806 2498 invoca,
843 2441 901 2486 ut
936 2433 1030 2488 tibi
1064 2434 1379 2489 auxilietur.
1412 2433 1490 2488 Ne
1533 2435 1627 2490 tibi
1655 2435 1898 2490 conﬁdas
1920 2435 2072 2505 quasi

2182 2456 2292 2511 ριον
2337 2440 2430 2493 καὶ
2480 2441 2774 2504 ὲπικαλοῦ,
2822 2443 2908 2495 ἵνα
2973 2459 3054 2496 σοι
3107 2443 3380 2516 βοηθήσῃ·
3434 2445 3507 2516 μὴ
3559 2445 3754 2518 θάρῤει

507 2521 716 2590 absque
763 2523 991 2579 Domino
1023 2524 1230 2593 aliquid
1259 2525 1474 2587 valeas;
1519 2527 1646 2595 quia
1695 2537 1890 2594 preter
1925 2527 2074 2580 illum

2182 2529 2359 2600 σαυτῷ
2388 2531 2464 2594 ὡς
2495 2533 2663 2603 χωρὶς
2706 2533 2910 2603 Κυρίου
2939 2534 3233 2604 δυνάμενος
3254 2553 3266 2565 α
3303 2537 3384 2589 ὄτι
3425 2536 3531 2609 γὰρ
3583 2539 3753 2610 χωρὶς

506 2626 619 2668 non
646 2623 728 2670 est
764 2617 1075 2676 auxiliator.
1113 2617 1206 2672 Ait
1248 2617 1419 2672 David
1443 2619 1462 2650 ’
1495 2638 1508 2672 :
1538 2617 1661 2672 Non
1687 2619 1825 2673 enim
1862 2619 1918 2672 in
1947 2635 2077 2673 arcu

504 2727 618 2763 meo
641 2709 879 2776 sperabo.

580 2800 625 2832 η
656 2799 716 2853 In
748 2800 910 2854 rebus
931 2799 1146 2867 quidem
1175 2797 1521 2853 sensibilibus
1543 2807 1800 2853 stateram
1827 2815 2076 2868 magnam

509 2908 575 2947 ac
609 2907 833 2963 parvam
879 2907 998 2946 esse
1041 2892 1292 2958 dicimus,
1326 2893 1378 2945 in
1417 2891 1613 2960 quibus
1639 2907 1854 2956 aurum,
1883 2907 2078 2960 argen-

510 2995 650 3048 tum,
678 2997 776 3050 ωε,
810 2984 1071 3049 sericum,
1096 2993 1152 3038 et
1173 2982 1277 3036 alia
1311 2983 1512 3053 quavis
1537 2984 1928 3052 ponderantur.
1961 2986 2080 3038 Alia

509 3090 643 3130 vero
689 3075 832 3132 vasis
874 3075 1152 3141 metimur,
1197 3073 1525 3128 frumentum
1551 3115 1571 3139 ,
1601 3075 1825 3140 vinum,
1869 3076 2079 3140 oleum,

2177 2622 2342 2676 αὑτοῦ
2374 2624 2474 2677 ούκ
2505 2623 2619 2677 ἔστι
2651 2624 2862 2696 βοηθὸς,
2894 2625 3038 2695 λέγει
3069 2628 3231 2682 Δαυῖδ
3254 2645 3269 2659 ⁶
3295 2631 3377 2684 Οὐ
3408 2631 3518 2700 γὰρ
3537 2631 3635 2684 ἐπὶ
3673 2631 3752 2697 τῷ

2178 2716 2331 2782 τόξῳ
2348 2734 2467 2784 μου
2491 2716 2696 2770 ἐλπιῶ.

2261 2807 2383 2860 Ἐπὶ
2412 2806 2511 2876 μὲν
2532 2807 2638 2859 τῶν
2658 2807 2950 2880 αίσθητῶν,
2980 2809 3240 2881 στάθμιον
3268 2811 3410 2882 μέγα
3436 2813 3529 2866 καὶ
3557 2812 3753 2884 μικρόν

2183 2916 2360 2968 φαμεν
2388 2893 2523 2951 εἶναι
2543 2938 2558 2960 ,
2597 2900 2656 2951 ὲν
2701 2895 2782 2964 οἷς
2811 2901 3043 2972 χρυσὸς,
3077 2903 3342 2974 ἄργυρος,
3381 2904 3611 2974 χαλκὸς,
3659 2905 3757 2975 μέ-

2181 2993 2317 3059 ταξα
2357 2994 2488 3063 (Η),
2517 2995 2610 3047 καὶ
2645 2996 2746 3048 ὅσα
2772 2995 2906 3048 ἄλλα
2942 2994 3358 3065 σταθμίεζονται⁶
3393 2997 3566 3068 μέτρα
3593 2997 3648 3050 δὲ
3690 2997 3756 3049 τὰ

2183 3086 2240 3136 ἐν
2274 3087 2517 3154 ἀγγείοις
2563 3086 2908 3157 μετρούμενα
2928 3126 2942 3148 ,
2981 3089 3124 3150 σῖτος
3147 3127 3161 3150 ,
3207 3083 3377 3150 οἶνος,
3410 3087 3617 3151 ἔλαιον,
3661 3087 3758 3140 καὶ

511 3167 804 3238 legumina.
833 3166 1008 3221 Aliter
1034 3181 1188 3232 vero,
1217 3168 1382 3221 etiam
1427 3167 1591 3222 homo
1622 3183 1782 3237 quem
1816 3169 2080 3238 appellant

2184 3178 2417 3250 ὄσπρια·
2451 3180 2625 3243 άλλως
2658 3197 2717 3232 τε
2759 3178 2815 3230 δὲ
2849 3179 2938 3232 τὸν
2966 3177 3117 3248 παρά
3147 3195 3254 3230 τισι
3295 3178 3634 3249 θρασύδειλον
3671 3177 3760 3230 λε-

515 3258 884 3330 θρασύδειλον,
921 3261 1179 3314 audacem
1233 3259 1391 3314 simul
1428 3270 1482 3314 et
1510 3261 1788 3328 timidum,
1823 3269 2080 3315 stateram

2186 3273 2448 3342 γόμενον,
2499 3273 2640 3342 μέγα
2669 3271 2764 3324 καὶ
2795 3270 2988 3340 μικρὸν
3033 3265 3167 3323 εἶναι
3217 3270 3473 3341 στάθμιον
3519 3270 3758 3341 νομίξωο

516 3368 771 3423 magnam
794 3361 850 3407 et
877 3367 1097 3422 parvam
1133 3366 1253 3406 esse
1288 3360 1439 3420 puto.
1464 3350 1694 3408 Omnino
1715 3352 1980 3422 quidquid
2003 3361 2080 3407 est

2188 3363 2416 3418 καθόλου
2469 3363 2526 3415 δὲ
2572 3363 2752 3415 πᾶσαν
2798 3358 3103 3429 ὑπερϐολὴν
3150 3359 3244 3411 καὶ
3290 3357 3550 3426 ἔλλειψιν·
3604 3355 3763 3409 τοῦτο

514 3443 916 3515 byperbolicum
947 3452 1002 3498 et
1037 3443 1413 3498 diminutivum
1439 3481 1454 3508 ,
1495 3454 1702 3498 Statera
1735 3458 1928 3512 magna
1965 3459 2088 3512 par-

516 3551 692 3606 vaque
723 3545 827 3591 est.
856 3533 1102 3605 Utraque
1141 3535 1281 3590 mala
1307 3543 1423 3599 est,
1461 3549 1652 3603 nempe
1684 3550 1955 3590 mensura:
1987 3536 2088 3592 du-

2191 3453 2446 3523 στάθμιον
2472 3452 2612 3523 μέγα
2633 3452 2728 3505 καὶ
2754 3449 2944 3520 μικρόν
2965 3450 3110 3501 ἐστιν
3129 3466 3141 3478 ·
3166 3449 3399 3519 ἑκάτερα
3419 3448 3527 3520 γὰρ
3548 3447 3760 3511 κακίαι,

2189 3544 2280 3596 καὶ
2313 3543 2485 3613 μέτρα
2542 3541 2728 3595 δισσά·
2756 3541 2929 3603 ἄλλως
2969 3556 3027 3591 τε
3071 3540 3164 3592 καὶ
3214 3542 3243 3593 6
3287 3536 3346 3593 εὖ
3396 3542 3492 3611 μὲν
3535 3542 3764 3611 πάσχειν

515 3629 708 3696 plices.
766 3627 939 3682 Aliter
980 3627 1250 3696 denique,
1288 3635 1342 3680 et
1382 3625 1474 3694 qui
1520 3625 1789 3682 beneﬁcio
1830 3627 1980 3682 allici
2021 3627 2080 3681 ab

2191 3639 2277 3706 ὑφ’
2310 3637 2512 3708 ἐτέρων
2540 3635 2879 3706 βουλόμενος,
2907 3634 3066 3698 αὐτὸς
3093 3633 3150 3686 δὲ
3181 3633 3381 3704 ὁμοίως
3411 3633 3601 3698 ἄλλους
3629 3636 3764 3688 ἀνα-

519 3721 645 3775 aliis
675 3719 822 3788 vult],
858 3735 958 3775 nec
998 3721 1114 3791 ipse
1147 3721 1387 3778 vicissim
1427 3719 1563 3776 alios
1593 3719 1757 3776 solari
1791 3720 2086 3784 deliberat,

520 3829 836 3869 mensuram
869 3815 1036 3868 habet
1077 3815 1345 3886 duplicem
1378 3834 1394 3870 :
1424 3832 1525 3874 nec
1573 3824 1844 3889 praecepto
1875 3814 2088 3869 obtem-

519 3917 675 3978 perat
710 3907 911 3964 dicenti
945 3924 959 3960 :
989 3906 1324 3977 Quaecunque
1369 3911 1527 3966 vultis
1578 3912 1718 3966 vobis
1757 3910 1874 3980 fieri
1901 3909 1964 3964 ab
1997 3911 2090 3964 Ito-

515 4000 765 4064 minibus,
802 3999 912 4053 lucc
942 4017 1031 4054 vos
1061 4002 1305 4056 similiter
1340 4003 1448 4056 illis
1479 4003 1638 4072 facile
1661 4005 1724 4057 “.

589 4091 635 4121 ¹³
679 4091 1027 4160 Nequaquam
1073 4102 1158 4147 est
1186 4107 1320 4162 opus
1366 4093 1578 4148 Domini
1625 4094 1772 4150 auris
1815 4094 1954 4150 male
1991 4109 2089 4148 au-

517 4183 672 4239 diens
697 4223 712 4248 ,
744 4185 838 4239 sed
882 4184 974 4239 illa
1009 4200 1130 4254 qua:
1159 4185 1334 4241 bonas
1378 4202 1466 4242 res
1509 4189 1798 4244 auscultat.
1829 4189 1962 4244 Item
1993 4206 2091 4246 ne-

518 4287 789 4348 quaquam
835 4277 974 4332 male
1014 4279 1206 4334 videns
1249 4279 1480 4344 oculus,
1525 4294 1663 4349 opus
1710 4281 1918 4337 Domini
1965 4292 2088 4346 est,

517 4373 613 4425 sed
673 4370 764 4440 qui
817 4369 964 4424 Videt
1019 4378 1075 4424 et
1137 4369 1239 4424 sibi
1293 4381 1649 4441 repraesentat
1700 4388 1788 4428 res
1839 4373 2088 4428 divinas.

516 4460 654 4516 Nam
709 4477 832 4532 qua:
885 4461 1036 4516 auris
1087 4462 1370 4516 Dominum
1419 4466 1612 4530 audit,
1663 4473 1720 4518 et
1765 4465 1857 4534 qui
1905 4465 2092 4520 oculus

2190 3727 2386 3781 παύειν
2437 3727 2511 3798 μὴ
2550 3725 3018 3798 προαιρούμενος,
3065 3723 3238 3794 μέτρα
3290 3723 3401 3792 ἔχει
3443 3724 3630 3778 δισσά⁹
3688 3723 3762 3794 μὴ

2189 3819 2515 3890 πειθόμενος
2540 3822 2613 3890 τῇ
2633 3817 2819 3888 ἐντολῇ
2842 3819 2907 3887 τῇ
2945 3814 3180 3887 λεγούσῃ
3215 3833 3236 3848 ο
3258 3815 3461 3869 Πάντα
3509 3815 3626 3869 ὅσα
3669 3817 3765 3869 θέ-

2189 3914 2326 3966 λετε
2366 3912 2465 3964 ἵνα
2490 3908 2741 3964 ποιῶσιν
2769 3907 2917 3977 ὑμῖν
2974 3911 3028 3961 ol
3076 3906 3410 3974 ἄνθρωποι,
3458 3909 3555 3960 καὶ
3599 3908 3766 3977 ὑμεῖς

2192 4003 2404 4072 ὁμοίως
2432 4003 2650 4055 ποιεῖτε
2677 3999 2898 4066 αὐτοῖς.

2261 4094 2395 4164 Οὐχὶ
2426 4093 2487 4146 τὸ
2512 4094 2695 4158 κακῶς
2725 4094 2922 4148 ἀκοῦον
2945 4089 3058 4161 οὖς,
3088 4095 3246 4163 ἔργον
3279 4092 3395 4145 ἐστὶ
3419 4089 3512 4143 τοῦ
3537 4088 3763 4159 Κυρίου,

2191 4181 2326 4236 ἀλλά
2352 4182 2412 4236 τὸ
2446 4183 2539 4236 ἐπὶ
2567 4183 2753 4247 καλοῖς
2778 4184 3044 4256 προσέχον
3067 4199 3082 4214 ο
3117 4182 3212 4236 καὶ
3248 4181 3370 4250 οὐχὶ
3409 4177 3588 4240 κακῶς
3625 4176 3767 4245 ὁρῶν

2190 4271 2498 4343 ὀφθαλμὸς,
2531 4272 2690 4344 ἔργον
2738 4274 2855 4326 ἐστὶ
2882 4273 2977 4326 τοῦ
3012 4272 3247 4342 Κυρίου,
3281 4269 3392 4324 ἀλλ’
3436 4270 3466 4321 6
3495 4266 3639 4338 ὁρῶν
3674 4267 3767 4318 καὶ

2193 4363 2594 4434 φανταζόμενος
2620 4365 2687 4417 τὰ
2713 4363 2830 4418 θεῖα
2848 4382 2860 4394 ·
2892 4366 2920 4418 6
2945 4364 3051 4436 γάρ
3073 4361 3282 4416 ἀκούων
3305 4361 3399 4414 τοῦ
3424 4358 3649 4430 Κυρίου,
3674 4357 3768 4410 καὶ

2195 4456 2405 4528 βλέπων
2433 4457 2531 4520 τὰς
2565 4456 2782 4520 ὲντολάς
2814 4456 2976 4510 αὑτοῦ
2998 4496 3013 4520 ,
3049 4455 3207 4528 ἔργον
3254 4454 3371 4508 ἐστὶ
3401 4451 3492 4506 τοῦ
3524 4450 3767 4521 Κυρίουο

517 4559 728 4618 spectat
776 4551 1029 4604 mandata
1077 4551 1194 4620 ejus
1230 4588 1246 4614 ,
1295 4552 1410 4606 haec
1457 4565 1622 4621 opera
1673 4551 1885 4607 Domini
1937 4563 2080 4607 sunt.

2195 4551 2288 4602 καὶ
2328 4549 2419 4600 ἐπὶ
2469 4546 2580 4602 τῶν
2622 4547 2796 4602 ἄλλων
2841 4546 3021 4617 μερῶν
3067 4545 3161 4598 τοῦ
3217 4543 3464 4615 σώματος
3509 4541 3768 4602 ὡσαύτως

517 4641 588 4698 Et
629 4647 696 4698 de
745 4642 960 4698 caeteris
1007 4644 1254 4711 corporis
1297 4643 1546 4712 partibus
1590 4643 1844 4698 similiter
1878 4653 1964 4700 est
2009 4645 2090 4700 di-

516 4737 770 4792 cendum.
804 4733 920 4790 Hoc
955 4743 1140 4788 autem
1184 4734 1354 4788 uteris
1393 4733 1541 4789 dicto
1579 4735 1840 4790 adversus
1875 4749 1970 4791 eos
1998 4739 2092 4805 qui

519 4839 766 4883 nostrum
821 4827 928 4882 hoc
978 4841 1180 4896 corpus
1232 4825 1588 4893 vituperant,
1635 4834 1692 4881 et
1737 4826 1846 4882 Deo
1892 4829 2090 4882 convi-

517 4921 753 4975 ciantur.

593 5010 636 5041 ⁸³
656 5009 713 5064 ld
742 5018 915 5071 est,ne
945 5008 1034 5063 diu
1061 5004 1321 5074 dormias,
1350 5006 1444 5062 sed
1477 5016 1594 5063 esto
1641 5007 1898 5078 vigilans.
1929 5006 2007 5062 Ne
2036 5007 2088 5062 in

519 5099 794 5156 infernum
821 5098 1151 5170 projiciaris,
1191 5097 1302 5154 noli
1347 5100 1645 5155 obtrectari
1679 5119 1694 5156 :
1723 5111 1780 5156 et
1805 5115 1900 5170 per
1925 5103 2094 5154 vir-tu-

520 5203 602 5248 tes
630 5193 779 5262 aperi
825 5193 1015 5248 oculos
1061 5191 1259 5247 animae
1303 5201 1428 5248 tuae.
1460 5191 1706 5262 Denique
1749 5207 1845 5262 per
1872 5192 2093 5262 sapien-

523 5281 663 5334 tiam
694 5279 1150 5337 intellectualibus
1175 5291 1425 5337 saturare
1452 5283 1708 5352 panibus.

593 5459 642 5496 ⁸⁸
665 5459 970 5515 Alternatio
1000 5459 1142 5514 inter
1170 5458 1384 5515 Domini
1413 5471 1469 5515 et
1502 5459 1701 5516 diaboli
1740 5476 1928 5531 Opera,
1963 5461 2093 5513 abo-

589 5579 612 5610 ³
645 5595 694 5632 v.
724 5577 816 5634 εο.
893 5580 915 5610 ⁸
941 5577 1131 5633 Matth.
1157 5593 1306 5646 xvnt,
1339 5579 1426 5634 l7.
1518 5579 1538 5610 "
1571 5594 1623 5631 ν.
1649 5578 1738 5632 21.
1828 5581 1850 5610 ⁸
1879 5595 1929 5636 v.
1954 5577 2041 5631 22.

520 5648 567 5683 ²⁸
589 5665 642 5704 v.
679 5651 766 5704 15.
843 5648 887 5682 ⁸⁵
913 5665 966 5704 v.
996 5650 1084 5703 25.

593 5763 705 5832 (ιο)
740 5764 1084 5820 Desideratur
1101 5763 1188 5818 δέ.
1221 5763 1378 5819 Eot'r.
1421 5760 1583 5816 Pun.

2147 5580 2168 5611 ’
2196 5579 2288 5634 Ps.
2325 5595 2473 5646 xuii,
2515 5578 2566 5635 7.
2661 5579 2702 5610 ¹⁰
2735 5593 2782 5631 v.
2816 5577 2902 5630 10.

2193 4641 2412 4695 λεκτέον
2434 4658 2446 4670 ·
2479 4642 2659 4714 χρήσῃ
2690 4639 2745 4693 δὲ
2779 4640 2856 4710 τῷ
2887 4640 3034 4711 ρητῷ
3065 4638 3238 4708 τούτῳ
3274 4637 3409 4709 πρὸς
3452 4637 3576 4698 τοὺς
3609 4649 3772 4703 κατη-

2195 4731 2492 4803 γοροῦντας
2518 4731 2697 4802 ,ἡμῶν
2748 4730 2906 4783 τοῦτο
2931 4730 2990 4783 τὸ
3025 4728 3213 4799 σῶμα,
3261 4727 3356 4780 καὶ
3391 4725 3482 4778 τὸν
3510 4724 3642 4778 Θεὸν
3686 4725 3774 4777 ὲν-

2198 4819 2534 4892 υ6ρίζοντας.

2267 4997 2528 5050 Τουτέστι
2585 4998 2658 5069 μὴ
2702 4996 2926 5050 κάθευδε
2954 4996 3122 5050 πολλά
3141 5035 3156 5058 ,
3188 4993 3300 5046 ἀλλ’
3329 4993 3606 5064 ἄγρυπνος
3646 4988 3771 5042 ἔσο·

2198 5092 2284 5144 ἵνα
2316 5092 2389 5162 μὴ
2415 5089 2650 5162 ὲξαρθῇς
2681 5091 2760 5152 είς
2788 5089 2889 5160 τὴν
2921 5090 3174 5157 γέενναν,
3224 5086 3298 5157 μὴ
3326 5083 3613 5138 καταλάλει
3635 5099 3646 5110 ’
3679 5080 3775 5134 καὶ

2196 5182 2285 5235 διὰ
2330 5183 2428 5252 μὲν
2474 5182 2583 5234 τῶν
2629 5178 2871 5251 ἀρετῶν,
2902 5180 3085 5246 ἄνοιγε
3136 5178 3262 5238 τοὺς
3305 5173 3617 5244 ὀφθαλμοὺς
3673 5170 3774 5242 τῆς

2197 5275 2374 5344 ψυχῆς
2406 5291 2500 5327 σου
2521 5292 2533 5303 ·
2567 5273 2652 5326 διὰ
2675 5273 2733 5326 δὲ
2768 5273 2867 5342 τῆς
2917 5272 3140 5342 σοφίας,
3186 5269 3392 5339 νοητῶν
3432 5263 3778 5338 ὲμπλήσθητι

2198 5370 2399 5441 ἄρτων.

2274 5459 2348 5512 Τὸ
2377 5458 2655 5530 σταθμιεῖν
2699 5458 2888 5511 ἑαυτόν
2929 5475 3014 5520 τις
3045 5457 3136 5510 ἐπὶ
3176 5457 3287 5517 τοῖς
3320 5451 3416 5506 τοῦ
3452 5447 3657 5518 Κυρίου
3685 5443 3781 5500 καὶ

2994 5577 3034 5606 ¹¹
3065 5573 3193 5629 Luc.
3233 5570 3419 5635 vr,5l.
3530 5567 3574 5597 “
3600 5581 3652 5618 v.
3689 5561 3778 5618 ιε.

591 5811 704 5905 illi
740 5811 1764 5907 ﬁala}?",Léﬁzﬁﬁia'oiigenem,
1808 5830 1952 5901 quod
1990 5827 2264 5886 immerito
2308 5823 2552 5884 nonnulli
2582 5821 2900 5882 vocabulum
2926 5817 3269 5878 barbaricum
3304 5811 3707 5873 existimarunt.
