4172 6388
371 435 477 491 213

1535 430 1900 487 EXPOSITIO
1935 431 2003 484 IN
2040 426 2454 485 PROVEBBIA.

3513 424 3640 483 2M

367 550 464 604 τοῦ
483 548 726 603 διαϐόλου
752 547 934 623 ἔργοις
953 591 966 614 ,
1011 549 1288 622 βδέλυγμα
1320 552 1511 624 Κυρίῳ
1530 571 1543 583 ·
1593 551 1756 621 ζυγὸν
1785 551 1841 606 δὲ
1866 552 1936 604 δάε

2054 550 2281 605 minatio
2310 547 2560 603 Domino.
2591 545 2843 601 Dolosam
2876 551 3138 600 stateram
3171 542 3302 598 dicit
3346 553 3614 608 mentem,

368 640 481 694 λιον
506 641 653 710 λέγει
683 642 775 694 τὸν
801 641 925 694 νοῦν
943 683 957 706 ,
995 641 1087 695 τὸν
1118 642 1396 711 πεφυκότα
1435 644 1532 714 μὲν
1573 643 1794 706 δικαίως
1821 642 1944 714 κρί-

367 752 481 791 νειν
498 735 568 790 τὰ
597 733 918 806 πράγματα,
946 734 1374 804 παρεκκλίνοντα
1393 735 1450 788 δὲ
1471 737 1537 806 τῇ
1570 733 1665 790 τοῦ
1693 735 1946 803 αὐτεξου-

369 829 486 884 σίου
516 830 654 900 ῥοπῇ
679 827 768 881 διὰ
802 827 990 896 φίλους
1023 827 1055 898 ἢ
1084 829 1360 899 χρήματα.

437 920 529 992 Μὴ
561 918 792 988 ταχέως,
836 919 1000 988 φησὶν
1024 961 1037 982 ,
1064 919 1157 971 ἐπ)⁸
1193 919 1293 990 τὴν
1327 917 1657 988 ἐπαγγελίαν
1689 920 1826 991 πρὸς
1851 918 1943 973 τὸν

364 1009 498 1063 Θεὸν
519 1007 670 1062 κινοῦ
691 1047 706 1073 ,
741 1008 829 1062 ἵνα
878 1008 952 1080 μὴ
997 1008 1098 1078 τῆς
1128 1009 1317 1080 χρείας
1361 1025 1419 1061 σε
1449 1008 1726 1073 πολλάκις,
1773 1010 1807 1080 ἢ
1842 1010 1942 1081 τῆς

362 1097 460 1152 τοῦ
487 1097 729 1162 πλείονος
753 1097 1047 1169 ἐπιθυμίας
1068 1098 1313 1171 ἐλοῦσης,
1355 1099 1496 1172 ἄρξῃ
1524 1103 1822 1170 μετανοεῖν.
1850 1103 1942 1156 καὶ

364 1189 595 1262 ὑϐρίσῃς
619 1191 769 1255 Θεὸν,
806 1191 1149 1262 προτιμήσας
1182 1191 1347 1244 αὐτοῦ
1370 1191 1555 1264 ἕτερον
1579 1210 1592 1223 ο
1634 1195 1667 1265 ἡ
1709 1193 1802 1246 ἐπὶ
1829 1196 1942 1258 τοῖς

362 1267 589 1350 ἀγαθοῖς
640 1282 697 1334 δέ
751 1283 1029 1353 μετάνοια,
1078 1282 1140 1334 οὐ
1188 1281 1418 1346 δικαίοις
1453 1283 1774 1354 συμϐαίνει,
1805 1285 1941 1340 ἀλλά

363 1372 569 1436 ἀδίκοις
593 1390 607 1403 ·
637 1372 810 1427 ἄδικοι
842 1373 898 1426 δέ
939 1373 1102 1444 μηδὲν
1135 1373 1551 1445 ἀπερισκέπτως
1579 1375 1938 1445 ὑπισχνείτω-

365 1481 464 1518 σαν
493 1464 569 1536 τῷ
599 1463 717 1537 Θεῷ
736 1483 750 1498 ο
785 1465 921 1537 μετά
953 1466 1062 1537 γὰρ
1091 1465 1152 1519 τὸ
1185 1464 1462 1532 εὔξασθαι,
1496 1469 1773 1537 μετανοεῖν
1796 1467 1940 1536 γίνε-

360 1553 622 1608 ται.--Τὸ
644 1558 779 1626 ταχὺ
807 1556 1169 1623 συντάξασθαι
1192 1557 1271 1628 τῷ
1307 1558 1498 1628 Κυρίῳ
1518 1598 1532 1623 ,
1568 1557 1704 1628 ὅπερ
1731 1558 1849 1611 ἐστὶ
1876 1559 1938 1613 τὸ

359 1645 584 1712 ἁγιάσαι
615 1664 666 1699 τι
697 1646 806 1701 τῶν
837 1646 1002 1701 αὑτοῦ
1023 1689 1036 1712 ,
1065 1650 1158 1701 καὶ
1199 1650 1292 1701 ἐπὶ
1332 1649 1506 1720 τούτῳ
1545 1648 1734 1703 θᾶττον
1776 1668 1937 1722 μετα-

363 1738 693 1810 μεληθῆναι,
725 1740 890 1808 παγίς
924 1741 1038 1794 ἐστι
1065 1739 1143 1811 τῷ
1180 1741 1353 1812 ἀνδρί.

433 1831 731 1903 Λικμήτωρ
785 1831 990 1885 ἀσεϐῶν
1019 1834 1046 1885 ό
1078 1833 1312 1904 Χριστός
1361 1833 1538 1886 ἐστιν·
1588 1835 1837 1890 ἐπιϐαλεῖ
1877 1837 1934 1890 δὲ

2048 653 2168 710 quae
2211 653 2333 694 cum
2373 646 2566 692 natura
2598 643 2909 705 comparata
2954 633 3027 688 sit
3065 632 3134 687 ad
3181 642 3330 688 recte
3359 633 3425 688 de
3455 635 3617 689 rebus

2039 729 2408 799 judicandum,
2441 728 2683 784 declinat
2710 735 2893 782 tamen
2929 723 3084 780 liberi
3114 723 3326 778 arbitrii
3351 724 3615 794 pondere,

2045 830 2264 891 propter
2289 818 2600 875 affectiones
2638 827 2732 874 aut
2765 818 3070 887 pecuniam.

2119 913 2164 946 "
2202 912 2280 968 Ne
2320 911 2581 976 festines,
2629 910 2845 980 inquit,
2894 908 3212 980 promittere
3245 906 3509 975 Domino;
3546 924 3615 964 ne

2041 1006 2188 1062 forte
2226 1015 2277 1060 te
2302 1019 2400 1060 usu
2432 1018 2613 1059 rerum
2646 1003 2826 1073 aliquo
2845 1043 2862 1069 ,
2907 1013 2966 1060 ut
2996 1004 3086 1069 ﬁt,
3113 1003 3197 1058 vel
3226 1002 3434 1071 majore
3461 1003 3631 1071 cupi--

2043 1099 2209 1154 ditale
2239 1097 2506 1160 trahente,
2519 1095 2788 1165 paenitere
2815 1095 3083 1165 incipias,
3111 1096 3326 1165 Deoque
3359 1093 3628 1163 iniuriam.

2040 1187 2238 1252 facias,
2272 1186 2493 1258 praelato
2526 1185 2653 1241 alio.
2681 1184 2948 1242 Caeterum
2989 1188 3148 1244 bonis
3172 1188 3308 1242 viris
3347 1186 3622 1257 peniten-

2042 1280 2116 1334 tia
2148 1294 2252 1333 non
2281 1277 2497 1343 accidit,
2527 1277 2620 1332 sed
2651 1278 2833 1348 potius
2861 1293 2967 1334 non
2988 1278 3393 1348 justis.lnjusti
3430 1278 3614 1347 itaque

2039 1377 2264 1425 caveant
2304 1383 2372 1423 ne
2426 1367 2556 1437 quid
2607 1367 3008 1424 inconsiderate
3065 1369 3417 1439 promittant;
3487 1382 3614 1421 nam

2038 1469 2222 1517 votum
2251 1460 2565 1532 paenitentia
2583 1460 2954 1528 subsequitur.
2969 1458 3240 1515 —Suhito
3270 1472 3466 1514 vovere
3478 1458 3619 1525 Deo,

2038 1553 2092 1608 id
2117 1562 2202 1608 est
2231 1553 2278 1608 ei
2303 1551 2504 1621 aliquid
2538 1567 2756 1608 suorum
2789 1565 3142 1617 consecrare,
3173 1559 3230 1606 et
3263 1565 3388 1606 mox
3423 1550 3614 1606 celeri.-

2039 1654 2123 1702 ter
2144 1645 2221 1700 rei
2244 1645 2510 1716 pmuitere
2531 1685 2548 1713 ,
2575 1644 2800 1715 laqueus
2833 1643 2950 1698 viro
2975 1643 3054 1699 ﬁt.

2109 1820 2412 1877 Ventilator
2447 1819 2736 1889 impiorum
2768 1817 3022 1874 Christus
3056 1828 3180 1884 est;
3214 1817 3370 1888 isque
3411 1819 3623 1888 impios.

357 1918 472 1980 τοῖς
504 1916 754 1970 ἀσεϐέσιν
789 1917 977 1991 ῶσπερ
997 1903 1139 1972 λέων
1170 1919 1341 1992 θήρας
1361 1937 1374 1952 ·
1409 1923 1601 1993 τροχὸς
1631 1924 1709 1988 δὲ,
1737 1925 1936 1990 ἅλωνος

2041 1911 2367 1982 insequitur,
2394 1921 2454 1968 ut
2491 1912 2577 1968 leo
2611 1912 2774 1967 feras.
2801 1910 2941 1966 Rota
2988 1910 3041 1964 in
3073 1927 3198 1968 area
3243 1909 3426 1980 paleas
3451 1926 3480 1964 a
3513 1912 3612 1964 tri-

360 2005 608 2078 χωρίζων
631 2007 703 2060 τὰ
732 2007 910 2079 ἄχυρα
935 2009 1043 2062 ἀπὸ
1068 2009 1162 2062 τοῦ
1187 2009 1334 2064 σίτου
1359 2029 1371 2041 ·
1409 2013 1442 2085 ἢ
1478 2013 1670 2084 τροχὸν
1694 2015 1942 2070 ἐπιϐαλεῖ

358 2097 459 2167 τὴν
485 2097 842 2152 ἀναπόδιστον
865 2100 1159 2171 τιμωρίαν.

431 2189 664 2260 Ταμιεῖα
696 2190 902 2253 κοιλίας
931 2191 1078 2244 ἐστὶν
1105 2193 1133 2246 ὁ
1157 2191 1301 2259 νοῦς,
1326 2195 1360 2266 ἡ
1387 2197 1603 2268 καρδία,
1620 2199 1716 2252 καὶ
1746 2201 1778 2270 ἡ
1801 2199 1940 2268 γνῶ-

362 2296 467 2344 σις,
497 2280 624 2334 ἔνθα
650 2282 826 2336 πάντα
851 2282 918 2336 τὰ
951 2284 1071 2338 θεῖά
1101 2302 1159 2337 τε
1191 2286 1284 2339 καὶ
1327 2288 1499 2360 ἀσεϐῆ
1533 2289 1938 2346 ἐναποτίθενται

356 2370 663 2442 διδάγματα
686 2390 699 2403 ·
731 2371 920 2446 ὥσπερ
960 2375 1017 2429 δέ
1047 2394 1133 2441 τις
1159 2377 1350 2448 λύχνον
1378 2380 1540 2450 ἅψας,
1589 2382 1697 2436 τῶν
1737 2385 1794 2436 ἐν
1826 2386 1938 2449 τοῖς

357 2463 626 2532 ταμιείοις
659 2467 924 2535 κειμένων
949 2468 1131 2538 εὑρεῖν
1163 2486 1216 2522 τι
1265 2469 1535 2539 βούλεται,
1570 2472 1740 2538 οὕτως
1762 2475 1790 2526 ὁ
1827 2475 1938 2528 Κύ-

362 2571 475 2624 ριος
500 2555 578 2626 τῷ
605 2557 743 2626 φωτὶ
772 2558 872 2628 τῆς
908 2559 1162 2627 γνώσεως
1185 2561 1350 2616 αὑτοῦ
1387 2565 1582 2636 ἐρευνᾷ
1623 2566 1690 2619 τὰ
1717 2572 1937 2639 ταμιεῖα

355 2646 466 2700 τῶν
494 2650 552 2701 ἐν
584 2648 762 2718 λόγοις
791 2653 884 2704 καὶ
919 2653 1182 2725 πράξεσιν
1221 2655 1553 2727 ἀνθρώπων
1581 2661 1695 2722 τοῖς
1738 2660 1794 2714 δὲ
1838 2663 1936 2734 τὴν

355 2737 556 2805 γνῶσιν
606 2740 699 2793 τοῦ
766 2742 971 2813 Κυρίου
1019 2745 1402 2816 ἐπισταμένοις
1450 2747 1776 2819 ἀνθρώποις,
1823 2752 1936 2821 φῶς

354 2832 501 2887 ἐστιν
528 2836 709 2899 αὐτοῖς
731 2853 744 2866 ·
794 2839 842 2891 εί
891 2834 984 2892 οὖν
1013 2839 1076 2892 τὸ
1122 2840 1237 2909 φῶς
1264 2841 1358 2894 τοῦ
1394 2841 1620 2913 Κυρίου,
1735 2845 1935 2913 γνῶσις

353 2925 450 2979 τοῦ
477 2927 686 2999 Κυρίου
713 2931 849 2995 ἐστὶ,
881 2931 942 2984 τὸ
967 2931 1024 2984 δὲ
1052 2932 1168 3002 φῶς
1201 2933 1295 2986 τοῦ
1344 2935 1552 3006 Κυρίου
1595 2937 1628 3006 ἡ
1659 2936 1795 3008 πνοὴ
1828 2937 1935 2991 τῶν

353 3017 679 3089 ἀνθρώπων,
716 3021 824 3092 ἄρα
870 3024 903 3092 ἡ
946 3024 1148 3091 γνῶσις
1180 3025 1274 3079 τοῦ
1305 3027 1511 3097 Κυρίου
1536 3029 1672 3099 πνοὴ
1709 3028 1816 3082 τῶν
1844 3030 1936 3083 ἀν-

354 3109 589 3182 θρώπων
614 3113 764 3166 ἐστί·
818 3115 910 3167 τὸν
940 3116 996 3169 δὲ
1027 3117 1084 3171 ἐν
1113 3117 1304 3189 ἀγνοίᾳ
1333 3118 1577 3173 διάϐολον
1606 3121 1817 3190 φαίνειν
1847 3121 1934 3175 δο-

355 3201 576 3269 κοῦντα,
608 3203 798 3275 λύχνον
843 3207 1128 3279 ὠνόμασεν
1167 3209 1495 3265 ἐκκενοῦντα
1545 3211 1639 3266 τὸν
1676 3212 1799 3266 νοῦν
1827 3213 1934 3267 τῶν
1961 3248 2004 3306 C

354 3293 572 3362 ἀγαθῶν
601 3296 875 3365 γνὼσεων,
906 3299 1000 3352 καὶ
1031 3299 1636 3372 μετασχηματιζόμενον
1669 3305 1749 3366 εἰς
1769 3304 1930 3373 ἄγγε-

353 3383 443 3436 λον
472 3386 648 3453 φωτός
667 3404 681 3416 ·
722 3389 844 3442 ἐπεὶ
865 3388 922 3442 δὲ
957 3389 1018 3442 τὸ
1054 3389 1170 3459 φῶς
1194 3390 1288 3443 τοῦ
1319 3391 1546 3462 Κυρίου,
1577 3392 1674 3462 οὐχ
1717 3393 1929 3447 εἲλαντο

351 3476 553 3544 γνῶναι
602 3479 722 3532 οὐδέ
756 3480 1084 3552 πορεύεσθαι
1117 3483 1174 3534 ἐν
1207 3481 1376 3552 αὐτῷ,
1430 3483 1529 3554 τὴν
1587 3483 1805 3552 ἄγνοιαν
1851 3486 1926 3550 ὠς

353 3566 469 3635 φῶς
498 3569 802 3638 ἐλογίζοντο
829 3573 876 3625 οί
899 3571 1115 3635 ἀσεϐεῖς
1134 3587 1148 3602 ο
1181 3573 1229 3624 εί
1256 3571 1312 3625 δὲ
1338 3573 1438 3644 τὴν
1463 3573 1682 3642 ἄγνοιαν
1710 3575 1786 3638 ὡς
1811 3575 1926 3644 φῶς

352 3653 519 3727 εἶχον,
543 3659 784 3730 δηλονότι
817 3661 912 3715 καὶ
942 3661 1011 3715 τά
1039 3661 1175 3733 ἔργα
1203 3661 1298 3715 τοῦ
1322 3661 1422 3732 τῆς
1457 3665 1678 3732 ἀγνοίας
1700 3669 1925 3738 ἐφευρε-

349 3749 445 3804 τοῦ
478 3751 722 3804 διαϐόλου
750 3752 1013 3824 ἔπραττον
1039 3770 1052 3782 ·
1094 3755 1142 3806 οί
1180 3753 1236 3805 δέ
1263 3756 1328 3824 τῇ
1362 3755 1552 3826 ἀγνοίᾳ
1585 3757 1748 3810 αὑτοῦ
1788 3776 1926 3830 συμ-

350 3842 730 3914 πορευθέντες,
769 3843 864 3896 σὺν
916 3843 1065 3915 αὑτῷ
1097 3844 1308 3898 ἔσονται
1342 3846 1421 3907 είς
1450 3845 1650 3910 αἰῶνας
1683 3847 1921 3902 αἰώνων

348 3934 402 3988 οἱ
427 3935 483 3989 δέ
508 3939 572 4007 τῇ
604 3935 800 4004 γνώσει
831 3935 924 3989 τοῦ
949 3936 1176 4007 Κυρίου,
1209 3938 1307 3992 σὺν
1329 3939 1407 4010 τῷ
1434 3939 1642 4010 Κυρίῳ.

2042 2006 2148 2061 tico
2177 2020 2489 2061 secernens.
2522 2005 2619 2062 Vel
2665 2015 2838 2061 rotam
2877 2005 3157 2072 immittet,
3187 2005 3240 2061 id
3271 2013 3355 2060 est
3387 2019 3611 2075 ,pmnam

2040 2097 2476 2153 irrevocabilem.

2113 2190 2157 2222 ¹⁶
2185 2189 2404 2244 Ventris
2451 2188 2793 2258 receptacula
2860 2188 3110 2259 intellige
3157 2197 3433 2253 mentem,
3494 2203 3614 2254 cor,

2038 2283 2342 2349 scientiam,
2383 2283 2474 2338 ubi
2507 2297 2699 2337 omnes
2722 2282 2884 2338 simul
2913 2283 3108 2338 divinae
3123 2293 3178 2338 et
3203 2284 3380 2352 impiae
3409 2284 3615 2339 doctri-

2039 2393 2122 2433 na:
2150 2386 2511 2447 reponuntur.
2543 2378 2622 2432 Ac
2651 2377 2815 2432 veluti
2861 2378 3062 2448 aliquis
3106 2377 3382 2434 lucernam
3420 2393 3616 2432 accen-

2037 2469 2132 2532 dit,
2163 2467 2406 2538 reperire
2433 2467 2636 2536 aliquid
2659 2468 2714 2521 in
2745 2467 3104 2538 receptaculis
3129 2469 3366 2536 positum
3393 2467 3606 2531 volens;

2038 2560 2112 2615 ita
2136 2559 2399 2614 Dominus
2427 2558 2671 2614 scientiae
2698 2573 2809 2612 sua:
2834 2559 3036 2614 lumine
3061 2565 3337 2614 scrutatur
3364 2568 3612 2628 recepta-

2037 2650 2156 2706 cula
2205 2651 2564 2705 humanorum
2614 2649 2908 2703 verborum
2954 2656 3012 2704 et
3059 2664 3303 2719 operum.
3355 2651 3609 2704 Attamen

2037 2739 2361 2796 habentibus
2403 2737 2683 2794 scientiam
2719 2738 2932 2793 Domini
2985 2739 3318 2808 hominibus,
3354 2738 3447 2794 lux
3487 2740 3612 2795 inde

2035 2833 2302 2889 oboritur.
2330 2831 2394 2885 Si.
2419 2844 2546 2902 ergo
2570 2831 2666 2887 lux
2704 2830 2942 2896 Domini,
2977 2832 3207 2885 scientia
3249 2831 3463 2885 Domini
3503 2839 3609 2897 est,

2035 2923 2129 2978 lux
2179 2933 2360 2978 autem
2400 2923 2614 2978 Domini
2651 2921 2936 2990 aspiratio
2977 2923 3105 2977 vitae
3153 2932 3238 2978 est
3279 2923 3608 2987 hominibus,

2037 3016 2229 3084 utique—
2262 3017 2485 3072 scientia
2521 3017 2733 3072 Domini
2774 3015 3036 3085 aspiratio
3085 3015 3267 3069 vitalis
3303 3015 3612 3070 hominibus

2036 3117 2136 3163 εει.
2166 3109 2237 3162 At
2269 3123 2399 3164 vero
2433 3111 2727 3178 diabolum,
2752 3112 2844 3180 qui
2886 3111 2937 3164 in
2969 3109 3186 3164 inscitia
3220 3123 3487 3178 apparere
3521 3109 3616 3163 vi-

2037 3199 2219 3265 detur,
2261 3199 2543 3256 lucernam
2571 3203 2866 3272 appellavit
2899 3216 3021 3270 quae
3050 3209 3287 3254 mentem
3322 3199 3480 3254 bonis
3515 3214 3613 3253 no-

2038 3290 2276 3346 tionibus
2305 3302 2557 3361 evacuat,
2594 3309 2696 3349 nec
2735 3310 2842 3349 non
2879 3292 3324 3361 transﬁguratum
3363 3293 3416 3346 in
3447 3306 3611 3362 ange-

2034 3384 2146 3439 lum
2167 3384 2324 3441 lucis.
2361 3384 2500 3453 Quia
2534 3402 2664 3442 vero
2691 3387 2866 3443 lucem
2887 3387 3424 3442 Domininoluerunt
3445 3402 3612 3456 agno-

2038 3491 2213 3543 scere,
2244 3479 2493 3548 neqne'in
2526 3493 2588 3534 ea
2622 3479 2924 3547 ambulare,
2966 3479 3240 3535 inscitiam
3270 3477 3407 3532 lucis
3439 3477 3614 3532 instar

2032 3569 2440 3623 aestimaverunt
2488 3569 2660 3640 impii.
2705 3569 2857 3636 Quod
2900 3570 2947 3624 si
2998 3569 3271 3625 inscitiam
3319 3567 3456 3622 lucis
3490 3567 3628 3621 loco.

2033 3660 2359 3728 habuerunt,
2390 3662 2577 3732 utique
2599 3671 2654 3717 et
2679 3677 2843 3733 opera
2871 3661 3013 3729 ejus,
3038 3663 3131 3732 qui
3157 3665 3410 3717 inventor
3442 3660 3622 3715 insci--

2033 3751 2120 3806 tiae
2137 3761 2223 3809 est
2253 3754 2482 3820 diaboli,
2509 3755 2798 3810 faciebant.
2831 3753 3118 3824 Reliquum
3145 3769 3275 3826 ergo
3300 3763 3406 3821 est,
3440 3763 3498 3808 ut
3519 3755 3612 3823 qui

2032 3859 2157 3899 cum
2209 3845 2426 3900 inscitia
2465 3846 2613 3903 illius
2653 3849 2758 3903 iter
2799 3849 3066 3916 fecerunt,
3105 3865 3229 3905 cum
3268 3849 3458 3902 eodem
3505 3846 3618 3899 sint

2035 3948 2134 4004 per
2161 3936 2362 3990 saecula
2397 3939 2721 3994 saeculorum
2759 3956 2773 3992 :
2809 3943 2903 4012 qui
2929 3956 3056 3997 vero
3089 3955 3212 3996 cum
3249 3935 3478 3994 scientia
3503 3933 3613 3988 Do-

2035 4027 2189 4088 mini.
2213 4041 2335 4081 cum
2361 4027 2590 4084 Domino
2619 4029 2750 4085 sint.

1815 4115 1972 4173 CAP.
2012 4118 2156 4175 XXI.

435 4203 714 4258 Ἕκϐάλλει
767 4205 827 4258 τὸ
875 4205 1040 4277 ῥητὸν
1088 4206 1246 4260 τοῦτο
1287 4208 1386 4280 τὴν
1429 4209 1518 4263 διὰ
1561 4209 1666 4264 τῶν
1720 4207 1929 4279 ἀλόγων

352 4291 506 4356 ζώων
531 4293 721 4348 θυσίαν
742 4311 753 4323 ·
785 4295 943 4349 θυσία
972 4296 1078 4367 γὰρ
1105 4297 1180 4368 τῷ
1209 4298 1328 4369 Θεῷ
1362 4300 1579 4371 πνεῦμα
1608 4317 1930 4374 συντετριμ-

398 4385 535 4439 ένον.

398 4403 535 4439 ενον.

354 4403 395 4457 μ
423 4471 486 4523 Εἰ
517 4471 657 4540 ἀγνά
690 4474 782 4526 καὶ
823 4474 960 4544 ὀρθὰ
1002 4475 1138 4548 ἔργα
1177 4478 1402 4550 Κυρίου,
1436 4479 1494 4532 ἓν
1527 4481 1583 4534 δέ
1615 4481 1721 4534 τῶν
1755 4482 1930 4555 ἔργων

353 4563 518 4617 αὐτοῦ
546 4567 772 4619 ἐστικαὶ
803 4568 832 4619 ό
862 4568 1007 4632 νοῦς,
1043 4569 1201 4639 ὀρθὸς
1237 4570 1343 4642 ἄρα
1363 4573 1586 4643 ἐκτίσθη
1636 4575 1728 4627 καὶ
1766 4576 1928 4642 ἁγνὸς

347 4762 462 4800 τειν
486 4747 649 4800 αὑτὸν
677 4749 814 4820 πρὸς
838 4750 1000 4804 αὑτὸν
1024 4753 1087 4804 ἐκ
1103 4753 1210 4806 τῶν
1226 4755 1610 4825 ἐπερχομένων
1633 4759 1763 4827 ἡμῖν
1780 4758 1930 4827 παρὰ

349 4839 444 4892 τοῦ
480 4839 721 4911 πονηροῦ
753 4843 963 4898 κακῶν.

421 4932 526 4986 Τὸν
558 4928 706 4988 οἶκον
733 4935 823 4988 τὸν
852 4939 1242 5010 κεκονιαμένον
1279 4941 1373 4994 καὶ
1419 4941 1618 5004 κοινὸν,
1664 4945 1730 5013 τῇ
1776 4944 1935 4996 ὑπαί-

351 5026 466 5098 θρῳ
491 5028 665 5098 γωνίᾳ
707 5029 1047 5084 ἀντέθεικεν’
1082 5033 1132 5084 εί
1167 5031 1225 5084 δέ
1249 5035 1278 5085 6
1307 5029 1454 5096 οἶκος
1487 5035 1516 5085 ό
1549 5035 1934 5104 κεκονιαμένος

350 5120 446 5174 καὶ
466 5120 664 5185 κοινὸς,
698 5123 732 5193 ἡ
761 5122 927 5176 κακία
955 5124 1122 5188 ἐστὶν,
1158 5123 1479 5196 ήῦπαιθρος
1497 5126 1669 5194 γωνία
1695 5129 1728 5196 ἡ
1761 5129 1932 5199 ἀρετή

346 5213 496 5265 ἐστιν
568 5215 740 5282 γωνία
766 5215 944 5268 τοίνυν
972 5215 1236 5288 ῦπαιθρός
1264 5219 1430 5280 ἐστιν,
1476 5217 1675 5289 πρᾶξις
1703 5217 1936 5289 θεωρίας

343 5307 720 5378 ἐφαπτομένη,
749 5308 846 5362 καὶ
875 5306 1218 5381 φωτιζομένη
1249 5310 1354 5362 ὑπὸ
1399 5310 1493 5362 τοῦ
1522 5311 1622 5380 τῆς
1664 5311 1938 5363 δικαιοσύ-

340 5414 439 5468 νης
465 5397 620 5468 ἡλίου
638 5415 650 5427 °
689 5399 870 5463 καλῶς
901 5399 960 5452 δὲ
989 5401 1083 5452 καὶ
1106 5403 1134 5453 6
1163 5400 1376 5466 Παῦλος
1401 5402 1492 5457 τὸν
1529 5401 1792 5473 ἀρχιερέα
1823 5402 1935 5456 τῶν

353 5487 640 5554 Ἰουδαίων,
656 5493 832 5561 τοῖχον
855 5485 978 5543 εἷπε
1003 5493 1387 5564 κεκονιαμένον
1398 5493 1808 5564 τυφθησόμενον
1823 5493 1935 5566 (ίὲ)

337 5579 445 5634 ὑπὸ
473 5580 567 5634 τοῦ
596 5581 731 5634 Θεοῦ
751 5597 764 5612 ο
801 5581 895 5634 καὶ
923 5583 951 5634 6
982 5583 1173 5654 Σωτὴρ
1193 5587 1251 5637 ἐν
1284 5584 1636 5653 Εὑαγγελίοις
1671 5587 1794 5648 τοὺς
1827 5588 1936 5640 Φα-

339 5672 608 5740 ρισαίους,
637 5673 843 5741 τάφους
874 5669 995 5726 εἷπε
1042 5677 1494 5747 κεκονιαμένους·
1534 5673 1592 5730 εὖ
1637 5677 1692 5730 δὲ
1735 5677 1830 5730 καὶ
1870 5678 1930 5730 τὸ

393 5767 436 5799 ¹³
457 5783 504 5820 ν.
530 5768 621 5823 25.
701 5769 746 5802 ⁸⁸
773 5770 924 5823 ν.27.

404 5858 515 5931 (ιε)
553 5861 686 5917 Cod.
726 5861 1220 5935 τυπτηθησὸμινον.

2113 4215 2154 4248 ¹¹
2181 4215 2435 4274 Excludit
2465 4217 2682 4272 eﬂ'atum
2714 4219 2818 4273 hoc
2847 4216 3251 4272 irrationalium
3280 4217 3615 4271 animalium-

2039 4307 2387 4364 sacrillcium.
2417 4307 2551 4365 Nam
2568 4311 2898 4366 sacriﬁcium
2923 4309 3037 4365 Deo
3065 4308 3290 4380 spiritus
3319 4306 3610 4364 contritus.

2113 4399 2158 4432 "
2180 4400 2235 4454 Si
2269 4410 2458 4456 sancta
2485 4414 2541 4456 et
2571 4413 2720 4457 recta
2775 4414 2902 4458 sunt
2943 4419 3106 4473 Opera
3158 4402 3405 4466 Domini;
3441 4416 3610 4454 unum

2039 4503 2170 4545 vero
2201 4505 2269 4545 ex
2309 4492 2568 4561 operibus
2599 4493 2715 4561 ejus
2744 4505 2829 4549 est
2872 4496 3040 4549 etiam
3079 4509 3268 4559 mens;
3297 4508 3427 4563 ergo
3463 4501 3623 4546 recta-

353 4573 518 4617 αὑτοῦ
546 4573 772 4619 ἐστικαὶ
803 4573 832 4619 ό
862 4573 1007 4632 νοῦς,
1043 4573 1201 4639 ὀρθὸς
1237 4573 1343 4642 ἄρα
1363 4573 1586 4643 ἐκτίσθη
1636 4575 1728 4627 καὶ
1766 4576 1928 4642 ἁγνὸς

352 4653 505 4727 παρά
529 4655 624 4708 τοῦ
651 4655 785 4710 Θεοῦ
807 4659 836 4711 6
859 4657 1001 4723 νοῦς,
1027 4660 1119 4712 καὶ
1147 4659 1304 4729 ὀρθὸν
1324 4663 1610 4733 ὀφείλομεν
1635 4664 1928 4733 διαφυλάτ-

2037 4589 2217 4635 creata
2250 4591 2333 4636 est
2364 4593 2418 4638 et
2449 4593 2640 4638 sancta
2676 4600 2706 4638 a
2740 4585 2851 4640 Deo
2883 4601 3057 4650 mens,
3082 4600 3242 4654 quam
3279 4599 3378 4638 nos
3413 4591 3616 4637 rectam

2037 4687 2361 4729 conservare
2390 4677 2647 4733 debemus
2680 4693 2812 4733 erga
2847 4679 3049 4733 ipsum.
3075 4687 3268 4733 contra
3306 4676 3616 4733 ingruentia

2034 4687 2361 4729 conservare
2390 4677 2647 4733 debemus
2680 4693 2812 4749 erga
2847 4679 3049 4748 ipsum,
3075 4687 3268 4734 contra
3306 4676 3616 4747 ingruentia

2033 4763 2197 4818 nobis
2223 4779 2252 4818 a
2279 4765 2496 4821 diabolo
2527 4767 2689 4822 mala.

2109 4855 2152 4887 "
2175 4855 2404 4912 Domum
2439 4859 2589 4915 calce
2619 4860 2774 4914 litam
2817 4867 2873 4915 et
2899 4873 3241 4914 communem
3281 4860 3623 4930 comparavit

2035 4949 2236 5018 angulo
2260 4949 2511 5006 subdiali.
2536 4950 2654 5006 Jam
2683 4953 2730 5007 si
2755 4952 2948 5008 domus
2987 4951 3138 5006 calce
3163 4949 3258 5004 lita
3288 4960 3342 5005 et
3371 4965 3622 5005 commu-

2035 5040 2142 5106 nis,
2174 5041 2416 5110 nequitia
2461 5043 2826 5114 intelligitur;
2851 5044 3038 5111 utique
3073 5041 3305 5112 angulus
3333 5041 3619 5108 subdialis,

2035 5127 2211 5183 virtus
2241 5140 2345 5185 est.
2377 5131 2621 5201 Angulus
2650 5133 2917 5188 subdialis
2943 5134 3111 5203 igitur
3138 5140 3223 5187 est
3261 5141 3415 5186 actus
3442 5131 3618 5185 medi-

2038 5220 2244 5274 tatione
2290 5235 2573 5285 accensus,
2621 5231 2676 5276 et
2724 5236 2756 5276 a
2795 5220 3204 5292 'sole‘justitize
3254 5218 3613 5273 illuminatus.

2037 5309 2266 5381 Egregie
2311 5327 2442 5368 vero
2474 5314 2640 5368 etiam
2688 5314 2891 5370 Paulus
2931 5311 3245 5384 pontiﬁcem
3303 5310 3617 5366 Judaeorum

2038 5404 2300 5472 parietem
2333 5406 2483 5462 calce
2509 5407 2668 5462 litum
2693 5422 2788 5463 seu
2813 5406 3124 5463 dealbatum
3161 5403 3453 5474 appellavit
3474 5403 3542 5468 ³⁸,
3563 5412 3619 5456 ει

2039 5510 2070 5548 a
2127 5493 2242 5550 Deo
2289 5499 2728 5566 percutiendum.
2764 5498 2831 5554 Et
2878 5498 3142 5555 Dominus
3201 5497 3256 5552 in
3313 5497 3618 5567 Evangeliis

2041 5584 2346 5643 Pharisaeos
2396 5589 2539 5645 dixit
2581 5591 2832 5662 sepulcra
2868 5591 3122 5648 dealbata
3143 5585 3617 5643 “"'.Beneetiatn

2040 5693 2206 5749 super
2231 5681 2434 5753 angulo
2457 5681 2618 5750 dixit,
2656 5684 2746 5739 ubi
2783 5683 2923 5752 lapis
2953 5683 3175 5757 ponitur
3204 5682 3274 5739 ab
3295 5679 3613 5739 aediﬁcanti-

1009 5771 1051 5802 "
1077 5771 1200 5825 v.5.
1269 5774 1310 5804 “'
1344 5788 1392 5827 v.
1427 5773 1478 5829 8.
1533 5773 1573 5806 “
1604 5789 1652 5827 ν.
1683 5773 1734 5829 9.
1777 5774 1822 5806 ³⁸
1848 5774 1936 5829 Act

2037 5775 2220 5846 “11,5.
2276 5779 2395 5813 ²¹·²⁸
2422 5777 2610 5836 Matth.
2636 5793 2790 5848 ulti,
2816 5779 2907 5835 27.
