4172 6428
525 421 636 482 alii

1423 417 1987 479 SUPPLEMENTUM
2028 416 2119 469 AD
2157 413 2478 471 ORIGENIS
2516 413 2926 472 EXEGETICA.

3677 414 3783 469 2N5

524 541 629 602 bus
651 541 991 612 reprobatus,
1017 539 1110 609 qui
1139 547 1317 594 tamen
1340 538 1517 595 tactus
1539 549 1623 596 est
1643 546 1806 609 caput
1828 535 2011 607 anguli
2027 533 2064 564 "

2167 565 2175 593 ι
2201 533 2293 585 ἐπὶ
2318 533 2521 602 γωνίας
2550 528 2725 598 εἶπεν,
2755 531 2883 588 ἔνθα
2909 534 2940 586 6
2967 531 3112 595 λίθος
3142 531 3318 585 κεῖται
3372 531 3404 585 6
3449 531 3774 603 ἀποδοκιμαι

523 637 617 707 qui
657 644 741 691 est
771 634 1022 689 Christus
1057 632 1336 687 Dominus.
1370 632 1542 689 Porro
1580 632 1710 688 illud
1744 640 1825 687 est
1855 642 2099 685 commu-

523 741 612 791 ne,
643 726 786 796 quod
811 726 967 780 unice
992 724 1084 779 Dei
1113 740 1216 779 non
1242 732 1345 780 est.

590 904 640 937 ’⁸
668 902 862 959 Munus
905 903 1177 959 occultum
1229 904 1358 959 illud
1412 911 1496 958 est
1531 901 1676 971 quod
1716 899 1807 955 dat
1849 900 2094 961 dextera,

520 1007 574 1052 et
601 1012 630 1050 a
668 998 891 1051 sinislra
941 997 1249 1066 ignoratur.
1280 997 1542 1051 Furorem
1582 1002 1776 1050 contra
1821 1006 1881 1047 se
1932 988 2103 1044 vehe-

2203 623 2349 687 σθεὶς
2378 622 2483 677 ὑπὸ
2512 624 2619 679 τῶν
2642 624 2958 695 οἰκοδόμων,
2992 624 3087 677 καὶ
3110 624 3401 694 γενόμενος
3437 622 3647 693 κεφαλὴ
3676 641 3783 691 γω-

2200 716 2341 780 νίας,
2375 716 2434 781 ὃς
2466 718 2583 770 ἐστι
2615 716 2851 788 Χριστός
2870 732 2882 745 ·
2919 713 3167 768 κοινὸνδέ
3190 717 3357 780 ἐστιν,
3391 713 3420 767 ὃ
3447 714 3522 786 μὴ
3541 713 3634 767 τοῦ
3663 715 3782 778 ἐνός

2198 806 2313 857 ἐστι
2348 804 2502 858 Θεοῦ.

2266 896 2426 960 Δόσις
2450 896 2671 968 λάθριός
2701 899 2871 961 ἐστιν,
2904 897 2933 951 6
2972 898 3118 951 ποιεῖ
3147 898 3181 968 ἡ
3217 893 3390 961 δεξιά,
3422 894 3496 967 μὴ
3522 894 3779 964 γινώσκει

2195 986 2309 1057 δέή
2340 987 2641 1059 ἀριστερά·
2676 986 2847 1057 θυμὸν
2881 986 3087 1057 ἐγείρει
3116 986 3238 1039 κατ’
3280 986 3443 1038 αὐτοῦ
3474 983 3693 1055 ἰσχυρὸν
3718 986 3779 1038 ἐν

521 1100 755 1145 mentem
780 1090 834 1142 iu
871 1089 960 1143 die
986 1088 1173 1155 judicii
1206 1092 1466 1158 concitat,
1496 1089 1588 1161 qui
1617 1087 1859 1144 tribuere
1880 1080 2063 1154 egenti

2192 1080 2261 1149 τῇ
2297 1078 2481 1149 ἡμέρᾳ
2500 1079 2599 1147 τῆς
2627 1078 2886 1150 κρίσεως,
2912 1081 2941 1132 6
2965 1078 3074 1132 τῶν
3105 1078 3242 1149 πρὸς
3280 1079 3408 1142 τοὺς
3445 1076 3643 1141 ἐνδεεῖς
3672 1075 3777 1130 δὼ-

518 1184 619 1239 bus
642 1196 865 1237 munera
899 1181 1099 1251 parcit.

588 1276 636 1308 "
657 1274 1026 1345 Congregatio
1058 1272 1335 1344 gigantum
1366 1277 1450 1325 est
1482 1268 1724 1339 nequitia
1753 1279 1808 1325 et
1844 1268 2087 1323 inscitia.

516 1362 785 1434 Gigantes
811 1380 942 1420 vero
964 1373 1091 1419 sunt
1117 1364 1407 1417 daemones.
1435 1360 1491 1415 Id
1524 1360 1847 1429 est,magnis
1876 1361 1929 1415 in
1963 1374 2090 1429 pee-

516 1454 654 1509 eatis
681 1452 905 1522 jacebit,
930 1453 1022 1524 qui
1049 1453 1115 1507 de
1140 1452 1225 1505 via
1257 1450 1481 1519 iustitiae
1517 1452 1763 1506 aberrat.

583 1627 631 1660 ’⁸
657 1627 788 1681 Sine
812 1626 1037 1697 conjuge
1058 1634 1281 1693 prastat
1297 1639 1623 1695 esse,quam
1652 1624 1747 1680 tali
1775 1628 2082 1682 convivere.

516 1716 681 1774 David
696 1733 910 1789 quoque
932 1716 1009 1772 ait
1028 1734 1041 1771 :
1060 1715 1124 1770 In
1147 1728 1287 1771 terra
1308 1719 1511 1772 deserta
1522 1728 1568 1771 et
1582 1719 1722 1772 invia
1744 1719 2084 1787 elinaquosa,

510 1810 589 1865 sic
621 1811 678 1864 in
724 1819 906 1864 sancto
941 1810 1165 1879 apparui
1197 1808 1290 1863 tibi
1310 1809 1378 1864 ".
1416 1808 1637 1864 Deserta
1694 1809 1860 1877 igitur
1911 1818 2083 1874 terra,

2196 1188 2307 1241 ρων
2340 1170 2678 1240 φειδόμενος.

2275 1263 2339 1315 Ἦ
2372 1261 2662 1333 συναγωγὴ
2690 1261 2800 1315 τῶν
2823 1261 3114 1330 γιγάντων,
3147 1264 3180 1333 ἠ
3212 1260 3381 1315 κακία
3404 1260 3553 1330 καὶὴ
3591 1260 3772 1327 ἀγνωο

2192 1354 2284 1409 σία
2322 1355 2507 1408 ἐστίν·
2565 1355 2817 1425 γίγαντες
2853 1355 2911 1408 δὲ
2956 1357 3007 1408 οἱ
3051 1354 3335 1424 δαίμονες·
3389 1354 3665 1406 τουτέστιν
3711 1353 3773 1404 ἐν

2191 1445 2457 1514 μεγάλαις
2494 1445 2789 1517 ἁμαρτίαις
2834 1445 3208 1499 ἀναπαύσεται
3250 1444 3280 1497 6
3327 1443 3672 1516 πλανώμενος
3708 1444 3771 1509 ἐξ

2186 1538 2307 1591 ὁδοῦ
2328 1536 2697 1609 δικαιοσύνης.

2270 1630 2549 1697 Ἀγύναιον
2580 1627 2715 1683 εἶναι
2744 1633 3010 1702 κρεῖττον,
3048 1628 3082 1702 ἢ
3112 1628 3338 1699 τοιαύτῃ
3364 1630 3600 1682 συνεῖναι
3624 1644 3638 1659 ο
3670 1629 3766 1681 καὶ

2184 1721 2213 1772 6
2235 1718 2399 1772 Δαυϊδ
2438 1735 2632 1789 φησιν’
2677 1718 2784 1771 Ἐν
2810 1717 2889 1787 τῇ
2916 1716 3113 1787 ἐρήμῳ
3147 1717 3245 1771 καί
3292 1715 3487 1779 ἀϐάτῳ
3517 1714 3618 1769 καὶ
3658 1715 3766 1769 ἀν-

2186 1806 2366 1876 ύδρῳ,
2406 1809 2595 1875 οὕτως
2618 1809 2688 1861 ἐν
2710 1806 2791 1873 τῷ
2832 1808 2977 1877 ἁγίῳ
3012 1805 3220 1876 ὤφθην
3242 1818 3370 1860 σοι·
3419 1806 3623 1876 ἔρημος
3652 1806 3763 1856 τοί-

514 1901 693 1955 anima
720 1907 804 1955 est
847 1900 1047 1955 virtute
1077 1901 1323 1970 praedita,
1353 1909 1408 1954 et
1436 1914 1557 1969 qua:
1585 1899 1795 1968 priscos
1830 1899 2064 1955 homine:

2183 1917 2277 1953 wv
2302 1899 2375 1970 γῆ
2413 1901 2563 1953 ἐστιν
2591 1902 2623 1969 ἡ
2660 1899 2863 1970 ἀρετὴν
2895 1899 3091 1969 ἔχουσα
3117 1898 3286 1970 ψυχὴ,
3322 1900 3417 1952 καὶ
3452 1898 3528 1969 μὴ
3562 1897 3763 1967 ἔχουσα

510 2008 617 2047 non
657 1993 823 2048 habet
849 1992 1207 2055 habitatores,
1234 1995 1328 2062 qui
1368 1993 1609 2061 corrupti
1650 2000 1809 2047 erant
1834 1990 1888 2047 in
1935 1991 2081 2044 anti-

508 2086 633 2157 quis
667 2084 1054 2154 cupiditatibus
1084 2085 1311 2140 erroris.
1341 2086 1524 2152 Quare
1570 2098 1637 2139 ne
1677 2082 1924 2139 diabolus
1958 2084 2081 2154 qni-

507 2176 628 2229 dem
660 2173 901 2244 requiem
936 2174 990 2229 in
1011 2190 1076 2231 ea
1108 2176 1343 2235 invenit:
1370 2177 1635 2247 siquidem
1665 2191 1808 2246 aegre
1838 2190 1936 2245 per
1965 2176 2077 2229 ari-

506 2265 606 2320 dos
623 2264 771 2320 locos
796 2280 1047 2335 quarens
1074 2267 1335 2336 requiem,
1351 2281 1453 2321 non
1480 2266 1708 2321 invenit.
1738 2266 1857 2335 lpse
1874 2265 2073 2335 quippe

507 2372 604 2412 res
637 2367 721 2412 est
753 2358 995 2412 omnium
1039 2358 1091 2412 in
1129 2359 1287 2428 aquis
1321 2357 1651 2429 degentium,
1677 2358 1730 2413 id
1763 2366 1849 2412 est
1893 2357 2074 2413 homi-

503 2464 631 2504 num
646 2452 737 2519 qul
764 2450 814 2504 in
833 2451 947 2505 otio
964 2460 1018 2505 et
1042 2450 1397 2506 delectatione
1415 2449 1712 2505 carnalium
1734 2448 2074 2520 voluptatum

499 2549 812 2594 versantur.
834 2538 964 2595 Item
990 2557 1005 2593 :
1033 2538 1323 2610 Sapientiae
1351 2539 1544 2594 aedium
1566 2548 1725 2595 tecta:
1762 2547 1889 2595 sunt
1920 2553 2073 2592 man-

498 2631 699 2685 siones.
729 2630 881 2697 Quod
911 2634 956 2685 sl
992 2633 1066 2686 ita
1093 2642 1197 2697 e5t,
1219 2645 1348 2701 ergo
1374 2630 1568 2686 mulier
1599 2631 1800 2696 rixosa,
1833 2629 1989 2686 dicax
2018 2639 2073 2685 et

497 2721 782 2786 iracunda,
827 2723 1067 2793 nequitia
1115 2733 1223 2791 est,
1253 2739 1375 2795 quae
1408 2723 1856 2780 contubernalem
1910 2737 2068 2778 suum

495 2814 629 2870 facit
668 2816 910 2873 rixosum
954 2830 1009 2875 et
1036 2820 1278 2876 dicacem
1318 2828 1374 2875 et
1402 2820 1743 2875 iracundum.

565 2990 613 3023 ’⁸
638 2990 912 3062 Sapientia
965 2994 1177 3049 Domini
1222 2994 1526 3065 requiescet
1565 2997 1618 3051 in
1659 2998 1823 3053 corde
1847 2998 1977 3069 justi
2003 3013 2068 3055 ac

491 3082 792 3151 sapientis;
816 3084 1005 3138 vesani
1031 3095 1210 3140 autem
1246 3087 1493 3142 homines
1517 3086 1917 3144 calumniantur
1941 3103 2063 3145 eam

491 3183 550 3228 ut
580 3175 949 3242 pessumdent.

561 3264 608 3296 "
640 3261 919 3333 Sapientia
972 3275 1057 3322 est
1108 3268 1239 3324 urbs
1283 3267 1515 3336 munita,
1545 3270 1600 3324 in
1634 3286 1740 3341 qua
1788 3272 2064 3341 sapientes

490 3352 765 3421 habitant,
814 3367 1024 3414 mentes
1055 3374 1181 3415 suas
1214 3368 1507 3431 purgantes
1540 3363 1607 3418 ab
1630 3363 1774 3418 omni
1827 3363 2064 3421 elatione

489 3459 613 3513 quae
634 3455 824 3499 contra
854 3446 945 3502 Dei
969 3448 1249 3512 scientiam
1272 3450 1573 3508 extollitur.
1602 3480 1675 3493 —-
1709 3451 1945 3509 Munitas
1970 3469 2062 3509 ur-

486 3538 585 3591 bes
621 3537 753 3591 dicit
794 3538 1004 3595 animas
1043 3542 1485 3601 circumvallatas
1526 3553 1583 3601 et
1631 3544 1948 3617 subjugatas
1990 3547 2061 3603 ab

489 3624 671 3694 impiis
716 3626 1055 3686 daemonibus
1099 3634 1457 3705 seelestisque
1490 3636 1807 3692 hominibus
1833 3638 1926 3708 qui
1962 3639 2059 3693 ad-

488 3728 679 3770 versus
700 3713 793 3772 Dei
834 3720 1114 3776 scientiam
1153 3725 1527 3781 extolluntur:
1553 3741 1783 3796 quorum
1820 3728 2057 3782 circum-

487 3805 807 3864 vallationes
851 3823 1117 3881 superans
1158 3816 1399 3886 sapiens,
1431 3827 1788 3887 apparentem
1836 3817 2054 3874 illorum

483 3900 851 3967 securitatem,
882 3902 973 3958 tali
1006 3906 1270 3975 sapientia
1302 3907 1543 3964 munitus
1565 3906 1753 3965 dilllat.

556 4072 605 4105 ³⁸
625 4074 717 4142 Os,
741 4076 1002 4146 linguam,
1023 4090 1285 4149 mentem,
1309 4086 1467 4151 iram,
1498 4096 1555 4143 et
1577 4089 1929 4159 cupiditatem
1962 4092 2053 4160 qui

481 4164 724 4233 cohibet,
759 4168 806 4224 is
851 4172 1089 4229 animam
1129 4191 1283 4232 suam
1315 4194 1345 4232 a
1375 4178 1543 4236 futuri
1578 4181 1769 4252 judicii
1832 4182 2055 4238 tribula-

481 4258 629 4315 tione
655 4261 912 4317 custodit.

552 4349 596 4382 ³³
623 4350 768 4406 Idem
795 4360 879 4407 est
904 4352 1119 4409 diverse
1144 4357 1522 4415 consideratus
1541 4376 1556 4416 :
1572 4363 1858 4434 audax,qui
1881 4368 2053 4436 quod-

475 4441 610 4498 libet
648 4443 917 4513 intrepide
956 4448 1270 4515 aggreditur
1295 4466 1310 4502 :
1340 4449 1609 4523 ferox,qui
1646 4453 2049 4514 inconsiderate

2178 1989 2305 2052 τοὺς
2339 1988 2601 2052 παλαιοὺς
2643 1987 2962 2059 ἀνθρώπους
2998 1987 3357 2050 ἐνοικοῦντας,
3385 1986 3510 2049 τοὺς
3543 1984 3760 2057 φθειρο-

2181 2080 2375 2152 μένους
2399 2079 2539 2135 κατά
2567 2079 2667 2143 τάς
2696 2078 2932 2142 παλαιάς
2951 2077 3247 2149 ἐπιθυμίας
3275 2077 3374 2148 τῆς
3404 2078 3646 2149 ἀπάτης·
3675 2076 3759 2130 διὸ

2175 2174 2296 2227 οὐδὲ
2326 2174 2567 2245 εὑρίσκει
2602 2174 2661 2226 ἐν
2695 2174 2833 2243 αὐτῇ
2880 2173 3184 2227 ἀνάπαυσιν
3227 2173 3256 2225 6
3302 2169 3571 2234 διάϐολος·
3637 2170 3759 2238 εἴγε

2173 2264 2449 2335 δυσχερῶς
2479 2264 2548 2318 δι’
2574 2262 2819 2333 ἀνύδρων
2864 2264 3046 2317 τόπων
3087 2262 3263 2333 ζητῶν
3288 2264 3613 2324 ἀνάπαυσιν,
3659 2261 3755 2315 καὶ

2172 2355 2271 2425 οὐχ
2296 2355 2568 2426 εύρίσκει’
2608 2356 2771 2420 αὐτὸς
2801 2356 2909 2426 γάρ
2946 2354 3199 2426 βασιλεύς
3249 2357 3365 2408 ἐστι
3400 2355 3615 2408 πάντων
3642 2353 3752 2406 τῶν

2172 2447 2234 2500 ἐν
2266 2450 2378 2512 τοῖς
2405 2447 2581 2513 ὕδασι,
2612 2448 2858 2502 τουτέστι
2889 2447 2997 2500 τῶν
3027 2449 3085 2501 ἐν
3127 2446 3431 2501 ἀναπαύσει
3470 2446 3564 2500 καὶ
3611 2447 3748 2499 ἀπο-

2171 2538 2357 2593 λαύσει
2402 2540 2679 2612 σαρκικῶν
2710 2539 2933 2612 ἡδονῶν.
3000 2540 3110 2593 Καὶ
3167 2540 3363 2594 πάλιν’
3394 2540 3506 2611 Τῆς
3559 2540 3752 2608 σοφίας

2171 2634 2391 2702 στεγναὶ
2416 2634 2472 2686 αἱ
2502 2631 2775 2705 διατριϐαὶ
2794 2632 2959 2688 οἴκων
2989 2633 3156 2704 αὐτῆς
3178 2650 3191 2663 ·
3227 2634 3275 2685 εί
3317 2631 3375 2686 δὲ
3401 2631 3579 2696 τοῦτο,
3618 2634 3751 2686 ούκ-

2169 2724 2264 2778 οῦν
2295 2726 2391 2778 καὶ
2415 2726 2447 2795 ὴ
2479 2723 2617 2795 γυνὴ
2647 2726 2680 2795 ἡ
2712 2724 2950 2795 μάχιμος
3003 2725 3095 2777 καὶ
3119 2721 3445 2795 γλωσσώδης
3473 2724 3569 2777 καὶ
3594 2723 3747 2794 ὀργί-

2167 2814 2279 2879 λος,
2314 2816 2348 2885 ή
2381 2814 2549 2869 κακία
2589 2815 2760 2878 ἐστὶν,
2803 2814 2925 2884 ἥτις
2978 2813 3069 2866 τὸν
3122 2812 3366 2879 συζῶντα
3420 2814 3557 2885 αὐτῇ
3602 2815 3749 2869 ποιεῖ

2168 2905 2409 2977 μάχιμον
2436 2905 2528 2959 καὶ
2561 2905 2855 2977 γλωσσώδη
2887 2906 2981 2959 καὶ
3009 2906 3245 2977 ὀργίλον.

2234 2999 2405 3068 Σοφία
2461 2999 2669 3069 Κυρίου
2729 2997 3105 3052 ἀναπαύσεται
3168 3000 3226 3051 ἐν
3287 2997 3483 3069 καρδίᾳ
3532 2997 3743 3051 δικαίου

2166 3089 2333 3159 σοφοῦ
2358 3107 2372 3120 ·
2425 3090 2659 3162 ἄφρονες
2703 3089 2761 3143 δέ
2803 3089 2996 3161 ἄνδρες
3039 3090 3413 3145 διαϐάλλουσιν
3448 3090 3618 3162 αὐτὴν
3650 3091 3745 3144 τοῦ

2166 3182 2405 3253 φθεῖραι.
3658 3178 3663 3181 ’

2249 3273 2315 3327 Ἠ
2350 3275 2510 3344 σοφία
2538 3274 2656 3328 ἐστὶ
2689 3274 2843 3339 πόλις
2868 3275 3061 3347 ὀχυρὰ,
3101 3276 3160 3329 ἐν
3269 3276 3319 3328 εί
3376 3276 3531 3346 σοφοὶ
3562 3292 3746 3331 κατοι-

2164 3362 2342 3429 κοῦσι,
2410 3365 2702 3436 λογισμοὺς
2762 3364 3172 3437 καθαιροῦντες,
3232 3365 3328 3419 καὶ
3382 3368 3491 3420 πᾶν
3540 3366 3742 3436 ὕψωμα

2162 3458 2525 3529 ἐπαιρόμενον
2546 3458 2685 3513 κατὰ
2715 3458 2815 3529 τῆς
2835 3459 3088 3529 γνώσεως
3116 3458 3210 3513 τοῦ
3237 3458 3395 3515 Θεοῦ.
3426 3490 3499 3501 --
3548 3459 3741 3523 Πόλεις

2160 3549 2361 3620 ὀχυράς
2413 3566 2575 3620 φησιν
2606 3551 2702 3615 τὰς
2734 3549 3102 3621 ὀχυρωθείσας
3150 3551 3244 3603 καὶ⁵
3301 3550 3741 3624 κατακρατηθεί-

2163 3657 2262 3704 σας
2294 3640 2472 3711 ψυχὰς
2517 3641 2624 3695 ὑπὸ
2651 3640 2760 3696 τῶν
2800 3641 3014 3696 ἀσεϐῶν
3043 3642 3313 3714 δαιμόνων
3352 3643 3444 3697 καὶ
3488 3642 3739 3715 πονηρῶν

2158 3731 2482 3804 ἀνθρώπων,
2513 3732 2623 3786 τῶν
2649 3734 3029 3805 ἐπαιρομένων
3060 3735 3202 3789 κατὰ
3232 3735 3330 3805 τῆς
3358 3732 3612 3803 γνώσεως
3640 3733 3737 3789 τοῦ

2157 3821 2292 3875 Θεοῦ
2313 3839 2326 3852 ·
2370 3816 2444 3876 ὧν
2475 3823 2535 3877 τὸ
2582 3824 2843 3895 ὀχύρωμα
2871 3824 3067 3889 ἐπιϐάς
3110 3827 3140 3879 6
3189 3824 3372 3893 σοφὸς,
3406 3824 3503 3877 καὶ
3528 3824 3624 3894 τὴν
3651 3824 3743 3878 60-

2158 3909 2361 3964 κοῦσαν
2388 3911 2687 3981 ἀσφάλειαν
2720 3912 2922 3979 αὐτῶν,
2955 3916 3024 3984 τῇ
3057 3912 3230 3977 οὓτως
3268 3914 3429 3984 σοφίᾳ
3467 3929 3739 3983 περιφρα-

2158 4002 2307 4073 χθεὶς
2335 4004 2601 4058 καθεῖλεν.

2228 4098 2409 4168 Στόμα
2439 4098 2533 4152 καὶ⁵
2556 4098 2807 4166 γλῶσσαν
2834 4099 2927 4152 καὶ¹
2948 4096 3097 4161 νοῦν,
3128 4097 3298 4167 θυμὸν
3324 4098 3418 4152 καὶ
3438 4097 3735 4169 ἐπιθυμίαν

2153 4186 2212 4250 ὃς
2241 4187 2524 4255 φυλάσσει,
2552 4188 2801 4256 διατηρεῖ
2828 4191 2892 4242 ἐκ
2916 4190 3016 4259 τῆς
3062 4190 3121 4240 ἐν
3171 4187 3349 4260 κρίσει
3371 4187 3603 4256 θλίψεως
3636 4188 3734 4258 τὴν

2152 4278 2330 4351 ψυχὴν
2357 4278 2542 4334 αὐτοῦ.

2222 4372 2395 4435 Αὐτός
2448 4372 2566 4424 ἐστι
2609 4370 2878 4442 διαφόρως
2920 4369 3331 4441 ἐπινοούμενος·
3393 4369 3598 4442 θρασὺς
3632 4369 3732 4441 μὲν

2152 4462 2282 4535 γὰρ,
2316 4464 2345 4516 6
2398 4465 2509 4517 πᾶν
2550 4462 2729 4517 ὁτιοῦν
2774 4462 2992 4531 ἀφόϐως
3047 4462 3339 4516 ἐπιτελῶνο
3395 4462 3651 4533 αὐθάδης,
3704 4464 3736 4515 6

474 4534 629 4591 liberi
670 4535 909 4592 hominis
944 4540 1313 4595 conditionem
1358 4552 1584 4612 usurpat
1615 4561 1628 4597 :
1654 4548 2045 4620 superbus,qui

2167 4534 2518 4627 ivsmxpitwc
2564 4555 2967 4626 ἐλευθεριάζειν
3020 4555 3373 4625 βουλόμενος·
3419 4552 3657 4618 ἀλαζὼν.
3702 4554 3732 4606 6

479 4626 684 4693 majora
715 4627 860 4682 veris
896 4628 1089 4682 merita
1119 4628 1329 4697 jactat:
1361 4634 1644 4701 pestilens,
1680 4637 1771 4705 qui
1805 4653 1911 4694 non
1940 4642 2043 4697 sibi

471 4717 574 4785 ipsi
607 4719 1001 4782 tantummodo,
1033 4722 1125 4775 sed
1144 4732 1198 4775 et
1234 4722 1358 4777 aliis
1386 4724 1583 4779 noxius
1605 4738 1711 4781 est.
1740 4727 2047 4801 Tantopere

470 4808 619 4864 enim
652 4820 737 4866 est
764 4812 1053 4879 exitiosus,
1077 4823 1137 4868 ut
1160 4814 1280 4870 aliis
1315 4831 1534 4886 quoque
1562 4818 1739 4875 labem
1770 4826 2043 4893 propriam

470 4900 832 4970 impertiatur.
884 4905 988 4973 Qui
1027 4906 1262 4976 denique
1301 4907 1621 4977 iniuriarum
1669 4922 1754 4970 est
1811 4930 2044 4985 memor,

466 5002 677 5061 peccat.

536 5083 583 5115 ³⁸
606 5084 701 5139 Est
732 5088 895 5141 etiam
951 5088 1091 5143 bona
1139 5090 1675 5166 cupiditas:quippe
1725 5100 2042 5171 angelorum

465 5185 551 5230 est
582 5177 717 5232 nihil
748 5195 981 5250 unquam
1015 5198 1239 5252 pravum
1283 5199 1516 5255 cupere;
1551 5191 1875 5257 daemonum,
1899 5210 2043 5251 sem-

467 5282 563 5337 per
595 5268 734 5323 male
776 5274 1207 5342 concupiscere;
1252 5276 1538 5334 hominum
1590 5283 1843 5353 denique,
1883 5290 2042 5343 modo

465 5362 874 5430 concupiscere,
918 5366 1077 5421 modo
1110 5382 1291 5424 secus.
1344 5369 1464 5427 Jam
1519 5376 1708 5439 verba,
1764 5386 1875 5432 tota
1929 5380 2039 5446 die,

462 5461 741 5519 ponuntur
791 5470 890 5524 pro
944 5466 1053 5512 tota
1100 5460 1229 5514 vita.
1280 5460 1373 5519 Sic
1409 5475 1497 5520 est
1543 5466 1816 5523 illud:Iu
1855 5471 2041 5528 timo"

462 5540 679 5597 Domini
709 5554 820 5599 suo
861 5554 972 5600 tota
999 5549 1084 5602 die
1104 5548 1173 5616 ⁸³,
1203 5551 1256 5606 id
1284 5562 1370 5608 est
1400 5562 1511 5610 tota
1548 5558 1682 5617 vita.

526 5746 575 5779 “
603 5746 790 5807 Matth.
820 5767 935 5818 ut,
966 5752 1057 5807 4‘2.
1159 5756 1206 5789 “
1230 5772 1280 5810 ν.
1320 5757 1405 5812 η.
1484 5759 1529 5791 ’⁸
1554 5774 1603 5811 v.
1640 5760 1724 5816 16.

451 5812 496 5850 ⁸³
522 5832 568 5873 v.
605 5820 695 5875 '24.
775 5822 821 5854 "
850 5812 1015 5877 v.25.
1096 5824 1138 5857 ³³
1167 5824 1327 5883 Prov.
1358 5830 1621 5895 “111,17.

1826 5762 1871 5795 ¹⁶
1898 5779 1947 5820 v.
1978 5766 2061 5824 l9.

2158 4649 2399 4720 μείζοσιν
2432 4648 2626 4702 ἐαυτὸν
2655 4648 2801 4719 ἤπερ
2834 4647 2945 4718 ἔχει
2973 4646 3250 4719 σεμνύνων
3275 4664 3287 4677 ·
3323 4647 3575 4718 λοιμὺς,ό
3595 4645 3731 4717 πρὸς

2151 4740 2231 4811 τῷ
2255 4741 2443 4795 ἑαυτὸν
2467 4740 2889 4805 καταϐλάπτειν,
2910 4742 3002 4795 καὶ
3033 4743 3237 4812 ἑτέροις
3266 4739 3578 4811 μεταδιδούς
3597 4756 3611 4769 ο
3642 4754 3733 4791 το-

2155 4831 2343 4885 σοῦτον
2395 4833 2505 4904 γάρ
2553 4834 2669 4885 ἐστι
2701 4832 3015 4902 βλαπτικὸς,
3044 4831 3120 4895 ὡς
3158 4832 3251 4886 καὶ
3286 4831 3465 4895 ἄλλοις
3509 4830 3725 4901 μεταδι-

2152 4923 2300 4978 δόναι
2333 4924 2531 4988 κακίας
2550 4941 2563 4954 ο
2591 4924 2651 4988 ὃς
2674 4924 2733 4976 δέ
2774 4926 3124 4995 μνησικακεῖ,
3157 4923 3492 4994 παράνομος.

2226 5102 2385 5155 Ἔστι
2435 5101 2546 5171 γὰρ
2609 5101 2703 5155 καὶ
2760 5100 2941 5173 ἀγαθὴ
2989 5096 3281 5169 ἐπιθυμία·
3336 5094 3583 5165 ἀγγέλων
3624 5093 3725 5165 μὲν

2149 5190 2242 5250 οὖν
2267 5195 2327 5249 τὸ
2365 5195 2439 5266 μὴ
2465 5194 2751 5265 ἐπιθυμεῖν
2786 5211 2917 5246 ποτε
2939 5192 3237 5262 ἐπιθυμίας
3261 5192 3457 5255 κακίας
3479 5205 3492 5217 ⁵
3532 5187 3725 5259 δαιμόο

2145 5305 2250 5341 νων
2283 5287 2340 5340 δὲ
2361 5289 2422 5340 τὸ
2447 5288 2532 5339 ἀεὶ
2563 5286 2738 5349 κακὰς
2774 5285 3093 5355 ἐπιθυμεῖν
3135 5282 3460 5355 ἀνθρώπων,
3494 5281 3555 5335 τὸ
3592 5281 3725 5335 ποτὲ

2146 5379 2248 5450 μὲν
2281 5378 2586 5448 ἐπιθυμεῖν,
2622 5378 2752 5431 ποτέ
2771 5377 2829 5430 δὲ
2860 5378 2935 5448 μή
2957 5394 2971 5406 ·
3002 5377 3064 5429 τὸ
3092 5375 3150 5428 δέ
3187 5375 3315 5445 ὅλην
3356 5375 3453 5445 τὴν
3485 5372 3719 5444 ἡμέραν,

2142 5472 2265 5525 ἀντὶ
2292 5470 2358 5523 δι’
2391 5471 2511 5523 ὅλου
2545 5468 2639 5522 τοῦ
2695 5468 2845 5539 βίου·
2902 5467 3141 5521 τοιοῦτόν
3194 5469 3311 5520 ἐστι
3364 5464 3457 5518 καὶ
3501 5463 3583 5526 τὸ,
3626 5463 3723 5514 Ἐν

2141 5562 2306 5631 φόϐῳ
2333 5562 2558 5629 Κυρίου
2589 5561 2715 5617 ἴσθι
2740 5560 2898 5630 ὅλην
2927 5559 3043 5629 τὴν
3069 5558 3318 5629 ἡμέραν,
3357 5557 3481 5611 ἀντὶ
3524 5553 3619 5608 τοῦ
3652 5552 3723 5609 δι’

2140 5653 2262 5706 ὅλου
2288 5652 2383 5707 τοῦ
2406 5652 2541 5723 βίου.

2168 5769 2211 5801 ³⁷
2243 5756 2386 5825 Ρωι.
2426 5783 2560 5834 un,
2598 5768 2651 5824 3.
2730 5769 2801 5841 _”
2830 5785 2878 5825 ν.
2912 5768 3003 5824 20.
3094 5769 3139 5801 ”
3168 5782 3220 5823 v.
3243 5766 3334 5823 εξ.
3434 5764 3481 5799 ³⁸
3517 5779 3572 5820 v.
3597 5760 3693 5824 εὖ.
