4172 6386
359 404 466 465 ΣΠ

1528 386 1895 444 EXPOSITIO
1933 386 2003 443 IN
2038 385 2459 443 PROVERBIA.

3513 381 3620 437 218

350 566 356 581 .
437 524 637 576 Ἵππον
659 515 808 585 λέγει
835 513 929 569 τὸν
956 512 1106 577 νοῦν,
1134 511 1227 563 τδν
1259 505 1668 579 πολεμούμενον
1709 506 1816 561 ὑπὸ
1857 505 1951 559 τοῦ
1982 532 1995 569 λ

2125 504 2170 537 ³⁸
2196 500 2409 574 Equum
2444 501 2575 558 dicit
2608 509 2867 566 mentem,
2912 515 2943 556 a
2981 497 3201 556 diabolo
3236 506 3626 568 oppugnatam,

364 611 634 674 διαϐόλου,
680 608 775 661 καὶ
807 600 1301 674 άντιπολεμοῦντα·
1350 598 1638 666 Ἐπιϐήσῃ
1672 595 1801 666 γὰρ,
1848 611 1955 667 φη..

371 705 476 767 σιν,
508 701 609 756 ἐπὶ
649 698 793 764 τοὺς
842 698 1066 759 ἵππους
1112 708 1261 746 σου·
1311 691 1411 744 καὶ
1444 691 1482 758 ἡ
1514 690 1773 744 ἱππασίιι
1815 706 1953 754 σου,

371 791 669 859 σωτηρία·
717 788 812 841 καὶ
838 787 932 838 ἐπὶ
961 783 1052 837 τοῦ
1088 782 1304 837 Παύλου
1336 785 1365 838 6
1401 781 1606 854 Κύριος
1632 797 1645 811 ·
1686 780 1797 835 Τοῦ
1837 780 1956 846 βα-

369 885 595 940 στάσαι
625 882 692 936 τὸ
724 876 914 949 ὄνομὰ
927 895 1070 947 μου,
1102 875 1257 947 φησί.

2053 597 2140 653 cui
2174 605 2353 651 tamen
2399 597 2514 665 ipsa
2570 605 2855 665 repugnat.
2900 593 3160 647 Ascendes
3225 591 3388 653 enim,
3428 588 3623 657 inquit,

2055 705 2212 760 super
2239 705 2398 759 equos
2426 698 2576 754 tuos;
2606 696 2654 741 et
2676 689 2939 757 equitatus
2963 695 3104 749 tuus,
3136 681 3357 736 saluatio
3376 680 3441 733 ⁸⁵.
3469 677 3533 732 Ει
3560 680 3627 734 de

2055 780 2220 836 Paulo
2248 779 2530 846 Dominus,
2560 776 2629 835 Ut
2649 788 2841 849 portet,
2877 776 3076 847 inquit,
3103 789 3293 829 nomen
3318 786 3489 827 meum
3507 771 3576 827 “.

1840 963 1992 1019 CAP.
2032 963 2201 1018 XXII.

445 1071 558 1142 Τὴν
593 1065 1001 1139 σημαινομένην
1037 1064 1238 1136 ἀρετὴν
1277 1063 1384 1118 ὑπὸ
1430 1062 1632 1117 οἰκείου
1670 1062 1957 1133 ὀνόματος,

379 1161 550 1231 ὄνομα
582 1155 704 1211 εἷπε
752 1156 947 1210 καλόν·
982 1155 1138 1208 τοῦτο
1162 1154 1270 1226 γάρ
1292 1155 1407 1207 ἐστι
1447 1152 1543 1207 καί⁸
1565 1151 1726 1205 καλὸν
1753 1151 1812 1205 τὸ
1842 1150 1961 1203 δνο-

2135 1061 2180 1094 ³⁷
2206 1060 2580 1133 Signiﬂcatam
2608 1075 2636 1114 a
2661 1057 2880 1130 proprio
2905 1054 3412 1119 nominevirtutem,
3439 1064 3633 1106 nomen

2065 1153 2205 1209 dixit
2249 1154 2471 1208 bonum.
2506 1150 2639 1206 Nam
2677 1150 2809 1206 illud
2858 1149 3059 1205 bonum
3108 1157 3193 1202 est
3242 1159 3459 1210 nomen,
3492 1142 3635 1212 quod

385 1270 483 1324 μα,
516 1253 654 1322 ὅπερ
678 1249 791 1321 ἔχει
816 1248 880 1301 τὸ
932 1246 1329 1318 σημαινόμενον
1371 1243 1604 1313 ἀγαθόν·
1643 1241 1816 1305 οὕτως
1842 1240 1965 1294 οὐδὲ

2099 1246 2237 1300 labet
2286 1244 2487 1300 bonum
2523 1258 2589 1298 ex
2633 1256 2732 1296 suo
2757 1240 2901 1296 bono
2919 1252 3084 1309 opere
3126 1237 3510 1308 signiﬁcatum.
3544 1234 3639 1288 Sic

378 1346 480 1417 τὴν
504 1344 687 1398 άδικον
716 1342 951 1410 γυναῖκα
988 1337 1346 1408 Δικαιοσύνην
1388 1334 1729 1407 καλουμένην
1752 1332 1968 1387 ἐπαινέ-

2069 1349 2246 1406 neque
2275 1333 2532 1404 injustam
2560 1331 2863 1395 mulierem,
2895 1331 2941 1386 si
2968 1332 3109 1384 forte
3144 1325 3365 1382 Justitia
3401 1325 3641 1394 appelle-

383 1416 572 1508 σομεν,
594 1434 729 1489 ἀλλὰ
756 1433 852 1504 τὴν
877 1432 1101 1503 ἔχουσαν
1130 1431 1228 1502 τὴν
1259 1428 1623 1498 δικαιοσύνην,
1651 1426 1754 1481 κᾶν
1785 1424 1969 1480 ἀδικία

2099 1443 2178 1493 ur,
2212 1424 2587 1489 laudabimus;
2639 1421 2735 1477 sed
2793 1420 2941 1475 illam
2989 1421 3172 1488 potius
3220 1433 3343 1487 qua:
3370 1416 3639 1487 justitiam

385 1527 708 1598 νομίζηται·
773 1524 918 1596 ὑπὲρ
979 1523 1038 1577 δὲ
1087 1521 1350 1593 ἀργύριον
1382 1520 1477 1575 καὶ
1511 1519 1755 1592 χρυσίον,
1803 1516 1968 1589 σοφία

2099 1516 2290 1583 ιιιὶκιιιι,
2317 1513 2533 1570 etiamsi
2581 1512 2631 1568 ei
2680 1510 2951 1580 lnjustitia
2987 1525 3185 1565 nomen
3218 1509 3308 1564 sit.
3344 1508 3516 1578 Supra
3556 1522 3645 1561 ar-

388 1618 543 1672 θεῖκή
554 1657 567 1669 .

458 1623 508 1671 ix
554 1657 567 1669 .

458 1619 800 1763 Σόλναντῶσιν
814 1703 1082 1777 ἀλλήλοις,
1109 1704 1138 1757 6
1168 1702 1266 1775 μὲν
1292 1701 1545 1766 πλούσιος
1568 1700 1658 1756 διὰ
1682 1700 1791 1756 τῶν
1816 1702 1970 1774 ἐλεη-

2072 1616 2293 1680 gentum
2327 1621 2491 1677 porro
2516 1612 2600 1659 est
2628 1612 2683 1659 et
2714 1618 2878 1673 supra
2903 1617 3118 1667 aurum,
3143 1601 3326 1657 divina
3357 1599 3643 1670 sapientia.

2146 1700 2191 1733 ³⁸
2217 1698 2451 1757 Obviant
2485 1696 2609 1762 sibi,
2663 1694 2819 1750 dives
2872 1693 3091 1762 quidem
3121 1690 3481 1762 eleemosynis
3508 1689 3645 1744 iram

394 1800 640 1874 μοσυνῶν
693 1797 970 1869 καθαιρῶν
1012 1796 1104 1851 τὸν
1144 1795 1335 1868 θυμὸν,
1384 1794 1479 1848 καὶ
1544 1793 1826 1865 κτώμενος
1873 1794 1970 1865 τὴν

2099 1792 2444 1861 ιιθιίηειιεηε,
2482 1800 2537 1844 et
2566 1803 2805 1843 amorem
2831 1786 2936 1842 sibi
2957 1784 3293 1849 concilians;
3331 1797 3532 1852 pauper
3554 1796 3650 1834 au-

390 1895 615 1967 ἀγάπην
634 1910 649 1924 ·
742 1892 820 1956 δὲ,
849 1890 936 1945 διὰ
955 1890 1057 1961 τῆς
1084 1889 1273 1952 πενίας
1308 1887 1368 1941 τὸ
1413 1888 1856 1958 ταπεινοφρονεῖν
1895 1886 1973 1940 δι-

391 1987 724 2055 δασκόμενος
742 2001 757 2016 ·
790 1983 883 2036 τὸν
909 1982 1006 2053 μὲν
1039 1981 1167 2052 γὰρ,
1198 1979 1341 2034 θέλει
1366 1977 1744 2031 παιδεύεσθαι·
1772 1977 1864 2031 τὸν
1893 1976 1972 2043 δὲ,

397 2078 736 2151 μεταδιδόναι
760 2093 775 2109 ·
814 2073 955 2128 ὥστε
984 2073 1076 2127 τὸν
1121 2072 1220 2144 μὲν
1249 2070 1569 2144 εὐχάριστον
1595 2065 1756 2136 εῖναι,
1791 2070 1880 2124 τὸν
1917 2069 1976 2124 δὲ

394 2173 516 2243 δλεή
525 2188 681 2243 μονα.

468 2264 624 2335 Ζωὴν
650 2262 745 2317 καὶ
773 2260 931 2327 δόξαν
968 2261 1062 2313 καὶ
1091 2257 1317 2312 πλοῦτον
1348 2256 1598 2331 οὐράνιον
1638 2254 1977 2327 κληρονομή-

399 2374 482 2413 σει
514 2359 544 2410 6
574 2356 768 2425 σοφίαν
812 2351 910 2408 καὶ
944 2351 1107 2422 φόϐον
1148 2350 1353 2422 Κυρίου
1410 2349 1548 2421 ἔχων
1567 2366 1582 2380 ·
1639 2348 1820 2411 πάσας
1869 2346 1981 2418 γὰρ

398 2449 499 2514 τὰς
547 2448 791 2517 γενέσεις
822 2444 948 2516 ἔσχε
991 2443 1147 2498 Νῶε·
1199 2440 1403 2507 ταύτας
1442 2440 1693 2515 Ἀϐραάμ
1718 2456 1733 2472 ·
1779 2437 1983 2503 ταύτας

401 2544 497 2597 καὶ
527 2542 575 2593 οἱ
609 2538 763 2609 παρὰ
798 2537 1007 2608 Πέτρου
1033 2532 1489 2607 μαθητευθέντες.

488 2631 576 2689 Ἐν
606 2629 685 2699 τῷ
707 2627 863 2681 αίῶνι
884 2626 963 2698 τῷ
1000 2624 1245 2697 μέλλοντι
1270 2625 1318 2677 οἱ
1343 2626 1401 2678 ὲν
1426 2621 1591 2677 παντὶ
1633 2617 1986 2674 πλουτιενθένο⁸

401 2740 513 2786 τες,
567 2722 626 2774 ὲν
657 2718 805 2792 πάσῃ
844 2716 1044 2787 γνώσει
1090 2718 1185 2770 καὶ
1221 2715 1409 2786 σοφίᾳ,
1450 2713 1675 2786 ἄρξουσι
1708 2711 1817 2766 τῶν
1850 2712 1987 2765 ἀκα-

407 2811 622 2883 θάρτων
651 2810 747 2864 καὶ
772 2806 1151 2879 ὲστερημένων
1182 2805 1372 2859 τούτου
1411 2803 1504 2857 τοῦ
1546 2801 1806 2857 πλούτου·
1844 2801 1989 2864 τίνες

408 2902 467 2957 δὲ
505 2902 553 2955 ol
598 2900 809 2953 οίκέται
846 2897 942 2952 καὶ
966 2896 1109 2959 τίνες
1147 2896 1196 2949 οἱ
1242 2894 1520 2956 δεσπόται,
1562 2893 1662 2946 ούκ
1693 2893 1989 2959 ἀναγκαῖον

408 2992 774 3065 δημοσιεύειν,
814 2990 905 3044 διὰ
930 2989 991 3043 τὸ
1025 2985 1162 3042 εἶναι
1202 2987 1294 3040 τὸν
1322 2985 1452 3058 περὶ
1480 2984 1659 3040 αὐτῶν
1688 2983 1844 3052 λόγον
1887 3000 1990 3053 μυ-

412 3084 598 3140 στικὸν
633 3085 728 3138 καὶ
754 3081 1083 3154 βαθύτερον·
1128 3079 1225 3133 καὶ
1264 3077 1402 3150 πρὸς
1446 3076 1607 3148 ῥητὸν
1652 3076 1710 3129 δὲ
1751 3074 1992 3129 δείκνυσι

2080 1892 2207 1950 tem,
2244 1898 2274 1937 a
2304 1882 2617 1937 conditione
2653 1894 2750 1935 sua
2800 1877 3162 1933 humilitatem
3211 1875 3457 1930 edoctus.
3494 1872 3651 1928 Hiinc

2079 1975 2192 2031 vult
2223 1974 2467 2040 erudiri;
2526 1972 2677 2028 illum
2719 1969 2941 2043 largiri;
2999 1978 3059 2024 ut
3118 1966 3256 2022 alter
3312 1967 3383 2021 sit
3438 1973 3650 2037 gratus,

2080 2069 2218 2124 alter
2245 2066 2580 2123 misericors.

2153 2250 2199 2282 ”
2228 2247 2407 2305 Vitam
2456 2254 2513 2301 et
2561 2244 2789 2316 gloriam
2834 2251 2892 2299 et
2946 2241 3169 2299 divitias
3193 2238 3445 2296 caelestes
3472 2249 3656 2292 conse-

2084 2345 2279 2409 quetur
2302 2335 2394 2401 qui
2427 2334 2752 2404 sapientiam
2791 2332 3151 2401 timoremque
3180 2328 3274 2384 Dei
3301 2327 3482 2383 habet.
3510 2327 3657 2383 Cun-

2083 2437 2172 2485 cta
2199 2428 2346 2482 enim
2396 2426 2514 2481 hac
2554 2437 2751 2494 genera
2790 2422 2982 2477 habuit
3007 2419 3153 2485 Noe;
3194 2418 3382 2473 eadem
3408 2414 3659 2471 Abraha-

2085 2534 2242 2586 mus;
2284 2517 2474 2575 eadem
2508 2515 2586 2572 illi
2613 2515 2780 2571 etiam
2810 2513 2962 2585 quia
2994 2512 3157 2567 Petro
3192 2510 3411 2565 fuerunt
3436 2505 3658 2562 eruditi.

2157 2612 2204 2645 “
2235 2611 2289 2666 In
2338 2610 2525 2666 futuro
2572 2608 2798 2673 saeculo,
2830 2607 2923 2678 qui
2967 2604 3278 2661 omnimoda
3331 2600 3559 2657 scientia
3594 2612 3660 2652 ac

2091 2705 2360 2775 sapientia
2390 2703 2592 2758 divites
2630 2700 2855 2761 fuerint,
2892 2696 3321 2752 dominabuntur
3346 2691 3576 2762 impuris
3603 2692 3659 2738 et

2090 2798 2158 2853 iis
2190 2796 2443 2853 omnibus
2464 2795 2557 2865 qui
2590 2793 2699 2850 illis
2725 2789 2935 2846 divitiis
2956 2788 3251 2843 caruerint.
3275 2784 3507 2853 Quinam
3534 2796 3666 2838 vero

2091 2894 2199 2949 sint
2229 2890 2417 2946 famuli
2449 2900 2504 2944 et
2537 2889 2761 2959 quinam
2790 2884 3017 2950 domini,
3046 2896 3151 2937 non
3183 2889 3267 2936 est
3294 2893 3518 2935 necesse
3541 2876 3663 2930 vul-

2093 2999 2242 3057 gare,
2273 2984 2403 3054 quia
2432 2983 2500 3038 de
2526 2983 2630 3037 hac
2656 2995 2715 3036 re
2755 2991 2938 3036 sermo
2969 2975 3228 3047 mysticus
3274 2980 3358 3028 est
3394 2979 3450 3035 et
3478 2967 3660 3024 altior.

2095 3073 2163 3128 Et
2215 3073 2347 3143 ipsis
2400 3070 2583 3127 verbis
2629 3071 2720 3126 hic
2790 3069 3195 3125 demonstratur
3244 3062 3495 3119 humana:
3540 3060 3669 3114 vitae

410 3178 506 3232 τοῦ
551 3148 891 3249 ἀνθρωπίνου
933 3148 1047 3245 βίου
1081 3172 1143 3226 τὸ
1175 3148 1438 3225 ἄστατον·
1470 3169 1608 3224 ἀλλὰ
1654 3168 1751 3223 καὶ
1788 3169 1847 3222 ὲν
1875 3170 1995 3233 ταῖς

2099 3162 2484 3218 inconstantia.
2515 3161 2625 3215 Sed
2653 3159 2818 3215 etiam
2870 3158 2924 3211 in
2982 3153 3303 3226 oligarchiis
3340 3151 3536 3206 divites
3585 3148 3671 3202 in-

416 3270 756 3341 όλιγαρχίαις
780 3270 829 3321 oi.
856 3264 1101 3319 πλούσιοι
1137 3250 1246 3317 τῶν
1278 3261 1510 3332 πτωχῶν
1556 3261 1818 3334 ἄρχουσιν
1837 3277 1851 3292 ·
1901 3259 1996 3314 καὶ

420 3363 597 3426 ἄλλως
618 3363 668 3414 οῖ
693 3361 893 3429 γνῶσιν
920 3358 1158 3429 ἔχοντες,
1184 3352 1294 3408 τῶν
1324 3353 1400 3425 μὴ
1429 3352 1687 3407 τοιούτων
1703 3354 1961 3425 ἄρχουσιν
1979 3368 1994 3383 ·

421 3455 517 3508 καὶ
537 3453 588 3506 οἱ
620 3451 729 3505 ἀπὸ
759 3450 867 3505 τῶν
898 3448 958 3513 ἐξ
989 3446 1158 3501 ἐθνῶν
1187 3445 1392 3509 πιστοὶ,
1418 3446 1532 3508 τοῖς
1554 3441 1615 3508 ἐξ
1655 3443 1890 3516 Ἰσραὴλ,
1918 3437 2000 3508 οἷς

422 3543 672 3598 ᾶκέλευον
718 3539 920 3612 πρόσθε
957 3580 973 3606 ,
1026 3537 1374 3592 διδασκαλίαν
1417 3534 1719 3599 δανείζουσι
1754 3552 1770 3567 ·
1824 3534 2000 3589 καίτοι

424 3635 691 3708 πρότερον
726 3631 935 3685 ἔθνεσιν
958 3628 1230 3693 ὲδάνειζον
1254 3630 1453 3681 ἐκεῖνοι
1488 3626 1724 3691 πολλοῖς,
1753 3627 1848 3681 καὶ
1876 3627 2002 3681 τού-

422 3743 531 3780 των
566 3720 763 3795 ἦρχον·
799 3720 896 3775 νῦν
925 3720 982 3774 δὲ
1022 3719 1123 3791 τῆς
1150 3717 1425 3789 βασιλείας
1468 3718 1566 3771 ἀπ’
1598 3717 1776 3774 αὐτῶν
1818 3718 2003 3790 ἀρθεί-

426 3830 547 3887 σης,
574 3814 810 3882 ἔμπαλιν
832 3812 1045 3881 γέγονε.

495 3910 601 3962 Τὸν
636 3910 694 3963 ὲν
722 3910 860 3971 ταῖς
882 3906 1122 3971 ἐντολαῖς
1155 3906 1337 3976 ἱλαρὸν
1358 3904 1548 3978 ἄνδρα,
1576 3904 1672 3958 καὶ
1699 3906 1757 3958 ὲν
1778 3894 2005 3975 ἐλεημοι

428 4002 614 4065 σύναις
644 4001 823 4073 δότην,
872 4000 1060 4071 ἀγαπᾷ
1091 4002 1120 4053 6
1150 3998 1310 4063 Θεός·
1359 3997 1543 4063 καθὼς
1600 3998 1696 4051 καὶ
1736 3999 1765 4051 6
1796 3996 2009 4062 Παῦλός

429 4107 611 4164 φησιν·
657 4092 711 4145 '0
752 4090 967 4155 ἐλεῶν,
994 4090 1065 4145 ἐν
1088 4093 1424 4160 ωαρότητι·
1455 4092 1555 4164 τὴν
1581 4091 1641 4145 δὲ
1675 4092 2008 4163 ματαιότητα

430 4184 540 4240 τῶν
565 4184 739 4256 ἔργων
764 4183 854 4238 διὰ
875 4184 974 4255 τῆς
993 4184 1193 4257 ἀρετῆς
1215 4186 1244 4238 6
1272 4183 1477 4257 Κύριος
1493 4184 1589 4239 καλ
1616 4183 1716 4254 τῆς
1736 4183 2007 4253 γνώσεως,

436 4277 700 4332 συντελεῖ.

502 4369 662 4442 Δῶρα
694 4369 787 4423 τοῦ
824 4367 1113 4443 ἀνθρώπου
1144 4368 1243 4434 τὰς
1261 4370 1360 4441 τῆς
1388 4369 1568 4441 ψυχῆς
1591 4367 1791 4441 ἀρετὰς
1814 4364 2012 4437 ὀνομά-

437 4458 542 4527 ζει,
577 4462 645 4515 δι’
663 4454 739 4515 ὧν
768 4460 936 4516 νικῶν
965 4462 1057 4515 τὸν
1076 4461 1340 4527 διάϐολον,
1358 4461 1538 4532 τίμιον
1568 4458 1759 4514 ἐαυτδν
1784 4458 2013 4528 παρέχει

436 4553 515 4626 τῷ
540 4553 680 4625 Θεῷ,
710 4554 804 4608 καὶ
829 4555 1143 4624 ἀφαιρεῖται
1183 4554 1282 4626 τὴν
1327 4552 1525 4610 ἑαυτοῦ
1569 4550 1749 4624 ψυχὴν
1768 4550 1877 4605 ἀπὸ
1902 4550 2014 4604 τῶν

438 4648 798 4719 ττησαμένων
828 4646 998 4718 αὐτὴν
1018 4647 1309 4718 δαιμόνων.

510 4741 624 4812 Τῆς
655 4740 934 4812 χειρίστης
984 4740 1149 4808 ἕξεως
1191 4740 1285 4794 τὸν
1326 4739 1613 4812 ἄνθρωπον
1658 4735 2016 4793 ἐκϐάλλεσθαι

440 4831 691 4903 βούλεται
723 4832 1218 4903 διὰπνευματικῆς
1262 4831 1609 4896 διδασκαλίας
1652 4830 1771 4903 μεθ’
1799 4826 1868 4903 ἦς
1902 4826 2016 4902 εἷχε

441 4923 800 4992 φιλονεικίας·
842 4927 936 4979 καὶ
985 4925 1171 4996 λοιμὸν
1218 4926 1274 4980 δὲ
1306 4927 1400 4980 τὸν
1447 4926 1695 4980 διάϐολον
1731 4926 1863 4981 ὄντα
1916 4925 2017 4997 τῆς

439 5016 618 5089 ψυχῆς
649 5015 1006 5072 ὲκδιὼκεσθαι
1031 5019 1137 5072 δεῖ·
1165 5018 1262 5072 ἐὰν
1290 5019 1400 5091 γὰρ
1433 5020 1489 5072 ὲν
1516 5020 1653 5091 αὐτῇ
1675 5019 1896 5091 καθίσῃ,
1929 5017 2019 5071 διὰ

440 5110 538 5181 τῆς
564 5109 902 5182 ἀκαθαρσίας
930 5112 1137 5175 πάντας
1151 5110 1277 5176 τοὺς
1300 5111 1492 5182 ὀρθοὺς
1503 5110 1796 5183 λογισμοὺς
1821 5110 2019 5182 ἀτιμά-

444 5202 559 5268 ζει·
593 5203 865 5275 συνέδριον
895 5204 1004 5277 γὰρ
1037 5205 1136 5275 τὴν
1166 5205 1343 5277 ψυχὴν
1369 5205 1464 5258 καὶ
1494 5208 1523 5259 ὁ
1565 5204 1883 5268 ’Δπόστολος
1910 5204 2019 5257 δεί-

444 5314 624 5364 κνυσι,
652 5297 720 5351 δι’
752 5291 827 5350 ὧν
861 5297 1155 5369 λογισμοὺς
1186 5295 1707 5369 κατηγοροῦντας,ἢ
1739 5297 1835 5350 καὶ
1883 5296 2020 5349 ἀποο

443 5387 801 5460 λογουμένους
830 5389 1036 5457 εἰσάγει
1056 5407 1072 5420 ·
1100 5388 1339 5453 Μεταξὺ
1360 5388 1490 5459 γὰρ,
1511 5389 1696 5460 φησιν,
1731 5386 2021 5456 ἀλλήλων

443 5480 565 5535 τῶν
598 5478 907 5552 λογισμῶν
955 5481 1447 5550 κατηγορούντων
1477 5479 1517 5549 ἢ
1560 5479 1661 5533 καί
1696 5481 2023 5549 ἀπολογου-

442 5572 671 5643 μένων·
708 5573 844 5628 ὅπου
877 5573 934 5628 δὲ
963 5572 1267 5646 κατηγορία
1304 5573 1399 5626 καὶ
1429 5571 1717 5641 ἀπολογία,
1764 5572 1882 5625 ἐκεῖ
1926 5571 2023 5626 καὶ

522 5757 567 5790 ⁸⁵
592 5774 646 5815 v.
676 5759 766 5814 3|.
844 5758 890 5789 ³⁸
930 5755 1061 5813 llab.
1097 5773 1177 5815 ιιι.
1208 5757 1261 5811 8.
1340 5756 1385 5789 θ’
1413 5757 1533 5827 Act.
1565 5773 1640 5827 Ix,
1673 5760 1757 5817 l5.
1837 5760 1880 5794 ³⁷
1910 5774 1964 5815 v.
1990 5758 2042 5812 1.

449 5825 501 5861 ⁵³
531 5844 581 5884 v.
605 5829 661 5885 9.
732 5828 779 5862 “
808 5828 978 5883 v.10.
1055 5828 1100 5861 "
1128 5827 1285 5883 Rom.
1310 5841 1375 5895 tt,
1398 5826 1491 5883 £5.

2097 3257 2292 3326 opibus
2314 3257 2697 3312 dominantur:
2716 3264 2877 3323 atque
2906 3254 3149 3321 insuper,
3174 3248 3264 3318 qui
3296 3246 3522 3301 scientia
3545 3252 3672 3300 sunt

2097 3349 2327 3419 praediti,
2358 3349 2412 3403 in
2435 3361 2531 3402 eos
2552 3346 2646 3417 qui
2675 3345 2834 3401 aliter
2864 3360 2924 3401 se
2952 3343 3176 3407 habent,
3204 3338 3489 3410 imperium
3516 3349 3675 3390 exero

2099 3449 2244 3497 cent.
2278 3438 2521 3510 Denique
2538 3439 2630 3508 qui
2660 3452 2728 3493 ex
2763 3437 3015 3508 gentibus
3062 3432 3433 3498 crediderunt,
3463 3427 3678 3484 Israeli-

2103 3535 2174 3590 tis
2201 3535 2294 3604 qui
2324 3540 2485 3588 antea
2512 3530 2880 3602 imperabant,
2899 3525 3273 3599 magisterium
3314 3522 3673 3578 fenerantur:

2102 3642 2414 3699 quanquam
2452 3625 2531 3681 illi
2569 3632 2732 3680 antea
2771 3621 3025 3694 gentibus
3055 3617 3449 3675 fenerabantur
3467 3613 3678 3679 multis,

2104 3722 2281 3792 iisque
2314 3719 2763 3776 dominabantur.
2795 3715 2951 3771 Nunc
2982 3728 3114 3770 vero
3146 3718 3337 3781 erepto
3374 3708 3443 3764 iis
3488 3721 3679 3779 regno,

2104 3805 2434 3869 contrarium
2459 3810 2536 3865 fit.

2177 3904 2220 3935 “
2254 3903 2492 3957 Hilarem
2543 3903 2596 3957 in
2646 3899 3011 3971 exsequendis
3064 3892 3338 3950 mandatis
3381 3893 3580 3955 virum,
3626 3895 3683 3943 et

2114 3996 2479 4063 eleemosynis
2502 3994 2897 4061 indulgentem,
2929 3988 3105 4058 diligit
3134 3986 3298 4041 Deus.
3341 3982 3495 4037 Sicut
3516 3981 3681 4034 etiam

2108 4085 2307 4143 Paulus
2328 4087 2406 4140 ait
2435 4085 2577 4151 :Qui
2619 4085 2921 4147 miseretur,
2954 4093 3074 4134 cum
3114 4076 3387 4131 hilaritate
3409 4072 3477 4126 “.
3516 4069 3688 4125 Vani-

2111 4188 2278 4235 tatem
2311 4186 2492 4232 autem
2533 4188 2782 4245 operum,
2815 4186 2913 4241 per
2957 4174 3218 4225 virtutem
3275 4182 3342 4222 ac
3388 4162 3685 4220 scientiam

2112 4274 2451 4325 consummat
2474 4265 2753 4320 Dominus.

2180 4361 2229 4395 ”
2258 4360 2405 4416 Dona
2426 4355 2682 4423 hominis,
2714 4355 2949 4408 virtutes
2979 4348 3175 4404 animm
3203 4344 3458 4418 appellat,
3490 4341 3695 4413 quibus

2114 4454 2386 4510 diabolum
2424 4451 2670 4516 vincens,
2725 4442 3099 4502 honorabilem
3147 4454 3207 4496 se
3257 4438 3367 4493 Deo
3431 4436 3686 4500 exhibet;

2119 4559 2383 4617 suamque
2404 4544 2645 4601 animam
2679 4539 2747 4597 ab
2779 4532 3178 4606 occupantibus
3202 4545 3325 4588 eam
3354 4528 3698 4587 daemonibus

2118 4641 2299 4711 eripit.

2194 4710 2242 4765 “
2274 4729 2555 4786 Hominem
2608 4738 2707 4795 per
2758 4719 3064 4792 spiritalem
3127 4716 3431 4774 doctrinam
3476 4710 3693 4769 extrahi

2122 4825 2238 4879 vult
2265 4828 2331 4879 de
2377 4817 2612 4891 pessimo
2672 4814 2844 4869 animi
2894 4812 3106 4881 habitu,
3163 4824 3287 4867 cum
3328 4807 3447 4877 ejus
3490 4802 3701 4858 comite

2121 4918 2261 4974 rixa.
2313 4912 2599 4969 Diabolum
2649 4921 2891 4977 quoque,
2947 4905 3145 4960 animae
3198 4907 3429 4972 pestem,
3476 4901 3694 4965 oportet

2120 5012 2361 5082 eﬂ’ugare
2397 5024 2413 5061 :
2447 5019 2571 5060 nam
2601 5003 2645 5058 si
2671 5001 2783 5055 illic
2813 4998 3074 5062 resideat,
3112 5005 3295 5051 rectas
3316 5004 3507 5046 omnes
3544 4987 3699 5056 cogi-

2123 5080 2361 5159 tationes
2390 5097 2702 5167 impuritate
2744 5090 3121 5147 contaminare
3156 5085 3315 5141 solet.
3366 5080 3613 5150 Namque
3637 5086 3701 5135 et

2122 5192 2417 5266 Apostolus
2439 5186 2674 5245 tribunal
2701 5183 2943 5240 ostendit
2978 5194 3103 5235 esse
3132 5178 3396 5241 animam,
3426 5182 3701 5243 quatenus

2122 5263 2483 5362 cogitationes
2510 5286 2859 5341 accusantes,
2894 5274 3167 5342 simulque
3210 5267 3572 5324 defendentes
3617 5263 3699 5318 in-

2124 5357 2293 5439 ducit.
2320 5378 2567 5440 Interim,
2592 5374 2791 5443 inquit,
2817 5369 3038 5425 invicem
3090 5361 3460 5419 accusantibus
3498 5357 3700 5427 cogita-

2128 5474 2359 5529 tionibus
2409 5479 2459 5525 et
2518 5464 2921 5537 defendentibus
2939 5461 3005 5512 ⁵⁵.
3037 5456 3137 5512 Ubi
3180 5462 3363 5509 autem
3422 5447 3701 5537 accusatio

2125 5570 2291 5641 atque
2327 5536 2593 5629 defensio,
2625 5558 2698 5617 ibi
2732 5553 2990 5614 tribunal.
3019 5550 3128 5607 Sed
3173 5558 3229 5603 et
3253 5542 3502 5602 diabolus
3527 5536 3698 5609 pesti-

2120 5754 2167 5790 “
2196 5752 2333 5812 v.2.
2406 5751 2450 5785 ³⁹
2491 5766 2541 5805 v.
2577 5748 2636 5805 4.
2706 5745 2759 5779 ⁸⁸
2785 5760 2834 5801 v.
2877 5742 2935 5795 7.
2984 5739 3026 5772 "
3059 5753 3108 5790 τ.
3139 5733 3194 5790 8.
3256 5728 3483 5785 l"Rom.
3516 5735 3619 5790 xu,
3639 5717 3699 5777 8.
