4172 6406
511 398 618 456 219

1392 389 1952 451 SUPPLEMENTUII
1990 387 2087 444 AD
2119 382 2442 443 OBICENIS
2475 379 2884 438 EXEGETICA.

3638 372 3778 438 220.

513 511 632 567 lens
678 519 903 567 cunctos
951 509 1228 579 vituperat
1272 517 1458 581 utpote
1501 510 1960 576 contumeliosus;
1987 507 2061 564 vel

2179 503 2453 574 συνέδριον
2475 519 2488 532 ·
2539 500 2672 555 ἀλλὰ
2724 499 2816 552 καὶ
2855 499 2884 550 6
2922 494 3106 566 λοιμδς
3144 492 3398 564 ἀτιμάζει
3433 490 3640 554 πάντας
3668 490 3746 554 ὡς

509 605 639 675 quia
686 603 903 674 propria
946 602 1330 658 commendare
1362 603 1571 667 volens,
1616 602 1793 656 aliena
1823 610 2075 656 contem-

508 698 641 766 ριίιη
692 694 943 765 deprimit
976 710 988 742 :
1021 709 1181 762 quem
1217 703 1273 749 tu
1326 695 1393 750 de
1424 693 1655 765 spiritali
1689 702 1959 749 conventu
1991 691 2076 746 fac

509 787 700 857 ejicias
729 803 744 840 :
781 801 957 854 neque
981 785 1070 841 ille
1119 785 1495 842 tantummodo
1547 784 1870 855 expelletur,
1899 783 1993 838 sed
2023 791 2078 836 et

510 873 800 928 comitatus
826 875 966 943 ejus,
989 873 1190 944 jurgia,
1217 876 1616 942 contentiones,
1649 875 1806 942 rixae,
1843 883 1899 930 et
1927 887 2076 944 quat-

505 978 720 1032 cunque
745 964 969 1017 exitium
993 963 1253 1020 inferunt.

574 1055 623 1086 “
647 1053 749 1121 Qui
785 1055 995 1109 animas
1040 1063 1256 1110 nostras
1307 1063 1590 1111 conservat
1622 1053 1904 1114 Dominus,
1933 1051 2073 1106 idem

505 1147 709 1215 pariter
756 1145 988 1216 spiritali
1041 1149 1272 1202 scientia
1335 1161 1438 1202 nos
1491 1145 1706 1215 pascit,
1743 1147 2075 1200 condescen-

507 1239 642 1292 dens
691 1237 1022 1306 dicensque:
1059 1235 1171 1308 Ego
1222 1255 1338 1292 sum
1383 1247 1567 1306 pauor
1615 1236 2071 1305 bonus";quem

508 1339 690 1383 tamen
735 1329 899 1382 homo
932 1328 1147 1398 iniquus
1176 1338 1520 1399 aspernatur.
1570 1327 1724 1394 Quod
1754 1328 1800 1383 si
1830 1344 1922 1382 rex
1952 1328 2073 1397 qui-

508 1417 629 1471 dem
662 1417 998 1472 subditorum
1042 1417 1289 1473 Christus
1321 1429 1434 1484 est;
1484 1428 1672 1488 pastor
1705 1432 1833 1473 vero
1859 1417 2069 1479 ovium;

508 1509 616 1563 erit
645 1508 934 1579 aliquando
964 1508 1110 1563 solus
1157 1509 1339 1564 ovium
1374 1524 1492 1577 rex,
1520 1508 1589 1564 ad
1622 1507 1864 1578 regalem
1895 1506 2069 1577 digni-

509 1609 674 1654 tatem
703 1598 1109 1652 translatarum.

576 1689 622 1721 ⁸⁸
650 1689 1011 1744 Adversarius
1042 1696 1228 1744 noster
1249 1685 1506 1741 diabolus
1543 1695 1802 1756 tanquam
1842 1686 1929 1743 leo
1959 1689 2072 1742 cir-

505 1781 619 1833 cuit
649 1793 899 1847 quarens
947 1793 1107 1848 quem
1162 1777 1420 1840 devoret;
1451 1790 1610 1844 quem
1664 1778 1863 1831 timens
1894 1777 2066 1846 piger,

2177 593 2469 664 ὑϐριστής·
2503 593 2537 662 ἢ
2555 592 2632 655 ῶς
2656 591 2726 644 τά
2751 590 2858 643 ῑδια
2891 589 3154 658 συστῆσαι
3183 585 3520 656 βουλόμενος,
3553 583 3621 636 τὰ
3635 582 3748 636 τῶν

2175 686 2351 740 ἄλλων
2380 684 2590 754 ἀτίμως
2637 682 2917 736 ἐκϐάλλει·
2967 681 3026 733 δν
3056 679 3251 733 ἔκϐαλε
3297 680 3360 732 ὲκ
3404 679 3746 748 συστήματος

2176 775 2548 846 πνευματικοῦ
2573 790 2586 804 ·
2622 773 2716 828 καὶ
2731 774 2793 826 οὐ
2815 773 2970 844 μόνον
2994 770 3154 834 αὐτὸς
3180 769 3591 840 ἐκϐληθήσεται,
3608 768 3742 822 ἀλλὰ

2175 870 2273 920 καὶ
2292 865 2360 919 τὰ
2383 865 2608 918 συνόντα
2641 863 2810 934 αὐτῷ,
2832 863 3025 935 ἔριδες,
3047 860 3386 930 φιλονεικίαι,
3424 860 3612 930 μάχαι,
3648 859 3744 914 καὶ

2173 959 2275 1012 ὅσα
2299 957 2485 1027 λοιμὸν
2517 955 2788 1009 ἀποτελεῖ.

2254 1053 2313 1102 '0
2335 1047 2606 1121 διατηρῶν
2645 1047 2744 1110 τὰς
2780 1044 2957 1116 ψυχάς
2994 1044 3149 1115 ήμῶν
3176 1043 3400 1113 Κύριος,
3445 1037 3597 1105 οὗτος
3649 1039 3744 1095 καὶ

2173 1141 2275 1212 τῆς
2305 1139 2679 1211 πνευματικῆς
2711 1138 2857 1208 ἡμᾶς
2884 1137 3135 1205 γνώσεως
3161 1134 3454 1204 ποιμαίνει,
3479 1149 3751 1201 συγκατα-

2177 1235 2379 1287 ϐαίνων
2423 1234 2517 1287 καὶ
2556 1231 2758 1300 λέγων·
2807 1228 2950 1298 Ἐγώ
2988 1230 3104 1297 ειμι
3141 1230 3174 1281 ό
3207 1225 3432 1296 ποιμὴν
3455 1228 3488 1280 ὀ
3531 1225 3738 1290 καλὸς,

2173 1327 2233 1380 δν
2282 1323 2539 1396 ἀτιμάζει
2567 1325 2597 1376 ό
2629 1321 2974 1393 παράνομος·
3007 1321 3058 1374 εί
3099 1319 3156 1372 δὲ
3209 1317 3458 1387 βασιλεὺς
3489 1317 3585 1388 μὲν
3624 1316 3752 1368 ἐστι.
3815 1321 3818 1324 ’

2171 1417 2280 1471 τῶν
2306 1414 2736 1486 βασιλευομένων
2755 1416 2783 1468 6
2801 1412 3054 1484 Χριστὸς,
3081 1412 3282 1482 ποιμὴν
3305 1410 3361 1463 δὲ
3385 1412 3414 1463 6
3432 1407 3737 1480 προϐάτων,

2172 1508 2324 1562 ἔσται
2355 1507 2485 1560 ποτὲ
2521 1507 2682 1576 μόνος
2706 1505 2958 1576 βασιλεὺς
2989 1503 3096 1556 τῶν
3125 1501 3428 1574 προϐάτων,
3453 1503 3533 1564 είς
3557 1500 3619 1553 τὸ
3647 1498 3745 1570 βα-

2175 1599 2379 1653 σιλικὸν
2415 1598 2764 1668 μεταϐάντων
2791 1597 3026 1667 ἀξίωμα.

2255 1693 2312 1746 Ὁ
2369 1691 2563 1762 ἐχθρὸς
2599 1691 2757 1762 ήμῶν
2816 1689 3071 1752 διάϐολος·
3108 1688 3184 1752 ὡς
3217 1685 3352 1739 λέων
3395 1685 3740 1756 περιέρχεται

2173 1784 2350 1854 ζητῶν
2382 1784 2502 1838 τίνα
2531 1783 2775 1852 καταπίῃ
2801 1799 2812 1812 ·
2840 1782 3022 1835 ὅντινα
3055 1779 3386 1849 φοϐούμενος
3432 1779 3461 1830 ὁ
3487 1774 3748 1846 ὀκνηρὸς»

505 1869 572 1923 ad
601 1869 859 1924 virtutum
881 1869 1200 1924 exercitium
1247 1880 1306 1921 se
1342 1877 1642 1936 comparat.
1669 1867 1878 1938 Quippe
1903 1869 1990 1925 leo
2014 1871 2061 1925 in

2172 1849 2308 1945 πρὸς
2329 1873 2426 1944 τὴν
2444 1875 2704 1944 ἐργασίαν
2869 1872 3074 1943 ἀρετῶν
3108 1869 3419 1924 ἀναδύεται·
3449 1868 3576 1921 εἰδὲ
3606 1867 3743 1921 λέων

504 1961 608 2015 viis
639 1959 864 2029 iustitiae
899 1960 1095 2030 quaerit
1125 1960 1359 2029 aliquem
1389 1958 1600 2023 venari,
1629 1959 1680 2012 id
1723 1969 1807 2015 est
1833 1970 1891 2013 ut
1921 1961 2066 2016 dixi-

501 2066 624 2106 mus
663 2052 928 2116 diabolus,
965 2061 1021 2106 et
1051 2051 1105 2106 in
1150 2051 1346 2122 plateis
1397 2065 1517 2120 quae
1546 2051 1612 2104 ad
1646 2052 1941 2120 perniciem
1973 2054 2067 2106 de-

502 2139 704 2206 ferunt,
756 2153 956 2210 praeter
993 2156 1154 2210 quam
1206 2141 1349 2211 quod
1392 2143 1694 2196 daemonum
1748 2143 2065 2213 phalangem

499 2231 834 2299 circumfert,
873 2233 987 2303 ipse
1009 2247 1224 2302 quoque
1251 2234 1352 2288 sibi
1385 2234 1652 2288 obnoxios
1678 2233 1954 2289 interlicit.

571 2319 811 2376 “Fovea
862 2322 1124 2392 profunda
1182 2323 1429 2377 diabolus
1462 2332 1566 2378 est.
1617 2324 1829 2380 Invisus
1881 2335 2062 2380 autem

499 2413 729 2468 Domino
768 2423 871 2480 est,
904 2415 994 2484 qui
1050 2415 1282 2483 pr0priaz
1311 2415 1590 2470 securitati
1642 2431 1750 2471 non
1809 2418 2061 2472 consulit.

499 2507 668 2563 Jobus
699 2509 916 2577 quidem
947 2523 1050 2563 non
1086 2517 1204 2563 erat
1247 2509 1456 2564 invisus
1500 2511 1750 2575 Domino,
1779 2515 1872 2566 sed
1901 2526 2065 2581 expc-

497 2600 714 2654 rimenti
745 2612 930 2663 causa,
958 2599 1010 2651 in
1049 2614 1110 2653 os
1149 2599 1370 2669 maligni
1407 2599 1608 2655 diaboli
1662 2601 1909 2655 incurrit.
1950 2601 2060 2655 Ve-

496 2698 797 2744 rumtamen
852 2690 945 2759 qui
979 2688 1208 2745 Domino
1238 2691 1448 2745 invisus
1483 2703 1586 2757 est,
1618 2703 1880 2762 perpetuo
1911 2695 2064 2748 dese-

496 2781 637 2836 ritur
669 2780 723 2834 in
756 2779 930 2846 fovea,
967 2782 1094 2851 quia
1128 2783 1469 2853 voluptarius
1503 2793 1588 2840 est
1640 2793 1694 2840 et
1745 2787 1950 2856 peccati
1979 2787 2062 2843 sui

495 2886 766 2927 CODSCIUS.

563 2959 917 3038 "'"Longea
945 2967 1131 3020 vesani
1192 2967 1431 3023 hominis
1483 2968 1648 3024 corde
1694 2979 1778 3024 est
1807 2970 1960 3040 virga
1993 2969 2062 3023 de

495 3052 678 3108 radice
715 3053 883 3111 Jessae
917 3057 1190 3124 Christus,
1219 3060 1316 3129 qui
1347 3070 1533 3129 pascet
1588 3061 1844 3131 populum
1901 3076 2058 3116 suum

492 3159 687 3199 novum
715 3145 961 3203 lsraelem
995 3149 1049 3203 in
1081 3153 1296 3220 pascuis
1325 3151 1506 3206 ovium
1533 3167 1774 3207 suarum.

563 3235 610 3268 “
641 3237 795 3292 Sicut
827 3240 1074 3296 diabolus
1099 3241 1466 3296 calumniatur
1518 3258 1617 3299 nos
1665 3244 1805 3314 apud
1840 3244 2004 3300 Deum
2039 3287 2053 3311 ,

492 3321 689 3379 tollens
717 3339 748 3378 a
780 3326 934 3382 nobis
961 3330 1194 3384 virtutes
1223 3345 1360 3400 quas
1389 3332 1502 3401 ipse
1526 3347 1632 3386 non
1665 3333 1890 3388 dederat
1915 3353 1931 3401 ;
1984 3336 2056 3389 ita

490 3425 547 3468 et
584 3431 685 3471 nos
709 3417 1105 3474 calumniantur
1135 3419 1286 3475 illum
1315 3437 1438 3476 cum
1483 3424 1722 3480 tollimus
1760 3428 1830 3480 ab
1853 3441 1921 3481 eo
1949 3427 2055 3481 ini-

489 3506 728 3574 quitates
756 3523 890 3578 quas
916 3511 966 3565 ei
994 3526 1100 3565 non
1137 3511 1404 3569 dedimus.
1435 3514 1500 3569 Et
1537 3527 1810 3586 quatenus
1835 3520 2056 3588 quidem

499 3599 796 3667 accipimus
821 3603 889 3656 ab
913 3617 978 3657 eo
1008 3604 1356 3673 iniquitates,
1393 3615 1647 3676 tanquam
1666 3609 1733 3662 ab
1763 3609 1923 3678 inope
1946 3610 2055 3664 vir-

493 3697 669 3744 tutum
702 3692 1019 3762 accipimus.
1049 3693 1327 3760 Quatenus
1383 3711 1511 3751 vero
1539 3698 1766 3755 virtutes
1811 3701 1861 3754 ei
1911 3701 2059 3755 cedi-

489 3794 636 3845 mus,
675 3793 860 3837 nostro
907 3799 1029 3840 cum
1065 3786 1388 3842 detrimento
1442 3798 1697 3860 tanquam
1732 3791 1892 3848 diviti
1953 3793 2046 3846 ini-

488 3873 696 3942 quitate
715 3875 979 3932 cedimus.
1008 3877 1086 3932 Ne
1112 3877 1273 3945 forte,
1311 3880 1502 3949 inquit,
1547 3891 1802 3952 tanquam
1857 3883 2052 3954 exigua

488 3961 624 4016 dans
640 3961 894 4034 principi,
910 3966 1051 4033 apud
1075 3980 1233 4036 quem
1253 3967 1616 4024 calumniatur
1631 3971 1783 4040 plura
1808 3971 2050 4039 lucrans,

487 4054 707 4121 gravius
734 4056 928 4109 animae
953 4056 1336 4112 detrimentum
1365 4062 1622 4128 patiatur.

557 4144 603 4176 ⁸⁸
632 4145 734 4212 Qui
759 4148 1174 4216 sapientissimis
1201 4149 1294 4204 Dei
1329 4153 1509 4207 verbis
1539 4156 1791 4220 attendit,
1826 4167 1881 4212 et
1933 4157 2052 4228 ejus

484 4236 738 4292 observat
761 4240 1035 4306 mandata,
1065 4242 1156 4296 hic
1181 4258 1274 4297 cor
1307 4245 1617 4310 conﬁrmat,
1662 4257 1718 4302 et
1747 4248 1886 4303 bona
1931 4264 2054 4304 esse

484 4331 780 4399 cognoscit.
811 4330 904 4386 llle
932 4333 1083 4388 audit
1112 4334 1205 4389 Dei
1229 4338 1414 4398 verba,
1453 4337 1543 4405 qui
1573 4354 1694 4406 quae
1726 4344 2051 4397 mandantur

483 4420 552 4474 ab
590 4420 694 4476 illis
736 4423 1074 4491 exsequitur.
1116 4424 1237 4479 Non
1279 4427 1417 4480 enim
1457 4431 1724 4484 auditores
1762 4430 1892 4501 legis
1913 4433 2051 4502 justi

2167 1966 2224 2018 ὲν
2257 1968 2376 2029 ταῖς
2396 1965 2534 2028 ὁδοῖς
2558 1965 2659 2033 τῆς
2684 1964 3027 2033 δικαιοσύνης
3052 1963 3202 2034 ζητεῖ
3214 1960 3474 2032 θηρεῦσαί
3505 1977 3648 2022 τινα,
3681 1959 3741 2022 ὃς

2168 2061 2312 2111 ἐστιν
2339 2061 2368 2111 6
2393 2057 2638 2121 διάϐολος
2658 2074 2670 2087 ·
2703 2059 2760 2110 ὲν
2791 2057 2848 2110 δὲ
2881 2060 3002 2120 ταῖς
3029 2055 3305 2118 πλατείαις
3325 2057 3446 2118 ταῖς
3479 2054 3614 2123 πρὸς
3643 2051 3742 2122 τὴν

2168 2149 2441 2204 ἀπώλειαν
2472 2149 2794 2220 φερούσαις,
2831 2148 2967 2219 μετὰ
2991 2149 3089 2218 τὴν
3123 2147 3379 2215 φάλαγγα
3420 2146 3527 2199 τῶν
3553 2145 3744 2216 δαιμό-

2167 2258 2272 2294 νων
2310 2240 2497 2306 αὺτοῦ,
2527 2241 2688 2304 αὐτὸς
2715 2239 2930 2307 φονεύει
2971 2240 3094 2300 τοὺς
3117 2237 3264 2306 αὐτῷ
3292 2236 3670 2306 πειθομένους.

2237 2332 2438 2405 Βόθρος
2472 2332 2638 2402 βαθὺς
2668 2333 2696 2384 6
2712 2330 2954 2393 διάϐολός
2975 2332 3120 2382 ἐστιν
3138 2347 3150 2358 ·
3174 2330 3202 2382 6
3229 2329 3284 2382 δὲ
3317 2328 3565 2398 μισηθεὶς
3589 2326 3741 2397 παρὰ

2165 2422 2392 2492 Κυρίου,
2419 2422 2448 2473 6
2479 2421 2551 2491 μὴ
2605 2421 2780 2490 ἐαυτῷ
2816 2420 3098 2492 προσέχων
3137 2419 3424 2488 ἀσφαλῶς·
3469 2421 3497 2471 6
3535 2417 3591 2470 δὲ
3621 2417 3739 2469 Ἰὼϐ

2163 2511 2225 2564 οὐ
2255 2510 2504 2581 μισηθεὶς
2531 2510 2636 2564 ὑπὸ
2670 2511 2895 2582 Κυρίου,
2931 2511 3065 2564 ἀλλὰ
3107 2510 3339 2581 δοκιμῆς
3379 2511 3536 2580 χάριν
3570 2510 3648 2571 είς
3681 2505 3750 2560 τὸ

2164 2599 2255 2653 τοῦ
2276 2599 2591 2670 παρανόμου
2616 2600 2898 2668 πέπτωκε(
2907 2600 2990 2668 15)
3013 2599 3194 2669 στόμα·
3223 2600 3251 2650 6
3278 2598 3334 2651 δὲ
3362 2597 3610 2668 μισηθεὶς
3637 2595 3741 2647 ὑπὸ

2164 2693 2392 2766 Κυρίου,
2424 2695 2504 2756 είς
2532 2693 2683 2757 τέλος
2706 2692 3174 2762 καταλιμπάνεται
3218 2691 3275 2743 ὲν
3307 2689 3385 2760 τῷ
3425 2689 3623 2760 βόθρῳ,
3648 2706 3738 2758 φι-

2163 2788 2379 2860 λήδονος
2403 2787 2477 2840 ὢν
2504 2789 2560 2840 ὲν
2593 2785 2792 2855 γνώσει
2824 2785 3120 2856 άμαρτίας.

2232 2881 2462 2950 Μακρὰν
2514 2879 2624 2932 ἀπὸ
2671 2879 2772 2948 τῆς
2817 2879 3043 2948 καρδίας
3087 2875 3179 2930 τοῦ
3228 2875 3459 2948 ἄφρονός
3506 2874 3652 2927 ἐστιν
3701 2874 3736 2944 ἡ

2165 2971 2358 3042 ῥάϐδος
2385 2973 2417 3042 ἡ
2442 2972 2505 3024 ἐκ
2530 2971 2628 3040 τῆς
2655 2967 2812 3041 ῥίζης
2844 2969 3040 3022 Ἰεσσαὶ
3063 2971 3092 3022 6
3116 2968 3369 3041 Χριστὸς,
3401 2967 3459 3030 ὃς
3483 2966 3746 3035 ποιμανεί

2163 3061 2253 3114 τὸν
2277 3061 2404 3114 λαὸν
2432 3058 2596 3113 αὑτοῦ
2626 3059 2717 3111 τὸν
2747 3058 2866 3112 νέον
2903 3057 3121 3129 Ἰσραὴλ
3148 3059 3205 3110 ὲν
3237 3061 3303 3128 τῇ
3322 3059 3458 3128 νομῇ
3482 3056 3588 3108 τῶν
3609 3057 3738 3108 ἑαυ-

2165 3153 2262 3206 τοῦ
2301 3151 2608 3224 προϐάτων.

2232 3243 2439 3313 Ὠσπερ
2469 3245 2497 3296 ὁ
2521 3241 2764 3305 διάϐολος
2789 3240 3113 3309 συκοφαπεῖ
3139 3239 3283 3309 ἡμᾶς
3312 3237 3447 3310 πρὸς
3469 3237 3558 3289 τὸν
3579 3235 3734 3300 Θεὸν,

2156 3333 2446 3405 λαμϐάνων
2493 3335 2622 3405 παρ’
2660 3331 2815 3404 ἡμῶν
2865 3331 2964 3395 τὰς
3009 3330 3228 3402 ἀρετὰς,
3269 3329 3333 3392 ἃς
3394 3330 3467 3399 μὴ
3507 3328 3740 3381 δέδωκεν

2158 3427 2313 3495 ἡμῖν,
2347 3423 2490 3478 οῦτω
2516 3426 2610 3478 καὶ
2647 3424 2809 3494 ἡμεῖς
2846 3421 3287 3492 συκοφαντοῦμεν
3321 3421 3480 3473 αὑτὸν
3524 3420 3737 3490 λαμϐά-

2157 3532 2340 3579 νοντες
2362 3518 2490 3586 παρ’
2508 3516 2672 3569 αὑτοῦ
2699 3515 2797 3578 τάς
2825 3514 3021 3577 κακίας
3044 3514 3108 3577 ἃς
3135 3514 3208 3584 μὴ
3229 3511 3539 3581 δεδώκαμεν
3564 3510 3735 3580 αὐτῷ·

2158 3608 2251 3660 καὶ
2285 3607 2418 3660 καθὸ
2455 3608 2552 3678 μὲν
2585 3606 2930 3678 λαμϐάνομεν
2950 3607 3078 3678 παρ’
3102 3605 3265 3658 αὑτοῦ
3292 3605 3390 3668 τὰς
3418 3605 3635 3668 κακίας,
3662 3603 3739 3666 ὡς

2157 3699 2310 3770 παρὰ
2345 3697 2573 3767 πένητος
2607 3700 2664 3751 ὲν
2701 3699 2922 3769 ἀρεταῖς
2959 3697 3334 3768 λαμϐάνομεν·
3385 3695 3518 3748 καθὸ
3549 3695 3605 3748 δὲ
3638 3693 3738 3757 τὰς

2157 3789 2357 3862 ἀρετὰς
2380 3789 2538 3861 ἡμῶν
2563 3789 2814 3859 διδόαμεν
2843 3788 2990 3859 αὑτῴ
3025 3790 3109 3840 ἐπ’
3137 3785 3427 3841 ἐλαττώσει
3460 3787 3635 3857 ήμῶν,
3659 3786 3738 3850 ὡς

2158 3882 2399 3951 πλουσίῳ
2441 3882 2498 3932 ὲν
2539 3879 2708 3950 κακίᾳ.
2743 3879 3026 3949 διδόαμεν·
3069 3881 3276 3950 μήποτε
3310 3878 3386 3941 δὲ,
3425 3877 3608 3948 φησιν,
3658 3877 3735 3940 ὡς

2154 3974 2308 4041 ὀλίγα
2336 3973 2510 4036 διδοὺς
2547 3973 2765 4043 ἄρχοντι
2788 3989 2801 4002 ·
2839 3971 2966 4041 παρ’
2994 3964 3038 4039 ᾧ
3091 3973 3414 4039 συκοφαντεί
3461 3969 3531 4023 τὰ
3565 3970 3736 4022 πλείω

2156 4065 2478 4135 κερδαίνων,
2511 4062 2672 4116 πλέον
2705 4063 2798 4115 καὶ
2833 4061 3131 4130 βλάπτεται
3163 4061 3261 4131 τὴν
3287 4059 3484 4130 ψυχήν.

2237 4156 2295 4208 Ὀ
2316 4159 2429 4220 τοῖς
2456 4154 2754 4224 πανσόφοις
2779 4154 2956 4221 λόγοις
2988 4152 3268 4222 προσέχων
3301 4151 3396 4204 τοῦ
3441 4149 3598 4213 Θεοῦ,
3639 4149 3736 4201 καὶ

2152 4245 2322 4300 ποιῶν
2352 4245 2422 4299 τὰ
2457 4245 2911 4317 προστασσόμενα
2934 4243 3025 4295 ὑπ’
3053 4241 3239 4305 αὑτοῦ,
3277 4237 3430 4306 οὗτος
3461 4242 3732 4310 ἐπέστησε

2151 4339 2247 4409 τὴν
2273 4339 2521 4411 καρδίαν,
2557 4339 2652 4392 καὶ
2681 4338 2820 4406 ἔγνω
2850 4339 2930 4390 ὅτι
2958 4336 3112 4389 καλοί
3146 4338 3283 4389 εἰσιν
3302 4354 3315 4367 ·
3351 4330 3506 4400 οὗτος
3543 4334 3729 4389 ἀκούει

2151 4431 2262 4484 τῶν
2286 4430 2379 4484 τοῦ
2411 4430 2546 4483 Θεοῦ
2580 4429 2776 4498 λόγων,
2802 4431 2830 4482 6
2858 4428 3026 4482 ποιῶν
3059 4428 3129 4482 τὰ
3163 4430 3612 4500 προστασσόμενα
3637 4429 3732 4482 ὑπ’

483 4515 624 4580 apud
657 4513 860 4580 Deum,
892 4518 981 4570 sed
1035 4517 1264 4585 factores
1311 4519 1438 4588 legis
1481 4522 1922 4590 justi/icabuntur
1974 4527 2040 4580 ⁸⁵.

2160 4519 2343 4573 ιὺτῶν·
2367 4521 2449 4573 Οὐ
2478 4519 2586 4588 γὰρ
2613 4521 2665 4572 ot
2693 4519 2976 4587 ἀκροαταὶ
3000 4519 3103 4573 τοῦ
3119 4519 3303 4588 νόμου
3329 4519 3543 4573 δίκαιοι
3566 4519 3726 4588 παρὰ

481 4606 632 4673 Quod
660 4611 702 4664 si
732 4609 1142 4665 confirmaveris
1175 4627 1268 4665 cor
1303 4623 1451 4666 tuum
1483 4617 1549 4667 ad
1582 4615 1864 4670 sciendum
1892 4633 2047 4686 atque

480 4711 538 4756 et
581 4704 882 4772 agendum;
943 4702 1315 4758 manifestabit
1371 4706 1466 4758 tibi
1523 4706 1664 4762 Dens
1699 4707 1840 4762 viam
1890 4724 2042 4764 suam

480 4810 601 4867 qua:
629 4795 761 4850 dicit
788 4813 802 4849 :
835 4794 948 4865 Ego
981 4811 1097 4850 sum
1123 4796 1205 4849 uia
1229 4805 1278 4851 et
1309 4797 1502 4851 ueritas
1521 4799 1592 4855 ⁸⁵.

547 4969 594 5002 ⁸⁸
627 4968 730 5037 Qui
762 4969 952 5025 dilatat
999 4970 1236 5040 puritate
1270 4985 1367 5028 cor
1395 4987 1572 5039 suum,
1623 4975 1715 5031 Dei
1767 4975 2043 5034 doctrinas

2150 4610 2230 4676 τῷ
2261 4609 2402 4675 Θεῷ,
2428 4611 2562 4664 ἀλλ’
2592 4613 2646 4664 οι
2674 4611 2908 4678 ποιηταί
2947 4610 3053 4664 τοῦ
3078 4612 3265 4679 νόμου
3298 4611 3723 4680 δικαιωθήσον-

2149 4720 2263 4757 ται.
2303 4702 2430 4755 Ἐὰν
2451 4701 2507 4756 δὲ
2541 4703 2842 4774 ἐπιστήσῃς
2887 4703 2984 4774 σὴν
3011 4702 3240 4771 καρδίαν
3275 4701 3369 4756 τοῦ
3404 4702 3605 4771 γνῶναι
3630 4704 3724 4756 καὶ

2149 4791 2392 4860 ποιῆσαι,
2423 4791 2680 4862 γνωρίσει
2715 4809 2794 4843 σοι
2828 4793 2927 4862 τὴν
2965 4793 3082 4845 ὁδὸν
3112 4791 3275 4845 αὑτοῦ
3304 4792 3403 4864 τὴν
3428 4792 3683 4846 εἰποῦσαν
3703 4809 3719 4823 ·

2163 4879 2309 4951 Ἐγώ
2333 4883 2449 4950 εἰμι
2472 4882 2509 4948 ὴ
2546 4879 2686 4946 ὁδὸς
2709 4879 2806 4932 καί
2831 4881 2868 4947 ἡ
2889 4880 3158 4945 ἀλήθεια.

2224 4975 2284 5027 '0
2311 4973 2586 5037 πλατύνας
2610 4973 2699 5026 διὰ
2730 4975 2828 5043 τῆς
2856 4972 3226 5042 καθαρότητος
3259 4973 3356 5043 τὴν
3379 4971 3603 5043 καρδίαν
3622 4971 3690 5025 αὖ

481 5061 765 5132 intelliget,
795 5063 1084 5131 practicas,
1117 5064 1377 5129 eruditas,
1412 5066 1768 5138 theologicas.
1796 5068 2042 5140 Namque

2160 5066 2257 5130 τοῦ,
2295 5069 2476 5138 νοήσει
2503 5067 2628 5130 τοὺς
2660 5065 2753 5120 τοῦ
2794 5065 2928 5119 Θεοῦ
2971 5066 3181 5134 λόγους,
3219 5066 3344 5129 τούς
3389 5083 3448 5118 τε
3483 5081 3717 5136 πρακτι-

477 5152 656 5206 omnis
691 5151 1047 5209 Salomonicze
1073 5157 1357 5226 scriptura:
1389 5160 1634 5225 materia,
1667 5159 1932 5214 trifariam
1959 5162 2041 5215 di-

475 5243 704 5310 viditur,
733 5246 787 5298 in
827 5247 1082 5316 ethicam,
1117 5251 1395 5321 physicam
1422 5261 1478 5306 et
1509 5251 1880 5322 theologicam.
1908 5252 2041 5308 Per-

478 5333 803 5388 tinentvero
820 5335 885 5388 ad
911 5337 1144 5404 primam
1175 5339 1490 5404 Proverbia,
1523 5342 1587 5394 ad
1615 5343 1908 5396 secundam
1940 5342 2041 5397 Ec-

475 5423 778 5488 clesiastes,
809 5426 874 5478 ad
907 5427 1127 5482 tertiam
1172 5429 1453 5484 Canticum
1495 5431 1833 5486 canticorum
1864 5449 1878 5486 :
1913 5447 2038 5502 quae

2143 5161 2292 5224 κοὺς,
2335 5160 2587 5223 καὶτοὺς
2634 5160 3000 5227 σοφιστικοὺς,
3044 5159 3138 5211 καὶ
3178 5160 3302 5222 τοὺς
3331 5158 3670 5227 θεολογικούς
3695 5175 3712 5191 ·

2146 5251 2296 5303 πᾶσα
2322 5249 2432 5320 γὰρ
2465 5251 2498 5320 ἡ
2529 5249 2670 5302 κατὰ
2693 5250 2791 5319 τὴν
2817 5249 3040 5320 Γραφὴν
3062 5247 3430 5320 πραγματεία,
3468 5249 3724 5319 τέμνεται

2145 5341 2366 5413 τριχῶς,
2403 5345 2482 5405 είς
2521 5341 2716 5412 ἠθικὴν
2750 5342 2846 5394 καὶ
2873 5340 3106 5411 φυσικὴν
3134 5341 3228 5392 καὶ
3248 5339 3592 5412 θεολογικήν·
3628 5341 3725 5394 καὶ.

2143 5433 2424 5487 ἀκολουθεῖ
2456 5437 2522 5506 τῇ
2553 5435 2648 5505 μὲν
2676 5433 2885 5507 πρώτῃ,
2926 5437 2981 5487 αἱ
3031 5434 3352 5504 Προοιμίαι·
3396 5437 3462 5505 τῇ
3508 5434 3564 5487 δὲ
3603 5433 3724 5487 δευ-

477 5513 756 5569 intellecta
786 5528 883 5585 per
914 5517 1208 5586 puritatem
1237 5521 1388 5575 cordi
1441 5521 1842 5588 inscribuntur;
1876 5531 1934 5576 ut
1959 5536 2035 5577 re-

2160 5524 2292 5596 τέρα,
2314 5526 2343 5578 6
2377 5525 2826 5596 Ἐκκλησιαστής·
2846 5527 2910 5595 τῇ
2931 5525 2988 5578 δὲ
3011 5524 3190 5598 τρίτῃ,
3227 5525 3414 5595 ᾋσμα
3436 5525 3716 5594 ᾀσμάτων

546 5605 776 5689 ⁸⁴Λνοίὲο
850 5607 1069 5689 Y‘doan.
1145 5627 1202 5679 Χ,
1254 5613 1336 5668 Η.
1412 5613 1457 5646 ⁸⁸
1484 5615 1648 5672 v.15,
1707 5616 1851 5689 ἠν,
1882 5616 1968 5671 14,
2037 5616 2060 5648 ι

2183 5619 2325 5678 ν.15.
2386 5618 2432 5651 ⁸²
2460 5619 2606 5675 v.16.
2683 5620 2729 5650 ⁸⁸
2762 5618 2922 5673 ν.17.
2994 5615 3410 5682 “Roun.u,l3.
3488 5615 3533 5647 "
3561 5614 3724 5671 Joau.

477 5677 652 5740 xw,6.
705 5677 751 5709 ³⁸
781 5693 829 5731 v.
853 5679 944 5732 20.

549 5773 661 5847 (l3)
698 5773 858 5844 Cod.,
893 5775 1134 5831 πέπωκε.
