4172 6436
397 417 496 472 921

1549 427 1918 485 ΕΧΡΟΞΠΙΟ
1959 427 2024 483 IN
2062 427 2474 485 PROVERBI'A.

3533 433 3648 488 22'}

397 535 541 605 ἆπερ
583 535 848 606 νοηθέντα
896 537 989 591 διὰ
1008 537 1377 611 καθαρότητος
1423 543 1864 615 ἐναπογράφεται
1910 548 1972 617 τῇ

2083 547 2352 615 spondere
2383 545 2580 615 possis,
2607 555 2656 600 te
2676 561 2788 600 esse
2808 554 3054 613 paratum
3101 545 3171 597 ad
3225 545 3638 614 satisfactionem

399 626 614 698 καρδίᾳ,
649 627 742 680 τοῦ
765 629 1160 700 ἀποκρίνασθαί
1189 648 1269 695 σε,
1294 634 1374 698 ὡς
1397 632 1634 704 ἕτοιμον
1650 621 1802 690 εἶπαι
1826 636 1974 704 πρὸς

400 717 732 786 ἀπολογίαν
777 719 956 773 παντὶ
1001 722 1081 788 τῷ
1109 723 1473 791 ἐπερωτῶντί
1514 740 1589 778 σε
1627 728 1812 797 λόγον
1840 729 1973 797 περὶ

400 806 511 876 τῆς
533 809 604 860 ἐν
639 809 737 863 0'02
767 810 1033 879 ἐλπίδοςο
1063 813 1172 867 εἴτε
1197 813 1288 868 διὰ
1319 816 1381 868 τὸ
1409 816 1618 886 μαθεῖν,
1656 819 1764 871 εῐτε
1796 818 1884 872 διὰ
1913 820 1975 872 τὸ

401 899 778 953 άντιτιθεῖναι·
813 903 1091 974 ἀντερώτα
1128 906 1185 958 δὲ
1228 907 1321 958 καὶ
1361 907 1424 959 σὺ
1469 910 1598 972 τοὺς
1647 909 1974 981 δυναμένους

400 989 740 1059 ἐρωτᾶσθαι·
798 993 871 1065 μὴ
909 996 1090 1065 μέντοι
1155 995 1339 1060 βιάζου
1393 998 1484 1052 τὸν
1528 1001 1587 1053 ἐν
1632 999 1828 1068 γνώσει
1881 1019 1976 1055 πε-

400 1080 622 1151 νόμενον
645 1100 660 1115 ο
705 1084 785 1138 διὸ
823 1087 1018 1156 ἐπάγει
1042 1106 1054 1121 ·
1101 1090 1210 1143 Καὶ
1264 1091 1337 1162 μὴ
1378 1091 1650 1164 ἀτιμάσῃς
1692 1093 1890 1163 ἀσθενῆ
1917 1095 1974 1148 ἐν

400 1174 615 1239 πύλαις.

470 1267 532 1320 Οί
553 1269 680 1332 τοὺς
690 1268 923 1338 φαύλους
934 1271 1313 1345 ἁναδεχὸμενοι
1333 1274 1625 1344 λογισμοὺς
1639 1313 1653 1338 ,
1669 1279 1762 1331 καὶ⁸
1785 1281 1841 1333 ὲν
1860 1279 1976 1332 τού-

397 1377 478 1432 τῳ
499 1364 764 1433 τιμῶντες
780 1367 870 1422 τὸν
884 1368 1137 1441 πονηρὸν,
1161 1369 1607 1433 σπουδαζέτωσαν
1618 1374 1718 1444 ὅση
1744 1373 1974 1442 δύναμις

398 1451 486 1505 διὰ
506 1453 616 1507 τῶν
641 1456 863 1524 ἀγαθῶν
903 1459 1182 1530 λογισμῶν
1211 1460 1518 1515 ἀποδιδόναι
1547 1465 1674 1528 τοὺς
1702 1464 1969 1535 χείρονας·

398 1543 495 1597 ἐὰν
515 1545 624 1617 γὰρ
643 1547 716 1618 μὴ
746 1549 1002 1620 ἰσχύσωσι
1023 1551 1181 1604 τοῦτο
1201 1553 1442 1623 ποιῆσαι,
1459 1555 1716 1626 λήψονται
1729 1555 1975 1626 τὸλστρῶ-

401 1653 478 1707 μα
491 1638 553 1690 τὸ
564 1639 668 1692 ὑπὸ
679 1641 776 1705 τὰς
801 1644 1040 1715 πλευρὰς
1053 1646 1154 1716 τῆς
1167 1646 1366 1717 ψυχῆς,
1380 1650 1621 1702 τουτέστι
1640 1651 1737 1722 τὴν
1748 1651 1970 1722 ἀρετήν.

480 1727 536 1780 '0
561 1730 866 1798 μετατιθεὶς
889 1733 958 1786 τὰ
987 1735 1110 1806 ὅρια
1145 1737 1244 1806 τῆς
1281 1735 1612 1802 θεοσεϐείας,
1644 1739 1972 1809 δεισιδαιμο-

396 1818 516 1872 νίαν
541 1819 574 1890 ἢ
609 1821 863 1877 ἀσέϐειαν
894 1826 1066 1896 αὐτὴν
1090 1827 1437 1881 ἀποδείκνυσι
1455 1845 1468 1858 ’
1501 1831 1593 1882 καὶ
1615 1829 1642 1880 ὁ
1671 1829 1973 1900 μετατιθεὶς

2078 641 2220 691 omni
2248 639 2479 704 poscenti
2513 638 2764 692 rationem
2812 637 2878 689 de
2914 653 2979 690 ea
3028 653 3146 706 qua
3175 638 3231 691 in
3263 646 3313 691 te
3335 649 3408 692 est
3437 656 3527 706 spe
3549 638 3593 673 ⁸⁷
3620 656 3642 706 ;

2075 731 2189 784 sive
2214 728 2527 782 discendum
2573 727 2646 782 sit
2696 727 2810 781 sive
2843 727 3347 782 contradicendum.
3384 728 3635 784 Vicissim

2078 826 2132 870 lu
2156 829 2374 884 quoque
2424 828 2518 869 eos
2547 815 2845 882 interroga,
2882 815 2974 886 qui
3005 825 3236 886 possunt
3269 817 3644 889 interrogari;

2069 909 2244 964 neque
2275 903 2456 948 tamen
2486 895 2593 948 vim
2631 894 2801 950 facias
2835 897 2885 950 ei
2931 901 3023 964 qui
3063 901 3304 954 scientiae
3346 911 3428 955 est
3457 903 3634 972 inops.
3711 931 3713 934 ⁴

2069 985 2116 1017 ⁸⁸
2169 985 2372 1040 Idcirco
2423 985 2624 1040 addit:
2676 983 2863 1056 Neque
2915 987 3209 1045 inhonores
3256 990 3530 1046 inﬁrmum
3583 994 3634 1048 in

2067 1080 2257 1152 portis.

2140 1264 2186 1296 ⁸⁸
2216 1262 2318 1330 Qui
2361 1278 2560 1333 pravas
2589 1263 2907 1318 admiserint
2947 1264 3300 1335 cogitationes
3320 1306 3336 1329 ,
3368 1274 3529 1334 atque
3564 1267 3635 1322 ita

2069 1355 2309 1427 maligno
2335 1355 2549 1410 diabolo
2577 1355 2836 1411 honorem
2871 1356 3177 1420 detulerint,
3209 1358 3264 1411 hi
3301 1373 3401 1428 pro
3428 1358 3635 1413 viribus

2071 1440 2261 1502 curent
2290 1448 2446 1503 bonis
2471 1448 2914 1503 meditationibus
2945 1450 3246 1504 deteriores
3276 1461 3635 1506 commutare.

2071 1541 2116 1572 ⁸ο
2143 1539 2260 1596 Nisi
2301 1540 2447 1594 enim
2481 1539 2534 1594 id
2566 1556 2724 1610 agere
2752 1541 3040 1604 valuerint,
3074 1542 3352 1598 auferetur
3383 1543 3463 1598 eis
3500 1551 3632 1598 stra-

2070 1639 2186 1686 tum
2217 1631 2387 1686 desub
2419 1635 2586 1686 costis
2609 1631 2824 1692 animm,
2860 1631 2912 1683 id
2939 1641 3022 1685 est
3045 1633 3234 1687 virtus.

2145 1717 2188 1747 σι
2221 1716 2321 1782 Qui
2345 1715 2604 1769 transfert
2633 1713 2914 1783 religionis
2947 1714 3210 1768 terminos
3232 1754 3247 1778 ,
3284 1715 3328 1768 is
3379 1714 3640 1782 supersti-

2078 1806 2276 1860 tionem
2311 1805 2399 1859 vel
2438 1805 2608 1872 ipsam
2651 1802 2986 1870 impietatem
3031 1815 3145 1869 prae
3194 1816 3253 1855 se
3283 1800 3406 1856 fert.
3433 1800 3500 1854 Et
3546 1799 3638 1868 qui

395 1910 464 1963 τά
512 1911 636 1984 ὅρια
667 1913 766 1979 τῆς
818 1891 1085 1985 ἀνδρείας,
1121 1917 1434 1990 θρασύτητα
1480 1919 1512 1990 ἢ
1559 1891 1762 1972 δειλίαν
1802 1891 1971 1991 αὐτὴν

2077 1896 2415 1952 fortitudinis
2441 1893 2703 1948 transfert
2734 1892 3020 1956 terminos,
3053 1892 3097 1946 is
3121 1892 3404 1946 audaciam
3439 1891 3522 1946 vel
3575 1893 3641 1945 ti-

397 2001 786 2073 ἀπεργάζεται·
813 2006 1074 2071 ὡσαύτως
1095 2008 1152 2062 δὲ
1172 2009 1267 2063 καὶ
1296 2010 1515 2062 ἐπὶτῶν
1541 2010 1714 2064 ἄλλων
1737 2010 1968 2082 ἀρετῶν,

395 2095 492 2148 καὶ
534 2094 626 2147 ἐπὶ
661 2096 770 2149 τῶν
801 2097 1106 2169 δογμάτων,
1139 2101 1233 2154 καὶ
1280 2103 1366 2154 ἐπ’
1394 2102 1563 2172 αὐτῆς
1599 2102 1696 2173 τῆς
1737 2103 1972 2165 πίστεως

397 2187 644 2258 νοητέον-
683 2189 915 2259 μάλιστα
947 2191 1002 2243 δὲ
1043 2191 1212 2244 τοῦτο
1233 2193 1497 2264 τηρητέον
1543 2194 1633 2246 ἐπὶ
1671 2192 1773 2263 τῆς
1811 2193 1972 2261 ἁγίας

397 2277 639 2350 Τριάδος·
665 2281 694 2332 ὁ
720 2279 828 2350 γὰρ
862 2282 934 2353 μὴ
963 2282 1224 2352 θεολογῶν
1249 2284 1311 2338 τὺ
1341 2285 1563 2355 Πνεῦμα
1578 2284 1638 2337 τὺ
1664 2285 1836 2353 ἅγιον,
1861 2283 1975 2337 δια-

397 2368 513 2422 λύει
541 2369 602 2422 τὸ
647 2369 954 2442 βάπτισμα·
984 2375 1011 2425 ὁ
1040 2374 1096 2427 δὲ
1135 2376 1228 2427 καί
1263 2375 1454 2439 ἄλλους
1495 2376 1646 2439 τινὰς
1684 2372 1966 2446 ὀνομάζων

399 2459 576 2524 θεοὺς,
611 2461 782 2532 δῆμον
811 2464 1019 2531 εἰσάγει
1048 2463 1184 2518 θεῶν
1205 2483 1217 2495 ⁸
1241 2466 1274 2536 ἢ
1309 2466 1403 2519 καὶ
1427 2465 1525 2529 τὰς
1561 2467 1688 2536 περὶ
1711 2466 1967 2536 πράγμα-

396 2568 488 2613 τος
522 2552 750 2604 ἑκάστου
782 2552 1055 2620 πατρικὰς
1100 2555 1396 2620 διατάξεις,
1449 2557 1543 2608 καὶ
1573 2556 1761 2609 τούτου
1810 2554 1966 2625 χάριν

400 2639 581 2709 μένειν
608 2640 928 2708 ὀφειλούσας
947 2681 960 2706 ,
990 2643 1063 2712 μὴ
1101 2645 1407 2712 μετακινεῖν
1435 2643 1534 2697 δεῖ.

2073 1990 2370 2044 miditatem
2398 1985 2698 2042 substituit.
2733 1984 2997 2040 Similiter
3038 1985 3106 2038 de
3141 1983 3430 2038 virtutibus
3479 1983 3597 2038 aliis
3620 2023 3638 2049 ,

2072 2081 2208 2135 etde
2236 2079 2602 2150 dogmatibus,
2633 2085 2686 2131 et
2713 2077 2780 2129 de
2815 2077 2932 2144 ipsa
2964 2075 3069 2130 ﬁde
3089 2076 3506 2131 existimandum
3531 2087 3638 2130 est.

2071 2169 2353 2238 Praecipue
2379 2185 2506 2223 vero
2540 2169 2648 2223 hoc
2684 2168 3083 2222 observandum
3114 2176 3198 2222 est
3224 2169 3368 2223 circa
3393 2177 3638 2222 sanctam

2074 2262 2420 2317 Trinitatem.
2462 2261 2593 2315 Nam
2619 2262 2710 2330 qui
2742 2261 2906 2316 Deum
2932 2276 3039 2316 non
3068 2261 3200 2316 dicit
3226 2269 3473 2316 sanctum
3517 2261 3630 2328 Spi-

2072 2354 2234 2409 ritum
2267 2352 2404 2424 (14).
2430 2353 2702 2421 baptisma
2736 2351 2968 2408 destruit
2994 2368 3008 2405 :
3037 2351 3132 2420 qui
3165 2365 3294 2404 vero
3316 2351 3449 2404 alios
3476 2365 3638 2419 quos-

2072 2447 2193 2501 dam
2231 2445 2475 2499 nominat
2507 2446 2661 2510 deos,
2695 2444 2738 2497 is
2781 2443 3006 2498 deorum
3042 2442 3294 2511 populum
3320 2442 3640 2496 introducit.

2071 2539 2200 2592 Item
2232 2539 2299 2591 de
2328 2538 2490 2591 rebus
2520 2535 2751 2604 singulis
2784 2543 2999 2604 patrum
3033 2534 3454 2589 constitutiones
3496 2530 3638 2603 (quae

2073 2639 2354 2700 propterea
2396 2643 2750 2698 perseverare
2777 2628 2998 2699 debent)
3049 2642 3387 2697 nequaquam
3423 2634 3639 2696 oportet

2071 2735 2442 2779 commovere.

1842 2822 1994 2878 CAP.
2033 2817 2222 2874 XXIII.

466 2919 744 2992 Δυνάστην
767 2920 1004 2975 ἐνταῦθα
1020 2921 1110 2974 τὸν
1133 2920 1374 2974 διάϐολόν
1405 2938 1586 2992 φησιν’
1617 2919 1883 2991 τράπεζαι
1914 2920 1971 2972 δὲ

397 3010 562 3065 αὑτοῦ
597 3013 703 3065 είσι
743 3012 1248 3083 ψευδομαρτυρίαι,
1301 3012 1576 3083 λοιδορίαι,
1628 3012 1965 3071 καταλαλιαὶ,

398 3103 720 3175 συμϐουλίαι
740 3105 925 3168 κακαὶ,
957 3104 1242 3175 ἐπιθυμίαι
1274 3104 1516 3175 αἰσχραὶ,
1542 3105 1636 3157 καὶ
1653 3105 1759 3157 πᾶν
1795 3104 1969 3157 ὁτιοῦν

2153 2913 2198 2946 ⁸³
2253 2911 2552 2984 Dynastam
2606 2925 2752 2966 nunc
2787 2910 3058 2966 diabolum
3089 2910 3266 2968 dicit:
3309 2923 3508 2965 mensae
3531 2923 3640 2977 au-

2078 3021 2184 3065 tem
2223 3011 2337 3078 ejus
2369 3016 2494 3063 sunt
2531 3006 2662 3062 falsa
2697 3007 3024 3072 testimonia,
3059 3006 3330 3070 convicia,
3365 3005 3640 3062 obtrecta-

2077 3103 2277 3166 tiones,
2307 3099 2710 3168 conjuratioues
2741 3099 2914 3162 malae,
2969 3107 3150 3166 turpes
3191 3097 3550 3172 cupiditates,
3587 3109 3642 3152 et
3715 3095 3718 3101 λ

399 3195 686 3250 σατανικὺν
716 3196 1053 3267 ἐπιτήδευμα
1074 3215 1087 3227 ’
1137 3195 1310 3250 ταῦτα
1349 3196 1405 3248 δὲ
1445 3196 1856 3268 παρατιθέμενά
1891 3214 1970 3249 σοι

2076 3211 2236 3252 omne
2285 3193 2564 3263 quodlibet
2615 3193 2918 3246 satanicum
2961 3206 3116 3266 opus.
3155 3194 3280 3250 Haec
3314 3194 3500 3250 omnia
3543 3191 3640 3249 tibi

399 3287 504 3340 ὑπὸ
533 3288 628 3342 τοῦ
663 3287 923 3358 πονηροῦ,
961 3287 1168 3358 νοητῶς
1205 3289 1337 3353 νόει,
1365 3290 1459 3343 καὶ
1484 3289 1706 3342 ἐπίϐαλε
1731 3289 1831 3360 τὴν
1865 3289 1973 3342 διά-

397 3381 544 3434 νοιάν
579 3398 694 3446 σου,
724 3382 752 3434 ὅ
785 3383 931 3436 ἐστιν
961 3382 994 3453 ἡ
1039 3380 1184 3454 χείρ·
1223 3380 1379 3449 εἰδὼς
1413 3383 1494 3439 ὅτι
1539 3381 1760 3439 τοιαῦτά
1807 3398 1867 3438 σε
1896 3381 1974 3440 δεῖ

398 3472 832 3543 παρασκευάσαι,
863 3467 951 3526 οἷα
971 3473 1066 3526 καὶ
1089 3476 1540 3546 συμπαρεστάναι
1569 3492 1650 3528 σοι
1673 3475 1974 3544 ὀφείλουσιν

398 3565 458 3618 ὲν
479 3565 662 3636 ἡμέρᾳ
692 3566 919 3636 Κυρίου,
956 3566 1043 3619 ὅτε
1067 3566 1328 3636 ἀπονέμει
1354 3566 1564 3636 ἑκάστῳ
1591 3566 1730 3620 κατὰ
1747 3564 1816 3618 τὰ
1841 3565 1976 3636 ἔργα

398 3655 582 3708 αὐτοῦ’
616 3658 664 3708 εί
692 3655 747 3708 δὲ
771 3656 1171 3728 ἀπληστὸτερος
1197 3653 1266 3722 εἶ,
1301 3658 1395 3710 καὶ
1418 3659 1587 3730 ὀρὲγῃ
1617 3657 1727 3711 τῶν
1752 3659 1975 3730 ὑψηλῶν

399 3748 494 3801 καὶ
542 3746 803 3800 πλειόνων
858 3748 952 3800 καὶ
1001 3748 1261 3818 μειζόνων
1291 3787 1304 3812 ,
1353 3749 1511 3802 ἆτινά
1550 3751 1655 3802 είσι
1707 3749 1826 3802 θεῖα
1884 3753 1976 3804 καὶ

399 3837 556 3901 Θεοῦ,
583 3837 656 3906 μὴ
681 3835 936 3906 ὲπιθύμει
952 3835 1061 3889 τῶν
1078 3835 1172 3888 τοῦ
1194 3836 1432 3906 πονηροῦ
1455 3836 1786 3906 ἐδεσμάτων*
1804 3835 1977 3890 ταῦτα

400 3926 510 3998 γὰρ
536 3925 718 3995 ἔχεται
749 3924 892 3994 ζωῆς
928 3923 1285 3995 προσκαίρου,
1318 3925 1348 3976 ὅ
1383 3927 1497 3976 ἐστι
1523 3923 1752 3994 ψευδοῦς
1771 3941 1785 3954 ο
1817 3924 1897 3977 δεῖ
1919 3926 1976 3979 δὲ

399 4019 496 4090 τὴν
529 4018 678 4072 θείαν
702 4017 922 4090 Γραφὴν
951 4016 1156 4087 νοητῶς
1180 4015 1412 4068 νοεῖσθαι
1445 4017 1539 4069 καὶ
1575 4015 1974 4085 πνευματικῶς

401 4110 435 4180 ἡ
468 4109 575 4180 γάρ
609 4107 752 4161 κατὰ
775 4107 874 4178 τὴν
913 4106 1150 4178 ἱστορίαν
1175 4106 1406 4178 αἰσθητὴ
1439 4105 1660 4175 γνῶσις,
1694 4107 1794 4159 οὐκ
1833 4105 1977 4159 ἐστιν

399 4199 609 4273 ἀληθής
644 4199 778 4270 (ιε).
969 4275 976 4281 ι

485 4291 610 4346 Ἐὰν
648 4291 871 4344 ἑλκῦσαι
910 4289 1000 4342 τὸν
1038 4287 1179 4341 θεῖον
1218 4287 1341 4342 νοῦν
1375 4289 1511 4359 πρὸς
1548 4288 1610 4342 τὸ
1645 4288 1806 4360 ῥητὸν
1838 4287 1980 4342 κατὰ

398 4385 498 4456 τὴν
528 4383 633 4450 ἔξω
665 4384 822 4453 μόνον
861 4383 1050 4454 ὅρασιν
1071 4381 1353 4454 ἐθελήσῃς,
1376 4380 1676 4443 ἁσύστατος
1699 4377 1774 4433 ὣν
1796 4381 1874 4443 εἰς
1888 4379 1980 4434 τὸν

402 4478 531 4530 ῐοιον
564 4471 710 4529 οἷκον
741 4476 1010 4544 ἀποφοίτα
1029 4515 1043 4541 ,
1076 4477 1135 4538 ὃς
1178 4476 1295 4527 ἐστι
1329 4473 1390 4526 τὺ
1435 4472 1768 4544 κατάλληλον
1814 4471 1976 4526 αὑτοῦ

401 4570 694 4642 θεώρημα*
727 4568 1008 4639 πτέρυγας
1032 4567 1170 4638 ἔχων
1194 4568 1292 4632 τὰς
1323 4565 1428 4619 ὑπὸ
1453 4565 1548 4618 τοῦ
1582 4565 1978 4637 προεστηκότος

397 4662 562 4717 αὑτοῦ
577 4663 734 4731 άγίου
748 4660 889 4714 Πνεύ
897 4677 1061 4731 ματος
1078 4658 1606 4723 κατασκευασθείσας
1622 4657 1790 4728 αὐτῷ,
1813 4658 1940 4712 αἴπε
1946 4676 1978 4730 ρ

398 4755 593 4808 εἰσὶτὰ
622 4752 970 4824 πνευματικὰ
1003 4752 1351 4824 χαρίσματα*
1393 4752 1609 4806 ἄπεισιν
1646 4747 1738 4805 οὖν
1775 4750 1978 4821 ὑψηλὸς

398 4847 540 4919 ὑπὲρ
567 4846 728 4902 αὐτὸν
752 4846 826 4909 ὡς
849 4846 1023 4898 εἰπεῖν
1047 4845 1138 4898 τὸν
1163 4844 1358 4918 αἰθέρα
1376 4860 1390 4874 ·
1417 4844 1477 4897 τὸ
1503 4838 1594 4897 οῦν
1623 4842 1698 4914 μὴ
1723 4843 1978 4914 ὑπεράνω

464 5004 511 5036 ⁵⁷
539 5003 559 5057 I
587 5001 736 5059 Petr.
765 5017 850 5068 ιιι,
886 5002 976 5058 I5.
1052 5003 1100 5035 ⁸⁸
1134 5017 1185 5057 v.
1211 5001 1301 5057 22.
1366 5002 1410 5034 ⁵⁹
1437 5017 1490 5056 v.
1518 5001 1609 5058 26.
1686 5004 1731 5034 ⁸ο
1760 5018 1812 5056 v.
1849 5003 1939 5059 27.

473 5095 586 5166 (Μ)
611 5095 995 5167 Animadverte
1037 5095 1404 5152 testimonium
1429 5094 1677 5167 Origenis
1701 5096 1767 5152 de
1790 5096 1970 5166 Spiri-

411 5177 500 5222 tus
523 5166 693 5219 sancti
727 5166 1036 5219 divinitate.

483 5233 794 5306 (45)7Vides
825 5235 1077 5305 Origenis
1129 5234 1332 5306 dictum
1381 5234 1592 5306 insigne
1617 5251 1716 5304 pro
1741 5237 1972 5306 myStico

407 5304 467 5360 S.
504 5304 800 5373 Scriptura:
831 5304 1018 5363 senSu.
1067 5305 1159 5374 qui
1210 5311 1492 5371 tantopere
1540 5305 1642 5374 ipsi
1674 5306 1726 5359 in
1761 5304 1970 5361 deliciis

394 5375 518 5437 fuit,
547 5388 719 5442 eoque
743 5373 1012 5443 interdum
1051 5373 1272 5437 abusus,
1311 5384 1371 5427 ut
1398 5373 1631 5440 scimus;
1664 5390 1782 5443 quae
1809 5392 1972 5430 causa

394 5445 499 5498 fuit
530 5443 819 5497 Theodoro
849 5442 1230 5510 Mopsuesteno
1275 5458 1410 5506 Opus
1465 5442 1730 5499 condendi
1778 5455 1972 5500 contra

395 5513 716 5583 allegoricos
744 5513 1205 5583 ,ﬂprtesertimque
1253 5511 1570 5581 Origencm.
1624 5515 1691 5568 Et
1740 5515 1964 5582 quidem

396 5579 698 5638 consulesis
752 5579 1006 5651 ﬂuetium
1058 5583 1110 5634 in
1157 5579 1516 5651 Origenianis
1561 5579 1772 5651 quaest.—
1816 5599 1921 5638 xm
1949 5624 1965 5648 ,

397 5668 451 5722 p.
485 5651 594 5707 240
636 5665 791 5723 seqq.
830 5650 1082 5723 Origenes
1128 5650 1340 5723 (inquit
1371 5653 1439 5723 _S.
1489 5650 1855 5723 Hieronymus
1916 5653 1969 5708 in

396 5718 621 5792 prologo
649 5718 839 5776 ad—lib.
871 5718 994 5792 vin
1025 5718 1264 5788 Isaiam)
1319 5721 1499 5792 liberis
1544 5718 1814 5790 allegoria:
1843 5739 1973 5791 spa-

400 5793 487 5845 tiis
516 5802 786 5860 evagatur,
821 5801 868 5845 et
898 5791 1251 5860 interpretatis
1283 5791 1580 5844 nominibus
1615 5792 1969 5860 singulorum,

402 5857 668 5932 ingenium
714 5877 871 5917 suum
924 5859 1054 5931 facit
1079 5857 1335 5916 Ecclesia:
1382 5857 1737 5916 sacramenta.
1799 5861 1970 5917 Recta

2016 5006 2060 5039 ⁶¹
2097 5005 2265 5062 ν.28.
2344 5005 2390 5037 ⁶¹
2417 5019 2470 5059 v.
2500 5006 2550 5062 1.
2629 5005 2676 5038 ⁸³
2711 5021 2764 5062 v.
2800 5005 2856 5062 2.

2075 3285 2320 3355 apposita
2351 3299 2382 3337 a
2419 3282 2676 3352 maligno,
2720 3283 3044 3356 spiritaliter
3076 3286 3342 3356 intellige,
3393 3293 3448 3340 et
3486 3300 3642 3340 men-

2086 3387 2193 3436 tem
2227 3386 2374 3434 tuam
2402 3375 2646 3446 intende,
2676 3394 2797 3449 qitze
2831 3379 2920 3433 hic
2953 3377 3155 3432 dicitur
3193 3392 3404 3442 manus,
3461 3377 3644 3432 sciens

2075 3488 2104 3526 a
2135 3481 2187 3527 te
2214 3473 2340 3528 talia
2380 3486 2504 3528 esse
2546 3471 2858 3541 apparanda
2905 3469 2950 3501 ⁸³
2977 3509 2992 3536 ,
3021 3484 3142 3538 quae
3188 3467 3281 3523 tibi
3313 3468 3643 3538 patrocinari

2074 3567 2287 3635 possint
2318 3565 2371 3619 in
2411 3565 2499 3619 die
2540 3563 2780 3627 Domini,
2812 3577 2938 3618 cum
2976 3563 3022 3617 is
3064 3562 3502 3616 remunerabitur
3530 3563 3643 3615 sin-

2077 3657 2230 3724 gulos
2257 3657 2552 3712 secundum
2576 3669 2742 3723 opera
2772 3669 2984 3708 eorum.
3016 3652 3170 3721 Quod
3209 3654 3253 3707 si
3283 3653 3644 3708 insatiabilior

2075 3762 2156 3816 es,
2189 3748 2452 3818 cupisque
2481 3748 2589 3801 alta
2619 3755 2672 3800 et
2699 3745 2853 3816 plura
2885 3753 3050 3814 atque
3074 3744 3278 3813 majora
3301 3784 3315 3808 ,
3349 3760 3468 3811 quae
3517 3753 3645 3799 sunt

2077 3840 2319 3898 cmlestia
2349 3855 2414 3894 ac
2439 3840 2642 3902 divina,
2673 3852 2804 3892 cave
2837 3836 3062 3906 ligurias
3093 3836 3236 3890 circa
3266 3835 3481 3906 maligni
3512 3835 3640 3891 edu-

2078 3931 2150 3985 lia
2185 3949 2201 3984 :
2234 3931 2350 3986 haec
2383 3931 2528 3986 enim
2560 3930 2708 3984 brevi
2745 3928 2854 3981 vita
2894 3928 3167 3992 fruuntur,
3205 3927 3258 3981 id
3309 3936 3395 3981 est
3443 3925 3642 3982 fallaci.

2079 4022 2306 4092 Oportet
2333 4031 2512 4075 autem
2542 4020 2780 4074 divinam
2812 4019 3148 4088 Scripturam
3206 4016 3645 4072 intellectualiter

2077 4130 2141 4168 ac
2171 4113 2491 4184 spiritaliter
2520 4111 2746 4180 intelligi
2783 4128 2799 4164 :
2831 4126 2954 4165 nam
2985 4096 3106 4180 quae
3144 4111 3440 4165 secundum
3475 4110 3645 4164 histo-

2079 4204 2214 4258 riam
2243 4213 2330 4258 est
2362 4204 2663 4257 materialis
2701 4201 2875 4268 notio,
2905 4217 3033 4256 vera
3069 4217 3174 4256 non
3203 4209 3304 4255 est.

2150 4295 2196 4328 ⁸⁸
2225 4296 2282 4350 Si
2311 4295 2531 4350 trahere
2555 4295 2794 4351 divinum
2835 4310 3076 4359 sensum,
3099 4295 3250 4363 juxta
3289 4293 3546 4356 litteram,
3577 4293 3647 4345 ad

2080 4397 2365 4443 externum
2426 4390 2806 4443 tantummodo
2851 4395 3206 4455 conspectum
3257 4381 3540 4446 volueris,
3599 4381 3645 4435 is

2085 4479 2435 4535 fundamento
2471 4495 2664 4535 carens
2695 4479 2764 4533 ad
2793 4478 3068 4549 proprium
3105 4473 3436 4529 domicilium
3461 4485 3646 4526 rever-

2086 4581 2254 4635 tetur,
2277 4587 2396 4640 qua:
2423 4581 2509 4628 est
2534 4571 2861 4626 conveniens
2891 4569 2968 4622 illi
3003 4566 3230 4621 theoria.
3263 4564 3370 4620 Sed
3405 4562 3520 4618 alas
3544 4563 3645 4618 ha-

2083 4664 2219 4719 bens
2249 4680 2278 4719 a
2305 4665 2574 4733 dirigente
2618 4662 2789 4732 ipsam
2833 4670 3022 4716 sancto
3050 4659 3255 4730 Spiritu
3309 4657 3600 4712 fabricatas
3626 4696 3646 4722 ,

2083 4770 2204 4824 qua
2230 4766 2360 4810 sunt
2417 4758 2685 4826 spiritalia
2733 4757 3094 4822 charismata,
3132 4753 3244 4808 abit
3275 4749 3528 4806 sublimis
3558 4763 3648 4804 su-

2083 4863 2180 4918 per
2208 4851 2383 4919 ipsum
2417 4861 2478 4904 ut
2509 4852 2584 4905 ita
2621 4850 2798 4905 dicam
2833 4849 3119 4905 mtherem.
3153 4846 3298 4916 Ergo
3350 4842 3492 4899 nolle
3520 4857 3650 4898 con-

2956 5003 3002 5036 “
3034 5019 3088 5062 v.
3121 5002 3176 5058 5.

2079 5100 2208 5155 item
2241 5100 2414 5156 eidem
2444 5099 2660 5170 Origeni
2693 5099 3069 5170 contradicere
3101 5097 3315 5170 videtur
3355 5093 3412 5149 S.
3447 5093 3652 5170 Grego-

2081 5172 2199 5225 rius
2232 5171 2492 5239 PP.,qui,
2521 5165 2622 5223 eisi
2661 5169 2950 5238 plurimum
2994 5166 3284 5239 allegorico
3336 5165 3652 5239 ati_agog_icof

2079 5257 2186 5306 que
2212 5234 2405 5294 sensui
2441 5234 2706 5300 indulsit.
2761 5248 2994 5291 attamen
3038 5239 3088 5290 in
3111 5234 3121 5235 ί
3147 5236 3298 5290 calce
3322 5236 3492 5306 primi
3524 5234 3650 5306 libri.

2081 5303 2370 5363 Moralium
2420 5313 2474 5363 in
2504 5311 2718 5375 Jobum,
2761 5309 2834 5361 ita
2879 5310 3152 5375 sapienter
3182 5305 3497 5358 concludit:
3537 5303 3651 5357 Hoc

2083 5395 2397 5448 magnopere
2424 5381 2671 5447 petimus,
2697 5389 2754 5430 ut
2784 5378 2874 5448 qui
2901 5380 2968 5429 ad
3009 5377 3313 5448 spiritalem
3350 5375 3650 5448 intelligen-

2081 5445 2211 5502 tiam
2247 5445 2467 5501 mentem
2509 5448 2766 5509 sublevat,
2794 5445 2856 5499 ἀ
2899 5448 3228 5500 veneratione
3260 5445 3497 5497 historia:
3545 5459 3649 5496 non

2079 5518 2309 5571 recedat.
2337 5517 2702 5572 Nihilominus
2735 5519 2786 5570 iu
2831 5517 2988 5569 libris
3035 5513 3286 5584 Origenis
3315 5513 3559 5584 inﬁnitus
3587 5527 3650 5566 ac

2079 5589 2510 5659 pretiosissimus
2537 5597 2620 5641 est
2651 5588 3008 5659 mysticarum
3040 5583 3440 5659 moraliumque
3480 5583 3650 5659 inter-

2118 5658 2443 5710 retationum
2503 5653 2828 5719 thesaurus;
2874 5666 2930 5709 et
2980 5656 3096 5724 ipse
3144 5653 3647 5724 Chrysostomusin

2118 5674 2443 5710 retauonum
2503 5674 2828 5719 tuesaurus;
2874 5674 2930 5709 et
2980 5674 3096 5724 Ipse
3144 5674 3561 5719 hnrysoswmus
3593 5674 3647 5704 ιιι

2078 5674 2500 5780 grovcrbiorum
2533 5743 2562 5780 a
2597 5727 2755 5780 nobis
2789 5728 2932 5782 edita
2965 5725 3346 5797 explanatione
3375 5719 3651 5794 spiritales

2076 5810 2276 5854 sensus
2297 5796 2528 5854 libenter
2551 5797 2818 5867 sequitur.
3041 5796 3046 5797 “
3627 5825 3632 5830 -
