4172 6404
576 384 680 443 225

1461 384 2018 445 SUPPLEMENTUM
2058 390 2151 445 AD
2182 388 2505 449 ORIGENIS
2539 392 2952 454 EXEGETICA.

3723 408 3830 466 224

579 494 841 551 scandere
869 508 1032 565 supra
1060 493 1325 559 litteram,
1352 499 1447 553 sed
1482 502 1763 559 mordicus
1800 504 1930 559 huic
1977 503 2104 560 iuba

2200 509 2445 577 ιχωρεῖν
2480 507 2573 560 τοῦ
2613 508 2810 580 ῥητοῦ,
2850 511 2965 565 ἀλλ’
2987 513 3278 586 ἀπλήστως
3316 514 3464 591 ἔχειν
3488 516 3623 588 πρὸς
3668 523 3830 588 αὐτὰ,

579 604 724 651 rere,
754 587 904 641 fals:e
932 588 1057 641 vitae
1082 588 1369 659 proprium
1396 599 1500 646 est.

646 677 694 710 ⁸⁸
734 676 790 732 Si
814 677 1031 733 invidus
1054 680 1298 735 triticum
1326 683 1625 753 impietatis
1641 686 1912 753 comedat,
1942 697 1999 743 et
2020 690 2149 745 viuo

574 766 858 837 illegitimo
885 766 1153 835 ehrietur,
1188 786 1293 825 non
1314 784 1529 842 oportet
1550 790 1670 830 cum
1700 777 1801 833 hoc
1829 782 2141 847 convivari;

574 873 751 928 neque
795 860 939 913 enim
989 862 1208 931 expedit
1239 863 1354 918 fieri
1405 866 1625 936 impium
1659 884 1723 924 ac
1754 884 2095 940 peccatorem
2126 890 2143 928 :

571 964 697 1005 nam
751 952 1062 1020 huiusmodi
1123 954 1439 1026 iniquitates
1494 959 1797 1029 spiritalem
1858 966 2142 1022 scientiam

569 1043 938 1110 pessumdant.

642 1128 688 1160 “
718 1126 863 1183 Nihil
901 1130 1050 1185 dicas
1100 1132 1358 1200 prudens,
1390 1134 1585 1204 inquit,
1620 1134 1672 1191 id
1724 1144 1810 1191 est
1864 1153 2027 1206 grave
2072 1156 2138 1197 ac

570 1223 889 1293 mysticum;
937 1241 1053 1280 non
1089 1228 1233 1281 enim
1280 1236 1330 1282 te
1369 1236 1579 1297 oportet
1609 1230 1931 1299 margaritas
1955 1232 2137 1303 ‘proji-

570 1328 695 1369 cere
726 1324 852 1370 ante
878 1331 1091 1385 porcos.

636 1404 681 1435 ⁶⁷
723 1404 1007 1461 Terminos
1050 1416 1286 1465 aeternos
1333 1412 1612 1485 religionis
1662 1433 1731 1474 ne
1792 1423 2131 1495 transferas;

564 1505 741 1561 neque
778 1494 845 1546 ad
888 1497 1165 1564 regionem
1205 1502 1436 1559 accedas
1485 1520 1675 1563 eorum
1707 1512 1801 1581 qui
1843 1529 1904 1570 se
1950 1530 1981 1570 a
2024 1518 2135 1574 Deo

562 1583 940 1651 sejunxerunt,
984 1598 1037 1642 et
1090 1593 1489 1659 possessionem
1530 1598 1837 1659 demonum
1870 1607 2131 1665 malitiam

561 1673 819 1740 retinent,
848 1676 1000 1744 cujus
1024 1693 1185 1735 causa
1223 1687 1429 1739 ctelesti
1462 1686 1623 1745 Patre
1648 1694 1824 1750 orbati
1854 1709 2001 1754 sunt.
2029 1701 2129 1767 Qui

559 1763 703 1817 enim
735 1779 828 1821 eos
859 1768 1154 1825 vindicavit
1182 1788 1248 1828 ex
1277 1779 1516 1834 tenebris
1540 1781 1594 1835 in
1626 1784 2127 1854 splendidissimam

556 1851 759 1918 lucem,
794 1854 951 1912 fortis
980 1868 1086 1915 est.

626 1944 675 1978 ⁸³
699 1945 867 2004 Filius
901 1950 1041 2006 bene
1069 1964 1308 2012 moratus
1338 1957 1481 2015 labia
1519 1977 1616 2019 sua
1650 1965 1703 2021 in
1740 1970 2005 2039 sapientia
2031 1991 2125 2031 ex-

554 2037 763 2093 ercebit
788 2057 803 2106 ;
833 2041 1188 2114 vicissimque
1220 2049 1488 2120 sapientia
1523 2070 1646 2110 cum
1691 2072 1757 2114 eo
1787 2037 2128 2136 colloquetur

552 2142 619 2184 ac
651 2133 1026 2199 permanebit:
1061 2145 1120 2190 at
1142 2152 1434 2206 perversus
1462 2144 1607 2202 illam
1642 2153 1873 2208 amittet.

620 2221 669 2253 ⁸⁸
691 2222 749 2277 Si
783 2224 977 2281 timore
1008 2227 1218 2285 Domini
1254 2233 1491 2291 declinat
1516 2239 1712 2309 aliquis
1743 2260 1770 2298 a
1804 2248 1970 2314 malo,
2004 2253 2123 2323 pul-

548 2310 678 2369 chre
707 2314 957 2373 hortatur
1008 2328 1067 2374 ut
1096 2335 1193 2391 per
1220 2336 1438 2383 omnem
1479 2332 1645 2389 vitam
1679 2334 1749 2391 ab
1784 2342 1930 2395 omni
1981 2310 2122 2403 malo

546 2402 898 2462 declinemus.

613 2493 661 2525 ’⁸
687 2493 942 2568 Quisquis
974 2503 1182 2560 malitia
1210 2515 1296 2563 est
1323 2508 1530 2577 ebrius,
1556 2523 1611 2570 et
1648 2529 1716 2572 ex
1744 2522 2007 2591 sapientia
2043 2526 2111 2582 ad

540 2586 815 2645 inscitiam
865 2596 1021 2662 quasi
1072 2601 1317 2658 moechus
1360 2608 1621 2672 transilit,
1680 2586 1877 2670 divina:
1928 2620 2117 2689 gratia:

536 2682 642 2736 erlt
669 2682 856 2753 inops;
890 2702 1065 2758 neque
1104 2704 1258 2748 veste
1288 2700 1515 2769 nuptiali
1562 2703 1818 2761 induetur
1863 2711 2112 2782 quisquis

538 2771 595 2826 in
625 2773 957 2833 daemoniaca
1006 2792 1164 2838 nocte
1195 2785 1520 2857 dormitans,
1552 2808 1774 2852 carnem
1819 2816 1973 2855 suam
2017 2804 2114 2859 de—

535 2862 652 2918 triti
705 2866 883 2923 instar
929 2874 1208 2941 panniculi
1254 2878 1594 2939 vulneratam
1650 2897 1917 2958 atterens,
1978 2894 2108 2964 facit

533 2952 845 3010 incendium
879 2959 1161 3027 gehennae.

604 3043 649 3075 “
680 3046 772 3100 Ait
803 3050 987 3105 senior
1008 3055 1247 3123 quidam,
1274 3060 1509 3117 animam
1530 3080 1652 3122 esse
1684 3079 1913 3127 matrem
1956 3090 2107 3131 men-

530 3134 639 3201 tis;
685 3138 881 3197 animae
924 3150 1189 3207 vocabulo
1234 3154 1497 3213 denotans
1560 3160 1862 3228 patbeticas
1909 3167 2103 3224 anima:

527 3227 843 3298 qualitates,
892 3235 1151 3307 impetum
1187 3251 1243 3298 et
1269 3227 1623 3316 cupiditatem
1651 3268 1665 3305 :
1695 3255 1901 3310 etenim
1928 3257 2102 3313 virtu-

528 3328 643 3374 tum
674 3325 942 3382 exercitio
978 3329 1032 3384 in
1069 3330 1246 3389 lucem
1274 3347 1512 3393 mentem
1545 3342 1730 3398 educit
1768 3362 1782 3399 :
1832 3346 2097 3416 siquidem

526 3408 845 3472 fortitudine
884 3434 950 3475 ac
985 3428 1337 3495 temperantia
1385 3430 1710 3500 sapientiam
1744 3408 2099 3507 adipiscimur

526 3513 584 3555 et
635 3504 917 3563 scientiam
967 3510 1087 3580 Dei,
1146 3532 1268 3586 quae
1311 3532 1439 3575 sunt
1489 3522 1721 3580 virtutes
1770 3504 2002 3597 impetus
2041 3542 2096 3587 et

521 3594 862 3664 cupiditatis.
916 3600 1177 3663 Fortasse
1228 3609 1430 3681 aliquis
1480 3614 1626 3670 dicet
1683 3594 1917 3676 matrem
1974 3637 2096 3679 esse

523 3683 933 3748 Testamentum
965 3706 1119 3753 vetus
1146 3703 1290 3770 quod
1328 3710 1601 3763 contemni
1629 3716 1835 3785 nequit.

589 3776 637 3810 ⁷³
662 3776 923 3839 Homines
961 3786 1066 3843 hoc
1115 3788 1238 3846 loco
1273 3792 1407 3850 dicit
1459 3776 1847 3869 magistrorum
1888 3803 2090 3874 scripta

516 3867 815 3926 volumina.
856 3874 961 3942 Qui
1015 3892 1147 3937 vero
1189 3889 1407 3953 operati
1448 3867 1611 3944 simul
1639 3900 1770 3947 sunt
1796 3902 1851 3948 et
1886 3867 2087 3953 doct-ie-

515 3970 666 4027 runt,
708 3963 924 4035 iterque
949 3969 1003 4023 in
1037 3972 1235 4028 caelum
1270 3976 1535 4049 fecerunt,
1568 3984 1967 4044 ambulationes
1992 4004 2088 4043 no-

510 4135 616 4192 iter
648 4139 918 4212 fecerunt,
950 4150 1076 4217 quia
1112 4153 1261 4209 dicta
1298 4135 1530 4227 propria
1556 4135 1667 4218 non
1698 4164 2079 4227 observarunt.

507 4226 644 4285 Nam
674 4235 767 4303 qui
801 4236 1028 4295 disserit
1066 4242 1118 4297 in
1156 4226 1617 4309 ambulationibus
1642 4256 1771 4322 (hoc
1818 4268 1905 4315 est
1936 4226 2080 4317 enim

507 4319 688 4379 facere
728 4337 784 4380 et
837 4330 1076 4405 docere),
1109 4336 1268 4407 digne
1298 4343 1543 4400 ambulat
1578 4319 1869 4407 vocatione
1910 4367 2016 4423 qua
2048 4370 2078 4409 a

501 4408 619 4466 Deo
649 4426 876 4473 vocatus
908 4421 1036 4478 fuit.

572 4498 775 4557 Mentis
802 4520 1086 4574 peccatum
1123 4516 1300 4574 simile
1330 4521 1549 4591 phialas,
1578 4542 1758 4596 opera:
1789 4544 2072 4601 peccatum
2107 4560 2151 4615 ο

2249 594 2395 667 ζωῆς
2420 596 2536 650 ἐστι
2559 597 2806 668 ψευδοῦς.

2313 690 2377 742 El
2410 692 2438 743 6
2468 690 2737 761 βάσκανος
2762 696 2885 749 σῖτα
2915 696 3169 761 άσεδείας
3200 698 3390 763 ἐσθίει,
3426 698 3525 755 καὶ
3554 698 3683 772 οίνῳ
3724 721 3829 757 πα-

2247 784 2469 855 ρανόμῳ
2496 784 2848 855 μεθύσκεται,
2882 790 2944 843 οὐ
2971 788 3051 842 δεῖ
3076 790 3132 843 δὲ
3170 792 3505 848 συνδειπνεῖν
3524 794 3725 866 τούτῳ·
3761 800 3824 852 οὐ

2243 872 2350 945 χρὴ
2382 874 2491 947 ἄρα
2526 872 2669 931 εἷναι
2709 878 2881 950 άσεδῆ
2914 878 3009 933 καὶ
3048 882 3361 955 παράνομον
3384 902 3397 917 ·
3441 882 3607 943 αὗται
3628 886 3737 959 γὰρ
3765 889 3823 943 αἱ

2242 969 2429 1023 κακίαι
2455 971 2806 1043 λυμαίνονται
2834 976 3035 1043 γνῶσιν
3061 982 3460 1052 πνευματικήν.

2303 1141 2485 1212 Μηδὲν
2501 1143 2624 1213 λέγε
2645 1148 2885 1212 συνετὸν,
2904 1152 3056 1221 φησὶ,
3081 1154 3327 1207 τουτέστι
3353 1155 3488 1225 βαθὺ
3506 1160 3599 1213 καὶ
3626 1178 3815 1231 μυστι-

2237 1232 2352 1287 κόν·
2375 1235 2435 1287 οὐ
2463 1236 2544 1290 δεῖ
2557 1238 2665 1310 γάρ
2697 1256 2756 1293 σε
2787 1240 2967 1311 βαλεῖν
2983 1246 3109 1310 τοὺς
3134 1248 3478 1320 μαργαρίτας
3507 1252 3814 1325 ἔμπροσθεν

2235 1324 2343 1377 τῶν
2367 1326 2583 1398 χοίρων.

2310 1416 2468 1487 Ὀρια
2501 1418 2695 1475 αἰώνια
2734 1421 3043 1490 θεοσεϐείας
3084 1428 3157 1500 μὴ
3195 1430 3452 1505 μέταιρε’
3488 1438 3569 1500 είς
3605 1438 3662 1491 δὲ
3704 1439 3812 1510 γῆν

2232 1504 2341 1560 τῶν
2368 1508 2857 1581 άπορφανισάντων
2894 1516 3119 1582 ἑαυτοὺς
3149 1520 3257 1574 άπὸ
3290 1504 3383 1576 τοῦ
3415 1524 3549 1578 Θεοῦ
3571 1566 3585 1590 ,

2231 1599 2288 1653 δέ
2317 1600 2585 1671 δαιμόνων
2606 1604 2702 1676 τὴν
2740 1608 2937 1662 κακίαν
2978 1610 3219 1681 ἔχοντας,
3255 1615 3329 1686 μὴ
3355 1618 3621 1692 εἰσέλθῃς,
3651 1622 3717 1676 δι’
3734 1599 3805 1695 ἦν

2230 1693 2600 1769 ἐστερήθησαν
2630 1700 2722 1753 τοῦ
2757 1702 3077 1774 ἐπουρανίου
3107 1705 3320 1777 Πατρός
3342 1727 3354 1739 ·
3382 1714 3410 1764 6
3440 1713 3547 1785 γὰρ
3578 1693 3806 1787 λυτροιῇ-

2233 1803 2392 1857 μενος
2414 1790 2611 1855 αὐτοὺς
2629 1793 2831 1864 Κύριος
2861 1798 2926 1849 ἐκ
2944 1796 3035 1850 τοῦ
3070 1798 3467 1874 ὑπερλάμπρου
3493 1808 3669 1874 φωτὸς
3696 1810 3805 1865 ἀπὸ

2158 1865 2200 1921 Β
2230 1878 2472 1945 σκότους,
2503 1882 2722 1954 ἰσχυρός
2757 1886 2924 1942 ἐστιν.

2297 1969 2425 2034 Υἱὸς
2453 1972 2612 2043 ὀρθὸς
2639 1975 2967 2049 ἐνδιατρίψει
2989 1980 3057 2034 τά
3090 1984 3243 2054 χείλη
3281 1984 3447 2039 αὐτοῦ
3492 1989 3677 2059 σοφία,
3705 1991 3801 2044 καὶ

2223 2060 2257 2131 ἠ
2293 2063 2453 2131 σοφία
2485 2064 2623 2135 πρὸς
2654 2069 2816 2122 αὑτὸν
2850 2071 3167 2145 συλλαλήσει
3213 2076 3307 2130 καὶ
3350 2078 3595 2149 διαμενεῖ
3621 2097 3635 2111 ⁶
3674 2083 3702 2135 6
3741 2083 3799 2136 δὲ

2222 2155 2477 2224 στρεσλδς
2508 2158 2817 2215 ἐκπεσεῖται
2841 2166 2935 2217 ἀπ’
2956 2167 3146 2237 αὐτῆς.

2290 2247 2352 2299 El
2380 2248 2457 2319 τῷ
2483 2250 2632 2322 φόδῳ
2657 2254 2861 2324 Κυρίου
2892 2257 3130 2312 ἐκκλίνει
3154 2279 3237 2326 τις
3265 2264 3375 2317 ἀπὸ
3400 2264 3591 2331 κακοῦ,
3619 2265 3797 2330 καλῶς

2218 2344 2476 2409 παραινεῖ
2506 2341 2592 2396 διὰ
2638 2343 2820 2416 πάσης
2864 2346 2965 2418 τῆς
3006 2349 3151 2422 ζωῆς
3199 2354 3468 2409 ἐκκλίνειν
3509 2358 3657 2428 ἡμᾶς
3686 2357 3796 2412 ἀπὸ

2216 2428 2420 2493 παντὸς
2452 2430 2645 2485 κακοῦ.
3306 2516 3309 2517 ν

2282 2519 2401 2583 Πᾶς
2446 2521 2474 2572 6
2522 2521 2581 2574 ἐν
2616 2523 2783 2595 κακίᾳ
2831 2526 3082 2596 μέθυσος,
3126 2533 3221 2585 καὶ
3263 2536 3292 2588 6
3331 2536 3395 2589 ἐκ
3430 2538 3619 2608 σοφίας
3654 2542 3793 2614 πρὸς

2211 2608 2486 2678 ἀγνωσίαν
2502 2619 2941 2689 καταπορνεύων,
2966 2624 3268 2693 πτωχεύσει
3294 2627 3358 2680 ἐκ
3374 2628 3523 2693 θείας
3543 2608 3785 2705 χάριτος-

2210 2702 2304 2753 καὶ
2325 2702 2423 2756 οὐκ
2448 2704 2723 2760 ἐνδύσεται
2741 2708 2944 2781 ἔνδυμα
2968 2713 3062 2767 τοῦ
3090 2718 3265 2787 γάμου
3295 2722 3403 2783 πᾶς
3428 2723 3456 2773 6
3498 2702 3638 2797 ἐν
3668 2726 3787 2781 δαι-

2212 2795 2457 2863 μονιώδει
2493 2800 2649 2852 νυκτὶ
2674 2801 2942 2874 ὑπνώδης,
2973 2806 3108 2861 ἀλλὰ
3134 2809 3231 2881 τὴν
3254 2811 3330 2875 ώς
3357 2815 3523 2884 ῥάκος
3555 2795 3787 2892 τετραυ-

2209 2888 2551 2962 ματισμένην
2577 2892 2756 2965 σάρκα
2783 2896 3066 2953 διαθλίδων
3088 2902 3313 2975 γεέννης
3342 2908 3531 2978 φλόγα.

2277 3066 2420 3140 Ἔφη
2454 3087 2535 3135 τις
2575 3072 2684 3125 τῶν
2719 3074 3008 3146 γερόντων,
3041 3078 3138 3150 τὴν
3173 3079 3353 3152 ψυχήν
3395 3079 3535 3141 εἶναι
3566 3090 3780 3162 μητέρα

2202 3158 2294 3212 τοῦ
2315 3161 2427 3225 νοῦ,
2451 3162 2625 3235 ψυχὴν
2651 3165 2821 3234 λέγων
2844 3169 2906 3222 τὸ
2936 3170 3235 3242 παθητικὸν
3259 3176 3358 3247 τῆς
3382 3158 3577 3252 ψυχῆς,
3610 3158 3782 3255 θυμόν

2199 3268 2258 3305 τε
2283 3252 2377 3307 καὶ
2400 3254 2713 3327 ἐπιθυμίαψ
2737 3259 2825 3312 διὰ
2854 3260 2963 3332 γὰρ
2986 3262 3095 3316 τῶν
3121 3270 3441 3337 πρακτικῶν
3462 3252 3777 3344 άρετῶννείς

2197 3343 2313 3412 φῶς
2342 3345 2571 3417 προάγει
2595 3348 2686 3401 τὸν
2715 3350 2857 3405 νοῦν·
2885 3352 2974 3406 διὰ
3002 3354 3111 3426 γάρ
3151 3358 3401 3431 ἀνδρείας
3438 3343 3532 3418 καὶ
3563 3383 3775 3440 σωφρο-

2196 3434 2362 3507 σύνης
2393 3437 2649 3511 κτώμεθα
2673 3442 2864 3511 σοφίαν
2897 3446 2991 3499 καὶ
3022 3446 3223 3514 γνῶσιν
3246 3452 3403 3519 Θεοῦ,
3446 3456 3610 3531 αἴπερ
3633 3434 3773 3515 dies

2192 3526 2383 3598 ἀρεταὶ
2415 3529 2586 3601 θυμοῦ
2620 3534 2712 3586 καὶ
2728 3536 3041 3608 ἐπιθυμίας
3071 3541 3219 3611 λέγει
3245 3544 3287 3597 δ’
3309 3546 3375 3599 ἂν
3403 3548 3532 3613 ἴσως
3558 3526 3773 3627 μητέρα

2191 3621 2285 3674 καὶ
2308 3623 2405 3694 τὴν
2434 3626 2669 3682 παλαιάν
2697 3630 2974 3704 Διαθήκην
3001 3636 3065 3689 οὑ
3091 3641 3521 3713 καταφρόνητον.

2272 3802 2611 3876 Ἀνθρώπους
2633 3810 2886 3879 ἐνταῦθα,
2903 3816 3013 3869 τῶν
3034 3818 3368 3877 διδασκάλων
3393 3826 3493 3892 τὰς
3525 3847 3766 3904 συγγρα-

2187 3896 2293 3964 φάς
2325 3913 2489 3967 φησι·
2533 3902 2658 3966 τοὺς
2694 3904 2751 3957 δέ
2786 3910 3119 3980 ποιήσαντας
3153 3918 3249 3971 καὶ
3294 3896 3765 3989 διδάξαντας-,καὶ

2185 3986 2284 4057 τὴν
2332 3991 2557 4061 πορείαν
2607 3995 2744 4065 πρὸς
2780 3998 3040 4071 οὐρανοὺς
3073 3986 3494 4080 ποιησαμένους,
3524 3986 3763 4088 περιπά-

2183 4094 2307 4143 τους
2328 4080 2597 4153 ὠνόμασε·
2625 4087 2810 4143 πολλοὶ
2842 4093 2951 4166 γάρ
2977 4096 3303 4167 διδάξαντες,
3332 4103 3395 4157 οὐ
3426 4107 3562 4177 πρὸς
3592 4080 3759 4183 οὐρα-

2182 4168 2270 4222 νὺν
2299 4170 2395 4243 τὴν
2425 4176 2645 4246 πορείαν
2678 4180 3024 4254 ἐποιήσαντο,
3058 4191 3140 4243 ὃτι
3164 4194 3263 4247 οὐκ
3287 4168 3577 4267 ἐφύλαξαν·
3604 4168 3760 4279 ὁγὰρ

2180 4262 2382 4333 ὁμιλῶν
2410 4268 2469 4320 ἐν
2500 4271 2843 4341 περιπάτοις,
2867 4281 3111 4335 τουτέστι
3152 4262 3340 4341 ποιεῖν-
3363 4307 3421 4344 τε
3470 4262 3564 4349 καὶ
3605 4262 3755 4353 διδάζ

2179 4369 2350 4418 σκειν,
2382 4356 2549 4423 ἀξίως
2577 4369 2870 4433 περιπατεῖ
2892 4368 2995 4440 τῆς
3020 4372 3265 4445 κλήσεως
3294 4374 3363 4453 ἧς
3388 4384 3591 4459 ἐκλήθη
3648 4392 3755 4446 ὑπὸ

2176 4443 2271 4497 τοῦ
2297 4445 2455 4501 Θεοῦ.

2259 4534 2327 4589 Ἠ
2356 4537 2454 4607 μὲν
2486 4541 2628 4595 κατὰ
2649 4543 2885 4602 διάνοιαν
2919 4551 3167 4627 ἁμαρτία
3197 4558 3341 4617 ἔοικε
3394 4568 3590 4641 φιάλῃ·
3629 4575 3661 4644 ή
3694 4574 3752 4629 δέ

499 4592 715 4660 υθεαιο·
752 4596 992 4669 ’Υπερον
1018 4619 1147 4661 Vero
1171 4616 1413 4682 estquod
1442 4632 1471 4670 a
1502 4592 1693 4689 coquis
1721 4592 1940 4696 τρίδεύς
1980 4643 2074 4698 ap-

499 4682 753 4737 Dellatur.
781 4687 946 4737 Multa
974 4695 1117 4737 enim
1152 4701 1325 4737 nnlnol
1350 4705 1551 4737 n-.-....
1580 4709 1863 4737 i..:-.:..-_-1
1900 4736 1921 4737 η
1942 4733 1985 4737 -,
2058 4736 2063 4737 ,

2356 4592 2368 4607 .
2654 4592 2881 4602 ν-ν--τ--ν
2919 4592 3167 4627 -ι-’Ἵσυιυι
3197 4592 3341 4617 ενιδε
3394 4592 3590 4641 ΨιαΑῐΓ
3629 4592 3661 4644 η
3694 4592 3751 4629 οε

2200 4629 2297 4680 ιατ’
2320 4629 2620 4701 ἐνέργειαν,
2664 4642 2909 4714 σωτηρίῳ
2932 4660 2945 4675 ·
2978 4644 3182 4721 ὓπερον
3215 4652 3272 4707 δέ
3308 4657 3460 4724 ἐστι,
3499 4662 3560 4715 τὸ
3599 4669 3751 4737 παρὰ

498 4682 753 4749 pellatur.
781 4687 948 4745 Multa
974 4695 1119 4752 enim
1151 4701 1330 4768 pulsat
1350 4705 1551 4779 ὕπερον
1579 4682 2073 4791 [pistillus],neque

494 4783 678 4830 tamen
709 4782 885 4849 aperit
915 4784 1092 4841 locum
1122 4806 1283 4861 quem
1312 4798 1510 4864 pulsat.
1538 4782 1609 4858 At
1636 4818 1765 4860 vero
1789 4782 2070 4880 discipulis

496 4864 676 4922 aiebat
710 4868 974 4931 Servator
1007 4894 1022 4932 :
1057 4878 1301 4952 Pulsatc,
1334 4898 1387 4941 et
1426 4894 1694 4959 aperietur
1719 4899 1862 4954 vobis
1886 4864 1956 4956 "i

562 5040 611 5075 "
634 5041 786 5103 Mens
818 5063 941 5121 quas
975 5054 1211 5114 alienum
1266 5067 1552 5124 consilium
1584 5081 1678 5129 aut
1709 5076 2053 5150 disciplinam

488 5132 747 5202 suscipit,
788 5139 958 5198 malas
1015 5149 1381 5218 cogitationes
1432 5157 1657 5217 fovebit.
1708 5132 2059 5233 Qui

485 5234 707 5281 cautum
734 5244 792 5284 se
823 5244 998 5304 geret,
1031 5238 1080 5295 is
1114 5242 1237 5297 vitae
1268 5262 1493 5319 compos
1520 5252 1632 5310 fiet.

557 5315 606 5349 "
632 5318 770 5375 Mala
824 5339 911 5382 res
933 5335 1183 5391 socordia
1220 5339 1489 5399 indoleus.
1521 5344 1658 5402 Nam
1691 5360 1878 5417 postea
1906 5355 2057 5411 dices

484 5409 875 5468 conscientiam
911 5426 1055 5474 tuam
1084 5425 1329 5493 pulsans,
1365 5432 1481 5487 Non
1522 5409 1786 5507 laboravi,
1837 5455 1945 5499 non
1972 5444 2053 5500 fui

478 5497 755 5560 sollicitus
776 5509 999 5577 praemia
1031 5516 1393 5590 adipiscendi,
1426 5534 1481 5581 et
1513 5530 1789 5588 cruciatus
1818 5534 2048 5593 vitandi.

555 5686 600 5719 "
629 5703 681 5742 ν.
711 5690 766 5747 6.
798 5694 843 5728 “
870 5713 920 5755 ν.
944 5699 999 5757 9.

482 5752 529 5788 "
558 5773 608 5813 v.
641 5759 731 5818 35.

2173 4720 2286 4782 τοῖς
2314 4722 2594 4794 μαγείροις
2615 4725 2905 4801 λεγόμενον
2932 4720 3153 4807 τριδεύς
3172 4759 3185 4773 ·
3223 4720 3525 4822 πολλὰγὰρ
3560 4720 3748 4826 κροῦει

3426 4807 3439 4818 .
3493 4807 3506 4822 .
3599 4807 3610 4826 .
3673 4807 3684 4809 -
3703 4807 3742 4810 νς

2169 4807 2328 4863 τοῦτο
2352 4812 2410 4865 τὸ
2438 4812 2659 4887 ὕπερον,
2690 4824 2783 4875 καὶ
2803 4825 2901 4877 οὐκ
2925 4827 3131 4898 ἀνοίγει
3156 4834 3248 4887 τὸν
3262 4838 3428 4895 τόπον
3454 4841 3513 4895 ὃν
3538 4846 3742 4916 κρούει·

2166 4900 2277 4963 τοῖς
2303 4900 2358 4954 δὲ
2381 4904 2647 4977 μαθηταῖς
2676 4912 2705 4963 6
2728 4913 2929 4987 Κύριός
2956 4935 3118 4990 φησι·
3154 4925 3427 4998 Κρούετε⁸
3451 4932 3547 4986 καὶ
3577 4900 3739 4991 'drot-

2168 4989 2416 5057 γήσεται
2448 4996 2608 5067 ὑμῖν.

2238 5084 2381 5151 Νοῦς
2406 5087 2695 5161 δεξάμενος
2723 5095 2999 5170 ἀλλότριον
3019 5102 3197 5175 νόημα
3221 5107 3253 5179 ἢ
3284 5110 3539 5184 μάθησιν,
3584 5118 3741 5188 μελε-

2164 5176 2318 5246 τήσει
2343 5178 2633 5251 λογισμοὺς
2663 5187 2883 5251 κακούς·
2908 5191 2937 5242 6
2959 5190 3015 5243 δὲ
3040 5176 3534 5268 τηρήσάςέαυτὸν,
3551 5176 3741 5279 κληρο-

2165 5271 2388 5339 νομήσει
2411 5273 2577 5344 ζωήν-

2235 5361 2459 5433 Δεινὺνή
2485 5364 2801 5437 άναλγησία·
2818 5366 2935 5426 εἷτα
2959 5376 3100 5447 ἐρεῖς
3126 5383 3459 5453 τυπτόμενος
3483 5388 3581 5461 τὴν
3607 5408 3736 5446 συν-

2160 5446 2400 5518 είδησιν,
2456 5452 2553 5505 οὐκ
2604 5457 2836 5513 ἐπόνεσα
2889 5446 3169 5537 φροντίσαι
3218 5446 3324 5527 τῶν
3403 5446 3501 5547 μέν
3537 5446 3734 5554 ’γερῶν

2160 5543 2361 5610 τυχεῖν,
2407 5545 2670 5615 ῥυσθῆναι
2699 5550 2757 5604 δὲ
2790 5552 2900 5607 τῶν
2946 5557 3194 5627 βασάνων
3216 5582 3228 5594 ’
3280 5543 3575 5635 ἐνέπαιξάν
3605 5543 3729 5645 μοι,

1074 5702 1119 5736 ⁸⁷
1144 5705 1307 5763 v.10.
1383 5708 1429 5742 ⁸⁸
1452 5712 1618 5771 v.16.
1696 5716 1741 5752 ⁸⁹
1773 5734 1821 5775 v.
1858 5720 1942 5781 l7.
2021 5724 2104 5782 "t

2200 5727 2264 5784 ll.
2339 5729 2383 5761 '”
2408 5746 2458 5787 v.
2488 5732 2580 5792 24.
2658 5736 2702 5768 ⁷¹
2733 5740 2896 5802 v.31.
2954 5743 3001 5777 "
3026 5745 3218 5805 Matth.
3246 5767 3342 5821 vu,
3368 5753 3421 5811 7.
3483 5755 3528 5789 ⁷⁸
3559 5772 3608 5812 v.
3632 5759 3720 5815 δι.
