4172 6390
315 274 423 330 225

1480 262 1844 322 EXPOSITIO
1883 262 1948 317 IN
1986 259 2400 318 PROVERBIA.

3457 258 3568 313 926

313 390 559 447 τουτέστι
587 389 1008 462 προσωνείδισάν
1043 404 1163 461 μοι·
1202 386 1313 458 ἐγὼ
1340 386 1397 441 δὲ
1421 385 1591 441 θέλων
1620 385 1721 439 οὐκ
1745 383 1894 457 ᾔδειν

2007 381 2289 438 llluserunt
2330 378 2485 447 mihi,
2530 378 2585 435 id
2636 385 2725 434 est
2773 376 2907 433 mihi
2944 374 3234 433 conViciatl
3274 383 3422 433 sunt.
3453 376 3567 444 Ego

316 482 446 539 πότε
475 481 671 555 ὄρθρος
698 482 894 554 ψυχῆς,
922 481 1017 537 καὶ
1040 480 1334 562 ἐπίγνωσις
1353 479 1646 551 ἁμαρτίας.

1426 708 1429 709 ν
1758 652 1891 707 CAP

399 752 459 808 Ὀ
481 748 629 817 οἶκος
656 753 763 806 τῶν
787 752 999 823 ἀρετῶν
1029 750 1169 823 μετὰ
1188 750 1337 812 θείας
1370 746 1562 817 σοφίας
1593 746 1890 817 οἰκοδομεῖ-

316 860 429 906 ται,
468 843 561 896 καὶ
610 841 747 913 μετὰ
791 840 1057 905 συνέσεως
1103 840 1269 911 φόϐου
1315 836 1449 893 Θεοῦ
1506 837 1602 890 καὶ
1638 835 1893 905 γνώσεως

320 934 658 1006 ἀνορθοῦται.

393 1027 452 1079 ‘0
506 1026 632 1097 περὶ
677 1024 777 1096 τὴν
816 1023 1016 1088 πίστιν,
1048 1024 1081 1095 ἡ
1105 1040 1225 1078 τινα
1248 1022 1357 1076 τῶν
1384 1021 1594 1093 ἀρετῶν
1620 1015 1891 1086 ναυαγῶν,

319 1114 688 1187 ἀκυϐέρνητος
717 1113 854 1186 πρὸς
891 1114 1124 1186 πόλεμον
1162 1112 1270 1166 τῶν
1313 1109 1703 1181 ἀντικειμένων
1734 1107 1894 1161 δυνά-

325 1230 491 1283 μεων,
537 1210 602 1277 τῇ
654 1224 715 1260 τε
767 1205 1014 1277 θεολογίᾳ
1046 1205 1138 1258 καὶ
1172 1207 1293 1267 ταῖς
1323 1204 1573 1276 ἀρεταῖς’
1609 1201 1638 1253 6
1665 1198 1721 1252 δὲ
1757 1195 1895 1269 μετά

321 1302 702 1375 κυϐερνήσεως
730 1296 1008 1369 πολεμῶν,
1043 1296 1219 1349 ἔοικεν
1253 1295 1349 1348 ἐπὶ
1387 1293 1493 1363 γῆς
1540 1290 1664 1345 νοῦν
1705 1290 1849 1361 ἔχειν
1875 1305 1889 1319 °

323 1395 644 1465 προηγεῖται
669 1389 725 1443 δὲ
751 1390 850 1460 τῆς
877 1388 973 1442 τοῦ
996 1386 1131 1441 Θεοῦ
1158 1384 1431 1457 βοηθείας,
1457 1381 1654 1454 καρδία
1677 1379 1896 1451 βουλευο

321 1486 470 1555 τικὴ,
509 1484 541 1554 ἠ
577 1482 753 1536 πάντα
780 1478 917 1551 μετά
950 1476 1143 1549 βουλῆς
1168 1474 1428 1528 ποιοῦσα·
1462 1470 1685 1525 δυνατὸν
1709 1469 1765 1523 δὲ
1799 1467 1894 1521 καὶ

323 1576 416 1629 ἐπὶ
433 1573 612 1645 πάσης
640 1570 838 1643 ἀρετῆς
868 1568 929 1623 τὸ
959 1566 1091 1622 αὐτὸ
1117 1564 1274 1620 τοῦτο
1305 1565 1499 1617 εἰπεῖν·
1527 1560 1642 1613 ἔστι
1669 1556 1778 1628 γὰρ
1800 1555 1896 1610 καὶ

325 1666 453 1737 περὶ
492 1661 844 1735 σωφροσύνην
892 1658 1171 1726 ναυάγιον,
1218 1656 1312 1709 καὶ
1357 1654 1486 1726 περὶ
1524 1651 1743 1721 ἀγάπην
1766 1688 1778 1712 ,
1806 1648 1898 1702 καὶ

326 1756 711 1830 φιλαργυρίαν,
737 1754 831 1808 καὶ
857 1753 986 1824 περ)⁵
1009 1751 1238 1804 ἕκαστον
1271 1749 1327 1803 δὲ
1362 1747 1539 1817 δόγμα
1566 1743 1766 1815 ὁμοίως
1797 1741 1898 1812 τῆς

327 1848 622 1918 καθολικῆς
635 1846 729 1900 καὶ
745 1843 1102 1912 ἀποστολικῆς
1127 1839 1450 1912 Ἐκκλησίας
1474 1835 1757 1909 συμϐαίνει
1772 1850 1900 1888 ναυ-

328 1943 515 2012 άγιονο
564 1941 612 1993 εί
650 1938 708 1992 δὲ
758 1936 894 2009 μετὰ
938 1934 1319 2004 κυϐερνήσεως
1363 1931 1619 2001 πολεμεῖν
1665 1928 1746 1982 δεῖ
1786 1929 1900 1991 τοῖς

328 2030 746 2102 ἀντικειμένοις,
785 2025 1063 2097 ναυμαχίᾳ
1107 2022 1487 2095 παραπλήσιος
1518 2022 1649 2091 ἡμῖν
1695 2020 1842 2073 ἐστιν
1871 2018 1902 2071 ὁ

332 2123 444 2196 βίος
468 2124 559 2176 ἐπὶ
585 2122 684 2192 τῆς
710 2121 830 2191 γῆς·
854 2119 947 2173 ὲάν
966 2117 1075 2189 γὰρ
1105 2115 1348 2185 θέλωμεν
1370 2115 1551 2185 ἡμεῖς,
1581 2110 1901 2182 ποντίζομεν

331 2214 529 2278 αὐτοὺς
562 2213 619 2266 ὲν
648 2211 922 2282 προσευχῇ
953 2206 1199 2279 καρδίας,
1245 2205 1339 2258 καὶ
1376 2201 1586 2273 διανοίᾳ
1609 2201 1744 2272 πρὸς
1768 2199 1901 2253 Θεὸν

332 2305 715 2377 τετραμμένῃο
752 2300 846 2355 ἐὰν
869 2300 925 2354 δὲ
955 2299 1029 2371 μὴ
1064 2297 1326 2368 θέλωμεν,
1370 2291 1765 2362 ποντιζόμεθα·
1805 2290 1902 2344 ὲάν

331 2398 390 2452 δὲ
433 2397 527 2450 καὶ
569 2389 951 2463 πολεμούμεθα
989 2389 1080 2442 ὑπ’
1113 2388 1358 2451 ἐκείνων,
1405 2387 1456 2439 εἰ
1498 2384 1593 2438 καὶ
1616 2382 1783 2447 πολὺς
1808 2384 1903 2437 καὶ

336 2482 561 2554 σφοδρὸς
583 2481 612 2532 6
642 2478 874 2548 πόλεμος
896 2475 1107 2542 αὐτῶν,
1141 2474 1298 2529 οὐθέν
1324 2476 1457 2527 ἐστι·
1494 2471 1718 2544 νηστείᾳ
1745 2472 1903 2543 μόνον

333 2574 429 2628 καὶ
444 2571 737 2644 ἐγκρατείᾳ
754 2588 819 2624 πε
826 2568 1176 2641 ριφράξωμεν
1194 2566 1440 2629 ἑαυτοὺς,
1458 2567 1551 2619 καὶ
1570 2566 1646 2630 ὡς
1661 2566 1903 2637 ἀράχνην

334 2666 530 2728 αὐτούς
554 2681 612 2717 τε
638 2665 731 2718 καὶ
759 2661 829 2717 τὰ
841 2662 981 2715 ὅπλα
1007 2659 1187 2714 αὐτῶν
1220 2657 1578 2733 συγκόψομενο
1611 2658 1706 2711 ὲάν
1728 2658 1783 2711 δὲ
1804 2674 1905 2711 κα-

333 2756 403 2811 τὰ
432 2757 531 2828 τὴν
554 2755 647 2809 τοῦ
679 2755 883 2828 Κυρίου
921 2753 1139 2824 φωνὴν,
1176 2754 1310 2807 ὅπου
1343 2752 1450 2805 εἰσὶ
1474 2749 1567 2804 δύο
1599 2749 1632 2821 ἢ
1659 2752 1836 2822 τρεῖς,
1869 2749 1903 2819 ὴ

334 2847 550 2920 καρδία,
583 2849 613 2901 6
649 2846 793 2912 νοῦς,
822 2846 916 2901 καὶ
939 2847 973 2917 ἡ
1012 2843 1179 2915 ψυχὴ,
1206 2844 1627 2914 συμφωνήσουσι
1657 2841 1714 2895 δὲ
1738 2843 1795 2896 ὲν
1821 2842 1906 2895 ὲν-

333 2940 512 3005 τολαῖς
530 2941 694 2996 αὑτοῦ
733 2938 1099 3013 περιέχεσθαι,
1124 2940 1153 2993 6
1175 2935 1380 3009 Κύριος
1411 2935 1530 3009 μεθ’
1549 2933 1726 3006 ἡμῶν.

401 3122 585 3177 Πάντα
621 3119 728 3191 γάρ
753 3119 854 3174 ὃσα
883 3116 1109 3189 πράττει
1148 3117 1176 3170 6
1209 3113 1341 3178 Θεὸς
1379 3111 1647 3176 νοοῦντες,
1684 3110 1780 3165 καὶ
1805 3110 1906 3164 ὅσα

334 3212 571 3268 διδάσκει
622 3213 974 3283 πράττοντες,
1026 3210 1146 3262 κατ’
1169 3207 1320 3260 οὐδὲν
1365 3203 1764 3276 παραὸαίνουσι
1814 3202 1905 3255 τὸν

335 3303 491 3373 λόγον
518 3303 701 3358 αὑτοῦ·
738 3301 903 3355 πύλαι
931 3300 987 3353 δὲ
1012 3298 1191 3370 σοφῶν
1224 3298 1279 3351 αἱ
1301 3295 1597 3368 πρακτικαί
1622 3294 1756 3347 εἰσιν
1780 3293 1904 3364 ἀρε-

336 3398 445 3461 ταὶ,
478 3396 573 3449 καὶ
616 3396 649 3467 ὴ
696 3392 789 3448 τοῦ
816 3393 908 3447 νοῦ
942 3390 1161 3462 θεωρία,
1200 3388 1267 3442 δι’
1294 3383 1369 3442 ὧν
1408 3388 1712 3459 εἰσέρχεται
1745 3384 1905 3454 σοφία

336 3487 493 3542 Θεοῦο
531 3488 630 3542 οὐκ
662 3484 967 3542 ἐκκλίνουσι
993 3483 1071 3547 δὲ,
1100 3480 1224 3535 οὔτε
1258 3479 1409 3548 δεξιά
1442 3477 1567 3535 οὔτε
1619 3476 1903 3550 ἀριστερὰ,

335 3582 418 3635 ὅτι
452 3578 755 3648 λογίζονται
796 3577 853 3629 ὲν
882 3572 1178 3645 συνεδρίοις
1218 3567 1357 3625 εἶναι
1390 3569 1555 3625 καλοῦ
1584 3571 1678 3623 καὶ
1703 3567 1902 3622 κακοῦ’

337 3672 432 3728 καὶ
474 3670 568 3725 τοῦ
598 3669 696 3741 μὲν
722 3665 911 3731 καλοῦ,
935 3663 1353 3728 ἀντιποιοῦνται,
1377 3662 1438 3716 τὸ
1455 3662 1512 3715 δὲ
1551 3660 1721 3716 κακὸν
1742 3676 1909 3732 προσ-

342 3762 682 3819 ακοντοῦσιν.

414 3943 541 4005 Τοῖς
573 3942 645 4012 μὴ
692 3939 935 3993 θέλουσιν
981 3936 1086 3993 ὑπὸ
1129 3937 1227 4011 τὴν
1263 3933 1355 3990 τοῦ
1398 3934 1534 3988 Θεοῦ
1580 3932 1771 4004 σοφίαν
1816 3934 1911 3988 καὶ

339 4032 541 4102 γνῶσιν
580 4030 946 4102 παιδευθῆναι,
976 4028 1062 4083 διὰ
1085 4028 1179 4083 τοῦ
1225 4026 1515 4090 ἐνεστῶτος
1537 4025 1765 4080 θανάτου
1791 4042 1912 4078 συν-

341 4125 478 4195 αντᾷ
507 4127 536 4177 6
568 4122 803 4186 αἰώνιοςο
838 4123 1025 4194 ἄφρων
1064 4121 1121 4175 δέ
1166 4121 1313 4174 ἐστιν
1332 4120 1360 4172 ὁ
1384 4117 1704 4189 γλυκανθεὶς
1731 4117 1828 4189 μὲν
1852 4117 1912 4170 ὲν

343 4216 508 4288 σοφίᾳ
531 4215 686 4280 Θεοῦ,
722 4210 839 4269 εἶτα
866 4212 1180 4268 καταλιπὼν
1223 4211 1421 4282 αὐτὴν,
1458 4213 1525 4282 τῇ
1551 4210 1609 4263 δὲ
1632 4207 1914 4281 ἀφροσύνῃ

1995 486 2125 527 vero
2149 478 2340 541 sponte
2370 468 2575 526 nescivi
2609 469 2958 541 quandonam
2992 468 3293 525 diluculum
3344 468 3567 536 animae,

1996 573 2053 617 et
2087 563 2289 630 peccati
2321 561 2580 633 cognitio.

1897 694 1913 709 .
1953 651 2146 708 XXIV.

2068 746 2113 777 ⁷⁸
2149 744 2439 815 Sapientia:
2466 744 2659 801 domus
2688 759 2813 801 cum
2846 743 3030 801 divina
3076 744 3345 814 sapientia
3390 746 3568 802 aedifi-

1997 846 2196 901 catur;
2248 848 2304 893 et
2337 852 2459 893 cum
2505 836 2789 894 intellectu
2837 836 3047 894 timoris
3087 837 3181 893 Dei
3231 846 3396 908 atque
3449 840 3569 911 eius

1997 928 2275 999 agnitione
2302 928 2547 999 erigitur.
3525 917 3531 924 ’

2066 1019 2113 1051 ⁷⁷
2140 1019 2243 1088 Qui
2298 1020 2423 1075 fidei
2469 1019 2554 1075 vel
2605 1018 2895 1089 cujuslibet
2952 1020 3169 1075 virtutis
3221 1020 3569 1093 naufragium

1996 1114 2224 1182 patitur,
2249 1113 2368 1169 sine
2392 1112 2532 1170 duce
2554 1123 2760 1183 pugnat
2789 1129 2913 1173 cum
2953 1114 3285 1169 adversariis
3318 1125 3564 1184 potesta-

1997 1207 2161 1270 tibus,
2203 1205 2256 1260 id
2288 1214 2373 1260 est
2406 1205 2521 1260 sine
2552 1205 2823 1277 theologia
2852 1215 2907 1261 et
2936 1205 3230 1261 virtutibus
3256 1223 3271 1261 :
3302 1208 3393 1276 qui
3433 1222 3565 1264 vero

1995 1295 2096 1352 sub
2160 1295 2427 1366 regimine
2490 1305 2711 1365 pugnat,
2787 1295 3003 1351 videtur
3057 1307 3293 1352 mentem
3344 1297 3397 1352 in
3462 1298 3566 1354 hoc

1996 1387 2196 1441 mundo
2232 1386 2449 1441 habere.
2483 1384 2650 1440 Praeit
2677 1395 2855 1442 autem
2887 1388 3073 1442 divino
3110 1387 3319 1443 auxilio
3348 1403 3446 1443 cor
3469 1390 3567 1445 de-

2000 1478 2260 1544 liberans,
2286 1478 2432 1549 quod
2485 1478 2620 1534 nihil
2655 1479 2773 1535 sine
2810 1479 3041 1535 consilio
3077 1481 3209 1552 agit.
3238 1481 3401 1551 quue
3426 1482 3567 1537 adeo

2001 1574 2071 1629 de
2112 1573 2357 1643 qualibet
2390 1572 2594 1629 virtute
2647 1572 2757 1628 dici
2805 1581 3003 1643 potest.
3059 1574 3153 1629 Est
3199 1574 3363 1629 etiam
3418 1574 3566 1630 circa

2003 1661 2418 1733 temperantiam
2456 1661 2820 1733 naufragium,
2859 1671 2915 1718 et
2945 1663 3095 1719 circa
3135 1663 3484 1728 charitatem,
3513 1674 3572 1719 et

1999 1764 2222 1825 propter
2259 1753 2507 1825 pecuniae
2536 1767 2799 1818 amorem,
2839 1762 2893 1810 et
2930 1754 3076 1809 circa
3106 1755 3318 1824 singula
3362 1755 3572 1824 pariter

1999 1848 2253 1918 dogmata
2297 1845 2580 1900 catholicae
2609 1854 2664 1900 et
2694 1846 3009 1915 apostolica:
3049 1844 3311 1901 Ecclesiae
3354 1848 3570 1901 contin-

1998 1941 2077 2011 git
2108 1937 2474 2012 naufragium.
2510 1937 2567 1994 Si
2599 1953 2729 2009 ergo
2758 1952 2867 1993 non
2887 1938 3004 1993 sine
3029 1938 3296 2007 regimine
3325 1952 3570 2008 pugnare

2000 2042 2219 2104 oportet
2255 2048 2380 2089 cum
2424 2032 2778 2096 adversariis,
2817 2031 2930 2086 vita
2964 2040 3149 2087 nostra
3191 2032 3243 2087 in
3290 2040 3436 2087 terra
3470 2046 3573 2101 pu-

2000 2141 2119 2196 gnae
2150 2124 2331 2180 navali
2358 2122 2557 2179 similis
2592 2131 2698 2179 est.
2730 2122 2866 2177 Nam
2889 2122 2935 2178 si
2968 2137 3066 2178 nos
3096 2122 3454 2188 voluerimus,
3478 2122 3573 2178 de-

2004 2230 2313 2287 mergemus
2361 2214 2715 2270 adversarios
2762 2214 3011 2269 oratione
3053 2213 3259 2279 cordis,
3298 2224 3354 2268 et
3391 2223 3572 2269 mente

2003 2304 2071 2360 ad
2098 2305 2262 2361 Deum
2298 2318 2587 2361 conversa.
2616 2303 2675 2359 Si
2711 2318 2839 2358 vero
2871 2304 3229 2371 uoluerimus,
3260 2319 3358 2359 nos
3388 2305 3575 2376 utique

2006 2402 2405 2468 demergemur.
2435 2396 2503 2452 Et
2529 2396 2574 2453 si
2596 2399 2664 2451 ab
2696 2396 2802 2450 illis
2831 2409 3223 2466 oppugnemur,
3271 2406 3570 2467 quantum-

2001 2488 2137 2544 libet
2177 2489 2433 2543 diuturna
2469 2487 2723 2557 aerisque
2765 2500 2945 2556 pugna
2992 2485 3087 2550 sit,
3122 2484 3261 2541 nihil
3319 2486 3571 2541 interest.

2003 2582 2215 2655 Jejunlo
2249 2591 2457 2637 tantum
2494 2588 2551 2636 et
2580 2586 2831 2635 oratione
2858 2586 3073 2633 nosmet
3113 2577 3571 2642 commnniamus,

2004 2684 2060 2731 et
2108 2684 2367 2743 tanquam
2412 2672 2603 2727 aranei
2654 2671 2817 2726 telam
2856 2670 3002 2740 ipsos
3055 2677 3110 2725 et
3164 2684 3355 2724 eorum
3420 2684 3575 2726 arma

2005 2767 2379 2824 concidemus.
2424 2764 2577 2833 Quod
2610 2764 2654 2819 si
2683 2763 2983 2819 secundum
3024 2761 3239 2817 Domini
3267 2761 3473 2816 dictum
3504 2759 3576 2826 ",

2006 2857 2205 2913 alicubi
2246 2857 2355 2912 sint
2378 2856 2485 2911 duo
2516 2854 2601 2909 vel
2641 2864 2778 2921 tres,
2836 2868 2933 2910 cor
2971 2853 3254 2917 nimirum,
3302 2866 3480 2919 mens,
3520 2860 3579 2909 et

1927 2971 1977 3036 ο
2006 2950 2213 3015 anima,
2238 2948 2289 3003 si
2320 2947 2482 3002 modo
2512 2945 2895 3003 consenserint
2922 2947 3067 3001 intra
3106 2943 3248 2999 illius
3278 2952 3580 3013 praecepto-

2011 3058 2130 3099 rum
2162 3043 2298 3098 fines
2326 3041 2650 3105 consistere,
2684 3039 2949 3095 Dominus
2986 3035 3272 3092 nobiscum
3311 3046 3415 3091 est.

2082 3133 2128 3165 "
2162 3131 2261 3199 Qui
2304 3139 2501 3186 cuncta
2533 3145 2656 3199 qua:
2690 3130 2832 3185 Deus
2864 3127 2998 3183 facit
3054 3128 3319 3196 cogitant,
3361 3135 3417 3181 et
3462 3140 3583 3195 quae

2011 3219 2171 3275 docet
2207 3217 2437 3282 faciunt,
2468 3216 2777 3271 nullatenus
2800 3215 3109 3272 doctrinam
3136 3214 3255 3284 ejus
3298 3222 3583 3285 transgre-

2012 3310 2255 3366 diuntur.
2295 3306 2472 3362 Porta:
2501 3319 2635 3361 vero
2661 3307 2988 3375 sapientium
3023 3315 3149 3360 sunt
3184 3306 3439 3374 practicae
3465 3306 3583 3360 vir—

2012 3411 2178 3467 tutes,
2202 3408 2257 3454 et
2284 3395 2482 3452 mentis
2504 3397 2918 3468 contemplatio,
2960 3412 3058 3467 per
3089 3411 3226 3467 quas
3277 3395 3580 3467 ingreditur

2012 3492 2277 3564 sapientia
2308 3492 2425 3550 Dei.
2461 3490 2618 3548 Haud
2649 3503 2813 3559 porro
2844 3488 3119 3543 declinant
3167 3488 3283 3543 sive
3328 3487 3584 3553 dextror-

2012 3600 2132 3640 sum
2163 3585 2278 3640 sive
2315 3584 2718 3644 siuistrorsum.
2748 3582 2878 3654 quia
2925 3595 2985 3637 se
3035 3586 3289 3651 reputant
3329 3578 3479 3633 velut
3527 3578 3581 3633 in

2015 3677 2380 3734 tribunalibus
2412 3676 2648 3741 versari,
2680 3675 2771 3731 ubi
2804 3674 2870 3730 de
2892 3683 3045 3729 recto
3067 3681 3122 3727 et
3156 3686 3328 3741 pravo
3364 3679 3586 3726 conten-

2014 3770 2186 3827 ditur.
2217 3770 2285 3825 Et
2312 3778 2517 3826 rectum
2561 3768 2779 3840 quidem
2833 3776 3073 3833 tuentur,
3122 3779 3352 3835 pravum
3400 3772 3587 3819 autem

2017 3862 2309 3931 repellunt.

2086 3952 2133 3984 ⁸ο
2170 3952 2239 4007 lis
2269 3950 2361 4022 qui
2411 3950 2605 4006 nolunt
2655 3948 2755 4006 sub
2790 3948 2887 4005 Dei
2928 3948 3198 4020 sapientia
3247 3946 3588 4017 scientiaque

2016 4043 2246 4110 erudiri,
2294 4057 2397 4113 per
2448 4043 2787 4112 ingruentem
2819 4052 3051 4097 mortem
3084 4040 3301 4096 obviam
3332 4038 3393 4093 fit
3430 4049 3591 4094 aeter-

2022 4150 2125 4191 nus
2162 4135 2321 4190 Deus.
2351 4134 2561 4189 Excors
2589 4141 2695 4198 est,
2741 4133 2857 4203 qui,
2892 4142 3108 4203 gustata
3145 4129 3415 4200 sapientia
3468 4129 3590 4193 Dei,

2021 4229 2215 4285 deinde
2244 4228 2349 4284 hac
2382 4227 2608 4293 omissa,
2639 4226 2888 4281 stultitiae
2913 4225 3156 4279 adhaeret
3189 4239 3206 4279 :
3243 4235 3417 4293 quare
3449 4230 3501 4275 et
3535 4221 3593 4275 iu

345 4306 560 4373 συνάξει
582 4322 596 4338 ο
630 4305 710 4359 διὸ
734 4305 829 4359 καὶ
857 4303 1220 4357 συναπέθανεν
1252 4304 1374 4365 ταῖς
1407 4299 1732 4373 ἁμαρτίαις·
1774 4301 1825 4353 εί
1857 4299 1905 4354 δὲ

2019 4320 2261 4391 peccatis
2293 4318 2546 4375 moritur.
2569 4317 2725 4385 Quod
2771 4316 2816 4372 si
2865 4318 3125 4371 virtutem
3153 4312 3394 4384 nequitia
3421 4311 3594 4367 demi-

343 4394 544 4470 ἀρετὴν
569 4398 603 4468 ἠ
619 4395 784 4449 κακία
809 4397 969 4465 μειοῖ,
987 4395 1080 4449 καὶ
1099 4394 1196 4466 τὴν
1217 4391 1412 4447 κακίαν
1429 4391 1666 4465 δηλονότι
1688 4393 1722 4463 ἡ
1747 4390 1914 4463 ἀρετὴ

342 4486 660 4559 διαφθείρει·
688 4484 845 4540 τοῦτο
872 4485 928 4539 δὲ
954 4486 1243 4557 γενήσεται
1285 4486 1342 4537 ἐν
1362 4482 1441 4555 τῷ
1469 4482 1713 4555 μέλλοντι
1735 4482 1913 4545 αίῶνι,

344 4579 449 4643 ἕως
479 4578 544 4633 ἂν
577 4578 771 4649 ἐκλίπῃ
797 4580 831 4649 ἡ
856 4578 1041 4632 κακίω
1067 4577 1127 4631 τὸ
1148 4576 1257 4647 γάρ
1283 4575 1766 4647 ὲμμολυνθήσεται,
1795 4574 1917 4628 άντὶ

342 4671 459 4735 τοῦ,
485 4671 931 4742 διαφθαρήσεταιο
949 4668 1317 4741 διαφθείρεται
1332 4667 1389 4722 δὲ
1404 4668 1437 4740 ἡ
1453 4668 1780 4740 ἀκαθαρσία,
1797 4667 1915 4739 ἦτοι

346 4766 454 4821 ὑπὸ
478 4763 808 4835 πρακτικῆς,
837 4761 871 4833 ἦ
895 4761 1000 4816 ὑπὸ
1031 4758 1283 4835 δριμείας
1310 4759 1606 4826 κολάσεως.

418 4869 696 4942 Χρηστέον
712 4867 885 4937 τούτῳ
905 4866 984 4939 τῷ
1009 4864 1157 4939 ρητῷ
1178 4864 1314 4938 πρὸς
1335 4866 1459 4929 τοὺς
1483 4865 1918 4933 καταξιωθέντας

346 4958 497 5021 θείας
535 4956 825 5027 γνώσεως,
869 4957 958 5011 ἵνα
1012 4956 1087 5028 μὴ
1129 4953 1372 5027 ἀμελῶσι
1410 4954 1510 5024 τῆς
1550 4952 1915 5022 διδασκαλίας,

345 5050 557 5105 πολλῶν
598 5047 960 5120 ἀπαγομένων
1003 5047 1109 5101 ὑπὸ
1150 5048 1251 5119 τῆς
1289 5048 1487 5111 κακίας
1531 5049 1610 5111 είς
1652 5048 1876 5102 θάνατον
1899 5064 1914 5077 ο

344 5143 473 5206 τοὺς
499 5141 556 5194 δὲ
582 5140 959 5211 κτεινομένους
986 5139 1046 5205 ἐξ
1068 5140 1305 5205 ἀκακίας
1332 5142 1411 5205 είς
1440 5139 1685 5205 θάνατον,
1708 5140 1781 5212 μὴ
1803 5141 1921 5210 φεί-

348 5251 418 5305 an
452 5232 711 5306 πρίασθαι
733 5231 811 5304 τῷ
853 5232 967 5303 ίδίῳ
998 5232 1218 5304 αἵματι·
1240 5231 1469 5304 ὲκπριοῦ
1497 5230 1709 5302 (16)δὲ,
1745 5232 1922 5296 διδοὺς

348 5324 607 5395 χρήματα
644 5322 678 5394 ἢ
725 5322 883 5391 λόγον
922 5321 1195 5392 ὠφέλιμον
1218 5360 1234 5386 ,
1266 5320 1360 5374 ὲάν
1395 5321 1453 5375 δὲ
1494 5321 1653 5395 εἴπῃς
1678 5322 1777 5376 οὐκ
1803 5316 1922 5375 οἶδα

348 5413 563 5477 τοῦτον,
602 5412 810 5482 ἐλέγξει
842 5430 902 5466 σε
925 5412 1270 5484 ψευδόμενον,
1298 5412 1391 5467 καὶ
1416 5412 1515 5486 ἔσῃ
1542 5412 1722 5483 ἔνοχος
1746 5412 1919 5476 δυσὶν,

350 5506 518 5578 ῆγουν
553 5505 739 5576 ψεύδει
760 5506 854 5560 καὶ
878 5504 1021 5575 φόνῳ
1044 5522 1058 5535 ο
1101 5507 1130 5558 ὁ
1158 5503 1267 5576 γὰρ
1298 5504 1510 5568 πλάσας
1542 5505 1728 5576 πνοὴν,
1758 5503 1921 5569 αὐτὸς

428 5621 476 5654 ⁷⁸
509 5638 563 5676 v.
591 5624 645 5677 5.
722 5624 767 5655 "'
800 5638 851 5677 ν.
885 5622 941 5679 6.
1019 5625 1065 5657 ⁷⁸
1088 5623 1279 5685 Matth.
1313 5640 1473 5689 ινηι,
1511 5624 1601 5681 20.

425 5712 540 5785 (16)
585 5714 885 5783 Ἐκπριοῦ.
918 5714 1081 5770 Forte
1112 5717 1338 5788 ἐκπρίω.
1378 5717 1535 5773 Eutr.
1589 5721 1813 5774 PATROL.

2020 4413 2161 4480 nuit,
2198 4412 2442 4485 profecto
2474 4410 2769 4481 nequitiam
2794 4423 3015 4480 quoque
3052 4409 3174 4463 vice
3212 4421 3369 4462 versa
3417 4406 3593 4461 virtus

2020 4505 2271 4575 dissipat.
2306 4502 2421 4561 Hoc
2461 4513 2644 4559 autem
2684 4502 2779 4558 fiet
2808 4502 2861 4556 in
2896 4501 3079 4557 futuro
3112 4497 3337 4564 seculo,
3358 4513 3470 4578 quo
3495 4513 3593 4553 ne-

2018 4597 2203 4662 quitia:
2247 4596 2375 4652 linis
2423 4596 2753 4667 imponetur.
2819 4598 2863 4629 ⁸¹
2910 4592 3156 4664 Namque
3215 4590 3592 4661 inquinabitur

2018 4687 2154 4743 dixit
2182 4702 2282 4759 pro
2322 4686 2703 4757 dissipabitur.
2745 4686 3050 4755 Dissipatur
3073 4698 3208 4740 vero
3246 4682 3589 4737 immunditia

2020 4780 2106 4837 vel
2132 4781 2372 4851 practica
2401 4781 2621 4845 virtute,
2654 4779 2739 4835 vel
2769 4779 2967 4834 acerba
3000 4776 3305 4846 punitione.

2090 4873 2136 4905 δ’
2162 4871 2436 4928 Utendum
2462 4880 2547 4926 est
2581 4871 2688 4926 hoc
2739 4871 2887 4925 dicto
2920 4868 3184 4923 adversus
3213 4881 3310 4922 eos
3345 4865 3437 4937 qui
3467 4874 3596 4921 sunt

2022 4962 2203 5034 adepti
2243 4963 2441 5017 divinae
2485 4962 2733 5018 scientiae
2764 4959 3111 5026 beneficium,
3158 4958 3454 5031 quominus
3479 4972 3598 5012 sus-

2024 5065 2242 5127 ceptam
2275 5055 2579 5111 doctrinam
2628 5054 2930 5125 negligant,
2954 5052 3215 5122 quoniam
3248 5050 3401 5106 multi
3426 5064 3457 5104 a
3486 5064 3600 5104 ma-

2025 5146 2141 5202 litia
2170 5148 2223 5203 in
2260 5156 2496 5203 mortem
2540 5145 2804 5219 pertracti
2849 5144 3092 5201 fuerunt.
3135 5144 3205 5198 At
3234 5142 3353 5198 illos
3379 5141 3473 5212 qui
3515 5140 3602 5195 iu-

2029 5247 2218 5293 sontes
2247 5238 2315 5294 ad
2344 5250 2533 5293 necem
2565 5236 2863 5303 ducuntur,
2891 5249 2959 5290 ne
2983 5248 3181 5289 renuas
3208 5232 3433 5304 proprio
3471 5244 3603 5285 san-

2025 5325 2191 5395 guine
2242 5325 2790 5381 redimere:redime
2837 5325 3030 5381 saltem
3071 5324 3195 5379 data
3229 5321 3480 5393 pecunia,
3510 5318 3598 5373 vel

2026 5413 2146 5471 utili
2195 5415 2489 5471 verborum
2534 5415 2864 5486 patrocinio.
2916 5413 3072 5483 Quod
3119 5413 3164 5469 si
3211 5410 3443 5476 dixeris,
3477 5409 3598 5466 Non

2027 5507 2152 5563 novi
2187 5507 2355 5574 hunc,
2390 5507 2642 5578 argueris
2678 5508 2948 5566 mendacii
2983 5523 3000 5574 ;
3045 5506 3264 5577 erisque
3303 5499 3599 5575 dupliciter

1685 5626 1731 5659 "
1765 5641 1819 5680 v.
1857 5626 1910 5682 7.
1986 5627 2105 5683 ιον.
2129 5626 2182 5682 8.
2260 5627 2305 5661 ⁸¹
2353 5642 2405 5685 v.
2445 5628 2499 5684 9.
2568 5629 2613 5663 "
2668 5644 2719 5683 v.
2760 5629 2846 5684 tl.
