4172 6414
583 253 692 309 2‘17

1474 253 2043 315 SUPPLEMENTUM
2081 257 2173 312 AD
2208 255 2540 316 ORIGENIS
2580 259 3000 321 EXEGETICA.

3748 277 3856 334 228

587 389 717 431 reus
748 381 802 428 et
825 373 892 428 de
922 371 1055 428 falso
1079 379 1134 426 et
1166 371 1233 427 de
1253 370 1581 429 homicidio.
1613 372 1744 428 Nam
1770 376 1869 446 qui
1899 376 2028 432 fecit
2050 377 2144 446 spit

2265 372 2375 432 οἵδε
2403 380 2580 434 πάντα
2616 382 2716 435 ὅσα
2757 383 3081 438 ἀποδίδωσιν
3124 385 3340 458 ἑκάστῳ
3378 387 3522 445 κατά
3555 383 3622 446 τὸ
3662 394 3816 448 ποιόν
3840 405 3855 420 ⁸

585 466 776 532 ritum,
809 465 856 519 is
894 464 1044 518 novit
1074 463 1284 534 singula
1318 479 1440 533 quae
1472 464 1704 534 singulis
1729 467 1900 530 dedit,
1935 483 2037 537 pro
2063 484 2165 524 cu-

581 558 780 626 jusque
825 556 1109 625 qualitate,
1142 556 1347 610 bonum
1397 555 1560 624 bono,
1623 559 1765 613 malo
1819 561 1983 616 mala.
2027 561 2163 616 Nam

584 651 730 717 quod
771 663 876 702 non
905 647 1204 701 secundum
1236 648 1602 717 quantitatem
1645 649 1908 720 cujusque
1941 653 2050 718 det,
2076 667 2166 723 pa-

583 751 664 797 tet
693 760 708 796 :
739 741 860 796 Non
895 742 1033 796 enim
1066 745 1186 796 sim!
1217 745 1497 814 condigna:
1525 748 1801 814 passiones
1827 749 1990 818 hujus
2026 758 2160 803 tem-

580 839 724 906 poris
753 837 822 890 ad
854 836 1090 906 futuram
1131 836 1359 906 giarium
1387 838 1454 893 ⁸⁸.
1485 837 1640 904 Quod
1691 841 1737 894 si
1785 843 1909 910 quis
1962 856 2161 897 secun-

580 931 710 982 dum
761 929 1125 997 quantitatem
1180 928 1485 994 intelligere
1529 931 1702 997 malit,
1755 948 1852 1001 pro
1907 935 2160 1003 portione

581 1022 778 1075 virium
807 1020 1075 1091 cujusque
1110 1021 1526 1078 retributionem
1561 1024 1675 1078 fieri
1709 1026 1990 1080 existimet
2023 1045 2036 1080 :
2081 1028 2162 1082 si--

579 1125 672 1168 cut
697 1115 863 1168 etiam
908 1112 1146 1183 Spiritus
1169 1114 1506 1170 charismata
1539 1131 1640 1186 pro
1682 1117 1806 1172 fidei
1837 1127 1957 1172 rata
2006 1129 2161 1189 parte

579 1207 801 1260 dantur.

650 1297 698 1329 “
721 1297 822 1351 Mel
865 1297 1122 1363 comedit,
1159 1299 1251 1368 qui
1293 1314 1323 1354 a
1347 1299 1547 1354 divinis
1570 1301 1872 1372 Scripturis
1911 1304 2153 1374 juvatur.

581 1394 686 1463 Qui
721 1405 902 1449 autem
949 1397 1016 1450 ab
1040 1394 1173 1463 ipsis
1212 1396 1462 1450 extundit
1490 1395 1651 1452 factis
1679 1399 1981 1464 doctrinas,
2010 1403 2157 1455 unde

579 1486 884 1542 hauserunt
923 1488 1098 1541 sancti
1144 1487 1422 1556 prophetae
1460 1497 1516 1543 et
1569 1491 1800 1560 apostoli
1845 1493 2035 1561 agendi
2103 1505 2158 1548 et

580 1579 808 1633 docendi
867 1580 1156 1645 rationem,
1222 1579 1312 1634 hic
1375 1578 1558 1632 favum
1609 1583 1866 1636 comedit.
1927 1583 1991 1636 Et
2050 1583 2154 1638 mel

577 1671 796 1738 quidem
836 1669 1123 1724 comedere
1165 1669 1365 1740 cuique
1395 1669 1601 1724 volenti
1643 1683 1907 1741 praestat;
1942 1674 2035 1729 sed
2065 1673 2152 1728 fa-

2265 469 2468 538 ἀγαθὸν
2492 472 2702 542 ἀγαθῷ,
2733 475 2826 527 καὶ
2851 474 3074 546 πονηρῷ
3097 478 3312 548 πονηρά
3333 496 3348 510 ·
3380 479 3462 534 ὅτι
3489 481 3598 552 γάρ
3625 483 3686 536 οὺ
3713 484 3856 539 κατά

2263 563 2326 616 τὸ
2366 565 2534 617 ποσὸν
2556 607 2570 630 ,
2604 566 2764 637 δῆλον
2790 584 2802 598 ·
2837 570 2921 621 Οὐ
2958 568 3067 638 γὰρ
3112 569 3253 634 ἀξια
3292 572 3366 626 τὰ
3405 574 3721 644 παθήματα
3748 578 3856 632 τοῦ

2264 653 2383 706 νῦν
2409 655 2617 723 καιροῦ
2644 657 2796 726 πρὸς
2824 657 2940 726 τὴν
2957 660 3319 729 μέλλουσαν
3346 663 3536 730 δόξαν
3555 683 3568 698 °
3599 671 3646 721 εί
3679 669 3734 722 δὲ
3760 671 3855 726 καὶ

2265 743 2358 798 ἐπὶ
2399 746 2567 799 ποσοῦ
2610 765 2695 811 τις
2737 749 2987 804 ἐκλαϐεῖν
3025 752 3198 806 ἐθέλοι
3221 795 3235 818 ,
3289 759 3411 809 κατ’
3436 758 3728 828 ἀναλογίαν
3756 762 3852 833 τῆς

2263 839 2494 892 ἑκάστου
2544 840 2827 911 δυνάμεως
2874 845 2971 916 τὴν
3018 847 3368 901 ἀνταπόδοσιν
3398 851 3592 905 οίέσθω
3612 870 3626 883 ·
3655 852 3731 917 ὠς
3758 855 3854 910 καὶ

2261 930 2329 983 τά
2380 930 2474 984 τοῦ
2522 932 2838 1004 Πνεύματος
2887 937 3201 1009 χαρίσματα
3251 943 3374 994 κατ’
3417 943 3709 1012 ἀναλογίαν
3749 945 3852 1019 τῆς

2262 1021 2508 1086 πίστεως
2535 1025 2756 1080 δίδοται.

2343 1291 2540 1345 Ἐσθίει
2569 1292 2691 1364 μέλι
2731 1296 2760 1349 ὁ
2788 1295 2895 1349 ἀπὸ
2927 1295 3036 1350 τῶν
3073 1297 3236 1352 θείων
3270 1300 3504 1372 Γραφῶν
3534 1303 3848 1378 ὠφελούμε-

2258 1401 2347 1448 νος
2370 1404 2382 1416 ·
2416 1389 2445 1439 ὀ
2471 1387 2528 1439 δὲ
2557 1387 2651 1440 ἀπ’
2678 1388 2859 1442 αὐτῶν
2903 1390 3182 1445 ἐκϐάλλων
3213 1391 3323 1446 τῶν
3353 1399 3694 1467 πραγμάτων
3719 1401 3846 1465 τοὺς

2257 1476 2470 1546 λόγους,
2504 1479 2597 1548 ἀφ’
2621 1473 2696 1532 ὧν
2726 1481 3011 1552 εἰλήφασιν
3038 1483 3182 1551 άγιοι
3208 1488 3488 1557 προφῆται
3513 1490 3607 1541 καὶ
3632 1491 3682 1542 οί
3712 1491 3848 1545 ἀπό-

2259 1568 2433 1622 στολοι
2457 1610 2470 1634 ,
2504 1570 2562 1623 ἐν
2599 1570 2676 1641 τῷ
2713 1575 2888 1624 ποιεῖν
2929 1589 2985 1626 τε
3030 1575 3125 1627 καὶ
3159 1574 3431 1628 διδάσκειν
3454 1617 3470 1641 ,
3513 1578 3716 1650 τρώγει
3743 1596 3846 1652 κηο

2259 1661 2372 1733 ρίον
2396 1681 2410 1694 ο
2452 1664 2546 1717 καὶ
2575 1665 2637 1718 τὸ
2683 1667 2779 1737 μὲν
2815 1666 2937 1738 μέλι
2968 1672 3161 1737 φαγεῖν
3181 1710 3194 1734 ,
3229 1669 3322 1722 τοῦ
3351 1670 3673 1742 βουλομένου
3703 1691 3844 1729 παν-

576 1777 724 1825 vum,
759 1761 974 1816 nonnisi
1003 1762 1239 1816 mundus
1262 1762 1428 1817 homo
1459 1773 1656 1831 potest.
1695 1764 1788 1818 Vel
1821 1765 1923 1818 mel
1963 1766 2144 1820 dicen-

2253 1755 2344 1818 τός
2368 1772 2380 1784 °
2417 1757 2477 1810 τὸ
2511 1757 2567 1810 δὲ
2597 1733 2827 1830 κηρίον,
2880 1733 3042 1830 μόνου
3058 1733 3166 1814 ’τοῦ
3196 1733 3438 1834 καθαροῦ
3460 1780 3473 1793 ·
3512 1733 3552 1835 ’ἢ
3589 1767 3684 1818 καὶ
3721 1764 3843 1836 μέλι

576 1853 703 1906 dum
737 1861 820 1907 est
847 1852 1163 1921 allegoriam
1191 1868 1350 1919 esse;
1388 1855 1568 1909 favum
1606 1866 1809 1922 autem,
1841 1871 1964 1912 eam
1990 1873 2151 1926 quam

575 1943 806 1997 dicimus
838 1944 1265 2012 speculationem
1308 1951 1363 1998 et
1407 1945 1838 2016 indagationem,
1878 1961 2000 2016 quae
2052 1948 2151 2002 ha-

575 2034 703 2089 bent
731 2036 1123 2090 abstrusiorem
1152 2051 1369 2090 sensum
1410 2046 1465 2092 et
1511 2037 1926 2106 profundiorem
1953 2056 1971 2093 :
2009 2039 2154 2094 inest

574 2128 718 2180 enim
754 2127 878 2182 favo
909 2127 1034 2182 mel.
1073 2126 1273 2182 Guttur
1328 2130 1462 2184 dicit
1495 2129 1920 2196 {alimentariam
1953 2133 2152 2188 anima:

574 2217 912 2283 facultatem,
945 2218 996 2271 vi
1029 2217 1187 2285 cujus
1223 2218 1330 2272 cibi
1363 2219 1415 2272 in
1445 2227 1692 2272 ventrem
1733 2221 2048 2275 mittuntur.
2090 2222 2149 2278 Si

573 2325 705 2378 ergo
752 2310 864 2364 hare
913 2319 1060 2365 recte
1105 2310 1474 2375 constitueris,
1530 2320 1585 2363 et
1633 2326 1753 2381 quae
1795 2314 1862 2366 ad
1907 2325 2147 2370 mentem

572 2403 851 2470 pertinent
885 2412 937 2455 et
971 2415 1090 2470 quae
1141 2402 1207 2454 ad
1264 2401 1691 2469 indagationem,
1745 2413 1906 2457 erunt
1943 2403 2035 2458 tibi
2082 2419 2145 2460 ex

571 2493 853 2561 sapientiae
904 2508 1068 2548 sensu
1119 2493 1386 2560 sapientia
1437 2496 1551 2563 ipsa
1601 2496 1875 2563 dogmata.
1931 2494 2065 2550 Nam
2102 2498 2146 2551 si

571 2587 852 2641 Inveneris
881 2586 1180 2656 spiritalem
1229 2587 1529 2657 Scriptum
1573 2603 1818 2652 sensum,
1862 2587 2004 2642 bona
2049 2588 2148 2642 tibi

567 2682 847 2748 continget
875 2696 1042 2745 mors,
1076 2689 1137 2733 ut
1159 2678 1347 2734 dicas:
1379 2677 1622 2732 Pretiosa
1653 2680 1706 2733 in
1734 2690 2014 2748 conspectu
2041 2678 2151 2733 Do-

567 2772 696 2825 mini
751 2789 892 2826 mors
935 2782 1239 2827 sanctorum
1287 2776 1401 2844 ejus
1442 2773 1512 2828 ⁸⁵.
1547 2771 1661 2828 Nec
1691 2788 1822 2828 vero
1854 2773 1920 2828 de
1947 2771 2147 2828 futuris

566 2877 715 2932 spem
759 2862 1003 2934 abjicies.

637 2955 684 2986 ⁸⁸
712 2953 789 3009 Ne
831 2955 1095 3024 prmferas
1127 2956 1404 3011 diabolum
1459 2959 1688 3028 justitia:
1734 2957 1852 3025 Dei,
1884 2972 1991 3027 qua
2021 2971 2146 3012 san-

2255 1846 2445 1916 ῥητέον
2482 1847 2579 1918 τὴν
2611 1849 2942 1920 ἀλληγορίαν
2965 1870 2977 1882 ·
3025 1853 3214 1923 κηρίον
3251 1854 3338 1917 δὲ,
3377 1856 3476 1924 τὴν
3518 1857 3689 1927 ῥητὴν
3719 1858 3840 1911 ἐπί-

2255 1935 2444 2005 σκεψιν
2471 1937 2566 1989 καὶ
2599 1939 2839 2008 ἱστορίαν
2864 1980 2878 2004 ,
2911 1942 3046 2012 πρὸς
3086 1943 3147 1994 τὸ
3182 1943 3326 2012 ἔχειν
3364 1945 3455 1996 τὸν
3483 1945 3838 2017 ἀποκεκρυμ-

2256 2029 2413 2098 μένον
2454 2029 2578 2081 νοῦν
2625 2031 2720 2083 καὶ
2766 2031 3101 2105 βαθύτερον,
3154 2036 3328 2088 ἔνεστι
3376 2036 3485 2108 γάρ
3533 2037 3612 2108 τῷ
3658 2041 3837 2112 κηρίῳ

2254 2119 2376 2189 μέλι
2397 2136 2412 2151 ο
2445 2122 2702 2194 φάρυγγα
2727 2123 2783 2177 δέ
2808 2125 2908 2196 τήν
2925 2125 3224 2199 θρεπτικὴν
3255 2129 3353 2198 τῆς
3382 2129 3561 2198 ψυχῆς
3583 2129 3836 2202 δύναμιν,

2250 2214 2315 2266 δι’
2338 2210 2405 2286 ἦς
2433 2216 2489 2266 αἱ
2511 2217 2708 2286 τροφαὶ
2740 2219 3204 2290 παραπέμπονται
3227 2222 3306 2284 είς
3332 2219 3430 2291 τὴν
3458 2222 3668 2277 κοιλίαν
3691 2242 3705 2254 ·
3741 2225 3836 2278 ἐὰν

2249 2302 2341 2358 οὖν
2366 2305 2536 2359 ταῦτα
2572 2309 2923 2381 κατορθώσῃς
2946 2351 2960 2374 ,
2999 2311 3068 2363 τά
3096 2327 3153 2362 τε
3184 2310 3325 2363 κατὰ
3345 2311 3604 2376 διάνοιαν,
3638 2314 3732 2366 καὶ
3765 2315 3834 2370 τά

2247 2397 2368 2450 καθ’
2399 2398 2636 2469 ἱστορίαν
2656 2439 2669 2462 ,
2711 2400 2924 2453 ἔσονταί
2955 2417 3037 2453 σοι
3066 2401 3312 2472 αἰσθήσει
3336 2402 3436 2471 τῆς
3477 2403 3668 2472 σοφίας
3695 2406 3835 2462 αὐτὰ

2247 2488 2316 2541 τὰ
2358 2489 2498 2559 σοφά
2527 2490 2807 2560 δόγματα·
2853 2490 2948 2543 ἐάν
2985 2491 3093 2563 γάρ
3125 2491 3294 2563 εὕρῃς
3337 2493 3428 2546 τὸν
3466 2495 3833 2565 πνευματικὸν

2247 2581 2347 2651 τῆς
2369 2582 2590 2654 Γραφῆς
2610 2583 2753 2647 νοῦν,
2773 2583 2927 2636 ἔσται
2948 2583 3084 2653 καλὴ
3108 2587 3140 2656 ή
3163 2585 3386 2656 τελευτή
3413 2603 3528 2648 σου,
3547 2586 3623 2649 ὡς
3642 2587 3833 2659 λεχθῆ-

2248 2692 2334 2728 ναι
2355 2691 2367 2704 ο
2403 2676 2597 2744 Τίμιος
2616 2673 2896 2728 ἐναντίον
2913 2677 3138 2744 Κιιρίου
3160 2680 3192 2730 d
3213 2676 3470 2744 θάνατος
3503 2677 3621 2731 τῶν
3648 2681 3832 2732 ὁσίων

2241 2768 2432 2823 αὐτοῦ
2456 2785 2472 2801 ·
2500 2769 2599 2821 οὐκ
2625 2767 2918 2832 ἀποϐαλεῖς
2945 2770 3003 2822 δὲ
3034 2770 3133 2838 τὴν
3164 2772 3242 2834 είς
3271 2771 3332 2823 τὸ
3364 2770 3555 2841 μέλλον
3584 2771 3793 2825 ἐλπίδα.

2316 2949 2408 3023 Μὴ
2428 2949 2770 3020 προτιμήσῃς
2785 2949 2878 3003 τὸν
2898 2948 3143 3003 διάϐολον
3163 2950 3264 3019 τῆς
3284 2949 3379 3003 τοῦ
3399 2949 3532 3004 Θεοῦ
3555 2952 3829 3008 δικαιοσύ-

566 3048 637 3102 cti
667 3056 986 3118 pascuntur.
1021 3049 1206 3118 Neque
1237 3049 1563 3113 Iudificeris,
1598 3061 1655 3104 ut
1683 3051 1873 3105 stultis
1901 3049 2144 3104 mortife-

2247 3060 2378 3114 νης,
2412 3043 2478 3113 ήν
2507 3044 2555 3095 oi
2594 3042 2793 3097 δίκαιοι
2830 3041 3185 3113 νομεύονταιο
3234 3045 3368 3116 μηδὲ
3400 3046 3684 3117 ἀπατηθῇς
3716 3067 3831 3119 μω-

565 3142 748 3211 risque
775 3143 1034 3197 doctrinis
1074 3157 1169 3196 cor
1205 3153 1376 3210 tuum,
1415 3145 1558 3212 quod
1595 3144 1808 3199 ventris
1841 3145 2010 3197 instar
2034 3152 2142 3209 est,

564 3245 800 3289 satures.
836 3263 908 3274 —
933 3233 1012 3289 Ne
1048 3235 1347 3302 voluptatis
1377 3250 1539 3290 causa
1574 3238 1739 3291 Deum
1791 3235 2139 3305 prodideris:

562 3325 652 3381 hic
681 3327 823 3381 enim
851 3326 1029 3396 justos
1064 3327 1255 3398 pascit,
1292 3343 1468 3397 neque
1509 3341 1562 3384 te
1602 3329 1964 3400 derelinquet.

634 3418 678 3450 ⁸⁷
708 3420 920 3474 Avertit
966 3421 1110 3476 Deus
1153 3423 1290 3475 iram
1335 3436 1489 3474 suam
1521 3422 1588 3476 ab
1616 3437 1680 3476 eo
1711 3421 1802 3490 qui
1842 3421 2007 3487 cadit,
2041 3420 2141 3474 mi-

562 3521 741 3566 sertus
771 3510 933 3581 ejus:
987 3512 1244 3567 irascitur
1290 3521 1471 3565 autem
1521 3512 1569 3565 ei
1611 3511 1701 3581 qui
1743 3512 2023 3567 extollitur
2071 3514 2142 3568 oh

563 3602 776 3672 lapsum
826 3605 1030 3660 inimici
1079 3608 1184 3660 sui.
1252 3606 1510 3675 Quisquis
1552 3607 1698 3660 enim
1757 3608 1824 3662 de
1879 3619 2140 3678 pereunte

562 3685 738 3749 anima
789 3695 1008 3767 gaudet,
1057 3698 1254 3754 similis
1313 3699 1529 3754 diabolo
1567 3699 1816 3768 est,-qui
1861 3713 1966 3753 non
2023 3699 2139 3753 vult

561 3804 748 3844 Omnes
779 3792 1023 3845 homines
1068 3791 1250 3846 salvos
1304 3792 1446 3854 fieri,
1481 3805 1659 3860 neque
1691 3791 1758 3844 ad
1801 3792 2135 3861 agnitionem

561 3883 807 3936 veritatis
855 3885 1063 3936 venire.
1098 3881 1232 3936 Nam
1266 3893 1318 3937 et
1355 3882 1617 3936 Dominus
1646 3882 1700 3935 in
1749 3881 2059 3952 Evangeliis
2087 3884 2134 3917 ⁸⁸

560 3971 854 4037 mandavit,
905 3979 962 4025 ut
992 3987 1212 4028 oremus
1251 3986 1351 4042 pro
1399 3970 1638 4027 inimicis
1686 3972 1910 4039 nostris,
1949 3983 2134 4042 utpote

558 4063 886 4120 hominibus.

625 4241 850 4298 Gladius
908 4242 1158 4313 spiritus,
1213 4241 1360 4312 quod
1415 4252 1504 4296 est
1558 4243 1784 4299 verbum
1832 4245 1966 4311 Dei,
2024 4259 2132 4299 non

554 4336 817 4402 carnalis,
859 4337 909 4391 id
947 4348 1032 4392 est
1067 4352 1174 4392 non
1209 4335 1530 4391 materialis.
1579 4337 1681 4404 Qui
1731 4337 1908 4392 victus
1940 4339 1986 4394 ei
2019 4347 2130 4393 tra-

2251 3135 2518 3208 ρολογίαις
2561 3135 2957 3207 θανατηφόροις
3004 3137 3266 3207 χορτάσαι
3313 3153 3407 3190 σου
3456 3138 3555 3210 τὴν
3601 3140 3829 3212 καρδίαν

2245 3245 2337 3280 σου
2364 3269 2378 3294 ,
2407 3229 2436 3280 ὅ
2469 3230 2584 3282 ἐστι
2611 3229 2808 3282 κοιλία.
2831 3259 2896 3269 —-
2915 3228 3008 3300 Μὴ
3053 3229 3238 3282 ἕνεκεν
3265 3230 3459 3300 ἡδονῆς
3491 3232 3702 3302 προδῷς
3737 3233 3830 3286 τὸν

2242 3321 2374 3374 Θεόν
2397 3338 2410 3351 ·
2449 3315 2604 3386 οὗτος
2635 3321 2746 3392 γὰρ
2785 3321 2924 3393 νομὴ
2963 3321 3203 3389 δικαίου,
3244 3323 3336 3374 καὶ
3375 3323 3435 3376 οὐ
3477 3323 3552 3394 μὴ
3595 3327 3829 3393 ἐγκατα-

2241 3412 2404 3485 λείψῃ
2439 3430 2518 3466 σε.

2325 3506 2684 3578 Ἀποστρέφει
2720 3508 2818 3578 μὲν
2850 3509 2878 3560 ὁ
2905 3507 3037 3572 Θεὸς
3063 3507 3153 3561 τὸν
3180 3507 3350 3579 θυμὸν
3375 3506 3540 3560 αὑτοῦ
3582 3507 3690 3560 ἀπὺ
3731 3506 3826 3560 τοῦ

2245 3598 2521 3662 πεσόντος,
2553 3599 2784 3670 ἐλεήσας
2812 3599 2971 3652 αὐτόν
2991 3616 3004 3628 °
3032 3599 3313 3671 ὀργίζεται
3337 3599 3394 3651 δὲ
3425 3597 3504 3668 τῷ
3535 3599 3828 3669 ἐπαρθέντι

2241 3690 2332 3742 ἐπὶ
2356 3688 2432 3759 τῷ
2455 3687 2707 3759 πτώματι
2732 3690 2826 3743 τοῦ
2845 3689 3038 3761 ἐχθροῦ
3062 3688 3224 3742 αὑτοῦ
3241 3705 3254 3718 ·
3291 3689 3398 3751 πᾶς
3428 3688 3531 3759 γάρ
3560 3688 3589 3740 ὀ
3621 3687 3829 3756 ἐπιχαί-

2242 3799 2352 3853 ρων
2378 3784 2469 3835 ἐπὶ
2500 3781 2845 3854 ἀπολλυμένῃ
2889 3783 3032 3853 ψυχῇ
3055 3822 3069 3846 ,
3096 3782 3282 3853 ὅμοιός
3322 3783 3441 3834 ἐστι
3475 3781 3553 3852 τῷ
3593 3780 3826 3852 διαϐόλῳ

2237 3877 2315 3948 τῷ
2361 3877 2434 3948 μὴ
2467 3876 2671 3930 θέλοντι
2707 3877 2915 3940 πάντας
2955 3873 3277 3947 ἀνθρώπους
3318 3874 3558 3944 σωθῆναι
3596 3873 3691 3927 καὶ
3742 3875 3826 3938 είς

2236 3969 2530 4036 ἐπίγνωσιν
2557 3968 2816 4039 ἀληθείας
2856 3967 3030 4021 ἐλθεῖν
3049 3985 3062 3998 ’
3098 3967 3192 4020 καὶ
3217 3966 3373 4037 γάριό
3395 3966 3606 4038 ’Κύριος
3629 3967 3687 4018 ἐν
3708 3967 3824 4030 τοῖς

2237 4061 2589 4131 Εὐαγγελίοις
2605 4062 3028 4132 νενομοθέτηκεν
3049 4059 3305 4130 εὔχεσθαι
3322 4059 3462 4131 ὑπὲρ
3483 4059 3588 4112 τῶν
3611 4059 3825 4131 ἐχθρῶν

2235 4155 2411 4227 ήμῶν,
2431 4156 2597 4226 ήγουν
2615 4153 2725 4207 τῶν
2753 4154 2849 4207 ἀνθ
2859 4153 3076 4225 ρώπων.

2313 4245 2376 4298 ’11
2418 4246 2661 4316 μάχαιρα
2686 4244 2794 4316 (17)
2833 4243 2889 4298 δέ
2916 4243 3010 4298 τοῦ
3048 4244 3393 4314 πνεύματος,
3432 4243 3467 4312 ἥ
3510 4244 3628 4294 ἐστι
3671 4241 3822 4312 ῥῆμα

2232 4337 2366 4391 Θεοῦ
2388 4379 2402 4401 ,
2436 4339 2497 4391 οὐ
2536 4339 2763 4411 σαρκίνη
2787 4378 2800 4401 ,
2847 4338 2967 4392 ἀντὶ
2999 4336 3092 4391 τοῦ
3139 4339 3240 4391 οὐκ
3275 4335 3507 4408 αἰσθητή
3530 4353 3543 4365 ·
3589 4335 3646 4398 ὃς
3670 4334 3714 4387 δ’
3752 4333 3822 4387 ἀν

555 4431 734 4496 detur,
767 4439 1126 4485 conterentur
1185 4431 1302 4501 ejus
1352 4445 1478 4487 ossa
1526 4431 1735 4500 pistillo
1784 4441 2040 4497 contusa,
2077 4440 2132 4486 et

2246 4432 2514 4504 παραδοθῇ
2562 4431 2794 4495 πταίσας
2843 4429 3022 4502 αὐτῷ,
3069 4430 3483 4501 συντριϐήσεται
3530 4426 3668 4479 ὀστᾶ
3716 4426 3820 4478 ὑπὸ

554 4521 678 4592 igne
704 4523 984 4575 combusta
1035 4531 1384 4578 evanescent.
1416 4522 1535 4586 Vel,
1575 4523 1670 4593 qui
1705 4523 1956 4577 tradetur
1981 4523 2030 4578 ei
2059 4523 2128 4579 ad

554 4614 952 4682 paenitentiam,
1010 4623 1323 4668 conteretur
1389 4615 1558 4669 verbo
1633 4614 1917 4685 sapientia:
1985 4615 2130 4672 illius

552 4704 706 4774 quasi
739 4704 996 4767 triticum,
1036 4714 1094 4758 ut
1131 4703 1306 4760 dulcis
1347 4720 1414 4760 ex
1455 4720 1521 4760 eo
1562 4706 1719 4776 panis
1755 4705 1872 4759 flat.
1897 4735 1968 4746 —
1995 4705 2133 4760 Cor-

555 4805 742 4866 ruptos
767 4805 824 4850 et
847 4806 1252 4853 veterascentes
1283 4799 1337 4854 in
1375 4797 1665 4854 desideriis
1710 4799 1917 4852 erroris
1949 4797 2130 4853 hOmi-

555 4903 687 4954 nes,
718 4889 988 4944 consumit
1031 4890 1123 4944 Dei
1170 4890 1383 4960 gladius
1428 4891 1597 4946 exitio
1625 4891 1982 4946 internecivo.
2011 4889 2126 4957 Vel,

553 4980 834 5035 venientes
872 4995 939 5034 ex
990 4981 1276 5051 iniquitate
1317 4982 1384 5036 ad
1423 4981 1516 5036 Dei
1567 4981 1899 5053 agnitionem
1953 4981 2128 5035 homi-

554 5086 674 5139 nes,
700 5087 866 5143 usque
893 5074 958 5128 ad
984 5087 1180 5128 nervos
1211 5073 1582 5130 consumendo
1608 5082 1801 5145 purgat
1825 5074 2008 5144 pravis
2039 5089 2130 5128 ac-

556 5163 742 5232 tibus;
782 5178 839 5219 ut
869 5166 1205 5236 deponentes
1258 5176 1498 5219 veterem
1547 5164 1846 5228 hominem,
1902 5165 2132 5218 induant

556 5274 756 5314 novum
785 5270 1026 5315 creatum
1055 5260 1354 5313 secundum
1400 5257 1567 5314 Deum
1595 5277 1610 5314 :
1647 5258 1739 5329 qui
1767 5257 1988 5330 quidem
2022 5273 2127 5312 non

2236 4524 2440 4595 ὑπέρου
2490 4523 2804 4594 τυπτόμενα
2831 4542 2843 4554 ’
2899 4525 2993 4577 καὶ
3050 4521 3480 4593 ἀφανισθήσεται
3533 4522 3666 4573 ὀστᾶ
3715 4520 3821 4574 ὑπὸ

2238 4617 2408 4688 πυρὸς
2455 4617 2829 4688 καυσούμενα·
2877 4616 2910 4688 ῆ
2955 4617 3016 4681 ὃς
3049 4616 3092 4669 δ’
3120 4616 3186 4669 ἂν
3226 4614 3504 4687 παραδοθῇ
3547 4613 3696 4684 αὐτῷ
3739 4616 3821 4678 είς

2240 4711 2545 4780 μετάνοιαν,
2571 4710 2985 4783 συντριϐήσεται
3017 4707 3097 4780 τῷ
3123 4707 3266 4778 λόγῳ
3301 4708 3399 4778 τῆς
3432 4707 3622 4776 σοφίας
3650 4703 3817 4758 αὑτοῦ

2235 4802 2312 4866 ὡς
2341 4805 2512 4867 σῖτος,
2541 4805 2619 4867 είς
2653 4803 2714 4856 τὸ
2750 4802 3003 4871 γενέσθαι
3038 4800 3198 4854 αὑτὸν
3233 4800 3362 4870 ήδὺν
3395 4797 3820 4868 aptam—Tabe

2237 4894 2624 4966 φθειρομένους
2648 4895 2742 4949 καλ¹
2766 4892 3175 4956 παλαιωθέντας
3204 4889 3522 4964 ἀνθρώπους
3550 4887 3692 4942 κατά
3717 4886 3821 4951 τάς

2231 4987 2527 5059 ἐπιθυμίας
2575 4989 2675 5059 τῆς
2729 4989 2973 5058 ἀπάτης,
3025 4983 3304 5038 ἀναλίσκει
3343 4985 3379 5055 ή
3431 4982 3675 5053 μάχαιρα
3721 4976 3818 5030 τοῦ

2229 5081 2365 5134 Θεοῦ
2407 5083 2487 5146 είς
2520 5080 2827 5152 ἀφανισμὸν
2855 5078 3114 5148 παντελῆ.
3155 5077 3226 5130 Ἦ
3261 5075 3386 5139 τοὺς
3414 5077 3479 5127 ἐκ
3511 5071 3709 5134 κακίας
3739 5071 3819 5134 είς

2231 5173 2557 5242 θεογνωσίαν
2591 5173 2845 5236 ἐλθόντας
2870 5170 3218 5244 ἀνθρώπους,
3259 5169 3354 5222 σὺν
3382 5165 3596 5236 νεύροις
3633 5161 3816 5216 ἀναλί-

2232 5281 2352 5318 σκει
2379 5267 2443 5318 ἐκ
2470 5263 2578 5316 τῶν
2614 5262 2866 5334 πράξεων
2899 5262 3008 5317 τῶν
3039 5259 3294 5334 πονηρῶν
3319 5277 3332 5290 ·
3365 5258 3455 5310 ἵνα
3489 5254 3817 5325 ἀποθέμενοι

624 5397 674 5431 ³³
699 5398 860 5454 Rom.
887 5416 1007 5469 vm,
1037 5399 1124 5458 18.
1203 5398 1250 5431 ⁸⁸
1291 5415 1340 5456 v.
1375 5399 1464 5455 15.
1540 5399 1585 5431 ⁸⁸
1612 5397 1755 5454 Psal.
1799 5411 1929 5464 cxv,
1982 5399 2068 5454 15.
2141 5401 2144 5426 ³

2246 5416 2288 5456 ν.
2324 5400 2410 5456 15.
2487 5400 2530 5430 ⁸⁷
2559 5416 2610 5454 v.
2649 5400 2737 5456 18.
2813 5399 2859 5432 ⁸⁸
2899 5398 3088 5454 Matth.
3112 5414 3163 5464 v,
3192 5398 3281 5453 Η.

624 5539 740 5609 (17)
787 5537 1101 5608 Sequuntur
1130 5537 1462 5608 perturbati,
1499 5545 1560 5609 ut
1588 5537 1642 5591 in
1675 5536 2008 5592 editionibus
2027 5535 2120 5590 Bi-

553 5605 810 5672 summm,
840 5605 1181 5669 versiculi,et
1212 5609 1472 5672 capitula.
1504 5605 1616 5661 Hac
1651 5617 1828 5662 autem
1868 5623 2032 5676 super
2068 5623 2125 5662 re

559 5681 858 5737 consulesis
908 5681 1207 5735 celebriora
1253 5677 1448 5744 Biblia,
1509 5678 1751 5733 Romana
1807 5679 1862 5734 in
1911 5678 2126 5748 primis,

2230 5551 2343 5595 tum
2391 5541 2555 5593 etiam
2609 5539 2962 5607 Breitingeri,
3001 5539 3201 5600 Bossii,
3249 5537 3451 5610 Jageri,
3495 5545 3628 5599 etc.,
3679 5553 3804 5592 cum

2234 5611 2502 5682 editorum
2531 5611 3028 5666 observationibus.
3055 5611 3240 5681 Neque
3271 5613 3414 5665 enim
3450 5611 3537 5666 hic
3560 5619 3806 5682 spartam

2243 5682 2383 5736 hanc
2413 5681 2614 5736 adorna
2625 5696 2681 5736 re
2714 5691 2890 5737 vacat.
