4172 6424
565 226 675 287 831

1457 234 2021 293 SUPPLEHENTUM
2056 236 2147 293 AD
2187 237 2511 295 ORIGENIS
2543 239 2955 297 EXEGETICA.

3719 241 3832 300 333

564 364 756 409 autem
784 354 1094 425 vituperant
1118 364 1173 411 et
1199 356 1256 412 in
1289 356 1529 414 medium
1572 360 1829 417 deferunt
1880 375 1979 431 per
2008 375 2129 416 eon-

2246 377 2400 415 σεται
2444 360 2541 415 καὶ
2583 355 2665 426 εἷς
2718 363 2923 434 ποιμήν
2947 379 2961 395 ·
3010 361 3060 415 οί
3103 361 3161 415 δὲ
3199 360 3511 432 ἐλέγχοντες
3548 360 3642 415 καὶ
3682 378 3826 433 φρα-

570 442 867 501 fessionem
899 456 1052 501 actus
1084 463 1232 513 suos,
1266 457 1321 503 et
1347 450 1589 507 melioris
1610 453 1721 522 jam
1760 454 1961 508 mentis
2008 453 2143 509 deli-

569 533 903 601 iterationes,
932 537 1137 592 excelsi
1170 538 1499 596 videbuntur
1532 543 1781 608 Domino,
1816 552 1871 598 et
1898 558 2008 613 pne
2028 560 2141 598 om-

566 626 734 680 nibus
769 629 1159 685 commendati.
1216 630 1684 703 Supervenietque
1732 634 1867 705 ipsis
1912 635 1964 689 in
2010 650 2146 705 prae-

566 717 712 772 senti
748 718 968 789 quidem
1002 721 1202 777 saeculo
1251 722 1393 777 bona
1445 724 1758 781 benedictio
1807 735 2025 781 actuum
2062 735 2145 782 at-

569 824 678 879 que
715 810 983 877 laborum,
1036 823 1093 867 et
1133 811 1517 869 intellectuaiis
1552 817 1764 871 theoria
1818 817 2141 886 sapientiae:

569 901 625 957 in
660 901 843 959 futuro
868 914 1071 970 autem,
1114 922 1142 958 a
1175 907 1403 962 Domino
1428 908 1730 976 praemium.

640 994 688 1027 ³³
717 994 819 1062 Qui
850 996 1091 1051 ambulat
1114 1008 1238 1066 post
1268 998 1361 1053 Dei
1388 1000 1667 1066 mandata,
1705 1000 2043 1057 instauratur
2075 1002 2144 1058 ad

564 1084 831 1155 justitiam
862 1098 916 1142 et
949 1089 1458 1145 sanctificationem.
1504 1090 1721 1146 Etenim
1761 1106 1884 1146 cum
1924 1093 2145 1162 sapien-

572 1179 643 1230 tia
692 1178 993 1234 aadificatur
1032 1182 1246 1247 domus,
1292 1197 1411 1252 qua:
1461 1197 1527 1236 ex
1579 1184 1759 1236 anima
1813 1193 1868 1238 et
1914 1198 2143 1253 corpore

568 1280 804 1338 constat,
842 1273 907 1327 ad
945 1274 1039 1328 Dei
1084 1274 1477 1329 habitaculum.
1511 1276 1565 1329 In
1603 1275 1936 1332 malitiosatn
1963 1287 2141 1334 autem

568 1363 808 1417 animam
842 1381 946 1419 non
981 1365 1234 1421 introibit
1260 1366 1555 1437 sapientia.

638 1455 685 1486 ”
708 1454 845 1509 Tum
862 1456 1051 1526 spinae,
1076 1468 1186 1512 tum
1214 1474 1411 1527 pecora
1440 1458 1797 1529 pessumdant
1819 1461 2141 1532 agrunnnisi

569 1548 687 1603 illas
728 1549 923 1617 aliquis
970 1561 1182 1620 purget,
1218 1550 1497 1607 haec'vero
1539 1554 1832 1608 custodiat.
1878 1552 1957 1608 Ita
1998 1562 2063 1619 et,
2087 1555 2140 1610 in

569 1636 789 1689 homine
812 1638 983 1691 bardo
1010 1638 1209 1694 accidit
1254 1657 1269 1694 :
1301 1641 1544 1711 nequitia
1574 1641 1892 1697 exstimulat
1919 1657 2047 1699 eum
2076 1646 2141 1700 ad

564 1727 655 1783 illa
700 1729 984 1784 ambienda
1024 1732 1225 1800 quibus
1257 1748 1482 1803 regnum
1514 1735 1818 1790 obtinetur.

2253 451 2529 519 τριοῦντες
2552 452 2620 505 δι’
2641 451 3044 525 ὲξαγορεύσεως
3064 451 3163 515 τὰς
3195 450 3403 504 ἑαυτῶν
3432 450 3659 523 πράξεις
3690 450 3825 522 (18),

2252 541 2345 593 καὶ
2360 540 2458 605 τάς
2469 540 2560 595 τοῦ
2575 542 2839 612 βελτίονος
2862 542 2952 596 νοῦ
2971 542 3093 597 ὲνθυ
3101 546 3173 614 μή
3181 560 3238 597 σε
3247 561 3314 608 ις,
3329 542 3619 612 φανοῦνται
3635 542 3828 613 ὑψηλοὶ

2251 630 2402 703 παρά
2419 632 2644 701 Κυρίου,
2672 632 2765 686 ἐπὶ
2787 636 2950 687 πᾶσιν
2970 634 3143 704 ἁνακη
3153 633 3464 704 ρυττόμενοι
3480 650 3493 662 ·
3522 635 3607 687 ἐπ’
3629 633 3826 702 αὐτοὺς

2249 724 2307 777 δὲ
2334 724 2485 795 ἥξει,
2528 729 2587 781 έν
2620 728 2719 798 μὲν
2760 727 2837 798 τῷ
2870 726 2965 781 νῦν
3006 726 3163 779 αίῶνι
3196 727 3230 797 ἡ
3258 727 3436 799 ἀγαθὴ
3470 726 3687 796 εὐλογία
3714 728 3821 779 τῶν

2249 818 2502 889 πράξεων
2524 818 2631 872 τῶν
2656 819 2850 891 ἔργων,
2884 819 2975 872 καὶ
3001 820 3033 890 ἡ
3056 819 3218 890 νοητὴ
3244 819 3342 889 τῆς
3366 819 3555 887 σοφίας
3583 818 3786 891 θεωρία
3802 836 3818 852 ο

2250 908 2309 959 ὲν
2334 906 2391 960 δὲ
2423 905 2498 976 τῷ
2530 907 2797 977 μέλλοντι,
2831 908 2865 976 ἡ
2900 908 3049 979 παρὰ
3078 907 3173 961 τοῦ
3202 908 3408 978 Κυρίου
3435 908 3685 977 διανομή.

2333 998 2390 1050 '0
2420 998 2784 1070 πορευόμενος
2824 998 3047 1052 δπισθεν
3095 997 3206 1051 τῶν
3246 998 3341 1052 τοῦ
3379 997 3515 1055 Θεοῦ
3543 1012 3825 1069 προσταγ-

2253 1090 2457 1161 μάτων,
2476 1091 2905 1162 ἀνοικοδομεῖται
2938 1092 3018 1155 είς
3036 1090 3382 1163 δικαιοσύνην
3404 1092 3499 1143 καὶ
3516 1089 3785 1161 ἁγιασμόν
3804 1107 3818 1120 ·

2251 1181 2389 1251 μετά
2414 1182 2523 1253 γάρ
2556 1182 2747 1252 σοφίας
2774 1182 3133 1253 οἰκοδομεῖται
3160 1178 3341 1246 οἶκος,
3384 1182 3412 1233 6
3452 1183 3511 1235 ὲν
3550 1181 3696 1252 ψυχῇ
3729 1181 3823 1235 καὶ

2250 1271 2463 1344 σώματι
2495 1276 2575 1337 είς
2606 1275 2923 1345 κατοίκησιν
2953 1274 3088 1328 Θεοῦ
3108 1292 3122 1306 ·
3154 1276 3233 1338 είς
3263 1274 3321 1328 δὲ
3352 1274 3675 1344 κακότεχνον
3716 1273 3821 1343 ψυ-

2247 1366 2348 1437 χὴν
2375 1366 2476 1420 οὐκ
2504 1366 2867 1420 εἰσελεύσεται
2901 1367 3081 1435 σοφία.

2313 1458 2382 1510 El
2414 1474 2472 1510 τε
2504 1457 2612 1529 γὰρ
2641 1457 2872 1513 ἄκανθαι
2895 1499 2911 1525 ,
2950 1459 3061 1511 εἴτε
3123 1459 3320 1531 κτήνη,
3349 1457 3639 1512 ἀπόλλυσιν
3664 1457 3816 1523 αὐτὸ,

2247 1551 2341 1605 ὲάν
2372 1550 2447 1622 μὴ
2480 1549 2566 1621 εῐη
2596 1553 2625 1604 6
2647 1550 3049 1623 περικαθαίρων
3082 1552 3176 1605 καὶ
3204 1551 3487 1620 φυλάττων
3508 1564 3523 1581 ·
3558 1549 3819 1613 ὡσαύτως

2246 1644 2340 1696 καὶ⁵
2367 1642 2587 1713 ἄφρων·
2636 1644 2669 1714 ή
2706 1642 2872 1696 κακία
2900 1644 3048 1697 ἔστὶν
3079 1645 3108 1697 6
3142 1642 3353 1697 νύσσων
3410 1642 3572 1697 αὐτὸν
3633 1643 3712 1705 είς
3750 1640 3819 1695 τά

2245 1735 2342 1806 τὴν
2381 1735 2657 1805 βασιλείαν
2688 1735 3071 1807 προξενοῦντα.

639 1820 807 1890 Sepes
853 1831 938 1877 est
981 1800 1355 1894 tranquillitas
1390 1824 1586 1880 animat
1621 1825 1906 1881 rationalis
1933 1840 1998 1881 ex
2027 1827 2129 1883 vir~

2298 1800 2566 1897 ’Φραγμός
2616 1800 2762 1879 ἐστιν
2810 1800 3046 1880 ἀπάθεια
3088 1825 3264 1899 ψυχῆς
3309 1825 3565 1897 λογικῆς,
3595 1825 3660 1879 ἔκ
3707 1823 3819 1878 τῶν

566 1921 739 1971 tntum
768 1916 1034 1970 exercitio
1061 1915 1415 1985 proveniens.
1468 1916 1595 1971 Haec
1621 1931 1753 1972 vero
1780 1920 2049 1975 evertitur
2083 1928 2139 1975 et

561 2007 923 2077 exstinguitur
952 2024 982 2062 a
1011 2008 1163 2064 stulti
1197 2008 1438 2063 hominis
1468 2007 1723 2064 arbitrio.

2245 1918 2563 1990 πρακτικῶν
2615 1917 2826 1989 ἀρετῶν
2870 1918 3215 1972 συνεστῶσα·
3268 1920 3712 1974 κατασκάπτεται
3758 1916 3818 1973 δὲ

2242 2010 2337 2063 καὶ
2361 2009 2683 2077 ἀφανίζεται
2707 2010 2775 2079 τῇ
2810 2007 2903 2061 τοῦ
2930 2007 3162 2079 ἄφρονος
3194 2007 3534 2079 προαιρέσει.

1788 2099 1947 2158 CAP.
1989 2100 2136 2156 XXX
2175 2100 2383 2158 VULG.
2424 2100 2583 2155 LAT.

629 2196 676 2228 "
704 2195 995 2264 Corruptio
1042 2209 1133 2251 res
1188 2195 1496 2267 huiusmodi
1547 2195 1804 2251 adamat:
1836 2198 2131 2260 infernum.

559 2304 825 2352 amorem,
854 2288 1134 2342 mulierem
1167 2287 1518 2343 fornicariam
1546 2306 1560 2343 :
1592 2291 1706 2345 haec
1739 2289 1886 2344 enim
1924 2290 2130 2348 nullum

561 2381 765 2437 habent
791 2380 953 2438 finem
985 2390 1081 2435 aut
1116 2381 1446 2436 satietatem.
1470 2381 1597 2436 Tria
1629 2392 1809 2438 tamen
1849 2392 1977 2438 sunt
2013 2398 2134 2454 quae

563 2472 858 2539 aliquando
902 2474 1218 2539 satiantur;
1273 2481 1511 2529 attamen
1549 2484 1825 2543 quartum,
1857 2491 2132 2546 nunquam

557 2578 620 2618 se
648 2572 962 2618 contentum
1010 2563 1197 2619 dicere
1232 2564 1394 2619 valet.
1425 2564 1704 2630 lnfernus,
1732 2575 1789 2622 et
1822 2582 1977 2623 amor
2009 2583 2130 2623 mu-

558 2656 728 2721 lieris,
764 2666 821 2711 et
869 2666 1017 2711 terra
1056 2672 1333 2726 nunquam
1374 2658 1531 2729 aquis
1563 2669 1828 2726 saturata,
1867 2668 1924 2717 et
1966 2676 2132 2732 aqua,

554 2759 611 2804 et
646 2749 809 2819 ignis,
844 2764 1122 2819 nunquam
1147 2750 1338 2806 dicunt
1372 2750 1603 2807 sufﬁcit.
1638 2751 1871 2823 Semper
1910 2762 2128 2810 terrena

555 2839 766 2894 semina
793 2839 1029 2909 recipit;
1059 2842 1403 2910 quantalibet
1454 2843 1736 2913 inieceris,
1772 2845 1950 2900 adhuc
1985 2846 2129 2901 desi-

556 2935 732 2989 derat.
764 2934 856 2989 Sic
883 2936 1048 2989 etiam
1098 2950 1248 2990 mors
1273 2945 1329 2991 et
1360 2937 1501 3006 ignis
1532 2948 1802 3010 quotquot
1838 2940 2127 3009 corripue-

556 3026 670 3082 rint
715 3036 1091 3095 corrumpunt.
1133 3026 1211 3081 lla
1243 3028 1409 3084 etiam
1440 3040 1754 3100 paupertas.
1805 3028 1897 3087 Hae
1931 3032 2129 3102 quippe

2314 2196 2378 2251 Ἠ
2400 2195 2574 2269 φθορά
2598 2195 2771 2251 ταῦτα
2795 2196 2986 2267 ἀγαπᾷ
3004 2195 3070 2249 τά
3095 2196 3414 2267 πράγματα,
3438 2194 3591 2268 ᾅδην,
3616 2195 3812 2266 ἔρωτα,

2236 2290 2333 2345 καὶ
2359 2291 2593 2360 γυναῖκα
2628 2291 2921 2361 πορνικήν·
2958 2290 3079 2342 οὐδὲ
3119 2289 3228 2359 γὰρ
3273 2287 3445 2342 ταῦτα
3494 2288 3668 2359 πέρας
3696 2290 3816 2344 οὐδὲ

2237 2382 2397 2453 κόρον
2422 2382 2564 2453 ἔχει·
2597 2381 2723 2452 τρία
2754 2380 2811 2434 δέ
2844 2384 2990 2434 ἐστιν
3015 2380 3049 2434 ἀ
3091 2380 3185 2434 καὶ
3216 2380 3581 2451 πλησθήσεται
3607 2396 3620 2411 ·
3657 2382 3748 2434 καὶ
3780 2382 3813 2452 ή

2235 2474 2493 2547 τετάρτη,
2533 2473 2632 2527 οὐκ
2656 2472 2903 2544 ἠρκέσθη
2940 2474 3114 2525 εἰπεῖν
3148 2472 3330 2525 ἱκανόν
3350 2488 3363 2501 ·
3397 2471 3530 2542 ᾅδης
3560 2472 3653 2525 καὶ
3676 2472 3814 2542 ἔρως

2236 2565 2514 2634 γυναικὸς,
2566 2564 2659 2618 καὶ
2698 2564 2771 2634 γῆ
2815 2563 2915 2616 οὐκ
2964 2562 3393 2633 ἐμπιμπλαμένη
3446 2562 3668 2627 ὓδατος·
3720 2564 3814 2617 καὶ

2235 2656 2414 2727 ὕδωρ,
2452 2656 2547 2709 καὶ
2582 2654 2725 2726 πῦρ,
2758 2654 2859 2707 ούκ
2899 2649 3051 2707 εἷπον
3084 2654 3245 2725 ἀρκεῖ
3268 2670 3280 2684 ·
3313 2654 3399 2705 ἀεὶ
3428 2652 3497 2707 τά
3525 2652 3812 2725 σπέρματα

2234 2748 2469 2819 δέχεται,
2492 2744 2581 2801 οἶα
2607 2748 2701 2801 ὲάν
2723 2745 3060 2817 καταϐάλῃς,
3087 2745 3300 2815 ἐφίεται
3325 2762 3338 2775 ·
3368 2743 3511 2797 οὕτω
3538 2745 3631 2796 καὶ
3660 2746 3689 2797 6
3719 2743 3813 2797 θά-

2234 2861 2393 2907 νατος
2432 2844 2526 2897 καὶ
2559 2842 2619 2895 τὸ
2658 2840 2804 2912 πῦρ,
2848 2840 2945 2908 ἐφ’
2971 2834 3166 2909 οἷσπερ
3200 2836 3444 2906 ἐφίεται,
3473 2833 3805 2904 διαφθείρει·

2233 2936 2471 2990 τοιοῦτόν
2501 2952 2555 2989 τι
2587 2934 2681 2988 καὶ
2710 2936 2744 3006 ἡ
2776 2932 2936 2986 πενία
2956 2949 2970 2964 ·
3003 2931 3313 2986 ἀναλωτικά
3350 2928 3524 2983 ταῦτα
3558 2927 3628 2982 τὰ
3670 2928 3812 2999 πρά-

2235 3046 2453 3101 γματα·
2484 3027 2723 3082 τοιοῦτόν
2758 3045 2812 3082 τι
2847 3027 2940 3080 καὶ
2975 3027 3003 3081 6
3032 3026 3189 3088 ὄκνος
3212 3024 3306 3079 καὶ
3332 3026 3365 3095 ὴ
3394 3023 3589 3095 ἀργία·
3622 3022 3809 3093 ἐπειδὴ

558 3133 648 3174 res
680 3120 789 3174 vim
836 3119 1197 3175 consumendi
1251 3119 1477 3177 habent.
1529 3121 1608 3175 Ita
1634 3137 1694 3177 se
1724 3121 1927 3178 habent
1968 3122 2128 3178 etiam

2232 3123 2340 3195 γὰρ
2364 3122 2633 3193 θαυμάζει
2668 3120 2796 3185 ἴσως
2816 3137 2920 3183 τις,
2950 3118 3037 3172 διὰ
3063 3117 3116 3171 τί
3138 3117 3298 3189 κόρον
3327 3116 3428 3169 οὐκ
3456 3116 3568 3187 ἔχει
3593 3117 3621 3169 6
3653 3115 3807 3187 ᾅδης,

556 3212 776 3282 pigritia
806 3221 862 3267 et
888 3214 1079 3266 otium.
1113 3212 1245 3267 Nam
1300 3214 1426 3280 quia
1458 3212 1697 3269 fortasse
1734 3212 1933 3283 aliquis
1963 3214 2131 3268 mira-

556 3313 666 3370 tur,
694 3318 795 3357 cur
818 3303 1142 3359 insatiabilis
1167 3304 1240 3359 sit
1272 3302 1539 3371 infernus,
1592 3319 1903 3373 quanquam
1945 3303 2128 3359 homi-

554 3412 677 3452 nem
704 3404 1015 3461 consumat,
1045 3397 1258 3453 idcirco
1287 3399 1384 3463 ait,
1418 3412 1485 3453 ne
1515 3398 1634 3452 haec
1652 3397 1878 3467 quidem
1903 3398 2129 3452 satieta-

553 3496 661 3543 tt-m
695 3489 917 3553 habere,
947 3502 1123 3557 neque
1141 3489 1465 3544 consistere.
1505 3488 1717 3543 Videsis
1765 3496 1945 3543 autem
2002 3503 2129 3558 quo-

555 3581 713 3634 tnodo
735 3581 1137 3649 comparaverit
1162 3580 1554 3635 scortationem
1582 3579 1819 3635 inferno.

623 3671 670 3704 "
690 3670 851 3726 Corvi
880 3672 933 3725 hi
958 3672 1136 3741 iustos
1159 3672 1315 3727 alunt
1341 3672 1570 3744 mystice
1591 3672 1661 3737 ",
1692 3683 1748 3727 et
1783 3670 2015 3741 iniustos
2036 3685 2128 3742 pu-

552 3763 730 3828 niunt,
760 3764 1012 3833 nequitiae
1039 3764 1225 3820 oculos
1250 3762 1591 3829 effodientes,
1616 3765 1743 3835 quia
1773 3764 1991 3819 Patrem
2014 3765 2129 3820 uni-

549 3855 817 3911 versalem
841 3872 905 3911 ac
928 3857 1090 3911 Deum
1118 3858 1426 3922 irriserunt,
1452 3865 1507 3912 et
1533 3859 1774 3928 ipsorum
1805 3857 2122 3928 genitricem

550 3950 829 4021 antiquam
884 3950 1169 4006 scientiam
1221 3950 1503 4021 aspernati
1551 3958 1701 4005 sunt.
1756 3949 1953 4005 Oculus
1996 3964 2125 4004 vero

550 4037 732 4093 Patris
777 4051 884 4107 est,
931 4040 1055 4094 data
1088 4039 1246 4096 nobis
1279 4039 1348 4093 ab
1395 4055 1462 4095 eo
1499 4054 1621 4094 cum
1664 4038 1876 4110 iustitia
1913 4039 2020 4093 lex.
2057 4038 2125 4094 Et

550 4146 645 4185 eos
668 4131 889 4201 quidem
939 4131 1035 4201 qui
1074 4130 1227 4200 impii
1272 4130 1465 4185 oculos
1503 4123 1797 4197 'eﬂ‘odiunt,
1832 4130 1973 4185 dixit
1999 4145 2123 4186 cor-

547 4236 645 4276 vos
676 4236 692 4276 :
728 4222 822 4292 qui
848 4237 977 4278 vero
1021 4231 1191 4277 totum
1224 4222 1501 4277 hominem
1530 4229 1751 4288 vorant,
1781 4219 1993 4290 aquilas
2020 4235 2121 4278 vo-

549 4315 695 4368 cavit
719 4332 734 4370 :
763 4314 886 4369 ideo
912 4314 1146 4380 scilicet,
1177 4315 1305 4384 quia
1331 4315 1456 4371 aliis
1496 4323 1733 4383 partem,
1755 4310 1901 4383 {aliis
1946 4311 2122 4366 omni-

546 4402 763 4456 modam
802 4402 1184 4473 purgationem
1241 4402 1542 4458 commisit.
1606 4399 1734 4455 Vult
1780 4403 1930 4455 enim
1976 4400 2119 4454 Deus

542 4497 712 4555 etiam
746 4495 942 4566 impios
967 4494 1191 4551 salvari.

614 4670 665 4706 ³⁸
685 4670 867 4727 Gallus
901 4668 1193 4742 [ἀλέκτωρ]
1243 4669 1358 4724 avis
1403 4684 1433 4724 a
1478 4669 1631 4725 nobis
1686 4668 2116 4742 [Alexandrinis]

544 4762 747 4818 ἀλικτα
784 4761 896 4833 (19)
937 4761 1173 4826 dicitur;
1207 4762 1251 4816 si
1292 4758 1423 4815 itero
1458 4760 1726 4816 referatur
1750 4760 1819 4814 ad
1862 4772 2118 4815 coeuntes

545 4869 667 4907 cum
718 4854 808 4908 illo
853 4853 1103 4916 feminas,
1136 4854 1410 4925 γνωριστά
1453 4849 1773 4924 [cognitor].
1809 4850 2119 4918 Sequuntur

547 4947 694 5001 lnmc
742 4945 972 5000 altilium
1012 4960 1225 5016 greges,
1260 4947 1388 5015 quia
1425 4959 1616 5000 omnes
1649 4944 1894 4999 ambiunt
1920 4957 2117 5011 capere

544 5056 610 5094 ex
640 5054 705 5094 eo
732 5039 1085 5110 voluptatem,
1117 5039 1205 5107 qui
1230 5038 1396 5093 alacri
1423 5051 1553 5108 erga
1583 5050 1773 5091 omnes
1802 5049 1991 5090 amore
2011 5046 2114 5089 est.

544 5128 641 5187 Sic
690 5130 984 5186 universali
1038 5130 1150 5185 Deo
1186 5129 1500 5201 angelorum
1552 5127 1776 5183 ordines
1818 5140 1925 5181 non
1967 5135 2116 5180 metu

2231 3210 2405 3265 καίτοι
2435 3209 2686 3264 δαπανῶν
2706 3209 2799 3263 τὸν
2835 3208 3142 3279 ἄνθρωπον,
3159 3206 3629 3277 διάιτοῦτο,φησὶν
3648 3246 3662 3271 ,
3688 3205 3808 3258 οὐδὲ

2224 3302 2397 3357 ταῦτα
2438 3302 2599 3373 κόρον
2636 3302 2784 3381 ἔχει,
2829 3300 2948 3353 οὐδὲ
2986 3300 3229 3353 ἵστανται
3273 3316 3403 3354 που·
3452 3300 3554 3369 δρα
3584 3298 3641 3351 δὲ
3685 3296 3807 3352 τίνα

2226 3394 2503 3467 παρέϐαλε
2533 3395 2633 3467 τὴν
2663 3393 2917 3465 πορνείαν
2943 3391 3020 3463 τῷ
3054 3392 3177 3465 ᾅδῃ.

2296 3649 2455 3709 Οὗτοι
2482 3653 2531 3706 οἱ
2558 3652 2809 3725 κόρακες,
2849 3653 2973 3715 τοὺς
3001 3652 3099 3722 μὲν
3131 3652 3373 3716 δικαίους
3404 3653 3663 3726 τρέφουσι
3698 3672 3803 3725 μυ-

2227 3746 2447 3811 στικῶς,
2487 3746 2611 3809 τοὺς
2640 3744 2697 3799 δὲ
2726 3744 2943 3809 ἀδίκους
2970 3742 3277 3809 κολάζουσι,
3307 3746 3435 3808 τοὺς
3465 3746 3565 3815 τῆς
3590 3746 3805 3812 ἀδικίας

2222 3838 2532 3909 ὀφθαλμοὺς
2571 3835 2945 3905 ὲξορύττοντες
2970 3854 2982 3867 ·
3020 3836 3155 3889 διότι
3197 3835 3289 3890 τοῦ
3335 3837 3552 3891 πάντων
3593 3839 3805 3909 Πατρὸς

2224 3933 2319 3987 καὶ
2351 3929 2485 3984 Θεοῦ
2514 3930 2905 3999 κατεγέλασαν,
2938 3930 3031 3983 καὶ
3058 3929 3157 4001 τὴν
3180 3929 3457 3997 γεννῶσαν
3482 3931 3675 3995 αὐτοὺς
3704 3933 3801 4003 ἀρ-

2223 4024 2382 4095 χαίαν
2430 4023 2630 4092 γνῶσιν
2675 4023 2988 4094 ἠτίμασαν·
3030 4020 3303 4092 ὀφθαλμὸς
3350 4021 3407 4075 δὲ
3448 4022 3541 4075 τοῦ
3591 4023 3803 4095 Πατρός

2222 4119 2403 4181 ἐστιν,
2452 4117 2481 4169 6
2521 4117 2578 4169 ὲν
2622 4115 2936 4187 δικαιοσύνῃ
2979 4113 3259 4184 δεδομένος
3293 4115 3424 4185 ἡμῖν
3468 4118 3597 4187 παρ’
3635 4115 3802 4169 αὑτοῦ

2221 4208 2419 4279 νόμος·
2460 4206 2555 4261 καὶ
2596 4206 2722 4269 τοὺς
2754 4205 2852 4276 μὲν
2894 4203 3280 4275 ἐξορύσσοντας
3323 4204 3449 4268 τοὺς
3491 4204 3801 4277 ὀφθαλμοὺς

2221 4300 2317 4354 τοῦ
2347 4298 2606 4365 ἀσεϐοῦς,
2639 4298 2879 4370 κόρακας
2903 4293 3055 4350 εἶπεν
3074 4314 3087 4327 ·
3117 4296 3241 4360 τοὺς
3274 4295 3329 4348 δὲ
3356 4296 3477 4349 ὅλον
3511 4296 3671 4349 αὐτὸν
3703 4315 3803 4351 κα-

2222 4392 2569 4456 τεσθίοντας,
2604 4390 2883 4462 ὠνόμασεν
2912 4388 3138 4452 ἀετοὺς,
3185 4387 3274 4441 διὰ
3313 4388 3375 4441 τὸ
3418 4389 3543 4452 τοὺς
3577 4389 3675 4459 μὲν
3702 4389 3803 4460 τὴν

2153 4458 2197 4514 D
2228 4484 2476 4557 μερικὴν,
2500 4485 2623 4547 τοὺς
2646 4483 2701 4536 δὲ
2717 4458 2825 4554 *τὴν
2851 4480 3074 4535 καθόλου
3093 4478 3358 4551 κάθαρσιν
3376 4458 3765 4534 πεπιστεῦσθαι
3780 4496 3796 4511 ·

2226 4575 2366 4629 θέλει
2398 4574 2505 4646 γὰρ
2530 4576 2558 4629 6
2585 4574 2716 4638 Θεὸς
2749 4574 2841 4627 καὶ
2867 4574 2993 4636 τοὺς
3020 4572 3232 4636 ἀσεὸεἶς
3262 4571 3546 4637 σώζεσθαι.

2307 4667 2365 4719 '0
2392 4667 2637 4738 ἀλέκτωρ
2673 4665 2733 4719 τὸ
2771 4666 2957 4738 ὄρνεον
2992 4663 3123 4736 παρ’
3150 4666 3280 4734 ἡμῖν
3313 4664 3514 4719 ἀλεκτα
3558 4665 3795 4735 λέγεται.

2223 4757 2383 4830 Παρὰ
2403 4757 2460 4810 δὲ
2480 4761 2599 4823 ταῖς
2625 4758 2904 4821 συνούσαις
2928 4756 3074 4828 αὐτῷ
3100 4754 3340 4828 θηλείαις
3362 4760 3636 4829 γνωριστά
3653 4776 3666 4788 ·
3697 4776 3802 4811 πα-

2229 4850 2479 4923 ρέπονται
2502 4849 2558 4903 δὲ
2582 4850 2729 4920 αὐτῷ
2762 4851 2819 4904 αἱ
2852 4848 2958 4902 τῶν
2983 4844 3209 4919 ὀρνίθων
3236 4848 3459 4916 ἀγέλαι,
3495 4850 3583 4903 διὰ
3606 4849 3667 4903 τὸ
3698 4852 3801 4905 πά-

2227 4956 2325 5006 σας
2364 4941 2494 5004 ίσως
2529 4941 2864 5012 περινοστεῖν
2901 4940 2968 5009 τῇ
3006 4939 3136 5009 περὶ
3158 4938 3321 4993 αὑτὸν
3352 4939 3509 5011 ἡδονῇ
3528 4958 3541 4970 ·
3568 4939 3801 5011 εὔψυχος

2221 5034 2281 5087 δέ
2311 5034 2426 5085 ἐστι
2455 5032 2657 5097 πάσαις
2684 5032 2846 5095 αὐτὸς
2871 5032 2949 5095 είς
2978 5031 3223 5102 ἀγάπην·
3257 5030 3428 5094 οὕτως
3468 5032 3546 5102 τῷ
3578 5033 3798 5087 πάντων

2221 5122 2342 5193 Θεῷ
2370 5124 2428 5178 αί
2451 5121 2557 5175 τῶν
2584 5121 2827 5191 ἀγγέλων
2851 5120 3053 5186 τάξεις,
3074 5121 3134 5175 οὐ
3167 5121 3325 5194 μόνον
3353 5122 3523 5193 φόσῳ,
3553 5122 3798 5178 ἀλλὰκαὶ

616 5270 664 5304 ⁸³
701 5285 753 5324 v.
779 5270 873 5325 27.
948 5268 995 5302 ’δ
1021 5284 1075 5323 v.
1150 5264 1241 5320 30.
1314 5264 1362 5296 "
1397 5279 1448 5317 v.
1478 5260 1568 5317 15.
1642 5260 1691 5293 ⁸⁸
1719 5275 1771 5314 v.
1800 5258 1889 5313 17.
1959 5258 2005 5290 ⁸⁷
2032 5255 2129 5311 1111

2232 5273 2253 5310 '.
2280 5272 2413 5323 xm,
2445 5259 2497 5313 6.
2574 5261 2622 5294 "'
2656 5278 2707 5315 v.
2740 5260 2830 5316 51.

620 5385 735 5457 (18)
766 5388 955 5443 Adhuc
976 5382 1229 5441 laudatur
1260 5382 1328 5437 ab
1353 5379 1587 5451 Origene
1608 5382 1955 5449 peccatorum
1988 5387 2119 5429 con-

762 5523 1115 5599 Adnotandus
1144 5530 1239 5599 est_
1253 5521 1355 5599 hie
1374 5520 1526 5599 locus
1553 5514 2117 5599 grammati-cjs,'pr:e-

546 5584 732 5653 Sertim'
761 5612 886 5652 cum
920 5595 1171 5651 Sturzius
1198 5592 1274 5645 De
1302 5590 1520 5644 dialect.
1546 5584 1697 5641 Alex.
1732 5602 1784 5655 p.
1821 5584 1927 5639 154
1955 5587 2110 5653 ’seq.,

545 5670 704 5737 primi
751 5681 912 5726 casus
959 5665 1176 5719 nonnisi
1232 5660 1670 5717 terminationem
1721 5658 1787 5720 ἃς
1844 5665 2111 5713 memoret

2227 5377 2345 5445 ejus
2370 5376 2608 5448 dialecti.
2646 5376 2713 5431 Et
2739 5377 2957 5448 quidem
3016 5391 3115 5433 nos
3159 5379 3225 5433 de
3273 5378 3375 5433 hac
3402 5394 3463 5434 re
3493 5377 3659 5433 locuti
3704 5393 3795 5433 su-

2226 5462 2347 5518 mus
2376 5447 2505 5501 olim
2546 5447 2600 5502 in
2633 5447 2764 5501 adn.
2806 5449 2872 5501 ad
2912 5449 3195 5503 Ciceronis
3239 5465 3336 5517 pro
3391 5465 3509 5518 rege
3555 5449 3795 5501 Alexan-

2223 5517 2380 5572 drino
2414 5518 2743 5588 fragmenta,
2771 5533 2892 5589 qua:
2925 5520 3215 5583 edidimus,
3242 5533 3402 5589 quem
3432 5517 3615 5589 regem
3655 5519 3796 5589 pris-

2221 5603 2320 5645 cus
2350 5590 2621 5658 interpres
2650 5603 2749 5659 pro
2786 5588 3091 5645 Alexandro
3118 5589 3254 5645 dicit
3280 5588 3523 5644 Aleum.
