4172 6412
365 410 472 466 εδδ
1505 401 1873 459 εξιροειτιο
1907 402 1974 458 IN
2007 383 2429 459 movemus.
3511 413 3621 468 εει

359 532 549 606 ἀγάπῃ
569 533 886 586 ὑπείκουσιν
902 531 1044 601 (20),
1083 531 1170 583 ὅτε
1198 529 1339 583 θέλει
1359 529 1518 594 αὐτὸς
1540 533 1678 582 νοεῖν
1699 529 1866 593 αὑτὰς
1886 529 1946 582 τὸ

2054 539 2264 582 tantum
2310 531 2403 583 sed
2431 544 2494 582 ex
2529 544 2719 584 amore
2769 529 2932 583 etiam
2965 529 3360 600 obsequuntur,
3395 547 3518 588 cum
3553 536 3622 590 ab

359 623 689 694 πρόσταγμα
721 623 882 676 αὑτοῦ
917 624 1010 675 καὶ
1045 625 1216 675 ποιεῖν
1238 639 1250 654 ’
1292 622 1552 686 ὡσαύτως
1589 624 1646 676 δὲ
1691 626 1786 677 καὶ
1817 626 1944 696 περὶ

2053 622 2126 677 eis
2155 622 2269 691 ipse
2302 622 2554 692 cognosci
2598 621 2715 676 vult
2758 623 3009 677 mandata
3054 638 3150 677 sua
3178 633 3230 677 et
3273 638 3440 694 Opere
3469 641 3622 681 com-

358 720 479 783 ταῖς
523 717 633 772 τῶν
681 716 906 770 δικαίων
948 717 1148 787 ψυχαῖς
1188 715 1461 784 πέφυκεν·
1498 717 1620 769 ὅσαι
1660 718 1768 788 γάρ
1814 718 1946 770 ὑπό-

2053 711 2201 781 pleri.
2250 712 2343 768 Sic
2369 714 2534 768 etiam
2590 715 2734 769 circa
2773 712 3044 783 iustorum
3074 714 3288 769 animas
3320 717 3434 771 ﬁeri
3464 733 3622 773 com-

359 827 566 865 κεινται
592 809 672 880 τῷ
713 809 1094 881 προστάγματι
1125 807 1289 862 αὑτοῦ
1310 847 1325 872 ,
1362 809 1422 861 οὐ
1454 809 1611 879 μόνον
1643 809 1708 862 τὰ
1737 811 1794 863 ἐν
1823 810 1944 870 ταῖς

2053 812 2288 872 paratum
2319 815 2421 859 est.
2449 804 2583 860 Nam
2623 815 2893 876 quotquot
2931 807 3199 862 mandatis
3234 806 3353 877 ejus
3403 809 3619 864 obtem-

359 903 606 975 Γραφαῖς
639 900 1043 970 ὲναποκείμενα
1091 901 1366 972 μυστήρια
1407 900 1501 954 καὶ
1545 899 1684 971 βάθη
1732 901 1943 953 εὐδοκεῖ

2053 906 2257 964 perant,
2289 911 2398 951 non
2441 897 2602 952 modo
2633 914 2756 968 qua:
2781 899 2833 954 in
2863 897 3161 967 Scripturis
3195 901 3472 969 proposita
3491 907 3623 958 sunt

363 990 673 1060 γινώσκειν,
707 989 842 1044 ἀλλά
874 989 969 1043 καὶ¹
1009 989 1108 1042 ὅσα
1135 990 1192 1043 ὲν
1223 989 1300 1060 τῷ
1332 988 1431 1060 βίῳ
1462 990 1670 1058 πέφυκε
1695 989 1938 1058 γίνεσθαι

360 1083 471 1143 τοίς
504 1078 831 1150 ἀνθρώποις,
859 1078 1010 1148 παρά
1036 1077 1341 1148 ἀνθρώπων
1368 1096 1427 1131 τε
1461 1079 1556 1132 καὶ
1579 1077 1868 1150 δαιμόνων,
1903 1079 1936 1149 ἢ

360 1169 425 1221 δι’
463 1170 707 1240 ὁράσεως
747 1168 900 1232 νοὸς,
943 1168 1124 1241 χάριτι
1173 1167 1316 1222 Θείου
1351 1168 1668 1239 Πνεύματος
1711 1169 1976 1240 παρέχει»

361 1261 690 1333 πρόγνωσιν,
717 1260 749 1331 ἢ
773 1261 841 1314 δι’
863 1261 1098 1331 ἀγγέλου
1128 1260 1350 1332 μύησιν,
1373 1261 1407 1332 ἢ
1429 1261 1493 1314 δι’
1511 1262 1784 1334 ὁράματος
1811 1264 1945 1317 ἀπο-

363 1355 540 1426 κάλυψ
549 1373 608 1410 ιν.

2048 990 2310 1058 mysteria
2336 998 2390 1043 et
2416 1003 2506 1044 res
2538 990 2826 1056 abstrusm,
2865 989 3046 1059 placet
3091 991 3140 1045 ei
3169 999 3228 1044 ιιι
3255 1001 3620 1059 cognoscant,

2047 1081 2147 1136 sed
2178 1094 2516 1150 quaecunque
2547 1082 2712 1137 etiam
2762 1083 2818 1137 in
2855 1084 3058 1137 mundo
3089 1083 3207 1138 ﬁeri
3237 1083 3412 1138 solent
3442 1084 3625 1140 homi-

2049 1172 2231 1240 nibus,
2262 1173 2348 1229 vel
2379 1174 2445 1228 ab
2481 1174 2799 1230 hominibus
2827 1176 2962 1245 ipsis
2989 1175 3074 1230 vel
3101 1191 3130 1230 a
3156 1175 3516 1240 dmmonibus,
3538 1177 3625 1234 vel

2047 1265 2250 1319 mentis
2301 1263 2694 1320 illuminatione
2740 1261 2841 1336 per
2883 1267 3053 1321 divini
3100 1265 3338 1335 Spiritus
3369 1247 3624 1339 gratiam,

2048 1356 2244 1410 horum
2278 1357 2498 1425 inquam
2539 1359 2917 1426 praevisionem
2947 1359 3014 1415 iis
3042 1359 3379 1429 impertitur,
3407 1360 3493 1414 vel
3525 1377 3624 1430 per

2045 1448 2367 1519 angelorum
2409 1449 2788 1516 monitiouem,
2845 1449 2930 1507 vel
2981 1465 3076 1521 per
3117 1452 3350 1508 visionis
3391 1452 3625 1522 alicujus

2045 1541 2456 1596 revelationem.

1585 1630 1758 1702 (CAP.
1797 1630 1965 1686 XXXI
2004 1633 2211 1689 VULG.
2247 1633 2430 1707 LAT.)

429 1726 703 1790 Δυνάστας
756 1725 990 1780 ἐνταῦθα
1039 1725 1166 1789 τοὺς
1209 1724 1452 1788 δικαίους
1500 1726 1697 1798 φησὶν,
1749 1726 1945 1789 οἵτινες

2117 1729 2163 1760 ⁸⁸
2183 1728 2450 1798 Dynastas
2468 1729 2554 1784 hic
2579 1728 2712 1784 dicit
2730 1729 2906 1799 justos
2942 1729 3214 1797 homines,
3237 1731 3330 1801 qui
3359 1731 3626 1789 adversus

362 1818 505 1873 κατά
529 1817 636 1871 τῶν
665 1817 932 1888 δαιμόνων
959 1819 1051 1870 καὶ
1075 1815 1183 1872 τῶν
1205 1817 1394 1872 παθῶν
1419 1818 1518 1889 τὴν
1539 1817 1768 1888 δύναμιν
1791 1817 1942 1889 έχον-

362 1927 486 1975 τες,
525 1911 717 1980 ἥντινα
766 1909 935 1980 θυμὸν
979 1908 1238 1962 ὲκάλεσε’
1275 1909 1350 1980 μὴ
1387 1908 1692 1963 πινέτωσαν
1739 1911 1803 1963 ὲκ
1848 1910 1944 1963 τοῦ

363 2002 453 2056 τὸν
501 2002 626 2056 νοῦν
678 2001 1071 2073 μεθύσκοντος,
1113 2002 1208 2055 καὶ
1263 2000 1364 2066 τὰς
1418 2001 1622 2073 φρένας
1667 2001 1944 2066 θολοῦντος

363 2094 590 2161 ὀξώδους
615 2094 758 2148 οἴνου
789 2094 898 2149 τῶν
922 2093 1235 2166 αἱρετικῶν,
1263 2094 1358 2148 τοῦ
1383 2094 1525 2148 κατὰ
1555 2095 1652 2166 τῆς
1676 2093 1772 2148 τοῦ
1809 2095 1945 2149 Θεοῦ

363 2187 556 2256 σοφίας
581 2185 833 2256 γνώσεώς
860 2203 915 2239 τι
944 2186 1192 2257 ἔχοντος·
1240 2186 1327 2239 ἴνα
1361 2186 1434 2258 μὴ
1466 2187 1707 2254 πιόντες,
1761 2187 1947 2241 ἐπιλά-

363 2277 564 2332 θωνται
589 2278 690 2348 τῆς
735 2275 828 2331 τοῦ
857 2276 991 2331 Θεοῦ
1035 2277 1261 2347 σοφίας,
1293 2278 1387 2332 καὶ
1431 2277 1567 2350 ὀρθᾲ
1614 2279 1820 2352 κρίνειν
1853 2281 1947 2334 καὶ

363 2373 503 2424 νοεῖν
537 2369 634 2442 τὴν
669 2369 901 2442 θεωρίαν
926 2369 1028 2440 τῆς
1046 2368 1320 2438 γνώσεως,
1349 2370 1532 2423 οὐκέτι
1567 2371 1628 2423 οὐ
1665 2370 1740 2442 μὴ
1765 2371 1948 2426 δύναν-

363 2480 452 2517 ται
483 2463 711 2528 ἑαυτούς
739 2481 800 2517 τε
836 2463 930 2517 καὶ
955 2463 1080 2528 τοὺς
1105 2462 1526 2536 ἀσθενεστέρους
1548 2463 1777 2535 ὠφελεῖν
1806 2465 1948 2520 κατά

364 2551 565 2623 ψυχήν.

435 2645 559 2708 Τοῖς
603 2646 660 2697 ὲν
713 2644 1009 2715 ἁμαρτίαις
1055 2645 1410 2717 ὀδυνωμένοις
1463 2647 1558 2700 καὶ
1618 2647 1944 2717 ἀπογνώσει,

363 2735 480 2790 δότε
509 2737 574 2788 ὲκ
600 2736 693 2789 τοῦ
727 2735 1050 2807 ἀμπελῶνος
1091 2736 1186 2791 τοῦ
1216 2739 1421 2810 Κυρίου
1466 2741 1609 2793 πιεῖν
1641 2743 1721 2804 είς
1754 2740 1943 2812 μέθην,

363 2827 612 2880 τουτέστι
645 2827 898 2898 νηστείαν
919 2868 934 2892 ,
985 2829 1291 2901 προσευχὴν
1312 2869 1327 2894 ,
1365 2832 1693 2902 ἐγκράτειαν
1713 2876 1727 2898 ,
1760 2831 1947 2904 ἐξομο-

363 2918 585 2990 λόγησιν
634 2920 728 2973 καὶ
754 2919 930 2974 πάντα
965 2922 1066 2975 ὅσα
1100 2923 1179 2985 εἰς
1217 2922 1553 2995 εὐφροσύνην
1577 2923 1756 2994 ψυχῆς
1781 2942 1794 2955 ·
1835 2927 1946 2988 τοῖς

363 3009 422 3062 δὲ
453 3012 510 3064 ἐν
537 3011 753 3082 ἀρχαῖς,
789 3011 980 3077 ὀδύνας
1023 3014 1123 3084 τῆς
1172 3015 1448 3086 ἁμαρτίας
1480 3017 1622 3068 πιεῖν
1648 3017 1727 3078 εἰς
1762 3015 1944 3086 κόρον,

2048 1819 2320 1875 daemones
2353 1829 2406 1875 et
2432 1820 2756 1891 cupiditates
2780 1819 2989 1875 viribus
3028 1821 3254 1890 pollent,
3283 1838 3418 1893 quas
3458 1839 3625 1880 voca-

2048 1911 2175 1965 bulo
2212 1912 2506 1968 iracundia:
2549 1913 2842 1967 denotavit.
2886 1911 2964 1966 Ne
2993 1914 3206 1982 bibant,
3238 1915 3432 1984 inquit,
3467 1930 3535 1970 ex
3562 1930 3628 1971 eo

2047 2005 2191 2072 quod
2216 2015 2448 2060 mentem
2475 2005 2670 2069 ehriat,
2692 2014 2748 2059 et
2772 2006 3059 2060 cerebrum
3090 2007 3292 2075 turbat,
3315 2009 3476 2064 acido
3500 2011 3628 2063 vino

2048 2094 2453 2160 haereticorum,
2482 2095 2627 2164 quod
2668 2094 2764 2149 Dei
2797 2095 3081 2163 sapientiae
3106 2105 3162 2150 et
3195 2097 3460 2166 agnitioni
3489 2114 3627 2154 con-

2048 2186 2275 2240 trarium
2309 2196 2435 2241 est:
2486 2203 2552 2241 ne
2590 2185 2731 2243 forte
2778 2201 2844 2241 eo
2886 2197 3068 2258 epoto,
3113 2187 3508 2243 obliviscantur
3542 2204 3626 2245 sa-

2048 2277 2264 2346 pientiae
2312 2279 2453 2346 Dei;
2497 2289 2552 2334 et
2607 2288 2756 2335 recte
2784 2279 3080 2348 dijudicare
3135 2290 3298 2351 atque
3325 2281 3630 2352 intelligere

2047 2371 2293 2425 scientia:
2324 2370 2592 2426 theoriam
2629 2371 2772 2426 haud
2802 2371 3064 2438 valentes,
3098 2373 3353 2442 deinceps
3376 2373 3485 2451 jam
3521 2391 3628 2431 non

2050 2462 2263 2532 possint
2326 2475 2440 2518 suae
2500 2472 2556 2518 et
2624 2462 2854 2519 aliorum
2916 2463 3276 2519 inﬁrmiorum
3345 2466 3630 2524 animabus

2049 2555 2329 2625 prodesse.
2765 2537 2768 2542 ’

2123 2646 2192 2687 ¹-¹
2225 2645 2294 2701 ιίε
2331 2645 2422 2716 qui
2452 2647 2690 2717 peccatis
2711 2657 2980 2716 anguntur
3008 2655 3062 2703 et
3091 2647 3486 2718 desperatione,
3508 2649 3632 2704 date

2050 2739 2117 2794 de
2153 2739 2308 2794 vinea
2338 2739 2550 2794 Domini
2591 2740 2777 2796 bibere
2818 2741 2889 2795 ad
2923 2740 3260 2807 ebrietatem,
3296 2741 3349 2797 id
3376 2750 3458 2797 est
3490 2741 3629 2812 jeju—

2049 2832 2222 2896 nium,
2273 2830 2599 2896 orationem,
2651 2833 3070 2898 continentiam,
3124 2833 3524 2888 confessionem
3573 2842 3632 2888 et

2049 2937 2388 2994 quaecunque
2426 2925 2662 2978 animam
2715 2924 3042 2980 exhilarant.
3080 2924 3151 2979 At
3185 2925 3255 2980 iis
3293 2927 3385 2996 qui
3414 2936 3545 2982 sunt
3575 2926 3630 2980 in

2051 3016 2466 3087 principatibus,
2495 3017 2618 3071 date
2651 3017 2860 3086 peccati
2887 3017 3101 3072 dolores
3128 3016 3316 3072 bibere
3358 3015 3425 3070 ad
3468 3016 3631 3071 satie-

367 3102 453 3156 ἵνα
478 3103 692 3167 πιόντες
724 3105 1086 3161 ἐπιλάθωνται
1118 3107 1220 3177 τῆς
1246 3085 1631 3178 δαιμονιώδους
1675 3085 1894 3171 πενίαςο
1919 3109 1948 3162 ὁ

2054 3085 2243 3174 tatem,
2278 3118 2337 3162 ut
2369 3110 2452 3163 bis
2477 3085 3073 3179 epotisiobliviscantur
3101 3109 3380 3164 diabolicm
3409 3109 3628 3178 inopiae.

365 3196 475 3267 γὰρ
508 3197 795 3268 μεθυσθεὶς
824 3200 931 3253 ἀπὸ
957 3201 1055 3270 τῆς
1080 3199 1331 3269 γνώσεως
1351 3199 1442 3253 τοῦ
1469 3199 1696 3273 Κυρίου,
1731 3199 1949 3253 ἐπιλαν-

368 3286 588 3342 θάνεται
621 3291 718 3362 τὴν
744 3291 943 3363 πρᾶξιν
973 3292 1081 3345 τῶν
1103 3292 1323 3347 ὀδυνῶν.

2052 3203 2188 3260 Nam
2223 3202 2315 3273 qui
2356 3201 2541 3257 ebrius
2582 3211 2667 3257 est
2696 3200 2972 3273 agnitione
3020 3198 3259 3266 Domini,
3290 3199 3634 3256 obliviscitur

2056 3294 2300 3350 dolorum
2334 3295 2566 3364 praxim.

438 3380 654 3453 Πένητα
678 3381 823 3452 λέγει
850 3385 942 3438 τὸν
963 3385 1328 3457 ἐστερημένον
1347 3384 1446 3462 τῇς
1474 3384 1748 3454 γνώσεως,
1782 3383 1946 3439 ἀσθε-

367 3471 435 3542 νῆ
463 3472 521 3526 δὲ
543 3473 634 3528 τὸν
669 3475 978 3548 ἀκάθαρτον
1003 3479 1122 3542 ταῖς
1151 3465 1468 3548 ἁμαρτίαις.

2123 3392 2149 3435 ι
2178 3387 2397 3456 ln0pem
2437 3387 2569 3441 dicit
2603 3385 2881 3441 hominem
2916 3384 3144 3442 scientia
3185 3392 3496 3452 carentem;
3551 3383 3634 3440 in-

2059 3475 2292 3543 ﬁrmum,
2323 3476 2562 3546 peccatis
2593 3474 2958 3546 inquinatum.

1808 3571 1960 3628 CAP.
2001 3570 2185 3626 XXV..

453 3661 512 3712 '0
552 3659 695 3732 λόγῳ
722 3665 1076 3734 πνευματικῷ
1104 3666 1195 3720 τὸν
1241 3665 1466 3722 παλαιὸν
1503 3666 1786 3738 ἄνθρωπον
1818 3667 1950 3719 ἀπο-

2131 3663 2152 3695 δ
2187 3661 2290 3730 Qui
2338 3663 2612 3733 spiritali,
2649 3665 2816 3720 verbo
2843 3673 3078 3720 veterem
3128 3665 3402 3721 hominem
3435 3665 3636 3722 occid-it

368 3755 630 3818 κτείνων,
663 3755 754 3808 τὸν
802 3756 1156 3827 φθειρόμενον
1185 3761 1327 3813 κατά
1365 3759 1464 3823 τὰς
1511 3759 1806 3830 ἐπιθυμίας
1855 3757 1950 3828 τῆς

2057 3767 2372 3828 corruptum
2421 3757 2571 3812 illum
2604 3757 2812 3813 scilicet
2845 3758 3144 3813 secundum
3185 3759 3390 3814 erroris
3423 3759 3635 3828 cupidi-

369 3848 614 3918 ἀπάτης,
659 3848 915 3921 κατορθοῖ
947 3851 1005 3903 ὲν
1033 3851 1349 3925 δικαιοσύνῃ
1372 3852 1464 3904 τὸν
1496 3851 1659 3905 αὐτοῦ
1689 3849 1814 3904 νοῦν
1839 3891 1853 3914 ,
1896 3851 1950 3914 ὃς

2055 3859 2215 3913 tates,
2245 3855 2522 3904 restaurat
2552 3849 2619 3901 ad
2650 3847 2919 3915 justitiam
2954 3856 3192 3904 mentem
3229 3849 3366 3917 ejus,
3400 3863 3519 3919 quae
3545 3850 3633 3904 di-

370 3941 586 4011 λέγεται
633 3941 820 4016 θρόνος
868 3939 1004 3996 εἶναι
1067 3943 1202 3997 Θεοῦ
1225 3963 1236 3974 ·
1278 3943 1515 4015 οὐδαμοῦ
1555 3945 1664 4013 γὰρ
1710 3944 1950 4014 πέφυκεν

2053 3940 2195 3996 εἰιιιι·
2226 3940 2456 3995 thronus
2506 3954 2627 3994 esse
2660 3940 2750 3993 Dei
2783 3956 2798 3992 :
2826 3953 3092 4008 nusquam
3142 3942 3288 3995 enim
3333 3938 3469 3996 solet
3497 3941 3630 3995 alibi

375 4030 614 4104 ἀλλαχοῦ
649 4032 975 4097 καθέζεσθαι
1004 4035 1169 4102 σοφία
1218 4036 1310 4088 καὶ
1361 4034 1582 4102 γνῶσις.
1632 4034 1726 4087 καὶ
1747 4035 1950 4088 δικαιο-

2057 4032 2246 4086 sedere
2282 4030 2546 4098 sapientia
2596 4041 2652 4083 et
2703 4031 2928 4085 scientia
2969 4039 3131 4099 atque
3157 4030 3401 4098 justitia,
3437 4031 3544 4087 nisi
3575 4030 3631 4086 in

373 4122 506 4194 σύνη
529 4163 543 4188 ,
575 4125 623 4177 εἰ
650 4125 724 4195 μὴ
755 4127 812 4176 ὲν
843 4124 1002 4194 φύσει
1055 4125 1280 4197 λογικῇ·
1314 4126 1488 4180 ταῦτα
1519 4127 1573 4180 δὲ
1601 4127 1777 4180 πάντα
1804 4127 1950 4181 ἐστιν

2059 4120 2310 4174 rationali
2341 4126 2553 4174 natura.
2583 4119 2708 4174 Haec
2737 4129 2916 4174 autem
2953 4121 3138 4175 omnia
3177 4121 3428 4179 Christus
3455 4133 3556 4180 est.

370 4218 400 4269 ὁ
434 4217 688 4288 Χριστός.

444 4302 570 4372 Οἷος
604 4304 672 4374 εἴ,
700 4307 940 4373 τοιοῦτος
970 4309 1182 4379 φαίνου,
1219 4310 1312 4364 καὶ
1339 4311 1412 4382 μὴ
1443 4310 1766 4374 ἀλαζονεύου
1786 4351 1801 4374 ,
1833 4312 1948 4366 ἀλλ’

2127 4304 2148 4336 ⁸
2184 4301 2368 4370 Qualis
2395 4317 2475 4368 cs,
2511 4301 2631 4357 talis
2670 4315 2956 4372 appareas,
3000 4317 3174 4372 neque
3217 4311 3271 4357 te
3307 4304 3504 4374 jactes,
3535 4305 3629 4359 sed

371 4398 465 4453 ἐπὶ
509 4398 689 4468 σοφῶν
719 4399 865 4468 σίγα,
904 4400 997 4452 καὶ
1027 4400 1119 4453 ἐπὶ
1148 4400 1534 4472 πρεσϐυτέρων
1562 4402 1802 4475 ἀκροαοῦ
1821 4419 1834 4432 °
1875 4403 1950 4474 μὴ

2059 4410 2243 4452 coram
2275 4393 2616 4466 sapientibus
2648 4393 2770 4459 sile,
2821 4402 2875 4448 et
2920 4393 3064 4448 inter
3084 4393 3334 4448 seniores
3353 4402 3470 4449 esto
3527 4409 3631 4448 au-

373 4491 557 4560 εἴπῃς,
590 4489 807 4543 Ἐπάνω
834 4490 944 4543 τῶν
967 4489 1183 4562 ἄστρων
1207 4491 1356 4561 θήσω
1380 4492 1472 4546 τὸν
1500 4492 1685 4563 θρόνον
1717 4511 1840 4565 μου,
1863 4497 1957 4549 καὶ

371 4580 567 4652 ἔσομαι
598 4582 783 4651 ὅμοιος
828 4581 905 4652 τῷ
949 4581 1220 4653 Ὑψίστῳο
1261 4583 1334 4654 μὴ
1378 4583 1476 4654 ἔρα
1518 4585 1624 4638 τῶν
1670 4588 1954 4657 πρωτείων

370 4673 471 4744 τῆς
495 4672 910 4744 προκαθεδρίας,
937 4672 1072 4727 ἀλλά
1089 4675 1181 4727 τὸν
1207 4673 1429 4744 ἔσχατον
1455 4676 1621 4730 τόπον
1643 4677 1919 4732 ἀπόϐλεπε
1940 4697 1953 4709 °

373 4767 625 4837 κρεῖσσον
641 4763 750 4836 γὰρ
783 4765 1012 4836 ῥηθῆναί
1044 4783 1146 4828 σοι,
1183 4767 1439 4840 ’Δνάὸηθι
1467 4762 1604 4840 πρός
1638 4788 1730 4842 με,
1757 4770 1790 4843 ἢ
1823 4772 1958 4843 πρὸς

372 4853 466 4908 τὸν
505 4854 731 4924 ἔσχατον
755 4855 919 4908 τόπον
966 4855 1294 4927 ἀποδοθῆναί
1337 4874 1396 4911 σε
1440 4861 1556 4930 μετ’
1597 4861 1856 4933 αἰσχύνης
1898 4865 1956 4919 ὲν

374 4947 654 5018 προσώπῳ
682 4946 940 5000 δυνάστου
963 4963 976 4978 ·
1012 4950 1148 5018 μήτε
1183 4949 1290 5019 γάρ
1322 4952 1581 5022 φρόνιμον
1615 4953 1804 5008 ἑαυτὸν
1852 4955 1954 5026 κή-

378 5039 732 5109 ρυττε,ημήτε
771 5039 978 5093 δίκαιον
1005 5039 1250 5109 λογίζου⁸
1288 5046 1542 5113 κρεῖσσον
1586 5044 1694 5117 γὰρ
1725 5045 1955 5118 ῥηθῆναι

377 5132 508 5202 περὶ
532 5131 626 5184 σοῦ
651 5149 665 5162 θ
705 5133 805 5186 Διὸ
834 5134 932 5187 καὶ
973 5137 1005 5186 ὁ
1037 5135 1179 5198 Θεὸς
1209 5134 1395 5187 αὐτὸν
1422 5136 1815 5205 ὑπερύψωσε,
1856 5139 1955 5192 καὶ

375 5227 699 5297 ἐχαρίσατο
730 5227 892 5294 αὐτῷ
923 5227 1112 5297 ὄνομα
1137 5229 1202 5281 τὸ
1234 5228 1386 5297 ὑπὲρ
1412 5229 1534 5285 πᾶν
1557 5230 1763 5300 ὄνομα.

463 5318 668 5372 Ὀπίσω
707 5318 854 5386 λέγει
904 5319 972 5372 τά
1013 5321 1414 5392 προγεγονότατ
1482 5321 1633 5391 φίλος
1681 5322 1737 5375 δὲ
1803 5322 1956 5392 ἡμῶν

377 5412 528 5464 ἐστιν
549 5412 578 5462 ό
607 5410 759 5473 Θεὸς,
794 5409 852 5474 ὃς
875 5407 962 5464 διὰ
993 5410 1090 5482 τὴν
1127 5412 1262 5482 πρὸς
1292 5413 1442 5484 ἡμᾶς
1472 5412 1652 5482 φιλίαν
1676 5412 1960 5484 ἄνθρωπος

377 5505 634 5575 γέγονεν’
691 5505 880 5575 εἴρηκε
927 5502 1036 5575 γὰρ
1087 5504 1248 5569 αὐτὸς
1308 5506 1444 5576 πρὸς
1487 5507 1613 5570 τοὺς
1675 5505 1955 5577 μαθητάς’

373 5593 585 5648 Οὐκέτι
612 5592 763 5663 λέγω
786 5592 940 5664 ὑμᾶς
969 5593 1230 5661 δούλους
1251 5637 1264 5659 ,
1299 5597 1464 5650 ἀλλὰ
1491 5597 1727 5666 φίλους.
1767 5597 1958 5651 Ἡνίκα

379 5689 446 5744 ἄν
492 5704 552 5740 σε
597 5687 827 5758 ὀνειδίζῃ
874 5689 901 5739 ὀ
951 5688 1137 5758 φίλος,
1167 5691 1195 5742 ὁ
1242 5690 1470 5763 Χριστὸς
1514 5691 1695 5756 λέγει,
1731 5689 1817 5742 διὰ
1863 5689 1958 5760 τὴν

2054 4487 2338 4543 scultator.
2386 4486 2465 4542 Ne
2517 4487 2664 4541 dicas
2702 4503 2716 4540 :
2751 4484 2925 4555 Super
2953 4495 3098 4540 astra
3125 4501 3316 4556 ponam
3375 4487 3630 4541 thronum

2053 4593 2252 4643 meum,
2280 4588 2334 4634 ει
2349 4593 2442 4635 ero
2455 4577 2648 4633 similis
2665 4576 3020 4632 Altissimo“.
3043 4575 3123 4630 Ne
3153 4575 3372 4632 aﬂ‘ectes
3402 4577 3632 4647 primam

2053 4673 2394 4734 cathedram,
2425 4670 2520 4726 sed
2549 4678 2857 4725 extremum
2887 4668 3067 4724 locum
3099 4676 3304 4737 specta.
3329 4669 3522 4724 Melius
3548 4681 3635 4724 est

2062 4766 2209 4821 enim
2250 4773 2311 4819 ut
2341 4763 2437 4818 tibi
2478 4763 2693 4818 dicatur
2727 4778 2742 4815 :
2773 4760 3022 4817 Ascende
3053 4763 3119 4816 ad
3154 4776 3260 4825 me,
3285 4776 3445 4830 quam
3481 4769 3542 4815 ut
3574 4763 3630 4814 in

2062 4865 2396 4926 postremum
2455 4853 2634 4908 locum
2697 4853 2962 4922 rejiciaris
3027 4868 3149 4908 cum
3211 4851 3501 4922 ignominia
3576 4855 3635 4906 in

2060 4957 2357 5019 conspectu
2391 4947 2651 5018 dynaslaa.
2696 4945 2883 5016 Neque
2911 4955 2963 5000 te
2991 4945 3310 5015 prudentem
3347 4943 3633 5014 praedices,

2060 5053 2235 5110 neque
2264 5046 2313 5094 te
2332 5038 2538 5108 justum
2564 5036 2863 5092 existimes.
2902 5034 3095 5091 Melius
3119 5043 3204 5090 est
3234 5034 3381 5090 enim
3403 5043 3462 5088 ut
3487 5035 3554 5087 de
3579 5040 3636 5089 te

2061 5131 2275 5185 dicatur
2313 5145 2326 5182 :
2360 5128 2647 5196 Propterea
2673 5125 2826 5180 illum
2860 5125 2998 5178 Deut
3030 5122 3437 5194 superexaltavit
3465 5136 3513 5176 et
3540 5124 3635 5176 do-

2059 5223 2199 5277 navit
2231 5223 2279 5276 ei
2316 5237 2503 5276 nomen
2527 5219 2666 5288 quod
2692 5229 2767 5272 est
2796 5233 2955 5288 super
2979 5233 3129 5271 omne
3157 5232 3344 5270 nomen
3379 5217 3421 5268 ⁸.

2133 5317 2152 5347 ⁷
2179 5315 2347 5369 Retro
2378 5313 2527 5379 dicit,
2554 5327 2642 5367 res
2672 5326 2792 5382 quae
2819 5310 3058 5365 fuerunt.
3103 5310 3329 5364 Amicus
3357 5322 3486 5362 vero
3533 5321 3632 5361 no-

2064 5419 2179 5464 ster
2205 5407 2369 5470 Deus,
2403 5405 2496 5475 qui
2553 5413 2779 5473 propter
2826 5416 2984 5458 suam
3007 5415 3134 5472 erga
3176 5415 3274 5457 nos
3310 5397 3636 5456 charitatem

2066 5502 2246 5556 factus
2273 5510 2357 5556 est
2388 5499 2572 5553 homo.
2605 5497 2695 5551 Ait
2715 5495 2861 5551 enim
2890 5495 3002 5563 ipse
3025 5493 3302 5564 discipulis
3333 5511 3346 5548 :
3378 5490 3501 5546 lam
3531 5503 3637 5542 non

2066 5597 2184 5650 dico
2219 5609 2306 5648 vos
2333 5608 2530 5657 servos,
2561 5591 2651 5645 sed
2675 5589 2873 5644 amicos
2902 5588 2946 5644 ⁸.
2986 5589 3048 5642 Ει
3088 5602 3209 5643 cum
3245 5595 3296 5640 te
3335 5579 3639 5650 increpabit

2069 5688 2299 5752 amicus,
2325 5685 2577 5741 Christus
2599 5681 2796 5751 inquit,
2823 5689 2935 5735 uta
2971 5688 3196 5750 peccato
3228 5677 3478 5737 absistas,
3530 5670 3639 5726 noli

452 5777 661 5830 “v.4.
739 5776 966 5832 ‘i'v.6.
1044 5780 1223 5833 av.9.
1305 5781 1491 5835 διδ.
1565 5781 1745 5835 ⁸ν.6.
1823 5780 1950 5836 ⁸⁵15

2053 5793 2151 5845 uv,
2185 5776 2270 5832 14.
2348 5774 2530 5831 “Phil.
2558 5788 2616 5839 ll,
2653 5773 2706 5826 9.
2783 5772 2802 5804 ⁷
2838 5787 2885 5824 v.
2923 5770 2977 5826 9.
3053 5769 3075 5800 ⁸
3107 5769 3263 5825 Joan.
3291 5784 3381 5828 xv,
3408 5766 3496 5820 15.

454 5869 568 5939 (9.0)
599 5869 729 5924 Cod.
774 5869 1008 5920 ὑπείκει.

659 5968 930 6026 Ριιτιιοι..
967 5967 1010 6026 G
1026 5984 1058 6022 ιι
1123 5965 1292 6024 ΧΥΗ

3327 5958 3368 6012 8
