4172 6420
541 370 650 428 2'55

1431 363 2001 424 SUPPLEMENTUM
2043 365 2133 421 AD
2168 363 2501 423 ORIGENIS
2536 365 2949 422 EXEGETICA.

3699 365 3807 422 256

539 500 917 556 contemnere;
945 490 1038 545 sed
1067 491 1219 553 cede,
1251 498 1413 559 atque
1437 491 1504 543 ad
1533 489 1765 560 priorem
1798 489 2102 545 modestiam

2226 489 2534 561 ἁμαρτίαν,
2560 490 2764 561 ταύτης
2807 486 3140 559 ἀπέχεσθαι,
3181 485 3256 558 μὴ
3291 486 3651 558 καταφρόνει,
3690 470 3807 542 ἀλλ’

538 593 834 646 revertere,
867 584 918 638 id
941 593 1026 639 est
1060 584 1126 638 ad
1153 582 1246 638 Dei
1283 583 1695 653 benignitatem.

507 751 516 794 ³
607 770 629 804 ’
658 770 903 825 Gratiam
938 770 1070 823 dicit
1111 769 1204 823 Dei
1238 779 1543 838 przecepta;
1603 768 1903 822 amicitiam
1963 784 2114 835 vero,

535 873 778 914 amorem
806 872 935 927 erga
982 857 1149 913 Deum
1179 868 1232 912 et
1263 859 1593 927 proximum.
1640 857 1742 923 Qui
1793 872 1922 912 vero
1948 858 2115 914 Deum

533 958 700 1014 autat,
731 948 982 1004 observet
1002 964 1064 1002 ea
1094 949 1232 1016 apud
1257 965 1337 1014 se,
1367 964 1431 1002 ne
1459 949 1902 1017 despcctissimus
1927 967 2114 1006 coram

530 1041 627 1097 illo
653 1042 748 1105 sit,
781 1056 901 1096 cum
933 1055 1372 1110 mmmquemqne
1404 1056 1502 1108 pro
1538 1041 1747 1094 meritis
1793 1041 1906 1096 suis
1943 1057 2116 1096 remu-

529 1133 832 1187 nerabitur.
874 1132 939 1186 Et
975 1133 1026 1186 in
1067 1131 1378 1200 Evangeliis
1427 1130 1684 1184 Salvator
1730 1130 1815 1193 iis,
1855 1133 1950 1201 qui
2007 1133 2112 1186 sibi

528 1225 907 1288 crediderant,
939 1216 1141 1278 ludatis
1168 1225 1245 1277 ait
1279 1244 1291 1278 :
1327 1221 1390 1278 Si
1418 1240 1504 1277 vos
1548 1223 1604 1275 in
1636 1222 1789 1276 verba
1818 1238 1931 1275 meo
1962 1239 2113 1278 man-

528 1317 732 1381 seritis,
762 1333 878 1370 vere
906 1316 1154 1385 discipuli
1177 1317 1277 1369 mei
1306 1317 1451 1381 estis,
1482 1325 1532 1369 et
1558 1317 1746 1367 veritas
1775 1314 2016 1368 liberavit
2048 1316 2112 1370 de

527 1409 658 1482 legis
692 1409 1145 1466 maledictione".
1185 1409 1243 1463 Si
1286 1423 1420 1476 ergo
1459 1409 1700 1462 Charitas
1731 1407 1946 1469 liberat.
1987 1408 2111 1462 Sal-

527 1513 689 1559 vator
714 1518 930 1573 quoque
955 1503 1144 1557 liberat
1174 1518 1187 1552 :
1221 1500 1472 1556 Christus
1509 1511 1690 1554 autem
1710 1510 1793 1554 est
1826 1501 2029 1554 veritas
2055 1509 2111 1554 et

525 1595 814 1651 charitas:
859 1595 1003 1648 unde
1030 1608 1216 1648 omnes
1256 1592 1351 1663 qui
1390 1592 1814 1649 habentChristi
1840 1592 2107 1657 notitiam,

526 1689 689 1743 amici
741 1687 970 1742 invicem
1006 1697 1152 1741 sunt.
1207 1687 1273 1741 Et
1317 1687 1492 1741 sancti
1547 1699 1736 1740 omnes
1785 1685 1948 1740 amici
1992 1684 2110 1752 ejus

523 1784 656 1830 sunt
688 1791 700 1826 :
735 1785 898 1844 atque
930 1775 1000 1828 ita
1051 1776 1120 1829 ob
1154 1775 1291 1830 hanc
1345 1775 1506 1830 unice
1551 1774 1895 1841 charitatem,
1945 1773 2106 1829 amici

523 1865 646 1931 Dei,
679 1867 839 1922 amici
879 1866 1108 1920 invicem
1137 1875 1285 1919 sunt.

593 1960 637 1990 ιι
675 1959 776 2024 Qui
818 1959 1042 2012 edoctus
1076 1955 1179 2011 fuit
1212 1956 1462 2021 virtutes,
1498 1969 1704 2026 easque
1748 1971 1912 2028 opere
1950 1971 2108 2011 exer-

523 2063 632 2115 cet,
662 2067 748 2106 res
780 2065 905 2106 suas
933 2049 1094 2105 facile
1122 2048 1383 2104 custodit.

591 2144 739 2198 Pone
799 2142 1038 2210 lapidem
1108 2141 1394 2195 sardinum
1484 2139 1788 2209 pretiosum
1839 2139 1894 2192 in
1940 2153 2105 2194 aurea

521 2235 734 2298 inaure,
768 2242 824 2288 et
851 2231 1175 2301 sapientiam
1206 2229 1423 2284 Domini
1466 2229 1520 2284 in
1560 2239 1746 2285 mente
1783 2229 2107 2299 cupiditati-

519 2325 622 2379 bus
656 2324 823 2378 libera
853 2333 909 2378 et
939 2324 1276 2391 obsequente
1307 2321 1433 2375 Deo.

583 2413 638 2450 ἠ
675 2417 832 2473 Sicut
863 2433 931 2472 ex
973 2417 1096 2470 nive
1143 2412 1316 2470 ﬂuens
1373 2429 1513 2482 aqua
1575 2414 1630 2468 in
1667 2413 1861 2468 messis
1921 2413 2104 2470 calore

518 2511 762 2581 prodest,
796 2517 852 2564 et
872 2518 1062 2562 aestum
1093 2508 1411 2577 refrigerat;
1449 2507 1529 2561 sic
1554 2515 1642 2561 est
1678 2506 1823 2561 Deus
1856 2520 1984 2576 erga
2032 2506 2100 2562 il-

518 2600 749 2672 los-qui
801 2606 1160 2668 susceperunt
1210 2595 1536 2664 sapientiam
1586 2602 1752 2663 atque
1812 2594 2100 2648 scientiam

517 2695 756 2763 itemque
791 2700 1062 2763 praecepta
1119 2688 1255 2757 ejus.
1304 2687 1372 2741 Et
1427 2687 1567 2742 sicut
1594 2687 1774 2740 nivem
1823 2684 2104 2756 liquefacit

515 2797 704 2854 aestus,
734 2787 806 2840 ita
840 2787 1036 2839 animae
1063 2783 1366 2854 nequitiam
1387 2780 1522 2850 justi
1549 2779 1654 2834 viri
1681 2778 2002 2835 admonitio.

591 2880 635 2913 “
663 2879 818 2934 Sicut
864 2878 1008 2933 venti
1052 2887 1116 2931 et
1153 2876 1322 2930 nubes
1374 2873 1554 2929 nautis
1598 2873 1837 2927 evidenti
1893 2873 2100 2928 indicio

514 2982 664 3038 sunt,
694 2971 986 3041 quominus
1030 2967 1374 3037 naufragium
1424 2967 1747 3030 incurrant;
1782 2963 1860 3018 ita
1891 2965 2098 3018 haben-

515 3068 665 3124 tibus
693 3065 789 3121 Dei
839 3063 1191 3134 sapientiam,
1232 3059 1370 3115 falsa
1422 3059 1648 3115 scientia
1685 3071 1754 3112 ne
1810 3073 1932 3112 cum
1983 3057 2098 3126 glo-

515 3158 788 3215 riantibus
818 3155 873 3210 in
900 3169 963 3210 ea
987 3160 1236 3224 pereant.

589 3251 636 3283 “
659 3250 812 3304 Sicut
843 3247 1063 3316 corpori
1102 3259 1225 3300 ossa
1257 3241 1632 3298 fortitudinem
1660 3239 1937 3310 roburque
1959 3254 2093 3295 con-

512 3344 718 3407 ferunt,
752 3341 828 3396 ita
863 3355 922 3396 se
948 3339 1150 3394 habent
1179 3350 1308 3407 erga
1344 3334 1580 3390 animam
1613 3333 1867 3388 virtutes.
1898 3333 2096 3388 Conte-

513 3440 588 3494 rit
620 3447 806 3492 autem
861 3447 988 3489 ossa
1044 3431 1178 3495 hazc,
1218 3443 1338 3500 qua:
1390 3435 1613 3498 peccata
1662 3440 1772 3480 non
1826 3432 2096 3494 praecavet

512 3531 716 3584 anima.
759 3523 1020 3581 Nonnulli
1065 3528 1275 3591 partem
1317 3519 1515 3573 animat
1569 3517 1921 3580 iracundam,
1954 3513 2095 3569 mol-

511 3621 616 3676 lem
653 3616 1079 3688 appellaverunt,
1111 3625 1235 3682 quae
1263 3624 1362 3665 sua
1395 3607 1596 3676 frangit
1621 3621 1747 3674 erga
1784 3605 1950 3658 Deum
1984 3604 2094 3674 spi-

511 3713 692 3769 ritalia
724 3724 869 3774 ossa,
907 3722 1028 3777 quae
1060 3707 1242 3760 dicere
1274 3701 1536 3758 deberent
1569 3718 1581 3752 :
1618 3697 1858 3762 Domine,
1913 3697 2094 3752 Domi-

510 3823 597 3871 πε,
626 3805 740 3876 quis
771 3801 960 3858 similis
989 3799 1084 3852 tibi

584 3897 632 3930 ¹⁶
657 3894 904 3951 Hominis
932 3904 1166 3960 nequam
1203 3887 1311 3951 via,
1341 3884 1586 3954 nequitia
1617 3891 1699 3938 est
1730 3899 1744 3936 :
1771 3891 1825 3936 et
1862 3896 1957 3953 pes
1982 3882 2089 3936 im-

507 3989 686 4064 p‘obi,
724 3985 1046 4059 improbitas
1079 3990 1182 4036 est.
1218 3977 1432 4035 Peribit
1461 3986 1640 4031 autem
1678 3977 1730 4030 in
1758 3975 1846 4030 die
1871 3975 2087 4045 judicii.

505 4081 860 4140 Consuetudo
889 4077 1126 4132 hominis
1161 4075 1214 4128 in
1242 4070 1509 4129 vocabulo
1539 4071 1660 4138 vite,
1691 4083 1857 4140 opera
1905 4069 1960 4123 in
1999 4084 2090 4123 vo-

505 4177 701 4235 cabulo
733 4175 883 4244 pedis
919 4170 1268 4239 intelligetur.

502 4319 507 4326 .
581 4271 626 4304 ²⁷
679 4270 836 4325 Sicut
864 4275 1077 4321 acetum
1132 4258 1372 4322 vulneri,
1423 4255 1571 4326 quod
1625 4255 1735 4323 jam
1773 4262 2090 4323 putrescere

506 4364 696 4436 cepit,
732 4359 928 4418 inutile
957 4367 1060 4424 est,
1108 4367 1422 4425 quanquam
1481 4349 1622 4406 cibis
1651 4347 1864 4404 confert
1893 4346 2087 4415 jucun-

1116 3796 1200 3850 15?

2222 582 2494 653 ἀναχὼρει
2522 582 2614 636 καὶ
2647 582 2954 652 ὑπόστρεφε
2987 581 3123 652 πρὸς
3147 579 3245 650 τὴν
3276 579 3500 651 πρώτην
3524 580 3808 652 σωφροσύ-

2221 691 2337 744 νην,
2368 675 2611 728 τουτέστι
2635 675 2770 745 πρὸς
2795 674 2896 744 τὴν
2918 671 3011 725 τοῦ
3041 670 3175 724 Θεοῦ
3200 671 3392 741 φιλανθ
3403 671 3630 742 ρωπίαν.

2290 768 2486 839 Χάριν,
2514 768 2612 831 τὰς
2642 766 2736 820 τοῦ
2763 766 2898 819 Θεοῦ
2928 766 3148 830 ἐντολάς
3182 782 3344 836 φησι·
3380 765 3562 835 φιλίαν
3589 765 3681 829 δὲ,
3706 765 3806 836 τὴν

2218 857 2356 929 πρὸς
2405 858 2494 910 τὸν
2525 857 2657 910 Θεὸν
2701 858 2794 910 καὶ
2836 855 3062 926 πλησίον
3092 855 3334 925 ἀγάπην.
3373 855 3429 909 Ὀ
3470 855 3528 909 δὲ
3573 858 3805 924 ἀγαπῶν

2216 949 2306 1003 τὸν
2336 949 2467 1002 Θεὸν
2490 949 2784 1022 τηρησάτω
2806 948 2976 1011 αὑτὰς
3010 949 3069 1000 ὲν
3103 950 3279 1017 ὲαυτῳ
3300 987 3314 1011 ,
3352 949 3440 1000 ἵνα
3483 948 3557 1020 μὴ
3593 948 3805 1002 ἐπονεί-

2215 1042 2394 1106 διστος
2425 1043 2650 1114 γένηται
2683 1045 2814 1115 παρ’
2849 1041 3016 1113 αὐτῷ,
3051 1042 3139 1095 ὅτε
3166 1041 3232 1094 τά
3257 1042 3376 1094 κατ’
3405 1040 3562 1106 ἀξίαν
3587 1042 3804 1113 ἑκάστῳ

2217 1135 2470 1206 ἀπονέμῃ
2491 1151 2503 1163 °
2527 1135 2618 1188 καί
2639 1137 2668 1188 ὁ
2689 1134 2879 1205 Σωτὴρ
2913 1135 2970 1186 tv
2998 1132 3348 1201 Εύαγγελίοις
3382 1133 3518 1203 πρὸς
3538 1133 3664 1196 τοὺς
3698 1151 3799 1186 πε-

2216 1229 2572 1291 πιστευκότας
2592 1226 2739 1297 αύτῷ
2755 1226 3039 1289 Ἰουδαίους
3069 1226 3233 1296 φησίν
3251 1241 3266 1258 ο
3305 1224 3445 1278 Ἐὰν
3474 1224 3644 1293 ὑμεῖς
3666 1227 3795 1294 μεί-

2214 1319 2356 1387 νητέ
2402 1320 2471 1372 ἐν
2500 1317 2580 1384 τῷ
2614 1321 2774 1387 λόγῳ
2817 1317 2898 1384 τῷ
2943 1316 3096 1386 ἐμῷ,
3136 1315 3375 1384 ἀληθῶς
3396 1317 3658 1385 μαθηταί
3675 1336 3799 1386 μου

2211 1412 2388 1478 ἐστέ]
2417 1411 2516 1465 καὶ
2540 1412 2576 1480 ἠ
2591 1410 2842 1476 ἀλήθεια
2860 1408 3278 1478 ἠλευθέρωσεν
3301 1408 3371 1462 ἐκ
3399 1407 3509 1476 τῆς
3535 1407 3800 1478 κατάρας

2211 1504 2319 1556 τοῦ
2356 1503 2574 1572 νόμουο
2605 1503 2652 1555 εί
2681 1498 2773 1556 οὖν
2803 1503 2836 1573 ὴ
2877 1501 3030 1570 φιλία
3079 1500 3390 1571 ἐλευθεροῖ,
3423 1501 3515 1554 καὶ
3553 1502 3582 1554 ὁ
3610 1501 3800 1573 Σωτὴρ

2211 1595 2512 1668 ἐλευθεροῖ·
2549 1595 2781 1668 Χριστὸς
2804 1594 2861 1648 δέ
2902 1597 3050 1647 ἐστιν
3082 1593 3116 1664 ἡ
3163 1593 3392 1663 ἀλήθεια
3431 1593 3526 1647 καὶ
3558 1596 3590 1660 ἡ
3623 1593 3796 1660 φιλία,

2210 1688 2334 1741 ὅθεν
2375 1689 2469 1740 καὶ
2501 1687 2704 1751 πάντες
2756 1687 2806 1739 οἱ
2840 1685 3069 1755 ἔχοντες
3101 1684 3304 1754 γνῶσιν
3345 1684 3616 1756 Χριστοῦ,
3653 1685 3799 1754 φίλοι

2210 1779 2455 1851 ἀλλήλων
2485 1779 2622 1832 είσίν
2642 1797 2654 1808 ο
2689 1777 2833 1832 οὕτω
2877 1776 2973 1831 καὶ
3003 1777 3095 1830 ἐπὶ
3128 1775 3332 1846 ταύτης
3370 1777 3528 1846 μόνον
3561 1776 3660 1848 τῆς
3703 1794 3797 1846 φι-

2138 1862 2182 1916 Β
2209 1869 2328 1933 λίας
2356 1871 2407 1923 οἱ
2434 1869 2530 1923 τοῦ
2561 1868 2728 1923 αὑτοῦ
2762 1868 2928 1938 φίλοι,
2958 1868 3054 1920 καὶ
3087 1866 3262 1921 ἀλλων
3300 1868 3408 1919 είσ)⁵
3439 1866 3602 1935 φίλοι.

2291 1963 2349 2015 '0
2371 1962 2640 2033 διδαχθεὶς
2673 1963 2804 2034 περὶ
2840 1961 2947 2015 τῶν
2977 1961 3187 2032 ἀρετῶν
3212 2001 3226 2023 ,
3262 1959 3358 2012 καὶ
3398 1957 3604 2023 ταύτας
3637 1961 3788 2031 ἐνερ-

2208 2054 2342 2124 γῶν,
2372 2053 2442 2107 τά
2475 2053 2671 2108 ἑαυτοῦ
2696 2053 2956 2124 φυλάσσει
2983 2051 3448 2114 εὐσυναλλάκτως.

2279 2144 2523 2216 Ἔμῦαλε
2550 2145 2763 2216 σάρδιον
2812 2143 3101 2207 πολυτελὲς
3151 2145 3230 2206 εἰς
3261 2145 3480 2196 ὲνωτιον
3530 2141 3786 2214 χρυσοῦν,

2206 2237 2298 2290 καὶ
2365 2239 2555 2309 σοφίαν
2605 2238 2812 2311 Κυρίου
2875 2241 2954 2302 εἰς
3011 2237 3136 2292 νοῦν
3179 2237 3364 2308 ἀπαθῆ
3413 2237 3508 2291 καὶ
3561 2237 3788 2310 εύήκοον

2207 2332 2416 2403 Κυρίῳ.

2283 2425 2493 2494 Ὥσπερ
2517 2423 2577 2476 τὸ
2603 2424 2666 2475 ὲκ
2710 2422 2884 2492 χιόνος
2931 2435 3122 2492 εκρεον
3162 2419 3305 2492 ὕδωρ
3335 2422 3392 2474 ὲν
3421 2419 3617 2492 ἀμητῷ
3645 2419 3786 2474 κατά

2205 2515 2392 2588 καῦμα
2420 2514 2640 2584 ὠφελεῖ,
2675 2516 2770 2568 καὶ
2791 2515 3057 2587 ἀναψύχει
3084 2515 3362 2576 καύσωνα,
3395 2514 3568 2577 οὔτως
3599 2515 3628 2567 ό
3653 2513 3786 2576 Θεὸς

2203 2605 2297 2658 ἐπὶ
2333 2607 2447 2668 τοῖς
2491 2604 2799 2674 δεχομένοις
2829 2605 2929 2676 τήν
2971 2622 3030 2657 τε
3056 2604 3255 2673 γνῶσιν
3288 2603 3382 2656 καὶ
3423 2602 3616 2671 σοφίαν
3640 2643 3655 2668 ,
3690 2602 3786 2654 καὶ

2202 2697 2270 2750 τά
2315 2697 2722 2770 προστάγματα
2773 2696 2972 2751 αὐτοῦ·
3024 2698 3120 2751 καὶ
3185 2696 3371 2768 ὥσπερ
3421 2695 3577 2767 χιόνα
3627 2696 3787 2766 τήκει

2202 2792 2441 2856 καύσων,
2472 2791 2613 2845 οὕτω
2640 2793 2840 2846 κακίαν
2862 2791 3059 2862 ψυχῆς,
3083 2791 3296 2845 δικαίου
3320 2789 3669 2861 παραίνεσις.

2277 2886 2489 2956 Ὠσπερ
2522 2885 2713 2956 ἄνεμοι
2761 2887 2855 2938 καὶ
2886 2885 3024 2956 νέφη
3065 2884 3378 2956 πλωτῆρσιν
3421 2883 3785 2951 ἐπιφανέστα-

2197 2995 2280 3032 τοι
2313 2979 2406 3032 τοῦ
2436 2979 2511 3050 μὴ
2538 2979 2877 3050 ναυαγῆσαι,
2925 2977 3068 3031 οὕτω
3109 2980 3222 3040 τοῖς
3268 2977 3326 3029 ὲν
3373 2975 3536 3055 σοφία
3579 2973 3714 3028 Θεοῦ
3746 2976 3781 3045 ὴ

2196 3069 2397 3143 ψευδὴς
2432 3069 2654 3139 γνῶσις,
2686 3071 2781 3125 τοῦ
2812 3071 2887 3143 μὴ
2921 3071 3017 3126 σὺν
3047 3073 3162 3134 τοῖς
3195 3069 3570 3140 καυχωμένοις
3603 3069 3658 3120 ὲν
3682 3067 3781 3119 αύ-

2196 3163 2264 3231 τῇ
2289 3159 2606 3215 ἀπολέσθαι.

2273 3253 2484 3324 Ὥσπερ
2511 3251 2587 3322 τῷ
2624 3249 2837 3322 σώματι
2886 3248 2954 3302 τὰ
2993 3249 3126 3302 ὀστᾶ
3180 3249 3331 3318 ἰσχὺς
3373 3247 3780 3317 καὶιάσφάλεια

2203 3343 2428 3416 ῥώμης,
2462 3343 2605 3397 οὓτω
2624 3345 2690 3415 τῇ
2721 3344 2866 3414 ψυχῇ
2903 3343 2959 3395 αἱ
2986 3342 3176 3413 ἀρεταὶ
3210 3339 3486 3409 πεφύκασι
3506 3355 3520 3369 ’
3562 3340 3782 3410 συντρί-

2200 3437 2284 3491 ϐει
2337 3438 2394 3491 δὲ
2434 3437 2608 3491 ταῦτα
2649 3436 2716 3490 τὰ
2761 3437 2896 3489 ὀστᾶ
2944 3435 3020 3506 μὴ
3069 3434 3601 3505 παραφυλασσομένη
3661 3435 3782 3496 ταῖς

2201 3530 2499 3602 ἁμαρτίαις
2517 3542 2534 3560 ⁶
2563 3529 2704 3592 τινὲς
2728 3528 2784 3581 δὲ
2803 3526 2900 3599 τὴν
2920 3525 3138 3598 θυμώδη
3167 3524 3342 3596 ψυχὴν
3365 3525 3656 3595 ὠνόμασαν
3685 3541 3786 3594 μα-

2199 3621 2391 3694 λακὴν,
2423 3622 2545 3692 ῆτις
2579 3620 2854 3691 συντρίϐει
2885 3619 2954 3672 τά
2984 3618 3186 3688 ἑαυτῆς
3219 3617 3353 3688 πρὸς
3379 3616 3510 3670 Θεὸν
3536 3631 3784 3685 πνευμα-

2197 3715 2327 3768 τικά
2352 3713 2484 3766 ὀστᾶ
2508 3753 2524 3777 ,
2555 3712 2626 3767 τὰ
2658 3711 2938 3782 πεφυκότα
2962 3710 3142 3778 λέγειν
3165 3724 3180 3740 ο
3212 3708 3411 3776 Κύριε,
3453 3707 3628 3775 Κύριε
3646 3747 3661 3772 ,
3689 3706 3782 3772 τίς

2198 3806 2401 3876 ὅμοιός
2429 3819 2528 3858 σοι
2547 3820 2566 3867 ;

2270 3896 2456 3950 Κακοῦ
2484 3897 2632 3962 ὁδὸς,
2664 3898 2697 3968 ἡ
2728 3894 2894 3950 κακία
2931 3892 3083 3948 ἐστί’
3127 3889 3222 3946 καὶ
3268 3889 3402 3955 ποῦς
3438 3888 3778 3961 παρανόμου,

2197 3992 2231 4062 ἡ
2259 3989 2568 4061 παρανομία
2592 3989 2742 4042 ἐστίν
2765 4006 2779 4019 ·
2821 3987 3099 4041 ἀπολεῖται
3120 3983 3176 4038 δὲ
3208 3985 3266 4037 tv
3299 3983 3481 4054 ἡμέρᾳ
3525 3981 3622 4051 τῆς
3652 3977 3777 4048 κρί-

2199 4101 2336 4146 σεως
2356 4100 2369 4114 °
2404 4082 2516 4148 ἕεις
2549 4081 2636 4134 διὰ
2661 4081 2761 4153 τῆς
2789 4078 2932 4144 ὁδοῦ,
2968 4077 3063 4132 καὶ
3087 4076 3336 4147 ἐνέργεια
3363 4072 3453 4127 διά
3489 4070 3583 4124 τοῦ
3617 4069 3778 4135 ποδὸς

2197 4175 2542 4247 νοηθήσεται.

2267 4269 2474 4338 Ὥσπερ
2505 4265 2568 4318 τὸ
2597 4262 2720 4327 ὅξος
2745 4262 2802 4313 tv
2844 4259 2992 4312 Ducat
3019 4257 3114 4310 τοῦ
3164 4257 3340 4328 ἀρχὴν
3375 4256 3536 4328 σῆψιν
3563 4254 3777 4326 ἔχοντος

2195 4354 2534 4425 ἀσύμφορον,
2565 4350 2743 4404 καίτοι
2777 4346 3062 4419 βρώματος
3081 4347 3192 4417 (21)
3226 4347 3377 4410 ὄντος
3409 4348 3488 4408 είς
3517 4344 3776 4416 ἡδύτητα,

507 4459 766 4521 ditatem;
803 4453 876 4507 ita
909 4450 1156 4506 mulieris
1187 4453 1514 4514 conspectus
1552 4450 1606 4496 et
1633 4439 1961 4509 colloquium
1991 4452 2090 4492 cor
2195 4447 2337 4500 οὕτω
2364 4441 2622 4513 γυναικὸς
2655 4437 2857 4510 θεωρία
2882 4439 2976 4492 και
3003 4437 3188 4508 ὁμιλία
3217 4437 3446 4509 καρδίαν
3471 4437 3778 4507 σπαράσσει

507 4547 776 4604 dilacerat
799 4542 924 4607 viri,
953 4540 1046 4608 qui
1078 4553 1137 4594 se
1159 4535 1347 4590 virtuti
1380 4533 1634 4588 addicere
1660 4538 1926 4600 ceperat.
1953 4527 2087 4581 Nam

2206 4541 2289 4591 τοῦ
2323 4535 2457 4608 πρὸς
2483 4532 2682 4605 ἀρετὴν
2712 4531 2903 4585 ἑαυτὸν
2928 4531 3175 4593 ἐκδόντος
3208 4530 3302 4583 καὶ
3335 4528 3507 4601 ἀρχὴν
3539 4527 3774 4598 ἔχοντος.

507 4654 632 4710 quae
658 4635 853 4692 incidit
880 4634 932 4688 in
968 4646 1063 4686 cor
1087 4627 1402 4690 commotio,
1436 4624 1679 4694 nequitia
1713 4632 1825 4688 est;
1858 4635 1964 4690 qua
1994 4620 2084 4690 qui

2206 4627 2270 4680 Γὸ
2291 4626 2399 4697 γὰρ
2427 4625 2765 4695 προσπίπτον
2791 4624 2858 4694 τῇ
2889 4620 3087 4692 καρδία
3113 4618 3306 4684 πάθος,
3336 4621 3370 4689 ἡ
3396 4618 3562 4671 κακία
3591 4616 3738 4670 ἐστίν
3758 4635 3774 4650 ·

509 4707 721 4796 carent,
784 4727 1042 4782 dicuntur
1095 4715 1595 4790 imperturbabiles.
1642 4743 1715 4756 —
1763 4711 1965 4767 Maeror
2009 4719 2093 4766 est

2206 4716 2258 4794 ἧς
2296 4719 2436 4773 κατά
2466 4717 2721 4789 στέρησιν
2759 4733 2908 4779 τινες
2951 4713 3180 4776 ἀπαθεῖς
3216 4707 3775 4783 ὀνομάζονται.-Λύ·

517 4825 722 4879 cad'uca
774 4821 993 4875 caducae
1035 4812 1334 4884 voluptatis
1389 4809 1622 4881 privatio
1677 4826 1692 4861 :
1733 4807 1829 4862 sed
1873 4805 1961 4859 ille
2010 4813 2096 4859 est

2206 4829 2268 4882 ιτη
2299 4811 2415 4863 ἐστι
2443 4808 2655 4881 φθαρτὴ
2683 4808 2938 4879 στέρησις
2971 4805 3217 4877 φθαρτῆς
3265 4805 3457 4875 ἡδονῆς
3482 4820 3495 4834 ·
3538 4801 3682 4874 λύπη
3716 4801 3775 4855 δέ

510 4913 800 4972 laudabilis
851 4923 1087 4974 maror,
1137 4906 1230 4975 qui
1293 4905 1363 4961 ob
1419 4901 1781 4974 privationem
1830 4898 2092 4952 virtutum

2206 4905 2340 4955 tactv
2365 4901 2622 4972 ἐπαινετὴ
2649 4901 2902 4972 στέρησις
2937 4897 3147 4970 ἀρετῶν
3181 4899 3275 4950 καὶ
3311 4895 3564 4966 γνώσεως
3590 4893 3747 4948 Θεοῦ.

506 5008 862 5074 scientiaeque
892 5003 989 5059 Dei
1023 4999 1310 5068 contingit.

580 5100 703 5141 ¹⁸-¹⁹
733 5099 936 5154 Panem
989 5094 1090 5149 hoc
1121 5093 1248 5146 loco‘
1272 5087 1500 5145 solidam
1555 5085 1933 5140 manda-torum
1996 5080 2089 5134 Dei

2269 5087 2463 5157 Ἄρτον
2488 5081 2722 5137 ἐνταῦθα
2753 5082 2851 5154 τὴν
2893 5080 3119 5155 στερεὰν
3161 5079 3268 5135 τῶν
3292 5077 3520 5132 ἐντολῶν
3547 5077 3645 5148 τῆς
3669 5077 3775 5148 ψυ-

506 5210 689 5251 escam
741 5191 938 5245 anima:
967 5187 1116 5243 dicit.
1153 5183 1322 5238 Polus
1344 5194 1474 5237 vero
1518 5178 1764 5234 divinam
1799 5174 2086 5231 scientiam

2206 5179 2300 5249 χῆς
2327 5178 2532 5250 τροφήν
2565 5191 2725 5245 φησι·
2760 5174 2908 5244 πόμα
2940 5173 3025 5233 δὲ.
3062 5174 3160 5240 τὴν
3188 5169 3338 5224 θείαν
3373 5171 3567 5238 γνῶσιν
3590 5167 3775 5241 δηλοῖο

508 5287 799 5357 signiﬁcat.
837 5282 1114 5340 Carbones
1139 5276 1280 5339 ignis
1313 5273 1548 5344 appellat
1597 5267 1933 5326 sacrosancti
1966 5265 2089 5334 Spi-

2206 5270 2476 5341 ἄνθρακας
2531 5267 2590 5320 δὲ
2644 5265 2816 5336 πυρὸς
2866 5267 2964 5328 τὰς
3017 5265 3111 5318 τοῦ
3147 5263 3415 5332 παναγίου
3455 5261 3777 5330 Πνεύματος

507 5349 648 5436 ritus
682 5380 845 5442 dona,
890 5389 1010 5445 quae
1057 5371 1350 5426 amburunt
1402 5375 1746 5436 purgantque
1803 5359 2084 5415 hominum

2206 5359 2430 5429 δωρεὰς,
2476 5356 2574 5420 τὰς
2618 5355 2979 5425 φλογιζούσας
3019 5353 3114 5407 καὶ
3151 5351 3518 5421 καθαιρούσας
3545 5350 3641 5412 τάς
3668 5349 3776 5401 τῶν

506 5475 663 5528 vitia.
698 5469 906 5524 Etenim
942 5466 1112 5537 ignito
1140 5461 1380 5518 carbone
1412 5459 1590 5528 tetigit
1620 5453 1912 5523 aliquando
1941 5466 2087 5505 sera-

2206 5448 2496 5521 ὶνθρώπων
2529 5446 2775 5518 ῥυτίδας·
2811 5444 3044 5515 ἄνθρακι
3073 5443 3182 5514 γὰρ
3209 5440 3379 5512 πυρὸς
3404 5439 3514 5491 τῶν
3551 5439 3774 5490 Ἡσαΐου

505 5567 705 5638 phinus
736 5562 888 5616 Isaia:
920 5559 1058 5614 labia
1092 5573 1104 5609 :
1138 5555 1232 5626 qui
1263 5553 1601 5625 purificatus,
1634 5547 1846 5604 cunctis
1871 5553 2082 5614 postea,

2206 5541 2466 5613 σεραφεὶμ
2502 5538 2642 5607 θίγει
2675 5536 2897 5608 χειλέων
2918 5534 3044 5587 ποτέ
3081 5549 3094 5564 ο
3125 5536 3152 5586 ὁ
3171 5533 3227 5585 δὲ
3245 5531 3654 5604 καθηράμενος,
3683 5531 3775 5580 Δι-

575 5690 598 5718 ⁹
628 5703 679 5740 v.
731 5682 818 5737 10.
936 5681 980 5712 ¹⁰
1013 5678 1165 5732 Ioan.
1210 5693 1328 5743 vni,
1362 5677 1452 5732 51.
1539 5674 1580 5706 ¹¹
1612 5686 1661 5727 v.
1707 5671 1794 5725 ll.
1878 5669 1919 5700 ¹²
1948 5683 1996 5722 v.
2041 5666 2128 5721 13.

503 5757 548 5787 ’⁷
573 5773 626 5811 v.
652 5757 743 5808 20.
823 5753 937 5792 ‘3-‘9
968 5767 1014 5802 ν.
1045 5749 1135 5802 21.

578 5846 688 5917 till)
718 5845 754 5899 Ι.
791 5859 861 5900 m.
907 5840 1198 5916 βρώμασιν.

2227 5665 2268 5696 ¹³
2298 5680 2343 5720 v.
2384 5663 2470 5718 ﬂ.
2555 5661 2600 5695 ιδ
2630 5678 2678 5715 v.
2703 5659 2790 5714 15.
2887 5658 2928 5688 ⁸⁵
2959 5656 3107 5713 Psal.
3134 5669 3322 5738 sum,
3347 5653 3435 5709 10.
3528 5650 3574 5683 ¹⁶
3598 5665 3648 5705 v.
3685 5648 3775 5704 19.
