4172 6414
391 379 497 435 237
556 357 558 360 ’
1552 388 1918 446 EXPOSITIO
1943 389 2011 445 IN
2039 390 2431 451 PROVERBIA
2765 426 2773 437 ο
3537 413 3645 470 ess

393 493 684 566 καιοσύνην
713 496 943 568 μάθετε,
978 500 1142 553 πᾶσιν
1183 502 1490 574 ἐκραύγαζε
1512 523 1525 536 ο
1558 505 1647 560 διὰ
1694 505 1804 578 γὰρ
1846 507 1950 560 ταύη

2051 508 2282 567 Discite
2303 520 2596 580 justitiam,
2635 513 2926 581 clamabat.
2970 519 3084 577 l-lac
3111 521 3293 592 itaque
3326 524 3448 581 vitat
3487 529 3646 584 boni-

392 601 495 654 της
531 587 633 656 τῆς
658 590 1022 661 χρηστότητος
1067 593 1160 646 καὶ
1189 594 1435 660 εὐποιίας
1473 597 1780 671 καθαρίζων
1805 601 1950 655 αύτοῐ

2073 608 2185 655 tate
2215 616 2282 655 ac
2331 604 2656 662 rectitudine
2699 623 2937 679 purgans
2985 587 3219 670 mentem
3254 626 3422 686 tuam,
3457 619 3646 690 igneas

391 674 456 728 τὸ
503 677 860 748 ἡγεμονικὸν,
903 680 1002 744 τάς
1045 685 1356 756 πυρφόρους
1400 688 1628 760 χάριτας
1673 693 1767 745 τοῦ
1813 695 1968 763 ἁγίου

391 766 711 838 Πνεύματος
735 772 984 843 ποιήσεις
1003 773 1168 827 αὑτὸν
1193 776 1502 848 βιασθῆναι,
1529 781 1589 833 οὑ
1618 783 1777 852 μόνον
1802 801 1968 856 προσ-

386 857 678 924 λαϐέσθαι,
706 859 845 915 ἀλλά
876 863 970 916 καὶ
1004 863 1252 938 ζηλωτήν
1296 886 1391 922 σου
1439 871 1601 926 αὐτὸν
1651 874 1860 946 ἐργάσῃ
1909 878 1968 931 ἐν

387 949 536 1022 πάσῃ
561 951 898 1027 ἀγαθοεργίᾳ
917 997 932 1021 ,
958 956 1035 1022 ὡς
1073 961 1333 1031 προξένου
1364 980 1460 1018 σου
1489 967 1772 1035 γεγονότος
1800 969 1964 1024 αὐτοῦ

387 1042 446 1094 ἐν
471 1044 606 1096 πᾶσι
631 1044 708 1115 τῷ
730 1046 849 1117 Θεῷ
878 1049 1071 1117 φίλοις.

457 1134 561 1188 Τὸν
583 1135 825 1191 διάϐολον
856 1135 976 1193 εἷπε
1024 1141 1316 1213 πρόσωπον
1357 1147 1575 1213 ἀναιδὲς
1599 1189 1612 1214 ,
1651 1151 1965 1222 ἐρεθίζοντα

385 1226 482 1298 τὴν
521 1227 699 1302 ψυχὴν
737 1233 876 1303 πρὸς
925 1235 1158 1301 κακίαν,
1197 1239 1290 1291 καὶ
1315 1239 1621 1312 ἐγείροντα,
1651 1245 1728 1308 ὡς
1761 1244 1964 1317 βορρᾶς

386 1319 546 1390 νέφη,
574 1321 867 1393 λογισμοὺς
898 1328 965 1396 τῇ
1007 1325 1150 1399 ψυχῇ
1180 1335 1479 1404 πονηρούς⁶
1506 1337 1780 1408 πανταχοῦ
1826 1337 1882 1392 δὲ
1934 1342 1963 1391 ὁ

384 1413 634 1484 Σολομῶν
657 1414 908 1483 γλῶσσαν
933 1418 1023 1472 τὸν
1049 1419 1175 1474 νοῦν
1199 1421 1380 1492 λέγει·
1413 1424 1573 1480 τοῦτο
1592 1424 1686 1482 οῦν
1705 1430 1765 1484 τὸ
1796 1431 1962 1503 πρόσ-

381 1524 530 1560 ωπον
553 1508 816 1563 αἰδεῖσθαι
845 1514 903 1564 ὲν
927 1511 1109 1584 κρίσει
1141 1516 1202 1568 οὐ
1228 1517 1411 1572 καλόν.

467 1601 730 1655 Ἐνταῦθα
771 1598 864 1656 οὖν
917 1605 1104 1658 πίπτει
1150 1606 1356 1672 δίκαιος
1410 1609 1533 1674 νοῦς
1592 1611 1820 1668 ἐνώπιον
1867 1615 1958 1670 τοῦ

381 1692 612 1755 Σατανᾶ,
645 1693 903 1765 λογισμὸν
925 1697 1250 1769 ἀκάθαρτον,
1285 1700 1318 1772 ἢ
1347 1700 1539 1771 ψευδὲς
1565 1704 1741 1776 δόγμα
1774 1707 1960 1762 ὑποδε-

381 1785 768 1859 ξάμενος-τὴν
795 1789 852 1842 δὲ
884 1791 1066 1862 πηγὴν
1089 1792 1190 1862 τῆς
1229 1794 1423 1863 σοφίας
1449 1796 1679 1868 φράσσοι
1708 1818 1792 1866 τις
1821 1802 1958 1857 ἀπο-

2070 693 2244 747 sancti
2271 691 2506 761 Spiritus
2553 698 2759 765 gratias
2788 715 2953 772 coges
2992 719 3112 759 eam
3142 722 3250 762 non
3281 710 3456 765 solum
3501 715 3638 768 reci-

2069 796 2221 852 pere,
2252 785 2347 840 sed
2380 786 2687 843 studiosum
2728 791 2805 845 tui
2837 795 3092 850 eumdem
3122 797 3386 868 Spiritum
3440 801 3642 858 eﬂicies

2067 871 2135 924 ad
2162 886 2325 928 omne
2358 874 2607 932 beneficii
2654 894 2865 949 genus:
2909 885 3109 955 quippe
3134 889 3225 958 qui
3275 892 3459 948 omnia
3520 909 3642 963 quae

2068 972 2196 1018 sunt
2224 962 2335 1020 Deo
2371 967 2568 1035 placita
2598 972 2694 1027 tibi
2725 975 3054 1045 impertitur.

2138 1149 2184 1183 ¹⁰
2217 1151 2500 1210 Diabolum
2557 1156 2696 1214 dixit
2747 1159 2939 1216 faciem
2989 1161 3390 1234 impudentem,
3441 1169 3639 1241 quippe

2064 1240 2156 1311 qui
2186 1245 2425 1300 animam
2459 1246 2526 1300 ad
2574 1249 2770 1305 vitium
2826 1251 3026 1317 irritat,
3079 1257 3427 1328 excitatque,
3469 1240 3637 1318 veluti

2063 1334 2238 1389 nubes
2287 1337 2656 1406 aquilonares,
2687 1356 2886 1410 pravas
2930 1344 2983 1398 in
3033 1347 3215 1402 anima
3244 1352 3634 1419 cogitationes.

2069 1423 2276 1495 Ubique
2313 1443 2441 1483 vero
2463 1429 2719 1487 Salomon
2748 1433 2988 1504 linguam
3011 1453 3110 1507 pro
3137 1450 3316 1496 mente
3347 1442 3498 1502 dicit.
3527 1443 3640 1499 Hu-

2056 1518 2354 1587 iuscemodi
2380 1536 2510 1593 ergo
2536 1523 2732 1580 faciem
2761 1527 2812 1581 in
2832 1528 3041 1598 judicio
3065 1532 3300 1587 revereri
3324 1549 3431 1590 non
3456 1537 3634 1596 decet.

2130 1612 2173 1644 “
2206 1611 2306 1666 Hic
2347 1627 2476 1683 ergo
2515 1614 2706 1673 licitur
2733 1633 2886 1673 mens
2921 1618 3064 1687 iusta
3095 1623 3292 1679 cadere
3315 1640 3499 1680 coram
3530 1627 3634 1684 Sa-

2061 1711 2210 1771 tana,
2237 1704 2364 1759 dum
2392 1705 2657 1775 impuram
2680 1711 3086 1781 cogitationem,
3111 1725 3207 1770 aut
3226 1716 3417 1774 falsum
3440 1720 3637 1793 dogma

2059 1798 2304 1867 suscipit.
2335 1797 2565 1855 Fontem
2599 1803 2881 1872 sapientiae
2916 1805 2964 1859 is
2990 1808 3228 1864 obstruit
3269 1811 3361 1880 qui
3388 1813 3504 1883 ejus
3533 1831 3632 1872 no-

381 1879 746 1950 στρεφόμενος
778 1881 876 1952 τὴν
902 1881 1104 1951 γνῶσιν
1127 1885 1316 1956 αὐτῆς,
1343 1887 1438 1940 καὶ
1464 1887 1561 1960 τὴν
1604 1890 1833 1958 διέξοδον
1860 1896 1950 1968 τῆς

2061 1887 2234 1943 titiam
2280 1891 2507 1961 reSpuit,
2545 1901 2600 1947 et
2648 1891 2853 1948 ﬂuxum
2910 1897 3158 1954 scientia:
3215 1899 3310 1956 Dei
3367 1879 3634 1961 so'rdidat.

380 1968 630 2036 γνώσεως
642 1970 734 2024 τοῦ
753 1972 888 2026 Θεοῦ
913 1975 1248 2048 ἀπορρυπῶν
1260 1976 1328 2031 τά
1347 1977 1458 2050 (22)
1477 1995 1491 2009 ’
1507 1979 1564 2034 δὲ
1587 1983 1833 2055 νοήματα
1863 1987 1957 2040 τοῦ

381 2057 471 2110 νοῦ
495 2099 510 2124 ,
543 2059 613 2113 τὰ
660 2060 760 2131 μὲν
787 2060 1055 2133 πτώματα
1080 2063 1361 2134 λέγονται,
1389 2066 1458 2120 τά
1491 2068 1549 2122 δὲ
1575 2068 1822 2142 ὲγέρσεις
1841 2113 1855 2137 ,
1889 2074 1958 2128 τὰ

379 2149 435 2202 δὲ
471 2150 740 2222 καθέδρα,
764 2152 831 2206 τὰ
858 2153 914 2206 δὲ
945 2154 1162 2221 στάσις,
1189 2157 1284 2211 καὶ
1315 2157 1448 2214 ἄλλα
1489 2161 1824 2234 περίπατος,
1863 2167 1957 2219 καί

379 2258 497 2294 τινα
544 2242 723 2297 αὐτῶν
774 2245 1178 2318 προσκόμματα
1239 2249 1599 2322 ὀνομάζεται,
1652 2256 1748 2310 καί¹
1823 2257 1959 2314 ἄλλα

379 2335 592 2406 σκληρὰ
621 2337 714 2389 καὶ
745 2338 984 2408 μαλακὰ,
1009 2340 1104 2393 καὶ
1129 2341 1302 2413 εὐώδη
1332 2345 1426 2398 καὶ
1452 2345 1682 2420 δυσώδη,
1711 2350 1805 2402 καὶ
1831 2349 1958 2420 γλυ-

378 2429 500 2479 κεῖα
521 2427 615 2480 καὶ
649 2429 844 2502 πικρὰ,
871 2431 965 2484 καὶ
989 2431 1109 2486 λεῖα
1139 2433 1236 2486 καὶ
1270 2435 1407 2508 ὀρθά
1425 2477 1440 2501 ,
1471 2439 1566 2492 καὶ
1601 2439 1825 2510 σχολιά·
1860 2444 1956 2497 καὶ

377 2515 571 2581 πάλιν,
596 2517 666 2571 τὰ
697 2519 794 2590 μὲν
825 2519 988 2574 αὑτοῦ
1017 2522 1262 2579 καλεῖται
1300 2525 1533 2582 ἄκανθαι
1569 2530 1663 2582 καὶ
1695 2532 1952 2602 τρίϐολοι,

379 2607 444 2661 τὰ
482 2609 538 2661 δὲ
582 2609 698 2679 φῶς
725 2612 820 2665 καλ⁸
844 2613 1067 2679 σκότος,
1097 2616 1189 2670 καὶ
1218 2617 1332 2691 ζωὴ
1363 2620 1456 2675 καὶ
1485 2620 1742 2686 θάνατος·
1769 2623 1839 2679 τά
1873 2625 1951 2692 δὲ,

376 2701 526 2766 νόσος
557 2704 652 2758 καὶ
684 2704 882 2773 ὑγίεια,
925 2708 1016 2761 καὶ
1046 2708 1176 2764 ἄλλα
1234 2711 1396 2766 πάλιν
1437 2713 1760 2786 ὀνομάζεται
1818 2717 1949 2788 ψεῦ-

374 2793 458 2856 δος
484 2794 579 2848 καὶ
629 2795 888 2867 ἀλήθεια,
939 2801 1032 2854 καὶ
1066 2801 1236 2855 πολλά
1284 2803 1448 2876 ἕτερα
1495 2806 1737 2878 ὀνόματα
1774 2809 1954 2882 τίθησι

375 2885 588 2958 Γραφὴ,
617 2890 760 2943 κατά
786 2907 845 2943 τε
865 2892 963 2962 τῆς
989 2893 1168 2964 ψυχῆς
1200 2897 1295 2949 καὶ
1321 2896 1430 2951 τῶν
1449 2900 1736 2970 νοημάτων
1758 2903 1949 2973 αὐτῆς.

374 2978 560 3048 Ὀλίγα
607 2981 664 3034 δὲ
697 2983 763 3035 ὲκ
800 2983 1009 3038 πολλῶν
1045 2985 1193 3040 ἐστιν
1231 2988 1436 3043 εἰπεῖν·
1477 2989 1594 3044 ἐστι
1648 2991 1705 3046 δὲ
1742 2993 1947 3049 ταῦτα·

373 3069 499 3123 νοῦν
518 3110 534 3134 ,
555 3069 733 3143 ψυχὴν
757 3113 772 3137 ,
807 3073 1062 3146 καρδίαν,
1093 3075 1379 3149 ἄνθρωπον
1397 3117 1413 3144 ,
1451 3079 1620 3152 ἄνδρα
1639 3122 1654 3146 ,
1694 3086 1949 3152 γυναῖκα,

372 3159 590 3227 δοῦλον,
621 3163 871 3236 οἰκέτην,
901 3165 1114 3238 πατέρα
1139 3206 1155 3233 ,
1186 3167 1304 3223 υίὺν
1323 3208 1338 3234 ,
1364 3168 1613 3242 πνεῦμα,
1649 3171 1947 3244 ὀφθαλμὸν,

375 3252 571 3324 στόμα,
605 3254 780 3327 χείλη,
814 3257 1097 3325 γλῶσσαν,
1128 3259 1412 3332 λάρυγγα,
1451 3262 1694 3330 κοιλίαν,
1727 3265 1949 3333 κόλπον,

374 3343 658 3416 βραχίονα,
712 3347 1001 3416 δάκτυλον,
1058 3353 1346 3425 μυκτῆρα,
1392 3355 1698 3427 πρόϐατον,
1742 3357 1948 3430 ἔριφον,

373 3439 629 3510 ποιμένα,
661 3431 755 3495 καῖ
776 3442 912 3497 ἀλλα
938 3444 1160 3500 πλείονα
1192 3448 1434 3519 ὀνόματα
1457 3450 1556 3522 τῆς
1575 3450 1756 3524 ψυχῆς
1775 3493 1791 3519 ,
1822 3453 1859 3508 ἃ
1885 3455 1949 3510 οὐ

369 3528 594 3585 δυνατὸν
615 3532 712 3587 νῦν
736 3534 1079 3606 παραθέσθαι
1099 3541 1218 3592 κατ’
1243 3535 1400 3604 εἶδος.

443 3623 644 3696 Βουλὴν
673 3621 826 3680 εἶπεν
868 3629 1102 3684 ἐνταῦθα
1139 3630 1237 3702 τὴν
1265 3631 1360 3686 ἐπὶ
1408 3634 1469 3685 τὸ
1491 3637 1735 3706 κρεῖττον
1774 3637 1948 3707 ῥοπὴν

368 3713 469 3785 τῆς
492 3715 746 3786 καρδίας·
784 3719 913 3772 ὅταν
938 3735 1019 3784 τις
1062 3721 1162 3775 οὐκ
1209 3723 1636 3795 ἐπικαλούμενος
1677 3726 1774 3798 τὴν
1819 3727 1946 3799 βοή-

369 3806 521 3863 θειαν
549 3810 642 3863 τοῦ
670 3809 806 3864 Θεοῦ
833 3813 890 3865 ἐν
915 3812 1114 3883 ἑαυτῷ,
1149 3815 1229 3877 είς
1258 3813 1451 3886 βουλὴν
1484 3817 1684 3889 ποιήσῃ
1714 3835 1766 3872 τι
1809 3821 1945 3889 ἀγα-

369 3897 461 3953 θὸν
492 3901 630 3971 μετά
661 3902 907 3972 σκέψεως
929 3944 946 3969 ,
977 3904 1112 3958 ἀλλά
1139 3904 1387 3969 αὐθαδῶς
1430 3907 1526 3960 καὶ
1557 3907 1947 3981 ἀλαζονευόμε-

367 4010 455 4057 νος
485 3993 716 4066 ἄρξηται
743 4013 756 4026 ·
787 3996 849 4049 οὐ
866 3996 1248 4070 τελεσθήσεται
1281 3998 1359 4063 δὲ,
1392 3997 1528 4051 ἀλλά
1555 4002 1947 4074 συμπτωθήσε-

364 4104 458 4142 ται
487 4087 517 4142 ὃ
544 4089 832 4162 ἐπιχειρεῖ,
863 4090 948 4142 ὅτι
974 4089 1036 4142 οὐ
1071 4089 1465 4162 περιετείχισεν
1497 4090 1689 4146 ἑαυτὸν
1721 4095 1787 4164 τῇ
1818 4092 1945 4165 βοη-

366 4179 488 4254 θείᾳ
511 4182 606 4236 τοῦ
635 4181 770 4238 Θεοῦ
805 4183 888 4247 είς
916 4180 1134 4254 βουλήν.

2057 1979 2178 2036 Jam
2225 1983 2424 2038 mentis
2480 1983 2861 2054 cogitationes,
2912 1990 3075 2044 modo
3119 1989 3302 2060 lapsus
3353 1993 3632 2062 dicuntur,

2057 2073 2219 2128 modo
2253 2077 2639 2142 surrectiones,
2672 2080 2832 2134 modo
2861 2081 3041 2148 sedes,
3074 2083 3234 2138 modo
3265 2091 3461 2153 status,
3510 2086 3632 2142 aliae

2057 2163 2372 2231 ambulatio,
2405 2165 2524 2220 alia:
2549 2165 2873 2224 oﬂ'endicula
2909 2171 3252 2240 vocitantur;
3311 2175 3432 2230 alia-
3457 2175 3628 2242 duraz,

2056 2253 2174 2309 alia:
2227 2255 2437 2321 molles,
2489 2265 2544 2312 et
2576 2258 2867 2315 odoriferae
2913 2270 2968 2316 et
3017 2273 3293 2332 putentes,
3342 2275 3398 2322 θ·
3445 2266 3634 2325 dulces

2057 2355 2221 2415 atque
2248 2361 2470 2415 amarae,
2501 2361 2554 2403 et
2588 2349 2758 2420 planae
2802 2360 2966 2422 atque
2990 2363 3190 2410 erectae
3231 2367 3286 2412 et
3314 2358 3627 2417 salebrosas.

2056 2435 2125 2492 Et
2157 2437 2392 2507 insuper.
2449 2438 2558 2494 Res
2589 2439 2828 2509 ejusdem
2861 2443 3101 2515 (mentis)
3139 2449 3334 2516 partim
3369 2461 3634 2508 vocantur

2056 2530 2222 2599 spinae
2257 2545 2320 2585 ac
2348 2531 2552 2596 tribuli,
2603 2549 2810 2589 necnon
2853 2535 2966 2604 lux,
3002 2538 3256 2605 tenebrm,
3297 2539 3431 2607 vita,
3458 2558 3628 2598 mors.

2053 2623 2191 2678 Aliae
2221 2624 2467 2692 morbus,
2492 2625 2717 2681 sanitas.
2741 2627 2879 2682 Aliae
2906 2637 3169 2698 praeterea
3203 2632 3458 2688 dicuntur
3482 2649 3630 2690 men-

2053 2715 2291 2783 dacium,
2315 2717 2517 2773 veritas
2551 2735 2566 2772 :
2591 2727 2646 2772 et
2672 2717 2825 2788 plura
2848 2721 2952 2774 alia
2979 2721 3201 2777 nomina
3231 2723 3460 2795 imponit
3483 2727 3632 2783 Scri-

2052 2814 2213 2875 ptura
2263 2807 2460 2863 anime
2510 2809 2675 2863 rebus
2724 2818 2781 2864 et
2831 2811 3258 2880 cogitationibus
3313 2815 3447 2883 ejus.
3518 2817 3626 2872 Sed

2055 2911 2224 2966 pauca
2250 2911 2281 2954 e
2314 2898 2501 2954 multis
2530 2900 2711 2956 dicere
2741 2901 2951 2972 placet;
2987 2917 3182 2973 nempe
3215 2914 3472 2973 mentem,
3507 2910 3629 2964 ani-

2051 3004 2220 3056 mam,
2263 3005 2379 3056 cor,
2425 2991 2725 3058 hominem,
2767 2995 2966 3063 virum,
3029 2997 3337 3066 mulierem,
3379 3015 3623 3068 servum,

2053 3080 2430 3152 domesticum,
2470 3092 2706 3154 patrem,
2735 3084 2927 3154 ﬁlium,
2957 3087 3233 3158 spiritum,
3263 3090 3502 3156 oculum,
3536 3109 3624 3165 os,

2051 3173 2218 3240 labia,
2251 3174 2508 3245 linguam,
2539 3185 2748 3248 guttur,
2780 3189 3054 3248 ventrem,
3085 3180 3288 3247 sinum,
3315 3184 3620 3250 brachium,

2003 3261 2020 3277 '
2053 3263 2298 3334 digitum,
2323 3280 2504 3331 nares,
2531 3265 2760 3337 lignum,
2785 3283 2965 3336 ovem,
2994 3270 3229 3338 haedum,
3251 3283 3546 3343 pastorem,
3570 3289 3630 3333 et

2051 3360 2158 3416 alia
2191 3362 2343 3431 plura
2396 3363 2614 3418 nomina
2671 3366 2888 3435 animae,
2937 3383 3061 3439 quae
3109 3385 3254 3426 nunc
3302 3371 3624 3444 singillatim

2050 3455 2277 3526 proferri
2305 3467 2599 3528 nequeunt.

2121 3636 2248 3678 “-"
2271 3636 2571 3695 Consilium
2605 3656 2750 3698 nunc
2781 3641 3104 3699 dicitcordis
3139 3644 3208 3700 ad
3224 3647 3480 3702 virtutem
3503 3663 3625 3704 mo-

2056 3736 2187 3782 tum.
2220 3727 2354 3784 Cum
2385 3730 2582 3799 aliquis
2610 3731 2702 3788 Dei
2732 3733 2995 3788 auxilium
3025 3735 3126 3791 sibi
3159 3751 3265 3791 non
3293 3738 3626 3797 invocaverit

2049 3820 2202 3887 quasi
2227 3820 2294 3874 ad
2326 3823 2637 3891 consilium,
2669 3833 2730 3879 ut
2770 3823 2897 3879 boni
2932 3825 3134 3896 aliquid
3163 3830 3503 3887 considerate
3549 3832 3630 3888 {a-

2043 3912 2185 3979 ciat;
2233 3912 2328 3967 sed
2371 3915 2630 3970 audacter
2655 3924 2820 3984 atque
2856 3918 3090 3987 superbe
3134 3919 3346 3976 initium
3375 3925 3452 3978 rei
3482 3923 3626 3981 fece-

2042 4006 2143 4071 rit;
2181 4006 2248 4060 ad
2277 4007 2478 4061 exitum
2509 4023 2614 4062 non
2643 4007 2897 4073 deducet,
2929 4011 3024 4065 sed
3054 4026 3175 4066 cum
3205 4028 3264 4069 re
3295 4029 3394 4070 sua
3434 4032 3623 4072 susce-

2040 4105 2134 4167 pta
2163 4106 2421 4152 corruet:
2471 4099 2598 4168 quia
2631 4115 2736 4155 non
2771 4114 2832 4156 se
2877 4105 3238 4161 communivit
3276 4105 3369 4162 Dei
3417 4108 3624 4166 auxilio

2041 4188 2110 4242 ad
2140 4187 2444 4244 consilium.

1831 4279 1984 4338 CAP.
2024 4282 2210 4340 XXVI.

437 4373 633 4429 Ἵππον
661 4373 897 4429 ἐνταῦθά
935 4391 1068 4446 φησι
1113 4376 1206 4429 τὺν
1238 4376 1402 4446 ταχὺν
1452 4377 1532 4438 είς
1579 4374 1814 4446 μάθησιν
1852 4392 1940 4429 σο-

363 4468 492 4537 φίας
515 4508 530 4532 ,
562 4469 658 4522 καὶ
683 4466 1029 4539 δικαιοσύνης
1070 4467 1314 4521 δεκτικὸν
1358 4466 1641 4540 ἄνθρωπον
1661 4484 1676 4498 ο
1701 4466 1769 4520 δι’
1798 4467 1938 4524 αίνι-

361 4559 590 4630 γμάτων
620 4559 678 4612 δὲ
703 4558 982 4630 μαστίζει·
1009 4558 1116 4630 ὄνῳ
1146 4559 1203 4612 δὲ
1236 4559 1456 4631 κέντρον
1480 4574 1495 4589 ·
1526 4559 1617 4613 τὸν
1653 4558 1850 4630 βραδὺν
1879 4559 1938 4613 ἐν

2120 4381 2168 4415 ³⁸
2193 4381 2402 4452 Equum
2440 4394 2586 4435 nunc
2615 4379 2748 4436 dicit
2791 4380 3028 4437 celerem
3076 4383 3144 4438 ad
3179 4385 3457 4454 sapientize
3493 4402 3618 4458 per-

2045 4471 2374 4544 ceptionem,
2399 4469 2696 4539 etjustitiae
2724 4484 2978 4539 capacem
3011 4472 3305 4530 hominem.
3339 4475 3620 4548 Enigma—

2049 4564 2190 4620 tibus
2221 4572 2402 4618 autem
2433 4561 2665 4632 ﬂagellat
2693 4577 2710 4618 :
2751 4561 2907 4618 asino
2936 4564 3222 4629 stimulus;
3277 4567 3491 4624 tardum
3520 4571 3620 4626 du-

359 4651 572 4716 τούτοις
616 4654 729 4716 τοῖς
761 4651 940 4720 λόγοις
980 4650 1237 4723 σκληροῖς
1264 4651 1456 4722 κεντᾷν
1481 4690 1496 4715 ,
1539 4649 1702 4720 φόϐον
1742 4651 1937 4752 ἐμποι-

2051 4657 2123 4712 ris
2150 4655 2330 4710 verbis
2351 4669 2674 4726 compunge,
2705 4655 2926 4712 incusso
2959 4655 3171 4713 timore.
3215 4657 3374 4715 Genti
3405 4675 3618 4720 vesanze

360 4743 556 4809 οῦντας
575 4761 587 4775 ·
619 4743 762 4800 ἔθνει
789 4744 845 4798 δὲ
866 4744 1060 4816 ἄφρονι
1098 4743 1276 4816 ῥάϐδῳ
1298 4744 1618 4808 τύπτεσθαι,
1644 4745 1770 4807 τοὺς
1788 4744 1940 4797 ἀναι-

361 4836 592 4909 σθήτους
625 4837 898 4908 οἰκέταςή
951 4837 1295 4909 ὑποχειρίους
1339 4836 1608 4909 ὁρίζεται·
1657 4839 1692 4908 ή
1741 4835 1939 4908 ῥάϐδος

357 4927 468 5000 γὰρ
502 4926 768 4998 σύμϐολόν
801 4925 916 4981 ἐστι
942 4927 1234 4991 κολάσεως.

437 5016 533 5070 Ἐκ
562 5016 672 5071 τῶν
703 5018 880 5072 ποδῶν
899 5015 1016 5090 (25)
1049 5017 1238 5082 αὑτοῦ,
1271 5037 1323 5073 κ.
1361 5037 1413 5073 τ.
1439 5019 1488 5072 λ.
1507 5019 1680 5082 Πόδας
1704 5019 1938 5074 ἐνταῦθα

357 5111 484 5175 τοὺς
514 5111 731 5174 οἰκέτας
757 5111 919 5183 φησίν
937 5124 952 5140 ·
981 5109 1182 5175 ὄνειδος
1217 5111 1276 5164 δὲ
1313 5111 1372 5178 ἐξ
1410 5113 1588 5166 αὐτῶν
1613 5114 1641 5166 ὁ
1670 5112 1937 5184 δεσπότης

357 5200 534 5271 ἐαυτῷ
588 5203 856 5266 ποιεῖται,
910 5200 939 5253 ό
991 5201 1336 5256 ἀποστέλλων
1387 5202 1538 5272 λόγοι
1595 5202 1657 5257 δι’
1704 5201 1936 5271 ἀγγέλου

354 5294 611 5367 ἄφρονος,
641 5293 674 5362 ἢ
709 5293 925 5365 βουλῆς,
959 5294 993 5366 ἢ
1033 5295 1224 5364 σοφίας
1246 5333 1260 5358 ,
1291 5295 1324 5368 ἢ
1357 5294 1658 5366 πρεσϐείας
1679 5336 1693 5358 ,
1717 5295 1752 5367 ἥ
1793 5307 1936 5364 συμ-

358 5387 580 5460 μαχίας,
621 5387 655 5458 ἢ
685 5387 860 5457 λόγων
890 5385 1250 5458 συμπαθείας.
1295 5387 1351 5440 ’0
1381 5387 1490 5460 γάρ
1541 5385 1730 5460 ἄφρων
1767 5386 1935 5456 ἡττᾶ-

353 5498 446 5535 ται
478 5482 538 5534 ὲν
564 5481 761 5535 παντί·
791 5479 1018 5551 καὶγὰρ
1053 5481 1082 5532 ό
1115 5478 1320 5550 Κύριος
1354 5482 1412 5535 ὲν
1451 5479 1806 5548 Εὑαγγελίοις
1832 5494 1936 5549 φη-

356 5573 444 5627 σίν
465 5589 480 5604 ·
515 5574 598 5627 Οὐ
632 5571 728 5626 δεῖ
746 5571 870 5638 τοῖς
899 5570 1043 5625 κυσί
1067 5569 1296 5624 διδόναι
1320 5572 1393 5624 τὰ
1414 5570 1554 5642 ἅγια
1571 5611 1585 5636 ,
1613 5569 1756 5625 οὐδὲ
1781 5569 1938 5635 ,ϐάλ-

351 5667 488 5721 λειν
507 5662 648 5730 τοὺς
666 5662 1033 5734 μαργαρίτας
1060 5663 1400 5733 ἔμπροσθεν
1431 5659 1550 5716 τῶν
1581 5661 1817 5731 χοίρων.

425 5786 474 5820 ²⁰
505 5802 560 5840 v.
591 5785 681 5842 26.
725 5787 768 5818 ²¹
797 5801 848 5841 v.
877 5783 967 5840 26.

431 5880 542 5955 (ea)
575 5881 704 5939 Cod.
746 5879 1119 5953 ἀπορρίπτων.
1432 5849 1434 5853 ’
1499 5849 1536 5889 ⁸

2042 4744 2207 4813 virga:
2229 4745 2655 4814 percussionem,
2689 4760 2792 4802 nec
2821 4761 2928 4802 non
2966 4748 3197 4817 stupidis
3239 4749 3458 4808 famulis
3486 4747 3624 4809 sub;

2041 4835 2275 4904 ditisque
2315 4834 2576 4892 decernit.
2607 4835 2747 4892 Nam
2776 4835 2929 4910 virga
2971 4839 3272 4909 punitionis
3310 4844 3614 4913 symbolum

2111 5019 2159 5051 ’⁵
2187 5018 2265 5073 Ex
2286 5019 2516 5088 pedibus
2537 5019 2676 5086 suis,
2699 5028 2806 5076 etc.
2835 5019 3010 5080 Pedes
3033 5039 3180 5081 nunc
3205 5025 3338 5082 dicit
3361 5026 3610 5086 famulos.

2041 5107 2400 5178 opprobrium
2426 5111 2530 5166 sibi
2555 5111 2836 5179 conciliat,
2873 5113 2967 5184 qui
3008 5114 3232 5170 verbum
3259 5131 3358 5188 per
3389 5118 3612 5176 stultum

2047 5200 2298 5254 nuntium
2345 5200 2533 5267 mittit,
2574 5203 2692 5257 sive
2737 5204 2979 5272 consilii,
3017 5205 3134 5262 sive
3165 5207 3465 5278 sapientiae,
3498 5211 3616 5266 sive

2044 5291 2354 5363 legationis,
2402 5292 2518 5348 sive
2550 5293 2757 5350 bellicae
2804 5295 3106 5362 societatis,
3151 5297 3237 5353 vel
3294 5300 3612 5357 consolandi

2042 5397 2226 5437 causa.
2273 5381 2410 5437 Nam
2454 5383 2674 5451 stultus,
2717 5384 2771 5439 in
2803 5385 2950 5442 omni
2993 5401 3055 5443 re
3081 5386 3402 5446 imbecillus.
3433 5389 3614 5460 Quare

2040 5483 2096 5529 et
2121 5473 2378 5529 Dominus
2394 5474 2446 5528 in
2463 5474 2770 5547 Evangeliis
2797 5476 3033 5536 θείη-’τι
3053 5476 3176 5534 Non
3204 5489 3404 5550 oportet
3429 5494 3613 5535 sancta
3653 5501 3656 5504 ~

2042 5564 2170 5620 dare
2191 5565 2430 5635 canibus,
2451 5571 2611 5638 neque
2629 5571 2954 5641 margaritas
2969 5577 3098 5628 ante
3126 5588 3312 5644 porcos
3328 5573 3610 5644 projicere.

1064 5784 1178 5842 ηδε
1231 5799 1281 5841 ν.
1317 5782 1434 5853 93..
1473 5783 1535 5866 ιζ
1558 5797 1607 5845 γ’
1637 5782 1692 5840 ὅ,
1759 5781 1806 5814 ’⁸
1838 5795 1888 5837 v.
1922 5779 1995 5866 6..
2051 5777 2174 5821 “-"
2210 5775 2399 5831 Matth.
2423 5792 2521 5844 vn,
2550 5777 2606 5834 0.

2111 5870 2238 5944 (25)
2259 5870 2442 5927 Ποδῶν
2456 5869 2725 5944 ρι’δὲδῶν.
