4172 6406
547 375 656 434 239

1435 372 1993 432 SUPPLEMENTUM
2025 371 2118 426 AD
2150 370 2474 430 ORIGENIS
2506 371 2918 430 EXEGETICA.

3700 376 3812 431 210

623 517 669 546 ⁸³
695 512 800 570 Fac
843 515 980 570 vites
1010 515 1158 571 stulti
1193 517 1335 573 viam
1367 517 1586 586 malam,
1625 527 1682 574 et
1731 517 1922 573 falsam
1951 517 2105 572 scient

2204 567 2206 576 ,
2303 516 2527 588 Περίελε
2567 518 2798 588 ἄφρονος
2829 516 2949 570 ὁδὸν
2993 517 3208 588 κακὴν,
3257 517 3351 570 καὶ
3395 516 3596 586 γνῶσιν
3642 517 3815 591 ψευδῆ

553 616 681 662 tiam
715 622 744 660 a
775 617 825 661 te
852 608 1035 678 procul
1063 624 1274 664 amove.

619 702 665 732 ²⁹
695 699 793 766 Qui
835 700 1145 768 impertitur
1169 715 1374 756 vesano
1401 701 1709 767 scientiam,
1743 700 1937 756 similis
1964 710 2050 755 est
2074 698 2124 754 ei

547 793 638 864 qui
673 793 833 849 vilem
870 792 1103 863 lapidem
1132 793 1184 847 in
1210 808 1377 848 aureo
1403 793 1606 848 annulo
1629 793 1898 856 collocat;
1935 791 2013 845 vel
2045 791 2126 845 la-

546 887 725 955 pidem
756 885 1052 954 pretiosum
1089 886 1144 940 in
1194 884 1359 941 funda
1408 901 1530 956 qua:
1581 884 1813 956 lapidem
1862 883 2123 954 lapidanti

545 981 795 1035 remittit.

614 1073 659 1105 '°
688 1072 744 1128 Si
773 1073 1074 1146 dissipetur
1105 1073 1530 1144 imprudentium
1571 1083 1786 1142 stupor,
1816 1089 1927 1144 quo
1951 1089 1980 1128 a
2013 1074 2123 1130 Deo

545 1174 916 1228 recesserunt,
941 1164 1120 1220 denuo
1151 1164 1335 1218 mundi
1372 1164 1497 1218 facti
1530 1165 1595 1217 ad
1627 1163 1791 1217 Deum
1819 1162 2118 1218 accedent:

545 1256 730 1311 Omnis
780 1257 920 1310 enim
971 1272 1096 1310 caro
1129 1256 1319 1310 videbit
1370 1255 1621 1310 Salutare
1660 1253 1848 1313 Dei“.
1890 1253 1990 1308 llic
2039 1263 2123 1310 est

541 1349 1101 1412 animadvertendum,
1153 1349 1301 1420 quod
1349 1348 1680 1404 incrassatas
1725 1360 1952 1419 peccato
1999 1349 2120 1403 aui-

541 1455 682 1503 mas,
716 1455 909 1495 carnes
939 1440 1232 1494 stultorum
1262 1439 1582 1495 nominavit.
1609 1440 1699 1494 Sic
1736 1440 1898 1494 etiam
1934 1441 2117 1494 Domi-

539 1547 644 1586 nus
669 1531 805 1586 dixit
834 1549 848 1585 :
881 1529 1004 1586 Non
1035 1532 1359 1601 permanebit
1402 1533 1622 1603 spiritus
1664 1549 1811 1588 meus
1848 1533 1906 1588 in
1945 1533 2116 1587 homi-

540 1622 715 1693 nibus,
749 1625 875 1695 quia
903 1642 1084 1679 carnes
1117 1635 1239 1678 sunt
1266 1624 1334 1682 ”.

607 1807 654 1841 ³³
693 1807 795 1875 Qui
837 1817 1122 1878 postquam
1170 1817 1450 1878 peccatum
1499 1806 1912 1876 suum'abjecit,
1938 1806 2116 1862 denuo

535 1900 603 1956 ad
632 1899 759 1954 illud
797 1899 1104 1964 revertitur,
1153 1898 1348 1952 similis
1377 1908 1462 1953 est
1507 1898 1629 1952 cani
1662 1898 1923 1952 vomitum
1952 1911 2108 1952 suum

533 1991 852 2049 resumenti.
881 1990 972 2048 Sic
1001 1991 1103 2045 fuit
1135 1990 1254 2046 Loti
1296 2006 1456 2058 uxor,
1506 2000 1563 2047 et
1597 1990 1684 2046 ille
1706 1991 1772 2045 ad
1800 2005 1962 2060 quem
2010 1989 2112 2045 im-

532 2085 767 2142 mundus
792 2085 1015 2153 spiritus
1048 2083 1228 2138 rediit.

601 2178 651 2213 “
685 2177 954 2234 Utendum
986 2187 1072 2232 est
1095 2175 1202 2231 hoc
1234 2173 1394 2230 eﬂ'ato
1438 2174 1705 2230 adversus
1756 2189 1849 2229 eos
1877 2174 1969 2244 qui
1998 2172 2112 2229 suf-

530 2271 718 2344 fragiis
746 2268 1038 2325 nonnullos
1083 2267 1336 2338 indignos
1365 2265 1573 2337 eligunt
1616 2268 1682 2320 ad
1723 2267 2110 2329 sacerdotium,

528 2364 744 2419 clerove
769 2361 1071 2416 ascribunt.
1105 2357 1297 2428 Neque
1325 2360 1470 2414 enim
1510 2358 1797 2428 quisquam
1846 2374 1914 2412 ex
1953 2358 2112 2413 nobis

457 2525 470 2540 .
525 2455 660 2527 justi
701 2455 892 2526 judicii
920 2453 1010 2523 jus
1055 2467 1119 2508 ac
1167 2452 1477 2507 libertatem
1522 2452 1576 2506 in
1615 2450 1857 2507 Ecclesia
1909 2451 2113 2508 consti-

530 2549 635 2604 tuit
662 2565 676 2601 :
707 2562 881 2617 neque
906 2547 1018 2602 hare
1047 2547 1407 2618 praerogativa
1458 2555 1645 2600 nostra
1671 2553 1776 2610 est,
1816 2543 1910 2601 sed
1953 2543 2115 2599 Chri-

527 2641 621 2708 sti,
658 2656 763 2712 qua
789 2640 1074 2710 judicavit,
1111 2649 1282 2694 semet
1306 2638 1616 2710 justiﬁcans
1643 2639 1857 2693 tradere
1888 2637 2027 2702 neci,
2055 2645 2112 2692 et

529 2733 849 2804 sanguinem
876 2749 976 2804 pro
1010 2732 1097 2786 illa
1125 2731 1370 2786 fundere.
1401 2729 1494 2785 Sic
1523 2730 1686 2784 etiam
1723 2729 1972 2801 quisquis
2007 2729 2111 2784 Ec-

2229 608 2452 679 μακρὰν
2482 609 2705 680 ποίησον
2745 610 2839 662 ἀπ’
2869 607 3055 662 αὑτοῦ.

2308 699 2368 753 Ὀ
2394 699 2707 771 μεταδιδοὺς
2740 701 2933 772 ἄφρονι
2966 700 3199 769 γνῶσιν,
3241 698 3428 770 ὅμοιός
3471 701 3589 752 ἐστι
3628 697 3708 769 τῷ
3735 698 3813 751 λί-

2227 790 2318 844 θον
2342 791 2536 863 ἄτιμον
2561 795 2618 846 ἐν
2654 793 2913 864 σφενδόνῃ
2964 795 3136 864 χρυσῇ
3188 791 3600 863 προσπήξαντιο
3635 791 3668 862 ἢ
3727 792 3812 844 λί-

2226 879 2317 936 θον
2347 883 2564 956 ἔντιμον
2587 886 2645 938 ἐν
2680 883 2941 956 σφενδόνῃ
2967 882 3318 955 λιθοδολούσῃ
3340 881 3643 936 λιθάσαντι.

2307 1068 2434 1122 Ἐἀν
2465 1067 2724 1140 συντριϐῇ
2758 1069 2792 1138 ἡ
2829 1067 3084 1132 ἔκστασις
3111 1067 3222 1120 τῶν
3255 1067 3507 1139 ἀφρόνων
3531 1107 3545 1131 ,
3587 1067 3710 1121 καθ’
3743 1069 3811 1138 ἢν

2223 1161 2520 1234 ἐξέστησαν
2553 1161 2687 1216 Θεοῦ
2712 1203 2727 1228 ,
2763 1162 2924 1215 πάλιν
2974 1161 3204 1234 καθαροὶ
3252 1147 3534 1234 γενόμενοι
3572 1165 3808 1236 προσέρ-

2221 1270 2408 1323 χονται
2441 1252 2520 1324 τῷ
2551 1252 2696 1324 Θεῷ·
2730 1251 2906 1308 Πᾶσα
2944 1255 3055 1324 γὰρ
3075 1255 3243 1322 ’σὰρξ
3272 1254 3480 1323 ὄψεται
3513 1255 3580 1309 τὸ
3611 1255 3810 1322 Σωτή-

2213 1362 2351 1414 ριον
2367 1343 2474 1398 τοῦ
2500 1344 2670 1399 Θεοῦ.
2733 1343 3072 1416 Προσεκτέον
3101 1345 3157 1397 δέ
3186 1329 3438 1410 ἐνταῦθα,
3465 1346 3547 1398 ὅτι
3578 1345 3678 1408 τὰς
3704 1360 3808 1400 πα·

2219 1441 2508 1514 χυνθείσας
2537 1440 2715 1512 ψυχὰς
2738 1439 2847 1494 ἀπὸ
2876 1440 2975 1512 τῆς
3020 1440 3218 1504 κακίας
3239 1481 3253 1504 ,
3298 1440 3508 1513 σάρκας
3553 1440 3807 1511 ἀφρόνων

2218 1535 2500 1605 ὠνόμασεν
2524 1547 2538 1562 ·
2570 1533 2714 1588 οὓτω
2742 1534 2836 1587 καὶ
2861 1535 2890 1587 ὁ
2915 1533 3118 1606 Κύριός
3151 1551 3316 1604 φησιν
3339 1552 3354 1567 ο
3385 1536 3468 1588 οὐ
3513 1533 3600 1604 μὴ
3630 1549 3805 1588 κατα-

2213 1628 2390 1696 μείνῃ
2415 1626 2482 1680 τὸ
2510 1624 2745 1694 πνεῦμά
2777 1643 2898 1696 μου
2922 1625 2992 1679 ἐν
3029 1625 3153 1692 τοῖς
3191 1625 3558 1696 ἀνθρώποις,
3589 1625 3688 1680 διὰ
3736 1623 3804 1678 τὸ

2216 1715 2368 1773 εἶναι
2390 1718 2613 1784 αὐτοὺς
2635 1717 2890 1786 σάρκας.
3059 1723 3062 1726 ’

2299 1811 2357 1864 '0
2385 1809 2678 1864 ἀποϐαλὼν
2700 1850 2715 1875 ,
2741 1810 2876 1880 φησὶ
2901 1849 2916 1874 ,
2956 1807 3157 1862 κακίαν
3183 1803 3348 1860 αὑτοῦ
3370 1844 3386 1869 ,
3416 1806 3511 1860 καὶ
3540 1806 3676 1878 πρὸς
3703 1808 3802 1861 αῦ-

2147 1864 2314 1975 Βτὴν
2344 1901 2507 1956 πάλιν
2557 1864 2927 1973 ἐπιστρέψας,
2978 1900 3163 1971 ὅμοιός
3219 1899 3337 1952 ἐστι
3374 1864 3520 1952 ’κυνὶ
3565 1864 3800 1952 ἐσθίοντι

2216 1995 2306 2048 τὸν
2332 1995 2462 2048 ἴδιον
2490 1994 2711 2065 ἐμετόν’
2740 1989 2830 2047 οἷα
2866 1988 2990 2064 ῆνή
3020 1991 3114 2045 τοῦ
3149 1990 3271 2045 Λὼτ
3306 1990 3483 2062 γυνὴ,
3520 1991 3618 2046 καὶ
3658 1992 3798 2061 πρὸς

2213 2086 2273 2139 δν
2297 2086 2358 2140 τὸ
2389 2086 2696 2158 ἀκάθαρτον
2735 2085 2953 2156 πνεῦμα
2981 2083 3335 2154 ἐπέστρεψεν.

2281 2178 2562 2251 Χρηστέον
2581 2177 2756 2250 τούτῳ
2782 2177 2860 2249 τῷ
2892 2176 3042 2249 ῥητῷ
3073 2176 3206 2248 πρὸς
3243 2175 3369 2238 τοὺς
3394 2173 3800 2246 ψηφιζομένους

2212 2271 2364 2334 τινὰς
2393 2269 2502 2324 τῶν
2524 2269 2758 2336 ἀναξίων
2794 2270 2853 2323 ἐν
2885 2267 3172 2340 ἱερωσύνῃ,
3198 2266 3231 2337 ἢ
3263 2267 3320 2319 ἐν
3339 2266 3526 2337 κλήρῳ
3548 2282 3561 2296 ·
3601 2265 3662 2319 οὐ
3689 2265 3800 2335 γὰρ

2213 2367 2278 2418 ἐκ
2295 2365 2402 2418 τῶν
2430 2363 2551 2418 καθ’
2575 2365 2725 2437 ἡμᾶς
2753 2379 2838 2427 τις
2864 2363 2962 2431 τὴν
3007 2359 3403 2430 δικαιοκρισίαν
3443 2359 3538 2412 καὶ
3585 2357 3799 2412 ἐλευθε-

2215 2457 2336 2532 ρίαν
2384 2458 2484 2529 τῆς
2527 2456 2851 2527 Ἐκκλησίας
2902 2452 3293 2526 ἐποιήσατοοῆ
3338 2451 3580 2524 ⁴ἡμετέρα
3626 2450 3797 2514 ἐστὶν,

2213 2548 2350 2603 ἀλλά
2371 2547 2630 2621 Χριστοῦ,
2654 2548 2722 2602 δι’
2749 2547 2815 2617 ῆν
2848 2545 3029 2615 ἔκρινε
3058 2542 3353 2606 δικαιώσας
3388 2541 3579 2596 ἐαυτὸν
3613 2542 3796 2612 σφαγῇ

2211 2641 2459 2711 δοθῆναι,
2510 2640 2605 2694 καὶ
2639 2637 2866 2710 χυθῆναι
2905 2638 2966 2691 τὺ
3008 2634 3148 2708 αἷμα
3200 2635 3364 2690 αὑτοῦ
3405 2635 3544 2705 ὑπὲρ
3584 2633 3755 2702 αὐτῆς
3779 2646 3795 2661 ⁸

2211 2732 2352 2786 οῦτω
2388 2731 2523 2785 καὶὸ
2549 2732 2656 2794 πᾶς
2686 2747 2770 2794 τις
2805 2729 3128 2801 Ἐκκλησίας
3165 2728 3361 2790 οἴακας
3390 2721 3796 2796 ἐγκεχειρίσθαι

526 2825 707 2881 clesiaa
754 2825 965 2879 clavum
1015 2836 1285 2893 occupare
1335 2830 1509 2891 optat,
1551 2821 1711 2877 debet
1757 2821 2105 2893 semetipsum

2209 2822 2514 2892 ἐπιθυμῶν,
2547 2821 2750 2891 ὀφείλει
2784 2821 2976 2874 ἑαυτὸν
3003 2820 3250 2874 ἐκδοῦναι
3277 2859 3292 2883 ,
3325 2819 3420 2871 καὶ
3448 2818 3545 2886 τῆς
3592 2816 3796 2887 κέρκου

527 2916 764 2982 tradere,
813 2924 869 2969 et
897 2913 1117 2981 maligni
1163 2911 1389 2967 caudam
1423 2921 1627 2978 tenere,
1669 2921 1726 2966 et
1752 2926 1848 2966 eos
1880 2911 1971 2981 qui
2008 2909 2105 2965 sub

2209 2914 2304 2969 τοῦ
2330 2911 2570 2984 πονηροῦ
2615 2912 2924 2985 κρατῆσαι,
2955 2912 3048 2965 καὶ
3074 2913 3199 2974 τοὺς
3229 2910 3333 2963 ύπὺ
3361 2909 3459 2979 τὴν
3493 2905 3660 2962 αὐτοῦ
3693 2923 3796 2962 κα-

527 3006 772 3077 nequitia
811 3005 1001 3076 iacent
1047 3004 1304 3071 liberare,
1331 3013 1390 3060 et
1434 3003 1502 3059 ad
1534 3003 1736 3060 Christi
1771 3004 2105 3075 agnitionem

2209 3009 2336 3062 κίαν
2359 3005 2743 3078 ἐλευθερῶσαι,
2769 3006 2862 3058 καὶ
2887 3006 2965 3068 εἰς
2987 3004 3087 3076 τὴν
3117 3002 3212 3057 τοῦ
3240 3000 3473 3073 Χριστοῦ
3500 2999 3796 3068 ἐπίγνωσιν

526 3098 817 3155 adducere.

2209 3101 2602 3174 προσαγαγεῖν.

599 3193 642 3224 ³³
681 3191 834 3246 Sicut
879 3191 931 3244 in
967 3189 1128 3262 lignis
1157 3188 1396 3252 ﬂamma,
1451 3187 1526 3242 ita
1571 3187 1626 3242 in
1671 3190 1856 3257 pravis
1899 3189 2105 3258 cogita-

2281 3193 2491 3263 Ὥσπερ
2535 3193 2593 3244 ἐν
2629 3189 2806 3255 ξύλοις
2850 3188 2909 3242 τὸ
2943 3186 3075 3259 πῦρ,
3104 3185 3277 3250 οὕτως
3325 3187 3384 3239 ἐν
3414 3187 3671 3258 πονηροῖς
3702 3184 3793 3237 λον

527 3287 766 3342 tionibus
798 3284 981 3354 gliscit
1021 3295 1078 3340 et
1127 3285 1237 3338 urit
1267 3283 1466 3338 mentis
1501 3281 1569 3337 ad
1607 3282 1886 3350 passiones
1918 3283 2101 3336 ardor.

2207 3288 2426 3356 γισμοίς
2470 3283 2654 3338 θάλλει
2692 3282 2786 3336 καὶ
2836 3280 2981 3333 καίει
3021 3281 3050 3331 ὁ
3087 3279 3222 3350 πρὸς
3267 3277 3339 3330 τά
3381 3277 3526 3348 πάθη
3561 3276 3654 3330 τοῦ
3697 3276 3792 3330 νοῦ

524 3377 628 3434 Ubi
670 3389 848 3431 autem
899 3393 1005 3431 non
1047 3377 1117 3431 sit
1156 3375 1356 3444 duplex
1384 3374 1702 3439 commotio,
1734 3372 1785 3428 id
1827 3382 1908 3428 est
1936 3373 2103 3428 animi

2206 3377 2404 3448 θυμός·
2437 3377 2572 3430 ὅπου
2597 3374 2652 3427 δὲ
2684 3374 2782 3426 οὐκ
2813 3371 2928 3425 ἐστι
2960 3371 3215 3441 δίθυμος,
3256 3368 3502 3422 τουτέστι
3545 3368 3789 3438 δίψυχος,

523 3471 872 3537 ambiguitas,
909 3471 1000 3523 sed
1038 3467 1118 3521 vel
1149 3467 1244 3522 Dei
1274 3465 1701 3521 velmammonae
1720 3481 1893 3534 amor,
1917 3481 2104 3522 cessa-

2204 3469 2319 3524 ἀλλ’
2360 3468 2394 3541 ἦ
2428 3467 2505 3538 τῷ
2547 3466 2686 3536 Θεῷ,
2728 3465 2760 3535 ἢ
2798 3463 2878 3534 τῷ
2915 3463 3222 3534 μαμμωνᾷ,
3265 3460 3703 3531 ἡσυχασθήσεται
3732 3458 3794 3525 ἐξ

524 3563 604 3616 bit
638 3562 689 3614 in
719 3560 938 3613 homine
972 3559 1252 3613 alteruter.
1288 3556 1422 3613 Nam
1456 3557 1501 3612 si
1531 3558 1715 3612 vincat
1753 3558 1846 3613 Dei
1877 3560 2103 3615 manda-

2204 3561 2369 3617 αὐτοῦ
2410 3562 2472 3615 τὸ
2503 3561 2561 3613 ἓν
2592 3559 2687 3612 τοῦ
2727 3558 2944 3626 ἐτέρου’
2975 3556 3009 3627 η
3035 3554 3096 3608 τὸ
3144 3554 3236 3607 τοῦ
3281 3553 3416 3608 Θεοῦ
3460 3554 3790 3625 πρόσταγμα

525 3663 660 3718 tum,
703 3652 834 3706 illud
873 3651 1092 3721 maligni
1133 3658 1447 3714 evanescet,
1495 3657 1551 3705 et
1593 3664 1622 3702 a
1665 3649 1870 3705 malitia
1903 3651 2104 3707 otiabi-

525 3755 615 3805 tur
645 3747 824 3801 homo.
859 3744 957 3798 Sin
982 3745 1138 3798 ambo
1166 3743 1404 3798 retinere
1441 3741 1694 3808 voluerit,
1722 3743 1832 3799 vita
1862 3745 2098 3812 excidet,

523 3848 577 3892 ct
608 3834 992 3903 temporalibus
1032 3835 1196 3888 etiam
1227 3833 1569 3903 spoliabitur.

591 3929 637 3963 ³⁸
671 3927 836 3982 Labia
885 3929 988 3983 boc
1044 3928 1164 3982 loco
1209 3927 1570 3997 cogitationes
1603 3927 1753 3982 dicit.
1783 3927 1888 3996 Qui
1920 3939 2098 3984 autem

521 4022 718 4076 mentis
745 4018 883 4073 labia
911 4033 1016 4073 non
1049 4019 1225 4088 aperit
1250 4027 1440 4072 contra
1466 4017 1782 4086 malignum,
1831 4019 1939 4074 Deo
1968 4035 2100 4075 con-

518 4109 680 4166 ﬁtens
717 4111 844 4163 vitia
878 4125 1003 4172 sua,
1043 4116 1310 4178 quotquot
1364 4106 1412 4162 ei
1445 4107 1532 4162 ille
1573 4108 1805 4165 inseruit
1837 4111 2097 4167 adversus

519 4205 710 4268 Deum,
767 4202 866 4257 sed
921 4201 1100 4272 potius
1155 4201 1316 4266 celat,
1348 4199 1438 4254 hic
1474 4215 1712 4257 maerore
1761 4202 1946 4256 obruit
2000 4218 2098 4260 cor

516 4312 696 4362 suum,
745 4294 910 4352 stulte
953 4293 1274 4350 existimans
1319 4307 1380 4348 se
1412 4309 1516 4349 non
1555 4293 1758 4350 habere
1786 4304 2094 4366 peccatum,

514 4403 694 4452 neque
745 4386 962 4442 interim
1019 4387 1265 4456 agnoscit
1308 4386 1400 4440 Dei
1433 4385 1814 4442 clementiam:
1847 4389 1969 4458 quia
2001 4406 2095 4461 po-

518 4481 647 4544 tius,
679 4493 870 4549 nempe
899 4479 980 4532 his
1015 4478 1086 4531 ita
1118 4477 1462 4547 sperantibus
1490 4488 1544 4531 ct
1573 4479 1686 4533 bare
1729 4479 1778 4535 ei
1825 4482 2092 4538 conﬁtcn-

2202 3654 2452 3725 νικῆσαν,
2496 3653 2556 3706 τὸ
2587 3650 2681 3705 τοῦ
2716 3648 2953 3720 πονηροῦ
3004 3649 3337 3718 τακήσεται,
3378 3647 3473 3700 καὶ
3509 3648 3573 3716 τῇ
3619 3644 3790 3715 κακία

2202 3745 2683 3818 προσειρηνεύσειο
2723 3743 2817 3798 ἐὰν
2844 3743 2900 3795 δὲ
2928 3741 2994 3795 τά
3021 3741 3116 3794 δύο
3143 3741 3339 3802 ἕλοιτο,
3378 3740 3473 3792 καὶ
3511 3738 3609 3807 τῆς
3643 3736 3789 3807 ζωῆς

2201 3839 2444 3905 ἐκπέσοι,
2474 3839 2568 3892 καὶ
2596 3837 2705 3890 τῶν
2734 3834 3084 3907 προσκαίρων
3118 3832 3536 3903 στερηθήσεται.

2271 3933 2437 4002 Χείλη
2485 3931 2718 3986 ἐνταῦθα
2769 3932 2894 3993 τοὺς
2945 3927 3240 3999 λογισμούς
3289 3939 3485 3996 φησιν·
3537 3924 3567 3976 ό
3604 3923 3661 3977 δέ
3715 3923 3788 3976 τά

2199 4027 2352 4098 χείλη
2390 4025 2483 4080 τοῦ
2526 4025 2618 4078 νοῦ
2655 4025 2728 4096 μὴ
2765 4024 2996 4092 ἀνοίγων
3035 4020 3174 4074 κατά
3209 4019 3302 4072 τοῦ
3345 4017 3606 4090 πονηροῦ,
3649 4017 3786 4090 πρὸς

2196 4118 2289 4172 τὸν
2320 4118 2454 4171 Θεὸν
2498 4116 2992 4187 ἐξομολογούμενος
3020 4114 3089 4166 τά
3125 4111 3290 4178 κακὰ,
3318 4113 3418 4164 ὅσα
3451 4110 3786 4182 ἐνσπείρειεν

2197 4209 2346 4281 αὐτῷ
2384 4209 2524 4263 κατὰ
2555 4208 2650 4262 τοῦ
2683 4207 2842 4271 Θεοῦ,
2879 4207 3015 4261 ἀλλά
3045 4206 3298 4276 κρύπτει,
3339 4203 3484 4275 λύπῃ
3519 4201 3784 4255 καλύπτει

2197 4299 2391 4356 ἑαυτοῦ
2443 4299 2693 4372 καρδίαν,
2738 4298 2796 4364 ἐξ
2854 4295 3169 4366 ἀφροσύνης
3223 4293 3297 4364 μὴ
3349 4291 3584 4363 νομίζων
3638 4291 3783 4361 ἔχειν

2195 4395 2498 4466 ἁμάρτημα
2538 4393 2596 4444 ἐν
2628 4391 2872 4451 τούτοιςο
2912 4391 3012 4444 οὐκ
3059 4385 3215 4450 εἰδὼς
3247 4386 3345 4457 τὴν
3385 4384 3480 4438 τοῦ
3517 4383 3652 4438 Θεοῦ
3691 4383 3781 4436 εὐ-

2198 4486 2558 4555 σπλαγχνίαν·
2591 4485 2671 4538 ὅτι
2717 4483 2914 4554 μᾶλλον
2951 4484 3060 4544 τοῖς
3092 4480 3264 4544 οὕτως
3302 4478 3634 4548 ὑπομένουσι
3686 4477 3781 4529 καὶ

518 4569 682 4637 tibus,
724 4583 958 4624 coronas
999 4568 1208 4634 tribuit,
1263 4585 1360 4624 ceu
1421 4569 1663 4639 quotidie
1712 4583 1936 4643 propter
1965 4589 2087 4630 eum

2204 4576 2611 4646 ἐξαγγέλλουσιν
2641 4574 2789 4645 αὐτῷ
2825 4573 2996 4628 ταῦτα
3015 4615 3030 4638 ,
3075 4571 3372 4638 στεφάνους
3411 4569 3673 4639 ἀπονέμει
3703 4567 3780 4630 ὡς

516 4660 916 4719 dimicantibus.

2200 4671 2320 4725 καθ’
2345 4669 2578 4740 ἑκάστην
2603 4667 2824 4724 ἁθλοῦσι
2851 4667 2917 4721 δι’
2942 4665 3104 4719 αὐτόν

1941 4765 2094 4825 CAP.
2135 4765 2349 4823 XXVII.

588 4857 627 4886 ⁸⁷
653 4855 862 4918 llludit,
894 4869 990 4923 pro
1015 4855 1225 4924 gaudet,
1249 4854 1537 4912 intellexit.
1563 4854 1694 4909 Nam
1724 4874 1854 4928 pura
1884 4864 2088 4931 anima,

515 4948 639 5000 dum
659 4945 943 5000 deliciatur
958 4944 1010 5000 in
1037 4945 1266 5001 scientia
1291 4946 1717 5015 Scripturarum,
1739 4951 1936 5020 gaudet
1953 4953 2089 5009 bene

513 5047 720 5091 satura.
751 5034 818 5090 At
853 5035 1063 5104 impura
1094 5036 1275 5089 anima
1322 5034 1515 5092 falsam
1545 5052 1760 5108 quoque
1800 5041 2085 5099 scientiam

514 5137 666 5198 [.utat
695 5129 920 5182 omnino
947 5143 1069 5183 esse
1107 5143 1313 5182 veram.

585 5221 631 5252 ⁸⁸
658 5218 752 5274 Vel
783 5220 961 5275 cordis
992 5219 1165 5283 locus,
1197 5230 1280 5274 est
1308 5221 1480 5276 virtus
1505 5235 1571 5276 ac
1599 5223 1859 5282 scientia:
1893 5240 1922 5278 a
1961 5226 2083 5296 qui-

513 5316 613 5374 bus
636 5311 904 5368 alienatus
931 5313 1115 5378 homo,
1141 5313 1334 5367 incidit
1367 5314 1420 5367 in
1454 5314 1752 5383 nequitiam
1783 5329 1948 5386 atque
2004 5317 2088 5370 iu-

512 5406 745 5468 seitiam,
802 5404 967 5473 ﬁtque
997 5419 1184 5458 servus
1236 5404 1443 5471 peccati
1499 5406 1642 5475 quod
1697 5417 1900 5475 patrat.
1948 5407 2083 5462 Nam

508 5506 780 5571 quatenus
820 5497 982 5551 homo
1009 5495 1291 5552 rationalis
1317 5506 1424 5562 est,
1452 5496 1599 5553 locus
1630 5498 1748 5568 ejus
1776 5498 1945 5555 virtus
1977 5509 2081 5554 est.

2283 4859 2594 4932 Ἐμπαίζει,
2637 4861 2756 4914 ἀντὶ
2785 4858 2878 4914 τοῦ
2912 4861 3122 4929 χαίρει,
3148 4857 3307 4912 ἐλαδε
3327 4875 3339 4887 ·
3372 4853 3517 4926 ψυχὴ
3545 4853 3654 4924 γὰρ
3679 4869 3783 4906 καθ

2194 4955 2365 5028 θαρά,
2430 4952 2831 5025 κατατρυφῶσα
2889 4953 2992 5022 τῆς
3049 4951 3303 5021 γνώσεως
3353 4951 3463 5004 τῶν
3520 4947 3773 5018 Γραφῶν.

2193 5046 2372 5118 χαίρει
2412 5045 2830 5117 ἐμπιπλαμένη·
2874 5043 3020 5116 ψυχὴ
3053 5044 3110 5097 δὲ
3154 5043 3495 5114 ἀκάθαρτος,
3539 5042 3635 5095 καὶ
3677 5041 3776 5111 τὴν

2189 5136 2535 5206 ψευδώνυμον
2567 5135 2786 5204 γνῶσιν.
2813 5135 2985 5206 ἀληθῆ
3017 5134 3234 5197 πάντως
3261 5133 3494 5203 νομίζεις

2264 5230 2336 5282 Ἢ
2365 5229 2528 5292 τόπος
2560 5228 2806 5299 καρδίας,
2843 5225 3013 5298 ἀρετὴ
3049 5229 3144 5279 καὶ
3174 5225 3392 5293 γνῶσις,
3422 5223 3514 5292 ἀφ’
3541 5215 3616 5276 ὧν
3640 5221 3775 5274 ἀπο-

2190 5319 2441 5388 ξενωθεὶς
2479 5319 2762 5392 ἄνθρωπος
2791 5321 2978 5374 πίπτει
3007 5322 3084 5382 είς
3114 5318 3310 5372 κακίαν
3345 5317 3437 5369 καὶ
3473 5312 3768 5382 ἀγνωσίαν,

2189 5413 2284 5468 καὶ
2311 5413 2520 5481 γίνεται
2555 5411 2740 5475 δοῦλος
2767 5412 2863 5482 τῆς
2892 5410 3164 5482 ἁμαρτίας
3207 5408 3376 5463 ποιῶν
3403 5408 3574 5478 αὑτήν
3595 5423 3607 5436 ·
3638 5402 3772 5458 καθὸ

2188 5505 2297 5578 γὰρ
2326 5505 2540 5574 λογικός
2575 5507 2711 5569 ἐστι,
2736 5505 2899 5568 τόπος
2928 5502 3092 5558 αὐτοῦ
3123 5505 3156 5572 ὴ
3192 5502 3382 5573 ἀρετή.

579 5803 702 5878 “3.
751 5803 829 5878 τε,
881 5802 1002 5878 πιέν.
1039 5802 1093 5860 8.
1172 5800 1215 5837 ιο
1267 5821 1315 5859 v.
1355 5804 1438 5865 ιο.
1517 5806 1557 5839 ιι
1589 5806 1718 5866 Luc.
1752 5821 1837 5874 ιιι,
1888 5809 1939 5866 6.
2019 5808 2105 5854 ιιι

2204 5825 2240 5866 I.
2286 5809 2437 5878 “,5.
2517 5807 2560 5842 ³³
2592 5819 2645 5864 v.
2681 5807 2768 5865 ll.
2847 5806 2890 5838 “
2928 5822 2976 5862 v.
3019 5806 3104 5860 l7.
3185 5803 3229 5837 ³³
3258 5818 3308 5860 v.
3341 5800 3435 5858 20.
3516 5799 3562 5834 ³⁸
3587 5795 3759 5855 κει.

505 5870 550 5902 ³⁷
581 5890 629 5928 v.
656 5875 706 5929 7.
785 5873 831 5905 ³⁸
857 5890 908 5932 v.
937 5877 990 5930 8.
