4172 6388
382 309 485 366 9H

1585 304 1953 363 EXPOSITIO
1982 305 2051 361 IN
2079 302 2491 361 PROVERBIA.

3550 312 3655 367 ειε

455 424 600 489 Νοῦς
638 422 854 495 ἀπαθὴς
888 421 1153 487 ποικίλοις
1175 421 1455 496 τέρπεται,
1495 424 1661 497 σοφίᾳ
1700 426 1794 480 καὶ

2134 423 2178 457 ³θ
2216 422 2367 479 Mens
2395 419 2784 492 cupiditatibus
2835 419 3007 476 libera
3037 418 3378 479 multimodis
3405 422 3645 479 delecta-

384 533 488 581 σει,
519 515 616 570 καὶ
642 512 919 585 ὑμνῳδίᾳ’
956 512 1081 578 νοῦς
1100 513 1161 567 δὲ
1190 516 1483 588 ἐμπαθὴς
1502 518 1561 570 ὲν
1594 516 1837 588 ἀγνωσία
1868 514 1963 568 καὶ

381 606 550 679 κακία
592 606 1056 677 καταρρήγνυται,
1099 607 1193 663 καὶ
1228 610 1308 672 εἰς
1354 607 1552 679 πτῶμα
1587 608 1802 685 ἔρχεται
1831 608 1961 660 δυσ-

385 699 529 753 ίατον
562 697 657 751 καὶ
692 694 855 769 μέγα.

448 789 603 853 Φίλος
629 789 787 860 ἡμῶν
827 786 924 841 καὶ
953 783 1062 838 τῶν
1094 779 1373 854 πρόπαλαι
1408 780 1681 852 πατέρων,
1720 783 1816 837 καὶ
1854 786 1963 839 τῶν

385 882 503 953 μεθ’
540 882 707 952 ἡμᾶς,
749 882 779 934 6
824 879 959 941 Θεός
1009 876 1189 928 ὲστινο
1239 872 1401 937 αὑτὸς
1448 871 1557 945 γὰρ
1605 869 1789 929 εἶπεν·
1834 876 1967 947 Ἐμὲ

380 972 776 1041 ἐγκατέλιπον
809 967 1015 1040 πηγὴν
1062 965 1279 1032 ὓδατος
1319 963 1553 1031 ζῶντος,
1588 966 1688 1020 καὶ
1727 965 1966 1036 ὤρυξαν

381 1061 616 1129 ἑαυτοῖς
667 1060 937 1129 λάκκους
986 1056 1550 1127 συντετριμμένους.
1583 1087 1653 1098 -
1703 1060 1967 1116 Ἐνταῦθα

381 1150 607 1221 ἀδελφὸς
636 1153 664 1205 6
698 1152 928 1224 Χριστός
974 1152 1091 1204 ἐστι
1132 1147 1275 1203 κατά
1314 1148 1503 1220 χάριν·
1546 1149 1625 1213 είς
1663 1148 1721 1202 δὲ
1764 1150 1855 1203 τὸν
1888 1147 1967 1204 οἷ-

383 1262 476 1298 κον
513 1244 608 1298 τοῦ
652 1244 884 1315 ἀδελφοῦ
937 1260 1054 1308 σου,
1096 1243 1224 1297 ἄνευ
1264 1241 1372 1295 τῶν
1417 1240 1664 1307 ἐντολῶν,
1711 1234 1787 1297 ὧν
1833 1246 1967 1316 ἡμῖν

374 1336 630 1404 δέδωκεν,
677 1339 759 1400 είς
809 1336 1060 1404 ἐξουσίαν
1113 1333 1209 1388 τοῦ
1250 1332 1510 1387 εἰσελθεῖν
1562 1336 1644 1398 είς
1687 1334 1779 1388 τὸν
1819 1331 1966 1390 οἶκον

382 1428 572 1494 αὑτοῦ,
608 1429 884 1483 τουτέστιν
913 1430 992 1492 είς
1018 1427 1119 1500 τὴν
1145 1426 1254 1481 τῶν
1282 1425 1525 1497 οὐρανῶν
1564 1425 1857 1499 βασιλείαν,
1891 1427 1966 1501 μὴ

382 1520 627 1594 εἰσέλθῃς
642 1519 1087 1591 ἀτυχῶντούτωψ
1109 1516 1344 1579 τοιοῦτος
1359 1516 1466 1589 γὰρ
1481 1512 1548 1588 ἦν
1563 1517 1656 1570 καὶ¹
1674 1520 1701 1572 6
1714 1517 1966 1573 εἰσελθὼν

381 1613 462 1677 εἰς
494 1602 820 1683 τὸνγάμον,
869 1612 943 1684 μὴ
989 1612 1128 1681 έχων
1175 1608 1379 1680 ἔνδυμα
1425 1608 1638 1680 γάμου’
1692 1609 1865 1673 δεθεὶς
1910 1611 1967 1667 δὲ

380 1707 569 1777 χεῖρας
597 1704 693 1759 καὶ
729 1704 896 1769 πόδας
940 1701 1201 1774 ἐξεϐλήθη
1243 1700 1337 1755 τοῦ
1370 1700 1572 1773 γάμου.
1607 1732 1676 1741 —
1714 1702 1965 1773 Ἀδελφὸς

378 1798 538 1869 ήμῶν
571 1796 806 1852 ἐνταῦθα
834 1799 862 1851 6
891 1797 998 1850 τῶν
1029 1795 1278 1865 ἀγγέλων
1302 1795 1459 1867 χορός
1496 1794 1641 1847 ὲστιο
1676 1795 1817 1849 κατά
1855 1797 1964 1868 γὰρ

377 1888 478 1960 τὴν
520 1888 631 1942 τῶν
678 1889 925 1957 ἀγγέλων
966 1887 1125 1956 φύσιν
1172 1887 1277 1959 πρὸ
1314 1887 1414 1958 τῆς
1461 1888 1825 1958 παραϐάσεως
1870 1890 1965 1943 καὶ

380 1979 642 2044 πτώσεως
673 1982 701 2034 6
725 1979 971 2044 διάϐολος
1002 1979 1111 2034 τῶν
1145 1979 1389 2048 ἀγγέλων
1413 1980 1508 2033 καὶ
1536 1980 1693 2051 ἡμῶν
1716 1980 1927 2052 ὑπῆρχε
1945 1997 1959 2014 ο

383 2074 536 2143 φίλος
578 2073 636 2126 δὲ
676 2072 832 2144 ἡμῶν
872 2074 1019 2125 ἐστιν
1052 2075 1079 2126 6
1107 2071 1269 2135 Θεός·
1318 2075 1570 2143 κρεῖσσον
1602 2073 1658 2126 δὲ
1689 2072 1766 2143 τῷ
1797 2076 1962 2143 ἐγγυ-

376 2164 520 2235 τέρῳ
558 2164 653 2218 καὶ
697 2162 934 2235 ἀληθινῷ
991 2163 1109 2233 Θεῷ
1157 2162 1312 2233 ἡμῶν
1346 2164 1437 2218 καὶ¹
1480 2164 1618 2235 φίλῳ
1660 2164 1827 2233 ἐγγὺς
1870 2166 1964 2219 καὶ

378 2252 781 2323 πλησιεστέρως
817 2254 1005 2317 οἰκεῖν,
1031 2252 1064 2323 ἦ
1095 2251 1175 2323 τῷ
1206 2251 1424 2324 μακρὰν
1451 2252 1544 2305 ἀπ’
1571 2252 1737 2307 αὑτοῦ
1773 2254 1963 2308 ἑαυτὸν

380 2347 671 2417 ποιήσαντι
722 2345 986 2416 διαϐόλῳ,
1041 2345 1117 2409 ὡς
1172 2344 1384 2416 ἀδελφῷ
1437 2345 1718 2413 ὑπείκειν,
1766 2347 1846 2410 είς
1903 2345 1963 2401 τὸ

379 2436 771 2492 συναπολέσθαι
829 2437 997 2509 αὑτῷ.
1030 2468 1097 2480 —-
1133 2437 1419 2509 Κρείσσων
1472 2438 1500 2491 6
1560 2439 1963 2510 συναπτόμενός

379 2545 472 2598 μοι
507 2528 597 2582 διὰ
625 2530 726 2601 τῆς
762 2529 997 2601 ἀληθοῦς
1031 2527 1305 2598 γνώσεως,
1339 2530 1477 2603 ὑπὲρ
1505 2530 1597 2584 τὸν
1625 2532 1962 2604 συναπτόμε-

374 2620 465 2673 νόν
497 2638 584 2690 μοι
618 2620 775 2690 μόνον
806 2620 893 2673 διὰ
920 2620 1021 2690 τῆς
1052 2620 1285 2690 φύσεως.

446 2711 552 2763 Τοῦ
587 2710 873 2782 ἀνθρώπου
910 2707 1078 2776 οἶκος,
1120 2714 1154 2782 ή
1184 2712 1383 2784 ἀρετή·
1416 2711 1511 2766 ὲάν
1547 2707 1639 2767 οῦν
1686 2713 1761 2785 μὴ
1797 2730 1960 2767 σπου-

373 2802 537 2866 δαίως
563 2802 767 2873 ταύτης
815 2803 1160 2875 ἐπιμελῆται,
1204 2806 1263 2859 ὲν
1306 2805 1482 2877 καιρῴ
1515 2806 1835 2879 πειρασμῶν
1864 2807 1958 2861 ἐκ·

375 2912 565 2950 πιπτει
595 2895 783 2966 αὑτῆς.

445 2991 595 3062 Συκῆ
624 2990 857 3047 ἐνταῦθα
885 2994 919 3064 ἡ
952 2991 1266 3065 δικαιοσύνη
1309 2994 1342 3065 ἡ
1380 2992 1474 3047 τοῦ
1504 2994 1638 3048 Θεοῦ
1686 2997 1852 3060 ἐστιν,
1892 2996 1958 3067 ἢν

2067 522 2175 579 tur,
2216 512 2506 582 sapientia,
2543 519 2600 566 et
2632 510 2886 577 scientia,
2918 519 3085 580 atque
3118 508 3438 580 bymnodia.
3488 511 3644 570 Mens

2062 612 2253 660 contra
2284 601 2627 673 passionihus
2654 602 2914 665 obnoxia,
2942 600 3242 672 ignorantia
3263 612 3319 656 et
3355 602 3642 672 iniquitate

2062 694 2447 766 proscinditur,
2463 695 2625 764 ﬁtque
2638 710 2830 764 magna
2846 695 3000 749 ruina
3014 701 3064 749 et
3079 707 3234 766 pteue
3249 693 3639 764 irreparabilis.

2132 788 2179 820 δο
2208 786 2435 841 Amicus
2482 796 2665 841 noster
2693 795 2749 840 et
2802 785 3146 854 antiquorum
3176 793 3392 855 patrum
3443 796 3497 839 et
3542 801 3639 854 po-

2065 888 2334 939 sterorum
2363 888 2699 941 nostrorum,
2728 874 2873 932 Deus
2892 886 2997 931 est.
3023 874 3147 945 lpse
3173 878 3320 930 enim
3350 875 3525 930 dixit:
3552 874 3638 928 Me

2065 969 2451 1040 dereliquerunt
2480 968 2677 1037 [autem
2706 984 2856 1038 aqua:
2879 968 3112 1031 viventis,
3141 975 3191 1021 et
3215 966 3511 1036 elfoderunt
3536 966 3639 1020 sibi

2066 1060 2324 1114 cisternas
2354 1060 2638 1128 dissipatas
2665 1059 2732 1113 “.
2759 1089 2830 1101 —
2854 1057 2967 1113 Hoc
3012 1058 3130 1114 loco
3175 1055 3345 1112 frater
3390 1056 3640 1112 Christus

2066 1162 2151 1208 est
2167 1166 2264 1224 per
2290 1154 2539 1224 gratiam.
2592 1151 2699 1207 Sed
2750 1152 2804 1206 in
2837 1151 3054 1207 domum
3089 1148 3275 1204 fratris
3305 1148 3402 1214 tui,
3434 1149 3640 1219 absque

2066 1244 2353 1315 praeceptis
2386 1258 2506 1313 quae
2551 1241 2702 1299 dedit
2741 1242 2922 1308 nobis,
2951 1251 3012 1297 ut
3062 1240 3217 1311 copia
3264 1249 3411 1296 esset
3452 1241 3637 1309 ingre-

2067 1336 2248 1391 diendi
2278 1336 2333 1389 in
2361 1335 2582 1391 domum
2612 1334 2749 1405 ejus,
2783 1335 2834 1390 id
2874 1344 2957 1391 est
2992 1335 3045 1390 in
3084 1333 3342 1390 cmlorum
3382 1347 3636 1403 regnum,

2067 1445 2137 1485 ne
2164 1429 2407 1485 introeas
2439 1428 2485 1483 si
2528 1428 2614 1483 his
2648 1428 2867 1499 inquam
2916 1442 3124 1483 careas.
3176 1426 3309 1481 Nam
3343 1426 3463 1481 talis
3493 1435 3634 1492 erat,

2067 1520 2159 1592 qui
2198 1520 2264 1576 ad
2306 1520 2524 1591 nuptias
2554 1520 2767 1575 introiit
2804 1519 3008 1589 absque
3049 1531 3201 1575 veste
3240 1518 3489 1588 nuptiali,
3543 1518 3638 1587 qui

2069 1612 2253 1684 ligatis
2284 1612 2535 1667 manibus
2562 1626 2629 1668 ac
2654 1612 2882 1681 pedibus
2914 1614 2981 1667 de
3010 1611 3103 1667 illo
3134 1610 3253 1667 loco
3279 1611 3467 1681 pulsus
3512 1609 3635 1665 fuit.

2066 1732 2140 1748 —
2166 1702 2282 1770 Vel,
2309 1704 2481 1759 frater
2503 1712 2685 1760 noster
2708 1704 2811 1759 hoc
2834 1703 2955 1759 loco
2974 1711 3058 1759 est
3078 1702 3392 1774 angelorum
3414 1703 3635 1759 chorus.

1995 1768 2038 1826 Β
2064 1797 2199 1852 Nam
2241 1768 2339 1865 pro
2368 1810 2467 1851 sua
2490 1795 2732 1866 angelica
2764 1802 2958 1851 natura
2989 1802 3117 1851 ante
3152 1768 3638 1863 transgressionem

2063 1900 2119 1948 et
2161 1891 2367 1961 lapsum
2401 1888 2651 1945 diabolus
2697 1896 2753 1944 et
2784 1887 3101 1958 angelorum
3147 1895 3203 1943 et
3244 1886 3417 1942 nostri
3467 1886 3639 1943 frater

2061 1991 2201 2038 erat.
2235 1979 2342 2035 Sed
2381 1979 2591 2035 amicus
2622 1987 2809 2034 noster
2838 1979 2979 2034 Deus
3001 1986 3106 2033 est.
3138 1976 3257 2033 .lam
3282 1991 3410 2032 vero
3443 1977 3638 2035 melius

2061 2082 2167 2141 est,
2215 2072 2531 2144 proximiori
2561 2085 2800 2141 veroque
2849 2069 2960 2125 Deo
3010 2079 3197 2126 nostro
3232 2078 3399 2139 atque
3436 2071 3637 2136 amico,

2063 2176 2229 2232 prope
2249 2171 2307 2219 et
2334 2161 2639 2230 proximius
2678 2161 2949 2227 habitare,
2980 2176 3145 2231 Quam
3186 2162 3236 2217 ei
3289 2162 3379 2229 qui
3431 2162 3500 2217 ab
3544 2162 3638 2219 illo

2063 2249 2250 2319 procul
2278 2264 2337 2304 se
2362 2250 2656 2316 submovit,
2687 2249 2915 2320 obsequi
2950 2258 3207 2320 tanquam
3250 2249 3431 2316 fratri,
3460 2250 3514 2307 id
3552 2259 3637 2308 est

2063 2345 2299 2410 diabolo,
2330 2353 2387 2401 ut
2412 2361 2534 2401 cum
2570 2346 2760 2403 eodem
2787 2361 3100 2416 pereamus.
3120 2375 3193 2390 --
3219 2346 3407 2402 Melior
3439 2357 3520 2403 est
3542 2348 3635 2417 qui

2062 2437 2299 2492 cohaeret
2328 2438 2461 2492 mihi
2497 2454 2593 2508 per
2620 2452 2806 2494 veram
2840 2438 3153 2507 scientiam,
3182 2454 3345 2510 quam
3375 2440 3469 2509 qui
3504 2440 3635 2496 mihi

2061 2532 2297 2586 cohaeret
2324 2529 2491 2585 solius
2516 2530 2563 2584 vi
2598 2538 2825 2586 naturas.

2130 2712 2177 2746 “
2206 2711 2453 2768 Hominis
2481 2711 2695 2781 domus,
2727 2720 2812 2769 est
2832 2714 3030 2768 virtus.
3057 2710 3174 2770 Nisi
3203 2727 3335 2785 ergo
3364 2712 3523 2782 hujus
3554 2713 3632 2769 di-

2060 2805 2314 2876 ligentem
2358 2820 2543 2861 curam
2583 2815 2757 2877 gerat,
2791 2806 3153 2863 tonlationum
3195 2814 3442 2879 tempore
3472 2807 3539 2863 ab
3569 2822 3631 2863 ea

2058 2897 2295 2957 excidet.

2129 2990 2177 3023 ⁸³
2203 2990 2367 3047 Ficus
2416 2992 2521 3049 hoc
2576 2990 2697 3048 loco
2741 2990 2957 3061 justitia
2993 2990 3091 3047 Dei
3143 2998 3247 3057 est,
3290 3005 3453 3061 quam
3484 2990 3539 3045 in
3573 3006 3632 3048 se

374 3078 422 3131 οἱ
456 3078 777 3146 φυτεύοντες
815 3080 873 3133 ὲν
917 3081 1151 3145 ἑαυτοῖς,
1189 3082 1284 3135 καὶ
1318 3081 1527 3154 ἑτέροις
1561 3084 1842 3154 μετάφυτα
1881 3086 1959 3139 διο

2064 3082 2196 3152 ipsis
2224 3082 2555 3152 plantantes,
2586 3082 2819 3153 aliisque
2851 3082 3100 3138 surculos
3154 3082 3633 3152 transplantandos

372 3169 574 3234 δόντες,
598 3169 691 3225 τὸν
722 3171 932 3245 καρπὸν
962 3173 1132 3244 αὐτῆς
1166 3174 1429 3244 φάγονται
1460 3177 1523 3229 ὲκ
1552 3177 1731 3249 χειρὸς
1756 3176 1959 3250 Κυρίου

2062 3174 2340 3249 cedentes,
2370 3174 2606 3231 fructum
2638 3172 2756 3243 ejus
2782 3172 3073 3230 comedunt
3099 3172 3168 3227 de
3199 3187 3360 3227 manu
3393 3172 3633 3237 Domini,

373 3261 467 3316 τοῦ
511 3262 671 3334 μόνου
702 3263 909 3320 δικαίου
950 3267 1044 3320 καὶ
1089 3266 1189 3338 τὴν
1239 3267 1582 3341 δικαιοσύνην
1630 3269 1961 3340 βραϐεύσαν-

2061 3266 2154 3337 qui
2190 3265 2540 3336 solusjustus
2574 3275 2680 3332 est,
2704 3273 2760 3320 et
2781 3263 3051 3335 justitiam
3076 3272 3416 3319 muneratur.
3444 3262 3512 3318 Et
3543 3262 3631 3331 iis,

371 3371 492 3420 τοςο
534 3359 628 3412 καὶ
668 3359 783 3421 τοῖς
815 3358 914 3428 τὴν
951 3357 1303 3431 δικαιοσύνην
1348 3360 1516 3432 αὑτοῦ
1565 3360 1832 3431 φυλάξασι
1865 3362 1961 3417 σὺν

2060 3358 2151 3425 qui
2176 3356 2447 3425 justitiam
2477 3356 2813 3421 custodiunt,
2845 3355 2986 3425 apud
3034 3368 3094 3410 se
3126 3355 3339 3425 positis,
3383 3353 3632 3410 concedit

375 3448 557 3521 ἑαυτῷ
609 3450 939 3517 συντάττων,
996 3451 1260 3523 ἀπονέμει
1302 3452 1670 3525 δικαιοσύνην,
1716 3453 1815 3525 τὴν
1866 3454 1961 3506 καὶ

2059 3448 2324 3519 justitiam
2355 3450 2502 3506 illam
2549 3465 2671 3521 quae
2716 3448 2937 3520 angelos
2961 3448 3108 3519 ipsos
3131 3446 3397 3518 justiﬁcat
3426 3456 3631 3502 aeterna

372 3541 639 3610 ἀγγέλους
681 3543 1012 3611 δικαιοῦσαν,
1061 3547 1119 3599 ὲν
1173 3549 1239 3618 τῇ
1290 3545 1547 3617 ἀτρέπτῳ
1606 3548 1705 3618 τῆς
1753 3547 1959 3601 δικαιο-

376 3629 543 3700 σύνης
584 3631 958 3704 λαμπρότητι·
998 3636 1057 3700 ὃς
1103 3636 1162 3689 δὲ
1206 3637 1469 3706 φυλάσσει
1520 3638 1610 3691 τὸν
1657 3638 1814 3707 λόγον
1860 3639 1957 3693 τοῦ

375 3722 602 3793 Κυρίου,
648 3723 741 3779 τὸν
782 3724 987 3797 Κύριον
1020 3726 1283 3795 φυλάσσει
1332 3730 1389 3782 ἐν
1432 3732 1499 3801 τῇ
1551 3729 1747 3802 καρδίᾳ
1792 3731 1956 3785 αὑτοῦ

374 3811 679 3884 ἀχώριστον
728 3810 867 3868 εἶναι
898 3817 992 3869 ἀπ’
1030 3818 1231 3871 αὑτοῦο
1269 3819 1632 3892 τιμηθήσεται
1673 3823 1729 3876 δὲ
1764 3824 1826 3876 ού
1862 3824 1959 3893 μό-

374 3920 465 3957 νον
492 3905 742 3959 ὲντεῦθεν
772 3906 876 3961 ὑπὸ
903 3909 1012 3963 τῶν
1041 3911 1307 3979 ἀγγέλων,
1333 3912 1470 3966 ἀλλά
1496 3914 1588 3966 καὶ
1622 3914 1680 3966 ἐν
1718 3914 1797 3986 τῷ
1832 3916 1958 3986 μέλ-

373 3994 521 4053 λοντι
552 3997 658 4053 ὑπὸ
684 3998 779 4053 τοῦ
809 4000 917 4053 τῶν
948 4002 1195 4070 ἀγγέλων
1225 4003 1581 4077 δημιουργοῦ.

443 4083 592 4153 Οἷον,
631 4091 731 4144 οὑκ
774 4091 1054 4163 ἀτιμάζων
1098 4095 1190 4148 τὸν
1222 4095 1435 4166 ἄφρονα
1476 4097 1810 4168 ἀποστήσεις
1856 4099 1956 4170 τῆς

356 4179 706 4259 ἀφροσύνης,
751 4183 888 4237 ἀλλά
930 4184 1198 4239 διδάσκων
1234 4188 1396 4240 αὑτὸν
1432 4188 1623 4252 ὁποίας
1670 4187 1890 4258 ἀτιμίας
1921 4191 1954 4261 ἡ

360 4271 654 4344 ,ἀφροσύνη
696 4275 907 4344 γίνεται
957 4277 1255 4350 πρόξενος·
1299 4281 1328 4334 6
1376 4279 1486 4352 γὰρ
1526 4281 1608 4343 είς
1664 4280 1955 4351 πρόσωπον

373 4362 608 4435 ἔλεγχος,
645 4367 1123 4443 ἀναισχυντότερον
1156 4374 1303 4425 ποιεῖ
1330 4372 1420 4425 τὸν
1447 4372 1845 4443 ἁμαρτάνοντα.

444 4455 565 4510 Τῶν
604 4457 704 4511 τοῦ
739 4460 873 4514 Θεοῦ
911 4462 1190 4533 ῥημάτων,
1234 4462 1303 4517 τά
1343 4463 1443 4534 μὲν
1484 4465 1564 4527 είς
1606 4462 1737 4517 υἱῶν
1781 4460 1947 4534 ζωὴν,
1981 4445 2026 4501 Ῑ)

371 4544 441 4599 τά
468 4546 526 4603 δὲ
556 4549 635 4614 εἰς
662 4550 1010 4623 Θεραπόντων
1035 4554 1365 4627 γέγραπται.

2052 3545 2277 3616 justitia:
2312 3546 2583 3602 claritate.
2608 3543 2868 3613 Quisquis
2902 3543 3111 3600 Domini
3146 3541 3367 3598 verbum
3396 3540 3633 3597 custodit

2060 3640 2114 3694 in
2138 3640 2299 3695 corde
2319 3653 2437 3703 suo,
2469 3637 2753 3692 Dominum
2778 3637 2955 3707 ipsum
2982 3635 3238 3697 custodit,
3268 3648 3335 3688 ne
3354 3633 3513 3702 longe
3538 3632 3631 3686 fiat

2059 3732 2127 3787 ab
2149 3747 2235 3786 eo.
2271 3730 2446 3786 Porro
2480 3728 2837 3785 honorabitur
2867 3742 2972 3783 non
3006 3728 3166 3782 modo
3197 3740 3342 3780 nunc
3373 3726 3439 3781 ab
3467 3740 3631 3794 ange-

2057 3823 2147 3888 lis,
2208 3822 2303 3878 sed
2346 3822 2510 3877 etiam
2562 3821 2619 3876 in
2678 3818 2867 3875 futuro
2919 3818 3119 3875 saeculo
3184 3820 3252 3873 ab
3317 3815 3632 3888 angelorum

2056 3924 2322 3972 creatore.

2126 4096 2177 4129 δδι
2206 4093 2263 4150 ld
2293 4102 2397 4156 est.
2438 4109 2547 4149 non
2576 4107 2674 4163 per
2700 4092 2908 4148 illatum
2941 4089 3175 4147 dedecus
3214 4086 3436 4143 stultum
3470 4099 3628 4140 revo-

2054 4186 2206 4242 cabis
2242 4202 2271 4240 a
2304 4185 2533 4241 stultitia
2559 4184 2791 4251 sua,sed
2819 4183 2999 4252 potius
3022 4196 3145 4236 eum
3177 4180 3417 4235 docendo
3439 4176 3630 4247 quanti

2057 4278 2337 4335 dedecoris
2373 4276 2601 4333 stultitia
2641 4275 2713 4329 sit
2762 4288 2949 4329 causa.
3003 4271 3137 4326 Nam
3190 4269 3545 4339 reprehensio
3575 4267 3627 4321 iu

2055 4371 2251 4427 faciem
2280 4370 2490 4439 objecta
2517 4364 3125 4440 impudentioremfacit
3149 4371 3522 4435 peccatorem.

2125 4465 2171 4496 ⁸⁸
2196 4464 2288 4519 Dei
2323 4462 2485 4517 verba
2520 4462 2717 4534 partim
2751 4461 2817 4515 ad
2849 4459 3102 4522 filiorum,
3136 4457 3333 4527 partim
3368 4457 3434 4511 ad
3460 4460 3629 4509 famu-

2052 4556 2225 4610 lorum
2249 4555 2536 4626 regendam
2570 4554 2735 4608 vitam
2774 4552 2973 4620 scripta
3004 4552 3238 4605 fuerunt.

1779 4650 1932 4706 CAP.
1974 4651 2210 4707 XXVIII.

448 4735 506 4788 El
538 4735 682 4791 ἔστιν
713 4739 955 4811 ἀνδρεῖος
986 4744 1043 4798 ὲν
1067 4742 1361 4810 ἀσεϐείαις,
1403 4744 1555 4799 ἔστιν
1583 4745 1826 4817 ἀνδρεῖος
1860 4748 1952 4800 καὶ

375 4822 433 4876 tu
471 4824 720 4894 ἀρετατςο
771 4830 863 4883 καὶ
908 4834 956 4885 εξ
995 4834 1024 4886 6
1071 4833 1311 4904 ἀνδρεῖος
1351 4836 1410 4889 ὲν
1453 4834 1730 4899 ἀσεϐείαις
1788 4852 1950 4888 συκο-

375 4918 563 4982 φαντεῖ
596 4921 876 4989 πτωχοὺς,
919 4925 944 4976 6
984 4925 1226 4996 ἀνδρεῖος
1273 4928 1330 4980 ὲν
1366 4928 1585 4997 ἀρεταῖς
1639 4927 1949 4997 παρακαλεῖ

371 5007 649 5076 πτωχούςο
689 5011 883 5066 οὑκοῦν
913 5017 1019 5081 πᾶς
1040 5018 1069 5070 6
1095 5018 1424 5089 παρακαλῶν
1460 5018 1705 5088 πτωχοὺς
1740 5020 1797 5071 ὲν
1832 5020 1951 5071 ἀσε-

368 5096 544 5163 ϐείαις
614 5105 1006 5175 συμπράττειν,
1056 5111 1382 5178 συκοφαντεί
1423 5108 1620 5171 αὐτοὺς
1671 5108 1807 5179 πρὸς
1857 5108 1950 5162 τὸν

366 5188 523 5253 Θεὸν,
560 5194 838 5250 τουτέστιν
870 5199 1285 5269 ἀντιδιαϐάλλει,
1303 5201 1451 5265 ὅπως
1475 5199 1951 5255 συναπολεσθῶσιν

251 5308 260 5323 ·
368 5282 539 5351 αὐτῷ.

452 5374 511 5425 '0
535 5371 734 5444 λαῦρος
762 5372 915 5436 ὑετὸς
941 5374 1002 5427 οὑ
1036 5376 1194 5447 μόνον
1226 5379 1351 5442 τοὺς
1368 5382 1613 5451 καρποὺς
1632 5384 1945 5451 ἀπόλλυσιν,

368 5464 504 5518 ἀλλά
534 5467 627 5519 καὶ
651 5466 712 5517 τὸ
735 5466 1021 5537 πρόσωπον
1056 5469 1153 5539 τῆς
1196 5470 1322 5540 γῆς,
1358 5472 1418 5525 τὸ
1443 5476 1568 5537 τοὺς
1596 5478 1838 5548 καρποὺς
1865 5478 1945 5531 δια

368 5557 511 5626 δοῦν,
543 5558 875 5628 ὲξεδαφίζει’
902 5560 1017 5614 ἔστι
1056 5561 1112 5615 δὲ
1146 5563 1239 5615 καὶ
1273 5564 1427 5629 ὑετὸς
1458 5567 1748 5638 εἰρηνικὸς,
1780 5568 1944 5622 ποιῶν

2128 4746 2175 4778 ⁸⁸
2198 4746 2253 4801 Si
2283 4755 2369 4801 est
2398 4744 2553 4802 fortis
2574 4746 2626 4798 in
2653 4743 3048 4814 impietatibus,
3077 4749 3162 4795 est
3187 4741 3355 4796 etiam
3386 4740 3542 4795 fortis
3568 4741 3621 4797 in

2056 4839 2366 4894 virtutibus.
2399 4838 2465 4893 Et
2490 4838 2539 4892 si
2574 4837 2730 4892 fortis
2774 4838 2827 4891 in
2858 4835 3224 4904 impietatibus
3262 4833 3623 4889 calumniatur

2054 4944 2338 4999 pauperes,
2356 4929 2447 4998 qui
2472 4926 2630 4984 fortis
2654 4937 2738 4984 est
2758 4928 2811 4982 in
2830 4927 3116 4981 virtutibus
3139 4924 3407 4980 confortat
3424 4939 3624 4995 paupe-

2059 5038 2166 5077 res.
2194 5023 2333 5089 Ergo
2355 5022 2449 5091 qui
2502 5036 2768 5090 pauperes
2804 5019 3081 5075 confortat
3123 5022 3189 5073 ad
3219 5018 3622 5090 participandas

2056 5115 2381 5183 impietates,
2440 5113 2802 5168 calumniatur
2857 5128 2951 5169 eos
3005 5113 3142 5182 apud
3185 5113 3389 5179 Deum;
3444 5112 3497 5166 id
3536 5122 3621 5166 est

2054 5200 2298 5256 vicissim
2342 5200 2689 5268 criminatur,
2721 5210 2780 5255 ut
2808 5216 2911 5256 una
2935 5209 3180 5271 pereant.

2123 5384 2427 5439 Vehemens
2472 5384 2654 5453 pluvia
2689 5400 2795 5438 non
2842 5392 3016 5438 solum
3073 5382 3254 5453 fruges
3284 5383 3615 5453 pessumdat.

2051 5494 2238 5532 verum
2273 5478 2433 5533 etiam
2468 5486 2629 5532 terra:
2653 5476 2870 5541 faciem,
2893 5491 3012 5545 quae
3042 5476 3224 5547 fruges
3253 5476 3483 5548 profert,
3524 5475 3618 5529 de-

2050 5579 2250 5626 vastat.
2280 5570 2376 5625 Est
2407 5570 2573 5624 etiam
2608 5569 2755 5624 mitis
2784 5569 2987 5639 pluvia,
3018 5584 3138 5639 qua:
3188 5568 3430 5626 floridam
3483 5568 3617 5623 facit

443 5742 486 5772 "
524 5758 572 5798 ν.
604 5744 705 5800 9.ο
736 5744 776 5777 ³ο
812 5760 858 5799 v.
902 5744 981 5800 l0.
1060 5746 1100 5777 "
1136 5743 1245 5800 Jer.
1282 5761 1342 5807 ll,
1383 5747 1463 5801 15.
1544 5748 1586 5778 ³³
1614 5763 1663 5803 γ.
1700 5749 1783 5802 l5.
1861 5749 1902 5780 "
1934 5765 1958 5800 v

2059 5750 2102 5803 Β.
2180 5750 2227 5782 ⁴⁴
2264 5766 2311 5804 v.
2353 5749 2445 5804 2‘2.
2524 5748 2566 5780 “
2604 5765 2646 5801 v.
2685 5749 2771 5803 ‘27.
2848 5749 2892 5780 ”
2920 5765 2969 5807 γ.
2998 5750 3049 5802 5.
