2086 3210
208 150 263 177 2ἷεὶ

209 207 264 243 ίδίᾳ
279 206 353 242 ψυχῇ
368 206 506 242 ἄφθαρτον
518 206 550 233 ὲκ
566 206 658 242 χειρὸς
671 206 784 243 Κυρίου.

248 296 278 325 '0
295 297 434 334 καθαίρων
456 298 552 325 ἑαυτὸν
572 299 605 326 ὲκ
624 298 678 325 τῶν
701 298 805 330 παθῶν,
819 299 866 325 καλ¹
882 299 996 334 ἐργαζό-

207 352 290 381 μενος
306 344 355 376 τὰς
373 343 482 376 ἐντολὰς
501 344 547 371 τοῦ
560 344 639 378 Θεοῦ,
661 343 707 371 τοῦ
724 344 893 380 ψυχοτρόφου
913 345 997 380 ἄρτου

207 390 304 426 σοφίας
319 389 367 417 καὶ
381 389 508 424 γνώσεως
522 390 589 417 Θεοῦ
604 390 825 426 ἐμπλησθήσεται
837 398 844 405 ·
859 391 874 417 ὸ
889 389 918 417 δὲ
933 390 997 417 διώ-

207 445 264 463 κων
278 435 375 471 σχολὴν
401 434 449 462 τοῦ
476 435 513 471 μὴ
535 437 622 462 ποιεῖν
636 435 686 467 τὰς
714 434 824 467 ἐντολὰς
844 434 892 462 τοῦ
913 433 997 468 Θεοῦ,

207 482 394 517 πλησθήσεται
409 481 516 513 πενίας.

243 529 275 555 οι
293 527 341 555 νῦν
354 527 509 563 ἐλεήμονες,
530 528 559 553 ὲν
574 526 613 562 τῷ
627 526 704 554 αἰῶνι
723 526 762 562 τῷ
780 525 902 562 μέλλοντι
921 526 998 562 ὲλεη-

208 574 300 606 θέντες
312 574 365 601 ὑπὸ
378 574 425 601 τοῦ
440 573 518 606 Θεοῦ,
534 574 582 600 καὶ
596 573 737 609 γενόμενοι
750 573 872 608 ἄγγελοι,
888 571 999 609 ἄρξουσι

206 620 262 648 τῶν
285 620 430 656 βασκάνων
453 620 501 647 καὶ
523 619 659 647 πλουσίων
684 618 806 647 ἀσεὸὦνο
827 618 946 646 τοιοῦτον
970 618 999 645 δὲ

209 667 315 703 ἀξίωμα
338 667 383 694 καὶ
406 667 463 698 τοῖς
480 666 617 701 μαθηταῖς
641 665 724 692 αὑτοῦ
748 665 881 701 ὑπέσχετο
903 664 1000 692 δώσειν

206 713 320 749 Κύριος,
334 713 365 740 τὸ
381 712 492 740 καθίσαι
506 713 605 744 αὐτοὺς
621 713 667 739 ἐπὶ
686 712 792 739 δώδεκα
811 711 923 747 θρόνων,
940 711 1000 747 κρί-

207 768 302 791 νοντας
323 759 425 786 δώδεκα
448 758 533 793 φυλὰς
551 758 599 786 τοῦ
619 758 743 794 Ἰσραήλ·
760 758 854 794 θρόνος
875 757 905 784 δέ
926 758 1000 784 ἐστιν

207 806 237 833 ἐν
250 803 272 840 ᾧ
287 807 301 833 ὁ
317 804 380 837 νοῦς
393 804 556 837 καθέζεται,
577 804 684 840 πλήρης
705 802 833 838 γνώσεως
850 810 1000 837 πνευματι-

207 853 270 888 κῆς,
285 853 348 884 τοὺς
362 851 548 887 πλανηθέντας
564 850 618 877 ἀπὸ
638 850 687 885 τῆς
712 848 868 881 θεοσεϐείας
890 849 1000 875 ima-w—

791 149 973 179 EXPOSI’i‘iO
984 150 1018 179 ΙΝ
1037 150 1243 180 PROVEBBIA.

1011 211 1036 241 Α
1050 214 1105 237 tum
1119 213 1199 245 parat
1213 208 1311 236 animae
1334 214 1391 236 suae
1408 207 1442 235 de
1461 214 1541 235 manu
1565 207 1672 236 Domini
1694 207 1832 243 recipior:-

1781 150 1833 179 246

1047 256 1121 284 dum.

1083 301 1135 335 Qui
1158 308 1188 329 se
1212 304 1310 336 purgat
1337 300 1421 335 animi
1449 299 1719 335 perturbationibus,
1739 302 1767 326 et
1785 297 1832 325 Dei

1047 348 1175 376 mandata
1188 348 1358 383 exsequitur,
1371 346 1507 374 nutritore
1521 346 1676 373 animarum
1693 352 1775 381 pane,
1790 352 1834 372 sa-

1048 392 1151 427 pientia
1180 393 1310 420 nimirum
1335 396 1364 420 et
1383 391 1523 427 agnitione
1554 391 1619 423 Dei.
1651 390 1832 419 saturabitur.

1049 440 1072 456 "
1084 439 1134 473 Qui
1150 446 1216 467 vero
1229 439 1316 466 otium
1331 442 1463 471 sectatur,
1474 437 1622 472 quominus
1633 437 1680 464 Dei
1704 436 1833 464 mandata

1049 477 1223 519 exsequatur,
1239 483 1263 511 is
1277 482 1388 518 quidem
1407 482 1498 517 inopia
1513 483 1655 510 obruetur.

1083 530 1107 547 "
1121 529 1174 564 Qui
1188 536 1261 557 nunc
1273 532 1336 556 sunt
1350 528 1554 560 misericordes,
1571 529 1597 555 in
1615 527 1708 555 l‘utnro
1734 526 1834 555 saeculo

1049 576 1269 604 misericordiam
1284 582 1300 602 a
1314 575 1371 609 Deo
1387 574 1473 608 nacti,
1489 573 1608 608 factique
1623 573 1725 609 angeli.
1747 573 1835 608 impe-

1051 622 1152 650 rabunt
1161 620 1261 648 invidis
1276 624 1303 649 et
1318 619 1410 656 impiis
1422 619 1564 648 divitibus.
1586 619 1662 646 Hanc
1674 620 1834 655 dignitatem

1049 670 1175 697 daturum
1192 676 1222 696 se
1235 668 1385 704 spondebat
1408 667 1549 704 discipulis
1569 668 1710 700 Dominus,
1737 675 1835 703 nempe

1050 721 1174 742 sessuros
1200 721 1248 742 eos
1273 721 1355 748 super
1382 713 1525 741 duodecim
1547 713 1835 747 thronos,judicantes

1051 760 1194 789 duodecim
1211 759 1301 788 tribus
1313 759 1424 787 lsraelis
1439 759 1475 787 ".
1492 759 1619 787 Thronus
1633 763 1725 787 autem
1745 763 1790 787 est
1804 759 1832 786 in

1050 814 1105 842 quo
1126 813 1202 834 mens
1222 805 1308 838 sedet,
1331 804 1411 841 plena
1434 805 1558 833 scientiae
1573 805 1715 841 Spit-italis.
1733 812 1794 839 qum
1819 812 1834 831 a

1051 851 1185 887 religione
1200 851 1294 879 devios
1309 849 1426 878 reducit.
1438 848 1567 877 iudicare
1580 854 1672 877 autem
1691 849 1743 877 hoc
1762 849 1835 881 loco,

208 898 312 933 άγουσα
322 906 329 914 ·
344 898 375 924 τὸ
395 897 423 924 δὲ
439 897 542 933 κρίνειν
558 895 691 927 ἐνταῦθα,
706 895 736 921 τὸ
751 895 886 922 διδάσκειν
901 894 1001 929 σημαί-

1054 896 1150 924 docere
1177 895 1324 932 signiﬁcat.
1353 895 1390 923 Ut
1411 895 1496 923 illud:
1515 895 1595 930 Aperi
1614 903 1643 922 os
1665 899 1740 922 tuum
1759 894 1836 922 verba

207 953 262 971 νει·
280 944 318 975 ὡς
334 944 381 970 καὶ
395 943 435 975 τὸ,
447 944 565 976 Ἀνοιγε
579 940 638 968 σὸν
648 941 746 975 στόμα
755 941 834 974 λόγῳ
849 939 933 970 Θεοῦ,
948 939 998 965 καὶ

208 991 291 1025 κρῖνε
305 989 403 1016 πάντα
421 989 523 1024 ὑγιῶς,
543 988 603 1015 ἀντὶ
618 986 678 1020 τοῦ,
693 987 801 1014 δίδασκε
811 995 817 1002 ·
836 986 894 1021 ἄμα
907 985 936 1012 δὲ
952 985 999 1012 καὶ

207 1034 286 1061 τοῦτο
300 1034 395 1066 ἰστέον,
408 1034 449 1060 ὃτι
462 1035 476 1060 ὁ
489 1033 614 1068 ἐλεήμων
629 1032 770 1068 κρατήσας
784 1031 831 1058 τοῦ
852 1030 997 1066 βασκάνου,

209 1080 289 1112 αὐτὸς
306 1080 354 1115 μὲν
368 1080 399 1106 οὐ
415 1080 559 1114 γενήσεται
577 1078 720 1114 βάσκανος,
742 1077 875 1113 ἐλεήμονα
887 1076 916 1103 δὲ
932 1076 999 1112 μᾶλ-

208 1124 254 1151 λον
273 1125 382 1159 ποιήσει
398 1124 442 1150 τὸν
459 1123 603 1159 βάσκανον.

251 1170 313 1197 Ἐὰν
333 1169 488 1196 ἀποθῶνται
510 1170 534 1196 οἱ
551 1169 660 1201 ἀσεϐεῖς
681 1169 712 1195 τὸ
727 1166 796 1196 εἷναι
817 1167 936 1199 ἀσεϐεῖς,
952 1176 999 1201 γε-

209 1215 334 1251 νήσονται
349 1215 462 1242 δίκαιοι·
480 1216 496 1250 ή
513 1214 567 1250 γὰρ
589 1214 711 1241 ἀπώλεια
730 1213 778 1240 νῦν
794 1213 843 1249 τὴν
860 1212 999 1246 ἀναίρεσιν

208 1262 259 1297 τῆς
285 1261 411 1293 ἀσεϐείας
437 1261 582 1297 σημαίνει·
608 1260 680 1287 οὕτω
703 1260 750 1287 καὶ
784 1259 922 1286 Ματθαῖον
949 1257 997 1287 τοῦ

208 1307 352 1333 τελωνείου
383 1306 518 1338 ἀπολέσας
542 1306 556 1331 ὁ
580 1305 700 1341 Κύριος,
727 1304 900 1339 δικαιοσύνην
926 1303 1000 1339 αὐτῷ

210 1353 355 1388 ἐχαρίσατο
365 1361 372 1367 ·
387 1351 566 1387 πληθύνονται
579 1351 634 1387 γὰρ
651 1352 676 1378 οἱ
690 1351 798 1385 δίκαιοι,
817 1351 881 1378 ὅταν
897 1351 921 1377 οἱ
938 1351 1000 1377 ἀσε-

210 1399 269 1430 ϐεῖς
291 1398 474 1433 καταλείψωσι
496 1398 546 1433 τὴν
572 1398 711 1429 ἀσέϐειαν,
736 1397 783 1424 καὶ
808 1398 863 1424 σὺν
881 1398 937 1429 τοῖς
960 1396 1000 1423 δι-

211 1446 298 1477 καίοις
312 1447 473 1481 γενήσονται
489 1445 587 1472 δίκαιοι
598 1453 605 1460 ⁵
621 1444 743 1474 στένουσι
758 1445 787 1471 δὲ
799 1445 846 1473 καὶ
862 1446 886 1471 οἱ
903 1445 1000 1471 δίκαιοι

211 1492 257 1519 καὶ
278 1492 441 1523 όδυνῶνται,
458 1491 574 1527 ὁρῶντες
594 1492 658 1523 τοὺς
679 1491 786 1522 ἀσεϐεῖς
801 1492 830 1518 ὲν
848 1491 923 1527 τόπῳ
950 1492 1001 1526 τῆς

211 1537 338 1569 ἀσεϐείας
354 1537 523 1572 ἱσταμένους,
538 1537 585 1566 καὶ
601 1537 638 1573 μὴ
652 1536 861 1573 μετανοοῦντας.

1052 940 1112 974 Dei,
1130 946 1154 968 et
1179 941 1278 975 integre
1298 941 1330 968 de
1348 940 1468 968 omnibus
1488 939 1580 975 judico
1591 939 1627 972 ",
1646 939 1674 967 id
1702 943 1744 967 est
1757 939 1835 967 doce.

1053 987 1139 1015 Simul
1163 992 1191 1015 et
1217 987 1270 1015 hoc
1298 987 1438 1015 sciendum
1460 991 1514 1019 est,
1532 986 1605 1022 quod
1629 985 1653 1013 si
1678 985 1838 1014 misericors

1051 1033 1142 1060 vincat
1156 1033 1288 1065 invidum,
1307 1032 1364 1068 ipse
1385 1031 1494 1067 quidem
1515 1039 1567 1059 non
1587 1032 1633 1060 llet
1648 1031 1769 1064 invidus.
1786 1032 1836 1059 sed

1053 1079 1128 1106 illum
1146 1079 1353 1107 misericordem
1369 1079 1461 1114 potius
1475 1078 1556 1106 faciet
1573 1077 1619 1113 qui
1642 1081 1701 1106 erat
1714 1077 1833 1106 invidus.

1088 1170 1110 1186 ⁸ο
1130 1169 1158 1196 Si
1184 1169 1354 1204 impietatem
1379 1175 1457 1196 suam
1483 1168 1620 1204 deponent
1656 1167 1743 1202 impii,
1770 1167 1838 1202 justi

1053 1215 1129 1243 ﬁent.
1144 1213 1212 1241 Nam
1227 1214 1344 1249 perditio
1355 1214 1407 1242 hoc
1419 1214 1489 1246 loco,
1507 1213 1659 1249 iniquitatis
1677 1212 1839 1241 exstincti“

1054 1268 1113 1289 nem
1129 1260 1272 1296 signiﬁcat.
1288 1260 1334 1287 Sic
1349 1259 1504 1287 Matthaeum
1528 1259 1562 1286 de
1583 1258 1685 1286 telonio
1705 1258 1836 1287 extermi-

1053 1313 1146 1335 natum
1175 1307 1308 1335 Dominus
1334 1306 1441 1340 iustitia
1476 1305 1598 1333 donavit.
1623 1304 1840 1340 Multiplicantur

1053 1355 1125 1383 enim
1150 1355 1228 1389 justi,
1253 1362 1315 1382 cum
1341 1354 1416 1389 impii
1443 1354 1613 1388 impietatem
1635 1352 1788 1385 omiserint,
1811 1356 1841 1379 et

1054 1400 1206 1435 cumjustis
1222 1400 1289 1436 justi
1317 1400 1392 1428 ﬁent.
1419 1400 1531 1427 Interim
1553 1403 1666 1434 gemunt
1691 1398 1841 1432 dolentquo

1050 1447 1130 1480 justi,
1146 1448 1266 1482 quandiu
1282 1447 1378 1481 impios
1391 1446 1487 1473 vident
1502 1445 1529 1472 in
1544 1445 1692 1480 impietatis
1704 1444 1763 1473 loco
1774 1451 1841 1475 cnn-

1054 1493 1162 1538 sistere,
1174 1498 1202 1520 et
1214 1492 1332 1520 nondum
1347 1491 1520 1526 resipiscere.

926 1596 1003 1624 CAP.
1023 1596 1121 1625 XXIX.

246 1653 389 1689 Κρείσσων
411 1654 467 1692 γὰρ
489 1655 560 1691 ἀνὴρ
583 1656 597 1683 ὁ
617 1656 647 1683 ὲν
672 1656 782 1693 παιδείᾳ
802 1657 850 1684 καὶ
876 1656 1001 1693 νουθεσίᾳ

1089 1657 1110 1673 ⁶¹
1124 1656 1218 1685 Melior
1228 1660 1270 1684 est
1283 1654 1355 1685 enim
1363 1655 1407 1682 vir
1417 1654 1533 1691 quicum
1547 1653 1688 1689 disciplina
1696 1656 1721 1680 et
1731 1651 1844 1679 monitis

211 1699 316 1735 Κυρίου
336 1700 466 1736 ἐλέγχων,
487 1702 504 1736 ἢ
521 1703 536 1729 ὁ
555 1702 584 1729 ὲν
605 1703 711 1738 σκληρᾷ
735 1700 835 1739 καρδίᾳ
860 1703 1001 1739 παραινῶν

213 1746 261 1772 καὶ
282 1745 497 1782 ὑπισχνούμενος
516 1748 719 1776 συναπολαῦσαι
739 1748 815 1785 αὐτῷ
829 1748 882 1776 τῶν
900 1750 929 1775 ἐν
951 1757 1002 1776 κα-

212 1789 276 1826 κίᾳ·
298 1789 429 1827 ἐξαπίνης
444 1791 499 1828 γὰρ
519 1792 686 1829 φλεγομένου
707 1794 791 1821 αὑτοῦ
808 1796 837 1821 ὲν
859 1795 893 1830 τῇ
915 1794 1003 1830 ὀρέξει

213 1836 267 1863 τῶν
283 1835 388 1868 παθῶν,
399 1838 413 1863 ὁ
427 1838 474 1863 ἐπὶ
492 1838 597 1870 πάντας
611 1839 736 1873 θάνατος,
749 1839 870 1867 ἐπελθὼν
885 1841 931 1867 ἐπὶ
940 1841 1003 1872 τοὺς

214 1881 281 1908 me"
294 1881 383 1908 αὐτῶν
396 1882 622 1919 συμπράκτορας,
633 1884 683 1911 οὐκ
697 1884 771 1912 ἐστιν
794 1885 865 1918 ῐασις
881 1886 915 1920 τῇ
929 1885 1002 1921 ψυχῇ

215 1926 320 1953 αὺτῶν’
342 1926 392 1953 οὑκ
414 1925 491 1955 εἶπεν
513 1928 553 1960 δὲ,
574 1929 616 1955 ὅτι
631 1930 811 1966 παυσαμένης
831 1930 882 1966 τῆς
906 1930 1003 1965 φλογὸς

214 1973 265 2000 οὐκ
280 1973 356 2000 ἔσται
377 1974 461 2006 ἴασις,
478 1974 545 2001 ἀλλὰ
570 1975 735 2011 φλεγομένου
755 1975 838 2003 αὑτοῦ
858 1977 909 2004 οὐκ
929 1976 1004 2003 ἔσται

215 2018 297 2051 ἴασις,
320 2019 358 2051 ὡς
373 2019 479 2054 ἔχοντος
498 2020 620 2055 δηλονότι
640 2021 675 2048 τὰ
690 2021 744 2049 τῶν
759 2021 853 2049 παθῶν
868 2021 1006 2048 ὑπεκκαύ-

216 2073 299 2102 ματα,
313 2064 389 2098 ξύλα,
411 2065 517 2101 χόρτον,
533 2066 659 2102 καλάμην
669 2075 677 2082 ο
695 2067 774 2103 εἴπερ
792 2066 840 2094 καὶ
859 2067 916 2099 τοῖς
929 2074 1005 2094 καιο-

217 2110 307 2146 μένοις
327 2111 398 2147 μετὰ
412 2112 458 2138 τὸν
472 2113 598 2149 καυτῆρα
611 2113 733 2148 πέφυκεν
750 2115 767 2151 ή
783 2114 874 2149 ὑγίεια
889 2113 1005 2149 προσγί-

215 2157 318 2185 νεσθαι.

258 2202 520 2238 Ἐγκωμιαζομένων
531 2202 586 2229 τῶν
600 2203 712 2230 δικαίων
725 2205 778 2231 ὑπὸ
794 2206 841 2233 τοῦ
856 2207 960 2243 Κυρίου
977 2207 1006 2233 ὲν

216 2250 250 2284 τῇ
271 2249 320 2284 τῆς
341 2248 458 2284 κρίσεως
479 2247 587 2285 ἡμέρᾳ,
608 2250 632 2276 οἱ
650 2251 698 2285 τῆς
712 2251 802 2279 αὐτῶν
820 2252 928 2287 μερίδος
948 2253 1007 2280 λαοὶ

217 2293 466 2329 εὐφρανθήσονται·
490 2294 547 2320 ὅσοι
571 2295 599 2321 δέ
620 2295 689 2322 εἰσιν
709 2296 761 2322 ὑπὸ
782 2296 832 2329 τὰς
849 2298 936 2333 ἀρχὰς
961 2299 1006 2325 καὶ

217 2339 266 2371 τὰς
289 2339 481 2373 ὲξουσίας,καὶ
502 2340 566 2372 τοὺς
583 2342 808 2378 κοσμοκράτορας
829 2344 876 2370 τοῦ
903 2345 1006 2381 κόσμου
1021 2340 1046 2370 D

218 2385 324 2418 τούτου,
339 2382 411 2413 οὗτοι
428 2386 537 2418 πάντως
551 2387 612 2413 τότε
628 2388 777 2417 στένουσιν.

254 2432 363 2468 Πατέρα
382 2432 499 2459 ἐνταῦθα
518 2432 563 2460 τὸν
580 2434 646 2460 Θεόν
669 2443 768 2471 φησιν·
791 2437 806 2463 ό
828 2436 857 2463 δὲ
875 2437 941 2469 Θεὸς
961 2438 1008 2469 καὶ

220 2478 314 2514 Πατὴρ
327 2478 374 2505 τοῦ
390 2478 494 2514 Κυρίου
511 2478 589 2514 ήμῶν
611 2480 697 2516 Ἰησοῦ
712 2481 842 2517 Χριστοῦ,
863 2483 926 2514 τοὺς
938 2483 1009 2510 κατά

219 2524 336 2560 Χριστὸν
360 2524 625 2560 ὲπονομαζομένους,
648 2527 678 2554 ἐν
701 2527 774 2563 ἔργῳ
797 2528 844 2555 καὶ
867 2528 939 2564 λόγῳ
961 2530 1009 2556 καὶ

220 2570 302 2606 σοφίᾳ
314 2569 464 2606 ἑπομένους
477 2579 506 2596 τε
523 2571 570 2597 καὶ
585 2572 770 2608 μιμουμένους
791 2573 883 2605 αὐτὸν,
900 2573 1009 2609 θεωρῶν

219 2616 335 2648 αὐτοὺς,
361 2615 536 2651 εὐφραίνεται
563 2617 607 2644 ἐπ’
623 2617 733 2650 αὐτοῖς’
756 2619 857 2654 ποιμὴν
883 2618 918 2646 δέ,
935 2620 1010 2646 ἐστιν

220 2662 322 2697 ἀγαθὸς
343 2661 421 2694 νοῦς,
438 2661 553 2695 ἀπαθεῖς
573 2663 720 2699 λογισμοὺς
737 2664 920 2700 κεκτημένος·
940 2665 964 2691 εί
981 2665 1010 2691 δὲ

220 2707 315 2741 τοῦτο,
342 2707 441 2734 οὐκοῦν
464 2707 558 2743 ἐριφός
575 2709 634 2736 ἐστι
651 2710 782 2746 λογισμὸς
798 2711 925 2747 ὲμπαθής
937 2721 943 2727 ·
963 2712 1010 2741 καὶ

221 2753 359 2790 πρόϐατόν
379 2754 437 2780 ἐστι
453 2753 581 2790 λογισμὸς
601 2754 726 2791 ἀπαθής·
745 2756 787 2783 διὸ
807 2756 854 2784 καὶ
869 2757 932 2790 τοὺς
955 2758 1011 2794 ὲρί-

1055 1702 1163 1730 Domini
1178 1700 1364 1736 reprehendit,
1380 1706 1462 1734 quam
1477 1699 1523 1734 qui
1540 1698 1610 1728 duro
1624 1697 1706 1725 corde
1731 1697 1841 1724 animos

1054 1748 1193 1783 peccatori
1208 1747 1293 1778 addit,
1309 1745 1473 1781 promittens
1486 1744 1600 1778 insuper
1613 1750 1642 1771 se
1655 1742 1714 1770 fore
1724 1741 1749 1770 ei
1763 1742 1844 1769 soda-

1055 1794 1108 1822 lem
1126 1793 1216 1830 gaudii
1241 1792 1316 1820 mali.
1336 1792 1460 1828 Repente
1484 1790 1568 1821 enim,
1594 1790 1657 1822 dum
1677 1788 1725 1816 ille
1740 1788 1767 1815 in
1780 1794 1843 1822 pas-

1056 1841 1163 1869 sionum
1177 1839 1298 1875 appetitu
1314 1842 1460 1871 exaestuat,
1473 1838 1584 1865 decreta
1596 1835 1722 1863 omnibus
1743 1838 1842 1865 morte,

1057 1887 1200 1922 ingruente
1219 1885 1277 1919 ejus
1291 1884 1481 1919 complicibus,
1502 1881 1609 1910 medela
1633 1887 1687 1907 non
1708 1878 1844 1913 supererit

1057 1931 1156 1959 animae
1168 1931 1300 1966 ipsorum.
1314 1928 1372 1958 Non
1384 1933 1475 1956 autem
1490 1927 1577 1955 dixit:
1590 1925 1724 1954 Cessante
1735 1923 1844 1950 ﬂamma

1056 1978 1129 2006 haud
1141 1978 1201 2006 fore
1214 1976 1371 2009 medelam;
1394 1975 1445 2003 sed
1457 1974 1508 2010 ipsi
1525 1971 1689 2001 exaestuanti
1711 1977 1766 1998 non
1785 1968 1845 1996 fore

1057 2022 1204 2055 medelam,
1229 2021 1341 2050 babenti
1365 2019 1547 2058 cupiditatum
1573 2016 1728 2048 incentiva,
1760 2014 1844 2049 ligna,

1058 2070 1151 2097 fenum
1162 2088 1171 2102 ,
1188 2068 1329 2104 stipulam.
1348 2067 1418 2095 Nam
1432 2069 1460 2095 et
1471 2065 1604 2096 ambustis
1626 2067 1689 2099 post
1706 2065 1845 2090 cauterem

1058 2115 1128 2143 solet
1143 2115 1248 2144 sanitas
1259 2113 1360 2142 redire.

1095 2209 1117 2226 ⁶²
1128 2207 1260 2237 Laudatis
1283 2214 1299 2233 a
1328 2205 1444 2233 Domino
1467 2203 1551 2238 iustis
1572 2202 1599 2230 in
1623 2200 1717 2237 iudicii
1734 2199 1787 2231 die,
1801 2198 1846 2233 qui

1060 2261 1123 2285 sunt
1141 2256 1169 2283 in
1192 2254 1301 2282 illorum
1317 2251 1437 2280 factione
1458 2250 1550 2286 populi
1573 2248 1747 2277 hetabuntur.
1762 2245 1848 2279 Quot—

1060 2306 1129 2339 quot
1147 2303 1318 2329 autemsnnt
1338 2298 1389 2326 sub
1410 2296 1611 2335 principatibus
1623 2299 1651 2322 et
1666 2291 1848 2339 potestatibus

1059 2336 1092 2375 ac
1109 2345 1261 2374 rectoribus
1274 2343 1354 2380 hujus
1372 2342 1516 2376 mundi,_bi
1533 2340 1645 2370 omnino
1658 2344 1722 2367 tunc
1734 2336 1849 2372 ingemi-

1061 2399 1145 2423 scent.
1515 2389 1518 2392 ‘

1097 2439 1121 2456 “
1135 2439 1244 2469 Patrem
1264 2438 1309 2465 hic
1324 2436 1393 2464 dicit
1407 2435 1504 2463 Deum.
1525 2434 1597 2461 Deus
1617 2435 1707 2459 autem
1725 2434 1753 2457 et
1769 2429 1851 2456 Pater

1063 2485 1168 2513 Domini
1189 2484 1277 2511 nostri
1290 2482 1354 2510 Jesu
1370 2480 1485 2513 Christi,
1499 2478 1560 2506 illos
1572 2477 1619 2517 qui
1633 2484 1649 2504 a
1663 2475 1774 2504 Christo
1787 2477 1852 2500 sunt

1063 2530 1241 2562 denominati,
1258 2533 1286 2556 et
1301 2528 1387 2555 verbo
1405 2532 1487 2560 atque
1510 2532 1594 2560 opere
1614 2531 1647 2550 ac
1668 2520 1800 2556 sapientia
1817 2519 1849 2545 il-

1063 2575 1118 2603 lum
1140 2575 1343 2609 subsequuntur
1362 2577 1390 2601 et
1406 2572 1557 2603 imitantur,
1571 2568 1722 2603 aspiciens,
1744 2565 1852 2593 lmtatur

1064 2622 1091 2649 in
1110 2621 1186 2656 ipsis.
1197 2620 1297 2648 Paston
1309 2626 1376 2648 vero
1396 2618 1494 2650 bonus,
1510 2620 1552 2645 est
1567 2621 1653 2647 mens,
1670 2609 1854 2656 imperturba-

1066 2671 1108 2695 tas
1121 2655 1309 2702 cogitationes
1327 2665 1445 2693 habens.
1460 2663 1539 2697 Quod
1554 2663 1576 2688 si
1593 2661 1630 2688 ita
1646 2664 1700 2692 est,
1718 2663 1784 2690 ergo
1796 2655 1853 2702 ιε-

1065 2713 1115 2741 dus
1129 2701 1173 2741 est
1186 2712 1316 2747 cogitatio
1329 2711 1447 2743 vitiosa;
1461 2710 1520 2737 ovis
1540 2711 1643 2739 autem,
1662 2701 1852 2747 cogitatiorin-

1065 2766 1163 2795 genua.
1176 2745 1323 2793 Propterea
1345 2756 1475 2785 Dominus
1498 2753 1590 2782 haedos
1612 2751 1730 2780 colloeat
1743 2748 1769 2775 in
1785 2745 1854 2774 sini-

258 2859 281 2875 "
293 2866 319 2887 v.
334 2858 378 2886 19.
416 2859 438 2875 ⁵⁷
455 2866 480 2887 v.
505 2859 551 2888 22.
589 2860 611 2877 "
623 2859 829 2895 Luc.‘xxtt,r30.
867 2861 889 2878 "
902 2861 982 2890 Prov.
1001 2867 1003 2871 ‘

1059 2867 1078 2894 t,
1093 2857 1121 2887 9.
1160 2858 1181 2874 ‘°
1195 2856 1278 2885 v.27.
1318 2856 1380 2893 “7v.
1403 2855 1428 2883 Ι.
1467 2855 1493 2871 ⁸⁵
1504 2854 1567 2881 ν.9.
1604 2853 1626 2869 ⁶¹
1641 2860 1668 2881 v.
1687 2852 1714 2880 5.
