4172 6426
465 281 570 338 247
1351 278 1918 336 SUPPLEMENTUM
1951 277 2043 332 AD
2087 274 2410 335 ORIGENIS
2449 276 2861 333 EXECETICA.
3607 278 3714 332 248

465 408 581 453 stra
622 405 799 469 parte,
836 412 976 454 oves
1000 397 1057 453 in
1094 397 1288 455 dextra
1311 413 1328 453 :
1353 397 1539 456 haedos
1581 397 1770 454 dicens
1794 412 1913 466 eos,
1941 396 2032 467 qni

2156 412 2269 465 ρους
2300 396 2329 447 ὀ
2353 394 2556 467 Κύριος
2585 394 2797 468 ῖστησιν
2827 394 2887 460 ἐξ
2915 393 3220 466 ἀριστερῶν
3241 432 3257 458 ,
3289 391 3441 446 τὰ-δὲ
3469 391 3720 463 πρόϐατα

466 488 672 544 habent
719 489 1079 560 cogitationes
1137 488 1384 543 vitiosas.
1431 486 1525 543 Sic
1573 487 1741 541 etiam
1773 486 2040 544 habentes

2156 490 2208 539 ὲκ
2247 485 2471 550 δεξιῶν·
2520 487 2742 558 ἐρίφους
2780 487 2951 555 λέγων
2995 488 3122 550 τοὺς
3163 484 3533 556 κεκτημένους
3577 484 3722 555 λογι-

467 581 702 645 zizania,
742 581 1007 638 vocabulo
1034 580 1372 636 zizaniorum
1398 578 1729 649 appellavit;
1753 588 1809 633 et
1834 578 2040 634 haben-

2156 580 2315 650 εμοὺς
2360 579 2627 650 ἐμπαθεῖς
2645 596 2660 612 ο
2687 577 2831 634 οὕτω
2852 580 2947 633 καὶ
2975 581 3102 643 τοὺς
3136 579 3357 650 ἔχοντας
3388 579 3457 632 τὰ
3485 578 3718 645 ζιζάνια,

468 684 551 730 tes
584 674 846 736 triticum.
874 674 1013 730 dixit
1038 674 1315 737 triticum;
1354 685 1550 740 nempe
1607 688 1637 725 a
1682 672 1916 740 pessima
1955 669 2040 723 vei

2156 673 2357 739 ζιζάνια
2391 674 2797 747 προσηγόρευσε
2823 690 2836 703 ·
2881 674 2975 727 καὶ
3012 673 3140 738 τοὺς
3171 673 3261 727 τὸν
3291 674 3437 727 σῖτον
3477 673 3720 744 ἔχοντας,

465 767 673 834 optima
703 765 967 835 qualitate
993 780 1088 821 eos
1121 764 1498 820 denominans.
1531 760 1665 817 Tale
1695 770 1781 817 est
1805 770 1862 816 et
1886 759 2042 815 P-auli

2156 766 2310 829 σῖτον,
2335 764 2448 826 άπὸ
2471 765 2567 836 τῆς
2590 765 2870 837 χειρία-της
2893 764 2987 818 καὶ
3013 764 3243 837 ἀρίστης
3266 765 3430 832 ἕξεως
3453 765 3724 837 ὀνομάσας

466 857 671 912 dictum
700 873 715 908 :
738 855 984 912 Charitas
1005 872 1108 912 non
1135 856 1355 925 inﬂatur
1371 854 1437 921 “,
1471 853 1523 909 id
1549 862 1658 919 est,
1685 854 1779 924 qui
1803 851 2045 907 charito-

2156 856 2342 921 αὐτούς
2361 874 2376 888 ο
2410 856 2652 910 τοιοῦτόν
2688 858 2805 910 ἐστι
2848 856 2943 909 καὶ
2977 856 3038 909 τὸ
3068 856 3219 928 παρὰ
3253 857 3331 927 τῷ
3350 857 3551 929 Παύλῳ
3569 857 3725 926 λεγό-

468 954 581 1001 tem
619 944 804 1001 habet.
2149 966 2309 1020 μενον
2331 968 2343 980 ·
2376 951 2439 1004 Ἠ
2463 950 2664 1020 ἀγάπη
2680 952 2752 1007 οὐ
2774 952 3215 1020 περπερεύεται,
3235 953 3356 1006 ἀντὶ
3383 951 3501 1019 τοῦ,
3531 954 3561 1007 ὁ
3588 952 3727 1024 ἔχων

2145 1042 2244 1114 τὴν
2274 1042 2515 1115 ἀγάπην.

2229 1133 2286 1186 '0
2317 1134 2414 1204 μὲν
2444 1132 2680 1206 Χριστὸς
2723 1133 2971 1203 ἀνίστησι
3008 1138 3108 1203 τὴν
3148 1132 3312 1204 φύσιν
3359 1134 3460 1206 τὴν
3506 1135 3731 1208 λογικὴν

2146 1224 2235 1279 διὰ
2253 1225 2363 1279 τῶν
2389 1225 2620 1279 ὲντολῶν
2637 1224 2804 1278 αὑτοῦ
2829 1241 2842 1255 ·
2876 1228 2906 1278 ὁ
2923 1225 2979 1278 δὲ
2999 1224 3311 1296 παράνομος
3344 1225 3729 1297 Ἀντίχριστος,

540 1129 863 1187 “Chrisws
908 1128 1127 1199 quidem
1176 1128 1346 1199 'ertgit
1409 1127 1727 1184 rationalem
1792 1137 2043 1184 naturam

471 1222 747 1279 mandatis
781 1222 931 1289 suis;
962 1221 1227 1277 scelestus
1263 1235 1390 1277 vero
1418 1220 1794 1276 Antichristus
1822 1221 1890 1277 ad
1921 1237 2044 1291 per-

471 1318 671 1373 niciem
697 1315 936 1371 concitat
958 1313 1254 1369 humanum
1283 1327 1477 1384 genus.

2156 1317 2287 1388 πρὸς
2319 1316 2596 1372 ἀπώλειαν
2629 1314 2866 1389 ἑρεθίξει
2898 1317 2958 1370 τὺ
2984 1317 3139 1386 γένος
3164 1319 3275 1371 τῶν
3304 1318 3628 1391 ἀνθρώπων.

544 1410 592 1443 ⁶⁶
624 1408 833 1478 Ubique
870 1409 1099 1464 verbum
1132 1407 1383 1477 judicare
1429 1404 1630 1461 dicitur
1681 1419 1781 1474 pro
1835 1405 2044 1458 docere.

2231 1407 2317 1460 'Ev
2347 1407 2508 1460 παντὶ
2533 1407 2595 1460 τὸ
2611 1408 2859 1477 κρίνειν,
2888 1407 3200 1465 διδάσκειν
3229 1409 3445 1479 λέγεται
3468 1429 3482 1442 υ
3512 1410 3733 1483 καὶγὰρ

470 1500 607 1558 Nam
639 1510 696 1557 et
728 1501 824 1572 qui
854 1500 999 1555 inter
1028 1500 1163 1556 duos
1195 1497 1277 1553 vel
1305 1497 1494 1568 plures
1518 1497 1589 1553 de
1618 1495 1807 1566 aliquo
1830 1495 2047 1566 negotio

2156 1498 2178 1550 ὁ
2205 1494 2408 1567 μεταεὺ
2440 1496 2533 1551 δύο
2576 1497 2610 1568 ἢ
2654 1498 2749 1553 καὶ
2781 1497 3063 1565 πλειόνων,
3097 1501 3224 1572 περὶ
3265 1501 3384 1565 ἐνὸς
3414 1501 3735 1574 πράγματος

467 1594 699 1665 iudicat,
727 1594 796 1650 iis
833 1593 1142 1663 aequitatem
1188 1591 1372 1658 docet,
1413 1600 1471 1648 et
1503 1591 1573 1648 ab
1608 1589 1897 1660 iniquitate
1925 1589 2049 1645 abs-

2156 1588 2372 1662 κρίνων,
2406 1589 2646 1644 διδάσκει
2679 1591 2740 1645 τὸ
2772 1591 3000 1655 δίκαιον,
3037 1593 3129 1646 καὶ
3157 1592 3455 1665 ἀπέχεσθαι
3482 1594 3693 1660 ἀδικίας
3715 1611 3730 1627 ⁸

473 1700 671 1748 terret.
724 1689 991 1746 Similiter
1030 1697 1089 1746 et
1131 1689 1186 1745 in
1232 1687 1532 1743 virtutibus
1578 1696 1637 1743 et
1684 1687 1738 1741 in
1768 1685 1962 1756 quavis
1992 1699 2051 1738 re

2156 1683 2414 1747 ὡσαύτως
2441 1683 2535 1738 καὶ
2560 1684 2654 1738 ἐπὶ
2680 1685 2911 1757 ἀρετῶν,
2940 1685 3036 1740 καὶ
3063 1685 3156 1740 ἐπὶ
3176 1689 3283 1739 πᾶν
3302 1685 3479 1740 ὁτιοῦν
3507 1686 3733 1757 ἀγαθὸν,

473 1783 643 1850 bona,
670 1782 922 1854 judicare
973 1794 1072 1850 pro
1119 1780 1304 1834 docere
1352 1778 1570 1834 dicitur.
1634 1751 1820 1832 Virum
1872 1783 2052 1829 autem

2156 1775 2217 1828 τὸ
2243 1775 2468 1844 κρίνειν
2480 1751 2792 1831 διδάσκειν
2814 1777 3268 1850 λέλεκται-ἄνδρα
3286 1778 3342 1832 δὲ
3363 1751 3596 1833 ἐνταῦθα
3618 1751 3737 1849 κρίέ

476 1873 572 1929 hic
595 1872 932 1945 iudicantem
963 1879 1174 1942 gentes.
1202 1870 1425 1926 Petrum
1477 1869 1631 1934 dicit,
1660 1867 1752 1937 qui
1792 1865 2053 1921 mundum“

2156 1885 2266 1924 vew
2292 1866 2420 1938 ἔθνη
2442 1908 2457 1933 ,
2496 1869 2588 1923 τὸν
2619 1870 2826 1943 Πέτρον
2856 1871 3010 1944 φησὶ,
3042 1870 3138 1925 τὸν
3174 1871 3273 1943 τὴν
3305 1871 3630 1943 οἰκουμένην
3659 1870 3737 1925 δι-

474 1964 798 2021 nniversum
823 1962 1009 2018 docuit
1038 1962 1241 2018 Christi
1270 1963 1431 2018 tidem
1458 1976 1527 2016 ac
1559 1959 1891 2031 religionem.
1915 1956 2045 2012 Pau-

476 2059 592 2114 ium
641 2058 772 2114 item
822 2065 882 2113 et
923 2056 1161 2126 reliquos
1216 2071 1314 2127 per
1351 2063 1597 2125 tempora
1647 2054 1955 2125 magistros.
1986 2051 2056 2105 At

472 2151 654 2207 virum
686 2164 914 2220 pravum
948 2149 1081 2205 dicit
1108 2147 1411 2211 Theudam,
1442 2158 1499 2201 et
1534 2143 1749 2210 Judam,
1776 2154 1830 2199 et
1857 2143 2055 2200 Samo-

473 2249 775 2307 satensem,
823 2249 880 2296 et
914 2253 1105 2296 eorum
1165 2237 1452 2293 sententia:
1477 2234 1748 2291 homines.
1784 2234 1859 2288 De
1885 2248 2057 2304 pravo

471 2333 694 2405 quidem
729 2332 950 2388 homine
977 2330 1054 2384 ait
1078 2330 1245 2385 David
1265 2327 1385 2361 "'“
1418 2346 1432 2383 :
1460 2327 1630 2397 Super
1644 2343 1761 2381 eum
1785 2326 2052 2391 ridebunt,

472 2436 523 2481 et
556 2426 776 2480 dicent:
811 2423 948 2478 Ecce
986 2425 1141 2477 homo
1169 2423 1261 2493 qui
1286 2438 1390 2476 non
1434 2419 1611 2490 posuit
1638 2418 1803 2472 Deum
1833 2416 2048 2487 adjuto—

471 2534 582 2575 ηηι
612 2533 790 2573 suum.

549 2608 667 2664 Viri
700 2606 1024 2679 sanguinum
1070 2608 1346 2661 daemones
1382 2613 1528 2671 sunt,
1571 2602 1665 2673 qui
1710 2600 1956 2657 homines
2001 2600 2057 2655 in

477 2700 707 2758 Christo
727 2700 975 2756 viventes
997 2697 1278 2769 sanguinis
1295 2694 1562 2751 eiiusione
1580 2693 1858 2750 occidunt.
1884 2694 1929 2726 "
1953 2692 2058 2747 Re-

2153 1958 2389 2025 δάξαντα
2417 1958 2517 2031 τὴν
2555 1961 2636 2025 είς
2672 1962 2907 2032 Χριστὸν
2934 1963 3116 2016 πίστιν
3142 1962 3239 2017 καὶ
3277 1962 3558 2016 εὐσέϐειαν
3590 1961 3734 2033 (25)⁶

2154 2049 2250 2101 καὶ
2270 2046 2501 2110 Παῦλον,
2530 2050 2769 2114 καὶτοὺς
2796 2049 3016 2115 λοιποὺς
3039 2053 3333 2123 μετέπειτα
3354 2052 3736 2118 διδασκάλουςο

2163 2139 2335 2213 ἄνδρα
2364 2140 2422 2195 δὲ
2450 2140 2653 2211 φαῦλον
2671 2183 2686 2208 ,
2716 2143 2845 2207 τοὺς
2863 2143 3004 2199 κατὰ
3032 2144 3238 2199 Θευδᾶν
3257 2145 3353 2201 καὶ
3387 2144 3610 2209 Ἰούδαν,
3640 2145 3738 2198 καὶ

2156 2233 2483 2305 Σαμοσατέα
2509 2234 2622 2307 (26)
2641 2275 2657 2299 ,
2693 2236 2787 2289 καὶ
2818 2237 2946 2300 τοὺς
2980 2236 3184 2291 τούτων
3209 2237 3537 2309 ὁμόφρονας
3560 2236 3652 2290 ἐπὶ
3680 2236 3738 2290 δὲ

2154 2327 2247 2382 τὸν
2275 2325 2474 2397 φαῦλόν
2494 2326 2609 2397 (27)
2639 2329 2845 2400 φησινὸ
2876 2329 3038 2383 Δαυῒδ
3056 2345 3068 2359 ·
3101 2329 3212 2383 Καὶ
3233 2329 3529 2384 ἐπάὺτὸν
3559 2327 3738 2400 γελά-

2156 2434 2388 2485 σονται,
2405 2418 2503 2473 καί
2522 2418 2771 2488 ἐροῦσιν
2783 2438 2797 2452 ·
2828 2418 2989 2475 Ἰδοὺ
3008 2420 3337 2491 ἄνθρωπος,
3351 2421 3420 2489 ὃς
3437 2423 3548 2477 οὐκ
3568 2422 3738 2478 ἔθετο

2157 2508 2263 2563 τὸν
2288 2508 2438 2564 Θεὸν
2458 2510 2695 2579 βοηθὸν
2723 2512 2931 2566 αὐτοῦ.

2232 2601 2457 2674 Ἄνδρες
2502 2602 2749 2673 αἱμάτων
2796 2604 2846 2657 oi
2901 2603 3154 2675 δαίμονές
3197 2605 3363 2671 είσιν,
3411 2607 3462 2659 οι
3503 2608 3631 2672 τοὺς
3676 2609 3739 2662 ὲν

2156 2694 2379 2768 Χριστῷ
2420 2695 2630 2761 ζῶντας
2666 2697 2892 2768 ὲκχύσει
2922 2697 3156 2769 αῐματος
3198 2698 3649 2764 ἀποκτείναντες·
3686 2701 3737 2755 οῑ

473 2794 548 2848 eti
577 2801 758 2848 autem
795 2790 1090 2861 exquirent
1115 2788 1355 2844 animam
1386 2789 1525 2859 ejus.
1559 2785 1622 2843 Hi
1647 2797 1777 2842 sunt
1812 2786 1904 2857 qui
1938 2787 2053 2841 illo-

2156 2784 2214 2838 δὲ
2261 2784 2440 2849 εὑθεῖς
2486 2783 2849 2858 ἑκζητήσουσι
2893 2786 3074 2857 ψυχὴν
3125 2787 3291 2841 αὑτοῦ
3316 2804 3329 2819 ι
3380 2779 3528 2843 οὗτοι
3578 2789 3630 2842 οἱ
3668 2806 3737 2844 τα

478 2902 598 2942 rum
627 2895 749 2941 acta
774 2893 829 2940 et
848 2885 1108 2955 cogitata,
1134 2891 1318 2937 mente
1340 2890 1397 2936 et
1421 2895 1591 2951 opere
1611 2879 1814 2935 imitari
1841 2879 2054 2934 volunt.

2156 2876 2335 2932 αὐτῶν
2384 2877 2634 2950 πρακτέα
2675 2878 2770 2933 καὶ
2809 2879 3107 2951 νενοημένα
3145 2881 3368 2953 ποιῆσαι
3413 2884 3508 2937 καὶ
3549 2884 3736 2956 νοῆσαι

2159 2966 2496 3039 βουλόμενοι.

552 3067 767 3122 Revera
817 3063 1043 3120 insanus
1095 3061 1436 3120 iracundiam
1465 3076 1619 3118 suam
1645 3044 1933 3117 continere
1958 3076 2053 3117 ne-

2184 3145 2213 3162 .
2233 3062 2444 3127 Ὄντως
2467 3061 2495 3114 ό
2519 3062 2710 3135 ἄφρων
2741 3062 3051 3136 ἁκράτητον
3079 3063 3192 3137 ἔχει
3217 3064 3311 3119 τὸν
3339 3064 3509 3138 θυμὸν
3534 3066 3699 3121 αὑτοῦ
3722 3085 3733 3096 ·

477 3163 616 3233 quit.
654 3159 755 3215 llic
783 3155 1049 3230 (sapiens)
1079 3165 1260 3210 autem
1305 3154 1584 3225 dispensat
1627 3168 1727 3224 per
1769 3165 1975 3225 partes,
1999 3152 2053 3208 id

2156 3145 2309 3218 οὗτος
2336 3155 2393 3209 δὲ
2418 3155 2737 3227 ταμιεύεται
2763 3156 2907 3211 κατὰ
2939 3158 3134 3230 μέρος,
3181 3158 3349 3228 ἧγουν
3376 3158 3471 3212 ἐπὶ
3509 3161 3623 3223 τοῖς
3661 3158 3740 3214 δι·-

476 3264 587 3320 est,
623 3253 676 3308 in
718 3251 883 3308 rebus
925 3250 1089 3320 justis
1122 3248 1402 3308 irascitur.
1430 3247 1555 3303 "Et
1592 3250 1659 3302 ad
1695 3246 2056 3316 simpliciores

476 3345 700 3417 quidem
738 3340 1032 3399 dicendum
1078 3348 1165 3396 est
1203 3339 1329 3394 hoc.
1382 3337 1469 3394 Ad
1513 3336 1787 3392 doctiores
1820 3344 2001 3390 autem
2034 3350 2051 3388 ι

477 3436 570 3508 qni
618 3449 747 3490 cum
786 3431 1205 3507 longanimitate
1257 3430 1530 3486 consumit
1573 3427 1912 3483 iracundiam
1958 3441 2056 3497 per

477 3539 682 3601 partes.

550 3619 596 3651 “
624 3614 1055 3675 Observantibus
1084 3613 1262 3682 legem
1309 3620 1600 3668 enarrator
1640 3613 1749 3667 erit
1796 3611 2056 3668 Dominus

478 3711 538 3768 in
579 3724 751 3781 regno
780 3725 794 3762 :
820 3707 1318 3778 transgressoribus
1347 3719 1457 3762 non
1503 3704 1612 3760 erit
1647 3713 1934 3760 enarrator
1958 3705 2055 3761 sed

475 3802 719 3874 punitor.

550 3891 829 3949 Neminem
870 3897 1065 3960 suapte
1098 3897 1288 3943 natura
1318 3887 1514 3942 durum
1545 3901 1670 3943 esse
1711 3885 2058 3942 demonstrat

477 3984 683 4040 dictum
708 3981 840 4038 illud
876 3980 1047 4036 :Nam
1078 3978 1183 4036 etsi
1231 3979 1585 4046 intellexerit,
1610 3983 1717 4033 nun
1751 3980 2053 4035 obediet".

476 4075 579 4144 Qui
606 4074 751 4131 enim
781 4081 974 4143 suapte
1008 4080 1205 4126 natura
1234 4069 1408 4127 durus
1441 4078 1548 4135 est,
1580 4068 1710 4124 nihil
1738 4080 1944 4125 rectum
1974 4072 2057 4126 in-

475 4163 703 4237 telliget.
732 4163 780 4196 ⁷⁸
810 4161 927 4218 Hoc
951 4171 1133 4217 autem
1160 4160 1248 4216 aio
1276 4169 1500 4231 propter
1531 4159 1871 4217 Pharaonem
1897 4161 2057 4216 indu-

472 4270 655 4315 ratum
693 4268 884 4315 contra
914 4255 1194 4322 lsraelem,
1235 4264 1294 4312 et
1344 4269 1452 4311 non
1482 4254 1669 4311 verbis
1693 4255 1790 4311 sed
1818 4257 2057 4327 castiga-

2156 3250 2333 3313 καίοις
2379 3249 2733 3321 ὀργιζόμενος
2774 3250 3085 3323 πράγμασι.
3129 3251 3240 3305 Καὶ
3282 3250 3420 3322 πρὸς
3469 3251 3567 3322 μὲν
3612 3252 3738 3316 τοὺς

2157 3342 2555 3415 ἁπλουστέρους
2599 3342 2817 3398 λεκτέον
2869 3343 3030 3398 τοῦτο
3051 3361 3066 3377 ο
3117 3344 3255 3417 πρὸς
3297 3344 3355 3397 δὲ
3400 3347 3525 3408 τοὺς
3573 3360 3739 3398 σπου·

2156 3434 2376 3499 δαίους.
2425 3437 2455 3489 ὁ
2491 3433 2579 3488 διὰ
2623 3434 2723 3505 τῆς
2765 3432 3148 3507 μακροθυμίας
3188 3434 3602 3490 καταναλίσκων
3644 3432 3738 3490 τὸν

2158 3523 2327 3596 θυμὸν
2355 3526 2498 3579 κατὰ
2531 3525 2718 3598 μέρος.

2229 3616 2355 3681 Τοῖς
2389 3617 2488 3689 μὲν
2526 3615 2794 3687 φυλάξασι
2837 3616 2927 3671 τὸν
2959 3617 3121 3690 νόμον
3156 3615 3387 3689 ὑπάρξει
3414 3617 3687 3692 ἐξηγητὴς
3709 3618 3742 3674 ὁ

2155 3708 2363 3781 Κύριος
2390 3711 2449 3764 ὲν
2478 3712 2544 3782 τῇ
2576 3709 2825 3783 βασιλείᾳ
2848 3726 2861 3740 '
2893 3711 3006 3774 τοῖς
3047 3709 3104 3763 δὲ
3130 3711 3601 3782 παρανομήσασιν,
3651 3708 3739 3777 ἔξω

2156 3801 2370 3874 ηγητὴς
2397 3801 2497 3873 μὲν
2523 3803 2621 3874 οὑχ
2655 3801 2908 3874 ὑπάρξει,
2943 3800 3210 3873 κολαστὴς
3234 3800 3289 3855 δὲ
3319 3801 3570 3873 ὑπάρξει.

2231 3893 2353 3945 Ὅτι
2398 3892 2571 3956 οὐδεὶς
2616 3892 2759 3947 κατὰ
2794 3892 2955 3963 φύσιν
2990 3891 3263 3965 σκληρὸς,
3315 3892 3610 3965 παρίστησι
3654 3891 3737 3957 τὸ,

2170 3982 2293 4036 Ἐὰν
2318 3980 2426 4055 γάρ
2471 3983 2567 4036 καὶ
2615 3984 2782 4056 νοήσῃ
2827 3984 2925 4054 οὑχ
2971 3983 3363 4037 ὑπακούσεται·
3400 3982 3429 4034 ὁ
3455 3983 3562 4054 γὰρ
3600 3982 3743 4037 κατὰ

2158 4071 2320 4143 φύσιν
2344 4073 2602 4145 σκληρὸς,
2628 4073 2729 4128 οὑκ
2756 4074 2822 4128 ἂν
2841 4073 2999 4147 ὀρθόν
3025 4092 3076 4128 τι
3100 4075 3284 4147 νοήσοι
3311 4075 3441 4128 ποτέ
3462 4092 3474 4103 ·
3502 4074 3661 4130 τοῦτο
3681 4076 3740 4130 δὲ.

2157 4163 2300 4233 λέγω
2332 4165 2420 4219 διὰ
2448 4165 2542 4220 τὸν
2575 4164 2776 4235 Φαραὼ
2818 4165 3224 4239 σκληρυνθέντα
3251 4167 3343 4221 ἐπὶ
3368 4168 3461 4222 τὸν
3500 4167 3738 4242 Ἰσραὴλ,

2157 4256 2251 4309 καὶ
2281 4255 2342 4307 οὐ
2367 4255 2545 4324 λόγοις
2577 4254 2714 4309 ἁλλὰ
2743 4256 2960 4327 μάστιξι
2991 4255 3365 4314 παιδευθέντα.

474 4353 718 4410 tionibus
745 4349 1045 4407 eruditum.

543 4446 593 4479 ⁷⁸
625 4443 683 4501 Si
716 4442 865 4499 luxui
928 4439 1234 4512 indulgere,
1287 4453 1521 4510 peccare
1574 4438 1743 4504 facit;
1803 4438 2053 4508 quisquis

2234 4438 2298 4492 Εἰ
2329 4437 2391 4492 τὺ
2422 4436 2847 4511 κατασπαταλᾷν
2869 4479 2884 4504 ,
2911 4437 3250 4511 ἁμαρτάνειν
3280 4441 3454 4505 ποιεῖ,
3498 4440 3604 4505 πᾶς
3627 4439 3685 4494 δὲ
3709 4443 3739 4496 6

471 4556 605 4598 vero
641 4537 769 4594 facit
815 4545 1120 4607 peccatum,
1162 4549 1353 4590 servus
1400 4543 1486 4589 est
1529 4534 1774 4604 peccati;
1806 4532 2052 4603 proiecto

2159 4533 2327 4587 ποιῶν
2355 4533 2453 4604 τὴν
2494 4532 2766 4605 ἁμαρτίαν
2808 4531 2992 4599 δοῦλός
3032 4535 3148 4588 ἐστι
3173 4534 3273 4604 τῆς
3304 4535 3597 4608 ἁμαρτίας,
3631 4535 3740 4600 πᾶς

471 4632 653 4689 omnis
677 4628 996 4685 luxuriosus
1024 4640 1219 4682 servus
1249 4635 1334 4680 est
1362 4626 1597 4695 peccati.
1629 4626 1891 4682 Extrema
1920 4641 2051 4682 vero

2157 4627 2266 4698 ἄρα
2312 4628 2342 4680 ὁ
2389 4624 2677 4680 σπαταλῶν
2715 4625 2902 4691 δοῦλός
2953 4627 3070 4681 ἐστι
3110 4628 3211 4698 τῆς
3240 4630 3551 4701 ἁμαρτίας·
3593 4630 3651 4681 ὲν
3679 4628 3736 4682 δὲ

471 4724 563 4781 die
593 4722 737 4777 haud
778 4719 974 4775 leviter
998 4718 1081 4774 sui
1116 4732 1278 4773 causa
1307 4717 1535 4773 dolebit.

2156 4724 2218 4794 τῇ
2252 4719 2455 4793 ἐσχάτῃ
2481 4718 2662 4791 ἡμέρᾳ
2692 4720 2792 4774 οὑκ
2816 4719 2986 4789 ὀλίγαι
3007 4719 3092 4790 ἐφ’
3122 4719 3301 4790 ἑαυτῷ
3326 4719 3732 4791 ὀδυνηθήσεται.

542 4813 978 4871 Contumeliosus
1008 4809 1262 4865 humiliat
1312 4807 1595 4878 Dominus,
1623 4808 1916 4866 humilibus
1949 4825 2048 4864 au-

2236 4810 2529 4884 ’Υϐριστὰς
2566 4814 2814 4865 ταπεινοῖ
2854 4811 3059 4882 Κύριος
3083 4852 3097 4876 ,
3136 4812 3410 4875 ταπεινοῖς
3450 4810 3507 4865 δὲ
3551 4810 3736 4865 δίδωσι

472 4915 583 4963 teni
616 4904 850 4975 gloriam
902 4901 1114 4957 tribuit.
1148 4928 1220 4942 —
1246 4900 1294 4932 ⁷⁵
1322 4899 1727 4955 Contumeliam
1774 4900 1864 4955 hic
1916 4901 2051 4956 dicit

2156 4903 2604 4977 Βόξαν.-”Υϐριν
2640 4904 2741 4976 τὴν
2780 4903 2979 4958 κακίαν
3008 4903 3204 4975 φησίν·
3248 4903 3405 4977 ὓϐριν
3432 4903 3488 4958 δὲ
3520 4905 3615 4958 καὶ
3644 4921 3736 4958 τα-

469 5012 572 5068 pro
618 4994 882 5064 nequitia,
941 4992 1068 5062 quia
1112 5003 1305 5059 reapse
1360 4989 1750 5044 contumeliam
1792 5000 1847 5046 et
1875 4990 2049 5047 ruina:

2156 4999 2410 5053 πείνωσιν
2443 4997 2717 5061 ἀπωλείας
2756 4996 3009 5069 προξενεῖ
3045 4998 3079 5069 ἡ
3127 4997 3294 5050 κακία
3325 4999 3439 5061 τοῖς
3466 4997 3736 5070 πράττου-

471 5086 879 5159 depressionem
910 5081 1154 5156 nequitia
1204 5081 1521 5138 auctoribus
1564 5081 1676 5140 suis
1722 5080 1960 5139 conferet
1992 5084 2046 5139 in

2156 5106 2237 5144 σιν
2282 5088 2480 5162 αὐτὴν,
2514 5088 2573 5144 ὲν
2601 5090 2668 5161 τῇ
2709 5088 2892 5160 ἡμέρᾳ
2935 5088 3035 5160 τῆς
3077 5087 3342 5159 κρίσεως’
3392 5090 3517 5154 τοὺς
3549 5088 3605 5142 δὲ
3636 5106 3735 5143 τα-

544 5233 590 5265 “
616 5232 634 5287 l
664 5232 791 5286 Cor.
819 5245 939 5289 xm.
968 5229 1023 5282 4.
1108 5227 1229 5299 ΨΥ.
1261 5227 1325 5299 4.
1356 5298 1363 5299 ί
1393 5229 1441 5262 ⁸⁵
1458 5243 1510 5283 v.
1540 5228 1595 5283 9.
1668 5228 1794 5270 ⁶’-⁶⁸
1824 5226 1969 5286 Psal.
2006 5246 2053 5285 LI

2229 5233 2277 5268 κ
2305 5249 2358 5287 v.
2402 5232 2487 5288 ιι).
2559 5231 2606 5266 ’⁸
2634 5247 2687 5286 v.
2715 5230 2801 5285 Η.
2874 5230 2918 5263 ⁷⁸
2949 5246 2999 5286 v.
3034 5230 3124 5286 18.
3195 5231 3240 5262 ¹¹²
3277 5229 3436 5287 Prov.
3464 5246 3613 5295 xm,
3648 5230 3731 5285 i9.

470 5306 520 5340 "
553 5321 605 5360 ν.
646 5302 734 5358 l9.
804 5300 852 5332 ⁷⁸
886 5316 937 5355 v.
971 5299 1064 5355 21.
1139 5298 1185 5330 ⁷⁸
1219 5313 1271 5351 v.
1303 5298 1394 5354 25.

2159 5442 2309 5499 lum?
2342 5442 2489 5496 Sane
2517 5439 2571 5493 in
2601 5437 2791 5493 codice
2823 5450 3019 5491 nomen
3048 5434 3300 5501 Origents
3349 5435 3477 5489 huic
3519 5448 3737 5504 quoque

2158 5515 2464 5579 fragmento
2509 5508 2853 5579 appingitur;
2902 5509 2996 5561 sed
3034 5506 3174 5579 (nihil
3219 5516 3366 5579 vetat
3418 5507 3732 5579 quominus,

2158 5576 2272 5639 vel”
2300 5580 2651 5636 amunuensis
2699 5578 2953 5632 mendum
3001 5577 3091 5641 sit,
3126 5587 3185 5630 ut
3222 5576 3273 5629 in
3325 5579 3537 5634 catenis
3575 5576 3734 5632 facile

2157 5650 2584 5728 nsii_vetiit,_vei
2611 5649 2866 5728 quaclibct
2902 5645 3275 5718 interpolatio.

2230 5723 2344 5794 (9.7)
2381 5720 2506 5775 cod.
2539 5718 2771 5772 Παῦλον.

542 5442 661 5514 (25)
689 5439 1075 5514 Animadverte
1092 5443 1362 5514 quomodo
1381 5440 1643 5512 Origenes
1660 5442 1809 5498 dicat
1828 5441 2048 5498 Petrum

470 5514 597 5570 ﬁdei
632 5512 697 5568 ac
732 5512 1015 5579 religionis
1043 5513 1323 5565 exstitisse
1351 5516 1553 5565 mundo
1586 5514 1934 5580 magistrum.

540 5584 653 5655 (16)
683 5583 803 5655 Quo
835 5593 1005 5655 pacto
1026 5580 1461 5655 Sainosatensem
1493 5585 1561 5650 (si
1590 5583 1813 5637 Paulum
1843 5585 2048 5638 intelli-

510 5651 569 5726 it)
621 5651 869 5709 nominat
914 5651 1202 5720 Origenes,
1248 5653 1341 5719 qui
1397 5652 1675 5721 aliquanto
1727 5656 1911 5708 senior
1955 5657 2048 5710 illo

467 5670 598 5779 fuit.
633 5738 947 5779 ouannuatu
1001 5724 1138 5776 intra
1186 5722 1326 5778 idem
1366 5722 1586 5779 tertium
1621 5725 1822 5779 ChriSti
1873 5743 2046 5779 sat-ett-

496 5722 598 5791 nit,
633 5738 947 5795 quanquam
1001 5724 1138 5776 intra
1186 5722 1326 5778 idem
1366 5722 1586 5779 tertium
1621 5725 1822 5781 Clll‘lSll
1873 5743 2046 5780 saccu-
