4172 6420
373 348 480 404 249

1546 339 1914 398 EXPOSlTlO
1945 339 2012 394 IN
2045 337 2324 396 PROVEB
2333 335 2464 394 81A.

3534 340 3644 396 250

374 465 734 535 πεινόφρονας
765 465 798 535 ἡ
835 461 989 529 δόξα,
1021 462 1088 532 ἥν
1121 461 1370 529 ἐδόξαζον
1402 462 1492 516 τὸν
1522 462 1654 516 Θεὸν
1683 463 1740 516 ἐν
1769 461 1956 533 ὕμνοις

2065 463 2152 516 die
2182 459 2392 532 judicii.
2430 458 2501 512 At
2527 454 2766 512 humiles
2793 456 2911 527 ipsa
2946 454 3144 527 gloria,
3173 471 3277 528 qua
3303 457 3494 512 "Deum
3522 459 3644 528 glo-

375 559 470 613 καὶ
493 558 724 628 τηρήσει
741 554 852 608 τῶν
875 555 1104 608 ἐντολῶν
1128 555 1313 620 αὑτοῦ,
1337 554 1544 619 δοξάσει
1577 553 1772 618 αὐτούς
1795 572 1808 584 ·
1836 553 1964 622 δόξα

377 653 486 724 γὰρ
517 649 653 702 Θεοῦ
686 649 748 702 τὸ
773 651 946 701 ποιεῖν
977 647 1078 712 τὰς
1107 647 1327 711 ἐντολὰς
1353 647 1546 702 αὐτοῦ·
1593 646 1773 710 καθὼς
1802 647 1964 710 αὑτός

379 743 582 816 φησινό
601 741 806 813 Κύριος
831 740 946 794 ἀλλ’
969 741 1027 812 ἢ,
1055 741 1201 806 Τοὺς
1225 737 1581 806 δοξάζοντάς
1591 757 1668 810 με
1690 737 1958 804 δοξάσωο

378 841 412 910 ή
441 840 498 892 δὲ
523 837 690 892 κακία
723 833 882 906 ὕϐριν
915 833 1142 903 λογικῆς
1174 831 1348 902 ψυχῆς
1377 830 1647 903 προξενεῖ.

447 1017 703 1086 Κλέπτην
725 1015 826 1069 οὐκ
847 1011 1004 1069 ἄλλον
1035 1011 1178 1078 τινὰ,
1211 1013 1259 1066 εί
1291 1010 1364 1082 μὴ
1391 1010 1482 1064 τὸν
1507 1007 1752 1063 διάϐολον
1778 1007 1954 1078 λέγει·

376 1113 406 1166 ὁ
449 1110 505 1163 δέ
552 1107 907 1179 μεριζόμενος
929 1144 944 1169 ,
979 1105 1148 1175 ῆγουν
1192 1102 1358 1175 μέρος
1406 1102 1503 1172 μὲν
1549 1099 1659 1156 τῶν
1693 1099 1788 1154 τοῦ
1822 1099 1958 1153 Θεοῦ

377 1201 814 1275 προσταγμάτων
845 1197 1052 1270 τηρῶν,
1089 1197 1253 1270 μέρος
1282 1195 1337 1248 δὲ
1364 1193 1458 1249 τοῦ
1495 1193 1733 1266 πονηροῦ
1767 1195 1956 1261 ποιῶν,

374 1291 527 1358 οὗτος
564 1295 714 1364 μισεῖ
741 1291 840 1363 τὴν
869 1289 1062 1344 ἐαυτοῦ
1090 1289 1269 1360 ψυχήν
1292 1305 1304 1318 ·
1347 1287 1544 1358 μικρὸν
1570 1285 1680 1359 γὰρ
1712 1287 1836 1340 ὅσον
1865 1287 1960 1340 καὶ

372 1385 576 1439 τέλειον
614 1385 774 1438 αὐτὸν
817 1381 1024 1452 κλέψας
1067 1383 1094 1434 6
1136 1379 1380 1441 διάϐολος
1404 1419 1417 1444 ,
1451 1377 1602 1432 θύσει
1631 1376 1828 1448 ἐαυτῷ.
1896 1377 1958 1430 '0

373 1476 638 1544 κλέπτης
665 1475 797 1546 γὰρ,
829 1475 1016 1540 φησὶν,
1046 1474 1156 1526 οὐκ
1177 1471 1430 1541 ἔρχεται,
1455 1473 1504 1524 εὶ
1527 1469 1614 1540 μὴ
1636 1471 1736 1525 ἵνα
1759 1469 1957 1540 κλέψῃ

372 1569 470 1623 καὶ
492 1569 676 1638 θύσῃ,
708 1566 804 1622 καὶ
835 1565 1137 1632 ἀπολέσῃ.
1161 1596 1228 1605 --
1251 1563 1452 1634 Ὅρκον
1486 1560 1606 1616 εἷπε
1633 1563 1723 1615 τὸν
1753 1560 1916 1632 νόμον
1940 1577 1952 1589 ⁸

373 1659 560 1731 ὥσπερ
605 1657 714 1728 γὰρ
755 1659 784 1710 6
821 1657 981 1728 ὅρκος
1023 1655 1205 1728 τίθησι
1231 1654 1323 1708 τὸν
1353 1654 1486 1708 Θεὸν
1518 1655 1576 1707 ἐν
1602 1652 1746 1724 ψυχῇ
1767 1691 1782 1716 ,
1815 1651 1956 1705 οὕτω

2065 553 2353 609 riilcarunt
2405 551 2660 622 hymnis,
2715 558 2770 606 et
2831 551 3214 605 mandatorum
3267 553 3642 618 observantia,

2063 645 2310 701 extollet.
2346 642 2530 699 Gloria
2570 642 2715 697 enim
2755 641 2850 696 Dei
2903 650 2988 696 est
3023 643 3309 712 praeceptis
3344 641 3462 711 ejus
3515 643 3647 699 obe-

2062 739 2195 793 dire.
2231 734 2699 804 Quemadmodum
2757 733 2873 804 ipse
2925 733 3057 788 dicit
3114 733 3424 789 Dominus:
3459 733 3644 791 Hono-

2062 840 2240 884 rantes
2266 845 2346 882 me
2373 828 2644 882 honorabo
2667 827 2737 880 ⁷⁸.
2781 826 3037 897 Nequitia
3074 839 3207 882 vero
3253 827 3642 882 contumeliam

2061 923 2320 980 rationali
2357 923 2554 978 animas
2585 921 2772 977 infert.

2127 1015 2327 1070 Furem
2361 1013 2507 1069 baud
2560 1014 2730 1070 alium
2791 1014 2923 1070 dicit
2971 1029 3135 1084 quam
3183 1015 3484 1071 diabolum.
3539 1015 3643 1082 Qui

2059 1121 2194 1163 vero
2241 1108 2293 1161 in
2337 1115 2522 1178 partes
2576 1105 2870 1176 scinditur,
2927 1106 2982 1160 id
3039 1115 3125 1162 est
3177 1107 3374 1178 partim
3424 1107 3640 1178 quidem

2060 1199 2319 1254 mandata
2373 1198 2466 1254 Dei
2516 1198 2858 1268 exsequitur,
2883 1199 3084 1268 partim
3118 1212 3250 1254 vero
3282 1199 3528 1269 maligni,
3557 1199 3646 1254 hic

2058 1293 2296 1346 animam
2353 1291 2634 1361 propriam
2689 1291 2826 1346 odit.
2875 1291 2922 1322 '”
2954 1291 3061 1345 Sed
3119 1291 3268 1346 hunc
3327 1291 3642 1362 propediem

2059 1385 2230 1432 totum
2258 1376 2532 1433 sulfurans
2563 1378 2834 1443 diabolus,
2857 1378 2961 1434 sibi
2995 1379 3320 1435 immolabit.
3347 1378 3464 1434 Fur
3477 1381 3640 1444 enim,

2059 1469 2236 1540 inquit
2263 1469 2516 1526 Christus
2538 1469 2609 1534 ",
2637 1485 2743 1524 non
2765 1471 2896 1525 venit
2931 1471 3038 1525 nisi
3065 1481 3120 1525 ut
3138 1471 3344 1540 {aretur
3358 1483 3405 1526 et
3428 1480 3642 1537 mactet,

2056 1573 2103 1618 et
2138 1561 2844 1632 perdat.-—Jusjurandum
2894 1563 3032 1618 dixit
3079 1563 3275 1634 legem.
3317 1564 3468 1620 Sicut
3495 1565 3642 1618 enim

2051 1654 2432 1724 jusjurandum
2470 1655 2635 1710 Deum
2676 1655 2730 1710 in
2779 1656 2960 1711 anima
3003 1655 3176 1726 ponit,
3227 1656 3306 1712 sic
3351 1656 3518 1711 etiam
3556 1654 3642 1710 lex

370 1751 462 1805 καὶ
501 1753 530 1804 6
568 1751 733 1822 νόμος
758 1750 968 1818 εἰσάγει
991 1747 1122 1801 Θεὸν
1161 1749 1242 1811 είς
1267 1745 1481 1817 ψυχήν·
1526 1745 1619 1799 καὶ
1663 1745 1724 1798 ὃν
1753 1745 1953 1816 τρόπον

2059 1749 2227 1804 Deum
2281 1749 2334 1803 in
2385 1749 2625 1803 animam
2660 1749 2887 1804 inducit.
2915 1749 2980 1804 Et
3017 1751 3488 1820 quemadmodum
3521 1765 3644 1820 per-

369 1841 531 1898 πάλιν
567 1819 782 1912 ἀναιρεί
808 1842 841 1912 ἡ
874 1839 1130 1910 ἐπιορκία
1155 1838 1288 1892 Θεὸν
1312 1839 1377 1891 ἐκ
1403 1835 1600 1910 ψυχῆς,
1628 1834 1768 1889 οὕτω
1795 1835 1888 1889 καὶ
1917 1837 1950 1907 ἡ

2058 1839 2260 1911 iurium
2313 1839 2483 1896 Deum
2527 1855 2594 1896 ex
2641 1841 2822 1896 anima
2869 1819 3048 1906 delet,
3095 1842 3168 1896 ita
3224 1842 3360 1912 legis
3419 1819 3644 1898 violatio

368 1933 683 2008 παρανομία
707 1931 956 1985 ἐκϐάλλει
981 1931 1114 2016 Θεὸν
1137 1929 1232 1984 ἀπ’
1256 1927 1452 2000 αὐτῆς.
1504 1927 1627 1981 Ἐάν
1649 1923 1762 1991 οὖν,
1798 1926 1952 1996 φησι,

369 2027 530 2098 νόμου
557 2025 806 2088 τεθέντος
833 2023 1164 2086 ἀκούσαντες
1190 2023 1264 2094 μὴ
1289 2020 1720 2094 ἐξαγορεύσωσιν
1748 2019 1954 2073 ἑαυτῶν

367 2120 466 2184 τὰς
493 2117 766 2190 ἁμαρτίας
791 2155 805 2181 ,
855 2115 1184 2187 φοϐηθέντες
1213 2115 1308 2168 καὶ
1347 2113 1723 2184 αἰσχυνθέντες
1749 2110 1956 2182 ἀνθρὼ-

367 2229 524 2278 πους,
552 2208 1106 2280 ὑποσκελισθήσονται
1141 2207 1277 2281 πρὸς
1310 2206 1584 2261 ἀπώλειαν
1609 2224 1622 2237 '
1652 2205 1794 2260 οὕτω
1825 2204 1958 2276 φησι

367 2305 463 2360 καὶ
489 2307 516 2358 6
538 2304 702 2358 Δαυτδ
721 2320 734 2333 ·
753 2300 942 2357 Ἐἷπα-
963 2303 1016 2354 Ἐ
1022 2301 1057 2367 ξ
1060 2301 1364 2371 ἀγορεύσω
1381 2301 1506 2354 κατ’
1521 2299 1668 2370 ἐμοῦ
1687 2297 1802 2368 τὴν
1821 2297 1958 2352 dro-

367 2396 511 2468 μίαν
525 2414 646 2466 μου
663 2393 745 2462 τῷ
757 2395 972 2462 Κυρίῳ,
996 2394 1094 2447 καὶ
1126 2393 1206 2447 σὺ
1235 2392 1477 2462 ἀφῆκας
1519 2391 1634 2460 τὴν
1673 2389 1958 2446 ἀσέϐειαν

367 2488 478 2558 τῆς
494 2489 741 2556 καρδίας
760 2507 875 2557 μου
899 2506 912 2518 ο
945 2489 1038 2541 καί
1065 2505 1078 2518 ο
1105 2487 1255 2558 Λέγε
1281 2486 1362 2542 σὺ
1392 2485 1623 2554 πρῶτος
1646 2485 1752 2550 τὰς
1772 2485 1958 2553 ἁμαρ.

367 2583 499 2650 τίας
542 2597 691 2648 σου,
738 2584 838 2637 ινα
887 2579 1204 2652 δικαιωθῇς
1223 2597 1236 2610 ·
1277 2580 1372 2634 καὶ
1421 2579 1582 2634 πάλιν
1631 2579 1660 2632 6
1705 2577 1956 2649 Σολομῶν

2061 1933 2234 1988 Deum
2265 1945 2334 1986 ex
2369 1931 2461 1987 illa
2510 1931 2702 2002 abigit.
2757 1931 2814 1987 Si
2865 1947 2996 2004 ergo
3027 1941 3209 1987 stante
3243 1931 3379 2000 lege,
3415 1942 3642 2001 peccata

2061 2039 2157 2078 sua
2181 2023 2434 2079 conﬁteri
2465 2024 2760 2091 noluerint,
2795 2032 2942 2078 metu
2983 2040 3048 2079 ac
3093 2025 3302 2094 pudore
3330 2025 3642 2088 hominum,

2061 2116 2362 2170 exitialiter
2412 2117 2818 2172 subvertentur.
2855 2117 2944 2171 Sic
3010 2117 3086 2171 ait
3139 2126 3194 2172 et
3229 2115 3586 2171 David:Dixi
3619 2133 3642 2172 .°

2063 2208 2366 2278 Confitebar
2393 2210 2646 2264 adversus
2673 2225 2755 2264 me
2777 2209 3100 2278 injustitiam
3128 2225 3296 2263 meum
3321 2208 3566 2276 Domino,
3592 2216 3642 2261 et

2063 2312 2121 2357 tu
2159 2303 2409 2357 remisisti
2457 2304 2780 2372 impietatem
2837 2303 3014 2357 cordis
3079 2301 3184 2356 mei
3205 2302 3271 2355 τ’.
3312 2301 3416 2355 Et:
3447 2299 3542 2354 Dic
3583 2311 3642 2352 ιιι

2062 2396 2208 2464 prior
2241 2405 2456 2465 peccata
2497 2403 2613 2460 tua,
2657 2405 2714 2450 ut
2753 2395 3064 2466 justiﬁceris
3083 2395 3150 2448 ⁸⁰.
3205 2393 3337 2448 Item
3381 2393 3640 2448 Salomon

2062 2485 2176 2540 ait:
2201 2483 2306 2551 Qui
2334 2489 2500 2552 operit
2522 2488 2852 2557 iniquitatem
2877 2502 3049 2554 suam,
3077 2503 3181 2540 non
3203 2485 3639 2555 prosperabitur;

2063 2577 2153 2647 qui
2181 2588 2357 2631 autem
2383 2586 2600 2632 enarrat
2627 2587 2677 2633 et
2708 2579 2998 2646 vituperat,
3028 2578 3116 2631 hic
3142 2577 3474 2646 diligetur“.

369 2695 559 2750 φησιν·
631 2679 696 2731 '0
759 2677 1180 2732 ἐπικαλύπτων
1229 2677 1512 2732 ἀσέϐειαν
1578 2673 1764 2730 αὑτοῦ
1787 2717 1804 2744 ,
1871 2675 1984 2730 οὐκ
2035 2671 2476 2742 εὐοδωθήσεται
2499 2691 2514 2706 ·
2571 2678 2606 2729 ὁ
2664 2673 2732 2728 δὲ
2785 2673 3185 2746 ἐξηγούμενος
3233 2673 3331 2728 καὶ
3373 2674 3643 2743 ἐλέγχων

368 2767 838 2840 ἀγαπηθήσεται.

439 2861 594 2914 Ὅσοι
619 2857 992 2932 κατορθοῦμεν
1017 2858 1118 2924 τὰς
1148 2858 1390 2924 ἐντολὰς,
1424 2857 1802 2932 θεραπεύομεν
1826 2857 1952 2922 τοὺς

2127 2855 2174 2887 ⁸³
2199 2853 2522 2924 Quicunque
2556 2853 2814 2909 mandata
2853 2854 2948 2909 Dei
2995 2855 3372 2922 observamus,
3417 2855 3640 2926 angelos

367 2953 660 3022 ἀγγέλους·
707 2951 860 3006 αὐτοὶ¹
886 2951 996 3023 γάρ
1040 2953 1180 3005 εἰσιν
1217 2953 1268 3004 οἱ
1309 2950 1602 3024 ἡγούμενοι
1631 2951 1792 3024 ἡμῶν
1822 2950 1958 3023 (‘28),

367 3044 464 3096 ἀπ’
488 3043 664 3115 ἀρχῆς
693 3041 922 3096 λαϐόντε
939 3059 967 3105 ς
993 3043 1161 3113 ἡμᾶς,
1193 3043 1281 3098 ὅτε
1313 3042 1619 3114 διεμέριζεν
1642 3044 1670 3097 6
1697 3041 1960 3111 ’Υψιστος

367 3134 493 3208 ἔθνη
518 3175 534 3202 ,
565 3136 658 3190 καὶ
688 3134 914 3206 ἔστησεν
931 3135 1064 3206 ’ὅρια
1090 3133 1258 3190 ἐθνῶν
1283 3135 1425 3188 κατὰ
1447 3133 1679 3206 ἀριθμὸν
1707 3133 1955 3203 ἀγγέλων

367 3227 566 3282 αὐτοῦ·
603 3229 662 3280 ἐν
705 3227 762 3281 δὲ
801 3227 880 3298 τῷ
921 3226 1245 3299 θεραπεύειν
1277 3227 1426 3298 ἡμᾶς
1463 3228 1590 3290 τοὺς
1619 3225 1957 3297 ἡγουμένους

365 3315 524 3388 ἡμῶν
571 3316 864 3386 ἀγγέλους,
896 3319 954 3368 ἐν
981 3317 1062 3387 τῷ
1095 3315 1360 3388 θελήματι
1390 3315 1486 3370 τοῦ
1521 3316 1730 3387 Κυρίου
1751 3355 1766 3380 ,
1801 3317 1860 3368 ἐν
1883 3317 1955 3388 τῇ

365 3407 544 3479 κρίσει
587 3408 796 3463 δίκαιον
848 3406 1080 3480 ὑπάρξει
1125 3411 1258 3480 ἡμῖν
1311 3408 1464 3480 παρά
1515 3407 1609 3461 τοῦ
1643 3408 1853 3480 Κυρίου
1897 3407 1958 3460 ἐν

365 3500 552 3574 ἐκείνῃ
584 3502 659 3578 ,τῇ
693 3499 910 3571 ἡμέρᾳ,
941 3501 1030 3554 ὅτε
1068 3503 1246 3572 κρινεῖ
1273 3500 1376 3571 τὴν
1415 3501 1741 3571 οἰκουμένην
1783 3503 1844 3554 ἐν
1879 3500 1958 3554 δι-

365 3607 632 3664 καιοσυνῃ
705 3589 758 3643 εἴ
799 3607 863 3660 γε
894 3593 1072 3646 πᾶσαν
1105 3592 1204 3663 τὴν
1239 3590 1419 3662 κρίσιν
1463 3591 1492 3644 6
1532 3591 1726 3664 Πατὴρ
1757 3590 1959 3646 δέδωκε

366 3679 444 3751 τῷ
475 3679 612 3752 Υἰῷ.

2056 2947 2424 3002 demeremur.
2473 2945 2582 3016 Ipsi
2630 2945 2794 3001 duces
2840 2947 3016 3002 nostri
3079 2955 3229 3014 sunt,
3285 2959 3536 3018 suscepta
3569 2950 3639 3004 ab

2054 3038 2210 3094 initio
2239 3037 2404 3094 tutela
2440 3049 2648 3104 nostra,
2687 3051 2813 3094 cum
2847 3038 3128 3096 dividebat
3161 3039 3480 3096 Altissimus
3510 3055 3641 3110 gen-

2055 3139 2160 3195 tes,
2189 3130 2568 3200 statuebatque
2595 3129 2736 3186 lines
2763 3129 3086 3200 populorum
3120 3133 3419 3187 secundum
3447 3147 3640 3188 nume-

2054 3237 2180 3277 rum
2207 3221 2520 3292 angelorum
2571 3221 2690 3278 Dei.
2725 3221 2841 3293 Age
2897 3237 3030 3278 vero
3081 3223 3418 3280 demerendo
3473 3225 3642 3281 duces

2053 3319 2271 3369 nostros
2301 3313 2548 3383 angelos,
2574 3313 2904 3382 Dominique
2946 3313 3226 3370 voluntate
3271 3315 3636 3386 adimplenda,

2047 3401 2255 3474 justum
2271 3420 2302 3459 a
2325 3404 2557 3460 Domino
2569 3405 2851 3476 praemium
2867 3407 2954 3460 illa
2971 3407 3061 3462 die
3079 3423 3499 3478 consequemur,
3531 3425 3636 3479 qua

2054 3500 2315 3553 mundum
2392 3498 2658 3568 iudicabit
2721 3515 2843 3555 cum
2895 3500 3152 3570 iustitia:
3195 3502 3638 3574 quandoquidem

2055 3603 2218 3646 omne
2239 3588 2510 3659 judicium
2532 3587 2694 3646 Pater
2721 3589 2863 3646 Filio
2894 3591 3140 3647 tradidit.

1809 3771 1966 3829 CAP.
2003 3769 2200 3828 XXXI.

451 3863 696 3938 Ἀνδρεία
741 3863 888 3918 ἐστὶν
925 3864 1038 3933 ἕξις
1069 3865 1264 3939 ἀρίστη
1296 3865 1522 3938 λογικῆς
1563 3864 1774 3936 ψυχῆς,
1827 3863 1950 3919 καθ’

365 3958 432 4031 ἢν
459 3957 565 4011 τῶν
595 3957 988 4029 ἀντικειμένων
1017 3957 1153 4030 αὕτη
1183 3959 1524 4032 κεκράτηκεν
1555 3957 1788 4028 ἐχθρῶν.

433 4051 776 4124 Νικήσαντες
800 4051 899 4122 τὴν
919 4051 1310 4122 ’ἀντικειμένην
1339 4050 1588 4122 δύναμιν,
1621 4047 1952 4120 σκυλεύομεν

365 4142 554 4214 αὐτὴν,
593 4143 721 4207 τοὺς
753 4141 882 4216 περὶ
913 4143 1086 4212 αὐτῆς
1115 4143 1310 4212 λόγους
1340 4141 1702 4214 μανθάνοντες
1725 4157 1738 4170 ·
1772 4141 1858 4194 ἵνα
1884 4139 1954 4193 τὰ

365 4235 489 4288 κατ’
519 4234 690 4289 αὐτὴν
719 4234 896 4305 φαῦλα
924 4233 1059 4306 δῆλα
1083 4236 1407 4306 ποιήσαντες
1427 4275 1443 4301 ,
1475 4233 1827 4302 ἀπαγίδευτοι
1855 4233 1954 4305 μέ-

301 4365 310 4372 .
369 4345 525 4391 νωσι,
558 4331 632 4401 μὴ
660 4329 818 4399 μόνον
833 4329 889 4381 oi
913 4327 1294 4398 άπλούστεροι,
1325 4325 1460 4380 ἀλλὰ
1484 4325 1576 4379 καὶ
1600 4327 1648 4379 οἱ
1677 4325 1956 4395 συλλαγω-

369 4419 629 4490 γηθέντες
662 4419 855 4492 ῥᾳδίως
889 4418 1228 4488 ἐκφεύγωσιν
1256 4419 1351 4472 ἀπ’
1375 4417 1566 4488 αὐτῆς.

437 4508 724 4581 Μηρύεται
749 4509 810 4563 τὸ
832 4509 978 4582 έριον
998 4511 1099 4563 καὶ
1117 4507 1260 4562 λίνον
1287 4508 1454 4579 ψυχὴ,
1479 4509 1606 4573 τοὺς
1628 4508 1755 4578 περὶ
1780 4509 1956 4582 ἐμψύ-

372 4615 479 4670 χων
527 4599 622 4652 καὶ
669 4597 894 4669 ἀψύχων
938 4598 1129 4667 λόγους
1165 4595 1518 4668 γυμνάζουσα
1538 4613 1552 4626 ·
1601 4597 1634 4668 ἢ
1668 4598 1795 4660 τοὺς
1826 4599 1955 4671 περὶ

371 4691 681 4764 πρακτικῆς
727 4693 821 4745 καὶ
863 4692 1100 4762 φυσικῆς
1142 4691 1472 4758 ἐξετάζουσα
1519 4690 1750 4760 λόγους·
1791 4691 1951 4763 ῆτὴν

374 4787 500 4857 περὶ
519 4784 786 4855 σωμάτων
807 4785 902 4841 καὶ⁸
920 4785 1228 4854 ἀσωμάτων
1251 4783 1484 4855 θεωρίαν
1498 4783 1584 4838 διὰ
1604 4783 1702 4856 τῆς
1722 4801 1954 4855 πρακτι-

375 4873 478 4944 κῆς
503 4873 735 4928 ἕλκουσα
769 4875 905 4947 πρὸς
934 4874 1104 4947 αὐτὴν
1129 4873 1316 4940 ἕξεως.

438 4967 508 5018 Ἢ
543 4965 640 5020 καὶ
673 4967 768 5038 τὴν
811 4969 876 5020 ἐκ
906 4967 1103 5030 νυκτὸς
1129 4965 1498 5038 ἀνισταμένην
1519 4965 1717 5037 ψυχὴν.
1747 4983 1952 5038 γρηγο-

373 5057 570 5130 ροῦσαν
617 5059 862 5130 εὑρίσκει
913 5061 942 5112 6
990 5059 1088 5129 τῆς
1133 5055 1478 5128 δικαιοσύνης
1511 5055 1660 5126 ἥλιος
1692 5057 1951 5127 νυμφίος·

370 5149 588 5213 πάντως
619 5149 677 5203 δὲ
718 5151 813 5203 καὶ
854 5149 1302 5221 προσευχομένην
1328 5147 1424 5201 τοῦ
1464 5147 1540 5218 μὴ
1581 5149 1842 5218 ἐμπεσεῖν
1876 5150 1955 5212 εἰς

369 5241 694 5313 πειρασμὸν,
713 5241 972 5310 λέγουσαν
995 5241 1078 5306 τὸ,
1108 5239 1460 5312 Ἠγρύπνησα
1475 5239 1571 5294 καὶ
1588 5241 1854 5312 ἐγενόμην
1878 5241 1955 5306 ὡς

371 5332 650 5404 στρουθίον
680 5333 908 5402 μονάζον
938 5333 1032 5386 ἐπὶ
1071 5329 1318 5402 δώματος
1340 5347 1354 5358 ’
1387 5331 1585 5402 βρῶμα
1609 5332 1667 5384 δέ
1699 5335 1816 5385 ἐστι
1847 5333 1952 5403 ψυ-

368 5425 490 5494 χῆς,
516 5425 550 5496 ἡ
579 5424 777 5496 μελέτη
801 5425 910 5481 τῶν
937 5425 1096 5478 θείων
1121 5425 1296 5494 λόγων
1319 5440 1332 5454 ·
1365 5424 1502 5495 ἔργα
1523 5425 1614 5494 δὲ,
1640 5427 1694 5482 ai
1721 5427 1912 5500 ἀρεταί
1935 5441 1950 5457 ο

441 5589 486 5619 ⁷⁸
511 5589 528 5644 Ι
557 5589 688 5659 Reg.
721 5606 782 5655 ιι,
820 5588 910 5644 50.
1008 5589 1054 5621 ⁷⁷
1085 5604 1138 5646 v.
1167 5590 1259 5645 24.

1355 5595 1400 5626 ⁷⁸
1471 5593 1632 5650 Joan.
1663 5607 1720 5657 ιι,
1745 5590 1834 5645 l0.
1913 5591 1956 5624 7°
1983 5588 2126 5644 Psal.
2169 5603 2324 5653 χχχι,
2354 5587 2408 5643 5.

2128 3865 2176 3898 ³³
2197 3863 2485 3923 Fortitudo
2510 3875 2592 3922 est
2630 3865 2832 3937 optima
2869 3865 3109 3938 qualitas
3159 3867 3359 3924 animae
3399 3867 3638 3925 rationa-

2058 3956 2144 4023 lis,
2179 3973 2282 4028 qua
2310 3960 2662 4015 adversantes
2691 3959 2796 4014 sibi
2825 3960 3076 4016 inimicos
3105 3961 3286 4016 anima
3323 3971 3565 4031 superat.

2129 4049 2467 4120 “Superata
2513 4051 2830 4106 adversaria
2869 4053 3134 4122 potentia,
3178 4054 3468 4110 manubias
3511 4053 3640 4109 inde

2060 4141 2324 4211 capimus,
2349 4141 2716 4196 litteraturam
2755 4141 2874 4209 eius
2911 4143 3176 4199 discendo
3205 4161 3220 4199 :
3253 4153 3314 4199 ut
3345 4145 3479 4200 vitia
3521 4144 3640 4214 ejus

2059 4233 2238 4304 palam
2278 4231 2568 4299 facientes,
2605 4249 2714 4288 non
2752 4236 2916 4290 modo
2937 4245 3170 4291 caveant
3199 4251 3228 4290 a
3263 4235 3477 4305 laqueis
3506 4237 3641 4291 sim-

2059 4325 2340 4396 pliciores,
2373 4325 2470 4382 sed
2497 4325 2660 4382 etiam
2685 4337 2952 4399 quotquot
2989 4327 3188 4383 irretiti
3218 4325 3444 4383 fuerant
3475 4328 3640 4384 tacile

2057 4414 2318 4485 effugiant

2127 4511 2174 4542 ⁸⁵
2195 4509 2399 4566 Lanam
2437 4511 2723 4582 linumque
2761 4521 2855 4566 net
2879 4511 3085 4580 anima,
3112 4527 3237 4568 cum
3271 4513 3636 4568 animatarum

2057 4609 2114 4657 et
2158 4602 2587 4658 inanimatarutn
2639 4604 2918 4660 doctrinas
2979 4603 3306 4663 meditatur:
3377 4603 3466 4659 vel
3513 4619 3637 4659 cum

2059 4695 2318 4765 practicae
2353 4705 2408 4751 et
2445 4695 2682 4766 physica:
2712 4703 2994 4752 scrutatur
3035 4697 3324 4752 methodos
3353 4714 3366 4750 :
3391 4697 3474 4752 vel
3507 4711 3632 4751 cum

2060 4786 2506 4855 incorporeorum
2536 4787 2806 4843 tlteoriam
2833 4787 3081 4856 practiea
3115 4789 3181 4842 ad
3216 4803 3278 4843 se
3305 4787 3474 4843 trahit
3501 4803 3632 4843 con-

2060 4877 2371 4935 suetudine.

2133 4969 2182 5003 ⁸⁸
2210 4971 2384 5027 Noctu
2423 4981 2808 5042 exsurgentem
2862 4973 3123 5042 animam,
3157 4975 3377 5045 vigilem
3433 4973 3638 5030 invenit

2063 5073 2296 5129 sponsus
2320 5060 2548 5128 justitia:
2589 5063 2694 5129 sol,
2727 5078 2827 5119 nec
2857 5079 2964 5118 non
2995 5065 3157 5120 enixe
3197 5073 3446 5120 orantem
3487 5073 3637 5120 utne

2059 5154 2112 5208 in
2166 5155 2516 5209 tentationem
2559 5157 2808 5221 incidat,
2851 5157 3234 5227 dicentemque
3270 5155 3540 5228 :Vigilavi
3580 5167 3638 5212 et

2060 5243 2204 5299 facta
2251 5261 2372 5299 sum
2421 5246 2572 5301 velut
2604 5261 2793 5317 passer
2819 5248 3178 5308 solitarius".
3221 5248 3316 5302 Est
3343 5258 3523 5304 autem
3551 5249 3638 5302 ci--

2061 5335 2162 5391 bus
2193 5337 2410 5404 animae,
2445 5339 2725 5394 meditatio
2754 5340 3062 5395 divinorum
3093 5339 3434 5409 eloquiorum
3461 5357 3476 5396 :
3507 5355 3636 5409 ope-

2060 5441 2143 5493 ra,
2177 5437 2304 5483 sunt
2337 5430 2606 5497 virtutes;
2633 5429 2866 5496 ancillae,
2897 5444 3116 5490 sensus.
3173 5429 3302 5488 Haec
3343 5445 3474 5502 ergo
3503 5445 3635 5490 eon-

2510 5589 2554 5622 ⁸⁰
2577 5586 2680 5645 lsa.
2705 5603 2858 5660 nni,
2884 5589 2978 5645 26.
3050 5587 3094 5622 ⁸³
3129 5589 3291 5647 Prov.
3325 5603 3518 5656 xxvnt,
3547 5587 3634 5645 15.

370 5659 415 5691 δ’
441 5675 494 5712 v.
526 5661 617 5714 '26.
641 5657 660 5659 ί
694 5661 740 5692 ⁸³
773 5677 822 5714 v.
853 5663 934 5718 10,
1019 5659 1062 5691 ⁸⁸
1095 5677 1148 5714 v.
1182 5663 1270 5715 11.
1347 5663 1394 5697 ⁸⁸
1421 5665 1586 5720 v.15.
1667 5661 1712 5694 ⁸⁸
1735 5677 1786 5716 v.
1825 5662 1912 5716 15.

2063 5657 2204 5716 Psal.
2238 5675 2312 5724 Cl,
2345 5660 2398 5714 8.

443 5803 556 5874 ('28)
590 5803 830 5861 Observa
859 5805 1108 5878 Origenis
1145 5808 1514 5866 testimonium
1545 5811 1609 5864 de
1644 5809 1961 5866 custodibus
1987 5809 2262 5865 hominum
2295 5807 2519 5876 angelis.
