4172 6410
567 257 628 342 ’ξι
1421 277 1989 338 SUPPLEMENTUM
2027 276 2118 333 AD
2153 276 2480 337 omcms
2514 276 2928 336 EXEGETICA.

3694 285 3804 340 232

527 403 634 459 fert
683 399 962 458 domicilio
1011 415 1111 456 suo
1141 400 1412 471 corporali
1443 400 1817 456 mstimabilior
1853 399 2111 470 pretiosis

2215 396 2596 468 θεραπαινίδες
2633 397 2728 462 δέ,
2774 397 2831 451 al
2876 395 3194 469 αίσθήσεις·
3244 399 3395 454 ταῦτ’
3426 394 3518 456 οὖν
3571 403 3803 475 παρέχει

526 496 800 567 lapidibus
837 495 1044 550 anima.

595 678 644 711 ⁸⁸
669 676 924 734 Animam
965 677 1067 732 viri
1125 675 1266 747 frugi
1324 676 1458 732 dicit
1521 675 1846 743 Ecclesiam,
1901 676 2108 748 lignum

525 771 770 824 scientia:
793 778 847 825 et
865 769 1076 840 lignum
1104 769 1230 824 vita
1248 769 1576 836 habentem;
1602 771 1847 826 scientia:
1871 779 1930 825 ut
1955 770 2110 839 legis,

523 862 650 916 vitae
686 869 746 916 ut
776 862 946 918 verbi.
991 861 1112 933 Ipsa
1135 862 1279 917 enim
1308 870 1393 918 est
1428 862 1671 918 Ecclesia
1704 879 1824 934 quae
1847 865 1916 919 de
1944 863 2114 919 latere

523 954 727 1008 Christi
772 955 1066 1023 processit,
1105 955 1332 1026 ejusque
1363 969 1563 1024 sponsa
1609 955 1832 1010 iuventa
1875 966 1986 1018 est,
2017 970 2114 1023 pu-

523 1047 645 1103 dica
677 1057 734 1102 et
765 1046 921 1103 fortis
972 1047 1194 1115 mulier,
1224 1049 1386 1104 (idem
1426 1049 1554 1104 huic
1605 1063 1854 1113 servans,
1881 1062 2115 1118 eumque

522 1159 780 1214 sponsum
799 1144 866 1199 de
897 1141 1052 1199 caelis
1081 1143 1276 1200 iterum
1305 1151 1655 1213 exspectans.

595 1329 641 1360 "
674 1329 875 1394 Fusus,
906 1340 991 1384 est
1030 1342 1170 1399 pura
1208 1341 1387 1392 mens,
1415 1327 1672 1382 virtutem
1705 1327 1894 1381 virtuti
1925 1341 2112 1398 agg-o-

521 1435 762 1487 meraus,
787 1431 842 1477 et
855 1423 1050 1493 dogma
1074 1421 1307 1490 dogmati
1333 1433 1347 1472 :
1376 1419 1459 1473 vel
1476 1433 1656 1473 sermo
1683 1427 1907 1473 externe
1937 1418 2117 1488 prola-

444 1548 453 1557 -
525 1521 636 1578 tus,
674 1515 766 1583 qui
801 1529 868 1569 ex
893 1520 1074 1568 mente
1101 1511 1320 1566 deducit
1347 1509 1650 1580 spiritalem
1685 1510 1970 1566 theoriam.

476 1615 486 1629 '
596 1604 644 1636 "
673 1604 824 1662 Mens
857 1620 964 1659 non
993 1601 1262 1672 proficiet,
1300 1614 1479 1672 neque
1528 1601 1798 1656 theoriam
1857 1601 2113 1673 incorpo-

525 1710 748 1751 reorum
802 1705 1124 1765 assequetur
1146 1735 1162 1760 ,
1209 1694 1312 1750 nisi
1349 1693 1610 1748 interiora
1640 1709 1735 1749 sua
1771 1706 1922 1750 recte
1959 1711 2114 1750 com-

2212 490 2245 560 ἡ
2291 489 2596 561 τιμιωτέρα
2642 489 2808 546 λίθων
2851 489 3155 546 πολυτελῶν
3194 492 3342 565 ψυχὴ
3377 493 3456 565 τῷ
3501 498 3804 570 σωματικῷ

2212 580 2385 651 αὐτῆς
2415 582 2571 652 οίκῳ.

2291 672 2405 743 Τὴν
2438 671 2534 726 τοῦ
2566 671 2857 728 σπουδαίου
2894 672 3073 746 ψυχήν
3104 691 3268 746 φησιν
3302 675 3532 747 ἔχουσαν
3575 678 3805 752 Ἐκκλη-

2215 764 2334 818 σίαν
2377 763 2533 830 ξύλον
2562 764 2822 834 γνώσεως
2865 767 2962 822 καὶ
3007 765 3166 834 ξύλον
3199 768 3374 840 ζωῆς·
3415 771 3669 839 γνώσεως
3701 774 3801 845 μὲν

2211 857 2288 919 ὡς
2332 859 2498 929 νόμου
2520 897 2535 921 ,
2565 856 2712 928 ζωῆς
2749 857 2806 911 δὲ
2833 858 2910 921 ὼς
2941 858 3133 928 λόγου·
3171 859 3311 933 αὕτη
3347 862 3453 933 γάρ
3489 865 3636 918 ἐστιν
3667 868 3700 936 ὴ
3733 867 3800 918 ἐκ

2213 951 2457 1023 πλευρᾶς
2500 950 2742 1023 Χριστοῦ
2793 950 3166 1023 προελθοῦσα,
3221 953 3315 1006 καὶ
3365 955 3551 1028 νύμφη
3606 957 3794 1013 τούτου

2213 1043 2519 1115 εὑρεθεῖσα,
2551 1045 2586 1115 ἡ
2613 1041 2844 1116 σώφρων
2871 1043 2964 1097 καὶ
2987 1043 3209 1116 ἀνδρεία
3240 1046 3400 1118 γυνὴ,
3430 1051 3463 1120 ἡ
3493 1049 3590 1120 τὴν
3614 1052 3795 1107 πίστιν

2212 1133 2404 1189 τούτου
2443 1135 2732 1206 τηρήσασα
2755 1173 2771 1198 ,
2803 1135 2899 1188 καὶ
2933 1133 3126 1189 τοῦτον
3158 1138 3391 1210 νυμφίον
3427 1142 3521 1194 ἀπ’
3553 1143 3797 1216 οὐρανῶν

2215 1226 2376 1282 πάλιν
2405 1225 2782 1298 προσδοκῶσα.

2283 1319 2590 1393 ,Δτρακτὸς
2630 1322 2746 1373 ἔστι
2787 1320 2911 1385 νοῦς
2941 1320 3204 1394 καθαρὸς,
3238 1323 3566 1394 συμπλέκων
3597 1328 3797 1400 ἀρετὴν

2215 1408 2302 1462 ἐπ’
2323 1408 2493 1479 ἀρετῇ
2511 1448 2526 1472 ,
2561 1408 2655 1462 καὶ
2682 1408 2912 1481 δόγματι
2940 1408 3116 1480 δόγμα
3136 1427 3149 1440 ·
3195 1409 3229 1482 ἢ
3259 1411 3415 1480 λόγος
3445 1419 3796 1488 προφορικὸς,

2215 1500 2387 1554 ἕλκων
2421 1501 2530 1553 ἀπὸ
2551 1500 2646 1553 τοῦ
2677 1500 2768 1554 νοῦ
2803 1502 3177 1573 πνευματικὴν
3209 1503 3465 1574 θεωρίαν.

2287 1593 2401 1646 Οὐκ
2448 1592 2516 1646 ἂν
2560 1592 2810 1664 προέλθοι
2850 1593 3007 1658 νοῦς,
3059 1595 3183 1649 ούδέ
3232 1576 3292 1648 ἐν
3337 1596 3542 1669 θεωρία
3595 1598 3802 1667 γένοιτο

2219 1684 2328 1738 τῶν
2357 1684 2665 1756 ἀσωμάτων
2687 1725 2705 1748 ,
2739 1685 2814 1757 μὴ
2845 1685 2914 1739 τά
2942 1685 3094 1740 ἔνδον
3130 1686 3564 1758 διορθωσάμενος
3583 1705 3597 1719 °
3631 1691 3662 1762 ἡ
3695 1691 3801 1768 γὰρ

521 1792 793 1858 posuerit.
874 1788 1010 1844 Nam
1072 1788 1274 1859 proprii
1329 1797 1506 1842 status
1559 1786 1920 1856 perturbatio,
1975 1788 2114 1842 solet

2215 1779 2429 1850 ταραχὴ
2472 1779 2580 1831 τῶν
2621 1779 2838 1831 οἰκείων
2875 1779 3225 1855 ἐπιστρέφειν
3268 1757 3429 1834 αὐτὸν
3476 1757 3801 1851 εῐωθε

522 1890 762 1938 mentem
817 1895 884 1938 eo
937 1895 1220 1945 revocare,
1253 1880 1406 1935 unde
1444 1879 1791 1934 discesserat.
1823 1878 1932 1934 Sed
1966 1890 2115 1934 trau-

526 1973 858 2043 quillitatem
920 1973 1283 2044 cupiditatum
1343 1971 1564 2040 adepta,
1627 1971 2001 2026 demorabitur
2059 1973 2112 2026 in

521 2063 1036 2135 contemplatione,
1083 2072 1141 2118 et
1193 2063 1619 2119 domesticarum
1682 2079 1865 2118 rerum
1928 2080 2112 2118 curam

521 2165 753 2226 seponet
783 2175 797 2210 :
824 2164 950 2210 sunt
976 2155 1125 2211 enim
1158 2169 1354 2211 omnes
1383 2156 1564 2211 vestiti
1610 2155 1910 2210 familiares
1945 2155 2064 2225 ejus
2096 2174 2111 2212 :

517 2247 693 2311 furor,
727 2246 950 2303 lenitate
979 2255 1035 2302 et
1069 2246 1425 2314 humilitate;
1452 2247 1750 2317 cupiditas,
1807 2257 2114 2318 temperan,-

526 2339 600 2393 tia
634 2346 802 2407 atque
830 2338 1193 2394 continentia.

591 2429 636 2462 "
669 2428 888 2486 Otiosas
919 2446 1096 2496 escas,
1127 2439 1182 2486 et
1214 2445 1336 2501 quae
1380 2431 1566 2502 pigros
1609 2431 1674 2486 ad
1723 2445 1948 2502 regnum
1981 2447 2094 2489 con-

524 2524 864 2593 sequendum
933 2524 1169 2579 reddunt
1251 2523 1500 2580 homines
1582 2525 1946 2595 simpliciores
2020 2535 2114 2581 aut

518 2616 846 2685 ineptiores,
883 2615 1064 2672 ﬁdelis
1096 2631 1160 2674 ac
1187 2615 1446 2686 religiosa
1475 2615 1660 2672 anima
1693 2632 1802 2673 non
1833 2617 2069 2672 comedit
2095 2635 2111 2684 ;

516 2721 572 2765 et
610 2727 678 2766 ne
711 2719 894 2782 gustat
929 2711 1177 2776 quidem,
1225 2709 1271 2764 si
1323 2707 1467 2764 forte
1515 2708 1732 2764 illorum
1767 2709 2036 2780 cupiditas
2062 2711 2111 2766 ei

529 2802 767 2858 accidat.
801 2801 974 2857 Porro
996 2801 1316 2871 iniquitates
1346 2800 1482 2856 dicit
1514 2815 1672 2856 escas
1703 2801 1933 2858 otiosas.

594 2897 642 2928 “
673 2895 922 2950 Fallaces
941 2895 1140 2964 gratiae
1167 2902 1294 2949 sunt
1315 2901 1369 2948 et
1393 2907 1533 2948 vana
1562 2893 1932 2964 pulchritudo.
1966 2895 2113 2951 Stul-

520 2986 732 3040 tissima
782 2998 1012 3054 quaeque
1066 2985 1248 3038 anima
1281 2997 1387 3036 non
1422 2982 1583 3038 modo
1607 2984 1816 3050 cogitat
1841 2993 1899 3040 et
1922 2985 2113 3056 imagi-

520 3085 708 3142 natur,
740 3076 883 3146 quod
912 3076 1018 3131 sibi
1048 3085 1134 3132 est
1160 3073 1394 3138 libitum,
1428 3073 1521 3127 sed
1545 3073 1710 3128 etiam
1735 3075 1790 3130 in
1817 3090 1957 3145 Opus
1980 3091 2114 3130 con-
2139 3114 2182 3173 ϐ

519 3168 673 3223 ferre
701 3166 1022 3238 aggreditur
1065 3166 1393 3222 meditatum
1424 3179 1604 3220 suum.
1633 3164 1790 3232 Quod
1819 3166 1864 3221 si
1893 3166 2107 3221 initium

519 3259 808 3331 sapientiae
852 3266 938 3314 est
984 3258 1150 3313 timor
1179 3256 1424 3319 Domini,
1453 3255 1651 3312 merito
1677 3258 1858 3312 anima
1889 3259 2110 3328 sapien-

520 3353 654 3408 tiam
699 3351 916 3421 adepta,
968 3350 1221 3406 timorem
1265 3351 1485 3406 Domini
1530 3349 1898 3415 commendat,
1931 3351 2024 3420 qui
2053 3357 2113 3405 et

523 3445 649 3502 talis
679 3442 928 3500 scientia:
959 3440 1286 3498 conciliator
1315 3440 1440 3496 fuit.

2215 1869 2283 1922 τὰ
2328 1871 2420 1938 ἀφ’
2467 1863 2543 1922 ὧν
2591 1869 2951 1940 ἐξελήλυθεν·
3001 1871 3270 1928 ἀπάθειαν
3333 1871 3390 1925 δὲ
3439 1874 3797 1944 κτησάμενος,

2216 1961 2451 2031 χρονίσει
2479 1977 2538 2014 τε
2575 1962 2631 2013 ἐν
2660 1963 2727 2032 τῇ
2764 1959 3002 2031 θεωρίᾳ,
3049 1961 3142 2014 καὶ
3188 1961 3250 2013 οὺ
3285 1962 3556 2033 φροντίσει
3589 1966 3693 2016 τῶν
3739 1967 3798 2019 ἐν

2214 2055 2348 2124 οἴκῳ
2374 2070 2387 2083 ·
2431 2053 2733 2106 ἐνιδέδυνται
2771 2053 2878 2124 γὰρ
2909 2053 3107 2115 πάντες
3150 2055 3200 2106 οί
3234 2056 3363 2126 παρ’
3391 2055 3559 2125 αὐτῆς
3585 2073 3599 2087 ·
3636 2059 3665 2110 ὁ
3701 2058 3800 2126 μέν

2215 2145 2386 2216 θυμὸς
2410 2185 2424 2210 ,
2448 2147 2730 2219 πραότητα
2760 2147 2854 2198 καὶ
2884 2147 3387 2219 ταπεινοφροσύνην
3410 2164 3425 2179 ·
3462 2149 3495 2220 ἡ
3524 2148 3580 2202 δέ
3613 2149 3801 2203 ἐπιθυ-

2218 2237 2336 2309 μία,
2375 2238 2730 2310 σωφροσύνην
2761 2239 2856 2291 καὶ⁵
2886 2237 3232 2308 ἐγκράτειαν.

2282 2427 2412 2480 Σῖτα
2443 2426 2687 2497 δκνηρὰ,
2740 2425 2807 2480 τὰ
2851 2425 3237 2481 ὀκνοποιοῦντα
3283 2429 3470 2498 τυχεῖν
3511 2430 3609 2502 τῆς
3650 2429 3798 2500 βασι-

2213 2521 2364 2585 λείας
2393 2521 2521 2584 τοίδς
2543 2521 2948 2592 ἁπλουστέρους
2974 2524 3070 2576 καὶ
3093 2522 3510 2594 ἁφελεστέρους,
3540 2526 3572 2595 ὴ
3603 2526 3803 2594 εὐγνώτ

2217 2630 2334 2682 μων
2368 2613 2461 2668 καὶ
2493 2611 2747 2683 θεοφιλὴς
2787 2613 2932 2685 ψυχὴ
2966 2613 3066 2666 οὐκ
3104 2613 3313 2677 ἐσθίει,
3360 2615 3483 2668 οὔτε
3533 2618 3640 2688 μὴν
3681 2619 3806 2671 τού-

2212 2721 2320 2757 των
2347 2705 2602 2774 γεύεται,
2635 2705 2683 2758 εί
2721 2705 2858 2775 τάχα
2890 2704 3041 2775 τύχοι
3075 2705 3252 2759 αὐτῶν
3285 2707 3653 2779 ἐπιθυμῆσαι·
3704 2711 3804 2774 τὰς

2214 2793 2412 2858 κακίας
2445 2795 2554 2865 γάρ
2588 2812 2722 2866 φησι
2756 2798 2877 2851 σῖτα
2910 2796 3136 2866 ὀκνηρά.

2277 2888 2509 2951 Ψευδεῖς
2538 2889 2840 2959 άρέσκειαι,
2875 2887 2968 2945 καὶ
2989 2890 3233 2960 ’μάταιον
3278 2891 3490 2957 κάλλος.
3538 2893 3599 2946 'H
3631 2894 3802 2965 ἁφροτ

2214 2982 2446 3052 νεστάτη
2491 2981 2636 3054 ψυχὴ
2681 2983 2740 3036 ού
2791 2983 2950 3054 μόνον
2995 2986 3167 3039 ἐννοεί
3216 2987 3312 3040 καὶ
3363 2986 3694 3056 φαντάζεται
3744 2987 3806 3041 τὸ

2215 3072 2355 3143 αύτῇ
2407 3072 2668 3142 ἀρεστὸν,
2707 3072 2844 3126 ἀλλὰ
2891 3073 2988 3128 καὶ
3038 3074 3186 3147 ἔργῳ
3236 3077 3477 3147 ἐγχειρεῖ
3517 3076 3804 3149 πληρῶσαι

2214 3165 2314 3238 τὴν
2356 3166 2619 3240 θεωρίαν·
2664 3167 2788 3221 εἰδὲ
2836 3169 2979 3241 ἀρχὴ
3026 3170 3218 3239 σοφίας
3253 3171 3415 3240 φόϐος
3448 3173 3656 3244 Κυρίου
3683 3215 3698 3240 ,
3727 3174 3807 3235 6t-

2216 3255 2387 3321 καίως
2425 3260 2458 3328 ἡ
2509 3257 2752 3327 τυχοῦσα
2792 3259 2984 3328 σοφίας
3016 3259 3164 3330 ψυχὴ
3205 3262 3347 3313 αἰνεῖ
3385 3261 3475 3314 τὸν
3513 3261 3677 3330 φόϐον
3707 3262 3804 3315 τοῦ

2218 3350 2448 3422 Κυρίου,
2481 3350 2539 3414 ὃς
2572 3351 2794 3420 γέγονεν
2823 3353 2960 3425 αὐτῇ
2987 3352 3087 3423 τῆς
3109 3352 3363 3425 τοιαύτης
3390 3351 3642 3422 γνώσεως
3671 3354 3806 3427 πρός

2222 3441 2391 3508 ξενος.

1801 3594 2356 3654 ADDITAMENTUM
2385 3598 2520 3670 (29).

600 3712 724 3756 ⁹³-“
745 3712 956 3769 Not-unt
996 3711 1165 3778 enim,
1223 3725 1348 3768 eum
1372 3711 1707 3782 agendarum
1730 3727 1911 3768 rerum
1933 3712 2113 3768 scien-

524 3804 659 3860 tiam
723 3805 1026 3876 possidere,
1071 3813 1128 3860 et
1177 3803 1233 3858 in
1281 3802 1508 3874 propria
1577 3813 1850 3874 potestate
1907 3803 2115 3860 habere

521 3897 772 3953 alumnos
805 3910 958 3952 suos.
1007 3896 1177 3950 Aiunt
1211 3897 1437 3964 itaque,
1486 3903 1755 3965 tanquam
1805 3910 1873 3950 eo
1927 3907 2112 3963 capto,

521 3989 672 4044 hisce
694 3989 1060 4043 dominamur.
1097 3988 1316 4058 Alioqui
1359 4001 1490 4042 vero
1527 3986 1804 4057 possessio
1831 3986 1961 4056 justi
2006 3988 2109 4042 viri

520 4089 608 4136 est
637 4079 928 4150 sapientia,
963 4079 1278 4150 prudentia,
1311 4076 1675 4147 intelligentia
1716 4088 1880 4148 atque
1909 4079 2108 4134 virtus.

524 4169 808 4242 Occupant
843 4179 1025 4226 autem
1072 4167 1344 4238 ejusmodi
1399 4167 1797 4239 possessionem
1847 4168 2103 4238 improbi,

2289 3713 2466 3765 Ἴσασι
2493 3710 2603 3784 γὰρ
2642 3713 2725 3766 ὅτι
2751 3713 2852 3786 τὴν
2879 3715 2977 3785 μὲν
3006 3715 3135 3786 περὶ
3159 3715 3228 3769 τὰ
3254 3716 3504 3787 πρακτέα
3541 3717 3804 3789 κέκτηται

2217 3803 2441 3876 γνῶσιν,
2484 3803 2685 3876 ἀρετῆς
2732 3805 2830 3876 μὲν
2875 3806 3106 3878 αἵρεσιν,
3141 3807 3319 3879 φυγὴν
3362 3807 3419 3862 δὲ
3452 3808 3680 3872 κακίας,
3712 3809 3808 3864 καὶ

2219 3898 2303 3950 ὅτι
2330 3897 2521 3968 κτῆσιν
2546 3897 2660 3969 ἔχει
2685 3899 2810 3962 τοὺς
2840 3897 3258 3970 διδασκομένους
3289 3899 3380 3952 ὑπ’
3407 3900 3571 3954 αὐτοῦ
3595 3918 3607 3930 ·
3643 3902 3807 3969 φασὶν

2219 3984 2313 4043 οὖν
2336 3988 2412 4052 ὡς
2431 3989 2593 4042 αὐτὸν
2615 3988 2845 4052 ἑλόντες,
2875 3988 2968 4041 καὶ
2991 3989 3203 4055 τούτοις
3228 3990 3558 4062 χειρούμεθα
3582 4009 3594 4021 ·
3630 3991 3805 4055 ἄλλως

2217 4081 2276 4135 δὲ
2318 4080 2513 4151 κτῆσις
2545 4079 2640 4134 τοῦ
2671 4080 2881 4134 δικαίου
2908 4120 2922 4144 ,
2955 4082 3118 4150 σοφία
3143 4082 3237 4136 καὶ
3265 4082 3555 4154 φρόνησις,
3591 4082 3806 4146 σύνεσίς

2213 4191 2272 4226 τε
2301 4174 2396 4228 καὶ
2426 4173 2594 4245 ἀρετή
2614 4191 2626 4203 ·
2675 4173 3184 4246 καταλαμϐάνονται
3227 4176 3283 4229 δὲ
3322 4175 3419 4247 τὴν
3453 4177 3644 4246 κτῆσιν
3676 4174 3807 4236 ταύ-

525 4264 574 4319 si
604 4264 824 4332 quando
869 4260 1023 4329 justo
1057 4263 1290 4317 suadent
1330 4269 1393 4315 ut
1441 4260 1645 4332 aliquid
1671 4275 1702 4314 a
1734 4261 1846 4317 Deo
1875 4261 2104 4317 vetitum

2215 4281 2313 4336 την
2345 4265 2395 4318 οἱ
2425 4264 2662 4330 ἀσεϐεῖς,
2698 4264 2975 4330 πείθοντες
3006 4265 3097 4321 τὸν
3124 4266 3331 4320 δίκαιον
3362 4265 3584 4336 ποιῆσαί
3613 4284 3663 4320 τι
3694 4265 3804 4318 τῶν

522 4363 801 4424 perpetret
831 4371 846 4409 ε
882 4367 1079 4423 nempe
1128 4363 1191 4409 ut
1239 4369 1392 4409 mens
1444 4363 1672 4424 peccato
1735 4364 2036 4420 excaecata,
2079 4368 2109 4407 a

2215 4333 2680 4422 ἀπηγορευμένων
2711 4350 2862 4423 Θεῷ·
2895 4353 2983 4405 ἴνα
3017 4353 3318 4423 τυφλωθεὶς
3354 4333 3590 4425 ἀπὸ-τῆς
3620 4355 3802 4426 ἁμαρ·-

522 4453 714 4502 sancta
747 4445 1060 4514 huiusmodi
1090 4449 1443 4516 possessione
1472 4447 1715 4504 excidat.

593 4538 640 4571 ⁸⁸
676 4539 790 4610 (30)
817 4539 1217 4610 Sapientijusto
1240 4540 1476 4595 dillicilia
1491 4552 1708 4609 quoque
1730 4535 1946 4608 negotia
1976 4536 2113 4591 liunt

524 4629 729 4686 facilia.
759 4633 832 4686 At
860 4632 911 4686 ei
961 4631 1056 4700 qui
1097 4629 1262 4684 aliter
1308 4645 1369 4685 se
1403 4630 1586 4693 habet,
1624 4629 1807 4683 facilia
1846 4627 2016 4682 etiam
2060 4635 2113 4682 et

527 4721 784 4778 solatium
806 4721 1082 4782 quoddam
1116 4720 1400 4788 habentia,
1440 4721 1680 4778 difﬁcilia
1703 4719 1965 4776 evadunt.

599 4900 646 4932 "
671 4899 1053 4959 Theoreticam
1104 4900 1412 4958 doctrinam
1451 4901 1676 4968 habent,
1710 4901 1807 4959 sed
1833 4898 2116 4975 excelsum

530 4989 688 5047 nihil.

601 5239 650 5273 ⁸⁸
675 5255 727 5295 v.
757 5241 845 5297 16.

949 5242 996 5275 ⁸³
1039 5259 1089 5296 v.
1139 5245 1224 5299 19.
1340 5246 1386 5278 ⁹⁰
1411 5265 1461 5302 v.
1490 5249 1554 5303 21

601 5397 718 5474 (29)
742 5399 877 5458 God.
907 5400 1091 5460 Ottob.
1130 5404 1252 5472 117,
1285 5420 1339 5476 p.
1375 5405 1462 5464 l6.

1494 5249 1581 5303 2|.
1711 5244 1756 5276 "
1779 5257 1831 5298 v.
1863 5241 1994 5311 27.]
2049 5240 2094 5272 "

2215 5237 2295 5294 50.
2389 5237 2518 5276 ⁹³-⁹δ
2555 5253 2670 5308 cap.
2724 5253 2765 5305 ι,
2808 5240 2896 5294 15.
2970 5241 3014 5274 ’⁸
3042 5257 3162 5310 cap.
3199 5257 3253 5309 χ,
3301 5242 3372 5306 8;

2216 4442 2338 4505 τίας
2364 4444 2393 4495 ὁ
2419 4441 2542 4506 νοῦς
2565 4442 2774 4514 ἐκπέσῃ
2802 4443 2912 4496 τῶν
2941 4445 3114 4513 ἁγίων
3146 4445 3350 4501 τούτων
3386 4447 3714 4516 κτημάτων.

2285 4531 2358 4584 Τὸ
2386 4533 2484 4603 μὲν
2531 4534 2736 4605 συνετῷ
2764 4534 2987 4606 δικαίῳ,
3020 4536 3114 4590 καὶ
3148 4536 3217 4589 τὰ
3254 4537 3493 4609 δυσχερῆ
3519 4535 3628 4595 τῶν
3660 4553 3804 4608 πρα-

2218 4624 2446 4694 γμάτων
2477 4623 2673 4678 εὔκολα
2712 4626 2958 4696 γίνεται·
3001 4626 3080 4698 τῷ
3119 4627 3174 4680 δὲ
3217 4629 3421 4699 ἑτέρως
3462 4627 3674 4698 ἔχοντι,
3709 4628 3803 4680 καὶ

2215 4713 2285 4768 τὰ
2315 4714 2512 4769 εὔκολα
2556 4720 2652 4772 καὶ
2686 4718 2954 4788 ἀνάψυξίν
2986 4737 3107 4773 τινα
3132 4719 3344 4790 ἔχοντα,
3378 4719 3614 4791 δυσχερῆ
3649 4717 3803 4772 καθί-

2223 4823 2412 4860 σταται
2431 4849 2436 4857 .

2280 4900 2456 4969 Λόγον
2492 4901 2597 4974 γὰρ
2628 4921 2812 4974 έχουσι
2839 4904 3208 4978 θεωρημάτων
3237 4908 3597 4980 ἐπιστήμονα,
3634 4907 3801 4979 μηδὲν

2218 4992 2434 5066 ἔχοντες
2467 4995 2692 5067 ὑψηλόν.

3473 5240 3520 5274 κ
3546 5254 3600 5294 ν.
3627 5237 3721 5295 21.

2297 5398 2412 5471 (50)
2445 5399 2578 5457 Cod.
2611 5399 2747 5472 Reg.
2770 5399 2867 5470 77,
2895 5415 2949 5473 p.
2977 5401 3102 5458 διο.
