4172 6436
407 365 514 422 255

1511 363 1807 422 SCHOLIA
1844 363 1912 418 IN
1943 362 2239 422 CANTICA
2276 360 2551 418 CANTIC.

3563 361 3669 417 254

413 512 3667 543 _____________________________________________..

410 679 1258 800 ΩΡΙΓΕΝΟΥΣ
1315 684 1556 797 ΕΙΣ
1609 685 1810 798 ΤΑ
1846 657 2474 800 ΑΣΜΑΤΑ
2532 679 2835 792 ΤΩΝ
2896 675 3661 793 ΑΣΜΑΤΩΝ.

1708 937 2383 1056 ORIGENIS

811 1174 1320 1271 SCHOLIA
1394 1178 1518 1266 IN
1594 1177 2098 1270 CANTICA
2173 1155 3097 1269 CANTICORUM‘”.

406 1395 508 1467 (Ex
541 1391 745 1472 Catena
783 1391 1043 1478 \[aticana
1082 1392 1166 1478 cui
1210 1392 1398 1478 titulus
1427 1394 1806 1478 :‘Hpoxogrlo‘v
1836 1397 1957 1464 Xptt

2062 1393 2200 1478 "£937
2226 1384 2648 1478 σοφιστρτῗκείς
2665 1384 2758 1478 .εά
2781 1386 3059 1478 ᾋῩέίίζτα
3081 1383 3240 1478 ξίέτ,
3256 1379 3660 1478 ἀττιέάῖθὲῖἶέε·

476 1449 774 1535 ητητικὼν
799 1462 1065 1534 suam
1084 1463 1334 1531 ἐπιτομὴ
1360 1463 1478 1517 ἀπὸ
1507 1449 1715 1532 ξρωνῆς
1732 1449 1957 1534 Γρηγῗορ

476 1552 536 1589 τε
567 1535 665 1588 καὶ
696 1535 962 1599 Φίλωνος
987 1534 1094 1586 τοῦ
1119 1534 1482 1601 Καρπαθίου,
1513 1535 1948 1601 Ἀπολιναριου,

2089 1449 2346 1528 Νύσσης
2374 1458 2472 1511 καὶ
2499 1449 2802 1524 Κυρῖλλου
2821 1449 3297 1521 Ἆλεξανδρείας,
3322 1449 3660 1520 Ὦριγένους

2065 1535 2270 1589 σεόίου
2302 1527 2662 1601 Καισαρείας
2673 1565 2697 1601 _,
2733 1525 3079 1601 καὶιέτέρων
3108 1523 3438 1601 ἔριψόρων,
3469 1519 3660 1592 ἤγουν

471 1552 536 1589 τε
567 1552 665 1588 και
696 1552 962 1599 φιλωνος
987 1552 1094 1586 του
1119 1552 1482 1601 Λαρπασιου,
1519 1552 1948 1602 Απονιιναριου,

471 1605 749 1675 Διδύμου,
768 1604 875 1659 τοῦ
899 1604 1074 1675 ἁγίου
1103 1603 1430 1672 Ἰσιδώρου,
1470 1603 1849 1673 Θεοδωρήτου
1887 1623 1957 1660 κα

2065 1552 2270 1589 σεοιου
2302 1552 2660 1594 ηαισαρειας
2683 1565 2697 1589 ,
2733 1552 2832 1578 και
2861 1552 3079 1593 ειερων-
3121 1552 3228 1592 um;

2062 1604 2332 1674 εοφίλου.
2363 1629 2432 1639 -
2463 1597 2596 1663 MAI,
2623 1595 2795 1652 Class.
2825 1593 3008 1662 Auct.,
3041 1603 3080 1648 t.
3108 1591 3228 1666 IX.)

930 1785 1327 1840 ΚΕΦΑΛΔΙΟΝ
1365 1784 1446 1842 A'.

432 1881 755 1951 Φιλησὰτω
779 1897 858 1950 με
879 1879 996 1934 ἀπὸ
1028 1878 1376 1950 φιλημάτων
1396 1880 1692 1948 στόματος
1729 1879 1936 1934 αὐτου.

466 1976 559 2047 Μὴ
596 1974 686 2028 διὰ
708 1971 1004 2045 προφητῶν
1020 1989 1087 2042 με
1105 1972 1514 2043 μνηστευσάτω,
1545 1972 1730 2043 φησὶν.
1761 1971 1830 2026 δι’
1852 1974 1977 2026 ἐαυ-

394 2067 490 2121 τοῦ
521 2067 580 2120 δὲ
626 2066 964 2137 ὁμιλησάτω,
999 2066 1117 2117 κατ’
1155 2063 1408 2133 αἴσθησιν
1445 2063 1844 2134 πνευματικήν·
1905 2063 1972 2116 δι’

393 2154 510 2232 ἦςὸ
539 2159 790 2229 Ἰωάννης
821 2156 983 2228 φησι·
1052 2155 1162 2210 Καὶ
1197 2159 1257 2209 al
1301 2155 1496 2225 χεῖρες
1537 2153 1707 2224 ἡμῶν
1743 2155 1974 2224 ἐψηλά-

393 2265 602 2321 φησαν
634 2249 768 2320 περὶ
792 2249 902 2303 τοῦ
931 2250 1126 2319 Λόγου
1151 2248 1263 2318 τῆς
1292 2246 1474 2317 ζωιῆςο
1508 2247 1685 2302 ταῦτα
1715 2249 1774 2302 δέ
1807 2266 1974 2321 φησιν

391 2339 466 2406 ὡς
477 2341 579 2394 τῶν
605 2339 897 2412 προφητῶν
917 2341 1179 2394 εἰπόντων
1205 2340 1487 2394 ἀκούσασα
1510 2356 1524 2370 ·
1559 2339 1972 2408 Ἐπεθύμησεν

391 2433 432 2486 δ
463 2431 758 2497 ,βασιλεὺς
791 2430 897 2485 τοῦ
943 2429 1211 2497 κάλλους
1244 2443 1363 2484 σου
1383 2445 1397 2460 ⁸
1435 2431 1531 2484 καὶ
1557 2429 1790 2500 ἀλλαχοῦ
1811 2447 1824 2460 ⁸
1861 2433 1970 2484 Ὃν

393 2524 615 2591 τρόπον
679 2522 1158 2592 εὐφρανθήσεται
1220 2523 1478 2592 νυμφίος
1530 2521 1630 2575 ἐπὶ
1700 2523 1964 2591 νύμφην,

391 2613 578 2678 οὕτως
617 2612 1096 2682 εὐφρανθήσεται
1119 2613 1337 2680 Κύριος
1363 2612 1462 2666 ἐπὶ
1511 2611 1634 2666 σοι.
1665 2610 1884 2676 Ὁσάκις
1908 2612 1967 2666 δέ

391 2721 442 2756 τι
473 2702 760 2774 ζητοῦντες
791 2684 934 2757 θεῗον
962 2703 1141 2773 δόγμα
1173 2701 1687 2773 καταλαμϐάνομεν,
1727 2719 1967 2756 καταπε-

389 2795 647 2867 φιλῆσθαι
681 2795 790 2848 ὰπὸ
816 2794 908 2848 τοῦ
940 2794 1208 2865 στόματος
1234 2793 1327 2846 τοῦ
1351 2794 1585 2865 νυμφίου
1614 2794 1923 2864 νομίσωμεν
1947 2811 1961 2825 ο

389 2891 447 2943 ὲν
486 2889 596 2956 ὅσῳ
642 2886 700 2940 δὲ
730 2886 1065 2958 ἀποροῦμεν,
1108 2885 1472 2956 ὑπολάϐωμεν
1501 2885 1749 2955 ἐχόμενοι
1781 2883 1964 2954 λέγειν

388 2981 469 3049 τὸ,
490 2979 805 3050 dicinade
819 2996 896 3048 με
916 2977 1035 3034 ἀπὸ
1063 2975 1412 3049 φιλημάτων
1435 2978 1732 3047 στόματος
1753 2977 1958 3033 αὐτοῦ.

2007 1792 2052 1850 Α
2587 1765 2816 1823 CAPUT
2854 1764 3146 1822 PRIMUM.

2280 1865 2450 1920 Vsus.
2482 1871 2536 1918 1.
2573 1859 2858 1915 Osculetur
2884 1875 2962 1912 me
2993 1858 3186 1913 osculis
3224 1859 3332 1912 oris
3359 1859 3464 1915 sui.

2147 1962 2227 2018 Ne
2251 1976 2340 2015 me
2377 1972 2477 2029 per
2502 1954 2799 2027 prophetas
2827 1953 2881 2007 in
2923 1967 3150 2006 uxorem
3183 1950 3287 2006 sibi
3320 1959 3531 2020 poscat,
3574 1949 3658 2006 in-

2076 2056 2216 2127 quit,
2264 2054 2357 2107 sed
2410 2051 2528 2120 ipse
2572 2046 2702 2101 mihi
2755 2045 3030 2115 loquatur,
3086 2047 3385 2101 secundum
3437 2061 3658 2100 sensum

2074 2145 2455 2218 allegoricum.
2494 2141 2551 2195 ln
2590 2141 2696 2195 hoc
2728 2153 2890 2194 sensu
2943 2138 3082 2193 dixit
3110 2137 3394 2193 Joannes:
3434 2134 3502 2190 Et
3541 2153 3658 2190 ma-

2073 2255 2172 2293 nus
2218 2246 2409 2290 nostra!
2457 2240 2912 2288 contrectaverunt
2958 2233 3023 2284 de
3079 2228 3243 2285 Verbo
3285 2229 3403 2283 vita:
3445 2229 3486 2282 ¹.
3533 2227 3658 2283 Haec

2071 2339 2249 2384 autem
2275 2328 2417 2382 dixit
2446 2340 2669 2395 sponsa,
2693 2335 2749 2378 ut
2767 2331 2893 2394 pote
2917 2337 3036 2392 qua:
3053 2321 3346 2392 prophetas
3373 2321 3656 2390 loquentes

2071 2423 2352 2477 audiverat
2382 2439 2396 2475 :
2421 2417 2729 2486 Concupivit
2749 2433 2842 2471 rea:
2869 2416 3109 2469 decorem
3149 2425 3297 2469 tuum
3321 2416 3365 2480 ’,
3398 2422 3448 2467 ct
3483 2414 3608 2467 alibi
3637 2431 3651 2467 :

2071 2513 2526 2579 Quemadmodum
2542 2509 2808 2564 laetabitur
2833 2523 3057 2576 sponsus
3086 2523 3200 2560 cum
3220 2522 3412 2575 sponsa
3443 2521 3561 2568 sua,
3579 2505 3655 2557 sic

2067 2601 2337 2654 (celabitur
2387 2599 2645 2653 Dominus
2682 2605 2850 2650 tecum
2893 2597 2936 2650 ³.
2992 2595 3048 2650 Si
3103 2597 3343 2666 quando,
3399 2595 3645 2648 divinum

2067 2687 2282 2754 aliquod
2312 2686 2503 2756 dogma
2536 2694 2874 2750 scrutantes,
2909 2693 3090 2739 mente
3126 2683 3255 2738 illud
3289 2684 3655 2753 comprelienu

2067 2778 2334 2844 derimus,
2366 2778 2636 2848 Sponsum
2668 2791 2767 2832 nos
2804 2776 3003 2831 osculis
3032 2777 3146 2831 oris
3184 2776 3268 2830 sui
3298 2774 3530 2830 osculari
3571 2789 3656 2831 re-

2063 2875 2346 2936 putemus;
2403 2883 2529 2922 cum
2583 2881 2735 2934 vero,
2794 2867 2992 2921 utentis
3043 2867 3266 2936 inopes,
3315 2867 3652 2931 hazsitamus,

2065 2966 2194 3013 tunc
2218 2959 2384 3014 dubio
2419 2959 2750 3025 laborantes,
2786 2959 2944 3014 nobis
2973 2959 3262 3014 dicendum
3291 2974 3412 3015 esse
3453 2959 3655 3014 intelli-

2065 3065 2294 3122 gamus:
2325 3052 2606 3106 Osculctur
2639 3068 2720 3106 me
2748 3051 2943 3106 osculis
2972 3053 3081 3105 oris
3114 3053 3219 3106 sui.

458 3139 588 3210 Ὀτι
629 3138 837 3208 ἁγαθοὶ
892 3140 946 3193 οὶ
992 3137 1218 3210 pacto!
1267 3133 1592 3210 0'00_1')_:zdp
1625 3129 1813 3201 οἶνον,
1861 3134 1957 3188 καὶ

2136 3140 2275 3208 Quia
2299 3143 2518 3196 meliora
2549 3152 2670 3195 sunt
2695 3145 2858 3196 ubera
2887 3153 2981 3195 tua
3012 3143 3154 3205 uino,
3177 3149 3224 3194 et
3257 3141 3389 3195 odor
3414 3156 3652 3210 unguen-

385 3209 545 3280 ὁσμὴ
573 3203 779 3279 μύρων
805 3223 922 3263 σου
944 3203 1099 3276 ὑπὲρ
1127 3207 1322 3261 πάντα
1348 3205 1420 3260 τὰ
1452 3203 1748 3274 ἀρώματα.

457 3323 662 3391 Ἥγουν
686 3323 741 3375 αἱ
774 3321 965 3394 ἀρεταί
1000 3338 1093 3374 σου
1130 3319 1270 3392 ὑπὲρ
1305 3318 1404 3384 τὰς
1442 3321 1571 3392 παρ’
1601 3321 1734 3391 ἡμῖν
1762 3318 1962 3390 ἀρετὰς

383 3416 524 3470 κατὰ
546 3416 626 3480 τὸ,
668 3414 1007 3484 Ἐκάλυψεν
1030 3413 1373 3482 οὺρανοὺςή
1397 3410 1578 3481 ἀρετὴ
1601 3412 1788 3466 αὐτοῦ
1815 3429 1829 3441 ο
1848 3411 1963 3465 ἐστι

382 3509 492 3580 γὰρ
520 3507 812 3576 αὐτοσοφία
835 3509 927 3560 καὶ
951 3506 1287 3577 δικαιοσύνηο
1313 3509 1476 3578 ἡμεῖς
1504 3507 1560 3560 δὲ
1576 3506 1718 3561 κατὰ
1747 3506 1963 3578 μέθεξιν

383 3597 536 3666 σοφοί
562 3613 622 3649 τε
643 3597 736 3650 καὶ
764 3596 980 3662 δίκαιοι,
1008 3597 1149 3650 κατὰ
1169 3597 1488 3669 προαίρεσίν
1514 3615 1575 3651 τε
1595 3599 1688 3652 καὶ
1709 3597 1957 3670 δύναμιν,

380 3691 440 3742 ὲν
460 3691 526 3760 τῇ
562 3687 766 3742 τούτων
794 3688 990 3760 εὐωδίᾳ
1015 3689 1289 3760 γινόμενοι

380 3867 587 3934 Μῦρον
615 3862 945 3920 ἐκκενωθὼμ
977 3863 1164 3934 ὄνομα
1190 3879 1326 3918 σου.
1356 3864 1459 3919 Διὰ
1489 3866 1666 3920 τοῦτο
1689 3863 1960 3932 νεάνιδες

929 3933 1256 4004 ἠγάπησαν
1287 3951 1380 3988 σε.

448 4029 604 4100 Τάχα
619 4026 963 4099 προφητεύου
984 4025 1062 4098 (2)
1077 4025 1171 4079 τοῦ
1199 4026 1466 4096 ὀνόματος
1479 4025 1574 4078 τοῦ
1597 4024 1836 4097 Χριστοῦ
1859 4025 1958 4096 τὴν

374 4123 466 4177 τὸν
509 4122 714 4191 κόσμον
757 4117 1125 4191 πληρώσασαν
1165 4117 1415 4189 δύναμιν,
1452 4116 1595 4170 κατὰ
1643 4116 1742 4188 τὴν
1789 4115 1956 4170 αὐτοῦ

373 4212 707 4285 παρουσίανο
738 4210 878 4263 ὥστε
898 4209 1150 4279 γενέσθαι
1179 4208 1321 4263 κατὰ
1342 4209 1433 4262 τὸν
1465 4207 1676 4261 Παῦλον
1716 4202 1805 4272 οἷς
1840 4205 1960 4275 μὲν

375 4303 534 4374 ὀσμὴ
577 4305 646 4357 ἐκ
694 4302 956 4357 θανάτου
999 4303 1088 4366 εὶς
1129 4299 1408 4364 θάνατον,
1463 4295 1555 4366 οἷς
1583 4299 1652 4351 δὲ
1684 4297 1832 4366 ζωῆς
1867 4300 1957 4364 εὶς

374 4391 714 4466 ἄδήν-,εἷπεν
747 4394 813 4449 ἂν
839 4397 872 4466 ὴ
903 4394 1108 4466 νύμφη,
1134 4394 1237 4447 Διὰ
1260 4393 1446 4446 τοῦτο
1465 4391 1690 4458 πάντες
1721 4390 1953 4462 ἠγάπη-

2065 3218 2238 3265 terum
2261 3223 2469 3266 tuorum
2499 3229 2654 3281 super
2677 3213 2856 3267 omnia
2893 3223 3158 3266 aromata.

2135 3324 2299 3392 Quasi
2331 3325 2570 3381 diceret:
2603 3344 2622 3376 ι
2649 3325 2890 3380 Virtutes
2930 3333 3036 3378 tuae
3085 3337 3247 3393 supra
3279 3323 3503 3378 virtutes
3550 3338 3650 3378 no-

2063 3423 2224 3480 stras,
2255 3434 2274 3468 ι
2304 3415 2458 3486 juxta
2487 3415 2616 3470 illud
2649 3433 2663 3470 :
2697 3416 2918 3484 Operuit
2961 3413 3112 3469 ccclos
3145 3415 3308 3469 uirtus
3336 3414 3451 3484 ejus
3476 3414 3520 3466 ⁸.
3555 3415 3652 3468 Est

2062 3504 2207 3558 enim
2237 3505 2544 3561 essentialis
2587 3506 2858 3577 sapientia
2897 3515 2952 3561 et
2979 3506 3214 3574 iustitia,
3251 3521 3352 3560 nos
3381 3521 3511 3560 vero
3554 3523 3652 3576 per

2059 3595 2534 3666 participationem
2572 3596 2845 3666 sapientes
2886 3612 3078 3652 sumus
3123 3606 3177 3651 et
3219 3596 3392 3665 justi,
3435 3596 3648 3652 illarum

2059 3688 2320 3742 virtutum
2369 3688 2682 3759 fragrantia:
2724 3689 3273 3745 communicationem
3322 3688 3650 3759 accipientes

2062 3779 2114 3834 in
2141 3791 2398 3849 quantum
2427 3782 2669 3836 valemus
2698 3791 2751 3834 et
2781 3781 3048 3836 volumus.

2174 3871 2340 3928 Vnus.
2379 3873 2434 3926 2.
2472 3871 2658 3926 Oleum
2695 3873 2920 3941 e/[usum
2967 3887 3157 3925 nomen
3197 3882 3390 3926 tuum:
3422 3872 3542 3926 ideo

2443 3943 2853 3996 adolescentulaa
2877 3941 3177 3996 dilexerunt
3207 3952 3276 3994 te.

2129 4033 2292 4088 Forte
2339 4034 2728 4102 proplietizans
2777 4035 3012 4087 nominis
3043 4031 3170 4087 Jesu
3217 4032 3418 4088 Christi
3469 4031 3644 4086 virtu-

2061 4131 2198 4188 tem,
2243 4137 2364 4192 quaa
2407 4123 2596 4178 orbem
2645 4132 2914 4176 terrarum
2963 4122 3204 4190 implevit
3242 4131 3363 4190 post
3393 4111 3523 4190 eius
3552 4123 3648 4174 ad-

2057 4223 2314 4279 ventum,
2366 4215 2442 4268 ita
2489 4222 2550 4267 ut
2582 4215 2760 4278 ﬁeret,
2787 4212 2945 4280 juxta
2984 4212 3045 4267 S.
3075 4212 3334 4279 Paulum,
3371 4211 3495 4266 aliis
3527 4213 3648 4282 qui-

2057 4306 2174 4360 dem
2205 4304 2337 4358 odor
2365 4305 2553 4358 mortis
2609 4305 2665 4357 in
2704 4313 2956 4366 mortem,
2989 4305 3110 4356 aliis
3138 4313 3316 4357 autem
3353 4308 3488 4358 odor
3521 4309 3644 4358 vita:

2056 4397 2113 4451 in
2149 4399 2313 4451 vitam
2329 4398 2375 4465 ⁸,
2403 4397 2584 4452 dicere
2615 4395 2881 4466 potuisset
2930 4411 3127 4464 sponsa
3155 4413 3169 4451 :
3201 4395 3333 4450 Idea
3361 4412 3532 4452 omnes
3561 4398 3645 4449 di-

372 4491 496 4546 σάν
528 4504 632 4543 σε·
662 4488 776 4542 ἀλλ’
803 4489 867 4541 οὐ
899 4487 1057 4558 μόνον
1092 4488 1148 4541 αἱ
1168 4486 1406 4550 νεάνιδες
1447 4485 1715 4557 ὁσημέραι
1764 4485 1951 4539 ἀνανε-

2062 4491 2292 4544 laxarunt
2318 4501 2404 4552 te:
2437 4505 2648 4556 omnes,
2678 4490 2921 4558 inquam,
2955 4506 3059 4545 non
3090 4491 3262 4546 solum
3293 4503 3476 4547 autem
3514 4494 3646 4548 ado-

372 4583 617 4653 ούμεναι.
643 4581 741 4636 καὶ
769 4580 857 4651 μὴ
882 4580 1134 4650 ἔχουσαι
1158 4579 1378 4649 ῥυτίδα
1405 4579 1443 4647 ἢ
1473 4579 1728 4633 σπῖλον·
1751 4578 1947 4642 ἐξεκε-

373 4671 529 4740 νὼθη
560 4671 640 4735 δὲ,
661 4672 738 4735 ὡς
763 4671 960 4743 μηκέτι
998 4670 1303 4726 σιωπᾶσθαι
1330 4669 1857 4740 κατακεκλεισμένον
1891 4673 1948 4724 ἐν

373 4764 725 4835 ἀπορρήτοις.

373 4855 673 4927 Εἱσήγαγέ
706 4874 783 4926 με
808 4859 841 4910 ὀ
876 4855 1178 4921 ,ϐασιλεὺς
1209 4857 1298 4922 εὶς
1340 4855 1408 4910 τὸ
1446 4855 1710 4926 ταμιεῖον·
1739 4857 1946 4911 αὑτοῦ.

448 4950 652 5016 Ἥγουν
674 4948 932 5002 ἀδύνατον
952 4950 1031 5021 (5)
1053 4949 1152 5019 τὴν
1178 4947 1495 5019 ἀξιέραστον
1523 4947 1670 5017 λέγει
1708 4947 1885 5020 ψυχὴν
1914 4949 1948 5020 ἤ

384 5041 709 5111 Ἐκκλησίαν
728 5042 836 5113 ἢτὸ
857 5043 1182 5113 ἡγεμονικὸν
1203 5041 1296 5095 τοῦ
1312 5041 1567 5114 Χριστοῦ·
1583 5044 1663 5106 εἰς
1681 5042 1710 5095 ὅ
1739 5042 1951 5107 Παῦλος

369 5133 631 5187 εἰσελθὼν
653 5134 757 5206 ἔφη
774 5150 790 5165 '
833 5135 1022 5204 Ἡμεῖς
1046 5134 1115 5187 δὲ
1130 5135 1284 5189 νοῦν
1305 5135 1564 5203 Χριστοῦ
1584 5135 1824 5204 ἔχομεν,
1847 5136 1948 5188 ἵνα

368 5224 587 5295 ἴδωμεν
629 5223 702 5278 τὰ
725 5224 843 5279 ὑπὸ
880 5224 1029 5279 Θεοῦ
1078 5224 1441 5294 χαρισθέντα
1494 5224 1673 5294 ἡμῖν·
1718 5223 1840 5277 τινα
1890 5223 1946 5276 δὲ

902 5368 923 5398 ³
955 5365 1102 5424 Psal.
1135 5382 1282 5430 xuv,
1318 5365 1406 5421 12.

435 5485 514 5557 (1)
556 5485 681 5539 lltnc
727 5483 966 5546 scholia,
991 5483 1172 5554 qualia
1215 5483 1299 5557 ab
1324 5481 1691 5557 illustrissimo
1723 5481 1951 5557 Mai-ex-

365 5553 566 5625 scripta
607 5565 754 5618 sunt,
805 5557 906 5624 ipsi
960 5570 1057 5608 nos
1103 5553 1448 5625 protulimus,
1477 5554 1685 5625 mendis
1733 5553 1950 5625 scilicet

366 5621 684 5681 non'semcl
747 5621 1138 5680 insanabilibus
1185 5623 1490 5692 deturpata.
1544 5621 1734 5675 Latine
1785 5624 1947 5678 etiam

365 5701 590 5751 reddere
637 5697 814 5750 conati
849 5711 1058 5758 sumus,
1101 5695 1348 5761 quamvis
1393 5708 1532 5759 saepe
1572 5693 1769 5760 saepius
1807 5694 1943 5747 divi-

367 5768 543 5822 nando
581 5767 922 5837 potiusquam
979 5764 1377 5833 interpretando
1417 5779 1551 5832 opus
1598 5763 1757 5817 fuerit
1797 5781 1808 5815 :
1861 5761 1937 5816 la-

440 5368 458 5398 ¹
493 5366 653 5423 Joan.
680 5383 720 5434 ι,
752 5367 806 5421 1.
902 5368 923 5398 ⁸
955 5365 1102 5424 Psal.
1135 5382 1282 5430 χειν,
1318 5365 1406 5421 12.
1511 5365 1532 5397 ³
1561 5365 1668 5421 lsa.
1718 5383 1854 5434 Lm,
1885 5366 1938 5421 5.

2057 4579 2368 4635 lescentula:
2388 4582 2627 4650 quotidie
2643 4587 2935 4644 renovata,
2954 4597 3116 4649 neque
3133 4597 3318 4649 rugam
3345 4597 3508 4650 neque
3528 4598 3644 4636 ma-

2049 4672 2222 4726 culam
2235 4673 2523 4728 habentes“.
2534 4671 2580 4725 E
2581 4673 2776 4741 [fusum
2790 4682 2968 4726 autem
2981 4683 3057 4727 est
3075 4673 3290 4745 (nomen
3309 4677 3504 4743 tuum),
3517 4673 3641 4742 quia

2053 4781 2158 4820 non
2188 4765 2301 4835 jam
2327 4768 2380 4820 in
2405 4765 2768 4822 ineﬁ‘abilibus
2804 4767 3022 4820 arcanis
3051 4765 3327 4820 conditum
3357 4765 3638 4820 reticetur.

2201 4855 2363 4912 VERS.
2391 4857 2446 4912 5.
2472 4857 2780 4911 Introduxit
2812 4873 2891 4911 me
2915 4873 3007 4910 rex
3037 4857 3093 4909 in
3117 4855 3337 4910 cellaria
3366 4871 3488 4909 sua.
3519 4858 3523 4864 '

2126 4947 2394 5019 Loquitur
2471 4951 2538 5006 de
2611 4950 3062 5020 impenetralibus
3142 4951 3359 5004 arcanis
3444 4949 3641 5004 animae

2054 5055 2244 5096 amore
2301 5042 2499 5111 dignm,
2557 5051 2652 5097 aut
2707 5041 2985 5106 Ecclesiae,
3023 5053 3122 5096 aut
3153 5043 3304 5112 regni
3368 5041 3637 5097 Christi:

2055 5133 2108 5187 in
2129 5135 2269 5201 quod
2330 5134 2644 5204 mysterium
2689 5133 2886 5188 Paulus
2949 5144 3243 5203 penetrans
3295 5133 3473 5188 dixit:
3525 5131 3641 5186 Nos

2054 5236 2228 5279 autem
2285 5242 2492 5278 sensum
2530 5223 2729 5279 Christi
2784 5221 3074 5291 habemus,
3129 5233 3187 5278 ut
3241 5227 3470 5279 sciamus
3525 5240 3640 5293 qua:

2034 5363 2264 5421 ‘llabac.
2322 5380 2406 5430 ιιι,
2463 5364 2516 5418 5.
2607 5363 2628 5395 ⁸
2669 5338 2862 5420 "Cor.
2898 5361 3078 5430 11,16.
3124 5343 3139 5358 ’

2059 5483 2213 5537 ciuus
2244 5481 2617 5551 temerarium,
2643 5482 3028 5551 ignoscendum
3061 5491 3260 5545 tamen,
3288 5479 3472 5545 modo,
3496 5481 3637 5549 quod

2057 5568 2362 5624 Speramus,
2391 5553 2652 5607 sciverint
2685 5554 2965 5624 ignoscere
2995 5550 3246 5624 lectores.
3289 5551 3448 5624 Eutr.

2125 5623 2204 5695 (2)
2245 5623 2407 5695 Lego,
2444 5622 2838 5695 tneodpcriculo,
2871 5621 3304 5691 προφητεύουσαι
3335 5621 3489 5676 Enn.

2120 5693 2197 5764 (3)
2229 5694 2387 5752 Forte
2414 5695 2514 5763 leg.
2556 5693 2770 5747 ἄδυτον.
2804 5693 2958 5746 lion".

3191 5363 3422 5434 ‘Eplics.
3457 5379 3513 5428 ν,
3547 5361 3637 5423 97,
