4172 6452
491 295 596 353 255
1378 283 1937 347 SUPPLEMENTUM
1984 281 2072 339 AD
2107 279 2434 339 ORIGENIS
2470 275 2889 336 EXEGETICA.
3635 276 3741 332 256

488 431 522 468 α
569 411 676 466 Deo
701 411 897 466 donata
938 419 1057 466 sunt
1091 410 1237 469 nobis
1263 409 1306 464 ⁷.
1359 408 1699 478 ρυω·ειιιειη
1732 417 1860 463 sunt
1894 408 2007 462 tunc

2130 449 2134 463 ,
2160 400 2366 465 ταῦτας
2394 401 2461 455 ’Δ
2491 398 2796 468 ὀφθαλμὸς
2825 398 2936 451 οὐκ
2957 395 3082 451 οιδε
3107 397 3207 451 καί
3232 393 3344 463 ούς
3359 397 3470 451 οὐκ
3489 397 3738 464 limae,

490 497 624 570 Ωᾶω
668 503 853 559 oculus
892 519 995 557 non
1035 503 1166 557 vidit
1204 519 1296 556 nec
1329 503 1478 556 auris
1514 499 1743 564 audivit,
1792 516 1956 570 neque
2007 500 2030 552 in

2161 492 2260 546 καί
2292 490 2387 545 ἐπὶ
2418 491 2669 559 καρδίαν
2686 488 2998 559 ἀνθρώπου
3026 490 3137 543 οὐκ
3157 487 3340 556 ἀνέθη
3359 503 3375 520 ⁶
3407 488 3595 542 ταῦτα
3627 488 3744 558 γὰρ

488 614 582 653 cor
621 597 850 652 hominis
907 597 1299 661 ascenderunt;
1348 595 1479 650 talia
1538 595 1675 649 enim
1743 593 2030 662 prmparavi

2162 584 2495 656 ἡτοίμασεν
2526 587 2559 638 ό
2588 582 2732 649 Θεὸς
2754 581 2878 648 τοῖς
2905 579 3222 651 ἀγαπῶσιν
3256 582 3444 636 αὐτόν
3464 598 3478 612 ·
3519 582 3579 635 ὲν
3627 583 3738 655 γὰρ

487 688 629 743 Deus
660 687 728 741 iis
747 687 838 755 qui
859 687 1089 757 diligunt
1126 686 1278 740 illum
1301 684 1344 737 ⁸.
1377 684 1434 738 In
1463 683 1684 739 cellario
1708 683 1851 737 enim
1876 696 2030 750 spont

2157 676 2236 747 τῷ
2265 677 2498 748 ταμιείῳ
2539 674 2632 730 τοῦ
2672 673 2903 746 νυμφίου
2945 673 3168 740 πάντες
3191 675 3246 728 oi
3289 675 3580 742 θησαυροί
3625 675 3740 743 τῆς

485 795 666 833 omnes
700 777 934 831 thesauri
975 777 1248 846 sapientia'
1278 791 1341 829 ac
1393 775 1629 830 scientia
1667 783 1786 828 sunt
1841 773 2030 826 abscon

2157 769 2379 836 σοφίας
2423 767 2521 821 καί
2569 764 2680 835 τῆς
2720 765 2994 836 γνώσεως
3032 763 3400 834 ἀπόκρυφοι·
3441 764 3579 835 αὕτη
3635 765 3736 835 μὲν

483 874 645 928 diti’.
687 871 806 941 Ipsa
843 871 987 926 enim
1017 885 1236 939 sponsa,
1269 878 1328 923 ut
1359 869 1672 939 praecedens
1701 865 1834 920 alias
1862 865 2026 934 juven

2155 859 2265 931 γὰρ
2331 859 2406 925 ὡς
2459 857 2808 931 προλαϐοῦσα
2870 857 2971 920 τὰς
3023 855 3272 920 νεάνιδας
3328 856 3578 928 είσήχθη,
3639 856 3734 909 καὶ

481 963 650 1029 culas,
681 963 988 1018 introducta
1025 970 1212 1025 est,-et
1239 961 1433 1022 astitit,
1474 968 1528 1011 ut
1565 958 1766 1027 regina,
1796 973 1828 1010 a
1857 956 2030 1008 dextri

2155 949 2424 1020 παρέστη
2455 952 2535 1015 ὡς
2551 949 2899 1014 βασίλισσα
2933 948 3002 1002 ἐκ
3029 945 3245 1012 δεξιῶν
3271 947 3378 1002 τοῦ
3393 947 3727 1013 βασιλέως,

480 1052 640 1122 regis,
685 1051 740 1103 in
785 1051 971 1105 vestitu
1027 1050 1307 1110 deaurato.
1345 1049 1499 1118 juxta
1547 1047 1716 1101 David
1742 1047 1808 1112 ¹⁶,
1856 1046 1946 1116 qui
1991 1047 2030 1100 dt

2152 1041 2525 1112 ἐνίματισμῷ
2543 1040 2869 1110 διαχρύσῳ,
2893 1040 3035 1094 κατά
3054 1041 3145 1094 τὸν
3165 1040 3325 1094 Δαυῖδ
3343 1057 3356 1070 ’
3391 1057 3456 1093 πε
3463 1041 3518 1112 pl
3545 1040 3601 1093 δὲ
3620 1039 3730 1094 τῶν

478 1141 894 1197 adolescentulis
925 1142 1099 1197 dixit:
1140 1138 1377 1212 Virgines
1414 1142 1745 1196 adducentur
1785 1140 1894 1210 regi
1936 1153 2030 1207 pos

2152 1133 2429 1199 νεανίδων,
2477 1133 2998 1205 ἀπενεχθήσονται
3039 1131 3119 1199 τῷ
3154 1133 3408 1200 ,βασιλεῖ
3448 1133 3730 1202 παρθένοι

2153 1225 2348 1276 ὀπίσω
2380 1223 2593 1291 αὐτῆς,
2623 1224 2720 1278 καὶ
2739 1224 2810 1278 τὰ
2842 1224 2987 1294 ἑξῆς.

2164 1314 2586 1387 Ἆγαπήσωμεν
2610 1317 2880 1386 μαστούς
2908 1331 3025 1369 σου
3053 1313 3206 1382 ὑπὲρ
3235 1310 3404 1369 οἶνον
3425 1331 3440 1346 ·
3474 1315 3728 1383 εὐθύτης

2741 1383 3020 1453 ἠγαπησέ
3044 1400 3138 1440 σε.

2906 1402 3020 1452 ησε
3044 1402 3138 1440 σε.

2224 1479 2430 1545 Ἠγουν
2468 1480 2517 1533 εί
2544 1478 2637 1532 καὶ
2674 1477 2768 1532 νῦν
2809 1477 2878 1531 δι’
2909 1477 3196 1533 ἀσθένειαν
3239 1477 3376 1548 ὑπερ
3429 1493 3555 1540 τους
3602 1495 3728 1543 σους

475 1578 668 1634 stram,
698 1582 860 1638 super
889 1581 1150 1620 mammas
1191 1575 1330 1630 tuas,
1357 1581 1390 1622 o
1421 1564 1662 1636 Sponse,
1693 1566 1878 1620 vinum
1895 1579 2030 1620 ame-

2154 1570 2392 1640 μαστοὺς
2408 1570 2731 1639 ἀγαπῶμεν,
2759 1564 2804 1624 ὦ
2829 1569 3049 1640 νυμφίε,
3071 1569 3164 1625 τὸν
3185 1563 3487 1635 οῐνσν,ὃταν
3509 1568 3729 1640 βελτιωο
3792 1613 3798 1618 .

475 1675 630 1725 mus;
666 1660 882 1729 quando
908 1659 1182 1715 emendati
1212 1660 1436 1724 erimus,
1463 1672 1628 1728 super
1655 1658 1834 1712 vinum
1877 1672 2030 1712 mam!

2149 1661 2353 1733 θῶμεν,
2381 1662 2523 1734 ὑπὲρ
2542 1660 2732 1716 τοῦτον
2753 1661 2948 1724 αὐτοὺς
2972 1662 3211 1732 ἀγαπᾷν.
3229 1689 3299 1703 -
3326 1658 3483 1723 σίνος
3511 1660 3610 1731 μὲν
3630 1657 3724 1716 οὖν

473 1765 591 1806 mas
640 1761 759 1805 tuas
813 1751 1234 1806 amabimus.——
1268 1749 1464 1805 Vinum
1516 1764 1679 1820 porro
1728 1749 2030 1811 laetificans

2151 1753 2459 1825 εὐφραίνων
2486 1753 2753 1816 νεάνιδας,
2780 1752 2851 1806 τὰ
2893 1752 3120 1825 νομικάο
3151 1755 3184 1825 ἡ
3213 1753 3270 1807 δὲ
3307 1752 3601 1824 τελειότης,
3629 1753 3723 1806 τοῦ

469 1843 605 1915 legis
665 1855 932 1915 praecepta
1012 1853 1177 1911 sunt;
1255 1845 1515 1912 perfectio
1569 1852 1788 1910 autem,
1851 1843 2030 1915 Spons

2151 1845 2389 1916 νυμφίου
2417 1844 2614 1916 μαστοί
2636 1861 2650 1876 ο
2692 1839 2814 1898 εἶτα
2860 1845 2942 1909 είς
2995 1844 3292 1913 ἀπολογίαν
3338 1843 3434 1898 τοῦ
3483 1844 3559 1916 μὴ
3607 1845 3722 1915 εἴδη

475 1251 592 1288 eam
616 1236 681 1299 “,
706 1245 761 1292 et
787 1251 848 1290 ea
877 1252 997 1306 qua:
1023 1246 1341 1306 sequuntur.

480 1324 722 1382 γεω-»5.
763 1327 1060 1398 Diligomus
1109 1327 1266 1380 ubera
1313 1335 1404 1398 tua
1449 1340 1600 1395 super
1659 1323 2053 1390 oinum;recti-

1045 1399 1171 1450 tudo
1203 1397 1387 1450 dilexit
1411 1406 1481 1450 te.

552 1477 717 1544 Quasi
761 1479 1008 1534 diceret:
1045 1476 1158 1531 Etsi
1204 1490 1347 1530 nunc
1391 1490 1483 1546 per
1536 1474 1906 1531 inﬁrmitatem
1955 1490 2053 1531 no-

470 1950 758 2002 mammae;
805 1934 999 1990 deinde
1023 1945 1082 1989 ut
1114 1935 1411 2005 explicaret
1463 1949 1561 1990 cur
1584 1950 1692 1990 non
1741 1936 1916 1990 forma
1973 1935 2049 1990 di-

2151 1937 2392 2007 ἁγαπᾷν,
2427 1936 2628 2007 φησίν·
2661 1938 2940 2005 Εὑθύτης
2973 1935 3253 2006 ἠγάπησά
3303 1952 3408 1991 σε·
3460 1938 3621 2006 ἡμεῖς
3664 1935 3723 1988 δὲ

468 2025 692 2097 ligatur,
735 2027 833 2091 ait,
881 2025 1161 2082 Rectitudo
1206 2029 1395 2082 dilexit
1446 2036 1515 2083 te.
1563 2026 1674 2083 Nos
1719 2038 1898 2083 autem
1930 2027 2030 2084 νίιι

2148 2026 2304 2082 οὔπω
2328 2027 2428 2092 τὰς
2456 2026 2667 2082 ἑαυτῶν
2688 2028 2911 2101 πορείας
2937 2026 3152 2092 εὐθείας
3181 2027 3579 2100 ὲποιησάμεθα.
3613 2064 3638 2074 .~

468 2120 710 2175 nondum
740 2129 952 2175 nostras
979 2129 1155 2176 rectas
1178 2119 1427 2175 fecimus.

467 2209 633 2267 Vsus.
673 2211 729 2265 4.
764 2210 954 2282 Nigra
990 2228 1106 2282 sum
1154 2223 1201 2265 et
1234 2210 1463 2281 formosa
1486 2251 1503 2276 ,
1557 2211 1684 2282 ﬂlite
1721 2209 2040 2282 Jerusalem,

523 2283 662 2335 sicut
696 2280 1037 2335 tabernacula
1060 2280 1255 2349 Cedar,
1297 2283 1431 2336 sicut
1459 2283 1618 2350 pelles
1647 2281 1973 2336 Salomonis.

536 2372 664 2428 Hac
696 2382 878 2428 autem
911 2373 1044 2429 dicit
1071 2373 1309 2429 Ecclesia
1341 2376 1580 2444 gentium
1623 2373 1910 2431 animabus
1950 2371 2042 2430 Je-

461 2465 736 2534 rusalem,
789 2466 903 2521 sive
965 2466 1067 2536 ipsi
1125 2465 1464 2534 Jerusalem,
1509 2467 1845 2538 nigredinem
1901 2467 2040 2524 illius

463 2557 800 2626 agnoscenti,
826 2571 892 2612 eo
921 2558 1064 2628 quod
1093 2572 1160 2612 ex
1191 2560 1437 2628 patribus
1465 2574 1564 2614 nec
1594 2559 1896 2614 illustribus
1938 2575 2039 2615 nec

460 2645 782 2702 i'lluminatis
813 2658 934 2702 orta
967 2647 1058 2712 sit,
1090 2659 1485 2721 proptereaque
1515 2649 1668 2721 nigro
1690 2649 1886 2716 colori,
1921 2651 2036 2705 sive

460 2738 701 2795 tenebris
727 2751 1093 2810 comparatur.
1120 2741 1352 2797 Pulchra
1391 2753 1568 2797 autem
1601 2742 1744 2797 facta
1787 2757 1883 2812 per
1912 2757 2033 2798 ver-

455 2829 589 2884 bum
643 2829 787 2900 quod
845 2833 1080 2898 recepit,
1120 2831 1451 2886 assimilatur
1493 2832 1741 2888 tentoriis
1785 2832 2035 2888 Salonio-

456 2917 566 2984 nis,
583 2916 810 2988 alnsque
827 2920 1202 2988 splendoribus
1225 2935 1363 2990 quos
1387 2921 1628 2992 possedit
1651 2921 1703 2980 in
1725 2920 1895 2992 gloria
1912 2936 2028 2977 sua.

458 3009 626 3066 Vens.
653 3009 706 3066 5.
733 3009 911 3068 Nolite
932 3029 1012 3067 me
1035 3014 1394 3086 considerare,
1421 3015 1560 3086 quod
1589 3014 1740 3086 fusca
1763 3016 1885 3082 sim,
1903 3017 2031 3086 quia

1007 3085 1238 3151 despexit
1264 3101 1344 3139 me
1368 3085 1468 3141 sol.

527 3170 754 3229 Scilicet
811 3173 937 3244 quia
969 3174 1311 3230 obscuratam
1362 3183 1588 3246 peccato
1631 3175 1886 3234 Christus
1934 3178 2031 3234 de-

452 3265 635 3335 spexit
659 3265 730 3321 ob
759 3264 1231 3334 incredulitatem;
1255 3282 1415 3338 quem
1448 3269 1668 3338 quidem
1690 3267 1915 3338 iustitia:
1943 3284 2033 3325 so-

452 3356 562 3412 lem
597 3357 867 3426 appellant
897 3357 1216 3427 Scriptum.

451 3449 620 3508 Vsus.
658 3452 711 3508 5.
732 3451 876 3535 Filii
903 3453 1088 3535 matris
1118 3468 1247 3534 mea:
1287 3462 1648 3535 pugnaverunt
1690 3453 1745 3506 in
1783 3469 1862 3507 me
1884 3492 1900 3518 ,
1934 3469 2030 3522 po-

522 3533 845 3645 sueruéu'rne
882 3523 1151 3579 custodem
1171 3525 1228 3578 in
1253 3523 1450 3588 uineis;
1496 3523 1700 3578 vineam
1731 3538 1898 3579 meum
1924 3540 2029 3580 non

522 3602 669 3647 custo
711 3609 798 3649 m.

529 3685 752 3747 Scilicet
783 3684 1033 3756 discipuli
1074 3685 1278 3743 Christi
1324 3686 1608 3756 cupientes
1643 3685 1885 3744 docendo
1928 3703 2028 3758 pu-

454 3773 671 3832 riﬁcare
713 3790 802 3832 me
837 3792 869 3832 a
900 3777 1171 3847 perversis
1203 3777 1451 3833 consiliis
1490 3793 1611 3848 qua
1653 3784 1842 3834 contra
1875 3779 2026 3834 illum

451 3868 755 3938 iniveram,
807 3871 1355 3940 suggestio-nibusque
1419 3873 1726 3927 daemonum
1783 3874 1836 3927 in
1908 3874 2026 3928 haec

447 3975 674 4033 operam
723 3959 1144 4027 conferentium,
1176 3961 1264 4016 bis
1297 3961 1608 4032 pugnabant
1639 3962 1693 4016 in
1727 3977 1833 4029 me,
1879 3961 2027 4032 ejus-

447 4051 568 4106 dem
604 4068 672 4107 ac
722 4068 816 4122 ego
854 4055 1042 4107 matris
1072 4052 1206 4121 ﬁlii,
1251 4053 1519 4109 libertatis
1559 4054 1722 4110 dico:
1752 4053 2022 4125 siquidem

446 4145 554 4214 illi,
595 4161 696 4218 per
741 4147 1062 4203 electionem
1109 4147 1370 4219 separati,
1415 4149 1680 4219 assumpti
1721 4161 1880 4215 sunt,
1921 4164 2024 4219 ego

445 4247 627 4293 autem
665 4249 1046 4296 testamentum
1076 4241 1376 4296 secundum
1406 4241 1681 4298 cmlestem
1719 4239 2022 4297 Jerusalem

444 4331 656 4401 accepi,
684 4338 738 4386 et
769 4347 866 4402 per
901 4333 1316 4402 promissionem
1359 4343 1675 4404 regenerata
1709 4349 1854 4390 sum.
1900 4332 2022 4390 Non

440 4436 575 4478 vero
639 4422 787 4478 illam
847 4427 999 4495 prius
1062 4427 1282 4497 quidem
1354 4427 1627 4483 custodem
1688 4437 2016 4494 posuerunt,
2051 4455 2094 4510 ι)

439 4524 628 4584 postea
663 4525 843 4571 autem
887 4518 1366 4588 impugnaveruut:
1397 4520 1490 4574 sed
1516 4520 1666 4588 prius
1694 4519 2018 4590 impugnan-

444 4615 559 4671 tes,
612 4605 861 4664 idoneam
916 4608 1062 4663 illam
1123 4607 1450 4665 feceruntut
1503 4611 1561 4666 in
1603 4609 1777 4666 vineis
1832 4620 2018 4667 custos

440 4708 827 4768 poneretur....
871 4701 1084 4774 Moyses
1113 4712 1290 4758 autem
1327 4705 1415 4761 ille
1451 4715 1507 4761 et
1549 4705 1847 4775 prophetae,
1879 4719 2018 4774 quo-

441 4801 560 4842 rum
614 4793 989 4862 unusquisque
1032 4809 1163 4865 ager
1202 4804 1325 4852 erat
1374 4796 1564 4862 plenus
1609 4798 1696 4854 cui
1743 4797 2016 4853 benedixit

439 4875 1000 4943 Dominus.............

443 5121 605 5177 Vens.
639 5123 690 5197 '_l.
715 5122 778 5180 Si
811 5127 1025 5197 ignoras
1055 5137 1124 5195 te,
1146 5131 1545 5194 opulcherrima
1577 5133 1714 5185 inter
1735 5129 2007 5191 mulieres,

501 5195 844 5272 egredere,_ct
875 5197 961 5250 abi
985 5207 1102 5272 post
1138 5201 1349 5271 uestigia
1374 5218 1585 5270 gregum
1606 5245 1622 5271 ,
1653 5213 1701 5256 et
1717 5217 1872 5272 pasce
1901 5203 2010 5256 Ιιωο

503 5266 598 5317 dos
620 5273 736 5318 tuos
749 5267 911 5336 juxta
941 5266 1281 5325 tabernacula
1299 5266 1592 5342 paitofum.

505 5415 889 5491 Pcrvulgatum
916 5421 1046 5478 illud
1075 5427 1216 5494 apud
1242 5423 1462 5482 Grmcos
1485 5428 1794 5498 dicterium,
1835 5431 2008 5489 Nosce

438 5515 665 5582 teipsum
692 5556 708 5584 ,
739 5530 786 5577 a_
809 5517 1054 5586 sapiente
1102 5520 1390 5578 Salomone
1435 5537 1872 5597 praeoccupatum
1903 5537 2004 5584 est.

2144 2205 2414 2292 NW?“
2457 2208 2573 2292 ειμι
2601 2207 2701 2260 καὶ
2734 2206 2915 2292 ἕλξιν
2947 2206 3263 2292 aerarias
3305 2208 3718 2292 ἰεροεθσαβτυν

2217 2277 2297 2343 ὼς
2327 2277 2690 2346 σκηνώματα
2729 2277 2950 2346 Κηδὰρ,
2977 2278 3056 2343 ὠς
3086 2278 3314 2347 δέρρεις
3343 2279 3645 2350 Σαλομών.

2213 2364 2376 2434 Λέγει
2407 2365 2463 2418 δὲ
2490 2367 2524 2438 ἠ
2551 2365 2610 2429 ἐξ
2639 2366 2807 2420 ἐθνῶν
2836 2366 3130 2438 Ἐκκλησία
3155 2367 3328 2422 ταῦτα
3372 2369 3509 2440 πρὸς
3540 2370 3634 2435 τὰς
3657 2371 3714 2439 ἐξ

2154 2459 2507 2532 Ἰερουσαλὴμ
2534 2459 2733 2530 ψυχὰς,
2759 2463 2879 2532 ἦτοι
2897 2462 2997 2533 τὴν
3026 2462 3401 2535 Ἰερουσαλὴμ,
3425 2463 3712 2534 ὁμολογῶ-

2145 2567 2242 2605 σαν
2263 2552 2325 2606 τὸ
2355 2551 2546 2624 μέλαν,
2579 2551 2668 2605 διὰ
2699 2552 2760 2606 τὸ
2792 2553 2867 2625 μὴ
2906 2554 2970 2606 ὲκ
2992 2553 3257 2626 λαμπρῶν
3305 2557 3439 2627 μηδὲ
3473 2574 3715 2626 negat-nt.-

2143 2642 2354 2714 σμένων
2375 2643 2511 2696 πατέ
2521 2661 2627 2715 ρων
2649 2661 2664 2676 ⁸
2701 2644 2782 2700 διδ
2818 2645 2912 2699 καὶ
2937 2646 3230 2718 σκοτασμῷ
3254 2648 3711 2720 παραϐάλλεσθαυ

2140 2735 2279 2807 καλὴ
2305 2735 2362 2789 δὲ
2395 2736 2481 2790 διὰ
2513 2737 2605 2791 τὸν
2635 2737 2792 2806 λόγον
2827 2737 2886 2791 ὃν
2918 2737 3277 2809 παρεδέξατο·
3329 2740 3421 2793 καὶ
3465 2739 3718 2813 δέρρεσιυ

2139 2827 2374 2882 ἑοικέναι
2395 2827 2488 2881 τοῦ
2524 2827 2782 2899 Σαλομὼν
2816 2829 2882 2892 ἃς
2915 2823 3081 2900 εἶχεν,
3137 2828 3255 2899 μεθ’
3282 2821 3356 2885 ὧν
3379 2829 3552 2884 ἄλλων
3590 2829 3713 2884 ἐκέ-

2138 2936 2305 2990 κτητο
2333 2920 2391 2972 ὲν
2416 2922 2481 2992 τῇ
2515 2919 2642 2994 δόξῃ
2666 2920 2852 2975 αὑτοῦ.

2136 3011 2234 3081 Μὴ
2274 3011 2552 3082 ,ϐλέψητέ
2578 3029 2656 3082 με
2693 3011 2791 3085 ’ὅτι
2825 3012 2939 3085 ἐγτώ
2968 3015 3083 3082 ειμι
3105 3012 3595 3085 μεμελανωμένη,
3624 3014 3712 3068 ὅτι

2578 3029 2656 3082 με
2701 3029 2791 3065 οτι
2825 3029 2939 3081 εγω
2968 3029 3083 3082 ειμι
3098 3029 3292 3151 ⁷ςιε-μεαι

2555 3081 2897 3152 παρέϐλεψέ
2923 3100 3001 3154 με
3037 3087 3070 3139 d
3139 3087 3292 3150 λιος.

2204 3173 2276 3227 Ἦ
2331 3174 2414 3228 δτι
2475 3174 2856 3228 σκατισθεῖσάν
2912 3191 2979 3245 με
3035 3176 3102 3246 τῇ
3151 3174 3419 3247 ἁμαρτίᾳ,
3479 3175 3711 3246 Χριστὸς

2129 3263 2352 3335 παρεῖδε
2385 3263 2473 3318 διὰ
2497 3264 2594 3337 τὴν
2615 3266 2872 3321 ἀπιστίαν
2887 3282 2900 3296 '
2940 3266 2999 3321 ὃν
3021 3266 3171 3340 ἥλιον
3193 3266 3536 3337 δικαιοσύνης
3581 3267 3711 3322 ἀνα-

2128 3355 2445 3428 γορεύουσιν
2469 3358 2526 3410 αί
2550 3357 2590 3409 Γ
2596 3359 2784 3430 ραφαί.

2137 3449 2256 3503 Υἱοὶ
2275 3450 2501 3571 μἎτρός
2527 3467 2664 3532 μου.
2682 3449 3059 3531 ἐμαχέσαντο
3105 3449 3175 3503 ἐν
3203 3449 3333 3518 ἐμοί
3355 3465 3368 3479 ·
3397 3448 3605 3528 ξθεντό
3633 3465 3710 3519 με

2199 3520 2322 3571 soul
2366 3534 2592 3571 κίσσαν
2640 3536 2710 3571 εν
2755 3521 3108 3571 ἀαπελωσιν
3197 3521 3524 3571 ἁαπελωνα
3561 3520 3710 3571 ἐαὸν

2197 3519 2592 3590 φυλακισσαν
2640 3519 2710 3573 ἐν
2755 3521 3108 3590 ἀμπελῶσιν
3197 3519 3524 3588 ἀμπελῶνα
3561 3520 3711 3589 ἐμὸν

2197 3590 2311 3642 οὐκ
2341 3588 2637 3657 ἐφύλαξα.

2200 3679 2409 3747 Ἤγουν
2437 3680 2487 3732 οἱ
2515 3679 2859 3745 διδάσκοντες
2898 3681 3144 3752 μαθηταὶ
3187 3680 3286 3736 τοῦ
3329 3680 3589 3753 Χριστοῦ,
3620 3698 3709 3734 κα·

2126 3767 2293 3838 θᾶραί
2317 3768 2510 3841 μετῶν
2533 3770 2671 3842 πρὸς
2695 3770 2887 3825 τούτου
2913 3771 3231 3845 βουλόμενοι
3273 3773 3525 3844 πονηρῶν
3569 3772 3708 3840 λογι-

2128 3858 2303 3932 σμῶν,
2370 3861 2468 3915 καὶ
2532 3861 2642 3916 τῶν
2701 3863 3106 3934 συνεργούντων
3172 3863 3347 3918 ταῦτα
3415 3862 3710 3934 δαιμόνων,

2123 3953 2498 4024 ἐμαχέσαντο
2529 3954 2742 4020 τούτοις
2767 3959 2825 4010 ὲν
2843 3957 2989 4027 ἐμοὶ,
3020 3955 3132 4025 τῆς
3151 3954 3342 4024 αὐτῆς
3365 3974 3468 4026 μοι
3481 3956 3706 4025 μητρὸς

2125 4045 2295 4112 ὄντες
2318 4047 2458 4113 υἱοί,
2491 4048 2592 4118 τῆς
2619 4047 2932 4118 ἐλευθερίας
2965 4048 3107 4119 φημί
3126 4065 3142 4079 ο
3164 4050 3214 4102 oi
3240 4049 3338 4120 μὲν
3374 4049 3455 4111 είς
3480 4048 3542 4102 τὸ
3585 4049 3702 4101 κατ’

2123 4131 2353 4204 ἐκλογὴν
2389 4132 2609 4204 χάριτος
2661 4135 2868 4207 λεῖμμα
2911 4137 3442 4209 ἁναλαμδανόμενοι·
3493 4136 3606 4206 ἐγὼ
3645 4137 3701 4191 δὲ

2121 4221 2219 4294 τὴν
2241 4223 2383 4278 κατὰ
2424 4224 2523 4296 τὴν
2568 4227 2679 4281 ἄνω
2740 4228 3078 4300 Ιερουσαλὴμ
3123 4229 3388 4301 διαθήκην
3437 4229 3700 4292 λαϐοῦσα,

2122 4314 2216 4368 καὶ
2252 4314 2310 4381 ἐξ
2360 4314 2692 4385 ἐπαγγελίας
2736 4317 3183 4388 ἀναγεννωμένη.
3211 4319 3286 4372 Οὐ
3339 4317 3602 4391 πρότερον
3642 4318 3698 4371 δὲ

2121 4402 2322 4473 ταύτην
2337 4406 2544 4458 ἔθεντο
2563 4404 2979 4472 φυλάκισσαν,
3010 4401 3128 4460 εἶτα
3149 4406 3506 4478 ἐμαχέσαντο·
3533 4425 3700 4478 μαχε-

2125 4494 2346 4562 σάμενοι
2366 4495 2424 4548 δὲ
2450 4495 2670 4568 πρῶτον
2707 4497 3022 4568 ἐπιτηδείαν
3057 4499 3320 4570 ἐποίησαν
3340 4498 3435 4552 τοῦ
3474 4501 3698 4571 τεθῆναι

2123 4588 2183 4640 ἐν
2235 4584 2552 4657 άμπελῶσιν
2604 4589 2685 4653 είς
2741 4588 3058 4661 φυλακήν...
3118 4590 3351 4662 Μωῦσῆς
3405 4592 3464 4647 δὲ
3520 4587 3694 4657 οὗτος,

2121 4677 2217 4732 καὶ
2244 4678 2294 4731 oi
2324 4679 2634 4750 προφῆται,
2683 4671 2760 4733 ὧν
2796 4680 3028 4745 ἕκαστος
3057 4683 3226 4754 ἀγρὸς
3261 4679 3330 4755 ἦν
3368 4684 3602 4756 πλήρης,
3636 4685 3696 4739 ὃν

2120 4769 2385 4839 εὐλόγησε
2409 4770 2683 4842 Κύριος..
2709 4773 2804 4824 καὶ
2831 4771 3091 4843 ἀμπελὼν
3111 4776 3168 4826 ὲν
3183 4770 3264 4838 οἷς
3278 4791 3362 4838 τις
3383 4776 3700 4847 γενόμενος,

2119 4860 2214 4914 καὶ
2274 4861 2373 4934 τὴν
2431 4862 2702 4934 προτέραν
2759 4862 2871 4928 ἕξιν
2915 4864 3108 4918 ἑαυτοῦ
3163 4865 3237 4937 μὴ
3274 4867 3456 4938 τηρῶν
3507 4868 3584 4932 ὡς
3631 4870 3696 4920 ὲκ

2117 4952 2366 5024 Σοδόμων
2399 4953 2748 5026 ὑπάρχουσαν
2777 4955 3101 5026 ἀμπελῶνα,
3128 4957 3206 5028 τῷ
3239 4959 3468 5030 παρόντι
3499 4957 3696 5031 κέχρη-

2113 5060 2203 5098 ται
2231 5043 2393 5116 λόγῳ.

2126 5135 2261 5213 Ἐᾀν
2307 5134 2399 5213 μὴ
2453 5135 2610 5213 γνῷς
2671 5139 2942 5213 σεαυτὴν
2990 5142 3030 5213 ᾐ
3080 5140 3243 5209 καλὴ,
3280 5142 3352 5196 ἐν
3391 5143 3689 5213 γυναιξίν.

2181 5206 2390 5281 ἔξελθε
2423 5208 2505 5260 σὺ
2536 5206 2920 5281 ἐνμπτέρναιζ-
2951 5206 3070 5264 τῶν
3089 5206 3378 5281 ποιμνίων
3399 5206 3542 5280 σου,
3585 5206 3688 5268 καί

2183 5277 2458 5344 ποίμαινε
2488 5278 2593 5345 τὰς
2613 5278 2860 5348 ἐρίφους
2888 5296 3004 5336 σου
3045 5281 3144 5335 ἐπὶ
3173 5277 3536 5352 σκηνώμασι
3571 5282 3692 5336 τῶν

2185 5346 2497 5415 ποιμένων.

2184 5442 2258 5494 Τὸ
2299 5442 2740 5516 πολυθρύλλητον
2792 5445 2848 5500 δὲ
2894 5447 3024 5518 παρ’
3070 5447 3328 5519 Ἕλλησιν
3373 5445 3692 5516 ἐπίφθεγμα

2115 5534 2472 5606 προείληπται
2537 5538 2840 5610 παραδοθὲν
2890 5539 2970 5608 τῷ
3042 5542 3189 5612 σοφῷ
3247 5539 3575 5611 Σολομῶντι,
3626 5539 3689 5592 τὸ

505 5673 525 5699 '
559 5674 578 5726 ι
613 5671 739 5730 Cor.
775 5689 835 5741 ιι,
877 5675 962 5742 12,
1006 5676 1092 5733 16.
1169 5679 1191 5710 ⁸
1229 5679 1248 5735 1
1287 5680 1410 5737 Cor.
1455 5697 1516 5751 ιι,
1548 5687 1601 5742 9.
1698 5689 1718 5719 ⁸
1754 5689 1957 5747 Coloss.
1990 5709 2026 5747 ιι

2207 5695 2250 5726 ¹⁹
2287 5693 2425 5749 Psal.
2457 5711 2600 5763 XLIV,
2634 5697 2718 5752 10.
2801 5698 2841 5730 “
2875 5697 3002 5754 ibid,
3035 5701 3097 5754 ιε’

4091 5083 4093 5192 ι
