4172 6388
387 368 493 424 257
1506 353 1798 412 SCHOLIA
1837 351 1905 407 IN
1941 349 2244 408 CANTICA
2280 349 2553 406 CANTIC.
3546 348 3654 403 258

388 483 583 540 Γνῶθι
615 480 847 536 σαυτόν
869 496 884 512 ·
916 479 1041 535 καθ’
1065 479 1131 550 ἢν
1151 477 1457 532 ἀπειλεῖται
1482 475 1576 530 νῦν
1593 477 1627 546 ή
1653 474 1800 546 ψυχὴ
1823 471 1974 545 παρὰ
2003 477 2035 534 Α

2008 477 2050 534 Α
2077 470 2178 526 Hic
2205 470 2349 526 enim
2381 485 2526 524 nunc
2560 466 2803 522 minatur
2836 481 3033 523 animae
3078 475 3292 521 amator
3323 471 3378 521 et
3403 479 3655 536 sponsus,

387 576 483 632 τοῦ
512 573 742 647 ὲράστου
774 572 867 625 καὶ
893 570 1151 641 νυμφίου,
1191 569 1239 621 εί
1273 567 1346 639 μὴ
1383 567 1444 619 τὸ
1478 565 1632 620 δοθὲν
1670 564 1808 634 αὐτῇ
1851 564 1971 616 κατ’

2079 564 2182 620 nisi
2209 563 2392 619 datam
2419 561 2524 618 sibi
2556 561 2853 616 secundum
2886 559 2982 615 Dei
3014 559 3309 631 imaginem
3334 568 3516 614 servet
3537 559 3658 629 pul-

391 665 576 722 εἰκόνα
596 663 732 718 Θεοῦ
764 661 990 732 φυλάξει
1011 660 1226 724 κάλλος,
1250 657 1348 730 τὴν
1370 657 1581 711 ἔνδοθεν
1606 654 1856 725 ἐκϐολὴν,
1880 652 1975 706 καὶ⁴

2077 655 2447 712 claritudinem
2471 695 2488 722 ,
2530 654 2701 724 ipsam
2733 652 2883 707 foras
2916 653 3040 723 ejici
3061 693 3074 716 .
3115 661 3278 722 atque
3305 652 3359 708 in
3394 652 3657 708 extremis

391 761 452 814 τὸ
483 763 541 814 ἐν
579 759 828 828 ἐσχάτοις
857 756 1136 826 τετάχθαι,
1167 756 1294 818 τοὺς
1316 754 1537 817 σκαιοὺς
1577 752 1798 824 ἐρίφους
1854 767 1974 803 ποι-

2076 749 2280 804 versari
2312 747 2568 816 periculis
2591 786 2607 814 ,
2651 746 2908 802 sinistros
2952 746 3134 802 haedos
3184 754 3523 815 pascentem.
3559 743 3657 798 Pa-

396 854 680 924 μαίνουσα.
718 851 1011 921 Ποιμανείς
1033 849 1090 902 δέ
1119 848 1316 910 αὐτοὺς
1349 846 1447 899 ἐπὶ
1476 843 1600 911 τοῖς
1621 842 1742 897 τῶν
1775 840 1976 911 ποιμέ-

2076 841 2186 898 scis
2219 849 2399 894 autem
2429 853 2525 895 eos
2558 839 2723 910 juxta
2769 838 3108 892 tabernacula
3159 847 3434 908 pastorum
3459 877 3475 904 ,
3512 852 3656 894 nunc

392 961 516 998 νων
547 941 961 1010 σκηνώμασιν,
993 940 1124 993 ποτέ
1156 940 1254 1011 μὲν
1281 937 1461 999 τοῦδε,
1491 937 1622 990 ποτὲ
1662 936 1719 989 δὲ
1763 935 1974 988 ἐκείνου

2078 936 2294 1006 quidem
2324 933 2506 1004 hujus,
2542 949 2684 990 nunc
2713 948 2844 987 vero
2880 933 3067 999 istius,
3100 930 3249 986 velut
3275 931 3525 1002 quaedam
3554 945 3653 985 va-

393 1031 483 1089 οἷα
510 1033 572 1104 δή
603 1049 686 1096 τις
716 1031 933 1102 ἀλῆτις·
964 1031 1126 1102 μέχρι
1167 1028 1515 1083 παιδευθεῖσα
1538 1029 1604 1098 τῇ
1633 1025 1798 1099 πείρᾳ
1836 1024 1975 1096 πρὸς

2075 1031 2326 1102 gabunda
2355 1046 2370 1096 ;
2407 1029 2582 1084 donec
2623 1027 2902 1082 edocearis
2931 1025 3267 1096 experientia
3297 1025 3489 1078 tuimet
3522 1037 3655 1077 con‘

392 1129 490 1202 τὴν
533 1127 763 1196 σεαυτῆς
804 1125 1190 1197 ἐπιστρέψειας
1234 1123 1432 1194 γνῶσιν
1458 1137 1471 1152 ·
1511 1120 1745 1193 ἁρμόσει
1777 1119 1833 1174 δὲ
1881 1119 1975 1175 καὶ

2077 1121 2345 1178 versionis
2387 1121 2660 1176 notitiam.
2698 1117 2960 1188 Spectant
3003 1132 3221 1188 quoque
3256 1116 3323 1170 ad
3356 1113 3655 1172 Ecclesium

394 1223 528 1294 πρὸς
553 1221 650 1292 τὴν
685 1220 1014 1290 Ἐκκλησίαν
1033 1220 1061 1271 6
1078 1217 1262 1286 λόγος·
1289 1213 1548 1286 γινώσκει
1571 1214 1626 1268 δέ
1654 1230 1738 1276 τις
1761 1212 1973 1276 ἐαυτὸν,

2077 1216 2193 1270 hinc
2222 1215 2407 1269 verba.
2455 1213 2641 1268 Nescit
2682 1213 2825 1267 enim
2858 1211 3056 1282 aliquis
3081 1208 3434 1277 semetipsum
3462 1246 3477 1273 ,
3531 1221 3655 1262 cum

380 1315 566 1401 εἰδὼς,
596 1315 644 1367 εἰ
689 1311 900 1383 ἀγαθὴν
927 1311 960 1383 ἢ
990 1310 1200 1380 φαύλην
1241 1308 1350 1379 ἔχει
1381 1305 1649 1360 διάθεσιν·
1697 1304 1793 1358 καί
1840 1301 1974 1357 πολὺ

2077 1305 2272 1362 viderit
2306 1347 2321 1371 ,
2369 1307 2637 1360 bonamne
2668 1319 2735 1358 an
2769 1319 2963 1358 vanam
2993 1304 3192 1358 habeat
3223 1299 3441 1356 vivendi
3490 1299 3659 1353 ratio-

391 1408 491 1478 τῆς
535 1404 654 1460 ὁδοῦ
683 1405 785 1475 τῆς
833 1404 928 1457 ἐπὶ
978 1403 1078 1474 τὴν
1120 1400 1320 1474 ἀρετὴν
1353 1398 1739 1453 ἀπολείπεται·
1779 1396 1812 1466 ἢ
1864 1397 1977 1458 τοῖς

2077 1413 2237 1463 nem;
2273 1396 2578 1451 multumne
2607 1409 2634 1448 a
2665 1395 2752 1449 via
2783 1392 3001 1448 virtutis
3051 1391 3322 1458 declinet;
3375 1396 3467 1443 aut
3498 1388 3659 1443 nimis

391 1499 701 1572 ἔμπροσθεν
741 1496 1134 1559 ἐπεκτείνεται,
1171 1495 1277 1547 τῶν
1300 1492 1522 1546 ὄπισθεν
1564 1488 1977 1559 ἐπιλανθανόμετ

2068 1489 2448 1545 ιιηιρῑίοτὶῢυε
2476 1487 2826 1554 extendatur,
2877 1485 3242 1555 posteriorum
3295 1482 3531 1548 oblitus;
3565 1489 3660 1535 aut

391 1605 514 1654 νος·
555 1590 604 1642 εί
634 1587 691 1640 δὲ
734 1587 830 1640 καὶ
864 1586 1031 1656 μήπω
1056 1582 1246 1636 ἐλαϐεν
1282 1582 1315 1653 ἢ
1355 1580 1714 1643 τετελείωται,
1748 1578 1781 1650 ἢ
1812 1594 1978 1648 προσ-

2078 1581 2316 1636 nondum
2370 1582 2615 1651 ceperit,
2650 1579 2735 1634 vel
2779 1579 2851 1634 sit
2896 1576 3206 1648 perfectus,
3249 1575 3335 1631 vel
3384 1575 3660 1644 proximus

393 1682 603 1754 εγγίζει
642 1684 755 1746 τοῖς
790 1679 958 1752 ὁρίοις
1000 1675 1095 1730 τοῦ
1162 1674 1430 1738 κάλλους·
1485 1672 1646 1743 ἔργον
1678 1670 1736 1724 δὲ
1786 1669 1880 1723 καὶ
1914 1669 1976 1721 τὸ

2079 1673 2171 1727 ﬁat
2199 1671 2466 1728 limitibus
2497 1671 2939 1742 pulchritudinis.
2981 1667 3129 1740 Opus
3157 1679 3340 1724 autem
3373 1681 3570 1722 cavere
3598 1665 3654 1721 in

393 1777 708 1845 ἀφιστάνειν
737 1771 941 1842 ἑκάστῃ
972 1767 1168 1840 πράξει
1199 1768 1347 1830 ὅπως
1384 1765 1707 1834 γεγένηνται
1732 1758 1976 1832 λογισμῷ
2009 1819 2040 1845 ῃ

2014 1819 2048 1845 D
2077 1763 2224 1818 omni
2255 1773 2380 1820 actu
2420 1773 2480 1818 ut
2506 1764 2601 1819 ﬂat
2625 1763 2771 1818 omni
2811 1762 3024 1816 ratione
3049 1771 3104 1816 et
3131 1759 3370 1816 veritati.
3403 1757 3661 1814 Feminae

393 1819 1344 1928 :glrvyvtivaixa;
1379 1819 1438 1906 δὲ
1462 1819 1583 1916 τὰς.
1613 1853 1686 1924 μὴ
1731 1819 1976 1919 καθαρὰς
2009 1819 2040 1874 Ε

2013 1819 2050 1874 Β
2079 1857 2300 1928 quidem
2332 1856 2466 1912 dicit
2508 1871 2616 1912 non
2650 1870 2822 1926 puras
2844 1897 2860 1923 ,
2899 1868 3073 1925 neque
3108 1851 3482 1909 iudill‘erentes
3535 1850 3660 1906 ani-

397 1955 531 2026 μηδέ
556 1953 882 2024 ἀδιαφόρους
907 1948 1084 2021 ψυχὰς
1107 1947 1256 2016 λέγει
1281 1963 1294 1978 ·
1328 1945 1606 2017 ἀμελοῦσα
1641 1944 1696 1997 δὲ
1719 1944 1814 2014 τῆς
1843 1942 1978 2004 ίδίας

2079 1965 2218 2004 mas.
2269 1949 2547 2005 incuriosa
2594 1948 2832 2019 propriae
2876 1947 3209 2019 cognitionis
3235 1988 3251 2014 ,
3293 1947 3456 2002 ﬁeret
3499 1946 3659 2017 quasi

392 2045 666 2116 γνώσεως,
689 2044 884 2113 γένοιτ’
905 2041 970 2096 ἂν
995 2035 1433 2108 κλυδωνιζομένη
1455 2037 1550 2088 καὶ
1565 2031 1975 2106 περιφερομένη

2079 2034 2349 2095 ﬂuctuans
2396 2049 2453 2094 et
2484 2039 2898 2108 circumagitata
2953 2038 3096 2092 omni
3139 2049 3286 2092 vento
3325 2037 3584 2092 doctrina
3615 2034 3659 2068 “

393 2138 574 2194 παντί
616 2137 814 2206 ἀνέμῳ
856 2133 970 2202 τῆς
1014 2127 1414 2193 διδασκαλίας
1456 2127 1513 2178 ἐν
1545 2127 1612 2196 τῇ
1647 2125 1842 2196 κυϐείᾳ
1869 2122 1978 2176 τῶν

2080 2133 2134 2189 in
2171 2133 2291 2189 alea
2325 2133 2625 2188 hominum.
2657 2131 2723 2186 Et
2750 2131 2951 2201 ubique
2967 2129 3141 2201 magis
3166 2143 3390 2200 pascere
3413 2128 3663 2200 proprias

395 2227 698 2299 ἀνθρώπων
716 2243 730 2256 ·
751 2226 845 2279 καὶ
863 2219 1140 2293 πανταχοῦ
1173 2217 1372 2292 μᾶλλον
1387 2215 1695 2286 ποιμαίνειν
1716 2216 1815 2277 τὰς
1843 2213 1978 2276 ἰδίας

2079 2226 2334 2282 sinistras
2383 2225 2620 2297 capellas
2665 2239 2831 2294 quam
2878 2225 3020 2279 bono
3052 2237 3278 2294 pascere
3306 2221 3493 2277 verbo.
3545 2220 3663 2291 Ipse

398 2320 595 2384 σκαιάς
611 2319 832 2391 ἐρίφους
855 2317 888 2388 ἢ
923 2314 1072 2386 παρά
1088 2313 1165 2384 τῷ
1185 2309 1333 2381 καλῷ
1355 2307 1630 2379 ποιμαίνει
1649 2306 1813 2375 λόγῳ·
1837 2304 1976 2377 αὕτη

2078 2319 2295 2388 quidem
2346 2319 2546 2373 bonum
2585 2317 2834 2381 verbum,
2868 2315 2972 2372 etsi
3018 2329 3294 2383 nunquam
3345 2313 3574 2368 candida
3607 2313 3662 2369 in

394 2414 452 2468 δὲ
469 2412 746 2485 προσηνὴς
767 2411 795 2463 6
825 2409 1001 2478 λόγος,
1027 2409 1076 2460 εί
1104 2405 1198 2459 καὶ
1229 2403 1498 2476 μηδέποτε
1529 2400 1648 2453 λεία
1671 2398 1857 2452 λοιπὸν
1877 2397 1976 2469 ἤδη

2079 2419 2354 2480 posterum
2381 2408 2492 2477 jam
2525 2411 2661 2463 inter
2688 2408 2932 2463 mulieres
2961 2409 3319 2477 pulcherrima
3343 2415 3449 2474 est,
3481 2421 3660 2460 annu-

406 2504 477 2558 ἐν·
498 2500 775 2572 γυναιξίν
799 2499 917 2551 ἐστι
947 2495 1127 2563 καλὴ,
1148 2487 1743 2564 συγκαταριθμουμένη
1775 2489 1841 2559 τῇ
1876 2485 1976 2540 τοῦ

2079 2514 2284 2559 merata
2333 2503 2426 2558 Dei
2476 2503 2734 2559 Ecclesia:
2760 2547 2775 2570 ,
2801 2513 2856 2559 et
2881 2503 2946 2557 iis
2977 2516 3096 2570 quze
3127 2502 3178 2554 in
3214 2515 3277 2555 ea
3326 2515 3507 2569 parva:
3535 2507 3663 2553 sunt

395 2593 530 2646 Θεοῦ
561 2589 876 2662 Ἐκκλησία,
914 2586 1008 2641 καὶ
1031 2585 1138 2639 τῶν
1169 2586 1227 2637 ἐν
1251 2584 1386 2653 αὐτῇ
1433 2579 1645 2652 μικρῶν
1674 2574 1808 2634 οὖσα
1847 2576 1979 2631 καλ-

2079 2595 2379 2663 pulchrior.
2416 2591 2550 2648 Nam
2585 2595 2842 2650 Ecclesiae
2887 2608 3008 2663 quae
3055 2592 3135 2647 sic
3173 2589 3427 2645 mulieres
3471 2589 3661 2644 dicun-

393 2685 542 2738 λίων·
569 2684 625 2736 αί
652 2681 760 2751 γὰρ
785 2679 928 2734 οὕτω
956 2676 1248 2747 λεγόμεναι
1292 2674 1394 2744 τῆς
1435 2669 1763 2743 Ἐκκλησίας
1789 2669 1977 2738 γυναῖ-

2081 2697 2190 2751 tur,
2239 2687 2474 2742 ethnicis
2523 2687 2808 2742 animabus
2858 2685 3157 2754 incongrue
3204 2681 3459 2736 meliores
3507 2689 3662 2747 sunt,

394 2793 510 2838 κες,
529 2774 636 2828 τῶν
650 2771 876 2826 ἐθνικῶν
892 2767 1081 2840 ψυχῶν
1099 2765 1444 2836 ἀσυγκρίτως
1466 2761 1720 2834 ἀμείνους
1750 2775 1978 2831 πορευο-

2080 2778 2484 2833 ambulantibus
2539 2787 2660 2847 post
2703 2780 3054 2832 adversarum
3090 2781 3416 2846 potestatum
3449 2779 3663 2826 amato-

399 2867 574 2938 μένων
603 2864 777 2918 ὀπίσω
791 2857 1154 2935 τῶνέραστῶν
1177 2857 1285 2910 τῶν
1316 2851 1708 2922 ἀντικειμένων
1741 2849 1979 2920 δυνάμε-

2080 2885 2204 2935 res;
2234 2870 2489 2923 mulieres
2524 2869 2900 2928 nominantur,
2949 2865 3045 2920 sed
3083 2879 3188 2919 non
3222 2863 3487 2932 virgines.
3517 2857 3665 2924 Quo-

397 2979 495 3024 ων,
518 2956 792 3029 γυναικῶν
809 2953 1140 3023 λεγομένων,
1159 2949 1272 3003 ἀλλ’
1293 2948 1354 3001 ού
1379 2945 1664 3018 παρθένων
1680 2959 1695 2975 ·
1723 2941 1841 3006 πῶς
1871 2940 1978 3012 γὰρ

2081 2964 2241 3016 modo
2272 2963 2417 3016 enim
2449 2977 2555 3016 non
2594 2961 2784 3015 melior
2817 2971 2938 3028 qua:
2970 2971 3029 3012 se
3065 2957 3130 3009 ad
3160 2953 3476 3009 Creatorem
3504 2965 3662 3004 suum

396 3055 495 3108 οὐκ
518 3051 775 3124 ἀμείνων,
808 3050 842 3120 ἡ
870 3046 1006 3119 πρὸς
1034 3044 1124 3097 τὸν
1149 3043 1374 3113 κτίστην
1405 3039 1498 3092 τὸν
1524 3037 1728 3107 σαυτῆς
1761 3035 1980 3090 ἀναϐλέ-

2079 3054 2242 3123 erigit
2269 3052 2293 3106 ?
2322 3053 2468 3108 Idem
2496 3059 2656 3107 sonat
2687 3051 2947 3119 egredere,
2984 3063 3048 3101 ac
3081 3046 3338 3100 traditum
3364 3042 3535 3098 fuisse
3565 3041 3665 3096 Sa-

395 3145 544 3215 ψασα
566 3161 580 3209 ;
604 3144 787 3213 ὅμοιον
807 3140 863 3193 δὲ
887 3137 947 3191 τὸ
979 3135 1256 3201 Ἔξελθε,
1278 3131 1356 3203 τῷ
1374 3128 1745 3202 παραδοθῆναι
1766 3126 1844 3197 τῷ
1868 3126 1974 3179 Σα-
2003 3160 2042 3218 C

2016 3160 2046 3218 ε
2083 3156 2221 3201 lana:
2248 3185 2264 3211 ,
2312 3145 2367 3201 in
2423 3143 2605 3200 carnis
2638 3145 2896 3215 abyssum
2927 3156 2990 3196 ex
3027 3137 3269 3194 Ecclesia
3321 3135 3663 3190 extermina-

396 3238 551 3308 τανᾷ,
585 3237 664 3298 είς
695 3231 914 3303 ὄλεθρον
961 3228 1061 3300 τῆς
1095 3225 1297 3298 σαρκὸς
1326 3221 1689 3296 ἀφορισθέντα
1711 3219 1806 3291 τῆς
1855 3218 1976 3270 Έκ-

2084 3247 2594 3308 tum;quapr0pter
2637 3236 2750 3305 jam
2797 3234 2937 3289 dixit
2985 3229 3420 3287 adolescentulas
3465 3243 3494 3282 a
3534 3241 3664 3298 rege

395 3333 626 3404 κλησίας
649 3347 662 3360 ·
722 3327 859 3400 μετά
891 3325 951 3378 τὸ
989 3323 1240 3393 καθάπερ
1270 3319 1419 3388 ἔλεγε
1448 3316 1586 3390 πρὸς
1614 3315 1712 3379 τὰς
1735 3313 1979 3377 νεάνιδας

1484 3316 1586 3390 ίρδς
1614 3315 1712 3379 τὰς
1735 3313 1979 3377 νεάνιδας
2080 3333 2136 3388 in
2173 3331 2388 3388 cellaria
2435 3347 2531 3386 sua
2574 3330 2742 3384 fuisse
2769 3326 3131 3382 introductos.

396 3425 715 3496 εἰσαχθῆναι
745 3418 898 3492 παρά
918 3417 1010 3472 τοῦ
1048 3413 1307 3488 βασιλέως
1331 3414 1410 3475 εἰς
1433 3410 1494 3463 τὸ
1517 3409 1762 3480 ταμιεῖον
1790 3404 1976 3459 αὐτοῦ.

586 3483 976 3584 ώραιώθησαν
1003 3483 1282 3577 σιαγόνες
1313 3519 1430 3557 σου
1464 3501 1544 3566 ὡς
1563 3499 1888 3568 τρυγόνος;

2152 3497 2319 3552 Vens.
2352 3495 2405 3550 9.
2443 3492 2675 3547 Pulchra
2705 3499 2826 3546 sunt
2858 3505 3005 3560 gena:
3034 3497 3140 3542 tum
3169 3487 3300 3541 sicut
3337 3483 3593 3561 turturis.

483 3579 643 3661 Ἀλλά
665 3605 761 3658 καὶ
792 3601 926 3673 μέλη
941 3597 1176 3673 Χριστοῦ
1203 3594 1527 3666 Ἐκκλησίαν
1545 3591 1762 3663 νύμφης
1785 3590 1814 3642 6
1835 3588 1982 3643 Παῦσ-

2153 3590 2260 3646 Sed
2310 3590 2476 3644 etiam
2545 3585 2785 3639 membra
2838 3581 3040 3638 Christi
3099 3579 3395 3634 Ecclesium
3453 3588 3667 3645 sponsas

396 3699 489 3763 λός
523 3713 716 3767 φησιν·
868 3671 1030 3745 οἱονεὶ
1062 3688 1372 3761 πρόσωπον,
1428 3685 1476 3736 oi
1509 3682 1588 3753 τῷ
1641 3681 1828 3736 κάλλει
1871 3679 1980 3733 τῶν

2081 3683 2281 3740 Paulus
2323 3680 2534 3746 dicit“,
2570 3677 2724 3748 cujus
2753 3676 2908 3746 quasi
2965 3675 3137 3743 ﬁgura
3169 3681 3318 3736 sunt,
3352 3671 3522 3724 forma
3557 3683 3666 3722 ca:-

396 3759 601 3845 λοίπῶν
631 3759 1002 3856 διαφέροντες,
1051 3759 1275 3852 αἰσχρὸν
1321 3777 1472 3830 ούδέν
1505 3773 1840 3837 ἐννοοῦντες·
1882 3771 1981 3842 τὴν

2084 3777 2216 3834 teris
2266 3782 2611 3845 praestantes,
2650 3779 2709 3824 et
2745 3779 2904 3838 turpe
2955 3766 3094 3821 nihil
3151 3765 3478 3832 cogitantes.
3529 3759 3668 3815 Huic

397 3884 455 3939 δὲ
487 3883 587 3952 τῆς
629 3851 982 3947 σωφροσύνης
1033 3872 1170 3940 αὐτῇ
1207 3865 1683 3940 καρποφοροῦντες
1719 3862 1874 3927 αἰδῶ,
1929 3863 1980 3915 oi

2081 3883 2212 3925 vero
2264 3866 2543 3938 sapientiae
2593 3863 2852 3934 pudorem
2904 3859 3325 3919 fructiﬁcantes,
3367 3851 3460 3923 qui
3518 3853 3669 3921 prius

400 3947 666 4048 πρότερον
695 3969 825 4030 ἴσως
846 3966 945 4019 οὐκ
977 3963 1128 4026 ὄντες
1173 3960 1348 4023 καλοὶ,
1391 3956 1645 4012 τοσοῦτον
1687 3954 1982 4028 μετέϐαλον

2084 3965 2224 4020 forte
2274 3978 2382 4019 non
2433 3968 2592 4016 erant
2647 3955 2882 4026 pulchri,
2932 3961 3143 4008 tantum
3189 3947 3381 4002 mutati
3428 3954 3575 4008 sunt,
3611 3951 3669 3996 ut

397 4041 474 4132 ὡς
502 4041 752 4137 εἰρῆσθαι
781 4061 848 4131 τῇ
898 4056 1113 4128 νύμφῃ·
1170 4053 1229 4107 Τί
1279 4049 1671 4121 ὼραιώθησαν
1703 4048 1982 4118 σταγόνες

2083 4069 2294 4129 sponsa:
2340 4055 2584 4110 dicerent
2621 4065 2635 4102 :
2671 4048 2808 4116 Quid
2860 4045 3086 4116 pulchre
3132 4041 3327 4096 rubent
3361 4052 3506 4109 gena:
3537 4045 3665 4101 tum,

399 4128 535 4227 σου,
556 4128 650 4230 ’μῆ
679 4128 923 4226 ἔχοντες
955 4151 1183 4207 σπῖλον
1230 4150 1270 4217 ἣ
1309 4145 1568 4216 putida;
1595 4144 1736 4214 τάχα
1793 4143 1850 4196 δὲ
1889 4143 1983 4196 καὶ

2084 4128 2220 4206 sicut
2246 4147 2492 4212 turturis,
2539 4158 2704 4213 neque
2738 4154 2927 4210 rugam
2961 4150 3124 4203 neque
3156 4132 3427 4186 maculam
3465 4128 3663 4181 haben-

397 4252 478 4325 τῷ
617 4225 720 4304 tu
747 4245 905 4318 μόνον
926 4241 1217 4312 γινώσκειν
1250 4237 1402 4292 Θεόν·
1437 4236 1532 4290 καὶ
1561 4237 1594 4306 ή
1624 4231 1844 4306 τρυγὼν
1871 4233 1981 4305 γὰρ

2084 4248 2158 4294 tes
2185 4237 2270 4290 “?
2298 4235 2504 4289 Forsan
2565 4243 2746 4285 autem
2803 4238 2860 4282 et
2909 4225 3080 4281 Deum
3116 4233 3446 4290 cognoscere
3479 4231 3665 4270 verum

399 4311 480 4400 ἐνὶ
509 4343 656 4415 μόνῳ
682 4308 1024 4410 συνέρχεται.

2085 4329 2295 4394 innuit;
2329 4335 2508 4381 turtur
2538 4325 2684 4380 enim
2727 4314 3106 4375 tantummodo
3134 4313 3226 4366 uni
3261 4308 3628 4379 cciijungitur.

412 4401 776 4507 Ὀιίοιώλιιιτα
815 4401 1080 4507 ’χρυσίου
1135 4419 1479 4507 πριήσωμέγ
1525 4435 1624 4474 σοι
1676 4416 1826 4488 μετὰ
1854 4433 1982 4470 στι-

2087 4420 2254 4476 Vatis.
2292 4417 2381 4472 l0.
2415 4412 2735 4507 Murenuias
2769 4425 2958 4466 aureas
2982 4406 3236 4476 faciemus
3271 4402 3366 4456 tibi
3410 4401 3668 4456 vermicu-

824 4483 1060 4571 ἇτμὰτων
1092 4495 1200 4549 τοῦ
1237 4483 1544 4562 ἀργύρίου.
1676 4483 1693 4488 ⁷
2011 4515 2060 4575 D

1418 4492 1544 4544 ρίου.
1676 4483 1693 4488 ⁷
2011 4515 2060 4575 D
2650 4483 2789 4537 latas
2830 4489 3065 4549 argento.

471 4596 644 4653 Τοῦτο
663 4595 742 4659 δὲ,
761 4565 844 4648 Οὐ⁷
858 4565 1032 4652 -πολὺς
1057 4585 1124 4660 ῆν
1157 4586 1276 4640 οὐδὲ
1290 4579 1629 4655 κεχυμένοςὸ
1647 4581 1787 4652 ἄργυ
1797 4596 1982 4652 ροςο-
2011 4565 2053 4575 ⁷

2016 4565 2053 4575 ”
2159 4580 2273 4636 Hoc
2311 4583 2415 4642 est,
2458 4575 2572 4631 Non
2606 4574 2836 4630 multum
2868 4579 3005 4637 erat,
3041 4583 3220 4636 neque
3267 4565 3546 4638 profusum
3579 4577 3663 4617 ar-

400 4693 558 4762 ὀλίγα
614 4691 673 4745 δὲ
716 4690 776 4742 ἐν
813 4685 1108 4758 ἀπορρήτῳ
1151 4678 1302 4750 παρά
1342 4676 1451 4730 τῶν
1486 4671 1782 4746 προφητῶν
1828 4671 1983 4740 λεγό-

2085 4683 2305 4746 gentum
2339 4687 2353 4723 :
2389 4699 2458 4710 —-
2490 4683 2680 4739 parum
2731 4668 2784 4721 iu
2838 4661 3101 4735 mysterio
3137 4661 3280 4716 dicta
3318 4667 3447 4712 sunt
3476 4671 3504 4710 a
3535 4672 3664 4725 pro-

406 4751 540 4860 μενα
572 4784 646 4856 (4)
674 4781 769 4835 καὶ
793 4777 904 4832 τῶν
926 4751 1114 4828 Quae.
1149 4769 1345 4840 σοφῶν·
1364 4798 1434 4808 -—-
1460 4765 1896 4837 ἐπιδημήσαντος
1923 4763 1981 4816 δὲ

2088 4765 2269 4837 phetis
2295 4779 2358 4818 ac
2391 4760 2631 4832 antiquis
2659 4759 2997 4829 sapientibus
3023 4770 3035 4806 :
3063 4784 3134 4795 -—-
3179 4751 3466 4821 evulganle
3488 4758 3664 4802 autem

501 4882 559 4932 ἐν
579 4842 701 4939 κτοῖς
727 4872 951 4932 ἀϐάτοις
988 4865 1081 4920 τοῦ
1108 4863 1259 4926 ναοῦ,
1275 4858 1610 4930 τεθεώρηται
1631 4857 1709 4928 τῷ
1734 4856 1982 4927 βλέποντι

2089 4859 2252 4930 adyta
2303 4854 2525 4925 templo,
2581 4852 2758 4906 visum
2809 4857 2895 4905 est
2942 4844 3212 4918 spectanti
3254 4842 3431 4898 velum
3475 4855 3665 4894 verum

496 4932 895 5038 καταπέτασμα
913 4963 974 5018 τὸ
1009 4957 1260 5031 ἀληθινὸν
1285 4951 1601 5025 σχιζόμενον
1626 4949 1832 5004 ἀνωθεν
1877 4949 1982 5012 ἕως

2087 4951 2318 5008 scissum
2364 4963 2392 5002 a
2431 4959 2645 5002 summo
2673 4957 2846 5012 usque
2894 4942 3170 5003 deorsum,
3207 4944 3266 4989 ut
3293 4932 3669 4989 revelarentur

600 5063 696 5117 ἐπὶ
746 5026 832 5132 et};
851 5026 1198 5129 θεωρηθῆναι
1232 5047 1301 5101 τά
1333 5045 1506 5110 ἔνδον,
1546 5042 1684 5096 ἐπὰν
1720 5042 1750 5095 ὁ
1774 5042 1981 5095 ἀναπε-

2089 5043 2376 5104 interiora,
2410 5053 2534 5094 cum
2588 5037 2862 5092 recubans
2897 5027 3196 5104 [Christus]
3237 5026 3497 5084 dormivit
3525 5026 3668 5080 sicut

401 5122 510 5222 σῶν
541 5122 823 5230 κοιμηθεὶς
852 5154 924 5218 ὡς
1126 5146 1222 5200 καὶ
1250 5145 1326 5207 ὡς
1363 5139 1601 5212 σκύμνος
1623 5136 1842 5210 ἐγερθῇ.

1533 5155 1601 5202 ὀς
1623 5136 1842 5210 ἐγερθῇ·
2079 5135 2196 5202 leo,
2231 5141 2288 5190 et
2316 5132 2462 5188 sicut
2481 5127 2694 5185 catulus
2719 5125 2892 5182 leonis
2917 5122 3180 5179 surrexit.

911 5216 1021 5300 Καὶ
1065 5239 1219 5312 μετὰ
1259 5236 1467 5290 ταῦτα.

1454 5272 1467 5285 .
2657 5217 2725 5272 Ει
2753 5216 2912 5288 paulo
2946 5225 3060 5284 post
3081 5228 3101 5268 :

469 5351 607 5405 Τότε
629 5346 738 5416 γὰρ
762 5342 814 5395 οἱ
846 5299 1160 5410 σύμμορφοι
1191 5328 1474 5401 γενόμενοι
1499 5326 1597 5394 τῆς
1632 5320 1980 5416 ἀναστάσεως

2158 5319 2312 5374 Tunc
2359 5317 2504 5373 enim
2549 5310 2866 5369 consimiles
2921 5307 3048 5362 facti
3087 5302 3502 5360 resurrectionis
3549 5299 3665 5367 eius

400 5397 605 5504 αιέᾶέξ
616 5397 1219 5509 παραλήψονται.άύτῶ
1244 5397 1810 5509 (⁵5)-ἀνθομοιωμάτων
1842 5429 1980 5484 χρυ-

2087 5431 2186 5486 pro
2238 5411 2691 5483 aquivalentibus
2738 5404 3008 5476 accipient
3057 5415 3288 5465 aurum,
3344 5397 3665 5454 ditahuntur

401 5540 512 5593 σόν·
538 5506 1007 5604 πληθύνθήσονται
1032 5519 1141 5592 γὰρ
1167 5515 1246 5587 τῷ
1267 5511 1513 5586 ἀργυρίῳ
1531 5508 1626 5564 καὶ
1639 5506 1718 5579 τῷ
1746 5506 1974 5578 χρυσίῳ.

1110 5537 1141 5592 ρ
1167 5515 1246 5587 τῷ
1267 5511 1513 5586 ἀργυρίῳ
1531 5508 1626 5564 καὶ
1639 5506 1718 5579 τῷ
1746 5506 1974 5578 χρυσίῳ.
2085 5509 2230 5565 enim
2269 5521 2405 5562 auro
2433 5513 2487 5562 et
2510 5513 2755 5576 argento.

473 5677 516 5709 ¹¹
546 5671 743 5744 Ephes.
776 5683 851 5730 Iv,
882 5663 967 5720 Η.
1047 5659 1092 5692 ³³
1126 5656 1328 5726 Ephes.
1366 5669 1420 5712 ν.
1445 5651 1538 5705 50.
1605 5649 1649 5681 ⁸⁵
1676 5647 1808 5702 ibid.
1845 5647 1934 5700 27.

405 5839 431 5894 f
477 5719 1349 5839 (θυίύίίίιῗδίιιί,λέγομαιίειυοιι
1401 5746 1604 5803 nullum
1641 5758 1859 5801 sensum
1892 5741 1973 5800 af-

428 5852 531 5894 ert.

2151 5739 2230 5811 (5)
2259 5737 2401 5792 Edit.
2447 5734 2576 5802 Mai,
2626 5728 2843 5794 αὐτούς.
2877 5729 3094 5802 (Locus,
3124 5735 3183 5784 ut
3229 5726 3460 5789 videtur,
3508 5719 3669 5776 valda

2086 5820 2397 5880 corruptus.
