4172 6392
529 337 639 394 259

1385 333 1949 394 SUPPLEMENTUM
1983 331 2072 386 ΑΙ)
2110 324 2436 385 ORIGENIS
2467 321 2880 379 EXEGETICA.

3685 322 3794 375 εει)

532 458 700 513 Vsus.
739 457 824 511 ll.
881 455 1015 509 Dum
1043 466 1177 509 esset
1225 472 1316 508 rex
1362 457 1416 508 in
1460 457 1702 509 accubitu
1739 471 1856 518 uta,
1906 453 2103 506 nardus

2210 447 2363 511 Ἕως
2394 439 2467 500 οὗ
2499 447 2533 499 ό
2556 442 2861 518 ,βασιλεὺς
2970 440 3286 518 ἀνακλίσει
3308 437 3532 518 porci},
3577 440 3672 508 rd;
3689 441 3794 508 dcc

1024 544 1138 579 mea
1173 527 1315 578 dedit
1349 527 1585 581 odorem.

605 640 801 710 Sponsi
837 641 981 695 enim
1009 639 1143 693 dicit
1169 641 1415 704 odorem,
1449 639 1648 692 nardua
1679 654 1818 703 mea,
1845 651 1950 707 qua
1981 652 2105 692 eum

533 732 688 795 unxi,
721 731 884 786 dedit.
939 729 1185 800 Namque
1218 746 1345 784 cum
1387 730 1504 800 ipsa
1555 730 1776 800 propria
1811 730 1982 784 nardo
2015 744 2108 798 pe-

533 825 629 879 des
663 824 906 879 unxisset
955 822 1105 886 Jesu,
1143 831 1198 876 et
1253 822 1305 875 in
1357 830 1521 890 caput
1559 823 1812 884 fudisset,
1845 823 1986 876 hanc
2039 836 2139 876 er

529 916 702 971 odore
733 916 914 981 sponsi
972 913 1232 968 refectam
1281 912 1482 983 prioris
1512 913 1628 966 vice
1657 912 1868 981 accepit
1895 911 1957 964 "'.
1991 909 2105 977 Qua

529 1008 696 1079 igitur
722 1009 901 1077 capite
933 1005 1199 1073 delibuto,
1227 1005 1519 1069 exclamat,
1551 1003 1772 1059 Nardu:
1803 1021 1920 1059 mea
1963 1004 2104 1058 dedit

528 1099 662 1152 mihi
696 1098 878 1168 sponsi
930 1098 1162 1152 odorem.
1195 1095 1433 1166 Ideoque
1468 1094 1614 1149 velut
1653 1110 1683 1149 e
1718 1109 1946 1164 corpore
1977 1093 2105 1148 Jesu

528 1191 751 1244 domum
782 1199 953 1245 totam
985 1186 1230 1257 implevit
1258 1185 1537 1256 discipulae
1578 1196 1935 1257 unguentum.

529 1451 696 1510 Vens.
734 1453 815 1505 l2.
853 1450 1163 1505 Fasciculus
1217 1455 1448 1523 myrrha:
1481 1452 1706 1506 dilectus
1753 1468 1898 1507 meus
1951 1453 2101 1518 mihi,

845 1525 980 1574 inter
1015 1525 1174 1575 ubera
1206 1541 1320 1577 mea
1351 1524 1783 1577 commorabitur.

595 1633 891 1703 Postquam
924 1634 1030 1687 dixi
1065 1635 1244 1701 sponsi
1282 1637 1508 1691 nardum
1535 1652 1693 1690 suum
1726 1636 1856 1691 mihi
1881 1638 2101 1692 odorem

526 1727 759 1788 dedisse,
799 1741 941 1781 nunc
972 1727 1201 1798 subjicio
1230 1727 1396 1782 filium
1450 1728 1638 1784 fratris
1690 1731 1792 1784 mei
1822 1731 2100 1800 myrrham

2655 514 2881 566 ἔδωκεν
2910 511 3113 579 ὀσμὴν
3148 510 3358 564 αὐτοῦ.

2289 631 2400 703 Τὴν
2417 627 2630 700 γάρτοῦ
2643 629 2876 699 νυμφίου
2904 627 3066 699 φησὶν
3098 627 3273 699 ὀσμὴν
3297 628 3335 696 ἠ
3357 626 3470 696 ἐμὴ
3493 625 3713 694 νάρδος
3735 628 3794 683 ἐν

2209 715 2244 794 ᾖ
2276 722 2438 775 αὐτὸν
2474 720 2690 792 ἧλειψα,
2719 720 2918 772 δέδωκε
2937 734 2950 746 “
2987 721 3053 789 τῇ
3085 718 3194 791 γάρ
3226 718 3427 788 ἑαυτῆς
3464 717 3644 789 νάρδῳ
3665 719 3794 784 τοὺς

2210 813 2374 877 πόδας
2403 813 2670 879 ἀλείψασα
2708 810 2803 864 τοῦ
2850 810 3045 883 Ἰησοῦ,
3076 812 3168 865 καὶ
3207 813 3328 874 ταῖς
3369 810 3545 882 θριξὶν
3570 812 3790 882 ἀπομά-

2209 903 2368 970 ξασα,
2419 902 2936 974 μεταπεποιημένην
2965 905 3032 956 ἐκ
3080 903 3181 973 τῆς
3203 903 3379 974 ὀσμῆς
3407 904 3501 957 τοῦ
3555 905 3790 975 νυμφίου

2207 995 2410 1066 ταύτην
2457 994 2748 1048 ἀνέλαϐενο
2797 989 2865 1066 ἦς
2918 993 3281 1065 αἰσθανομένη
3332 996 3496 1066 φησὶν
3539 997 3631 1048 ἐπὶ
3689 997 3791 1068 τὴν

2208 1086 2449 1158 κεφαλὴν
2501 1084 2760 1155 ἐλθούσης
2805 1084 2867 1136 Ἡ
2904 1083 3272 1154 ἐμὴζνάρδος
3299 1083 3486 1138 ἐδωκέ
3531 1103 3621 1156 μοι
3675 1086 3793 1154 τὴν

2208 1178 2301 1232 τοῦ
2353 1177 2586 1248 νυμφίου
2623 1175 2857 1245 ὀσμήν·
2893 1175 3078 1247 διόπερ
3134 1175 3211 1240 ὡς
3259 1177 3365 1228 ἀπὸ
3402 1177 3513 1229 τῶν
3564 1179 3791 1248 χρωτῶν

2221 1267 2394 1340 Ἰησοῦ
2423 1269 2522 1339 τὴν
2551 1267 2727 1320 οὶκίαν
2758 1266 2885 1337 ὃλην
2930 1267 3213 1339 ἐπλήρωσε
3253 1268 3352 1338 τῆς
3394 1268 3702 1341 μαθητρίας
3729 1271 3791 1323 τὸ

2209 1359 2282 1431 μῦ
2290 1377 2399 1431 ρον.

2220 1451 2588 1524 Ἀπνόδεσμος
2639 1450 2749 1524 τῆς
2797 1450 3065 1524 στακτῇς
3093 1450 3606 1524 ἀδελφιδοῦς-μου
3636 1455 3786 1524 ἐμοὶ,

2306 1523 2423 1576 ἀνὰ
2437 1519 2632 1590 μέσον
2664 1519 2780 1574 τῶν
2805 1519 3053 1590 μαστῶν
3074 1539 3194 1590 μου
3226 1519 3655 1589 adito-Oriona:

2275 1635 2518 1690 Είποῦσα
2547 1637 2646 1705 τὴν
2675 1635 2869 1706 νάρδον
2916 1636 3011 1702 τοῦ
3065 1636 3299 1706 νυμφίου
3352 1637 3640 1692 δεδωκέναι
3693 1657 3783 1710 μοι

2206 1727 2304 1798 τὴν
2334 1728 2531 1799 ὀσμὴν,
2562 1727 2656 1779 νῦν
2696 1745 2840 1798 φημι
2866 1729 2958 1780 τὸν
2988 1727 3298 1797 ἀδελφιδοῦν
3325 1745 3427 1798 μου
3451 1728 3633 1781 πνέειν
3654 1746 3782 1783 στα-

525 1833 633 1874 non
665 1816 910 1881 effusam,
947 1833 1123 1887 neque
1173 1818 1326 1884 foras
1365 1819 1678 1873 exhalatam
1732 1822 1964 1888 spirare.
2005 1820 2099 1875 sed

2203 1818 2336 1889 κτῆς
2359 1820 2421 1872 ού
2447 1818 2822 1889 διαχεομένης,
2853 1819 2960 1871 οὐδ’
2988 1819 3091 1882 ἔξω
3119 1818 3381 1888 πνεούσης
3401 1835 3415 1849 ·
3445 1817 3557 1870 ἀλλ’
3587 1819 3782 1872 ἀποδε-

525 1920 834 1964 concretam
869 1919 919 1964 et
950 1909 1115 1965 densa
1153 1911 1423 1965 suavitate
1467 1911 1818 1982 fragrantem.
1853 1914 2102 1969 Fratrem

525 2015 656 2054 vero
689 2000 924 2070 primum
977 2001 1186 2057 habens
1220 2002 1478 2072 populum
1512 2003 1801 2072 gentilium
1837 2005 2103 2073 Ecclesia,

525 2103 648 2142 cum
675 2104 740 2143 ex
769 2089 860 2143 illo
895 2092 1192 2144 secundum
1219 2105 1441 2145 carnem
1478 2103 1632 2147 ortus
1659 2104 1808 2148 esset
1829 2095 2102 2164 Christus,

526 2178 694 2232 lilium
725 2190 881 2234 vocat
905 2178 1090 2235 fratris
1119 2191 1175 2236 et
1199 2181 1404 2251 sponsi.
1437 2182 1630 2251 Aquila
1662 2192 1840 2238 autem
1869 2201 2105 2240 avuncu-

526 2273 636 2326 lum
668 2273 854 2337 dante,
887 2275 1174 2329 dicendurm
1201 2286 1409 2346 patrem
1444 2291 1565 2331 esse
1597 2276 1882 2347 gentilium
1920 2279 2105 2332 Eccle-

525 2365 620 2420 sia:
653 2366 934 2435 antiquunm
989 2369 1281 2438 populum;
1342 2384 1466 2424 cum
1524 2369 1746 2439 quidem
1809 2384 1875 2423 ex
1912 2384 2102 2425 eorum

525 2459 642 2530 lege
671 2469 725 2513 et
761 2460 1043 2528 prophetis
1100 2461 1152 2514 in
1189 2460 1302 2517 Deo
1332 2462 1632 2532 generatio,
1691 2471 1857 2532 atque
1884 2478 1914 2518 e
1948 2462 2105 2518 nobis

525 2551 592 2604 ad
619 2551 874 2619 pietatem
902 2551 1146 2606 inductio
1171 2562 1465 2608 constaret.
1495 2553 1587 2608 lllo
1622 2553 1786 2624 igitur
1815 2554 1886 2608 ita
1913 2552 2105 2609 eﬂ‘ccto

524 2657 734 2710 sponsae
783 2655 960 2712 patre,
1011 2643 1262 2699 Salvator
1295 2645 1549 2702 similiter
1584 2647 1672 2712 iis,
1710 2644 1801 2716 qui
1844 2646 1945 2699 suh
1983 2644 2102 2714 lege

523 2739 699 2792 erant,
737 2729 904 2786 frater
935 2730 1109 2787 [actus
1138 2743 1238 2788 est.

523 2907 689 2962 Vens.
723 2907 805 2962 14.
852 2907 987 2961 Ecca
1023 2919 1080 2963 tu
1112 2909 1331 2977 pulchra
1369 2926 1442 2971 es.
1474 2915 1646 2963 amica
1694 2930 1832 2975 mea,
1890 2931 2006 2970 ecce
2047 2926 2104 2970 ιιι

800 2977 1015 3047 pulchra
1043 2998 1096 3034 es
1125 2995 1144 3031 :
1175 2979 1315 3034 oculi
1339 2983 1417 3034 tui
1445 2982 1828 3037 columbarum.

594 3103 692 3158 llic
722 3103 873 3172 prius
907 3103 1125 3160 videtur
1156 3119 1352 3175 sponsa
1385 3104 1730 3160 manifestius
1756 3104 1942 3172 sponsi
1977 3104 2100 3174 pul-

2202 1909 2434 1980 δεμένης
2459 1911 2552 1963 καὶ
2595 1909 2926 1980 πυκνότερον
2955 1910 3054 1979 τὴν
3075 1907 3302 1961 εὐωδίαν
3324 1909 3596 1979 διδούσης·
3626 1909 3780 1962 ἀδελ-

2204 2006 2304 2076 φὸν
2328 2003 2383 2057 δὲ
2406 2003 2497 2056 τὸν
2531 2003 2744 2074 πρῶτον
2769 2003 3032 2073 ἐσχηκυῖα
3059 2001 3186 2054 λαὸν
3213 2003 3246 2071 ἡ
3276 1999 3334 2065 ἐξ
3356 1998 3522 2053 ἐθνῶν
3555 2001 3783 2072 Ἐκκλη-

2206 2099 2316 2159 σία,
2349 2097 2576 2168 ἐπείπερ
2602 2096 2664 2160 ἐξ
2691 2094 2855 2148 αὑτοῦ
2893 2095 2954 2146 16
2977 2093 3118 2147 κατά
3162 2092 3337 2162 σάρκα
3362 2089 3428 2164 ἦν
3451 2096 3479 2146 6
3524 2092 3783 2164 Χριστὸς,

2204 2189 2317 2240 υἱὸν
2342 2187 2608 2258 κέκληκεν
2638 2185 2867 2254 ἀδελφοῦ
2902 2185 2996 2238 καὶ
3038 2185 3302 2255 νυμφίουο
3340 2185 3433 2238 τοῦ
3481 2186 3538 2239 δὲ
3582 2185 3784 2240 Ἀκύλα

2205 2282 2557 2344 ἐκδεδωκότος
2582 2281 2974 2352 πατράδελφον,
3005 2280 3223 2332 λεκτέον
3262 2279 3476 2350 πατέρα
3511 2274 3650 2333 εἶναι
3683 2281 3784 2351 τῆς

2203 2376 2261 2442 ἐξ
2288 2374 2454 2427 ὲθνῶν
2479 2373 2676 2444 Ἐκκλη
2687 2374 2806 2436 σίας
2822 2373 2911 2425 τὸν
2944 2373 3111 2426 παλαι
3133 2373 3276 2426 λαόν·
3303 2373 3425 2425 ἐπεὶ
3451 2374 3515 2425 ἐκ
3539 2373 3632 2427 τοῦ
3656 2375 3782 2446 παρ’

2200 2465 2430 2528 ἐκείνοις
2455 2464 2622 2534 νόμου
2655 2463 2882 2516 καὶτῶν
2915 2465 3209 2535 προφητῶν
3244 2466 3276 2535 η
3312 2467 3371 2516 ἐν
3410 2464 3530 2534 Θεῷ
3574 2465 3783 2533 γένεσις

2203 2557 2296 2610 καὶ
2321 2559 2353 2627 ἡ
2389 2555 2448 2620 ἐξ
2474 2556 2628 2626 ἡμῶν
2650 2557 2728 2618 είς
2752 2555 3033 2608 εύσέὸειαν
3058 2556 3266 2626 ὑπῆρξε
3301 2558 3598 2629 προαγωγὴ
3625 2574 3638 2587 ·
3670 2556 3788 2610 τού-

2201 2663 2295 2699 του
2327 2646 2504 2699 τοίνυν
2545 2644 2717 2707 οῦτως
2749 2644 3138 2715 ἀποδεδομένου
3176 2647 3275 2715 τῆς
3304 2646 3522 2717 νύμφης
3553 2646 3780 2718 πατρὸς,

2203 2735 2427 2802 ἀδελφὸς
2458 2737 2487 2788 6
2519 2736 2708 2807 Σωτὴρ
2753 2735 2951 2806 ὁμοίως
3015 2736 3244 2800 ἐκείνοις
3286 2737 3392 2789 ὑπὸ
3423 2738 3584 2807 νόμον
3630 2738 3782 2807 γενό-

2207 2844 2386 2897 μενος.

2216 2919 2360 2974 Ἰδοὺ
2413 2915 2471 2973 εἴ
2520 2919 2700 2984 καλὴ,
2758 2921 2794 2985 ἡ
2843 2918 3111 2984 πλησίον
3144 2936 3284 2987 μου,
3323 2918 3452 2972 ἰδοὺ
3496 2920 3552 2973 ετ
3588 2921 3779 2990 καλήο

2584 2990 2879 3058 ὀφθαλμοί
2908 3004 3023 3041 σου
3050 2991 3412 3057 περιστεραί.

2272 3103 2385 3157 Νῦν
2415 3103 2558 3156 ἔοικε
2607 3103 2870 3174 πρότερον
2911 3103 3273 3174 ἐνεωρακέναι
3321 3102 3657 3176 τρανώτερον
3705 3104 3786 3175 τῷ

521 3197 886 3252 chritudinem
947 3197 1231 3265 inspicere,
1259 3197 1486 3267 suisque
1524 3198 1894 3252 columbarum
1929 3197 2102 3252 oculis

2205 3195 2298 3248 105
2321 3197 2553 3265 νυμφίου
2582 3193 2769 3247 κάλλει
2809 3194 2843 3264 ἠ
2886 3192 3071 3264 νύμφη
3091 3210 3104 3222 ·
3137 3193 3231 3246 καὶ
3265 3193 3354 3246 διά
3388 3195 3497 3246 τῶν
3530 3212 3782 3266 περιστε-

522 3291 641 3359 ejus
676 3291 729 3343 in
774 3291 998 3345 rationis
1047 3292 1239 3346 decore
1270 3291 1693 3362 praecellentiam
1753 3292 2100 3346 animadver-

525 3393 658 3436 tere.
705 3381 827 3436 Mox
877 3390 1057 3438 autem
1110 3399 1453 3438 communem
1508 3385 1679 3454 ipsius
1734 3385 1989 3438 lectulum
2047 3394 2102 3438 et

523 3471 708 3540 sponsi
739 3487 934 3541 corpus
969 3475 1244 3543 praedicat,
1275 3477 1326 3530 in
1354 3491 1464 3546 quo
1493 3476 1673 3530 anima
1729 3477 1907 3530 adhuc
1948 3477 2102 3530 habi-

525 3575 648 3621 tans
673 3566 906 3621 rationis
926 3569 1210 3623 consortio
1233 3570 1508 3638 dignatur.
1541 3569 1681 3624 Dicit
1709 3570 1876 3642 igitur
1903 3569 2100 3624 Paulus

523 3669 750 3724 corpora
800 3667 984 3710 nostra
1033 3658 1275 3712 membra
1306 3656 1510 3712 Christi
1539 3661 1745 3714 esse".
1780 3656 1881 3714 Per
1914 3669 2100 3714 nostra

523 3745 670 3800 enim
731 3761 962 3816 corpora
1021 3761 1237 3817 sponsa:
1302 3762 1503 3817 corpus
1560 3749 1856 3814 signiﬁcat,
1887 3758 1943 3805 et
2003 3764 2102 3820 per

521 3835 725 3889 Christi
764 3837 1026 3901 membra,
1057 3837 1239 3906 sponsi
1276 3851 1492 3906 corpus.
1548 3837 1941 3893 Obumbratum
1973 3853 2103 3893 vero

523 3943 782 3998 sponsum
835 3929 967 3984 dicit
1022 3940 1245 3998 propter
1283 3930 1644 4000 frequentiam
1678 3932 1906 3987 rationis
1936 3942 1992 3987 et
2016 3947 2102 3987 se-

521 4019 760 4086 quentia;
823 4020 1361 4090 contemplationum.
1427 4021 1580 4088 Quod
1675 4023 1718 4078 si
1790 4024 2101 4078 communis

522 4126 719 4180 sponsa
753 4121 980 4182 utraque
1030 4111 1242 4181 floreat,
1289 4114 1424 4169 nihil
1473 4113 1672 4170 mirum
1700 4124 1756 4169 et
1788 4117 1842 4170 in
1873 4130 2103 4185 corpore

521 4217 738 4258 omnem
768 4205 1014 4274 corporis
1045 4205 1250 4261 cultum
1279 4205 1636 4260 excellentem
1669 4205 1922 4261 inveniri.

1141 4364 1370 4421 CAPUT
1410 4364 1472 4420 ll.

610 4455 778 4510 Vsus.
819 4454 869 4509 1.
905 4453 1018 4524 Ego
1048 4455 1147 4524 flos
1177 4456 1348 4524 campi
1383 4466 1432 4510 et
1462 4455 1639 4510 lilium
1668 4457 2010 4511 convallium.

597 4587 808 4643 Florem
850 4586 983 4641 dicit
1036 4588 1254 4657 campi,
1304 4587 1395 4656 qui
1455 4586 1664 4641 fructus
1723 4587 1836 4642 flet.
1889 4587 1942 4641 In
1995 4589 2098 4643 hoc

526 4681 688 4751 igitur
718 4679 962 4734 terrestri
1012 4678 1153 4743 loco,
1188 4679 1278 4748 qui
1312 4693 1537 4748 campus
1567 4679 1788 4740 dicitur,
1842 4677 1939 4733 flos
1995 4682 2100 4734 erit

527 4773 714 4842 sponsi
762 4772 990 4826 verbum
1043 4771 1096 4825 in
1149 4770 1410 4824 futurum.
1447 4769 1581 4824 Cum
1637 4771 1780 4823 enim
1843 4785 2100 4824 consum-

527 4862 695 4918 matio
740 4861 970 4928 venerit,
1005 4870 1246 4915 vertetur
1279 4858 1378 4915 ﬂos
1409 4860 1462 4914 in
1495 4859 1761 4926 fructum;
1817 4869 1872 4914 et
1913 4875 1978 4914 ne
2017 4863 2100 4917 ni—

529 4957 694 5010 mium
743 4969 771 5007 a
808 4954 940 5008 ﬂore
996 4953 1271 5017 recedant,
1311 4967 1434 5006 eum
1475 4951 1608 5006 dicit
1660 4966 1824 5022 super
1871 4961 2097 5008 terram.

528 5050 868 5117 Quapropter
905 5046 1080 5100 factus
1134 5052 1216 5099 est
1266 5058 1500 5114 sponsus
1556 5045 1711 5110 quasi
1765 5045 1864 5114 [los
1906 5046 2098 5111 campi.

527 5139 768 5208 Scipsum
811 5140 952 5192 enim
986 5137 1294 5197 exinanivit.
1329 5135 1462 5190 servi
1493 5135 1719 5204 formam
1753 5137 2098 5206 accipiens",

530 5241 588 5284 ιιι
625 5230 880 5300 deinceps
925 5231 1041 5300 ejus
1084 5229 1312 5298 gloriam
1348 5228 1592 5282 contueri
1628 5229 1922 5297 possimus.
1981 5227 2098 5284 Non

529 5332 616 5376 est
667 5320 765 5376 flos
800 5320 1181 5390 insignioribus
1206 5319 1294 5374 vel
1350 5317 1685 5388 planioribus
1717 5320 1949 5388 campis,
2005 5323 2100 5376 sed

529 5413 913 5470 humilioribus
971 5421 1027 5468 et
1097 5413 1438 5473 curvioribus
1521 5412 1715 5466 lilium.
1786 5411 1881 5468 His
1937 5413 2101 5468 dictis

531 5521 762 5576 sponsus
825 5505 1052 5560 amicam
1104 5520 1224 5560 cum
1266 5505 1480 5560 caeteris
1537 5504 1790 5570 filiabus,
1835 5519 1929 5559 seu
1985 5506 2101 5559 ani-

531 5595 722 5650 mabus
776 5597 1003 5661 confert,
1063 5613 1181 5665 quae
1233 5613 1346 5670 prae
1396 5597 1486 5653 illa
1543 5607 1669 5655 sunt
1719 5597 1866 5654 velut
1910 5599 2138 5684 spinas.

600 5789 643 5821 "
673 5787 826 5844 Joan.
862 5806 958 5857 xu,
996 5790 1048 5844 3.
1130 5788 1217 5845 ¹⁶Ι
1249 5790 1372 5846 Cor.
1401 5805 1474 5855 vl,
1516 5789 1596 5844 l5.
1678 5787 1719 5820 "
1747 5784 1976 5859 Philipp.
2006 5802 2066 5856 ιι,
2099 5786 2141 5842 7.

2205 3289 2314 3361 ρῶν
2344 3289 2512 3358 αὐτῆς
2542 3286 2834 3356 ὀφθαλμῶν
2860 3284 3144 3338 αἰσθέσθαι
3163 3285 3264 3355 τῆς
3285 3286 3342 3337 ἐν
3375 3285 3452 3356 τῷ
3479 3285 3662 3338 κάλλει
3686 3285 3783 3339 τοῦ

2203 3381 2360 3448 λόγου
2387 3380 2481 3432 καιΙ
2509 3377 2784 3448 ὑπεροχῆς
2809 3393 2824 3408 ’
2856 3375 2997 3445 τάχα
3027 3375 3084 3428 δὲ
3116 3376 3208 3428 καὶ
3236 3375 3420 3456 κλίνην
3450 3377 3633 3451 κοινὴν
3656 3377 3786 3428 ἐαυ-

2200 3470 2301 3540 τῆς
2330 3470 2421 3524 κα)¹
2471 3467 2562 3521 τοῦ
2613 3465 2847 3538 νυμφίου
2875 3465 2934 3518 τὺ
2963 3465 3122 3534 σῶμα
3172 3465 3486 3525 αἰνίττεται,
3513 3466 3571 3517 ἐν
3616 3457 3661 3531 ᾧ
3702 3465 3784 3520 ἔτι

2202 3561 2335 3620 οὖσα
2357 3567 2389 3636 ἡ
2412 3563 2556 3634 ψυχὴ
2590 3561 2834 3629 ἀξιοῦται
2853 3561 2951 3632 τῆς
2976 3559 3066 3613 τοῦ
3096 3560 3252 3628 λόγου
3285 3560 3566 3623 κοινωνίας
3586 3578 3598 3589 ’
3635 3559 3784 3628 λέγει

2201 3655 2292 3712 οὖν
2321 3656 2556 3719 Παῦλος,
2577 3654 2660 3707 Τὰ
2686 3652 2913 3723 σώματα
2939 3652 3093 3723 ἡμῶν
3109 3652 3244 3723 μέλη
3260 3651 3493 3723 Χριστοῦ
3524 3655 3670 3705 ἐστι·
3697 3651 3786 3707 διὰ

2201 3749 2310 3821 γὰρ
2345 3747 2436 3800 τοῦ
2464 3746 2619 3818 ἡμῶν
2655 3745 2751 3815 τῆς
2777 3744 2993 3814 νύμφης
3021 3739 3155 3796 εἶναι
3180 3743 3328 3811 λέγει
3349 3744 3409 3796 τὸ
3443 3743 3600 3813 σῶμα
3625 3761 3638 3773 ο
3695 3742 3786 3796 διὰ

2198 3841 2256 3894 δὲ
2281 3839 2374 3894 τοῦ
2416 3839 2551 3910 μέλη
2580 3838 2839 3909 Χριστοῦ,
2863 3837 2955 3889 τοῦ
2998 3836 3232 3906 νυμφίου
3255 3851 3271 3865 ο
3309 3834 3530 3888 σύσκιον
3557 3835 3613 3887 δέ
3646 3850 3783 3903 φησι

2200 3935 2291 3986 τὸν
2320 3934 2551 4004 νυμφίον
2587 3932 2675 3986 διὰ
2700 3931 2798 4002 τὴν
2821 3931 3137 4001 πυκνότητα
3173 3930 3280 3984 τῶν
3308 3930 3366 3982 ἐν
3396 3929 3473 3999 τῷ
3517 3930 3660 4000 λόγῳ
3689 3931 3785 3983 καὶ⁵

2199 4029 2267 4096 τῇ
2291 4026 2451 4096 σοφίᾳ
2475 4025 2844 4095 θεωρημάτων
2860 4040 2873 4053 ο
2903 4022 2998 4076 ἐὰν
3019 4021 3074 4075 δέ
3156 4024 3186 4093 ἡ
3205 4022 3358 4093 κοινὴ
3381 4023 3564 4093 νύμφη
3582 4024 3784 4092 ἀμφοῖν

2199 4117 2452 4188 εὐθαλὴς,
2480 4117 2633 4170 οὐδὲν
2663 4115 2975 4186 θαυμαστὸν
3018 4115 3113 4166 καὶ
3163 4115 3256 4167 ἐπὶ
3297 4113 3358 4166 τὸ
3415 4114 3573 4184 σῶμα
3605 4116 3784 4168 πᾶσαν

2200 4211 2300 4280 τὴν
2320 4209 2408 4263 διὰ
2434 4207 2528 4261 τοῦ
2561 4207 2812 4278 σώματος
2847 4206 3045 4278 πρᾶξιν
3073 4207 3284 4278 ἀγαθὴν
3315 4204 3626 4277 δηλοῦσθαι.

2728 4356 3123 4409 ΚΕΦᾹΛΑΙΟΝ
3174 4355 3250 4409 B'.

2253 4451 2393 4520 Ἐγὼ
2419 4449 2602 4516 ἄνθος
2627 4448 2734 4503 τοῦ
2761 4448 2994 4512 πεδίου,
3033 4449 3243 4518 κρίνον
3273 4446 3391 4502 τῶν
3426 4448 3744 4506 κοιλάδων.

2278 4585 2471 4648 Ἄνθος
2498 4584 2646 4652 λέγει
2674 4584 2736 4637 τὸ
2755 4583 2935 4636 ὁδεῦον
2966 4583 3059 4636 ἐπὶ
3082 4583 3142 4636 τὸ
3166 4583 3419 4651 γενέσθαι
3444 4583 3685 4655 καρπόςο
3721 4585 3783 4640 ἐν

2203 4676 2297 4734 οῦν
2325 4675 2402 4749 τῷ
2432 4676 2697 4749 περιγείῳ
2717 4678 2868 4748 τόπῳ
2897 4677 3063 4746 πεδίῳ
3106 4675 3344 4746 ῥηθέντι,
3376 4675 3536 4738 ἀνθος
3568 4676 3717 4729 ἐστὶν
3753 4679 3784 4731 ὀ

2204 4771 2436 4842 νυμφίος
2458 4769 2615 4838 λόγος
2636 4771 2712 4833 ὼς
2733 4769 2869 4842 πρὸς
2896 4768 2964 4825 τά
2993 4767 3253 4840 μέλλοντα
3274 4784 3286 4797 ·
3337 4767 3464 4820 ἄταν
3510 4765 3619 4838 γάρ
3651 4767 3782 4842 ἔλθῃ

2203 4865 2266 4918 τὸ
2287 4865 2512 4927 τέλειον,
2547 4862 2841 4934 μεταϐαλεί
2870 4862 2932 4914 τὸ
2963 4860 3122 4923 ἀνθος
3142 4860 3221 4922 είς
3252 4858 3315 4911 τὸ
3348 4857 3600 4926 γενέσθαι
3646 4876 3783 4932 καρ-

2205 4957 2338 5020 πός*
2377 4955 2471 5008 καὶ
2498 4955 2622 5008 ἐπεὶ
2652 4955 2726 5025 μὴ
2769 4953 2928 5006 πλέον
2971 4951 3209 5022 χωροῦσι
3235 4949 3330 5003 τοῦ
3366 4949 3582 5014 ἄνθους,
3633 4949 3780 5019 λέγει

2206 5049 2299 5104 ἐπὶ
2330 5049 2432 5118 γῆς
2453 5065 2467 5078 ·
2510 5049 2599 5102 διὰ
2621 5047 2778 5101 τοῦτο
2798 5048 3022 5116 γέγονεν
3046 5047 3075 5098 ὁ
3101 5045 3335 5116 νυμφίος
3359 5044 3436 5108 ὠς
3469 5045 3653 5110 ἄνθος
3675 5046 3781 5099 τοῦ

2154 5175 2157 5180 ι
2202 5142 2410 5196 πεδίου
2433 5159 2446 5172 ’
2501 5142 2720 5195 ἑαυτὸν
2761 5140 2869 5212 γὰρ
2917 5139 3213 5201 ἐκένωσε,
3257 5137 3502 5206 μορφὴν
3555 5137 3781 5192 δούλου

2201 5233 2421 5297 λαϐὼν,
2473 5232 2609 5304 πρὸς
2639 5233 2700 5285 τὸ
2733 5230 3026 5301 δυνηθῆναι
3076 5229 3174 5300 τὴν
3221 5227 3378 5291 δόξαν
3423 5227 3587 5280 αὑτοῦ
3644 5228 3782 5299 μετά

2207 5325 2380 5378 ταῦτα
2411 5326 2557 5396 ἡμᾶς
2587 5322 2912 5377 θεάσασθαι·
2952 5323 3160 5393 μήποτε
3199 5320 3256 5374 δὲ
3303 5324 3413 5384 τοῖς
3451 5321 3549 5392 μὲν
3576 5322 3784 5390 εὐγενε-

2210 5415 2420 5486 στέροις
2471 5416 2567 5468 καὶ
2612 5413 2836 5485 ὁμαλέσι
2881 5411 3084 5475 πεδίοις
3131 5411 3568 5482 ὀνομαζομένοις,
3623 5411 3783 5474 ἄνθος

2209 5507 2347 5572 ἐστὶ,
2404 5509 2516 5570 τοῖς
2571 5506 2628 5559 δὲ
2672 5505 2872 5558 τούτων
2922 5502 3254 5572 κατωτέροις
3297 5501 3391 5554 καὶ
3440 5501 3782 5574 κοιλωτέροις

2209 5601 2423 5672 κρίνονο
2482 5599 2654 5656 ταῦτα
2713 5599 2890 5672 φήσας
2949 5599 2976 5650 ὁ
3023 5594 3254 5666 νυμφίος
3305 5593 3642 5664 παραόάλλει
3685 5594 3784 5662 τὴν
