4172 6414
387 365 492 424 263

1493 362 1788 422 SCIIOLIA
1827 365 1894 422 IN
1933 363 2231 422 CANTICA
2273 365 2546 422 CANTIC.

3575 376 3682 432 262

386 487 616 559 πλησίον
650 487 814 542 αὑτοῦ
861 486 1050 552 ἄλλαις
1096 486 1396 560 θυγατράσι
1439 492 1560 553 τίς
1612 489 1826 554 λοιπαῖς
1875 489 1969 560 ψυ-

2081 489 2240 546 Tales
2269 505 2398 546 vero
2427 507 2534 546 non
2568 493 2758 548 amicta
2794 495 2980 564 sponsi
3013 497 3244 564 animm,
3286 497 3462 555 amica
3499 513 3682 560 autem

387 584 530 652 χαῖς.
568 580 774 644 αἵτινές
814 581 954 633 είσιν
998 579 1232 636 ἄκανθαι
1265 583 1439 652 ταύτῃ
1466 585 1976 657 παραϐαλλόμεναι.

387 673 653 728 Τοιαῦται
680 673 737 726 δὲ
763 675 819 726 αἱ
857 673 932 745 μὴ
966 673 1198 746 πλησίον
1228 674 1324 728 τοῦ
1359 676 1594 748 νυμφίου
1617 675 1784 748 ψυχαί
1805 695 1818 708 ·
1856 680 1890 750 ἡ
1923 679 1982 734 δὲ

387 767 617 838 πλησίον
641 766 827 837 κρίνον
856 766 914 818 ὲν
940 766 1090 837 μέσῳ
1114 767 1420 838 διαλάμπον
1446 769 1632 822 αὑτοῦ.

398 859 494 924 Ὠς
511 857 716 928 μῆλον
735 857 804 909 ἐν
819 856 943 923 τοῖς
965 857 1172 924 ξύλοις
1198 859 1304 912 τοῦ
1328 859 1577 928 δρυμοῦ,
1606 861 1792 928 οὕτως
1807 863 1984 916 ἀδελ-

459 927 672 999 φιδοῦς
688 945 806 999 μου
831 929 948 982 ἀνὰ
965 928 1162 997 μέσον
1183 928 1300 982 τῶν
1317 927 1481 983 υΙῶν·
1503 931 1622 985 ὑπὸ
1648 927 1776 999 τὴν
1798 935 1982 988 σκιὰν

458 997 646 1073 αύτοζ)
685 997 1044 1073 ἐπεθύμησα
1079 999 1178 1073 καὶ
1232 999 1504 1066 ἐκάθισα,
1555 1002 1656 1056 καὶ
1684 997 1719 1056 ὁ
1750 1005 1981 1073 καρπὸς

457 1067 644 1124 αὐτοῦ
672 1069 742 1122 ἐν
761 1067 843 1134 τῷ
863 1069 1120 1140 λάρυγτί
1126 1087 1270 1138 μου.

461 1164 709 1235 Ἔπρεπε
742 1164 810 1234 τῇ
845 1161 1035 1234 νύμφῃ
1077 1161 1172 1214 τοῦ
1222 1161 1454 1228 κάλλους
1483 1163 1582 1238 ὅλῃ
1621 1163 1716 1218 τοῦ
1740 1163 1976 1236 νυμφίου

387 1255 752 1326 γεγενημένῃ,
785 1255 915 1322 περὶ
966 1253 1136 1325 αὐτῆς
1171 1253 1270 1325 μὲν
1309 1255 1487 1324 λέγειν
1515 1257 1687 1320 οὐδὲν,
1713 1258 1850 1330 πρὸς
1897 1255 1980 1322 οἷς

386 1349 442 1401 δὲ
467 1351 494 1402 ὁ
522 1347 754 1418 νυμφίος
769 1346 872 1418 ἔφη
901 1347 1032 1418 περὶ
1053 1347 1271 1410 ἑαυτοῦ,
1303 1347 1458 1419 μήλῳ
1489 1349 1857 1421 παραϐάλλειν
1881 1351 1979 1404 αύ-

385 1439 494 1492 τὸν·
527 1440 654 1504 τοὺς
688 1440 817 1510 παρ’
851 1437 1030 1492 αὐτῶν
1060 1438 1116 1491 δὲ
1150 1439 1318 1502 υἱοὺς,
1355 1437 1531 1504 ξύλοις
1550 1439 1778 1511 δρυμοῦ·
1805 1441 1977 1512 ὑπερ-

386 1527 513 1598 ϐολῇ
550 1527 608 1580 δὲ
639 1527 734 1580 τοῦ
769 1527 960 1592 πόθου,
995 1527 1056 1580 τὸ
1099 1527 1194 1581 καὶ
1237 1530 1395 1592 σκιᾶς
1427 1529 1719 1602 ἐπιθυμεῖν
1755 1531 1854 1600 τῆς
1881 1533 1978 1584 αύ-

385 1619 498 1685 τοῦ,
536 1621 630 1674 καὶ
662 1619 1030 1692 παραπέμψαι
1057 1620 1136 1692 τῷ
1166 1621 1319 1691 βάθει
1356 1621 1451 1692 τὴν
1472 1621 1660 1676 τούτου
1691 1623 1971 1694 ποιότητα·

385 1713 528 1766 ἔοικε
553 1713 611 1767 δὲ
631 1712 808 1768 ταῦτα
827 1714 1005 1784 λέγειν
1029 1713 1164 1786 πρὸς
1180 1713 1279 1777 τὰς
1302 1714 1567 1780 νεάνιδας,
1599 1717 1674 1780 ὡς
1696 1717 1832 1788 πρὸς
1852 1719 1976 1782 τοὺς

2083 581 2254 638 lilium
2279 583 2396 652 ejus
2427 585 2481 640 in
2511 585 2690 642 med-io
2723 587 3047 658 perlulgens.

2083 857 2248 912 Vens.
2281 859 2334 912 5.
2375 857 2524 912 Sicut
2564 859 2736 912 mulus
2781 861 2919 914 inter
2947 860 3087 930 liqua
3121 863 3396 928 sitvarum,
3436 867 3514 920 sic
3542 867 3678 921 dile-

2153 940 2266 1004 ctus
2295 947 2440 982 naeus
2467 930 2604 1004 inter
2625 930 2786 996 ﬁlias.
2826 930 2936 984 Sub
2969 933 3156 984 umbra
3188 933 3332 986 illius
3353 953 3505 1004 quem
3537 939 3678 992 desi-

2152 1003 2458 1052 deraret-am
2486 1001 2624 1064 sedi,
2654 1011 2700 1054 et
2735 1005 2942 1072 [ructus
2972 1005 3086 1068 ejus
3118 1004 3290 1057 dulcis
3311 1001 3514 1075 gutturi
3537 1025 3671 1064 meo.

2153 1157 2387 1212 Decebat
2454 1171 2708 1228 sponsam
2769 1159 2954 1229 sponsi
3004 1160 3394 1230 pulchritudini
3447 1166 3676 1222 omnino

2080 1248 2366 1316 intentam,
2400 1251 2622 1320 proprio
2655 1251 2853 1306 decore
2898 1253 3120 1318 omisso,
3167 1265 3290 1322 post
3315 1269 3378 1308 ea
3409 1271 3529 1325 qua:
3560 1258 3675 1326 ipse

2079 1339 2146 1393 de
2175 1354 2237 1394 se
2266 1355 2498 1409 sponsus
2523 1341 2864 1411 praedicavit,
2893 1357 3015 1396 cum
3053 1329 3198 1398 malo
3232 1359 3355 1399 eum
3386 1344 3671 1414 conferre;

2079 1431 2348 1502 ﬁliosque,
2383 1434 2474 1502 qui
2517 1435 2881 1489 circumstant
2928 1451 3076 1499 eum,
3113 1452 3239 1492 cum
3278 1439 3440 1508 lignis
3489 1440 3668 1510 silvae;

2078 1537 2132 1579 et
2160 1525 2555 1582 desideriorum
2590 1542 2844 1592 excessu,
2875 1529 3122 1584 umbram
3155 1531 3298 1586 illius
3334 1533 3670 1600 desiderare,

2076 1615 2419 1686 virtutesque
2451 1618 2670 1686 penitus
2698 1619 2955 1673 scrutari.
2987 1620 3114 1675 Hmc
3146 1633 3326 1676 autem
3359 1623 3574 1678 videtur
3605 1626 3672 1679 ad

2079 1705 2516 1761 adolescentulus
2540 1707 2744 1778 eloqui,
2774 1711 2914 1764 sicut
2947 1711 3012 1765 ad
3045 1711 3253 1766 amicos
3286 1713 3469 1782 priora
3495 1728 3672 1784 spon-

383 1803 638 1874 ἑταίρους
667 1805 696 1856 ὁ
724 1805 956 1875 νυμφίος
990 1805 1058 1858 τὰ
1081 1805 1292 1874 πρῶτα·
1330 1807 1480 1870 υἱοὺς
1511 1807 1589 1870 δὲ,
1621 1808 1653 1878 ἢ
1689 1809 1816 1872 τοὺς
1830 1809 1969 1862 ἑταί-

2079 1813 2193 1852 sus.
2223 1797 2392 1853 Filios
2441 1809 2623 1854 antem
2650 1811 2831 1867 vocat,
2871 1803 2988 1856 sive
3030 1805 3236 1858 amicos
3281 1807 3470 1874 sponsi
3507 1807 3669 1862 l'ami-
3708 1865 3716 1874 ,

387 1913 514 1967 ρους
543 1895 690 1966 λέγει
711 1897 804 1962 οὒς
828 1895 1094 1969 παραθέει
1117 1898 1210 1952 τοῦ
1243 1899 1478 1970 νυμφίου
1503 1899 1678 1964 ξύλοις
1703 1902 1973 1973 ἀκάρποις

383 1989 740 2059 παρείκασεν,
778 1989 812 2060 ἢ
837 1990 962 2052 τοὺς
979 1988 1289 2060 ἀλλοτρίους
1316 1989 1504 2045 αὐτοῦ.
1536 1991 1682 2045 Ὑπὸ
1701 1993 1882 2048 σκιὰν
1905 1993 1975 2046 δὲ

383 2081 571 2134 αὑτοῦ
588 2081 906 2152 ἐπεθύμησέ
939 2099 1000 2136 τε
1026 2083 1118 2136 καὶ
1145 2083 1455 2138 κεκάθικεν·
1485 2083 1635 2153 λέγει
1659 2085 1716 2139 δὲ
1749 2087 1842 2139 καὶ
1879 2088 1974 2140 Ἱε-

387 2171 582 2242 ρεμίας
619 2173 674 2224 ὲν
701 2172 949 2243 Θρήνοις·
985 2172 1232 2242 Πνεῦμα
1274 2172 1388 2242 πρὸ
1427 2173 1754 2242 προσώπου
1804 2173 1974 2244 ἡμῶν

383 2263 642 2330 Χριστὸς
687 2265 924 2332 Κύριος,
956 2265 1316 2334 συνελήφθη
1363 2266 1434 2320 ἐν
1462 2266 1591 2333 ταῖς
1625 2266 1972 2336 διαφθοραῖς

383 2355 574 2426 ἡμῶν·
597 2351 658 2410 οῦ
680 2357 924 2428 εἴπωμεν
973 2357 1070 2410 Ἐν
1099 2356 1176 2426 τῇ
1202 2355 1349 2424 σκιᾷ
1378 2357 1569 2412 αὐτοῦ
1590 2357 1888 2430 ζησώμεθα
1913 2360 1970 2412 ἐν

381 2450 500 2511 τοῖς
516 2447 711 2501 ἔθνεσι·
732 2447 849 2512 πῶς
860 2447 969 2518 γὰρ
989 2449 1090 2502 οὐκ
1115 2449 1307 2520 ἔμελλε
1320 2449 1467 2520 ζωῆς
1484 2453 1614 2522 ήμῖν
1628 2451 1822 2522 αἰτίαή
1845 2449 1972 2504 σκιά

383 2537 549 2591 αὐτοῦ
575 2535 844 2606 γενέσθαι,
869 2539 1181 2610 γενομένοις
1212 2539 1517 2611 ἐλευθέροις
1557 2539 1656 2610 τῆς
1676 2537 1771 2593 τοῦ
1804 2540 1968 2610 νόμου

385 2630 578 2694 σκιᾶς;
603 2627 792 2682 Σκιὰν
833 2629 944 2702 γὰρ
983 2627 1130 2700 εἶχεν
1164 2634 1197 2684 ό
1231 2631 1416 2700 νόμος
1457 2629 1578 2684 τῶν
1615 2631 1971 2701 μελλόντων

381 2720 641 2792 ἀγαθῶν,
681 2717 876 2793 μηκέτι
910 2717 1058 2776 οὖσιν
1087 2723 1204 2778 ὑπὸ
1230 2725 1438 2792 νόμον,
1475 2724 1610 2778 ἀλλ’
1631 2724 1751 2779 ὑπὸ
1771 2723 1966 2792 χάριν,

382 2815 432 2866 εἰ
457 2813 554 2866 καὶ
575 2813 668 2866 νῦν
697 2816 864 2884 ἐσμεν
892 2813 996 2866 ὑπὸ
1021 2813 1180 2867 σκιὰν
1206 2814 1386 2885 πολλῷ
1420 2815 1803 2887 διαφέρουσαν·
1834 2817 1972 2887 μετὰ

381 2906 474 2959 τὸν
500 2907 744 2980 παρόντα
761 2906 869 2976 γὰρ
891 2905 1025 2978 βίον,
1061 2907 1164 2960 οὐκ
1209 2907 1292 2961 ἔτι
1319 2909 1393 2961 δι’
1415 2908 1718 2977 ἐσόπτρου
1747 2909 1848 2962 καὶ
1879 2913 1970 2964 al-

381 2999 620 3068 vlryutt
646 3039 661 3062 ,
710 2998 848 3052 ἀλλὰ
904 2999 1230 3066 πρόσωπον
1283 2999 1436 3067 πρὸς
1501 2999 1828 3067 πρόσωπον
1870 2999 1968 3071 τὴν

383 3091 638 3162 ἀλήθειαν
656 3090 1040 3164 θεωρήσωμεν·
1063 3090 1206 3156 λέξει
1233 3091 1289 3145 δὲ
1314 3091 1410 3145 καὶ
1426 3094 1460 3162 ή
1486 3091 1691 3163 νύμφη,
1716 3091 1870 3158 ’Έως
1895 3089 1968 3148 οὗ

2076 1890 2260 1956 liares,
2281 1907 2418 1961 quos
2451 1891 2504 1945 in
2545 1893 2793 1948 fecundis
2823 1895 3112 1950 arboribus
3137 1898 3521 1966 aequiparavit,
3552 1899 3670 1954 sive

2074 1982 2142 2036 ab
2171 1998 2236 2036 eo
2271 1985 2496 2038 alienos.
2530 1983 2639 2040 Sub
2674 1987 2862 2040 umbra
2883 1987 3030 2043 illius
3064 1989 3400 2046 desideravit
3427 2003 3481 2048 et
3503 1994 3666 2049 sedit.

2073 2075 2216 2131 Dicit
2253 2075 2599 2133 etJeremias
2659 2079 2712 2134 in
2761 2079 2996 2136 Threnis
3029 2081 3310 2151 :Spiritus
3358 2087 3466 2139 oris
3502 2088 3669 2140 nostri

2073 2169 2314 2225 Christus
2350 2171 2606 2226 Dominus
2658 2182 2845 2241 captus
2901 2183 2980 2227 est
3037 2175 3092 2227 in
3124 2177 3351 2241 peccatis
3385 2179 3580 2232 nostris
3601 2177 3666 2232 “'.

2075 2259 2149 2315 De
2171 2277 2278 2329 quo
2307 2261 2465 2316 nobis
2511 2263 2800 2316 dicendum
2838 2273 2942 2328 est,
2984 2264 3096 2319 Sub
3126 2266 3314 2320 umbra
3338 2267 3481 2322 illius
3515 2271 3666 2324 vive-

2073 2367 2196 2406 mus
2238 2354 2289 2406 in
2335 2354 2606 2424 gentibus.
2636 2353 2920 2421 Quomodo
2948 2357 3089 2411 enim
3119 2373 3230 2412 non
3269 2357 3507 2414 debebat
3540 2361 3662 2416 vita:

2075 2443 2233 2497 nobis
2260 2458 2424 2498 causa
2453 2445 2639 2498 utnbra
2668 2445 2783 2513 ejus
2815 2447 2953 2512 ﬁeri,
2995 2447 3130 2516 legis
3175 2449 3366 2504 umbra
3396 2449 3668 2506 liberatis?

2077 2531 2331 2589 Umbram
2360 2537 2505 2591 enim
2541 2537 2775 2592 habebat
2820 2539 2907 2592 lea:
2957 2541 3267 2610 futurorum
3315 2543 3666 2608 bonorum”,

2073 2629 2138 2683 iis
2164 2629 2254 2698 qui
2289 2644 2397 2684 non
2448 2629 2560 2697 jam
2599 2631 2694 2684 sub
2743 2631 2853 2701 lege
2922 2643 3108 2697 erant,
3141 2634 3234 2688 sed
3280 2636 3376 2688 sub
3405 2638 3665 2705 gratia",

2070 2721 2172 2776 etsi
2203 2737 2346 2776 nunc
2371 2737 2585 2791 quoque
2617 2738 2814 2778 sumus
2847 2724 2949 2778 sub
2995 2724 3189 2778 umbra
3239 2726 3469 2781 multum
3507 2729 3666 2784 dissi-

2071 2813 2208 2866 mili.
2245 2813 2490 2883 Namque
2541 2825 2668 2884 post
2720 2825 3047 2883 prasentem
3076 2817 3268 2882 vitam,
3308 2834 3414 2872 non
3455 2820 3510 2873 in
3540 2837 3666 2888 spe-

2071 2904 2191 2957 culo
2241 2915 2290 2958 et
2344 2907 2646 2975 tcuigmale,
2683 2909 2778 2960 sed
2829 2906 2966 2975 facie
2997 2907 3068 2960 ad
3099 2907 3345 2974 faciem“
3377 2911 3663 2966 veritatem

2072 2997 2581 3066 contemplabimus.
2613 2999 2766 3054 Dicet
2797 3001 2963 3054 etiam
2995 3015 3220 3069 sponsa,
3255 3001 3434 3056 Donec
3466 3003 3664 3071 aspim

2072 3088 2186 3142 dies
2215 3099 2262 3142 et
2294 3090 2618 3143 inclinentur
2646 3090 2847 3145 umbra:
2870 3093 2938 3146 “.
2966 3092 3088 3146 Vita
3117 3095 3263 3148 enim
3299 3102 3482 3148 nostra
3507 3095 3662 3164 quasi

381 3185 682 3256 διαυγάσῃ
707 3184 915 3255 ἡμέρα,
946 3186 1044 3239 καὶ
1078 3185 1405 3254 κινηθῶσιν
1428 3189 1486 3238 al
1507 3187 1694 3240 σκιαί·
1729 3185 1969 3258 ἔστιγὰρ

2075 3179 2267 3234 umbra
2319 3190 2423 3248 est,
2457 3191 2512 3235 et
2543 3181 2596 3234 in
2628 3183 2824 3236 umbra
2885 3185 3076 3238 mortis
3129 3183 3379 3239 ethnicus
3411 3185 3656 3250 sedebat,

379 3279 412 3332 ὁ
441 3278 553 3349 βίος
581 3277 737 3350 ήμῶν
757 3279 833 3342 ὡς
859 3277 1006 3342 σκιὰ,
1038 3277 1133 3332 καὶ
1176 3279 1234 3330 ὲν
1260 3279 1388 3348 σκιᾷ
1409 3277 1640 3331 θανάτου
1670 3277 1698 3328 ὀ
1715 3277 1774 3343 ἐξ
1798 3279 1968 3334 ἐθνῶν

379 3369 689 3435 ἐκαθέζετο,
714 3371 806 3424 καὶ
819 3371 869 3422 οί
895 3369 1251 3432 ἀπιστοῦντες
1277 3368 1357 3421 ἔτι
1388 3368 1726 3433 καθέζονται.

625 3462 988 3534 Εὶσατάγιετέ
1013 3465 1191 3532 μεεὶς
1216 3458 1384 3516 οἷκον
1397 3460 1504 3515 τοῦ
1529 3461 1721 3516 οἷνου.

453 3623 634 3676 Ταῦτα
673 3623 807 3694 πρὸς
838 3625 964 3687 τοὺς
1019 3622 1205 3691 φίλους
1249 3621 1344 3675 τοῦ
1383 3623 1619 3692 νυμφίου
1661 3623 1796 3694 φησὶ
1840 3625 1969 3687 τοὺς

380 3715 570 3784 ἁγίους
592 3715 856 3784 ἀγγέλους
882 3713 916 3786 ἢ
961 3715 1292 3778 ἀποστόλους
1321 3731 1380 3768 τε
1411 3715 1507 3767 καὶ
1535 3715 1839 3786 προφήτας·
1867 3731 1966 3785 μο-

379 3808 594 3878 νονουχλ⁸
629 3806 885 3876 λέγουσα,
939 3806 1320 3877 Συγκεράσατέ
1363 3823 1430 3877 με
1475 3806 1552 3878 τῷ
1603 3806 1816 3877 σώματι
1869 3806 1965 3860 τοῦ

379 3898 638 3969 Χριστοῦ.

377 3993 427 4044 Σ
430 3987 711 4058 τηρίσωτέ
727 4005 806 4058 με
825 3987 894 4041 ἐν
909 3986 1143 4058 μύροις,
1163 3983 1520 4058 στοιδάσατέ
1535 4002 1612 4058 με
1639 3983 1708 4039 ἐν
1717 3985 1963 4056 μήλοις,

733 4055 822 4111 δτι
859 4055 1188 4126 τέτρωμένη
1214 4055 1452 4126 ἀγάπης
1488 4055 1619 4125 ἐγώ.

462 4153 521 4206 '0
555 4151 851 4224 Σύμμαχος
900 4152 1072 4216 οὕτως
1115 4151 1431 4205 ἐκδέδωκεν·
1499 4150 1968 4206 Ἐπανακλίνιιτέ

372 4263 452 4316 με
489 4243 761 4312 οἰνάνθη,
809 4242 1087 4296 τούτέστιν
1113 4241 1334 4296 εὐώδεσι
1368 4241 1626 4313 δένδροις,
1665 4243 1778 4305 τοῖς
1803 4241 1966 4296 καλὸν

379 4336 593 4409 καρπὸν
619 4335 888 4400 ποιοῦσιν,
917 4335 1205 4392 ἀνθοῦντα·
1236 4333 1346 4388 τῶν
1390 4332 1610 4404 φαύΑων
1656 4333 1965 4405 λεγομένων

378 4429 608 4501 δένδρων
629 4429 894 4500 ἀκάρπων
915 4427 950 4499 ἤ
985 4427 1356 4498 κακοκάρπων
1391 4428 1580 4481 ὄντων·
1615 4425 1738 4478 τινὰ
1771 4427 1829 4480 δὲ
1856 4427 1965 4482 τῶν

2073 3282 2128 3326 et
2160 3271 2422 3326 increduli
2448 3273 2630 3328 adhuc
2650 3273 2865 3328 sedent.

2073 3447 2238 3504 chs.
2279 3451 2338 3504 4.
2380 3449 2566 3504 Ducite
2609 3467 2690 3504 me
2723 3452 2788 3574 ii:
2793 3450 3006 3590 1ξξέςιιιη
3055 3450 3308 3505 vinariam
3342 3449 3660 3524 (secundum

2143 3611 2268 3666 Haec
2303 3609 2370 3666 ad
2395 3612 2603 3667 amicos
2630 3611 2814 3682 sponsi
2846 3611 2996 3679 dicit,
3041 3622 3260 3668 sanctos
3301 3611 3542 3682 angelos,
3575 3613 3660 3668 vel

2071 3702 2364 3772 apostolos,
2391 3703 2476 3758 vel
2509 3705 2822 3774 prophetas,
2853 3705 3008 3774 quasi
3045 3705 3292 3761 diceret:
3327 3703 3658 3778 Conjungite

2069 3809 2158 3850 me
2187 3811 2312 3851 cum
2347 3810 2578 3867 corpore
2608 3795 2838 3852 Christi.
2947 3859 2950 3862 λ

2069 3973 2234 4032 Vens.
2271 3975 2327 4031 5.
2355 3973 2568 4030 Fulcite
2588 3991 2672 4029 me
2706 3973 2950 4048 ﬂoribus,
2975 3977 3165 4044 stipata
3195 3993 3278 4032 me
3309 3977 3488 4042 malis,
3525 3979 3656 4048 quia

2215 4073 2220 4076 -
2605 4061 2784 4100 amore
2810 4047 3058 4115 langueo.

2141 4139 2268 4195 Haec
2320 4137 2632 4209 Symmachi
2683 4138 3077 4208 interpretatio
3127 4137 3412 4194 :Sternite
3462 4157 3541 4196 me
3597 4143 3656 4196 in

2067 4231 2416 4304 palmitibus,
2454 4231 2506 4286 id
2533 4239 2620 4286 est
2645 4231 2702 4284 in
2739 4230 3033 4287 odoriferis
3061 4231 3371 4300 arboribus,
3406 4249 3526 4301 qua:
3560 4234 3654 4288 bo-

2070 4338 2198 4378 num
2226 4323 2412 4380 ferunt
2439 4322 2714 4387 fructum;
2739 4321 2894 4376 malae
2917 4332 3098 4376 autem
3127 4322 3349 4378 arbores
3379 4332 3507 4378 sunt
3533 4339 3654 4392 quae

2069 4415 2277 4470 nullum
2329 4417 2413 4471 vel
2468 4413 2671 4469 malum
2730 4411 2965 4468 fructum
3021 4415 3227 4469 ferunt.
3275 4413 3488 4469 Habent
3521 4429 3652 4468 vero

379 4526 726 4596 ἀντιγράφων
761 4527 895 4598 ἕχει·
925 4525 1256 4594 Στηρίσατέ
1273 4541 1350 4594 με
1384 4524 1454 4577 ἐν
1483 4525 1748 4595 ἀμύροις·
1782 4522 1811 4575 ὃ
1835 4537 1962 4592 νοη-

2072 4509 2318 4580 qumdam
2344 4523 2376 4564 e
2407 4508 2796 4579 manuscriptis
2826 4525 2841 4563 :
2875 4505 3087 4560 Fulcite
3133 4523 3216 4562 me
3243 4507 3444 4560 nullius
3473 4507 3650 4560 odoris

2400 4601 2551 4621 τι--.
2587 4599 3051 4621 .,._-___‘.-__.--_.
3108 4597 3218 4621 ,ιω
3261 4599 3324 4621 -.η
3375 4598 3622 4621 ,,,.,.ει,,,,-

378 4617 518 4682 τέον,
549 4617 582 4689 ἢ
613 4597 836 4682 πιστοὺς
880 4617 1000 4690 μὲν,
1027 4617 1089 4670 οὐ
1139 4617 1246 4688 μὴν
1287 4616 1363 4680 ὡς
1411 4614 1774 4688 χρηματίζειν
1826 4613 1960 4686 μέλη

2072 4600 2364 4656 arboribus.
2398 4601 2552 4668 Quod
2586 4599 3054 4671 interpretandum
3105 4597 3222 4653 sive
3257 4599 3326 4653 de
3375 4598 3648 4664 ﬁdelibus,

377 4713 477 4784 τῆς
502 4712 574 4784 μὴ
603 4711 834 4784 ἐχούσης
859 4711 1046 4765 σπῖλον
1087 4711 1120 4782 ἣ
1165 4709 1374 4781 ῥυτίδα,
1414 4709 1448 4780 ἢ
1504 4709 1816 4780 ἀλλοτρίους
1861 4705 1963 4775 τῆς

381 4805 618 4870 πίστεως
645 4803 936 4878 χρηστούς·
966 4803 1026 4857 τὺ
1047 4804 1124 4866 δὲ,
1144 4799 1505 4857 στοιϐἀσαῑέ
1527 4818 1605 4872 με
1629 4801 1698 4855 ἐν
1717 4801 1957 4870 μήλοις,

379 4897 688 4968 σαφηνίζων
732 4899 762 4951 ὁ
816 4897 1132 4969 Σύμμαχος,
1191 4894 1622 4963 περικυλίσατέ
1647 4910 1723 4964 με
1767 4891 1956 4962 μῆλα,

377 4985 518 5043 εἷπε·
559 4989 804 5060 βούλεται
829 4989 938 5062 γὰρ
969 4989 1004 5060 ή
1035 4987 1222 5059 νύμφη
1251 4989 1310 5041 ὲν
1335 4985 1552 5050 πολλοῖς
1578 4985 1961 5057 περικυλιομέ-

375 5098 487 5145 νοις
511 5081 672 5137 αὑτὸν
703 5081 894 5153 μήλοις
925 5079 1316 5134 ἀναπαύεσθαι·
1357 5079 1514 5133 ἅτινα
1553 5074 1706 5148 οἶμαι
1749 5074 1960 5148 καρπός

375 5169 494 5222 ἐστι
512 5168 607 5222 τοῦ
635 5169 804 5240 μήλου
829 5171 888 5223 ὲν
907 5171 1018 5228 τοῖς
1041 5169 1220 5235 ξύλοις
1243 5166 1338 5222 τοῦ
1362 5165 1568 5239 δρυμοῦ
1589 5165 1843 5237 νυμφίου,
1871 5164 1959 5218 ἵνα

373 5259 476 5330 τῆς
501 5259 682 5316 αὐτῶν
716 5260 994 5336 μεταλάϐῃ
1023 5260 1326 5332 ποιότητος·
1361 5258 1648 5328 Τέτρωμιῑι
1683 5256 1792 5328 γὰρ
1820 5257 1958 5326 φέλ-

373 5371 510 5422 τρῳ,
551 5354 707 5424 φησι,
737 5351 882 5406 κατὰ
909 5353 1000 5406 τὸν
1043 5351 1356 5422 Σύμμαχον·
1391 5349 1508 5406 άπὸ
1530 5348 1638 5404 τοῦ
1665 5345 1957 5403 ἐκλεκτοί)

369 5447 619 5513 βέλους,
652 5445 796 5501 κατά
813 5445 905 5499 τὸν
955 5444 1200 5498 Ἡσαΐαν.

2067 4707 2174 4748 non
2215 4701 2396 4748 tamen
2429 4693 2570 4748 adeo
2617 4703 2676 4748 ut
2707 4701 2973 4747 vocentur
3005 4691 3150 4746 illius
3181 4706 3301 4759 quae
3333 4705 3430 4743 nec
3461 4703 3647 4742 macu-

2065 4783 2172 4838 lam
2220 4799 2320 4840 nec
2358 4799 2549 4856 rugam
2598 4783 2778 4844 habet,
2813 4783 3098 4850 membra;
3131 4780 3344 4850 sive‘dc
3402 4779 3646 4847 optimis.

2063 4876 2170 4932 etsi
2207 4873 2330 4930 lldei
2371 4875 2594 4930 nesciis.
2641 4874 2776 4930 Illud
2831 4881 3035 4938 autem,
3089 4871 3282 4939 stipata
3332 4884 3414 4922 me
3465 4867 3644 4933 malis,

2067 4964 2430 5037 Symmachus
2479 4965 2804 5030 dilucidans,
2855 4964 2988 5019 mihi
3041 4961 3210 5016 malos
3269 4959 3522 5021 inducite.
3565 4960 3648 5012 iu—

2067 5067 2421 5128 terpretatur.
2459 5055 2586 5112 Vult
2628 5059 2774 5112 enim
2838 5071 3038 5128 sponsa
3095 5055 3241 5110 inter
3299 5051 3492 5116 malos,
3527 5065 3648 5120 qum

2067 5149 2386 5219 frequentes
2441 5149 2783 5206 circumdant
2830 5163 2976 5210 eum,
3024 5145 3386 5216 requiescere.
3424 5143 3644 5207 Verum,

2066 5250 2128 5296 nt
2167 5240 2416 5308 quaedam
2447 5248 2722 5306 asserunt,
2746 5239 2954 5293 fructus
2983 5247 3069 5293 est
3110 5235 3239 5290 mali
3272 5234 3326 5289 in
3359 5234 3516 5304 lignis
3543 5233 3647 5286 via:

2068 5336 2273 5404 sponsi,
2315 5342 2374 5386 ut
2410 5346 2598 5388 eorum
2657 5345 2908 5400 saporem
2963 5329 3276 5400 experiatur
3352 5323 3646 5380 Vulnerata

2065 5444 2184 5482 sum
2213 5425 2442 5498 philtra,
2471 5424 2624 5489 dicit,
2649 5422 2948 5478 secundum
2981 5417 3406 5493 Symmachum;
3438 5427 3516 5482 et,
3551 5432 3642 5470 sa-

2055 5522 2187 5586 qitta
2209 5517 2394 5585 electa,
2417 5515 2714 5573 secundum
2751 5513 2946 5571 Isaiam
2970 5513 3039 5569 ”.

449 5813 494 5845 ¹⁸
517 5809 720 5868 Thren.
751 5825 826 5878 tv,
888 5807 981 5864 20.
1061 5807 1104 5841 ³ο
1131 5805 1295 5865 Hebr.
1326 5822 1378 5874 τ,
1411 5807 1466 5864 1.
1541 5806 1587 5840 ³ο
1615 5804 1774 5862 Rom.
1801 5801 1969 5873 v1,“

2072 5801 2110 5834 “
2133 5798 2296 5858 lCor.
2333 5811 2458 5866 xui,
2505 5794 2590 5851 l2.
2666 5795 2710 5828 “
2739 5793 2894 5851 Cant.
2929 5807 2992 5862 ιι,
3022 5790 3108 5847 Π.
3185 5788 3352 5844 “lsa.
3398 5799 3544 5850 χιιι,
3581 5781 3638 5838 2.
