4172 6390
541 346 651 405 265

876 550 894 567 ⁸
911 542 1199 605 montibus,
1226 543 1528 597 transiliens
1560 543 1742 599 colles.

617 629 730 687 Hoc
775 630 1019 686 nonnulli
1064 632 1335 700 prioribus
1387 634 1698 689 attribuunt
1747 652 1764 700 ;
1820 634 2124 696 Hebraicus

551 737 685 777 vero
717 730 896 777 textus
941 723 1166 793 proprio
1194 724 1431 780 collocat
1458 726 1599 781 loco.
1635 726 1848 784 Etenim
1897 729 2125 786 manife-

541 822 689 870 stum
731 823 820 870 est
857 828 1116 884 sponsam
1147 830 1271 871 cum
1314 816 1441 872 ﬁliis
1470 815 1772 874 Jerusalem
1805 820 2123 891 colloquen-

541 912 650 960 tem
672 944 689 971 ,
719 905 902 962 subito
931 907 1117 976 sponsi
1154 922 1343 962 vocem
1392 909 1669 978 percipere
1690 951 1706 975 ,
1742 926 1865 966 cum
1900 915 2124 983 quibus-

540 996 667 1051 dam
714 1037 731 1065 ,
761 1007 822 1052 ut
855 998 1155 1053 verisimile
1179 1037 1198 1065 ,
1243 998 1659 1057 coniabulantis.
1689 1002 1863 1070 Quam
1894 1005 2125 1074 percipit

541 1089 599 1144 in
657 1088 933 1145 montibus
981 1089 1324 1162 collibusque
1377 1105 1596 1162 sponsas
1645 1093 1806 1150 domo
1858 1098 2124 1167 proximis

540 1191 930 1249 resonantem,
984 1197 1092 1239 non
1143 1180 1304 1238 aliter
1354 1198 1419 1239 ac
1464 1198 1753 1241 cervorum
1811 1187 2118 1246 hinnulum.

542 1272 746 1330 Deinde
778 1288 979 1345 sponsa
1026 1273 1314 1341 sollicitus,
1352 1276 1513 1332 domo
1552 1276 1613 1333 ﬁt
1659 1280 1940 1348 proximus
1966 1321 1982 1348 ,
2011 1282 2124 1336 iur-

544 1362 801 1431 tlmquea
840 1376 993 1437 tergo
1036 1367 1381 1438 aggreditur;
1409 1383 1535 1424 mox
1560 1370 1628 1425 ad
1665 1371 1930 1429 fenestras
1954 1390 2122 1444 usque

541 1453 776 1523 prosilit,
809 1458 1076 1513 amatorie
1129 1457 1276 1514 velut
1321 1459 1589 1529 inspicere
1633 1461 1861 1532 volens;
1897 1463 2121 1535 propior

541 1550 702 1605 domo
726 1550 814 1605 ubi
848 1560 934 1609 est
965 1568 1185 1624 sponsa,
1209 1554 1405 1610 multos
1431 1555 1703 1613 cancellos
1727 1558 1932 1614 circum
1955 1574 2120 1629 spon-

541 1656 660 1697 sam
704 1643 931 1716 ejusque
982 1647 1159 1702 socias
1208 1644 1516 1714 obductos,
1562 1649 1832 1705 valentior
1878 1667 2115 1723 sponsus

540 1739 884 1809 perrumpit,
936 1754 1230 1812 perque'ea
1260 1741 1600 1812 speculatur,
1639 1759 2003 1816 sponsamque
2031 1746 2118 1801 in-

1395 351 1960 410 SUPPLEMENTUM
1993 353 2087 408 AD
2122 352 2446 410 ORIGENIS
2474 354 2890 412 EXEGETlCA.

545 466 710 525 Vsus.
739 469 792 525 8.
831 468 946 526 Vox
971 470 1150 524 dilecti
1179 487 1279 524 met
1305 513 1318 533 ,
1358 489 1477 525 ecce
1502 475 1601 527 iste
1651 476 1789 528 venit
1835 475 2029 531 saliens
2066 477 2121 531 in
2151 481 2197 541 Α

3695 361 3805 418 σοι

2560 479 2894 564 ἀδελφιδοῦ
2918 494 3058 564 μου,
3091 479 3223 564 ideo.
3245 476 3573 564 oﬁrocnr'izet
3600 482 3810 564 ⁸πηδῶν

2330 549 2428 603 ἐπὶ
2458 550 2531 604 τὰ
2560 550 2687 618 ὅρη,
2716 549 3111 618 δωλλόμενος
3129 549 3227 603 ἐπὶ
3252 550 3395 617 τοὺς
3406 551 3700 618 βουνούς.

2294 640 2467 695 Τοῦτό
2511 656 2657 706 τινες
2699 644 2813 705 τοῖς
2863 638 3223 712 προλαϐοῦσιν
3279 640 3588 706 ἀπέδωκαν,
3644 643 3706 696 τὸ
3751 644 3810 699 δὲ

2241 733 2532 805 Ἐὅραῖκδν
2559 731 2618 799 ἐξ
2645 731 2779 796 ἰδίας
2798 731 2982 786 τάττει
3009 731 3335 803 περικοπῆς·
3363 733 3458 786 καὶ
3475 733 3636 805 δῆλόν
3659 737 3809 790 ἐστιν

2221 824 2298 888 ὡς
2331 826 2367 897 ἡ
2393 822 2580 895 νύμφη
2616 822 2974 894 διαλεγομένη
3006 824 3126 886 ταῖς
3158 821 3491 894 θυγατράσιν
3546 825 3809 897 Ἰερουσα-

2220 913 2352 987 λὴμ,
2383 912 2648 983 αἰφνίδιον
2691 911 3007 967 αίσθάνεται
3037 911 3140 981 τῆς
3186 912 3279 966 τοῦ
3312 914 3550 985 νυμφίου
3597 918 3806 988 φωνῆς,

2219 1005 2600 1077 διαλεγομένου
2648 1005 2792 1058 τισὶν
2845 1004 2923 1068 ὡς
2973 1005 3139 1069 εἰκός·
3178 1000 3248 1079 ἦς
3288 1005 3687 1080 αἰσθανομένης
3714 1011 3808 1065 ἐπὶ

2219 1099 2328 1153 τῶν
2357 1096 2499 1171 ὀρῶν
2529 1097 2624 1151 καὶ
2655 1097 2766 1151 τῶν
2800 1094 3007 1168 βουνῶν
3044 1096 3154 1150 τῶν
3181 1098 3598 1170 παρακειμένων
3627 1100 3707 1173 τῷ
3726 1101 3810 1158 τό·

2221 1209 2309 1262 πῳ
2332 1190 2433 1263 τῆς
2452 1189 2670 1263 νύμφης
2686 1189 3049 1260 διαλέγεσθαι,
3078 1188 3155 1254 ὡς
3176 1191 3341 1264 μηδὲν
3364 1193 3589 1264 ἀπᾴδειν
3605 1195 3803 1271 νεϐρῷ·

2218 1280 2338 1338 εἶτα
2374 1284 2575 1355 σπουδῇ
2608 1284 2674 1355 τῇ
2727 1282 2854 1354 περὶ
2902 1279 3002 1353 τὴν
3035 1279 3274 1353 νύμφην,
3316 1283 3535 1352 ἐγένετο
3578 1284 3806 1356 πλησίον

2217 1375 2313 1430 τοῦ
2337 1374 2489 1429 οἴκου
2509 1376 2604 1429 καὶ
2625 1376 2938 1449 παρέφηνεν
2962 1376 3188 1431 δπισθεν
3208 1374 3396 1431 αὐτοῦ·
3417 1370 3536 1429 εἶτα
3558 1376 3805 1450 πηδήσας

2222 1469 2383 1541 μέχρι
2413 1468 2523 1524 τῶν
2543 1469 2638 1524 τοῦ
2656 1469 2807 1525 οῐκου
2825 1470 3016 1540 φθάνει
3038 1471 3289 1544 θυρίδων,
3324 1469 3600 1540 ἐρωτικῶς
3615 1469 3804 1544 ὥσπερ

2219 1560 2422 1617 ἐθέλων
2458 1563 2541 1627 είς
2566 1563 2738 1636 αὐτὴν
2793 1562 3133 1637 παρακῦψαι·
3185 1564 3353 1634 ἐγγὺς
3392 1563 3449 1618 δὲ
3479 1563 3581 1635 τῆς
3628 1564 3804 1628 οίκίας

2217 1654 2345 1709 ἔνθα
2367 1658 2401 1727 ἠ
2432 1654 2843 1727 νύμφη,δίκτυα
2868 1656 3041 1711 πολλά
3067 1657 3330 1727 ἐπενέδρα
3348 1656 3447 1728 τῆς
3467 1656 3686 1729 νύμφης
3709 1658 3803 1712 καὶ

2215 1746 2324 1801 τῶν
2351 1748 2477 1820 περὶ
2508 1748 2678 1820 αὐτὴν
2703 1749 3126 1814 ἐκπεπέτασται,
3161 1751 3307 1822 ἀπερ
3327 1748 3583 1822 διακόψας
3602 1752 3631 1805 ό
3666 1769 3802 1823 νυμ-

540 1829 679 1884 vitat
718 1830 944 1900 propius
974 1833 1257 1888 accedere.
1294 1832 1470 1891 Audet
1495 1875 1512 1903 ,
1540 1849 1708 1905 opere
1733 1836 2111 1903 conﬁrmatur,

2217 1836 2338 1906 φίος
2382 1837 2459 1903 ὡς
2498 1839 2859 1911 ἰσχυρότερος,
2916 1839 3135 1911 διέκυψε
3173 1839 3242 1894 δι’
3294 1839 3493 1896 αὐτῶν·
3521 1840 3615 1896 καὶ
3648 1843 3802 1897 καλεῖ

541 1918 811 1975 cancellos
851 1930 1204 1979 contemnere
1227 1964 1244 1990 ,
1307 1921 1421 1992 jam
1465 1925 1703 1981 divulsos
1724 1966 1743 1992 ,
1773 1926 2117 1999 iugatamque

542 2027 640 2080 per
670 2024 766 2069 eos
795 2014 1056 2085 temporis
1081 2014 1513 2085 inclementiam,
1540 2034 1699 2090 quam
1736 2020 1967 2077 biemem
2023 2037 2117 2077 vo-

539 2114 654 2169 cat,
710 2103 931 2161 inutiles
976 2106 1525 2179 vehementioresque
1568 2109 1770 2166 imbres
1816 2109 2103 2167 ferentem.

539 2196 888 2254 Convertitur
918 2197 986 2253 ad
1016 2198 1299 2270 praesentis
1330 2201 1592 2271 temporis
1626 2203 1933 2273 commoda,
1957 2204 2118 2262 liores

545 2288 758 2344 scilicet
787 2304 986 2347 vernos
1037 2305 1103 2346 ac
1148 2291 1275 2346 vitis
1324 2293 1658 2362 putationem
1692 2294 2030 2364 pradicans;
2061 2305 2117 2351 et

550 2382 818 2438 columbae
861 2398 1050 2440 vocem
1074 2425 1092 2452 ,
1141 2392 1196 2440 et
1239 2384 1448 2457 olynthi
1479 2386 1611 2441 licus
1634 2425 1651 2452 ,
1683 2395 1738 2441 et
1783 2386 2115 2444 luxuriantes

543 2473 805 2529 describit
832 2472 1001 2541 vites;
1030 2482 1086 2529 et
1113 2474 1261 2531 intus
1287 2475 1622 2546 requiescet;
1652 2475 1901 2546 cupiebat
1923 2476 2067 2532 illam
2096 2517 2114 2545 ,

537 2578 659 2634 qua
695 2578 815 2620 erat
862 2565 1006 2622 intus
1028 2606 1045 2633 ,
1073 2566 1221 2621 vultu
1252 2575 1458 2624 retecto
1489 2582 1675 2624 coram
1719 2578 1921 2643 sponso
1946 2568 2114 2640 prod-

540 2655 640 2724 ire,
674 2657 936 2728 suavique
962 2657 1108 2715 vocis
1138 2672 1388 2715 recreare
1413 2672 1567 2715 sono.

536 2953 702 3032 Vens.
759 2958 828 3013 10
896 2973 1009 3027 seq.
1058 2958 1140 3014 En
1183 2959 1404 3032 dilectus
1451 2978 1595 3032 mens
1636 2962 1868 3032 loquitur
1900 2965 2031 3018 mihi
2094 2981 2113 3018 :

608 3025 792 3100 Surge,
828 3025 1069 3100 propera,
1091 3031 1263 3084 amica
1290 3047 1426 3093 mea,
1452 3025 1857 3097 columba-mea,
1888 3046 1935 3087 et
1971 3036 2112 3100 veni;

600 3097 725 3170 jam
747 3100 883 3152 enim
930 3098 1094 3153 hiems
1126 3102 1364 3166 transiit,
1397 3102 1564 3154 imber
1593 3102 1722 3154 abiit
1760 3110 1809 3155 et
1862 3097 2110 3170 recessit,

2215 1927 2315 2000 τὴν
2331 1926 2550 2001 νύμφην
2568 1928 2795 2002 πλησίον
2820 1929 3014 1983 ἐλθεῖν·
3053 1929 3487 2003 παραθαρρύνων
3513 1930 3657 2003 ἔργῳ
3689 1933 3798 1986 τῶν

2214 2021 2447 2076 δικτύων
2468 2024 2846 2094 καταφρονεῖν,
2856 2022 2934 2087 ὡς
2947 2021 3047 2094 ἤδη
3061 2021 3411 2093 σχισθέντων,
3429 2022 3626 2077 καὶτοῦ
3643 2024 3799 2094 χαλε-

2216 2112 2321 2167 ποῦ
2344 2112 2595 2167 διἀύτῶν
2606 2112 3054 2186 παραδραμόντος
3067 2111 3279 2186 καιροῦ,
3297 2113 3356 2168 δν
3367 2114 3608 2186 χειμῶνα
3627 2116 3797 2180 καλεῖ,

2215 2207 2465 2279 ἀνωφελῆ
2480 2207 2713 2280 φέροντα
2724 2207 2818 2260 καὶ
2829 2207 3054 2280 σφοδρὸν
3066 2207 3239 2262 ύετόν·
3258 2208 3690 2281 προτρέπεταιδέ
3706 2210 3800 2264 καὶ

2214 2295 2305 2350 διὰ
2325 2296 2433 2351 τῶν
2472 2296 2652 2351 καλῶν
2685 2297 2780 2351 τοῦ
2815 2296 3082 2369 παρόντος
3108 2297 3324 2371 καιροῦ,
3363 2298 3499 2371 ἄνθη
3525 2298 3699 2368 λέγων
3723 2298 3799 2364 ὼς

2215 2388 2273 2443 ἐν
2290 2389 2410 2464 ἐαρι
2432 2389 2528 2446 καὶ
2551 2389 2847 2462 θεραπείαν
2879 2388 3158 2461 ἀμπέλων·
3196 2389 3456 2462 τρυγόνος
3483 2408 3542 2445 τε
3594 2391 3797 2463 φωνὴν,

2216 2483 2312 2538 καλ⁵
2341 2481 2512 2553 συκῆς
2537 2479 2812 2545 ὀλύνθους,
2851 2480 2944 2536 καὶ
2976 2479 3346 2552 κυπριςούσας
3371 2482 3649 2553 ἀμπέλους
3678 2483 3796 2537 δια-

2215 2576 2435 2648 γράφει·
2465 2574 2668 2628 καὶτὸν
2695 2572 2822 2628 ἔνθα
2854 2572 3320 2627 συναναπαύσεται
3343 2574 3528 2628 τόπον·
3556 2575 3684 2630 ἔνθα
3702 2593 3797 2645 γε-

2215 2665 2444 2738 νομένην
2482 2663 2731 2719 ἐϐούλετο
2781 2663 2951 2735 αὐτὴν
2986 2662 3093 2734 ὅλῳ
3145 2662 3419 2734 προσώπῳ
3461 2662 3539 2734 τῷ
3578 2666 3797 2735 νυμφίῳ

2215 2758 2470 2828 φανῆναι,
2532 2755 2627 2810 καὶ
2675 2755 2775 2827 τῆς
2826 2754 3011 2826 ἡδείας
3069 2754 3206 2826 αὐτῇ
3256 2753 3513 2825 παρέχειν
3564 2754 3796 2810 ἀκοῦσαι

2258 2866 2401 2912 ωνης
2411 2891 2422 2901 .

2307 2868 2334 2901 ν
2411 2891 2422 2901 .

2219 2868 2637 3006 εξὶιῗθτπόξειο[νει-ται
2660 2935 3021 3005 ἀδελφιδοῦς
3033 2955 3153 3006 μου
3178 2936 3278 2991 καὶ
3311 2934 3471 3006 λέγει
3480 2955 3600 3006 μοι·
3633 2938 3793 2993 Ἀνάι-

2284 3023 2421 3069 στα,
2444 3009 2603 3069 ἐλθὲ,
2618 3008 2656 3075 ἡ
2680 3008 2952 3077 πλησίον
2960 3025 3099 3075 μου,
3133 3008 3292 3077 καλή
3317 3025 3457 3077 μου,
3484 3009 3798 3077 περιστερά

2280 3095 2420 3150 μου·
2450 3079 2540 3132 ὅτι
2569 3077 2697 3132 ἰδοὺ
2714 3081 2746 3150 ό
2763 3076 2980 3150 χειμὼν
2997 3075 3383 3150 ξταρῆλθενίό
3409 3075 3581 3150 ﬁctor;
3604 3075 3800 3150 ἀπῆλ-

605 3146 1166 3243 ἀρρον-ιιενιιηι
1204 3171 1261 3223 in
1291 3146 1431 3243 tvei‘ra
1464 3182 1665 3243 nostra,
1711 3146 2110 3243 reinpuivﬁ'iﬁ

2281 3146 2390 3205 θεν
2403 3150 2501 3243 κξιὶ
2528 3148 2821 3229 ἐπορεύθη
2839 3147 3049 3243 ἑαυξῴ
3062 3149 3141 3243 τὰ
3156 3147 3490 3243 dra-165391,
3512 3148 3588 3243 fr
3606 3146 3794 3243 τέἱτῇ.

609 3237 770 3291 tionis
798 3238 1002 3291 advenit
1031 3252 1051 3291 :
1078 3255 1179 3293 vox
1204 3241 1429 3293 turturis
1448 3242 1630 3293 audita
1657 3255 1732 3294 est
1756 3237 1824 3295 inv
1847 3237 1988 3297 terra
2016 3261 2109 3298 no-

605 3314 741 3381 stra.
769 3305 933 3360 Ficus
958 3309 1188 3381 protulit
1219 3325 1431 3377 grossos
1465 3326 1590 3364 suos
1620 3326 1640 3365 :
1671 3312 1837 3366 vinei:
1864 3314 2112 3381 ﬂorentes

603 3378 861 3431 dederunt
896 3380 1112 3433 odorem
1148 3395 1324 3435 suum.

608 3528 779 3600 Surge
807 3572 820 3595 ,
872 3531 1087 3601 inquit,
1122 3546 1152 3586 a
1181 3533 1536 3589 sensibilibus
1577 3535 1643 3590 ad
1677 3536 1979 3606 spiritualia
2002 3580 2020 3605 ,
2053 3548 2114 3595 ut

534 3621 810 3691 conjuncti
864 3624 1057 3679 simus.
1112 3623 1290 3679 Imber
1339 3626 1488 3680 abiit.
1532 3627 1632 3683 llic
1688 3629 1863 3685 imber
1901 3638 2114 3703 tempus

534 3713 712 3768 innuit
740 3724 865 3768 ante
894 3713 1326 3770 lncarnationem
1350 3755 1368 3781 ,
1402 3734 1533 3773 cum
1585 3718 1725 3775 Dens
1754 3722 1986 3780 nubibus
2015 3724 2113 3779 eli-

531 3806 645 3861 cuit
689 3806 844 3876 quasi
901 3808 1145 3876 pluviam
1206 3807 1400 3877 legalia
1450 3820 1506 3865 et
1552 3813 1870 3883 prophetica
1923 3817 2108 3871 verba.

532 3897 779 3955 Recessit
810 3899 971 3955 simul
1030 3916 1094 3956 ac
1131 3901 1218 3956 lea:
1255 3912 1303 3957 et
1341 3904 1607 3972 propheta:
1636 3921 1800 3972 usque
1830 3906 1900 3960 ad
1940 3906 2112 3963 Joan-

534 4007 650 4045 nem
682 3990 776 4057 ἐς
821 4006 917 4046 ver
959 4002 1140 4048 autem
1195 4004 1250 4049 et
1290 4004 1451 4051 aestas
1503 4006 1623 4067 post
1678 3996 2110 4053 Incarnationem

528 4081 848 4150 subierunt;
877 4098 977 4138 nec
1002 4083 1114 4153 jam
1160 4099 1297 4156 opus
1343 4095 1465 4142 erat
1514 4086 1793 4144 imbribus.
1820 4088 1923 4145 Per
1954 4088 2111 4145 Chri-

531 4180 674 4228 stum
712 4181 856 4228 terra
904 4182 1075 4230 strata
1113 4184 1197 4231 est
1246 4175 1506 4246 ﬂoribus;
1553 4179 1707 4250 cujus
1759 4190 1815 4237 et
1863 4183 2113 4238 incarna-

532 4264 696 4330 tione,
726 4264 883 4331 ﬁcus,
917 4282 1037 4337 qua:
1070 4269 1253 4337 priore
1295 4279 1536 4341 tempore
1563 4280 1835 4337 creverat,
1866 4288 1972 4327 non
2006 4284 2112 4328 ste-

532 4358 648 4414 rilis
694 4360 1003 4425 exciditur;
1048 4378 1187 4416 nunc
1237 4365 1373 4418 enim
1405 4363 1645 4435 olynthos
1674 4365 1912 4434 protulit,
1944 4376 1992 4419 et
2027 4365 2112 4419 lu-

528 4450 747 4504 xuriant
791 4452 968 4507 uites:
1004 4454 1125 4508 ideo
1154 4455 1206 4508 in
1237 4453 1443 4512 Christi
1487 4456 1807 4525 palmitibus
1830 4498 1846 4523 ,
1890 4458 2062 4528 inquit
2091 4497 2106 4522 ,

530 4543 693 4597 bonus
734 4545 866 4598 odor
898 4544 1005 4599 Deo
1026 4561 1209 4600 sumus
1239 4546 1307 4600 ".

533 4633 696 4691 Vens.
739 4635 842 4707 i3,
878 4634 968 4693 Ν.
1002 4635 1190 4706 Surge,
1219 4653 1385 4691 amtca
1416 4654 1564 4697 mea.
1599 4638 1832 4707 speciosa
1861 4653 1975 4690 mea
2000 4675 2017 4701 ,
2057 4647 2106 4691 et

598 4707 728 4768 ueni,
760 4705 1000 4759 columba
1028 4705 1160 4769 mea,
1203 4707 1258 4760 in
1295 4705 1638 4774 foraminibus
1683 4720 1877 4775 petra),
1914 4710 1969 4759 in
2013 4723 2106 4759 ca-

595 4791 751 4828 verna
773 4776 1038 4829 maceria.
1075 4775 1303 4830 Ostende
1342 4777 1469 4828 mihi
1511 4778 1699 4845 faciem
1745 4787 1888 4830 tuam
1912 4815 1926 4836 .
1954 4784 2106 4829 sonet

597 4861 697 4897 nos:
732 4855 825 4899 tua
858 4846 917 4899 in
955 4845 1173 4900 auribus
1205 4847 1375 4912 meis;
1415 4862 1517 4900 vos:
1553 4847 1694 4902 enim
1715 4858 1807 4901 tua
1834 4846 2029 4909 dulcis.
2056 4855 2106 4901 et

598 4917 762 4980 {acies
783 4923 879 4969 tua
910 4918 1121 4970 decora.

603 5068 727 5125 Vult
775 5070 1010 5127 animam
1064 5071 1345 5128 sensibilis
1389 5072 1720 5144 transgredi.
1771 5071 2099 5130 Sensibilem

524 5161 670 5217 enim
702 5164 962 5219 mundum
993 5164 1146 5234 quasi
1172 5166 1371 5219 muenia
1404 5175 1458 5219 et
1489 5166 1887 5221 munimentum
1918 5165 2097 5235 oppidi

524 5261 704 5308 vocat.
734 5251 957 5323 Oportet
988 5257 1153 5327 igitur
1181 5256 1439 5321 animam,
1473 5255 1701 5311 rationis
1733 5256 2048 5326 participem
2080 5295 2096 5323 ,

523 5346 580 5398 in
630 5345 979 5414 foraminibus
1026 5354 1231 5415 petra,
1279 5362 1387 5401 non
1429 5348 1602 5403 solum
1656 5356 1816 5401 extra
1865 5345 2100 5401 civitatis

527 5438 750 5502 mmnia,
788 5439 880 5493 sed
911 5450 966 5493 et
1001 5448 1155 5493 extra
1185 5439 1379 5492 vallum
1412 5439 1647 5504 versari,
1685 5450 1739 5492 ut
1767 5438 1849 5492 ori
1882 5437 2097 5494 detecto

531 5528 755 5597 propior
800 5527 962 5592 facta,
1001 5528 1228 5598 gloriam
1260 5526 1474 5583 Domini
1509 5528 1845 5597 speculetur,
1882 5538 2098 5598 parcat-

597 5765 644 5799 "
669 5763 803 5821 Luc.
840 5779 950 5829 xvi,
990 5764 1074 5817 l6.
1122 5762 1198 5835 ﬁ”
1227 5760 1426 5833 lLCor.
1463 5777 1523 5827 ιι,
1561 5761 1644 5818 l5.

2285 3220 2489 3287 καιρὸς
2516 3218 2625 3288 τῆς
2651 3216 2837 3288 τομῆς
2866 3216 3105 3288 ἔφθακε
3153 3218 3322 3287 φωνὴ
3370 3216 3480 3288 τῆς
3511 3216 3799 3287 τρυγόνος

2280 3285 2672 3356 ἠκούσθηέν
2716 3285 2790 3358 τῇ
2827 3285 2909 3356 τῇ
2948 3285 3221 3356 ἡμῶν·ήὴ
3269 3287 3431 3358 συκῆ
3473 3285 3801 3358 ἐξήνεγκεν

2284 3360 2581 3425 ὀλύνθους
2600 3356 2807 3424 αὐτῆς·
2844 3360 2904 3410 at
2934 3358 3187 3428 ἄμπελοι
3213 3356 3623 3427 κυπρίζουσιν,
3651 3356 3797 3414 56w-

2285 3446 2401 3483 καν
2426 3430 2647 3499 ὀσμήν,
2672 3445 2727 3482 κ.
2745 3446 2796 3482 τ.
2821 3429 2868 3482 ἐ.

2295 3517 2574 3583 Ἀνάστα,
2594 3519 2779 3590 φησὶν,
2795 3520 2901 3573 ἀπὸ
2926 3518 3034 3572 τῶν
3059 3517 3333 3589 αἰσθητῶν
3360 3518 3497 3590 πρὸς
3525 3520 3593 3571 τὰ
3609 3520 3793 3589 νοητὰ,

2213 3614 2304 3667 ῖνα
2347 3613 2605 3683 συνῆμεν·
2650 3612 2712 3665 '0
2744 3611 2917 3677 ὑετὸς
2946 3611 3240 3679 ἀπῆλθεν·
3279 3610 3507 3682 εἴπομεν
3542 3610 3609 3665 ἂν
3643 3611 3797 3664 ὑετὸν

2211 3704 2513 3774 γεγονέναι,
2546 3704 2637 3757 τὸν
2667 3702 2774 3775 πρὸ
2804 3704 2902 3776 τῆς
2940 3702 3263 3774 Ἐπιδημίας
3294 3702 3504 3774 καιρὸν,
3543 3701 3636 3756 τοῦ
3658 3701 3794 3756 Θεοῦ

2210 3796 2592 3868 ἐντειλαμένου
2615 3798 2736 3859 ταῖς
2758 3796 3006 3865 νεφέλαις
3027 3794 3141 3848 ὓειν
3171 3792 3261 3848 τὸν
3291 3794 3512 3866 νομικὸν
3538 3795 3633 3848 καὶ
3657 3810 3795 3865 προ-

2213 3887 2440 3958 φητικὸν
2467 3886 2645 3957 λόγον·
2669 3875 2981 3940 πεπαῦσθαι
3004 3886 3060 3940 δέ
3091 3884 3300 3948 τοῦτον,
3318 3884 3523 3955 ἐπειδὴ
3551 3888 3584 3938 ὀ
3610 3886 3795 3952 νόμος

2211 3980 2312 4033 καὶ
2347 3983 2401 4033 οἱ
2432 3978 2729 4048 προφῆται
2780 3976 2891 4044 ἕως
2950 3976 3242 4032 Ἰωάννου·
3291 3975 3391 4047 ἐαρ
3420 3976 3476 4029 δὲ
3505 3976 3599 4028 καὶ
3638 3973 3793 4045 θέρος

2214 4072 2351 4144 μετὰ
2378 4071 2476 4144 τὴν
2512 4069 2854 4142 Ἐπιδημίαν’
2893 4071 2975 4123 ὅτι
3002 4070 3197 4140 μηκέτι
3226 4068 3398 4122 ύετῶν
3422 4068 3579 4139 χρεία
3607 4068 3695 4120 ὅτε
3728 4067 3794 4120 τὰ

2208 4166 2298 4220 διὰ
2320 4165 2553 4238 Χριστὸν
2583 4163 2718 4235 ἄνθη
2737 4161 2895 4233 ὤφθη
2931 4163 2989 4215 ἐν
3013 4164 3079 4233 τῇ
3106 4164 3197 4232 γῇ·
3235 4160 3332 4214 καὶ
3351 4159 3459 4213 ἀπὸ
3479 4159 3577 4230 τῆς
3608 4157 3794 4227 ἐπιδη-

2213 4258 2342 4331 μίας
2370 4257 2558 4326 αύτοῦ,
2596 4259 2630 4330 ἡ
2679 4255 2820 4326 συκῆ
2849 4256 2951 4309 ούκ
2992 4255 3317 4308 ἐκκόπτεται
3350 4252 3601 4324 ἄκαρπος
3631 4253 3690 4305 ἐν
3716 4248 3794 4321 τῷ

2211 4351 2459 4422 προτέρῳ
2496 4348 2762 4421 γενομένη
2792 4346 2991 4419 καιρῷ·
3027 4345 3167 4401 νυνὶ
3206 4346 3316 4417 τὰρ
3346 4344 3644 4409 ὀλύνθους
3697 4342 3791 4407 ἐε-

2208 4443 2447 4512 ήνεγκε,
2487 4440 2585 4497 καὶ
2610 4437 2999 4508 κυπρίζουσιν
3053 4441 3112 4492 at
3137 4437 3410 4507 ἄμπελοι·
3459 4434 3540 4490 διό
3598 4450 3788 4505 φησιν,

2143 4536 2186 4592 D
2216 4534 2273 4588 ἐν
2322 4534 2431 4588 τῶν
2461 4532 2764 4605 ζκλημάτων
2794 4531 3050 4603 Χριστοῦ,
3078 4531 3314 4595 εὐωδία,
3338 4527 3529 4599 ἐσμὲν
3549 4527 3631 4593 τῷ
3648 4525 3788 4591 Θεῷ.

2226 4626 2499 4689 Ἀνάστα,
2528 4625 2689 4689 ἐλθὲ,
2724 4627 2761 4695 ἡ
2780 4626 3047 4693 πλησίον
3090 4642 3230 4694 μου,
3258 4622 3414 4695 καλή
3441 4638 3582 4695 μου,
3627 4633 3789 4695 περι-

2283 4689 2759 4788 ίῑτερεὲμοξλᾶξί
2778 4689 3791 4788 et“:effzﬁejzriefﬂz~,ftzfé:

2283 4762 2513 4849 ornati};
2544 4765 2763 4834 πέτρας
2817 4767 3074 4837 ἐχόμενα
3128 4765 3234 4818 τοῦ
3275 4762 3786 4849 προτειχίσματος·

2282 4837 2486 4906 δειξόν
2504 4854 2607 4906 μοι
2629 4838 2745 4906 τὴν
2771 4836 2917 4905 ὄψιν
2936 4853 3075 4901 σου,
3094 4837 3192 4889 καὶ
3224 4835 3555 4906 augurarer
3577 4828 3786 4906 ysfﬁr

2274 4898 2485 4977 φωνήν
2504 4898 2654 4971 σου,
2677 4898 2768 4961 ὅτι
2856 4906 3024 4976 φωνή
3054 4898 3172 4960 σου
3198 4903 3387 4973 ἡδεῖα,
3434 4901 3531 4958 καὶ
3568 4898 3608 4969 ἦ
3642 4898 3783 4969 ὄψις

2279 4995 2396 5032 σου
2424 4979 2629 5047 ὡραία.

2277 5068 2537 5123 Βούλεται
2560 5069 2660 5139 τὴν
2684 5065 2864 5139 ψυχὴν
2896 5064 3199 5138 ύπερὸἦναι
3233 5063 3304 5118 τὰ
3324 5060 3574 5132 αἰσθητά·
3603 5058 3680 5122 ὡς
3696 5057 3789 5111 ἐπὶ

2206 5162 2414 5225 πόλεως
2455 5161 2512 5215 δὲ
2566 5164 2745 5231 τεῖχος
2801 5160 2896 5213 καὶ
2940 5158 3322 5230 προτείχισμα,
3381 5155 3475 5208 τὸν
3531 5150 3788 5222 αἰσθητὸν

2204 5255 2408 5326 κόσμον
2434 5253 2605 5307 καλεῖ·
2629 5253 2709 5307 δεῖ
2734 5249 2828 5306 οὖν
2852 5251 2952 5322 τὴν
2977 5249 3055 5320 τῷ
3069 5248 3213 5319 λόγῳ
3228 5245 3591 5301 κοινωνοῦσαν
3611 5242 3788 5313 ψυχὴν

2203 5346 2275 5399 ἐν
2300 5344 2498 5414 σκέπῃ
2525 5343 2635 5412 τῆς
2667 5343 2910 5413 πέτρας,
2936 5343 2995 5395 ού
3031 5342 3190 5413 μόνον
3219 5340 3323 5406 ἔξω
3339 5337 3433 5393 τοῦ
3459 5336 3671 5407 τείχους
3689 5335 3788 5405 τῆς

2204 5435 2434 5500 πόλεως,
2464 5434 2600 5489 ἀλλά
2628 5437 2722 5490 καὶ
2759 5435 2855 5490 τοῦ
2895 5435 3348 5509 προτειχίσματος
3390 5428 3662 5500 γενέσθαι·
3712 5424 3789 5487 ὡς

2206 5527 2434 5583 πλησίον
2474 5527 2772 5601 γενομένην
2811 5525 3310 5598 ἀνακεκαλυμμένῳ
3359 5520 3634 5596 προσώπῳ
3687 5514 3790 5589 τὴν
