4172 6414
374 332 484 388 265
1489 325 1784 384 SCIIOLIA
1822 324 1889 380 IN
1934 325 2235 383 CANTICA
2277 322 2548 382 CANTIC.
3559 328 3664 384 266

370 449 528 514 δόξαν
559 451 654 506 τοῦ
679 452 886 524 Κυρίου
917 450 1394 522 κατοπτρίζεσθαι·
1428 449 1757 520 πειθομένην
1785 448 1859 520 τῷ
1882 450 1948 503 λέ·

2074 464 2179 518 que
2206 449 2403 504 dicenti
2447 465 2461 502 :
2495 445 2719 501 Ostende
2741 446 2871 499 milii
2914 445 3100 515 faciem
3147 454 3313 500 tuam.
3341 445 3504 518 Cupit
3533 464 3665 505 vero

371 559 543 610 γοντι,
576 542 788 607 Δεῖξόν
828 560 932 611 μοι
977 541 1092 609 τὴν
1127 541 1270 610 ὄψιν
1292 557 1428 595 σου·
1466 540 1726 611 ἐπιθυμεῖ
1761 541 1817 594 δὲ
1873 541 1948 594 κα⁴

2075 542 2236 596 etiam
2262 541 2566 609 loquentem
2591 553 2709 593 eam
2735 538 2944 603 audire,
2960 539 3287 594 suavitatem
3305 541 3457 598 .vocis
3481 544 3652 596 mira-

367 635 761 708 διαλεγομενης
785 632 1039 698 ἀκοῦσαι,
1072 634 1171 706 τὴν
1217 635 1401 706 φωνὴν
1422 635 1497 698 ὡς
1537 635 1719 705 ἡδεῖαν
1748 635 1963 705 θαυμά-

370 729 498 793 ζων·
529 728 893 801 προτείχισμα
927 728 984 781 δέ
1022 731 1191 796 ἐστιν,
1219 731 1357 800 ὅπερ
1397 729 1626 792 Ἡσαΐας
1657 728 1963 801 περίτειχον

372 821 649 893 ὀνομάζει,
674 821 868 891 λέγων·
886 819 1059 887 θήσει
1079 821 1295 890 τεῖχος,
1312 821 1347 892 ἢ
1367 837 1433 873 πε
1443 819 1689 891 ρίτειχος·
1719 817 1964 889 βούλεται

372 915 556 969 τοίνυν
595 913 706 968 τῶν
757 913 1084 984 σωματικῶν
1117 912 1456 978 ἐξελθοῦσαν,
1493 912 1554 966 οὐ
1614 911 1772 983 μόνον
1801 913 1859 965 ἐν
1887 910 1966 982 τῷ

374 1008 542 1078 τείχει
585 1006 856 1076 γενέσθαι,
892 1006 1030 1077 ὅπερ
1061 1000 1200 1058 εἶναι
1225 1005 1316 1058 τὸν
1351 1005 1480 1077 περὶ
1505 1002 1598 1058 τοῦ
1614 1004 1836 1074 ’κόσμου
1871 1002 1964 1055 λό-

374 1116 469 1168 γον
492 1096 716 1168 νομίζω,
739 1096 874 1150 ἀλλά
897 1098 992 1151 καὶ
1013 1096 1248 1168 ἐχόμενα
1270 1095 1364 1150 τοῦ
1391 1096 1864 1167 προτειχίσματος·
1905 1096 1964 1159 ὃς

372 1190 530 1259 λόγος
569 1190 668 1262 μέν
709 1191 826 1244 ἐστι
849 1190 1161 1253 τελευταῖος
1191 1188 1301 1242 τῶν
1339 1189 1689 1260 σωματικῶν,
1715 1188 1859 1261 ἀρχὴ
1903 1188 1962 1241 δέ

372 1282 479 1336 τῶν
497 1284 832 1354 ἀσωμάτων.

370 1374 632 1429 Πιάσατε
685 1375 830 1443 ἡμῖν
873 1375 1193 1440 ἀλώπεκας
1250 1375 1504 1444 μικροὺς
1565 1372 1962 1444 ἀφανίζοντας

405 1444 785 1514 ἀμπελῶνας,
813 1447 910 1499 καὶ
942 1448 1001 1499 ai
1019 1443 1274 1515 ἄμπελοι
1314 1443 1484 1515 ἡμῶν
1512 1443 1923 1512 κυέτρίζουσιν.

443 1537 628 1592 Ταῦτα
654 1541 766 1602 τοῖς
801 1538 973 1608 φίλοις
1003 1540 1030 1590 6
1064 1537 1313 1607 νυμφίος,
1328 1538 1460 1608 ’ἦτοι
1494 1537 1764 1606 ἀγγέλοις.
1808 1536 1959 1607 ἢάν-

368 1629 556 1702 δράσιν
595 1631 792 1698 ἁγίοις,
833 1631 944 1683 ὅσοι
974 1629 1074 1698 τῆς
1111 1630 1436 1702 Ἐκκλησίας
1457 1629 1784 1683 διδάσκαλοι·
1821 1628 1959 1700 ὑπὲρ

371 1722 645 1794 σωτηρίας
683 1721 740 1775 δέ
766 1722 872 1776 τῶν
921 1721 1258 1794 ἀμπελώνων
1298 1723 1330 1793 ή
1369 1724 1671 1794 προτροπή·
1703 1722 1791 1774 ἴνα
1849 1719 1957 1773 τῶν

2075 645 2179 689 tus.
2235 631 2448 686 Vallum
2481 642 2661 686 autem
2696 631 2836 685 idem
2876 640 2960 686 est
2984 671 3001 694 ,
3045 632 3187 700 quod
3218 631 3388 688 Isaias
3415 634 3660 688 exterius

2072 721 2462 775 munimentum
2486 720 2966 784 vocat",dicens:
2994 719 3288 776 Constituet
3319 739 3528 777 murum
3558 741 3657 780 seu

2072 812 2564 886 propugnaculum.
2621 811 2743 867 Vult
2800 812 2969 882 igitur
3015 828 3137 868 eam
3192 829 3223 868 e
3271 815 3654 884 corporalibus

2067 905 2398 969 exsolutam,
2427 921 2532 961 non
2571 915 2782 960 tantum
2815 919 2939 960 esse
2982 905 3124 961 intra
3164 909 3364 963 moenia
3393 950 3409 976 ,
3435 911 3488 965 id
3531 920 3654 978 est,

2067 1007 2126 1052 ut
2153 998 2370 1067 Opinor,
2400 997 2452 1050 in
2487 997 2688 1052 mundo
2716 1037 2730 1062 ,
2760 1000 2854 1054 sed
2883 997 3047 1052 etiam
3092 1000 3145 1053 in
3176 999 3311 1055 locis
3345 1017 3654 1074 pr0pugna-

2068 1089 2193 1143 culo
2235 1088 2547 1160 contiguis,
2597 1090 2740 1161 quod
2777 1093 2993 1162 quidem
3044 1094 3410 1162 corporalium
3468 1095 3655 1162 linem,

2071 1179 2492 1250 incorporalium
2523 1198 2651 1238 vero
2682 1183 2898 1238 initium
2922 1185 3214 1256 signiﬁcat.

2102 1361 2267 1437 Vens.
2321 1363 2412 1437 I5.
2471 1362 2655 1437 Capite
2708 1365 2858 1418 nobis
2908 1365 3083 1429 vulpes
3138 1367 3388 1437 parvulas
3432 1408 3447 1432 ,
3499 1384 3616 1437 qua:

2155 1433 2514 1486 demoliuntur
2555 1435 2772 1498 vineas;
2806 1450 2928 1488 nam
2965 1437 3114 1490 vinea
3137 1445 3317 1490 nostra
3351 1433 3555 1506 ﬂoruit.

2138 1522 2264 1578 Haec
2313 1525 2508 1578 amicis
2557 1539 2788 1594 sponsus
2816 1565 2830 1590 ,
2861 1527 2976 1582 sive
3000 1527 3212 1596 angelis
3235 1567 3253 1594 ,
3284 1530 3400 1584 sive
3441 1532 3651 1588 sanctis

2064 1615 2425 1686 viris,quippe
2445 1614 2704 1671 Ecclesiae
2733 1615 3061 1671 doctoribus.
3083 1616 3164 1672 Ad
3189 1619 3470 1672 vinearum
3499 1619 3653 1674 salu-6

2066 1716 2171 1762 tem
2202 1707 2513 1763 cohortatio
2543 1718 2658 1774 est;
2693 1722 2888 1778 nempe
2929 1718 2988 1763 ut
3015 1711 3255 1767 subdolis
3288 1713 3516 1768 remotis
3546 1729 3649 1784 po-

368 1814 692 1886 πανούργων
739 1814 1263 1886 συλλαμϐανομένων
1291 1814 1592 1885 δυνάμεων,
1617 1813 1673 1866 αἳ
1707 1813 1948 1882 διαφθεί-

2055 1799 2378 1864 testatibus,
2448 1813 2569 1869 quae
2615 1800 2824 1853 lructus
2879 1802 3296 1871 germinationis
3352 1805 3649 1874 primordia

371 1926 558 1980 ρουσαι
589 1908 687 1980 τὴν
717 1910 890 1981 ἀρχὴν
905 1910 1008 1980 τῆς
1027 1908 1307 1978 ἐκφύσεως
1326 1908 1419 1961 τοῦ
1447 1907 1680 1980 καρποῦ,
1714 1905 1956 1978 δυνηθῶ-

368 2014 452 2051 σιν
472 2000 526 2052 αί
551 1999 784 2069 ἄμπελοι
809 1998 1079 2073 προκόψαι
1104 1997 1211 2052 ἀπὸ
1231 1997 1326 2051 τοῦ
1347 1996 1635 2069 κυπρίζειν
1674 1996 1836 2068 μέχρι
1855 1995 1956 2067 τῆς

366 2090 459 2144 τοῦ
493 2089 706 2163 καρποῦ
749 2089 1096 2160 τελειώσεως,
1141 2090 1247 2144 ὑπὸ
1288 2089 1380 2143 τοῦ
1433 2089 1568 2143 Θεοῦ
1606 2087 1960 2160 γεωργούμε-

366 2199 475 2235 ναι·
504 2182 590 2236 διά
614 2182 671 2235 δέ
699 2182 761 2235 τὸ
783 2180 1127 2249 αὐτεξούσιον
1163 2181 1454 2252 δυνάμεναι
1483 2181 1704 2250 ἐνέγκαι
1747 2179 1957 2252 καρπόν

365 2291 426 2328 τε
455 2275 548 2328 καὶ
595 2277 689 2347 μή·
727 2274 760 2347 ἢ
792 2275 933 2346 τάχα
967 2273 1063 2328 καὶ
1086 2274 1382 2345 ἄνθρωποι,
1408 2273 1688 2338 ἀλώπεκές
1717 2291 1862 2337 τινες
1890 2273 1957 2327 δι’

367 2366 673 2438 ὲτεροδὸξου
697 2367 1028 2439 δριμύτητος
1060 2366 1438 2437 ἐμποδίζοντες
1476 2370 1590 2430 τοῖς
1623 2365 1953 2439 ἀρξαμένοις

364 2456 581 2530 τρέχειν
597 2456 795 2520 καλῶς·
822 2456 914 2521 οὓς
935 2456 1014 2510 ἔτι
1041 2458 1268 2529 μικροὺς
1288 2456 1448 2521 ὄντας
1485 2455 1731 2527 βούλεται
1759 2455 1956 2526 συλλη-

367 2548 569 2620 φθῆναι
587 2549 714 2620 πρὶν
739 2547 992 2602 ἐπιπλέον
1007 2548 1260 2613 ἀσεϐείας
1282 2547 1621 2620 προκόψωσι·
1657 2548 1830 2619 μέγας
1844 2547 1952 2622 γάρ

366 2639 591 2712 ἀλώπηξ
623 2640 932 2710 γενόμενος,
957 2640 1186 2705 ἐκείνοις
1213 2641 1310 2712 μὲν
1339 2640 1635 2704 ἀνάλωτος,
1660 2640 1765 2693 ὑπὸ
1792 2639 1952 2710 μόνου

364 2731 424 2784 δέ
453 2731 546 2784 τοῦ
568 2733 799 2803 νυμφίου
835 2731 1144 2805 θηρεύεται·
1175 2732 1466 2804 ἀρχόμενοι
1496 2731 1604 2803 γὰρ
1630 2732 1871 2803 ἐνεργεῖν
1887 2732 1956 2786 τά

364 2822 603 2895 χείρονα,
651 2826 887 2889 καὶτοῖς
920 2824 1092 2894 φίλοις
1132 2812 1413 2879 εὐάλωτοι·
1467 2823 1614 2894 λέγει
1659 2825 1707 2878 δ’
1755 2824 1821 2879 ἂν
1859 2827 1954 2878 καὶ

367 2918 596 2988 μικροὺς
633 2919 760 2981 τοὺς
785 2917 1133 2989 ἀμπελῶνας·
1178 2917 1240 2971 οὐ
1269 2917 1491 2972 δύναται
1535 2916 1645 2988 γάρ
1675 2917 1818 2972 κατά
1843 2917 1953 2971 τῶν

366 3009 616 3079 μεγάλων
641 3009 887 3082 ἀλώπηξ.

376 3100 722 3171 Ἀδελφιδός
760 3120 878 3172 μου
923 3102 954 3156 ἐ
1034 3102 1074 3166 l,
1125 3100 1286 3171 κάγὼ
1316 3100 1506 3167 αὐτῷ·
1549 3105 1582 3155 ό
1621 3103 1952 3172 ποιμαίνων

431 3170 502 3226 ἐν
523 3172 648 3226 τοῖὶ·
664 3173 908 3226 κρίνοις.
934 3120 1046 3226 έῶῡε
1084 3168 1155 3226 οὗ
1178 3171 1517 3226 diam-etiam
1553 3175 1591 3226 νὴ
1621 3173 1830 3226 ὐιιέοα.
1857 3174 1952 3226 καὶ

431 3170 502 3226 ἐν
523 3170 648 3238 τοῖς
664 3170 908 3240 κρίνοις,
934 3170 1010 3226 ἕω

433 3242 763 3312 κινηθῶσιν
785 3247 842 3297 αἱ
868 3243 1055 3296 σκιαί.

435 3336 507 3390 Ἢ
538 3335 724 3408 νύμφη
752 3336 888 3407 πρὸς
921 3337 1046 3400 τοὺς
1083 3336 1333 3408 ἑταίρους
1360 3337 1455 3390 τοῦ
1501 3337 1734 3407 νυμφίου
1781 3339 1946 3410 φησὶν

360 3430 436 3494 ὡς
465 3429 719 3500 οὐδεμίαν
753 3427 949 3498 ἔχουσα
975 3427 1112 3500 πρὸς
1143 3430 1268 3494 τοὺς
1318 3428 1609 3493 ἀλώπεκας
1635 3432 1942 3501 μετουσίαν·

359 3518 722 3590 ἐκοινώνησαν
754 3520 865 3591 γὰρ
894 3523 1050 3591 ἡμῖν,
1087 3521 1281 3592 φησὶν,
1318 3521 1550 3591 αἵματος
1584 3523 1678 3576 καὶ
1719 3523 1943 3593 σαρκὸς,

360 3613 456 3664 καὶ
480 3612 641 3680 ἡμεῖς
660 3611 807 3682 αὐτῷ
831 3611 933 3680 τῆς
964 3610 1293 3682 ἀφθαρσίας.
1329 3613 1400 3665 Ἢ
1420 3613 1502 3666 ὅτι
1532 3613 1560 3665 6
1589 3612 1722 3677 Θεὸς
1746 3615 1804 3667 ἐν
1836 3613 1944 3683 ψυ-

361 3703 432 3772 XII
461 3699 691 3768 γίνεται,
718 3702 812 3754 καὶ
848 3702 881 3772 ἡ
908 3700 1052 3772 ψυχὴ
1085 3704 1164 3764 εἰς
1200 3702 1333 3755 Θεὸν
1385 3702 1770 3773 μετοικίζεται·
1800 3703 1944 3758 οὕτω

361 3790 456 3843 καὶ
484 3792 512 3842 6
537 3788 769 3853 Παῦλος·
805 3790 876 3843 Τὸ
923 3790 1095 3860 σῶμα
1136 3793 1208 3846 οὐ
1237 3790 1311 3860 τῇ
1367 3794 1634 3860 πορνείᾳ,
1665 3793 1827 3848 ἀλλὰ
1865 3794 1946 3860 τῷ

357 3880 574 3948 Κυρίῳ,
602 3881 699 3933 καὶ
718 3882 980 3948 όΚύριος
1003 3880 1082 3946 τῷ
1104 3881 1348 3951 σώματι·
1378 3882 1539 3954 σῶμα
1554 3883 1663 3954 γὰρ
1694 3886 1727 3955 ἡ
1755 3886 1941 3956 νύμφη

370 3971 668 4043 Ἐκκλησία
702 3972 959 4044 Χριστοῦ,
992 3973 1052 4026 τὸ
1085 3973 1350 4046 μηδαμῶς
1380 3978 1447 4046 τῇ
1485 3978 1732 4046 πορνείᾳ,
1763 3976 1849 4029 ἀεὶ
1887 3977 1944 4030 δέ

355 4065 435 4136 τῷ
468 4065 679 4136 Κυρίῳ·
715 4066 808 4118 καὶ
851 4065 1011 4128 αὐτὸς
1035 4065 1092 4118 δὲ
1141 4067 1169 4118 6
1201 4066 1412 4136 Σωτήρ·
1449 4065 1707 4121 Μείνατε
1726 4065 1797 4119 ἐν
1813 4065 1944 4134 ἐμοὶ

356 4154 518 4224 κάγὼ
543 4157 612 4209 ἐν
643 4155 806 4226 ὑμῖν·
836 4158 893 4209 ἐν
918 4155 975 4209 δέ
1006 4161 1118 4220 τοῖς
1147 4156 1274 4227 ἑξῆς
1307 4156 1574 4210 ἀνάπαλιν
1608 4157 1937 4228 γέγραπται·

367 4247 516 4318 Ἐγὼ
544 4247 624 4314 τῷ
651 4247 948 4317 ἀδελφιδῷ
966 4267 1108 4318 μου,
1125 4249 1224 4303 καὶ
1251 4252 1284 4303 ό
1309 4248 1630 4318 ἀδελφιδός
1642 4268 1762 4319 μου
1788 4249 1938 4319 ἐμοί.

359 4340 431 4393 ’Ἦ
458 4340 596 4410 τάχα
627 4339 716 4393 διά
761 4339 822 4392 τὸ
853 4339 951 4410 τὴν
979 4340 1152 4412 ἀρχὴν
1192 4341 1292 4412 τῆς
1345 4341 1664 4412 εὐεργεσίας
1709 4341 1818 4396 ἀπὸ
1845 4340 1940 4394 τοῦ

355 4430 589 4500 νυμφίου
610 4429 884 4499 γενέσθαι·
909 4428 985 4500 μὴ
999 4430 1398 4500 ἐμφανίσαντος
1430 4430 1541 4502 γάρ
1564 4429 1755 4484 ἑαυτὸν
1775 4431 1938 4502 αὐτῇ,

2063 1887 2330 1952 inliciunt,
2361 1889 2574 1959 possint
2606 1890 2748 1944 vites
2775 1903 2804 1942 a
2836 1889 2971 1947 ﬂore
3020 1909 3196 1963 usque
3237 1899 3306 1950 ad
3347 1896 3644 1972 perlectam

2061 1981 2426 2036 maturitatem
2460 1984 2729 2052 prolicere
2755 2027 2771 2052 ,
2800 1985 2914 2041 Deo
2955 1986 3211 2054 colente;
3246 1987 3424 2044 libero
3463 2003 3647 2048 autem

2061 2079 2292 2134 arbitrio
2325 2079 2560 2136 fructum
2591 2080 2734 2137 ferre
2759 2124 2773 2148 ,
2813 2083 2894 2137 vel
2931 2099 3038 2138 non
3065 2082 3211 2140 l‘erre
3242 2093 3492 2155 possunt.
3536 2085 3648 2141 Aut

2060 2169 2295 2226 fortasse
2322 2172 2590 2240 homines,
2607 2176 2749 2229 sicut
2775 2174 2960 2245 vulpes
2976 2177 3045 2230 ob
3071 2176 3457 2233 heterocloxam
3485 2193 3640 2235 acer-

2060 2263 2282 2320 bitatem
2315 2265 2454 2320 bene
2510 2266 2774 2336 proﬁcere
2821 2269 3211 2338 incipientibus
3255 2271 3645 2341 impedimento

2060 2363 2207 2408 sunt.
2275 2353 2422 2420 Quos
2472 2355 2730 2424 quidem,
2784 2359 2963 2414 adhuc
3025 2375 3259 2429 parvos,
3322 2361 3434 2416 vult
3479 2364 3641 2432 capi,

2061 2445 2378 2513 priusquam
2429 2446 2481 2499 in
2516 2446 2774 2515 majorem
2811 2450 3234 2520 progrediantur
3275 2450 3638 2521 impietatem.

2057 2535 2285 2602 Quando
2326 2538 2470 2593 enim
2523 2541 2704 2595 adulta
2761 2550 2847 2596 est
2893 2543 3103 2612 vulpes,
3175 2544 3292 2599 istis
3347 2545 3546 2600 invicta
3609 2562 3641 2600 a

2057 2643 2258 2701 sponso
2277 2631 2393 2687 solo
2424 2633 2546 2701 capi
2571 2643 2768 2700 potest.
2805 2633 3129 2704 Incipienlcs
3155 2637 3302 2690 enim
3355 2637 3636 2694 deteriora

2056 2731 2275 2792 patrare
2311 2723 2567 2780 facillime
2593 2734 2816 2795 captant
2861 2727 3046 2782 amici.
3077 2726 3285 2784 Parvas
3315 2738 3500 2784 autem
3549 2730 3637 2783 vi-

2054 2829 2188 2872 neas
2224 2825 2417 2884 vocat;
2471 2816 2603 2872 nihil
2656 2820 2800 2872 enim
2849 2821 3112 2876 adversus
3159 2836 3382 2891 magnas
3449 2823 3639 2893 vulpes

2052 2905 2236 2964 valet.’

2054 3089 2218 3144 Vens.
2253 3088 2321 3144 I6
2390 3104 2508 3158 seq.
2542 3089 2781 3162 Dilectus
2819 3105 2964 3144 meus
3012 3090 3141 3162 mihi
3181 3101 3230 3144 et
3270 3107 3362 3162 ego
3414 3093 3496 3146 illi
3547 3095 3639 3162 qui

1014 3161 1155 3238 ςόὗ
1178 3161 1517 3242 διαπνεύσῃ
1553 3175 1591 3241 ἡ
1621 3161 1830 3242 ἡμέρα,
1857 3174 1948 3228 καί

2126 3164 2370 3242 pascitur
2401 3162 2540 3214 inter
2562 3161 2702 3226 lilia,
2744 3161 2908 3215 donec
2931 3161 3127 3215 asviret
3161 3161 3274 3216 dies
3300 3161 3351 3216 et
3376 3161 3640 3219 inclinem

2127 3239 2218 3284 tur
2242 3231 2461 3287 umbne.

2123 3323 2333 3392 Sponsa
2383 3324 2450 3378 ad
2498 3324 2679 3394 sponsi
2727 3322 2945 3380 sodales
2991 3324 3125 3379 dicit
3174 3325 3308 3380 nihil
3361 3326 3465 3381 sibi
3510 3341 3636 3382 cum

2047 3415 2299 3485 vulpibus
2330 3430 2640 3470 commune.
2674 3414 2743 3472 lis
2777 3416 2922 3470 enim
2964 3431 3090 3472 cum
3119 3418 3277 3474 nobis
3321 3418 3465 3494 inest
3509 3435 3638 3475 san-

2049 3506 2230 3576 guinis
2261 3515 2317 3560 et
2339 3508 2548 3572 carnis,
2579 3507 2741 3562 nobis
2765 3522 2898 3563 vero
2932 3521 3058 3563 cum
3085 3507 3178 3564 illo
3210 3509 3636 3566 immortalitatis

2049 3597 2404 3652 consortium.
2434 3598 2691 3668 Autquia
2740 3598 2882 3653 Deus
2906 3588 3065 3655 estin
3101 3601 3281 3656 anima
3305 3643 3320 3666 ,
3369 3613 3425 3658 et
3450 3606 3637 3660 anima

2049 3689 2245 3758 migrat
2273 3689 2326 3743 in
2363 3689 2555 3746 Deum.
2591 3690 2686 3746 Sic
2716 3700 2771 3747 et
2801 3691 3003 3747 Paulus
3031 3709 3046 3745 :
3084 3691 3287 3763 Corpus
3319 3711 3422 3750 non
3452 3695 3629 3765 [orni-

2047 3780 2243 3834 cationi
2269 3823 2284 3848 ,
2312 3781 2405 3835 sed
2431 3781 2656 3838 Domitio
2683 3822 2699 3848 ,
2731 3791 2781 3837 et
2805 3784 3065 3839 Dominus
3088 3790 3297 3856 corpori
3323 3789 3390 3842 ³⁷.
3423 3789 3634 3860 Corpus

2047 3873 2190 3926 enim
2233 3887 2431 3943 Sponsa
2460 3875 2709 3932 Ecclesia
2742 3875 2970 3945 Christi,
2997 3880 3221 3936 minime
3261 3880 3635 3952 lornicationi,

2047 3975 2262 4030 semper
2303 3971 2485 4017 autem
2526 3964 2782 4019 Domino.
2813 3963 2880 4019 Et
2920 3966 3037 4035 ipse
3081 3965 3331 4022 Salvator
3369 3987 3384 4024 :
3419 3969 3632 4024 Moneta

2049 4052 2105 4105 in
2132 4068 2236 4117 me,
2269 4063 2317 4106 et
2345 4069 2438 4122 ego
2462 4056 2518 4108 in
2545 4054 2687 4108 vobis
2711 4056 2780 4110 ’⁸.
2803 4053 2860 4109 In
2895 4059 3245 4124 sequentibus
3269 4069 3461 4113 contra
3494 4062 3644 4115 scri-.

2045 4145 2234 4200 bitur:
2269 4146 2381 4216 Ego
2425 4147 2616 4201 dilecto
2663 4163 2774 4202 meo
2819 4159 2868 4202 et
2920 4150 3144 4204 dilectus
3188 4168 3335 4206 meus
3378 4153 3508 4206 mihi
3539 4154 3584 4185 "
3610 4167 3642 4221 ;'

2046 4240 2189 4305 quod
2231 4237 2291 4292 iit
2340 4238 2496 4292 initio
2531 4239 2716 4307 sponsi
2763 4239 3140 4296 beneﬁcentia.
3187 4242 3438 4299 Nondum
3484 4247 3631 4302 enim

2045 4345 2231 4386 coram
2266 4346 2463 4401 sponsa
2515 4335 2861 4390 manifestato
2913 4351 3116 4403 sponso
3142 4377 3157 4401 ,
3195 4353 3301 4393 non
3353 4339 3467 4408 ipsa
3505 4355 3637 4395 cunr

2045 4437 2111 4478 eo
2156 4436 2534 4481 conversatur.
2581 4427 2831 4482 Divinam
2888 4430 3034 4484 enim
3071 4429 3218 4485 illius
3263 4431 3628 4501 contemplata

355 4519 464 4573 οὐδ’
490 4519 626 4589 αὐτὴ
670 4518 749 4590 τῷ
775 4519 992 4590 νυμφίῳ
1038 4517 1306 4572 ἀνέκειτο·
1337 4518 1398 4572 τὺ
1424 4519 1531 4590 γάρ
1559 4518 1741 4572 ἔνθεον
1771 4518 1938 4573 αὐτοῦ

2053 4515 2505 4586 pulchritudinem
2532 4559 2548 4586 ,
2579 4521 2646 4574 ad
2679 4519 2922 4574 salutare
2971 4521 3232 4591 philtrum
3265 4525 3636 4590 convertitur,

359 4610 551 4675 κάλλος
582 4609 913 4680 θεασαμένη,
962 4609 1056 4660 ἐπὶ
1101 4610 1364 4680 σωτήριον
1415 4609 1642 4678 ἀφίκετο
1697 4609 1938 4681 φίλτρον,

363 4701 493 4774 μεθὸ
511 4701 833 4757 ἀνατεθεῖσα
867 4701 1078 4755 ἐκείνου
1111 4699 1189 4772 τῷ
1217 4701 1422 4764 κάλλει,
1455 4701 1623 4770 λέγει,
1646 4701 1810 4772 κάγὼ
1834 4705 1940 4757 αὺ-

357 4793 456 4860 τῷ·
507 4791 623 4847 εἶτα
657 4794 755 4865 τὴν
790 4793 944 4861 τάξιν
971 4793 1231 4848 ἀντέλαϐε
1265 4794 1396 4867 πρὶν
1423 4793 1520 4865 μὲν
1555 4793 1728 4848 ἐλθεῖν
1752 4795 1814 4848 τὸ
1847 4796 1940 4850 τέ-

357 4885 516 4955 λειον,
532 4886 784 4956 λέγουσα,
804 4885 919 4956 ἐγὼ
933 4885 1011 4952 τῷ
1030 4885 1331 4956 ἀδελφιδῷ
1338 4905 1478 4958 μου·
1501 4889 1628 4942 ὅταν
1647 4887 1703 4942 δὲ
1718 4887 1941 4953 τελείως

355 4979 738 5050 ἀποκαλυφθῇ,
770 4978 932 5050 μηδὲν
955 4978 1227 5051 καταλίπῃ
1259 4979 1658 5052 κεκρυμμένον,
1687 4979 1937 5033 αίσθανο-

355 5070 492 5140 μένη
507 5069 664 5123 τοῦτο
683 5069 848 5138 λέγει·
868 5069 966 5124 καὶ
992 5069 1318 5141 ἀδελφιδός
1331 5089 1451 5140 μου
1466 5070 1597 5140 ἐμοί
1603 5089 1616 5099 ·
1636 5072 1849 5143 εἴρηται
1879 5072 1936 5125 δέ

351 5175 454 5212 που
473 5163 594 5224 ταῖς
611 5160 1153 5232 προφητείαις,αὐτὸς
1173 5161 1374 5232 Κύριος
1408 5165 1664 5233 ποιμανεῖ
1686 5164 1836 5233 ἡμᾶς
1859 5165 1940 5227 είς

350 5251 477 5313 τοὺς
497 5251 716 5316 αἰῶνας,
733 5251 846 5305 ἀλλ’
868 5253 966 5324 οὐχ
986 5255 1061 5317 ὡς
1077 5253 1172 5308 νῦν
1189 5255 1246 5307 ἐν
1268 5254 1470 5326 κρίνοις
1497 5256 1643 5326 ἡμᾶς
1661 5254 1936 5326 ποιμαίνει

348 5345 459 5405 τοῖς
491 5343 549 5394 ἐν
575 5343 724 5414 μέσῳ
749 5341 1018 5397 ἀκανθῶν·
1043 5343 1332 5414 τοιγαροῦν
1354 5343 1541 5397 εἰπών·
1585 5343 1732 5413 Ἐγὼ
1757 5344 1938 5410 ἄνθος

350 5434 456 5488 τοῦ
475 5434 684 5488 πεδίου
703 5477 718 5500 ,
752 5436 960 5504 κρίνον
977 5435 1095 5489 τῶν
1114 5435 1426 5496 κοιλάδων.
1457 5437 1671 5505 ἐπάγει·
1709 5438 1789 5503 ὠς
1810 5437 1936 5505 κρί-

349 5544 460 5581 νον
484 5527 554 5580 ἐν
577 5528 744 5596 μέσῳ
763 5527 1059 5593 ἀκανθῶν,
1073 5528 1260 5594 οὕτως
1297 5531 1336 5597 ἡ
1368 5530 1636 5596 πλησίον
1661 5547 1781 5598 μου
1819 5529 1936 5583 ἀνὰ

345 5619 540 5687 μέσον
577 5617 696 5673 τῶν
722 5619 1076 5690 θυγατέρων·
1117 5621 1212 5675 καὶ
1239 5622 1397 5693 τήρει
1432 5620 1510 5684 ὡς
1540 5621 1634 5674 ἐπὶ
1665 5621 1765 5692 τῆς
1789 5621 1933 5693 νύμ-

2047 4607 2170 4662 dein
2205 4607 2322 4677 ejus
2350 4609 2490 4664 elata
2531 4611 2954 4681 pulchritudine,
2991 4614 3142 4678 dicit,
3174 4623 3223 4668 et
3251 4631 3344 4684 ego
3367 4615 3467 4669 illi.
3493 4617 3628 4671 Dein

2045 4702 2290 4758 ordinem
2339 4705 2560 4758 invertit
2605 4712 2898 4774 antequam
2943 4705 3130 4760 veniat
3179 4709 3581 4764 consummatio
3608 4750 3625 4774 ,

2045 4793 2254 4859 dicens,
2281 4810 2374 4865 ego
2419 4795 2613 4850 dilecto
2665 4811 2823 4861 meo;
2851 4812 2975 4850 cum
3000 4806 3181 4850 autem
3215 4797 3453 4867 perfecte
3475 4801 3629 4856 dete-

2043 4887 2210 4952 gitur,
2245 4886 2486 4956 nihilque
2521 4888 2900 4942 absconditum
2935 4888 3188 4943 relictum
3219 4928 3234 4954 ,
3273 4889 3405 4945 illud
3455 4892 3618 4946 anim-

2044 4979 2334 5033 advertens
2363 4979 2494 5034 dicit
2531 4996 2546 5032 :
2576 4989 2627 5032 et
2655 4979 2878 5033 dilectus
2899 4996 3046 5033 meus
3069 4980 3219 5035 mihi.
3240 4981 3475 5048 [Dicitur
3500 4985 3626 5052 qui-

2043 5069 2166 5125 dem
2202 5071 2254 5124 in
2302 5069 2600 5140 prophetiis
2629 5071 2696 5137 ³ο,
2748 5073 2896 5140 quod
2946 5075 3063 5142 ipse
3120 5073 3380 5129 Dominus
3435 5087 3623 5145 pascet

2042 5175 2142 5214 nos
2179 5161 2231 5214 in
2275 5160 2494 5226 saecula,
2526 5161 2619 5216 sed
2653 5176 2754 5215 non
2799 5166 3042 5232 ut;nunc
3094 5163 3236 5218 inter
3285 5163 3394 5218 lilia
3449 5166 3620 5233 pascit

2043 5266 2142 5306 nos
2165 5292 2180 5315 ,
2215 5251 2268 5304 in
2300 5253 2478 5306 medio
2507 5253 2806 5322 spinarum.
2841 5253 2975 5308 Cum
3014 5254 3158 5308 enim
3185 5254 3351 5318 dicit,
3382 5253 3495 5322 Ego
3521 5257 3629 5324 ﬂos

2042 5343 2233 5410 campi,
2272 5341 2443 5396 lilium
2487 5343 2837 5410 convallium,
2874 5345 3026 5400 addit
3055 5365 3068 5400 :
3102 5346 3236 5400 sicut
3285 5345 3456 5400 lilium
3486 5350 3630 5402 inter

2037 5435 2236 5502 spinas,
2263 5434 2339 5486 sic
2378 5435 2550 5487 amica
2578 5451 2692 5488 mea
2717 5436 2852 5490 inter
2882 5437 3044 5506 ﬁlias.
3073 5430 3625 5511 Animadverteouod

2041 5543 2146 5581 non
2182 5527 2250 5582 de
2298 5542 2495 5595 sponsa
2551 5529 2732 5594 dixit;
2784 5529 2906 5584 ideo
2954 5531 3178 5601 subiicit
3209 5549 3314 5588 non
3367 5535 3418 5588 in
3451 5535 3623 5604 spinis

2039 5619 2354 5685 collocatos,
2383 5635 2520 5689 quos
2544 5622 2801 5691 pascitur.

352 5731 457 5785 φης
484 5715 585 5770 οὐκ
608 5712 806 5779 ἔλεξεν·
830 5714 910 5768 διὸ
937 5716 1028 5768 καὶ
1047 5715 1442 5788 παραγέγονεν,
1475 5718 1556 5780 εἰς
1576 5716 1638 5770 τὸ
1675 5717 1936 5780 ἀκάνθαις
1976 5716 2052 5788 μὴ
2083 5717 2401 5788 ἐμπαγῆναι
2428 5716 2500 5771 τά
2532 5719 2946 5791 ποιμαινόμενα.

440 5815 486 5845 ’⁸
516 5811 618 5869 lsa.
650 5829 800 5878 χχιιι,
833 5813 883 5866 1.

670 5908 944 5971 ΡΑτιιοι..
977 5909 1096 5971 Gn.
1122 5910 1326 5976 XVII.

987 5815 1032 5845 "'
1069 5813 1240 5870 lCor.
1274 5831 1352 5884 v1,
1392 5817 1476 5872 l5.
1552 5817 1597 5896 f3
1623 5815 1777 5874 Joan.
1810 5833 1903 5883 xv,
1938 5808 2028 5871 ὀί
2070 5816 2114 5847 ²⁹
2144 5815 2299 5872 Cant.
2337 5832 2407 5886 vr,
2439 5817 2494 5872 2.
2575 5818 2620 5851 ³ο
2651 5817 2776 5876 Osc.
2811 5836 2899 5874 xiv
2957 5821 3042 5874 lO.
