4172 6394
345 336 450 392 269

1446 329 1740 388 SCHOLIA
1780 327 1847 384 1N
1887 327 2186 386 CANTICA
2223 329 2494 388 CANTIC.

3522 337 3627 392 270

342 455 434 509 τὸν
481 453 664 526 ἔρωτα
696 453 838 508 κατὰ
869 454 1059 524 καιρὸν
1081 453 1271 507 ἑαυτὸν
1294 453 1610 524 ὲμφανίσειε
1639 456 1703 524 τῇ
1734 452 1940 523 καμού-

2045 461 2101 508 ut
2131 463 2358 509 extenso
2395 469 2581 509 amore
2615 466 2672 508 se
2700 467 3008 523 opportune
3039 455 3349 513 manifestet
3396 458 3622 512 multum

345 567 412 622 σῃ
431 549 662 602 πλεῖστα
697 549 848 621 παρὰ
873 549 970 620 τὴν
991 548 1216 619 ζήτησιν
1235 548 1332 618 τὴν
1360 547 1545 601 αὑτοῦ·
1578 546 1807 600 είποῦσα
1827 545 1935 617 γάρ

341 641 536 696 ὅτιέπὶ
568 642 684 710 τὴν
711 643 920 708 κοίτην
937 660 1057 711 μου
1095 642 1165 693 ἐν
1199 641 1381 704 νυξὶν
1405 639 1666 708 ἐζήτησα
1698 639 1770 692 ὃν
1794 638 1937 708 ἠγά-

343 750 546 803 πησεν
587 737 627 804 ἡ
670 735 842 804 ψυχή
865 753 1009 804 μου,
1059 736 1153 788 καὶ
1175 736 1257 788 ότι
1307 734 1567 800 ἐζήτησα
1609 733 1796 788 αὐτὸν
1838 733 1934 786 καὶ

341 830 455 898 οὐχ
482 824 682 896 εὗρον,
715 828 930 896 ἐπάγει·
959 828 1378 896 ἁναστήσομαι
1401 827 1476 894 δὴ
1501 829 1596 881 καὶ
1622 825 1931 880 κυκλώσω·

343 923 540 976 οὐκοῦν
571 919 880 992 ὑπτιασμδν
933 919 1028 972 καὶ
1071 919 1167 990 τὴν
1223 920 1532 990 κατάμυσιν
1587 917 1935 988 ἀποθέμενοι,

343 1011 717 1082 διαναστῶμεν
773 1009 1082 1080 πειθόμενοι
1132 1008 1210 1079 τῷ
1250 1009 1481 1077 λέγοντι,
1519 1005 1873 1077 Ἔγειραιδὴ
1905 1009 1938 1059 ό

347 1103 669 1159 καθεύδων·
699 1102 820 1166 ὅλος
849 1101 903 1154 δὲ
926 1104 954 1155 ὁ
987 1101 1212 1172 κόσμος,
1240 1102 1273 1172 ἡ
1304 1100 1456 1164 πόλις
1479 1099 1540 1152 ὃν
1569 1095 1938 1170 ἐκπεριελθὼν

347 1196 428 1249 δεῖ
452 1199 518 1267 τῇ
569 1195 698 1267 περὶ
750 1192 914 1247 αὑτοῦ
949 1193 1154 1265 θεωρίᾳ
1178 1192 1464 1262 γινόμενον
1497 1193 1554 1244 ὲν
1581 1195 1702 1255 ταῖς
1747 1193 1939 1259 σοφαῖς

347 1285 736 1348 διδασκαλίαις·
768 1277 1060 1354 αὗταιγὰρ
1085 1285 1142 1336 αἱ
1177 1283 1394 1354 ἀγοραί·
1427 1282 1548 1336 ὅθεν
1576 1300 1629 1335 τι
1670 1283 1938 1354 χρήσιμόν

349 1381 464 1433 ἐστι
493 1378 698 1441 λαϐεῖν,
725 1377 861 1430 ἀλλὰ
889 1379 982 1430 καὶ
1012 1377 1070 1429 ὲν
1098 1375 1545 1440 ταῖςπλατείαις·
1573 1374 1733 1446 σοφία
1758 1377 1868 1448 γὰρ
1882 1378 1938 1429 ὲν

347 1473 548 1540 ἐξόδοις
605 1473 874 1542 ὑμνεῖται,
911 1473 969 1524 ὲν
1003 1471 1060 1524 δὲ
1109 1469 1391 1533 πλατείαις
1433 1469 1747 1541 παρρησίαν
1791 1468 1936 1537 άγει·

348 1564 752 1636 κεκελεύσμεθα
797 1565 856 1618 δὲ
888 1565 984 1618 καὶ
1022 1565 1184 1635 ἡμεῖς
1209 1563 1303 1615 ἐπὶ
1349 1562 1411 1615 τὸ
1441 1561 1642 1625 πλάτος
1675 1562 1775 1632 τῆς
1806 1579 1940 1632 καρ-

346 1659 464 1724 δίας
485 1659 642 1731 ήμῶν
663 1657 892 1730 γράψαι·
927 1657 1150 1728 μείζονα
1174 1656 1231 1709 δὲ
1248 1653 1488 1726 ζητοῦσα
1519 1653 1552 1724 ἢ
1582 1654 1704 1706 κατ’
1733 1641 1938 1722 ἀγορὰς

347 1752 442 1804 καὶ
464 1750 726 1813 πλατείας
762 1748 836 1821 μὴ
862 1747 1154 1819 εὑρηκέναι
1190 1745 1340 1816 φησί·
1374 1745 1514 1815 πλὴν
1533 1744 1814 1797 όδεύειὲπὶ
1841 1743 1938 1814 τὴν

346 1842 585 1916 εὕρεσιν,
620 1840 984 1913 εύρισκομένη
1013 1839 1119 1892 ὑπὸ
1150 1837 1260 1892 τῶν
1293 1835 1602 1909 τηρούντων
1657 1836 1756 1909 τὴν
1786 1836 1940 1889 πόλιν
1970 1829 2014 1884 Β

347 1935 443 1987 καὶ
463 1933 810 1987 κυκλούντων
834 1933 1024 2004 αὑτήν·
1055 1926 1165 1984 εἶεν
1201 1928 1271 1984 ἂν
1296 1930 1364 1983 τὰ
1401 1927 1750 2001 λειτουργικὰ
1780 1928 1942 1981 πνεύ-

349 2043 515 2098 ματα·
534 2021 679 2080 οὗτοί
705 2026 843 2078 εἰσιν
875 2023 968 2088 οὒς
1000 2022 1346 2088 ἐξαπέστειλε
1374 2020 1576 2092 Κύριος
1599 2019 1941 2092 περιοδεῦσαι

347 2118 447 2188 τήν
470 2117 598 2188 γῆν·
629 2111 704 2170 ὧν
724 2117 789 2188 δὴ
823 2116 952 2188 περὶ
985 2116 1079 2169 τοῦ
1108 2115 1444 2185 ποθουμένου
1465 2113 1814 2167 πυνθάνεται·
1840 2115 1942 2167 οὐκ

348 2211 768 2283 ἀναγέγραπται
819 2211 875 2263 δὲ
922 2209 1128 2263 τούτων
1155 2209 1465 2279 ἀπόκρισις·
1499 2205 1860 2278 διδασκόμεθα
1883 2206 1941 2260 δὲ

348 2306 398 2357 εί
429 2304 716 2375 μέλλοιμεν
744 2304 924 2375 εὑρεῖν
952 2303 1042 2356 τὸν
1078 2301 1429 2372 ποθούμενον,
1461 2300 1640 2368 ὀλίγον
1670 2317 1722 2351 τι
1746 2299 1942 2370 παρελ-

349 2395 482 2460 θεῖν,
507 2396 603 2449 καὶ
635 2395 916 2466 κρείττους
957 2393 1213 2462 γενέσθαι
1243 2393 1350 2446 τῶν
1396 2392 1651 2446 τοιούτων
1673 2392 1935 2460 ἀγγέλων·

348 2487 478 2558 περὶ
506 2480 580 2540 ὧν
599 2487 773 2540 έοικεν
790 2490 848 2540 ὲν
865 2485 1149 2557 Ἐπιστολῇ
1177 2485 1354 2554 λέγειν
1385 2487 1413 2538 ὁ
1442 2485 1648 2553 Πέτρος
1675 2483 1941 2538 διδάσκων

345 2579 447 2651 τὴν
467 2580 743 2652 ὑπεροχὴν
770 2578 877 2631 τῶν
903 2580 1015 2642 τοῖς
1057 2576 1285 2640 τελείοις
1325 2575 1723 2647 ἀποκειμένων·
1768 2577 1855 2642 είς
1903 2575 1943 2629 ᾰ

345 2676 750 2746 ἐπιθυμοῦσιν
804 2673 1048 2744 ἄγγελοι
1097 2673 1466 2741 παρακύψαι·
1543 2672 1825 2742 ἀγαπητὸν
1885 2670 1942 2722 δὲ

349 2769 522 2840 βραχύ
552 2786 606 2821 τι
635 2768 762 2831 τοὺς
802 2765 1079 2830 τοιούτους
1109 2766 1491 2838 παρενεγκεῖν,
1539 2764 1605 2817 ἵν’
1645 2763 1842 2835 εὑρεθῇ
1881 2763 1943 2815 τὸ

347 2859 703 2930 ποθούμενον,
727 2858 822 2910 καὶ
870 2854 1092 2926 εὑρεθὲν
1122 2853 1393 2926 κρατηθῇ,
1431 2853 1526 2906 καὶ¹
1550 2850 1820 2921 κρατηθὲν
1869 2848 1942 2920 μὴ

347 2951 534 3023 νοηθῇ·
586 2950 848 3019 ἀνόνητος
891 2947 1004 3018 γὰρ
1037 2949 1071 3016 ή
1119 2947 1410 3017 κράτησις,
1462 2947 1509 2996 εἱ
1565 2943 1638 3015 μὴ
1660 2942 1722 2996 τὸ
1755 2941 1942 3012 νοηθὲν

350 3043 578 3114 συνεχὴς
635 3040 834 3113 μελέτη
891 3038 1208 3109 κρατήσειε·
1243 3036 1324 3090 διό
1353 3052 1538 3106 φησιν·
1577 3035 1690 3088 οὐκ
1739 3031 1944 3102 ἀφῆκα

347 3134 554 3198 αὐτὸν,
595 3133 706 3198 ἕως
738 3131 809 3185 οὗ
831 3132 1158 3201 εἰσήγαγον
1195 3127 1386 3182 αὐτὸν
1419 3127 1507 3190 είς
1527 3119 1696 3178 οἷκον
1717 3123 1943 3192 μητρός

341 3244 482 3297 μου·
517 3225 606 3280 ἴνα
625 3225 720 3278 καὶ
753 3223 891 3296 μετὰ
914 3225 1014 3296 τὴν
1047 3218 1296 3275 ἐντεῦθεν
1321 3215 1765 3284 ἔξοδον,είσέλθοι
1792 3215 1942 3287 αὐτῷ

348 3319 429 3382 είς
451 3318 543 3371 τὸν
567 3311 716 3370 οἷκον
747 3316 848 3386 τῆς
871 3316 985 3370 ἄνω
1039 3310 1416 3384 Ἰερουσαλὴμ,
1465 3309 1596 3364 ἔνθα
1643 3307 1837 3379 εἰσάγῃ
1873 3306 1942 3361 τὰ

348 3410 628 3481 κοινότερα
655 3408 765 3462 τῶν
792 3407 886 3462 τοῦ
910 3407 1068 3475 λόγου
1095 3404 1487 3476 θεωρημάτων·
1531 3401 1599 3455 τὰ
1619 3401 1675 3454 δὲ
1696 3402 1943 3472 ἀπορρη-

346 3501 545 3572 τότερα
569 3502 648 3563 είς
670 3499 738 3552 τὰ
761 3500 984 3570 ταμιεῖα
1017 3497 1118 3567 τῆς
1164 3493 1538 3564 συλλαϐούσης
1563 3493 1660 3564 τὴν
1698 3491 1936 3564 νύμφην·

348 3595 382 3664 ή
411 3593 550 3663 αὐτὴ
582 3592 638 3644 δὲ
665 3593 849 3662 μήτηρ
881 3590 974 3642 καὶ
1005 3587 1344 3641 συλλαϐοῦσα
1375 3585 1652 3656 δηλοῦται,
1680 3583 1771 3637 διὰ
1792 3583 1860 3637 τὸ
1884 3585 1940 3636 ὲν

347 3688 416 3756 τῇ
441 3683 702 3755 συλλήψει
732 3682 829 3753 τὴν
859 3683 1034 3753 ἀρχὴν
1072 3681 1172 3749 τῆς
1212 3678 1523 3741 συστάσεως
1563 3674 1720 3730 εἶναι·
1759 3677 1940 3748 μήτηρ

348 3776 407 3830 δὲ
451 3775 717 3845 λεγομένη
753 3771 893 3844 μετὰ
943 3772 1042 3843 τὴν
1091 3771 1392 3842 μόρφωσιν,
1425 3770 1520 3822 καὶ
1543 3768 1642 3839 τὴν
1673 3766 1768 3821 τοῦ
1811 3766 1939 3819 συλ-

349 3865 648 3940 ληφθέντος
685 3865 985 3918 τελείωσιν.

355 3959 453 4025 Τίς
474 3957 626 4025 αὕτη
676 3957 716 4024 ἡ
761 3955 1186 4025 ἀναϐαίνουσα,
1215 3952 1283 4006 ἐκ
1309 3949 1416 4019 τῆς
1436 3950 1674 4025 Ᾱέρήμοο
1698 3951 1941 4025 ὠςᾼστε-

418 4021 574 4098 λέχη
602 4021 840 4081 καπνοῦ
870 4023 1266 4098 τεθυμιαμένη
1287 4038 1304 4085 ;
1327 4023 1563 4098 σμύρνα
1581 4021 1941 4086 καὶλίϐανος

420 4091 542 4154 ἀπέό
560 4091 808 4152 πάντων
833 4091 1161 4164 κονιορτὼ
1171 4092 1480 4163 μυρεψοῦ;

419 4191 577 4263 Καλὴ
615 4191 735 4244 λίαν
758 4191 792 4261 ή
828 4188 1191 4242 ἀναϐαίνουσα
1209 4187 1310 4258 βίῳ
1339 4185 1435 4239 καὶ
1468 4184 1612 4255 λόγῳ
1637 4182 1804 4254 ψυχή,
1842 4201 1942 4252 φυ-

349 4283 522 4354 γοῦσα
561 4281 631 4336 τὰ
665 4280 816 4354 παρὰ
848 4283 960 4342 τοῖς
994 4278 1206 4342 πολλοῖς
1262 4278 1652 4349 ἁμαρτήματα,
1701 4275 1844 4345 ειπερ
1882 4274 1942 4339 ἐξ

351 4375 562 4446 ἐρήμου
594 4373 812 4442 λέγεται
867 4368 1200 4424 ἀναϐαίνειν·
1231 4368 1292 4421 τὸ
1323 4367 1380 4420 δὲ
1426 4367 1517 4420 τὸν
1561 4365 1768 4419 δίκαιον
1801 4363 1942 4418 εἶναι

353 4462 614 4532 Χριστοῦ
641 4460 898 4516 εὐωδίαν
924 4458 994 4511 ἐν
1011 4455 1193 4511 παντὶ
1221 4458 1384 4518 τόπῳ
1410 4453 1532 4519 τοῖς
1563 4450 1938 4522 σωζομένοις,

353 4552 749 4623 τεθυμιαμένη
815 4552 1019 4603 νοεῖται
1082 4545 1520 4615 παραπλησίως·
1581 4543 1900 4613 στελέχεσι
1921 4583 1934 4607 ,
1971 4540 2015 4594 D

355 4646 590 4700 καπνὸν
614 4644 768 4714 ἡδὺν
801 4645 1284 4710 ἁναπέμπουσιν,
1325 4637 1680 4709 εὐφραίνοντα
1713 4637 1813 4701 τὰς
1839 4639 1947 4692 τῶν

359 4732 770 4806 μακαριζόντων
805 4730 1098 4793 ἀναπνοάς.

897 4819 1298 4875 ΚΕΦΑΛΑΙΟΝ
1318 4821 1389 4872 Δ’.

369 4916 632 4984 Ὀδόντες
651 4931 766 4970 σου
787 4916 868 4981 ὡς
887 4913 1103 4984 ἀγέλαι
1121 4911 1243 4965 τῶν
1260 4911 1643 4984 κεῌκαρμένων
1663 4910 1948 4984 αἵίὰνέϐη-

426 5003 549 5043 σαν
572 4980 689 5042 ἀπὸ
720 4986 827 5040 τοῦ
845 4980 1138 5051 ίλοὺτροῦ·
1167 4985 1226 5035 αὶ
1260 4980 1452 5036 πᾶσαι
1489 4981 1942 5050 διδυμεύουσιιι,

426 5058 528 5113 καὶ
543 5056 883 5114 ἀτεκνοῦσα
905 5057 1014 5110 οὐκ
1048 5053 1222 5107 ἐστιν
1245 5052 1313 5106 ἐν
1331 5052 1559 5118 αὑταῖς.

425 5150 818 5222 Διδυμεύουσαι
845 5147 901 5200 δὲ
937 5145 1131 5210 ἄλλως,
1171 5144 1260 5198 διὰ
1285 5144 1346 5197 τὸ
1384 5143 1560 5196 διττὸν
1586 5143 1682 5215 τῆς
1712 5143 1946 5214 νοήσεως

354 5248 452 5320 τῆς
477 5244 714 5316 τερητῆς
744 5243 824 5311 (6)
851 5242 946 5295 καὶ
977 5238 1374 5309 πνευματικῆς.

366 5341 460 5406 Ὡς
481 5336 781 5406 σπαρτίον
799 5333 868 5388 τὸ
897 5335 1182 5419 κόκκινον
1203 5332 1375 5412 χείλη
1403 5345 1542 5396 σου,
1573 5330 1671 5388 καὶ
1698 5331 1736 5399 ή
1760 5329 1944 5387 λαλιά

972 5419 1088 5456 σου
1111 5418 1315 5469 ωραια.

428 5500 632 5571 Ἠγουν
660 5499 802 5553 ἔστω
829 5498 1089 5568 διάπυρος
1119 5497 1152 5566 ή
1179 5495 1271 5548 τοῦ
1305 5494 1462 5563 λόγου
1493 5494 1816 5566 παρασκευὴ
1863 5493 1940 5557 ὡς

354 5595 616 5669 κερδῆσαι
645 5593 736 5647 τὸν
779 5590 1056 5664 ἀκροατήν
1089 5587 1382 5658 δυναμένη,
1440 5585 1473 5656 ἢ
1509 5587 1602 5640 καὶ
1627 5586 1688 5639 τὸ
1721 5586 1942 5657 ἔναιμον

424 5709 464 5742 ³¹
490 5709 690 5781 Ephes.
724 5725 777 5774 ν,
800 5709 888 5764 14.
965 5707 1009 5740 ³²
1036 5706 1058 5762 l
1082 5706 1228 5761 Petr.
1254 5721 1293 5769 ι,
1328 5703 1415 5758 12.
1489 5704 1534 5736 ³³
1567 5703 1610 5762 ll
1637 5703 1764 5764 Cor.
1791 5722 1852 5778 It,
1885 5704 1973 5761 -15.

426 5807 502 5878 (6)
540 5803 817 5874 Τερητῆς.
847 5804 1011 5861 Forte
1035 5800 1300 5874 τηρητῆς.
1328 5799 1483 5856 Eutr.

2043 545 2098 597 in
2155 559 2220 598 eo
2269 547 2559 614 quaerendo
2611 545 2899 601 laboranti.
2957 545 3090 600 Cum
3147 549 3293 602 enim
3356 549 3513 614 dixit,
3570 552 3623 604 in

2043 636 2231 692 lectulo
2274 655 2385 691 meo
2435 657 2526 706 per
2560 651 2730 693 noctes
2763 641 2981 708 quaesivi
3031 657 3183 710 quem
3235 643 3408 714 diligit
3440 645 3624 698 anima

2041 744 2194 793 mea;
2219 731 2436 798 qumsivi
2462 729 2612 783 illum
2653 740 2702 784 et
2750 748 2852 784 non
2891 735 3083 795 inveni,
3123 732 3334 800 subiicit
3368 751 3624 804 :surgam

2043 829 2092 872 et
2121 821 2375 874 circuibo.
2415 820 2845 878 Reclinationcm
2882 824 3046 892 igitur
3065 834 3120 879 et
3149 835 3402 894 gravatos
3433 826 3622 881 oculos

2043 916 2362 984 objicientes
2408 932 2822 986 consurgamus,
2879 918 3156 988 simusque
3217 920 3499 974 audientes
3541 919 3624 973 di-

2044 1009 2187 1063 centi
2225 1029 2237 1063 :
2271 1009 2441 1079 Surge
2470 1011 2559 1080 qui
2587 1010 2786 1065 dormis
2819 1009 2886 1064 ³¹.
2919 1010 3218 1066 Universus
3255 1021 3434 1066 antem
3463 1026 3622 1066 mun-

2044 1099 2144 1155 dns
2173 1099 2367 1153 civitas
2401 1107 2484 1153 est
2525 1114 2690 1168 quam
2750 1101 2908 1155 nobis
2975 1101 3424 1157 circumeundum
3477 1099 3625 1157 illius

2044 1191 2507 1260 contemplatione
2533 1192 2585 1244 in
2632 1191 2970 1260 sapientibus
3003 1191 3289 1258 doctrinis,
3341 1207 3465 1262 quae
3493 1193 3625 1262 ipsa;

2043 1294 2170 1340 sunt
2200 1284 2326 1339 vici.
2363 1283 2499 1338 llinc
2521 1283 2676 1339 nobis
2707 1282 2908 1351 aliquid
2931 1283 3186 1338 utilitatis
3215 1283 3622 1353 percipiendum

2043 1385 2148 1439 est,
2173 1389 2272 1430 nec
2318 1391 2424 1431 non
2460 1383 2514 1429 et
2560 1376 2613 1428 in
2643 1373 2856 1443 plateis.
2894 1371 3171 1445 Sapientia
3217 1375 3362 1430 enim
3415 1377 3470 1430 in
3522 1377 3626 1432 viis

2044 1468 2378 1531 celebratur,
2423 1467 2477 1521 in
2507 1466 2700 1536 plateis
2739 1482 2868 1522 vero
2920 1466 3141 1522 liberius
3171 1467 3299 1536 agit.
3339 1465 3482 1523 Jussi
3527 1483 3623 1523 su-

2045 1576 2166 1615 mus
2182 1572 2236 1616 et
2258 1560 2357 1630 ipsi
2383 1575 2547 1629 super
2581 1561 2762 1615 cordis
2787 1561 2957 1614 nostri
2987 1560 3333 1614 latitudinem
3359 1559 3622 1616 scribere.

2042 1651 2304 1721 Maiorem
2327 1666 2454 1707 vero
2483 1665 2736 1721 quarens
2761 1667 2858 1722 per
2879 1651 3028 1706 vicos
3049 1659 3104 1706 et
3121 1651 3328 1721 plateas
3354 1667 3458 1706 non
3484 1651 3628 1706 inve-

2043 1748 2190 1802 nisse
2203 1745 2338 1800 dicit
2357 1761 2374 1810 ;
2393 1745 2566 1816 pergit
2587 1753 2769 1800 tamen
2796 1745 2861 1798 a-l
2878 1743 3250 1812 quaerendum,
3278 1753 3332 1798 et
3351 1744 3626 1799 invenitur

2043 1841 2112 1896 ab
2148 1839 2256 1894 illis
2283 1839 2377 1908 qui
2416 1838 2729 1894 custodiunt
2759 1838 2946 1891 urbem
2987 1845 3044 1890 et
3070 1837 3414 1892 circumeunt
3451 1837 3622 1890 illam.

2042 1933 2108 1988 lli
2125 1944 2250 1989 sunt
2267 1934 2493 2004 spiritus
2513 1931 2888 1986 ministrantes
2903 1945 3040 2001 quos
3066 1930 3332 1999 praemisit
3364 1929 3623 1986 Dominus

2041 2025 2492 2082 circumeundum
2523 2035 2746 2078 terram.
2787 2021 2895 2078 llos
2926 2023 3093 2093 igitur
3124 2022 3190 2076 de
3221 2021 3418 2077 dilecto
3453 2024 3627 2077 inter-

2044 2120 2110 2174 ad
2135 2126 2304 2189 rogat.
2330 2117 2447 2174 Non
2474 2125 2651 2172 autem
2667 2116 2880 2170 illorum
2903 2114 3137 2169 refertur
3156 2129 3496 2181 responsum.
3517 2113 3625 2169 Do-

2042 2226 2230 2267 cemur
2251 2218 2456 2274 autem,
2501 2207 2548 2262 si
2595 2207 2845 2277 cupimus
2903 2205 3152 2260 invenire
3188 2204 3463 2268 dilectum,
3518 2203 3624 2258 ali-

2043 2303 2363 2374 quantulum
2393 2301 2596 2372 egredi,
2617 2310 2672 2356 et
2702 2299 2954 2354 meliores
2982 2299 3097 2354 fieri
3134 2298 3254 2353 istis
3282 2337 3299 2364 ,
3331 2298 3397 2353 de
3429 2297 3626 2367 quibus

2041 2397 2257 2452 videtur
2318 2394 2371 2448 in
2407 2392 2650 2462 Epistola
2696 2392 2964 2446 disserere
3013 2389 3228 2455 Petrus,
3255 2405 3377 2445 cum
3434 2403 3625 2444 eorum

2049 2503 2172 2559 quae
2202 2502 2302 2542 nos
2334 2487 2387 2541 in
2435 2483 2903 2542 consummatione
2953 2492 3173 2537 manent
3202 2481 3623 2551 pratcellentiam

2045 2583 2270 2645 docens,
2299 2578 2396 2644 ait,
2419 2579 2476 2631 in
2507 2592 2660 2647 quem
2691 2577 2994 2630 desiderant
3037 2573 3210 2645 angeli
3240 2573 3536 2643 prospicere
3553 2572 3622 2630 ³³.

2046 2671 2185 2727 Istos
2212 2679 2391 2725 autem
2421 2669 2691 2724 modicum
2728 2679 3055 2738 praevertere
3079 2666 3377 2736 optandum
3423 2675 3528 2733 est,
3567 2674 3628 2719 ut

2045 2764 2358 2819 inveniatur
2391 2761 2643 2825 dilectus,
2697 2769 2751 2813 et
2792 2759 3044 2814 inventus
3098 2768 3405 2828 superetur,
3455 2767 3510 2813 et
3537 2773 3630 2815 su-

2044 2865 2266 2926 peratus
2297 2869 2404 2909 non
2434 2854 2725 2922 cogitetur.
2748 2852 2956 2922 Quippe
2979 2853 3190 2906 iucassa
3214 2860 3299 2906 est
3331 2852 3624 2919 possessio,

2046 2951 2148 3005 nisi
2191 2949 2488 3020 cogitatum
2547 2947 2768 3002 assidua
2834 2946 3148 3002 sollicitatio
3202 2953 3439 3014 superet.
3501 2943 3628 3000 Ideo

2045 3046 2180 3102 dicit
2217 3063 2231 3098 :
2266 3061 2371 3098 non
2411 3045 2676 3097 dimittam
2714 3057 2852 3104 eum,
2878 3041 3041 3094 donec
3074 3039 3409 3094 introducam
3436 3055 3552 3094 eum
3574 3039 3628 3092 in

2045 3139 2262 3193 domum
2296 3139 2481 3191 matris
2516 3151 2680 3200 metr;
2730 3143 2791 3188 ut
2825 3145 2879 3188 et
2924 3145 3210 3203 pOStquam
3244 3132 3368 3186 hinc
3421 3132 3634 3187 disces-

2048 3232 2201 3296 serit,
2239 3245 2362 3286 cnm
2397 3244 2462 3284 eo
2498 3227 2834 3298 ingrediatur
2880 3225 2936 3281 in
2965 3225 3186 3279 domum
3229 3238 3476 3294 supernae
3503 3222 3634 3278 Hie-

2048 3323 2353 3395 rosolymm,
2394 3321 2482 3376 ubi
2517 3315 2870 3390 profundiora
2907 3324 3181 3371 scrutetur
3225 3315 3278 3368 in
3323 3313 3472 3368 verbi
3501 3327 3632 3369 con-

2049 3415 2432 3486 templatione;
2483 3411 2805 3468 nefandiora
2855 3424 2987 3464 vero
3029 3409 3081 3462 in
3137 3406 3280 3461 illius
3317 3404 3631 3461 cubiculum

2047 3523 2167 3578 quae
2195 3520 2449 3577 sponsam
2481 3503 2690 3574 genuit.
2723 3501 2843 3571 Ipsa
2884 3514 3012 3554 vero
3063 3508 3240 3552 mater
3270 3497 3420 3566 quasi
3449 3495 3630 3550 conci-

2045 3601 2202 3670 piens
2231 3597 2562 3659 ostenditur,
2591 3603 2876 3666 propterea
2910 3592 3053 3661 quod
3085 3592 3140 3644 in
3171 3588 3526 3659 conceptione
3554 3587 3633 3642 si-

2046 3699 2162 3745 tum
2213 3703 2296 3744 est
2328 3688 2766 3744 coordinationis
2814 3685 3052 3739 initium.
3086 3681 3260 3736 Mater
3291 3680 3488 3736 dicitur
3505 3687 3631 3750 post

2047 3783 2430 3838 formationem
2458 3788 2513 3834 et
2537 3778 2785 3849 concepti
2818 3777 3232 3848 perfectionem.

2047 3964 2212 4022 Vens.
2243 3963 2296 4019 6.
2363 3964 2496 4030 Qua:
2524 3974 2600 4018 est
2630 3963 2737 4017 ista
2775 3975 2893 4030 quae
2941 3956 3178 4012 ascendit
3219 3971 3313 4030 per
3341 3954 3626 4030 desertum,

2117 4021 2255 4090 sicut
2287 4021 2504 4104 virgula:
2527 4033 2662 4104 fumi
2691 4021 3105 4104 exfaromatilrus
3128 4021 3355 4096 myrrha:
3383 4034 3430 4077 et
3461 4021 3628 4075 thuris

2118 4117 2166 4160 et
2195 4098 2425 4164 universi
2451 4098 2678 4171 pulveris
2714 4099 3051 4170 pigmentarii
3077 4098 3102 4150 1’

2116 4195 2349 4252 Pulchra
2379 4193 2635 4250 nimirum
2679 4190 2976 4261 proficiens
3007 4188 3115 4242 vita
3165 4195 3219 4241 et
3263 4183 3477 4240 ratione
3505 4183 3626 4238 ani-

2047 4304 2158 4356 ma,
2185 4296 2352 4357 atque
2379 4301 2443 4342 ea
2486 4285 2684 4355 quibus
2711 4283 2954 4352 plerique
2976 4287 3163 4335 errant
3189 4277 3458 4340 devitans,
3485 4275 3630 4344 quod

2046 4390 2130 4436 est
2169 4378 2464 4435 ascendere
2491 4392 2590 4448 per
2618 4377 2933 4438 desertum;
2979 4370 3185 4441 justum
3223 4383 3370 4434 esse,
3415 4368 3519 4423 hoc
3545 4376 3632 4422 est

2047 4474 2212 4527 bonus
2235 4469 2366 4524 odor
2387 4466 2586 4522 Christi
2613 4467 2671 4519 in
2691 4463 2830 4518 omni
2853 4461 2967 4516 loco
2982 4463 3035 4515 in
3053 4461 3115 4514 iis
3139 4460 3228 4530 qui
3249 4459 3382 4514 salvi
3401 4457 3537 4527 ﬁunt
3560 4455 3628 4522 ⁸⁸,

2045 4568 2181 4623 sicut
2207 4563 2410 4634 virgula
2441 4561 2574 4631 fumi
2600 4574 2666 4614 ea:
2687 4555 3013 4611 aromatibus
3033 4556 3282 4623 myrrhae,
3309 4549 3629 4607 delectantia

2046 4661 2330 4715 beatorum
2362 4655 2606 4710 suiritns.

2654 4805 2883 4864 CAPUT
2932 4805 3022 4861 IV.

2049 4911 2212 4966 Vsus.
2263 4907 2318 4961 2.
2373 4904 2564 4960 Dentes
2612 4903 2688 4955 tui
2739 4902 2873 4954 sicut
2932 4912 3110 4968 greges
3163 4903 3456 4968 tonsuram,
3495 4903 3632 4968 gum

2118 4960 2468 5033 ascenderunt
2514 4976 2578 5026 de
2625 4974 2865 5036 lavacro,
2901 4960 3081 5022 oinnés
3131 4963 3365 5035 gemellis
3415 4960 3626 5030 fetibus,

2115 5061 2162 5104 et
2189 5048 2380 5102 sterilis
2407 5063 2511 5100 non
2536 5056 2609 5098 est
2636 5043 2689 5096 in
2717 5044 2810 5094 eis.

2116 5141 2248 5210 Quae
2274 5138 2529 5211 gemellos
2565 5136 2734 5192 edunt
2776 5133 2940 5199 fetus,
2969 5128 3182 5185 scilicet
3207 5134 3426 5198 propter
3455 5122 3631 5192 dupli-

2044 5250 2161 5291 cem
2195 5232 2392 5288 mentis
2415 5229 2548 5292 vim,
2581 5228 2633 5281 id
2667 5235 2750 5281 est
2790 5223 3177 5295 speculativam
3201 5216 3628 5287 etspiritualem.

2046 5327 2213 5384 Vsus.
2244 5325 2300 5380 5.
2327 5320 2474 5377 Sicut
2506 5321 2630 5374 vitta
2661 5314 3085 5440 coccine:,llabia
3117 5323 3210 5366 tua
3245 5327 3262 5365 :
3288 5319 3337 5365 et
3363 5308 3630 5379 eloquium

2675 5397 2822 5440 tuum
2897 5403 2927 5438 ιι
2951 5401 3026 5438 ce.

2675 5397 2822 5441 tuum
2857 5397 3026 5440 dulce.

2118 5491 2263 5560 Ergo
2294 5487 2364 5544 sit
2402 5483 2771 5541 inﬂammatus
2804 5477 3076 5534 sermonis
3098 5482 3411 5545 apparatus,
3452 5479 3510 5524 ut
3535 5483 3632 5522 au-

2055 5584 2266 5642 dientes
2283 5591 2503 5653 captarc
2520 5575 2710 5648 possit,
2733 5582 2788 5629 et
2805 5570 3140 5628 salutiferam
3159 5567 3630 5623 vivificantetnnue
