4172 6392
563 362 658 416 ’271

1465 349 2022 412 SUPPLEMENTUM
2050 345 2140 402 AD
2175 343 2500 402 ORIGENIS
2532 343 2946 399 EXEGETICA.

3727 346 3837 401 272

569 497 864 540 ternorum
888 494 917 535 e
958 480 1117 536 labiis
1147 476 1474 532 ellluentium
1502 474 1752 529 ostendat
1781 471 2056 533 virtutem,
2091 475 2134 522 et

2249 465 2340 516 καὶ
2377 463 2606 526 ζωτικὸν
2642 462 2793 532 δηλοῖ
2829 460 2939 513 τῶν
2965 459 3053 513 διὰ
3091 460 3184 512 τοῦ
3218 458 3427 530 χείλους
3461 459 3710 525 ἐξιόντων
3746 463 3840 532 ῥη.

573 575 728 648 quasi
759 587 1060 629 mersorum
1096 572 1148 626 in
1182 586 1309 625 vero
1351 567 1553 624 Christi
1594 564 1876 635 sanguinis
1918 570 2068 632 potu.

569 752 737 808 Vatis.
769 750 824 806 3.
856 746 1001 804 Sicut
1042 747 1278 816 fragmen
1318 745 1448 796 mali
1487 743 1683 816 punici,
1715 741 1793 793 ita
1832 755 1975 809 gente
2015 748 2143 804 tuas,

945 836 1006 873 eo
1039 813 1181 887 quod
1217 817 1530 869 intrinsecus
1563 813 1710 865 latet.

640 911 901 981 Adjunxit
938 907 1237 979 prudentize
1269 905 1410 958 laudi
1447 903 1660 958 laudem
1687 911 1744 956 et
1776 900 2011 962 silentii;
2047 914 2146 953 no-

569 1005 818 1058 vitenim
847 1014 1044 1070 sponsa
1077 997 1261 1052 decori
1307 996 1507 1064 eloquii
1563 993 1875 1061 laudatique
1936 989 2142 1045 silentii

570 1108 835 1167 tempora.
875 1095 941 1149 Et
966 1095 1104 1148 sicut
1138 1091 1314 1145 ﬁdelis
1358 1089 1550 1158 spiritu
1601 1085 1885 1141 abscondit
1917 1098 2026 1147 res,
2068 1083 2140 1136 ita

569 1204 765 1254 sponsa
787 1187 839 1241 in
860 1185 1127 1256 profundo
1153 1181 1436 1238 abscondit
1459 1178 1960 1248 contemplationes,
1984 1174 2139 1246 quasi

571 1295 736 1336 cocca
767 1277 892 1332 mali
936 1277 1137 1345 punici,
1169 1275 1378 1345 singula
1423 1273 1645 1342 proprio
1676 1271 1866 1325 ordine
1903 1270 2139 1323 adnnata

570 1367 626 1420 in
663 1365 787 1419 vita:
824 1365 1056 1418 ratione.
1111 1362 1236 1416 Ideo
1291 1361 1512 1428 subiicit
1565 1377 1578 1412 :
1620 1356 1824 1413 Prwter
1869 1358 2140 1412 silentium

569 1468 756 1522 tuum;
783 1456 1077 1511 ostendens
1115 1453 1333 1508 silentio
1362 1451 1679 1506 abscondita
1712 1449 1965 1520 dogmata
1999 1450 2142 1505 sicut

569 1562 733 1603 cocca
767 1546 890 1600 mali
926 1545 1108 1616 punici
1140 1545 1240 1599 sub
1274 1544 1391 1613 ejus
1417 1544 1674 1614 tegmine.

568 1724 808 1778 VnsJ.
831 1723 978 1778 Sicut
1008 1724 1169 1777 turris
1214 1721 1380 1776 David
1401 1720 1590 1775 collum
1622 1731 1791 1785 tuum,
1826 1736 1943 1790 qua:
1969 1721 2141 1787 aediﬁ-

2255 555 2460 626 μάτων,
2491 554 2670 608 οῑωνεὶ
2713 552 3063 624 βαπτομένων
3102 553 3160 604 ἐν
3197 554 3263 622 τῇ
3293 550 3519 630 ἀληθινῇ
3560 551 3715 605 πόσει
3740 552 3836 606 τοῦ

2252 648 2481 717 αἵματος
2507 647 2601 700 τοῦ
2623 645 2881 717 Χριστοῦ.

2331 739 2426 804 Ὠς
2447 736 2714 805 λέπυρον
2737 736 2846 804 τῆς
2885 737 3035 803 ῥόας

2777 806 3131 872 σιωπήσεώς
3150 820 3290 859 σου.

2321 897 2650 968 Προστίθησι
2691 896 2769 966 τῷ
2804 897 2902 966 τῆς
2946 895 3297 966 σωφροσύνης
3342 895 3568 967 ἐπαίνῳ,
3601 897 3691 952 τδν
3725 899 3836 953 ἀπὺ

2247 993 2348 1062 τῆς
2383 990 2611 1059 σιωπῆς·
2632 987 3004 1057 ἐπισταμένης
3028 986 3131 1055 τῆς
3157 985 3375 1056 νύμφης
3400 989 3624 1058 καιροὺς
3645 989 3836 1054 λαλιᾶς

2247 1081 2455 1154 ὡραίας
2479 1080 2573 1133 καὶ
2594 1077 2992 1148 ἐπαινουμένης
3021 1077 3195 1146 σιγῆς·
3222 1078 3317 1130 καὶ
3341 1077 3467 1130 ἐπεὶ
3479 1079 3668 1143 πιστὸς
3695 1083 3832 1154 πνοῇ

2248 1175 2477 1248 κρύπτει
2504 1173 2806 1243 πράγματα
2841 1171 2935 1226 καὶ
2962 1171 2996 1241 ή
3019 1169 3206 1241 νύμφη
3235 1171 3294 1224 ἐν
3320 1170 3398 1241 τῷ
3425 1171 3579 1242 βάθει
3599 1172 3833 1243 κρύπτει

3067 735 3271 821 μῆλόν
3295 750 3412 789 σου
3441 733 3615 802 ἐκτὸς
3652 735 3764 805 τῆς

2246 1268 2314 1322 τὰ
2349 1267 2678 1337 θεωρήματα
2708 1265 2834 1328 τοὺς
2864 1265 3027 1317 οἱονεὶ
3054 1263 3290 1326 κόκκους
3316 1264 3416 1333 τῆς
3442 1264 3572 1335 ῥόας
3602 1264 3833 1332 ἕκαστος

2246 1362 2305 1414 ἐν
2325 1360 2402 1430 τῷ
2431 1359 2545 1429 ἰδίῳ
2569 1360 2806 1428 τάγματι
2835 1357 3416 1429 σεσωματοποιημένον
3446 1358 3598 1429 ἐντῷ
3623 1362 3832 1430 ἠγεμο-

2247 1453 2402 1523 νικῷ·
2427 1453 2506 1506 διὸ
2523 1453 2817 1522 ἐπήγαγεν·
2856 1451 3060 1516 Ἔκτὸς
3078 1449 3186 1517 τῆς
3201 1450 3556 1518 σιωπήσεώς
3575 1469 3712 1506 σου·
3737 1453 3832 1524 δη-

2247 1544 2354 1596 λῶν
2377 1542 2448 1596 τὰ
2477 1540 2809 1613 σιωπώμενα
2839 1541 3086 1612 δόγματα
3124 1540 3200 1605 ὡς
3227 1542 3461 1606 κόκκους
3488 1541 3617 1612 ῥόας
3642 1543 3746 1597 ὑπὸ
3767 1543 3832 1598 τὸ

2245 1634 2480 1706 λέπυρον
2508 1633 2698 1702 αὐτῆς.

2256 1725 2351 1789 Ὠς
2373 1724 2598 1790 πύργος
2614 1721 2802 1792 ,Δαυῒό
2830 1722 3132 1791 τράχηλος
3152 1737 3291 1785 σου,
3314 1726 3347 1776 ό
3375 1722 3829 1792 ᾠκοδομημένος

635 1803 757 1848 cata
795 1804 873 1847 est
906 1810 1022 1875 cum
1054 1793 1462 1887 propugnaculis
1493 1805 1512 1842 :
1544 1791 1686 1845 mille
1720 1791 1886 1861 clypei
1916 1791 2134 1858 pendent

2308 1791 2893 1887 h-Oalﬂow39;’1llt03
2932 1793 3129 1887 02pm!
3153 1792 3471 1871 κρέμανται
3497 1791 3589 1846 ἐπ’
3617 1795 3826 1858 αὑτὸν,

631 1881 695 1918 ea:
729 1880 813 1926 ea,
840 1865 1008 1916 omnis
1033 1872 1306 1915 armatura
1333 1861 1572 1931 fortium.

636 1955 826 2026 Aquila
865 1953 1140 2022 Thalpioth
1171 1952 1566 2022 propugnacula
1601 1953 1991 2022 interpretatus
2021 1962 2135 2016 est;

569 2042 925 2116 Symmachus
945 2056 1073 2096 vero
1098 2041 1408 2103 cacumina;
1450 2040 1535 2094 cui
1572 2038 1865 2093 auxiliatur
1894 2040 2034 2109 quod
2071 2039 2140 2095 ad

563 2134 1013 2207 propugnantium
1045 2135 1214 2188 turris
1241 2133 1506 2187 aediﬁcata
1537 2139 1622 2186 est
1660 2132 1951 2201 sapientia,
1984 2145 2014 2186 a
2036 2147 2141 2202 qua

565 2227 708 2282 sicut
751 2225 925 2297 στιγρυὶ
961 2225 1197 2294 pendent
1229 2224 1436 2278 credita
1468 2224 1741 2293 dogmata,
1777 2237 1897 2292 quae
1920 2222 2138 2293 quidem

566 2317 921 2389 singulariter
957 2314 1429 2385 vocatApostolus
1463 2312 1588 2368 ﬁdei
1632 2313 1899 2385 clypeum.
1947 2313 2139 2367 Arma-

566 2421 689 2465 tura
741 2418 927 2465 autem
977 2407 1219 2477 fortium,
1273 2414 1397 2460 sunt
1460 2405 1674 2460 fortiter
1736 2415 2142 2460 commoventes

565 2515 866 2558 sermones.
884 2499 993 2556 Pro
1019 2495 1728 2570 propugnaculis,prwcepta
1751 2497 2141 2574 interpretatur

566 2595 756 2666 quinta
802 2592 1120 2655 translatio,
1168 2591 1416 2662 spiritum
1472 2589 1645 2660 magis
1685 2604 1848 2658 quam
1903 2590 2138 2644 litteram

565 2697 788 2752 secuta;
811 2687 901 2740 ubi
934 2685 1078 2740 enim
1101 2683 1297 2739 desunt
1326 2693 1719 2754 praeceptorum
1767 2681 2136 2748 fundamenta,

565 2797 748 2837 veram
775 2780 1052 2835 aediﬁcare
1081 2778 1366 2834 scientiam
1399 2777 1736 2848 impossibile
1774 2785 1877 2834 est.

566 2958 731 3016 Vens.
764 2958 936 3026 5seq.
965 2957 1083 3012 Duo
1111 2959 1272 3012 ubera
1319 2968 1427 3018 tua.
1465 2959 1604 3012 sicut
1651 2961 1756 3013 duo
1811 2960 2019 3014 hinnuli
2043 2975 2138 3012 ca-

635 3045 776 3098 prea:
803 3028 1030 3096 gemelli,
1052 3032 1141 3097 qui
1183 3038 1472 3100 pascuntur
1500 3030 1554 3082 in
1576 3029 1725 3096 liliis,
1748 3029 1914 3085 donec
1942 3031 2138 3100 aspirst

631 3100 745 3154 dies
777 3107 826 3152 et
863 3099 1184 3153 inclinentur
1214 3099 1434 3152 umbra.

2313 1863 2506 1917 πᾶσαι
2535 1861 2786 1927 βολίδες
2817 1861 2934 1914 τῶν
2965 1861 3260 1918 δυνατῶν,

2326 1951 2557 2015 Ἀκύλας
2590 1950 2652 2004 τὸ
2693 1951 2969 2005 Θάλπιὼο
3017 1951 3304 2018 ἐπάλξεις
3350 1951 3664 2006 ἐκδέδωκενο
3699 1953 3728 2006 ὁ
3769 1951 3828 2006 δέ

2240 2043 2555 2114 Σύμμαχος,
2601 2041 2748 2110 ὕψη·
2779 2034 2824 2108 ᾧ
2852 2040 3133 2095 ἀκολουθεῖ
3159 2042 3250 2094 τὸν
3275 2042 3414 2112 ὑπὲρ
3453 2041 3553 2106 τὰς
3577 2041 3829 2106 ἐπάλξεις

2242 2133 2449 2205 πύργον
2480 2129 2615 2186 εἶναι
2646 2131 2744 2203 την
2778 2133 2990 2201 σοφίαν,
3019 2127 3085 2203 ἦς
3116 2133 3318 2203 ὁμοίως
3355 2134 3617 2202 ἤρτηνται
3643 2132 3828 2204 θυρεοὶ

2244 2225 2344 2296 μὲν
2365 2223 2436 2277 τὰ
2462 2222 2872 2293 πεπιστευμένα
2898 2223 3168 2294 δόγματα,
3199 2223 3343 2294 ἅπερ
3376 2220 3527 2276 εἶπεν
3560 2224 3754 2288 ἑνικῶς
3799 2224 3830 2277 ό

2241 2315 2560 2379 Ἀτοόστολος
2577 2313 2766 2388 θυρεὸν
2787 2315 3041 2378 πίστεως·
3065 2314 3316 2380 βολίὸες
3331 2315 3386 2368 δὲ
3398 2313 3519 2368 τῶν
3531 2316 3826 2381 δυνατῶν,

2238 2409 2287 2460 ot
2337 2405 2579 2470 δυνατῶς
2630 2405 3027 2476 ἀνατρέποντες
3074 2406 3222 2472 λόγοι
3270 2406 3379 2458 τῶν
3415 2407 3675 2460 ἐναντίων
3730 2409 3829 2478 τῆς

2239 2497 2496 2570 ἀληθείας
2510 2498 2608 2570 τὴν
2646 2498 2995 2568 πιθανότητα·
3033 2499 3153 2552 ἀντὶ
3182 2499 3238 2551 δέ
3267 2499 3362 2552 τοῦ
3394 2499 3698 2565 ἐπάλξεις,
3726 2500 3826 2554 ἐν·

2239 2589 2422 2656 τολὰς
2475 2588 2771 2642 ἐκδέδωκεν
2816 2591 2850 2659 ἡ
2887 2590 3112 2660 πέμπτη
3150 2590 3379 2654 έκδοσις,
3420 2592 3512 2644 τὸν
3540 2592 3664 2645 νοῦν
3695 2591 3827 2663 μᾶλ-

2239 2681 2328 2734 λον
2353 2682 2386 2752 ἢ
2419 2681 2517 2753 τὴν
2536 2682 2681 2744 λέξιν
2707 2681 3101 2753 ἐρμηνεύουσα⁶
3125 2682 3198 2752 μὴ
3217 2683 3695 2753 προαποκειμένων
3711 2684 3824 2756 γὰρ

2240 2772 2488 2838 ἐντολῶν,
2551 2775 2968 2846 οἰκοδομηθῆναι
3024 2775 3124 2845 τὴν
3179 2775 3383 2844 ἀψευδῆ
3439 2773 3640 2842 γνῶσιν
3695 2773 3826 2830 ἀδύ-

2241 2882 2399 2918 νατον
2405 2905 2419 2917 .

2239 2956 2355 3010 Δύο
2397 2957 2620 3024 μαστοι
2641 2973 2779 3020 σου,
2809 2958 2890 3023 ὠς
2913 2958 3022 3011 δύο
3045 2958 3240 3026 νεϐροὶ
3268 2957 3500 3026 δίδυμοι
3529 2957 3824 3025 δορκάδος

2310 3029 2364 3099 οι
2390 3030 2705 3099 νεμόμενοι
2725 3028 2796 3080 ἐν
2817 3028 2941 3099 toi;
2970 3024 3214 3097 κρίνοις,
3237 3028 3349 3094 ἕως
3393 3024 3464 3084 οὗ
3486 3024 3822 3099 dmin-socru

2307 3097 2347 3165 ἠ
2367 3096 2555 3166 ἡμέρα
2584 3099 2682 3152 καί
2710 3096 3035 3166 κινηθῶσιν
3060 3101 3119 3152 al
3145 3099 3331 3153 σκιαί.

637 3189 924 3245 Rationem
956 3190 1257 3259 aequiparat
1284 3205 1498 3260 sponsa:
1538 3190 1822 3256 uberibus,
1865 3192 2134 3262 perspica-

2313 3187 2386 3240 Τὸ
2414 3189 2764 3260 ἡγεγομικὸν,
2786 3188 2860 3254 ὼς
2891 3190 2982 3243 ἐπὶ
3004 3189 3222 3262 νύμφης
3259 3193 3474 3262 μαστοίο
3510 3192 3648 3263 ὅπερ
3677 3191 3824 3245 ἐστὶν

564 3281 783 3338 cissima
818 3289 941 3350 est;
975 3282 1094 3338 ideo
1115 3283 1381 3338 assimilat
1417 3283 1628 3339 duobus
1656 3283 1896 3338 liinnulis
1931 3298 2138 3351 capreae

561 3372 828 3444 gemellis,
853 3374 945 3444 qui
980 3384 1274 3444 pascuntur
1320 3375 1376 3430 in
1427 3373 1633 3432 ﬂoridis
1664 3385 1719 3431 et
1751 3390 1920 3432 suave
1949 3377 2140 3431 olenti-

563 3463 668 3520 bus
694 3464 848 3533 locis,
884 3465 1189 3536 spiritualia
1233 3475 1288 3521 et
1331 3467 1608 3522 sensibilia
1655 3468 1979 3536 designans;
2010 3468 2134 3522 nin-

471 3581 480 3586 -
565 3556 724 3613 nulos
753 3571 902 3623 vero,
953 3557 1097 3626 quod
1153 3573 1297 3613 nunc
1345 3557 1546 3628 partim
1596 3559 1967 3630 cognovimus.
2001 3558 2136 3614 Cum

565 3656 748 3701 autem
823 3647 1089 3716 perfectio
1140 3649 1369 3715 venerit,
1431 3647 1722 3718 pueritiam
1781 3649 2134 3718 abjiciemus;

564 3753 689 3792 cum
734 3738 1020 3808 prmsentis
1056 3739 1181 3794 vitae
1233 3748 1400 3795 aestus
1454 3740 1732 3804 subsidat,
1771 3750 1826 3796 et
1869 3741 2136 3813 refrigerii

565 3840 776 3898 tempus
833 3829 1084 3896 adfuerit,
1139 3830 1332 3887 solutis
1385 3831 1647 3887 tenebris.
1677 3831 1938 3888 Tenebrae
1985 3834 2133 3888 enim

561 3929 691 3976 sunt
716 3935 955 3991 praesens
988 3921 1096 3976 vita
1125 3939 1141 3989 ;
1192 3931 1319 3978 tunc
1355 3921 1502 3978 enim
1531 3932 1590 3978 ut
1618 3923 1872 3995 perfecti,
1899 3925 1995 3982 sed
2024 3940 2132 3984 non

572 4019 634 4064 ut
667 4009 873 4064 binnuli
914 4025 1219 4079 pascemur.

558 4099 723 4178 Vsus.
761 4101 814 4156 9.
866 4101 1168 4178 vulnerasti
1207 4119 1299 4156 cor
1321 4119 1529 4178 meum,
1581 4120 1735 4178 soror
1755 4124 1872 4162 mea
1914 4125 2128 4178 sponsa,

627 4170 916 4244 vulnerasti
957 4188 1051 4244 cor
1083 4189 1276 4244 meum,
1313 4173 1371 4226 in
1420 4190 1524 4228 uno
1578 4176 1853 4231 oculorum
1893 4170 2127 4244 tuorum,

626 4250 676 4295 et
708 4241 764 4295 in
793 4258 896 4296 uno
923 4243 1068 4296 crine
1097 4243 1219 4296 colli
1247 4244 1346 4297 tui.

625 4330 890 4384 Insertum
956 4332 1155 4386 dicitur
1205 4335 1561 4403 quodcunque
1611 4335 1665 4389 in
1722 4351 1934 4406 sponsae
1989 4337 2130 4395 collo

553 4425 817 4480 inseritur
845 4435 901 4480 et
935 4426 1153 4482 crescit.
1189 4425 1248 4482 Si
1299 4435 1514 4494 autem,
1549 4439 1610 4483 ut
1655 4428 1764 4484 duo
1802 4429 2006 4486 binnuli
2037 4446 2130 4487 ca-

2240 3277 2713 3350 όξυδερκέστατον·
2747 3281 2826 3334 διὸ
2858 3281 3158 3352 παρείκασε
3181 3279 3274 3332 δύο
3315 3281 3526 3351 νεϐροῖς
3567 3280 3823 3353 δορκάδος

2239 3369 2559 3440 νεμομένοις
2600 3371 2658 3423 ἐν
2682 3371 2904 3442 ὡραίοις
2936 3372 3119 3434 τόποις
3150 3372 3243 3424 καὶ
3259 3371 3502 3425 εύώδεσιο
3542 3373 3822 3443 σημαίνων

2238 3459 2309 3512 τά
2333 3477 2392 3513 τε
2419 3460 2583 3530 νοητά
2623 3462 2716 3514 καὶ
2743 3461 2998 3533 αίσθητά·
3027 3462 3254 3532 νεϐροὺς
3280 3462 3358 3525 δὲ,
3387 3463 3573 3533 ἐπειδὴ
3603 3462 3698 3515 νῦν
3755 3465 3820 3516 ἐκ

2241 3551 2442 3624 μέρους
2472 3551 2834 3624 γινώσκομενο
2860 3555 2986 3607 ὅταν
3016 3554 3072 3608 δὲ
3104 3552 3164 3606 τὸ
3192 3553 3393 3607 τέλειον
3436 3553 3586 3626 ἔλθῃ,
3617 3571 3821 3626 καταρ-

2237 3643 2442 3713 γοῦμεν
2468 3643 2565 3714 τὴν
2611 3644 2932 3716 νηπιότητα⁶
2966 3644 3093 3698 ὅταν
3118 3647 3147 3698 ό
3185 3645 3403 3699 καύσων
3431 3645 3526 3699 τοῦ
3553 3645 3819 3716 παρόντος

2237 3733 2355 3804 βίου
2385 3735 2678 3806 παύσηται,
2719 3735 2812 3789 καὶ
2857 3735 3048 3807 καιρὸς
3088 3736 3186 3808 τῆς
3237 3737 3555 3807 ἀναψύξεως
3595 3739 3818 3809 ἐπιστῇ,

2236 3826 2500 3898 λυομένης
2548 3827 2641 3881 καὶ
2682 3828 2780 3898 τῆς
2807 3829 2983 3890 σκιᾶς·
3042 3829 3169 3882 σκιὰ
3216 3829 3325 3900 γάρ
3375 3832 3520 3882 ἐστιν
3563 3830 3592 3881 ό
3626 3828 3819 3900 παρὼν

2236 3916 2368 3987 βίος·
2389 3919 2509 3972 τότε
2537 3919 2646 3991 γὰρ
2671 3919 2746 3984 ὡς
2777 3918 2994 3983 τέλειοι,
3035 3918 3148 3973 ἀλλ’
3188 3921 3288 3990 οὐχ
3323 3920 3400 3983 ὡς
3431 3919 3614 3990 νεϐροὶ
3645 3937 3817 3992 νεμη-

2234 4008 2531 4080 θησόμεθα.

2246 4102 2672 4172 Ἐκαρδίωσαςᾉ
2703 4100 2879 4172 ἡμᾶς.
2933 4103 3165 4171 ἀδελφή
3211 4121 3333 4171 μου
3379 4103 3610 4171 νύμφη·
3642 4101 3816 4172 ἐκορ-

2303 4172 2526 4238 δίωσας
2553 4170 2709 4240 ἡμᾶς
2739 4170 2828 4225 ἐνὶ
2848 4173 2966 4227 άπὸ
2997 4170 3317 4242 ὀφθαλμῶν
3343 4170 3483 4237 σου,
3513 4173 3584 4226 ἐν
3598 4171 3814 4243 μιᾷέν-

2301 4243 2502 4310 θέματι
2528 4244 2831 4311 τραχήλου
2847 4259 2983 4296 σου.

2302 4339 2377 4391 Τὸ
2407 4340 2624 4407 ἕνθεμα
2665 4337 2878 4409 εἴρηται
2914 4337 3065 4409 παρὰ
3090 4338 3149 4390 τὺ
3182 4336 3482 4391 ἐντίθεσθαι
3523 4338 3620 4390 καὶ
3653 4339 3808 4409 ἐνορ-

2233 4429 2436 4498 μᾶσθαι
2456 4429 2534 4501 τῷ
2561 4429 2814 4502 τραχήλῳ
2839 4429 2938 4500 τῆς
2967 4429 3202 4500 νύμφης·
3232 4429 3279 4481 εί
3317 4428 3373 4482 δὲ
3411 4429 3485 4491 ὠς
3510 4428 3603 4482 δύο
3630 4427 3811 4498 νεϐροὶ

551 4530 698 4585 ιιι-θαι
738 4524 895 4570 erant
930 4530 1141 4584 sponsae
1175 4517 1363 4583 ubera,
1387 4534 1545 4586 quam
1569 4517 1790 4588 pulchra
1816 4530 1936 4575 sunt
1971 4521 2130 4576 intel-

2237 4522 2486 4595 δορκάδος
2512 4522 2732 4593 ἔμειναν
2761 4523 2810 4574 oi
2850 4521 3041 4593 μαστοὶ
3060 4521 3158 4592 τῆς
3189 4520 3428 4592 νύμφης,
3461 4520 3522 4573 τὸ
3551 4521 3608 4573 τι
3635 4521 3812 4573 ἐκαλ-

552 4607 744 4677 ligitur
775 4621 880 4662 non
909 4607 1300 4663 admirabiliter
1334 4608 1539 4664 dictum
1567 4609 1634 4666 de
1662 4609 1963 4677 intellectu,
1987 4613 2130 4668 sicut

553 4699 689 4763 dixi,
723 4699 815 4754 sed
855 4699 1120 4768 duplicem
1160 4700 1393 4770 prodigii
1433 4701 1542 4754 vim
1593 4711 1648 4756 et
1704 4703 2128 4772 pulchritudinis

552 4801 900 4860 augmentum
927 4791 1183 4846 ostendit.
1199 4791 1464 4847 Similiter
1492 4792 1778 4848 vulnerasti
1816 4811 1909 4848 cor
1932 4812 2124 4862 meum,

551 4882 639 4936 bis
667 4882 946 4937 usitatum.
978 4881 1310 4937 Vestimenta
1368 4891 1548 4940 autem
1589 4899 1822 4954 sponsae,
1869 4895 1998 4941 sunt
2032 4887 2124 4957 qui

551 4973 844 5030 induerunt
886 4973 1151 5028 Christum
1179 4974 1386 5042 Iesum,
1410 4976 1611 5029 viscera
1653 4977 2046 5044 misericordia,
2075 4989 2124 5033 et

553 5068 940 5139 benignitatem,
973 5080 1021 5122 et
1046 5070 1392 5124 humilitatem
1421 5069 1497 5134 “;
1525 5070 1665 5126 labia
1698 5080 1824 5127 sunt
1854 5065 2124 5141 discipuli,

551 5159 768 5230 {avique
816 5162 990 5217 mellis
1030 5177 1310 5218 sermones
1355 5162 1514 5228 boni;
1554 5162 1705 5218 favos
1753 5163 1898 5220 enim
1926 5174 1982 5220 et
2019 5163 2125 5220 mel

551 5253 903 5308 confecerunt
948 5255 1223 5324 propheta:
1245 5265 1301 5308 et
1327 5256 1581 5324 apostoli.

553 5345 720 5400 Vens.
782 5345 868 5398 l2.
932 5345 1130 5400 Hortus
1182 5345 1461 5401 conclusus
1517 5364 1672 5402 soror
1731 5365 1845 5402 mea

830 5417 1010 5468 hortus
1061 5418 1360 5482 conclusus,
1414 5417 1534 5485 fons
1576 5420 1834 5489 signatus.

623 5506 712 5562 Bis
771 5508 956 5560 hortus
1009 5507 1284 5562 conclusus
1333 5509 1553 5574 dicitur,
1613 5511 1754 5580 quod
1802 5524 2121 5581 progressus

551 5600 750 5668 primo,
811 5601 932 5654 dein
969 5600 1354 5669 perfectionem
1395 5601 1589 5664 innuit,
1633 5617 1755 5656 cum
1803 5617 1956 5659 mens
2002 5601 2120 5672 ejus

1906 5365 2119 5419 sponsa,

625 5776 672 5810 “
701 5777 861 5839 Rom.
893 5793 1013 5846 xm,
1073 5775 1173 5842 l4;
1235 5775 1442 5834 Coloss.
1473 5792 1570 5846 ιιι,
1609 5777 1696 5833 l2.

2223 4613 2566 4680 λιώθησαν;
2593 4613 2692 4666 οὐκ
2715 4612 2780 4666 ἂν
2799 4611 2998 4684 ἐρρέθη
3018 4611 3409 4681 θαυμαστικῶς
3440 4612 3567 4683 περὶ
3598 4610 3716 4677 τοῦ,
3733 4610 3809 4674 ὡς

2226 4704 2385 4775 ἔφην,
2413 4702 2776 4775 διανοητικοῦ,
2811 4701 2947 4756 ἀλλά
2978 4702 3069 4755 καὶ
3086 4701 3145 4755 τὸ
3160 4702 3382 4756 διπλοῦν
3397 4702 3490 4756 τοῦ
3508 4703 3804 4774 θαύματος,

2222 4797 2320 4867 τὴν
2353 4795 2580 4865 αὔξησιν
2616 4795 2710 4848 τοῦ
2744 4795 2972 4857 κάλλους
3005 4793 3302 4860 ὑπέδειξεν·
3338 4797 3519 4848 ὁποῖον
3544 4793 3606 4846 τὸ
3635 4794 3808 4862 ἐκαρ-

2222 4886 2446 4954 δίωσας
2464 4891 2529 4941 ἐκ
2548 4887 2799 4959 δευτέρου
2829 4886 3014 4958 ῥηθέν·
3053 4886 3242 4957 ἱμάτια
3270 4885 3326 4939 δὲ
3356 4885 3456 4956 τῆς
3491 4885 3728 4957 νύμφης,
3758 4887 3808 4938 oi

2221 4979 2555 5050 ἐνδεδυμένοι
2572 4979 2828 5047 Χριστὸν
2867 4979 3128 5047 Ἰησοῦν,
3146 4977 3474 5047 σπλάγχνα
3495 4975 3811 5046 οἰκτιρμῶν

2223 5071 2321 5124 καί
2352 5073 2731 5140 χρηστότητα
2762 5070 2860 5124 καὶ
2889 5071 3471 5138 ταπεινοφροσύνην·
3497 5068 3648 5139 χείλη
3668 5068 3724 5121 δὲ
3758 5069 3807 5120 oi

2220 5163 2550 5217 διδάσκαλον
2578 5164 2673 5217 καὶ
2690 5166 2858 5235 κηρία
2877 5162 3092 5234 μέλιτος
3111 5161 3259 5230 λόγοι
3286 5161 3460 5215 καλοί·
3486 5155 3820 5236 είργάσαντοξ

2218 5256 2277 5311 δὲ
2308 5257 2496 5329 κηρίον
2524 5259 2618 5310 καὶ
2648 5258 2768 5328 μέλι
2792 5258 3069 5330 προφῆται
3102 5259 3198 5312 καὶ
3230 5258 3541 5312 ἀπόστολοι.

2224 5347 2433 5416 Κῆπος
2471 5351 2916 5419 κεκλεισμένος,
2946 5349 3181 5419 ἀδελφή
3207 5368 3325 5419 μου
3362 5351 3590 5418 νύμφη⁸
3616 5345 3810 5416 κῆπος

2435 5421 2881 5489 κεκλεισμένος,
2916 5420 3080 5489 πηγὴ
3120 5419 3592 5490 ἐσφραγισμένη.

2294 5509 2576 5583 Δεύτερον,
2602 5512 2662 5566 τὸ
2681 5511 2876 5582 κῆπος
2910 5513 3338 5584 κεκλεισμένος
3366 5511 3588 5584 ἐρρέθη,
3619 5509 3681 5563 τὸ
3709 5507 3810 5581 μὲν

2227 5603 2320 5657 ἐπὶ
2341 5605 2778 5687 προκόπτοντος,
2823 5606 2885 5660 τὸ
2925 5607 2982 5661 δὲ
3015 5607 3109 5661 ἐπὶ
3139 5606 3367 5661 τελείου.
3396 5607 3485 5658 ὅτε
3514 5605 3576 5658 τὸ
3603 5605 3810 5675 ἡγεμο-
