4172 6390
354 338 464 398 9.75

1460 338 1752 398 SCHOLIA
1790 339 1858 397 ΙΝ
1891 337 2194 396 CANTICA
2230 335 2503 394 CANTIC.

3508 321 3618 377 9η

357 458 508 515 νικδν
560 456 727 513 αὐτοῦ
776 455 1095 530 καθοραθέν,
1138 461 1204 530 τῇ
1238 459 1337 530 τῆς
1365 459 1644 528 θεολογίας
1686 457 1940 530 σφραγίδι

2060 465 2328 527 perspecta
2369 449 2647 522 theologia:
2680 447 2835 520 signa
2861 445 3078 518 signata
3104 449 3210 499 est.
3259 440 3416 496 Nunc
3453 440 3619 496 etiam

354 549 684 605 τετύπωται·
708 549 741 621 ἢ
763 551 858 602 καὶ
880 549 975 603 νῦν
1024 550 1122 621 μὲν
1156 553 1194 622 ή
1223 553 1410 623 νύμφη
1450 549 1644 620 κῆπός
1670 553 1818 604 ἐστιν
1841 566 1937 604 κε-

354 641 716 711 κλεισμένος
749 641 930 713 μόνον,
961 642 1020 694 ἐν
1058 641 1116 695 δέ
1137 641 1215 714 τῷ
1245 642 1489 712 μέλλοντι
1529 641 1688 696 αἰῶνι
1717 642 1805 696 διὰ
1839 639 1937 712 τὴν

353 734 668 806 τελειότητα
717 734 813 788 καὶ
855 733 915 788 τὸ
961 733 1196 804 βέϐαιον,
1221 735 1316 790 καὶ
1365 735 1516 807 πηγή
1556 736 1702 789 ἐστιν
1732 735 1941 806 ἐσφρα-

355 825 611 897 γισμένη.
645 824 834 879 Παντὶ
866 823 978 896 γὰρ
1004 823 1086 891 τῷ
1118 827 1321 896 ἔχοντι
1348 825 1669 893 δοθήσεται
1707 827 1805 880 καὶ
1833 838 1939 880 rce-

351 917 840 988 ρισσευθήσεται·
884 918 981 973 νῦν
1035 919 1133 990 μὲν
1182 913 1276 973 οὖν
1315 922 1349 990 ἠ
1375 918 1564 992 Γραφή
1601 920 1775 991 κῆπον
1804 913 1942 973 εἶναι

360 1009 565 1074 ἁπλῶς·
594 1010 826 1082 ἀλλαχοῦ
848 1011 906 1064 δέ
935 1010 1011 1076 ὡς
1034 1013 1161 1084 περὶ
1181 1013 1390 1085 ἐτέρου,
1415 1013 1510 1067 καὶ
1537 1013 1598 1067 τὸ
1618 1013 1944 1082 λαχανείας

360 1103 740 1176 προστίθησιν.

374 1197 766 1278 Ἐξεῖέρςῖητι,
795 1195 1014 1278 Βοῤῥᾶ,
1042 1197 1139 1251 καὶ
1157 1197 1358 1278 ξρχου,
1377 1199 1546 1278 Νότε,
1570 1196 1947 1278 διαπνευσοο·

464 1266 667 1337 κῆπόν
687 1286 829 1337 μου,
855 1267 954 1322 καὶ
977 1266 1376 1337 ρευσάτωσαν
1397 1267 1676 1338 ἀρώματα
1695 1285 1836 1338 μου.

434 1361 650 1413 Ἔοικεν
673 1360 933 1430 ἐπιτιμᾷν
957 1361 990 1431 ή
1017 1359 1201 1431 νύμφη
1223 1358 1302 1430 τῷ
1322 1359 1554 1431 ὼρρέᾳ,
1571 1359 1670 1429 τὴν
1699 1357 1946 1426 ἐξουσίαν

361 1451 599 1507 λαϐοῦσα
629 1450 778 1522 παρά
806 1451 901 1505 τοῦ
932 1451 1356 1522 ἐπιτιμήσαντος
1377 1450 1456 1522 τῷ
1481 1450 1666 1522 ἀνέμῳ
1691 1448 1941 1520 νυμφίου·

361 1545 440 1598 διὸ
462 1543 616 1616 παρά
644 1547 757 1609 τοῖς
786 1545 965 1616 τρισὶν
1010 1545 1424 1614 εὑαγγελισταῖς
1454 1543 1838 1615 ἐπιτιμηθῆναι
1869 1541 1949 1612 τῷ

361 1635 551 1707 ἀνέμῳ
582 1636 814 1708 εἴρηται·
849 1638 903 1689 οὶ
936 1635 1005 1689 δὲ
1038 1635 1244 1705 ἄνεμοι
1268 1633 1477 1700 ἁπλῶς
1528 1635 1948 1690 ὑπακούουσιν

361 1728 541 1794 αὐτῷ·
573 1728 806 1799 Χριστὸς
837 1724 930 1781 οὖν
947 1727 1350 1798 ἐξωθουμένους
1370 1725 1464 1780 τοῦ
1494 1725 1761 1789 διαϐόλου,
1787 1727 1948 1778 εἰσοι-

362 1821 574 1883 κίξεται
605 1781 724 1884 ταῖς
747 1820 964 1892 ψυχαῖς·
989 1781 1124 1893 περὶ
1143 1781 1204 1874 οὗ
1230 1820 1312 1886 τὸ,
1331 1781 1376 1876 ’ὁ
1403 1819 1546 1887 Θεὸς
1569 1819 1687 1876 ἀπὸ
1722 1781 1949 1888 ὁαιμὰν

2060 1812 2180 1853 vero
2204 1797 2272 1852 ad
2299 1795 2452 1861 illud,
2486 1793 2628 1850 Deus
2651 1811 2682 1848 a
2713 1792 2970 1848 Thceman
3005 1787 3198 1852 veniet,
3236 1784 3302 1837 ab
3336 1781 3532 1835 Austro

363 1909 520 1977 ἥξει,
552 1910 828 1963 τουτέστιν
851 1910 919 1964 ἐκ
952 1911 1164 1964 Νότου.

895 2003 1293 2056 ΚΕΦΑΛΑῙΟΝ
1336 2002 1413 2055 Ε’.

367 2091 642 2156 Ἀνοιξόν
667 2109 791 2161 μοι,
824 2091 1055 2160 ἀδελφή
1072 2109 1212 2161 μου,
1237 2090 1655 2161 πλησίον-μου,
1678 2104 1947 2161 ereptore-

427 2163 511 2233 pd
535 2158 680 2233 μου,
707 2163 908 2216 τελεία
935 2158 1188 2230 μουζὸτι
1215 2163 1254 2232 ἡ
1271 2160 1502 2230 κεφαλή
1517 2158 1644 2233 μου
1670 2158 1947 2233 ἐπλήσθη

435 2230 682 2300 δρόσου,
719 2232 818 2286 καὶ
831 2236 885 2286 οἱ
898 2233 1240 2302 ,βόστρυχοί
1246 2230 1252 2232 Ἴ
1260 2250 1381 2302 μου
1405 2230 1688 2300 ψεκάδων
1704 2232 1947 2296 νυκτός.

448 2324 788 2393 Ἀναγκαίως
813 2325 846 2396 ἡ
870 2323 963 2377 τοῦ
993 2325 1094 2393 μοί
1110 2322 1396 2396 προσθήκη
1425 2323 1518 2377 τοῦ
1542 2322 1805 2388 ἄνοιξον·
1835 2321 1950 2376 ἐστι

366 2415 473 2488 γὰρ
508 2419 603 2470 καὶ
644 2416 1047 2487 ἀντικειμέναις
1082 2417 1376 2487 δυνάμεσιν
1423 2415 1652 2480 ἀνοῖξαι·
1687 2415 1764 2478 ὡς
1823 2413 1952 2485 περὶ

365 2511 602 2582 όχληρᾶς
619 2510 676 2562 δὲ
695 2511 794 2581 τῆς
822 2509 1014 2582 δρόσου
1051 2509 1229 2579 λέγειν
1261 2509 1427 2572 δοκεῖ,
1461 2507 1657 2570 ὡς’καὶ
1692 2505 1951 2576 περὶτῶν

364 2605 466 2674 τῆς
492 2603 684 2667 νυκτὸς
706 2602 974 2673 ψεκάδων·
1011 2601 1331 2656 ἀνάπαυλαν
1362 2600 1472 2672 γὰρ
1495 2599 1672 2653 ἔοικεν
1699 2598 1808 2653 ἀπὸ
1825 2598 1952 2652 τού-

365 2711 476 2749 των
491 2696 788 2765 ὲπιζητεῖν.
827 2693 1120 2747 ’Δκόλουθα
1159 2692 1335 2746 ταῦτα
1361 2694 1473 2755 τοῖς
1504 2689 1762 2763 πρώτοις·
1816 2688 1955 2762 μετά

367 2787 477 2858 γάρ
508 2787 606 2858 τήν
637 2786 930 2840 ἀνάστασιν
957 2785 1174 2856 εἰσῆλθε
1192 2785 1300 2838 τῶν
1317 2783 1495 2855 θυρῶν
1529 2782 1950 2853 κεκλεισμένων·

369 2881 463 2934 καὶ
502 2880 658 2934 καλεί
692 2879 784 2934 τὸν
820 2879 1043 2951 Θωμᾶν,
1075 2879 1171 2933 καὶ
1216 2879 1281 2932 δι’
1312 2877 1476 2932 αὐτοῦ
1510 2878 1690 2930 πᾶσαν
1728 2875 1954 2929 ἄπιστον

368 2971 569 3043 ψυχὴν,
594 2970 802 3037 ἀνοῖξαι
821 2972 919 3043 τὴν
950 2972 1084 3026 ἰδίαν
1118 2971 1345 3043 καρδίαν
1374 2972 1468 3024 καὶ
1481 2970 1579 3042 τὴν
1605 2972 1703 3042 τῆς
1728 2969 1958 3024 ἀναστά-

373 3079 512 3128 σεως
555 3064 803 3134 χωρῆσαι
851 3063 1246 3137 πληροφορίαν·
1279 3062 1436 3116 καλεῖ
1460 3061 1517 3115 δὲ
1544 3061 1707 3115 αὐτὸν
1743 3061 1956 3115 τελείαν

371 3155 616 3218 εἰπόντα,
649 3157 682 3208 ό
712 3155 925 3223 Κύριός
945 3173 1065 3223 μου
1099 3153 1199 3206 καὶ
1230 3154 1262 3206 ὀ
1291 3152 1437 3218 Θεός
1453 3169 1594 3222 μου·
1622 3153 1655 3224 ἡ
1683 3151 1870 3222 δρόσος
1898 3150 1955 3205 δὲ
1983 3178 2030 3240 c
2061 3160 2186 3202 cere
2241 3165 2256 3200 :

2041 563 2237 620 sponsa
2268 543 2639 602 tantummodo
2677 541 2859 594 hortus
2887 535 3166 592 conclusus
3187 539 3290 597 est,
3322 539 3377 584 at
3417 527 3476 584 in
3506 543 3620 581 aevo

2042 616 2222 696 futuro
2275 647 2498 708 propter
2545 633 2934 707 perfectlonem
2984 637 3040 684 et
3095 625 3441 688 ﬁrmitatem,
3498 616 3622 673 fons

2041 735 2204 789 etiam
2260 732 2505 800 signatus
2555 737 2661 784 est.
2716 724 2874 779 Umni
2914 722 3053 776 enim
3076 717 3287 772 habenti
3315 715 3531 790 dabitur
3571 718 3621 764 et

2041 819 2577 890 superabundabit".
2619 816 2772 872 Nunc
2806 815 2970 887 igitur
2998 811 3278 880 Scriptura
3311 807 3503 862 hortus
3532 817 3621 858 so-

2042 915 2319 971 lummodo
2341 923 2454 981 est;
2480 912 2608 968 alibi
2630 925 2784 976 vero,
2814 906 2971 979 quasi
3006 906 3072 963 de
3100 903 3228 969 alio,
3267 899 3414 956 addit
3435 898 3618 951 hortus
3713 930 3718 935 .

2044 1006 2244 1062 olerum
2285 1007 2350 1063 ³⁸.

2043 1174 2210 1230 Vsus.
2244 1171 2331 1227 16.
2359 1170 2549 1240 Surge,
2575 1166 2789 1240 Aquilo,
2813 1174 2863 1220 et
2903 1165 3037 1230 veni,
3065 1159 3471 1240 Auster,_perﬂa
3498 1156 3622 1211 hor-

2276 1253 2386 1296 tum
2411 1232 2606 1306 meum,
2635 1232 2703 1292 'et
2733 1238 2906 1307 fluant
2944 1244 3188 1288 aromata
3220 1232 3388 1286 illius.

2116 1335 2343 1392 Videtur
2368 1332 2661 1403 obiurgare
2684 1343 2880 1400 sponsa
2907 1327 3251 1397 Aquilonem,
3291 1321 3620 1378 auctoritate

2046 1438 2264 1500 accepta
2321 1442 2351 1482 a
2410 1440 2611 1496 sponso
2644 1433 2867 1480 ventum
2927 1419 3274 1476 criminante.
3307 1414 3434 1470 Ideo
3485 1411 3626 1482 apud

2049 1499 2566 1588 tresievangelistas
2591 1514 2944 1586 obiurgatum
3013 1511 3183 1566 fuisse
3233 1515 3460 1562 ventum
3492 1499 3629 1558 dici-'-

2050 1623 2136 1668 tur
2166 1631 2179 1666 :
2207 1621 2258 1667 et
2291 1611 2429 1666 venti
2455 1609 2704 1664 obediu‘nt
2765 1609 2813 1662 ei
2853 1607 2920 1660 ⁸⁷.
2955 1603 3206 1660 Christus
3228 1600 3393 1669 igitur
3417 1596 3631 1650 animas

2046 1720 2236 1761 eorum
2303 1703 2572 1758 inhabitat
2605 1702 2698 1772 qui
2757 1701 3035 1754 daemones
3085 1693 3444 1764 depulerunt;
3487 1687 3628 1756 quod

2052 1887 2482 1961 intelligendum.

2665 1973 2894 2032 CAPUT
2935 1971 2999 2027 ν.

2049 2073 2216 2131 Vens.
2249 2073 2307 2130 Ξ.
2363 2071 2522 2140 Aperi
2583 2068 2734 2130 mihi,
2756 2081 2923 2140 soror
2971 2079 3108 2127 mea,
3163 2060 3335 2140 amica
3357 2073 3497 2140 inea,
3542 2072 3632 2109 co-

2121 2143 2303 2198 lumba
2347 2131 2486 2204 mea,
2513 2138 2856 2193 immaculata
2893 2150 3042 2198 mea;
3094 2131 3219 2204 quia
3254 2137 3411 2204 caput
3458 2140 3627 2181 meum

2121 2215 2330 2284 plenum
2367 2221 2442 2267 est
2465 2198 2602 2275 rore,
2630 2219 2677 2263 et
2703 2207 2936 2262 cincinni
2953 2205 3053 2258 mei
3080 2198 3242 2273 guttis
3269 2198 3521 2253 noctium.

2121 2304 2445 2362 Necessario
2490 2310 2615 2373 post
2655 2299 2801 2369 aperi
2846 2295 2978 2350 mihi
3031 2294 3286 2357 additur;
3324 2287 3626 2346 cavendum

2051 2402 2198 2458 enim
2248 2413 2316 2454 ne
2339 2393 2674 2452 adversariis
2706 2392 3070 2462 potestatibus
3126 2385 3439 2458 aperiatur;
3473 2380 3631 2454 quasi

2054 2496 2121 2552 de
2152 2493 2386 2549 molesto
2415 2503 2566 2552 rore,
2594 2485 2683 2541 vel
2705 2486 2770 2540 de
2793 2493 3066 2539 nocturno
3100 2481 3329 2536 humore
3379 2475 3512 2531 illud
3543 2473 3631 2530 di-

2053 2588 2228 2652 citur;
2280 2581 2527 2652 requiem
2559 2577 2704 2633 enim
2743 2591 2809 2630 ex
2870 2575 2936 2629 iis
2969 2573 3181 2628 videtur
3211 2583 3476 2641 quaerere.
3504 2565 3637 2632 Quae

2055 2677 2273 2750 quidem
2336 2671 2615 2744 prioribus
2667 2675 2797 2724 sunt
2843 2677 3108 2735 congrua.
3151 2661 3444 2730 Postquam
3487 2656 3637 2713 enim

2056 2769 2301 2826 surrexit
2349 2766 2634 2837 ingressus
2677 2769 2760 2816 est
2793 2758 3024 2815 occlusis
3061 2755 3282 2825 januis;
3340 2761 3396 2808 et
3441 2750 3646 2805 invitat.

2055 2863 2345 2928 Thomam,
2374 2869 2430 2916 et
2473 2873 2574 2930 per
2592 2870 2715 2911 eum
2740 2868 2955 2910 omnem
3009 2847 3346 2904 incredulam
3375 2843 3636 2906 animam,

2056 2957 2336 3030 proprium
2391 2969 2488 3010 cor
2536 2952 2776 3020 aperire,
2825 2949 3155 3020 plenamque
3217 2937 3653 2997 resurrectionis.

2064 3054 2223 3110 Iidem
2250 3052 2537 3120 accipere;
2570 3046 2766 3102 invitat
2801 3059 2926 3098 eum
2969 3038 3224 3096 omnibus
3257 3033 3528 3090 absolutis
3557 3030 3641 3087 di-

2314 3143 2573 3198 Dominus
2618 3155 2762 3195 meus
2812 3146 2860 3191 et
2921 3133 3062 3189 Deus
3101 3145 3268 3184 meus.
3295 3127 3408 3182 Ras
3459 3133 3648 3178 autem

371 3246 523 3318 δηλοῖ
563 3216 663 3318 τὴν
711 3216 851 3300 κατὰ
1033 3244 1229 3318 ὄρθρον
1266 3216 1582 3313 ἀνάστασιν,
1613 3216 1955 3299 ὅτε-κάτεισι

2063 3235 2305 3294 ostendit
2374 3234 2698 3290 matutinam
2737 3227 3241 3289 resurrectionem;
3310 3231 3470 3274 mane
3492 3216 3655 3271 enim.

372 3337 584 3409 δρόσος.

390 3431 726 3502 assuetam;
756 3449 876 3502 μου
905 3431 1194 3501 παρῆλθε·
1228 3430 1399 3501 ψυχή
1431 3448 1551 3502 μου
1600 3429 1859 3501 ἐξῆλθεν
1892 3431 1963 3485 ἐν

958 3505 1120 3573 λόγῳ
1169 3502 1379 3556 αὐτοῦ.

461 3591 654 3646 Ἡνίκα
696 3590 928 3661 ἔφθασεν
958 3594 992 3663 ή
1039 3592 1225 3664 νύμφη
1279 3591 1342 3645 τὺ
1389 3591 1657 3664 κλεῖθρον,
1697 3591 1837 3645 ὥστε
1862 3592 1964 3664 τὴν

379 3683 557 3756 ψυχὴν
607 3684 945 3738 ἀναπετάσαι
991 3683 1068 3755 τῷ
1108 3685 1272 3755 λόγῳ,
1322 3684 1442 3738 τότε
1479 3684 1768 3756 μόνην.τὴν
1805 3688 1964 3756 χεῖρα

383 3777 476 3828 καί
503 3793 654 3838 τινας
681 3775 875 3829 ἐαυτοῦ
904 3776 1082 3841 δείξας
1103 3775 1330 3845 πράξεις
1351 3775 1739 3847 παρελήλυθεν,
1768 3777 1844 3840 ὡς
1863 3794 1965 3847 μη-

383 3867 532 3920 δέπω
556 3865 618 3919 τὺ
649 3865 810 3919 πλέον
841 3869 920 3931 είς
947 3867 1073 3921 θέαν
1093 3867 1377 3941 χωρούσης
1419 3868 1517 3938 τῆς
1563 3867 1800 3939 νύμφης·
1848 3869 1965 3939 ἅμα

382 3957 440 4013 δέ
467 3959 560 4012 καὶ
599 3961 876 4030 οἰκονομεῖ
921 3958 1082 4012 πλέον
1116 3959 1288 4030 αὐτῆς
1335 3962 1600 4012 ἐπιτεῖναι
1636 3959 1726 4013 τὸν
1765 3959 1960 4031 ἔρωτα·

385 4050 665 4123 ἐξέρχεται
697 4052 790 4105 κοιλ¹
827 4052 1056 4123 ἐκδημεῖ
1085 4050 1180 4105 τοῦ
1216 4051 1467 4121 σῶματος
1495 4051 1528 4122 ἡ
1570 4049 1716 4123 ψυχὴ
1760 4051 1846 4103 διὰ
1875 4051 1966 4103 τὸν

382 4141 476 4196 τοῦ
536 4143 770 4215 νυμφίου
827 4143 984 4213 λόγον
1047 4143 1243 4216 ἔχουσα
1302 4144 1361 4195 ἐν
1425 4139 1638 4214 οὐρανῷ
1696 4141 1758 4194 τὸ
1813 4139 1957 4194 πολί-

383 4253 476 4289 τευ
485 4252 580 4306 μα.

396 4325 684 4396 Ἐζῆτησα
728 4323 934 4396 αὐτὸν,
972 4323 1077 4396 ,καὶ
1103 4323 1218 4396 οὐχ
1251 4318 1451 4396 εὗρον·
1481 4321 1748 4377 ἐκάλεσα
1784 4322 1969 4377 αὐτὸν

797 4395 894 4450 καὶ
921 4395 1032 4463 οὐχ
1055 4393 1372 4460 ὑπήκουσέ
1409 4411 1550 4463 μου.

453 4486 698 4558 Συνεχῶς
742 4487 776 4557 ή
818 4485 964 4557 ψυχὴ
985 4484 1076 4539 τὸν
1112 4484 1344 4556 νυμφίον
1372 4483 1529 4552 λόγον
1551 4481 1815 4555 ἐπιζητεῖ·
1869 4481 1965 4536 καὶ

385 4577 622 4650 εὑροῦσα
687 4577 850 4631 πάλιν
899 4577 1109 4649 ἑτέροις
1171 4575 1450 4647 ἀποροῦσα
1497 4573 1687 4646 ζητεῖ·
1739 4574 1966 4628 κάκεῖνα

389 4667 712 4739 θεωρήσασα
761 4666 918 4720 ποθεί
960 4667 1059 4738 τὴν
1115 4665 1316 4737 ἐτέρων
1352 4663 1712 4732 ἀποκάλυψιν·
1745 4663 1848 4718 καὶ·
1879 4680 1968 4716 τυ-

388 4759 558 4829 χοῦσα
588 4760 812 4825 τούτων,
866 4760 952 4814 ἐπ’
1002 4759 1182 4824 ἄλλοις
1221 4758 1436 4830 εὔχεται
1461 4757 1553 4810 τὸν
1581 4756 1813 4829 νυμφίον
1853 4757 1971 4808 ἐπι-

387 4853 450 4924 δη
461 4856 602 4924 μεῖν.
671 4901 677 4906 .

401 4945 739 5016 Ἃδελφιδός
760 4963 878 5016 μου
904 4947 1128 5012 λευκὸς
1148 4945 1245 5000 καὶ
1274 4943 1521 5016 mpm,
1548 4943 1972 5011 ἐκλελοχισμέ-

886 5034 994 5083 νος
1017 5016 1137 5071 ἀπὸ
1155 5016 1481 5086 μυριάδων.

463 5113 534 5167 Ἢ
565 5109 788 5177 λευκὸς
807 5111 995 5182 ἐπειδὴ
1020 5113 1049 5165 ὁ
1075 5110 1209 5174 Θεὸς
1246 5108 1518 5182 ἀληθινὸς,
1545 5106 1770 5176 πιιύρὸς
1797 5105 1854 5159 δὲ
1885 5103 1972 5158 διὰ

386 5204 486 5275 τὴν
529 5203 824 5277 σάρκωσιν.

388 5295 638 5366 Κεφαλὴ
655 5293 855 5366 αὐτοῦ»
882 5294 1141 5363 χρυσίον
1179 5293 1388 5366 σεε-φάς’·
1413 5293 1752 5366 ,βόστρυχοι
1785 5289 1974 5344 αὑτοῦ

704 5374 708 5377 ’
749 5364 976 5429 ἐλάται,
997 5363 1259 5434 μέλανες
1297 5365 1380 5430 ὡς
1408 5363 1614 5432 κόραξ.

460 5457 524 5508 Οἱ
561 5454 847 5527 βόστρυχοι
894 5455 984 5508 διά
1040 5456 1140 5526 τὴν
1184 5455 1496 5526 πυκνότητα
1534 5451 1972 5526 παραϐάλλονται

389 5547 510 5609 ταῖς
531 5544 640 5598 τῶν
664 5546 920 5615 φοινίκων
952 5543 1188 5608 ἐλάταις,
1214 5544 1279 5606 ἃς
1305 5559 1467 5612 φασιν
1500 5543 1620 5597 ἀντὶ
1660 5541 1974 5614 σπέρματος

390 5630 530 5690 εἶναι
580 5639 702 5701 ταῖς
751 5635 992 5710 θηλείαις
1051 5634 1299 5705 φοίνιξιν,
1353 5635 1492 5689 ὥστε
1534 5634 1744 5708 καρπὸν
1789 5632 1974 5703 φέρειν

2065 3346 2156 3386 ros
2177 3328 2396 3384 decidit.

2064 3423 2231 3478 Vens.
2261 3419 2315 3476 6.
2348 3419 2414 3472 At
2438 3419 2526 3473 ille
2547 3416 2902 3472 declinaverat
2925 3423 3084 3482 atque
3115 3408 3418 3462 transierat.
3451 3403 3646 3457 Anima

2361 3507 2475 3544 mea
2505 3489 2791 3558 liquefacta
2828 3494 2904 3539 est
2932 3493 2989 3538 ut
3018 3482 3224 3536 locutus
3244 3488 3340 3532 est.

2134 3585 2273 3641 Cum
2302 3583 2368 3638 ad
2426 3581 2703 3654 pessulum
2759 3591 2955 3648 sponsa
2987 3584 3264 3645 properat,
3308 3568 3375 3624 ad
3403 3568 3638 3622 animam
3707 3602 3732 3620 .

2064 3676 2233 3733 verbo
2276 3672 2736 3743 patefaciendam,
2783 3678 2911 3724 tunc
2939 3681 3102 3722 unam
3139 3675 3361 3719 manum
3393 3667 3450 3715 et
3473 3670 3644 3728 quos-

2064 3765 2189 3819 dam
2225 3762 2394 3834 ipsius
2436 3761 2731 3817 ostendens
2763 3766 2944 3823 actus,
2981 3753 3266 3825 praeteriit,
3308 3748 3461 3822 quasi
3501 3761 3641 3803 non-

2064 3855 2192 3910 dum
2279 3854 2600 3924 plerumque
2659 3851 2726 3906 ad
2809 3846 3324 3915 contemplationem
3393 3840 3650 3897 veniente

2065 3959 2303 4016 sponsa;
2352 3945 2498 4015 quod
2547 3943 2713 4000 simul
2753 3942 2814 3997 lit
2865 3949 2928 3996 ut
2969 3938 3130 3995 illius.
3174 3934 3346 4006 magis
3385 3939 3648 4004 augeatur

2071 4051 2246 4092 amor.
2278 4035 2568 4106 Egreditur
2607 4032 2922 4101 receditque
2980 4045 3012 4086 a
3049 4041 3282 4097 corpore
3315 4023 3495 4079 anima
3523 4035 3646 4091 pro:

2070 4137 2190 4199 pter
2218 4129 2401 4199 sponsi
2435 4125 2684 4192 verbum,
2715 4125 2922 4180 habens
2949 4123 3014 4176 in.
3039 4119 3177 4176 cmlo
3238 4116 3538 4172 civitatem.

2075 4307 2237 4365 Vens.
2262 4307 2313 4364 9.
2347 4305 2582 4374 Quwsivi
2604 4305 2757 4360 illum
2791 4313 2840 4359 et
2872 4320 2974 4374 non
3002 4301 3197 4374 inueni,
3228 4313 3406 4354 vocavi
3441 4311 3561 4350 eum
3597 4304 3663 4350 et-

2566 4394 2672 4430 non
2705 4373 2972 4444 respondit
2997 4371 3147 4426 mihi.

2140 4470 2411 4541 Perpetuo
2437 4468 2620 4523 anima
2674 4443 2858 4536 sponsi
2889 4466 3115 4520 verbum
3158 4443 3469 4533 quaeritrct
3521 4471 3648 4513 cum

2069 4566 2360 4632 invenerit,
2419 4578 2610 4619 rursus
2669 4563 2738 4617 ab
2794 4560 2917 4616 aliis
2956 4557 3204 4628 indigens
3243 4555 3484 4626 petit;et
3521 4564 3644 4606 cum

2070 4659 2160 4716 illa
2193 4656 2668 4728 contemplaverit,
2699 4663 3022 4712 ceterorum
3048 4651 3198 4720 cupit
3224 4647 3643 4711 revelationem;

2069 4754 2374 4822 horumque
2399 4763 2643 4820 compos,
2676 4747 2744 4803 ad
2796 4745 2899 4802 alia
2927 4752 3180 4818 precatur
3234 4754 3495 4812 sponsum
3554 4738 3642 4795 de-

2069 4845 2351 4902 scendere.

2073 4937 2238 4992 Vens.
2300 4932 2390 4993 10.
2425 4932 2659 4990 Dilectus
2702 4947 2849 4986 nteus
2902 4929 3158 4984 candidus
3205 4937 3257 4981 et
3303 4923 3648 4986 rubicundus,

2584 5003 2778 5060 electus
2802 5017 2868 5056 ea:
2885 5000 3139 5054 millibus.

2144 5099 2338 5166 Albus,
2364 5097 2494 5169 quia
2551 5095 2695 5152 Deus
2727 5107 2910 5158 verus,
2963 5089 3290 5144 rubicundus
3322 5095 3545 5156 propter
3571 5085 3652 5140 in-

2071 5189 2471 5244 carnationem.

2080 5281 2243 5337 Vens.
2269 5281 2355 5334 ll.
2385 5279 2558 5346 Caput
2603 5277 2716 5347 ejus
2749 5291 2960 5347 aurum,
2990 5275 3244 5343 optimum
3265 5287 3294 5347 _:
3339 5286 3502 5326 comte
3537 5285 3652 5340 ejus

2221 5353 2358 5405 sicut
2382 5344 2537 5404 elata
2557 5344 2876 5418 palmarum,
2911 5346 3074 5416 nigra:
3122 5344 3275 5413 quasi
3299 5358 3508 5396 corvus.

2143 5444 2324 5499 Coma:
2378 5449 2606 5512 propter
2627 5439 2950 5495 densitatem
2996 5453 3119 5493 cum
3151 5435 3451 5508 palmarum
3476 5433 3665 5490 elatos.

2074 5541 2489 5606 comparantur,
2557 5545 2694 5602 quas
2739 5530 2931 5585 dicunt
2972 5527 3202 5584 seminis
3247 5527 3370 5584 loco
3402 5540 3523 5581 esse
3568 5524 3650 5580 fe-

2081 5626 2279 5682 mineis
2336 5623 2550 5694 palmis,
2610 5632 2668 5676 ut
2748 5621 3082 5678 esculentum
3143 5618 3378 5675 fructum
3433 5618 3650 5684 l'crant;

467 5821 511 5854 ³⁵
536 5822 729 5880 Matth.
759 5837 884 5894 xm,
913 5823 1000 5880 12.
1075 5821 1120 5854 ³⁸
1142 5820 1206 5877 111
1241 5820 1370 5892 Reg.
1402 5835 1514 5887 ut,
1543 5819 1597 5877 2.
1689 5818 1730 5851 ³⁷
1760 5815 1948 5873 Matth.

2060 5830 2098 5880 ι,
2126 5811 2232 5879 2'1;
2267 5807 2430 5866 Marc.
2454 5822 2530 5875 tv,
2561 5805 2665 5876 40;
2701 5804 2827 5863 Luc.
2867 5801 3098 5870 vnt,.25.
3175 5805 3219 5838 ³⁸
3247 5802 3448 5859 Hahae.
3479 5815 3554 5861 ut,
3592 5797 3644 5849 5.
