4172 6458
514 399 624 459 S75

1406 395 1973 456 SUPPLEMENTUM
2009 393 2102 451 AD
2140 393 2466 452 ORICENIS
2507 391 2919 450 EXEGETICA.

3683 390 3805 449 ‘17-6

518 526 743 591 propter
804 530 935 572 vero
968 513 1400 586 profunditatem
1452 526 1759 571 sternorum
1813 517 1968 585 quasi
2011 528 2131 571 ca-r

2234 512 2482 585 δὼδιμον·
2507 512 2596 567 διὰ
2627 512 2683 566 δὲ
2705 512 2803 584 τὴν
2829 508 3105 582 βαθύτητα
3131 508 3240 563 τῶν
3268 508 3455 582 ὥσπερ
3484 506 3808 580 ἐκφυέντων

523 610 775 682 pillorum
821 622 1154 674 sermonum,
1206 608 1374 679 nigrae
1426 608 1771 664 laudabiliter
1809 609 2097 662 nominan-

525 712 638 767 tur,
665 710 826 771 prout
878 701 944 754 ad
978 700 1161 771 sponsi
1212 700 1674 770 pulchritudinem
1724 709 1996 771 spectant.
2033 696 2102 753 Ut

524 811 710 850 corvus
743 809 894 861 vero,
927 809 1031 847 non
1065 803 1275 848 tantum
1303 796 1498 864 opinor
1546 803 1769 863 propter
1824 793 2099 856 colorem;

526 887 723 956 quippe
761 885 1061 958 symbolice
1105 885 1355 955 designat
1399 884 1846 955 profundissimas
1890 884 2108 954 plenas-

526 992 632 1047 que
655 977 903 1049 caliginis
937 987 992 1033 et
1018 979 1264 1034 humoris
1297 978 1350 1033 iu
1381 976 1614 1032 nubibus
1650 991 1851 1030 auras:
1875 975 1943 1031 de
1981 974 2101 1043 qui-

525 1068 630 1123 bus
659 1066 760 1123 Job
810 1068 989 1123 dixit:
1041 1068 1173 1134 Quis
1214 1077 1481 1136 purpurat
1522 1082 1678 1121 corvo
1728 1082 1903 1120 escam
1932 1081 2104 1130 suam,

526 1159 739 1229 quando
761 1158 893 1228 pulli
927 1161 1042 1228 ejus
1064 1159 1295 1212 clamant
1315 1159 1384 1211 ad
1411 1157 1575 1212 Deum
1600 1158 1688 1212 "3
1718 1157 1938 1212 Paravit
1960 1158 2106 1213 enim

529 1250 974 1321 profundissimis
1009 1261 1241 1306 mentem
1296 1252 1517 1304 multaut
1577 1265 1759 1304 escam
1785 1250 1946 1314 Deus,
1973 1264 2110 1319 quo-

531 1357 651 1398 rum
707 1343 977 1413 discipuli,
1045 1344 1190 1397 velut
1228 1342 1354 1412 pulli
1425 1343 1680 1412 precibus
1736 1350 2013 1408 vacantes,
2041 1347 2109 1395 ad

532 1438 821 1494 Dominum
870 1438 1277 1503 clamaverunt,
1345 1438 1636 1493 errabundi
1708 1444 1764 1491 et
1811 1445 2114 1506 quaerentes

535 1530 792 1585 alimenta
823 1532 875 1585 in
911 1530 976 1585 iis
1005 1530 1204 1600 quibus
1248 1530 1509 1601 indigent.

536 1620 703 1677 ‘Iltts.
736 1621 825 1676 l3.
849 1620 1008 1676 Cenw
1051 1621 1197 1703 illius
1221 1624 1357 1701 sicut
1408 1620 1601 1703 arcolis
1657 1629 1953 1674 aromatum
1985 1636 2113 1674 con-

1027 1705 1143 1746 sita:
1172 1709 1203 1744 a
1242 1703 1626 1761 prgmentams.

607 1783 713 1839 Per
752 1798 920 1853 genas
943 1782 1147 1837 Christi
1206 1783 1541 1853 intelligendi
1590 1791 1718 1837 sunt
1752 1782 1844 1851 qui
1877 1779 2112 1836 ministri

2205 606 2326 658 ἀντὶ
2351 605 2553 676 τριχῶν
2582 603 2879 675 λογισμῶν,
2909 602 3134 675 μέλανες
3168 602 3470 665 ὲπαινετῶς
3497 601 3807 673 ὀνομάζον-

2204 713 2317 760 ται,
2342 697 2420 768 τῷ
2451 696 2545 751 τοῦ
2568 697 2801 768 νυμφίου
2830 694 3261 767 συμϐαλλόμενοι
3287 694 3491 748 κάλλει·
3530 694 3593 747 τὸ
3618 693 3674 747 δὲ
3714 695 3809 762 ὡς

2206 788 2413 858 κόραξ,
2445 790 2544 859 ούχ
2571 789 2757 853 άπλῶς
2785 784 2939 859 οἶμαι
2962 786 3053 840 διὰ
3081 785 3143 840 τὺ
3170 787 3386 859 χρῶμα·
3441 786 3709 859 σύμϐολον
3739 787 3814 844 δι

2207 884 2317 938 τῶν
2348 882 2666 954 βαθυτάτων
2696 879 2834 937 εἶναι
2868 884 2963 937 καὶ
3017 881 3463 955 πεπληρωμένων
3517 882 3810 938 σκοτεινοῦ

2209 974 2402 1039 ὓδατος
2433 977 2491 1029 ἐν
2518 975 2768 1045 νεφέλαις
2790 975 2990 1046 ἀέρων·
3023 974 3154 1047 περὶ
3178 967 3252 1028 ὧν
3279 969 3433 1028 εἶπεν
3462 976 3491 1028 ὁ
3526 973 3665 1027 Ἰὼϐ·
3703 974 3812 1041 Τίς

2209 1066 2279 1121 δὲ
2304 1069 2597 1138 ἡτοίμασε
2612 1070 2823 1137 κόρακι
2837 1066 3067 1136 ,ϐοράν;
3092 1066 3341 1121 νεοσσοὶ
3361 1065 3431 1119 δὲ
3443 1064 3632 1119 αὑτοῦ
3649 1066 3813 1134 πρὸς

2213 1164 2431 1229 Κύριον
2465 1161 2863 1230 κεχράζονται·
2898 1161 3160 1232 ἡτοίμασε
3193 1159 3302 1232 γὰρ
3345 1160 3456 1223 τοῖς
3484 1157 3815 1229 βαθυτέροις

2213 1255 2303 1309 τὸν
2325 1254 2468 1320 νοῦν,
2505 1255 2705 1327 πολλὴν
2740 1255 2988 1328 τροφὴνδ
3022 1253 3175 1318 Θεὸς,
3202 1247 3277 1307 ὧν
3309 1254 3357 1307 οἱ
3383 1251 3623 1324 μαθηταὶ
3646 1267 3812 1305 νεοσ-

2217 1351 2300 1403 σοὶ
2353 1351 2537 1421 εὐχαῖς
2590 1347 2960 1419 σχολάζοντες,
3009 1346 3144 1420 πρὸς
3199 1346 3402 1418 Κύριον
3444 1345 3811 1416 κεκράγασιν·

2217 1438 2559 1509 πλανώμενοι
2610 1439 2703 1491 καλ⁵
2760 1435 3049 1510 ζητοῦντες
3092 1436 3160 1491 τά
3198 1438 3256 1490 έν
3286 1437 3469 1502 αὐτοῖς
3497 1435 3815 1506 ὲπαπορου-

2220 1532 2399 1603 μένοις
2433 1532 2526 1586 ὑπ’
2551 1530 2731 1585 αὐτῶν
2761 1530 2904 1584 σιτά.

2217 1625 2499 1693 Σιαγόνες
2522 1622 2708 1677 αὐτοῦ
2732 1622 2812 1689 ὡς
2836 1620 3171 1744 imitat-5
3192 1620 3519 1692 ἀρώματος,
3542 1621 3816 1691 φύουσα

2843 1709 3165 1762 μυρεψικα.

2292 1787 2554 1856 Σιαγόνας
2585 1784 2822 1855 Χριστοῦ
2854 1785 2979 1847 τοὺς
3008 1781 3460 1852 διακονουμένους
3484 1780 3629 1853 λόγῳ
3669 1779 3815 1838 Θεοῦ

538 1877 668 1931 facti
700 1886 825 1931 sunt
860 1877 1028 1931 verbo
1057 1875 1153 1930 Dei
1209 1885 1263 1930 et
1289 1874 1530 1947 spiritali
1570 1890 1716 1931 esca.
1751 1875 1978 1945 Propter
2003 1874 2123 1943 qui-

2233 1879 2319 1934 καὶ
2362 1881 2534 1952 τροφῇ
2571 1879 2913 1949 πνευματικῇ
2945 1875 3185 1945 νοητέον·
3220 1873 3309 1928 διὰ
3349 1873 3448 1945 μὲν
3474 1873 3574 1946 τὴν
3609 1874 3820 1947 πληρό-

539 1972 663 2026 dem
727 1969 1121 2040 plenitudinem
1177 1969 1305 2026 boni
1357 1971 1545 2026 odoris
1602 1971 1869 2025 bonorum
1896 1981 2120 2037 operum

537 2064 961 2134 verborumque,
1012 2061 1210 2118 areolis
1277 2073 1583 2119 aromatum
1632 2062 1917 2119 assimilati
1963 2069 2121 2127 sunt;

539 2164 765 2224 propter
796 2169 925 2209 vero
948 2155 1221 2211 consitum
1255 2155 1309 2209 in
1338 2154 1419 2207 eis
1471 2151 1821 2223 multiplicem
1884 2152 1938 2206 in
1972 2148 2122 2204 omni

543 2245 957 2300 coordinatione
984 2247 1272 2316 scripturae
1299 2258 1609 2300 sermonem
1658 2257 1875 2311 semper
1913 2240 2126 2296 fructus

543 2349 713 2391 suave
735 2335 947 2391 olentes
980 2337 1397 2392 fructitlcantes.

543 2423 712 2482 Vens.
766 2425 853 2483 η.
871 2426 1057 2482 Venter
1080 2426 1195 2497 ejus
1226 2428 1378 2551 pigris
1408 2427 1655 2488 eburnea,
1687 2425 1964 2479 distinctor
2003 2439 2125 2492 sap-

1239 2517 1269 2551 υ
1311 2514 1426 2551 81⁵18.

1238 2514 1426 2567 pmns.

617 2590 825 2648 Venter
855 2591 1006 2648 verbi
1034 2594 1415 2663 mysteriorum
1471 2606 1703 2660 capaces
1728 2589 1926 2654 innuit,
1963 2588 2015 2644 id
2045 2595 2129 2643 est

544 2690 767 2751 paratos
832 2685 899 2737 ad
962 2682 1109 2737 intus
1160 2683 1606 2752 suscipiendum;
1656 2680 1812 2751 pyxis
1851 2694 2002 2741 vero,
2058 2677 2129 2732 ad

545 2771 872 2826 servandum
912 2771 1170 2840 idoneos;
1196 2772 1540 2841 splendorem
1594 2770 2131 2843 pelluciditatemque

545 2863 687 2918 ebur
740 2862 1036 2933 signiﬁcat.
1095 2861 1242 2920 Talis
1268 2872 1477 2931 venter,
1529 2864 1644 2919 haec
1676 2863 1835 2935 pyxis
1862 2861 2130 2925 eburnea,

548 2952 791 3023 sapphiri
843 2953 1022 3022 lapide
1099 2953 1494 3024 distinguitur,
1546 2954 1639 3024 qui
1698 2964 1787 3009 est.
1854 2950 2128 3006 Christus.

549 3045 871 3113 Quicunque
916 3046 1082 3116 igitur
1134 3055 1323 3102 venter
1375 3045 1531 3102 verbi
1577 3055 1684 3113 est,
1710 3047 1795 3101 hic
1828 3044 2034 3112 absque
2057 3041 2130 3095 ti-

554 3151 713 3191 more
749 3135 1032 3190 Dominum
1058 3136 1110 3189 in
1142 3144 1331 3192 ventre
1358 3136 1609 3204 suscipit,
1644 3136 1898 3206 paritque
1937 3129 2132 3186 salutis

551 3228 827 3297 spiritum.
891 3226 1236 3298 Quapropter
1268 3236 1323 3282 et
1373 3237 1566 3284 venter
1597 3228 1830 3283 victima:
1865 3225 1919 3279 iu
1976 3221 2132 3278 Levi-
2158 3221 2203 3281 C

554 3318 664 3374 tiae
685 3318 925 3374 abluitur
948 3319 1017 3383 ",
1046 3328 1104 3372 ut
1138 3318 1274 3373 nihil
1306 3321 1566 3376 stercoris
1597 3319 1814 3375 habeat.

1164 3498 1392 3555 CAPUT
1424 3501 1513 3557 Vl.

466 3658 481 3671 _
557 3583 725 3670 Vnus.
756 3585 1084 3671 Pulchra
1139 3606 1212 3655 es,
1261 3595 1439 3671 antica
1474 3608 1612 3657 mea,
1648 3597 1827 3649 suavis
1860 3605 1909 3650 et
1947 3596 2141 3671 decora

627 3659 775 3782 zicutl
798 3655 1119 3725 Jerusalem,
1146 3662 1396 3716 terribilis
1436 3668 1505 3715 ‘ut
1538 3655 1834 3720 castrorum
1872 3669 2012 3721 acies
2053 3682 2142 3721 or-

669 3744 755 3780 ma
780 3746 835 3781 a.

669 3744 835 3781 mata.

630 3820 752 3887 Quo
776 3820 946 3892 magis
992 3836 1191 3891 sponso
1222 3824 1283 3878 tit
1328 3825 1573 3894 propior,
1605 3825 1928 3885 clarioribus
1970 3831 2142 3900 aequi-

560 3920 810 3983 paratur.
844 3911 977 3965 Cum
1005 3912 1153 3966 enim
1184 3913 1335 3968 illam
1364 3913 1676 3984 pulchram,
1715 3916 2014 3974 formosam
2054 3927 2141 3975 at-

561 4017 669 4074 que
714 4003 949 4059 amicam
995 4004 1398 4073 praedicaverit,
1452 4006 1603 4064 addit
1640 4009 1777 4063 sicut
1802 4009 2143 4077 Jerusalem;

564 4096 859 4153 terribilem
905 4111 1121 4168 quoque
1166 4097 1463 4167 perfectam
1511 4100 1590 4155 ait
1642 4100 1981 4171 Ecclesiam;
2029 4105 2146 4160 sive

563 4187 896 4243 adversariis
949 4188 1335 4257 potestatibus,
1370 4203 1490 4259 qua:
1521 4189 1705 4245 vultus
1737 4191 1855 4260 ejus
1902 4192 2147 4261 pulchri-

566 4278 807 4335 tudinem
837 4278 1084 4334 contueri
1117 4288 1425 4349 nequeunt;
1476 4281 1596 4336 sive
1630 4280 1986 4339 inferioribus
2006 4283 2147 4357 ipsa,

565 4387 688 4441 quae
736 4373 991 4428 videntur
1036 4373 1260 4428 omnino
1316 4374 1603 4430 instructa:
1658 4385 1824 4446 atque
1860 4378 2146 4434 ordinatae.

2223 1987 2360 2041 τητα
2408 1970 2507 2038 τῆς
2539 1968 2768 2033 εὐωδίας
2799 1968 2908 2022 τῶν
2949 1965 3130 2020 καλῶν
3162 1964 3339 2036 ἐργων
3362 1963 3457 2018 καὶ
3488 1963 3682 2033 λόγων,
3714 1967 3819 2020 ἑοι-

2225 2062 2388 2127 κότας
2404 2061 2619 2132 φιάλαις
2642 2060 2739 2114 τοῦ
2766 2059 3077 2131 άρὼματος·
3101 2056 3190 2110 διὰ
3209 2055 3266 2108 δὲ
3292 2054 3743 2129 τδ-έρῤιςωμένον
3756 2061 3820 2113 ὲν

2225 2156 2417 2219 αὑταῖς
2459 2154 2701 2208 ποικίλον
2725 2156 2783 2207 έν
2807 2152 2958 2225 πάσῃ
2986 2148 3232 2204 συνθέσει
3282 2151 3501 2220 γραφῆς
3525 2149 3681 2219 λόγον
3729 2151 3821 2205 ἀεὶ

2226 2247 2711 2320 καρποφοροῦντας
2738 2244 3059 2318 μυρεψικόν.

2228 2433 2438 2488 Κοιλία
2451 2430 2638 2486 αὑτοῦ
2664 2430 2886 2495 πυξίον
2908 2428 3323 2553 ἐλῗφάντινον,
3347 2427 3447 2482 ἐπὶ
3468 2428 3642 2484 λίθου
3671 2440 3823 2483 σαπ-

2898 2519 2971 2553 ωε
2999 2518 3126 2553 οου.

2896 2518 3126 2570 φειρου.

2295 2595 2491 2649 Κοιλία
2534 2593 2652 2647 ἐστὶ
2693 2591 2787 2647 τοῦ
2818 2592 2999 2660 λόγου,
3030 2595 3081 2646 οἱ
3131 2591 3431 2665 χωρητικοὶ
3463 2591 3573 2645 τῶν
3613 2607 3824 2662 μυστη-

2234 2688 2384 2761 ρίων,
2426 2686 2703 2741 τουτέστιν
2726 2688 2776 2739 οἱ
2821 2685 2989 2739 κοῖλοι
3023 2685 3159 2757 πρὸς
3209 2683 3493 2756 ὑποδοχήν·
3522 2683 3709 2750 πυξίον
3740 2682 3823 2749 δι,

2229 2784 2279 2835 oi
2321 2780 2457 2852 πρὸς
2483 2780 2804 2852 διατήρησιν
2844 2778 3161 2850 ἐπιτήδειοι·
3198 2779 3342 2834 κατά
3379 2779 3438 2833 δὲ
3480 2777 3541 2830 τὸ
3570 2777 3824 2847 λαμπρὸν

2232 2875 2327 2929 καὶ
2356 2874 2526 2944 σαφὲς
2580 2872 2925 2942 ἐλεφάντινον
2980 2867 3121 2926 εἶναι
3155 2871 3390 2940 λέγεται·
3427 2873 3461 2943 ή
3492 2870 3551 2924 δὲ
3594 2870 3820 2942 τοιαύτη

2232 2967 2430 3032 κοιλία,
2465 2967 2526 3021 τὸ
2557 2966 2745 3031 πύξιον
2792 2965 2854 3019 τὸ
2905 2964 3272 3035 ἐλεφάντινον,
3321 2963 3644 3035 ἐπιϐέϐληκε
3687 2962 3825 3034 λίθῳ

2234 3057 2543 3129 σαπφείρῳ,
2575 3058 2635 3122 ὃς
2664 3060 2780 3111 ὲστι
2813 3056 3070 3128 Χριστός·
3105 3057 3222 3110 ὅσοι
3251 3052 3344 3111 οὖν
3371 3058 3476 3110 εἱσι
3505 3055 3682 3110 κοιλία
3728 3054 3827 3109 τοῦ

2233 3146 2413 3217 λόγου,
2443 3142 2589 3202 οὗτοι
2619 3147 2728 3201 άπὸ
2755 3146 2849 3200 τοῦ
2877 3146 3043 3216 φόὸου
3069 3145 3272 3218 Κύριον
3298 3148 3356 3199 έν
3388 3147 3585 3217 γαστρὶ⁵
3617 3144 3832 3217 λαμϐά-

2235 3257 2408 3307 νουσι,
2440 3240 2536 3294 καὶ
2559 3239 2805 3294 τίκτουσι
2834 3239 3051 3311 πνεῦμα
3086 3239 3379 3311 σωτηρίας·
3409 3239 3500 3294 διὰ
3526 3239 3685 3294 τοῦτο
3734 3240 3832 3294 καὶ

2238 3336 2272 3405 ή
2293 3331 2470 3388 κοιλία
2486 3332 2583 3403 τῆς
2608 3330 2795 3396 θυσίας
2814 3333 2873 3386 ὲν
2903 3331 2982 3404 τῷ
3007 3331 3279 3405 Δευιτικῷ
3316 3331 3595 3399 πλύνεται,
3620 3332 3697 3397 ὡς
3727 3350 3834 3403 μη-

2237 3423 2325 3480 δὲν
2358 3422 2504 3496 ἔχειν
2532 3421 2833 3495 κοπρῶδες.

2769 3512 3169 3567 ΚΕΦΑΛΑΙΟΝ
3208 3515 3298 3582 q'.

2240 3603 2410 3674 Καλὴ
2451 3600 2523 3668 εί,
2551 3606 2590 3673 ἠ
2627 3605 2895 3672 πλησίον
2909 3622 3051 3674 μου,
3098 3605 3179 3670 ὡς
3218 3603 3484 3669 εὐδοκία,
3510 3604 3697 3672 ὡραία
3751 3605 3837 3672 ὡς

2430 3676 2850 3745 Ἰερουσαλὴμ,
2904 3674 3127 3745 θάμϐος
3159 3675 3240 3741 ὡς
3283 3675 3654 3745 τεταγμέναι.

2316 3830 2478 3883 Ὅσον
2528 3829 2758 3901 πλησίον
2807 3829 3017 3898 γίνεται
3062 3827 3161 3884 τοῦ
3214 3829 3475 3900 νυμφίου,
3529 3827 3838 3901 κρείττοσιν

2243 3922 2619 3987 ἀπεικάζεται·
2661 3922 2739 3994 τῷ
2764 3922 2876 3995 γὰρ
2902 3921 3064 3991 καλὴ
3090 3921 3188 3976 καὶ⁸
3215 3921 3399 3991 ὡραία
3425 3922 3523 3975 καὶ
3542 3921 3835 3988 πλησίον,

2245 4014 2552 4088 προσέθηκε
2573 4014 2635 4068 τὸ
2674 4015 2757 4082 ὡς
2793 4013 3201 4084 Ἰερουσαλήμ·
3250 4013 3346 4068 καὶ
3384 4011 3837 4083 καταπληκτικὴν

2244 4108 2302 4163 δὲ
2335 4108 2435 4181 τὴν
2472 4107 2900 4182 τετελειωμένην
2933 4108 3099 4181 φησὶν
3140 4106 3487 4178 Ἐκκλησίαν·
3522 4106 3597 4178 πῆ
3631 4104 3749 4177 μὲν,
3778 4106 3842 4158 ἐν

2244 4204 2367 4266 ταῖς
2387 4201 2790 4272 ἀντικειμέναις
2817 4200 3135 4271 δυνάμεσιν,
3161 4200 3223 4253 οὐ
3248 4199 3574 4270 δυναμέναις
3599 4196 3841 4252 ὲνατενί-

2247 4293 2361 4359 ζειν
2382 4292 2462 4365 τῷ
2490 4292 2676 4348 κάλλει
2705 4292 2800 4347 τοῦ
2829 4294 3124 4364 προσώπου
3167 4293 3355 4363 αὐτῆς·
3390 4292 3465 4364 πῆ
3502 4291 3560 4345 δὶ
3598 4291 3694 4345 καὶ
3717 4292 3841 4353 ταῖς

2249 4383 2665 4454 ὑποδεεστέραις
2696 4383 2889 4454 αὐτῆς,
2921 4383 3186 4446 έοικυίαις
3216 4385 3336 4446 ταῖς
3375 4380 3735 4453 τεταγμέναις
3779 4382 3840 4433 ὲν

567 4463 930 4537 Symmachus
959 4480 1088 4522 vero
1122 4466 1231 4521 edit
1264 4481 1280 4519 :
1312 4482 1416 4520 non
1442 4467 1707 4521 ordinata:
1754 4468 1934 4534 acies;
1960 4479 2131 4541 πωροι

2248 4476 2329 4549 τῷ
2358 4478 2524 4531 πειιντὶ⁵
2554 4476 2974 4531 καταστάσεσιν·
2997 4478 3027 4530 ὁ
3055 4476 3112 4530 δὲ
3137 4475 3454 4547 Σύμμαχος·
3475 4477 3548 4529 οὐ
3564 4473 3841 4543 τεταγμέ-

565 4557 712 4612 enim
743 4566 894 4621 sunt,
927 4558 1083 4628 quasi
1108 4559 1254 4613 acies
1287 4557 1553 4614 instructa
1578 4558 1829 4616 hostibus
1876 4570 2131 4618 terrorem

2252 4584 2350 4623 ναι
2366 4567 2744 4637 παρατάξεις·
2775 4566 2985 4638 θάμϐος
3014 4567 3125 4639 γάρ
3152 4569 3290 4621 εἰσιν
3312 4567 3388 4631 ὡς
3413 4567 3602 4638 τάγμα
3635 4582 3842 4637 παρεμ-

567 4649 919 4706 incutientes.

570 4763 738 4821 Vsus.
772 4766 827 4820 4.
857 4764 1042 4820 Averte
1068 4763 1249 4819 oculos
1277 4773 1396 4819 tuos
1429 4780 1464 4817 a
1488 4778 1593 4828 me,
1612 4763 1742 4833 quia
1768 4763 1872 4834 ipsi
1900 4781 1980 4820 me
2025 4786 2151 4826 avo-

1163 4834 1275 4888 lare
1299 4834 1557 4903 fecerunt.

635 4924 885 4982 Ecclesia
941 4925 1109 4982 decus
1152 4935 1209 4981 et
1253 4924 1720 4996 pulchritudinem
1767 4930 1973 4989 Christi
2021 4947 2151 4989 con-

571 5018 768 5086 spicit;
795 5027 971 5087 potest
1001 5019 1299 5087 perfectius
1320 5019 1439 5089 ejus
1467 5023 1812 5081 divinitatem
1855 5027 2150 5095 inspicere,

571 5120 732 5178 prout
757 5112 939 5167 omnia
970 5128 1066 5183 per
1088 5113 1266 5184 ipsum
1297 5114 1440 5170 facta
1467 5127 1614 5172 sunt.
1662 5117 1903 5175 Maxime
1938 5119 2153 5175 laetatur

572 5203 853 5258 oculorum
884 5215 1154 5274 potestate
1183 5206 1366 5261 anima
1397 5209 1511 5264 sive
1538 5210 1816 5275 Ecclesiae,
1851 5212 1968 5267 sive
2000 5212 2151 5267 verbi

574 5308 810 5363 sponsae.
868 5296 986 5351 Alis
1009 5298 1178 5368 ipsam
1229 5301 1452 5357 avolare
1503 5303 1858 5359 rationalibus
1892 5304 1959 5358 ad
1994 5319 2156 5359 suras

568 5386 742 5455 jubet,
806 5398 868 5444 ut
917 5392 986 5443 ad
1052 5391 1333 5463 fastigium
1363 5393 1549 5449 veniat
1601 5394 1975 5463 perfectionis,
2011 5406 2071 5451 ut
2098 5407 2154 5452 et

574 5481 692 5548 ipsa
723 5496 850 5536 eum
885 5483 1072 5538 videat
1125 5486 1450 5555 evolantem,
1480 5501 1580 5543 nec
1604 5489 1717 5557 jam
1766 5489 1818 5543 in
1854 5503 2026 5559 Ipsam
2051 5489 2150 5546 de-

576 5574 947 5642 scendentem,
1006 5577 1284 5647 possitque
1337 5577 1540 5647 dicere,
1605 5580 1704 5635 etsi
1737 5581 2154 5652 cognoverimus

577 5667 877 5723 secundum
930 5683 1151 5726 carnem
1204 5671 1502 5738 Christum,
1562 5671 1654 5726 sed
1724 5688 1866 5730 nunc
1901 5690 2007 5731 non
2044 5676 2153 5743 iam

650 5834 695 5867 "
719 5833 819 5893 Job
854 5847 1081 5902 xxxvut,
1126 5833 1215 5889 41.
1291 5834 1336 5865 ⁵⁸³
1374 5832 1545 5889 chit.
1595 5849 1631 5899 ι,
1658 5832 1710 5899 9,
1748 5833 1833 5889 l5.

2251 4658 2422 4713 ϐολῶν
2449 4659 2577 4722 τοὺς
2604 4658 2889 4730 πολεμίους
2908 4658 3305 4729 ἐκπλήττοντα.

2262 4772 2668 4841 Ἀπόστρεψον
2719 4771 2863 4839 τοὺς
2914 4772 3263 4841 ὀφθαλμούς
3308 4786 3426 4841 σου
3476 4769 3843 4824 ἀπεναντίον

2518 4840 2661 4913 μου,
2707 4842 2797 4897 ὅτι
2825 4840 2996 4897 αὐτοὶ
3026 4840 3455 4910 ἀνεπτέρωσάν
3469 4858 3567 4910 με.

2334 4936 2399 4990 Ἠ
2422 4935 2718 5007 Ἐκκλησία
2734 4938 2800 5007 τῇ
2820 4934 3114 5006 ὡραιότητι
3142 4936 3236 4988 καὶ
3250 4935 3329 5006 τῷ
3348 4934 3535 4990 κάλλει
3563 4935 3728 5007 ἐνορᾷ
3745 4930 3841 4987 τοῦ

2251 5027 2510 5102 Χριστοῦ·
2554 5028 2830 5100 δυναμένη
2876 5029 2943 5099 τῇ
2988 5027 3195 5081 πλείονι
3251 5030 3503 5099 προκοπῇ
3557 5029 3844 5081 κατανοεῖν

2253 5120 2419 5177 αὐτοῦ
2446 5121 2545 5193 τὴν
2590 5121 2842 5189 θεότητα·
2892 5119 3030 5175 καθὸ
3082 5120 3262 5173 πάντα
3305 5120 3372 5174 δι’
3408 5119 3573 5173 αὐτοῦ
3602 5119 3839 5188 ἐγένετο·

2254 5214 2681 5287 εὐφραινόμενος
2708 5213 2765 5266 δὲ
2799 5213 2893 5266 ἐπὶ
2918 5215 2984 5284 τῇ
3013 5213 3242 5283 δυνάμει
3268 5211 3378 5265 τῶν
3398 5211 3715 5282 ὀφθαλμῶν,
3741 5208 3844 5279 τῆς

2255 5307 2365 5361 εἴτε
2388 5305 2719 5379 Ἐκκλησίας
2745 5305 2855 5358 εἴτε
2871 5306 3090 5377 νύμφης
3107 5305 3203 5359 τοῦ
3229 5305 3389 5375 λόγου
3404 5305 3601 5375 ψυχῆς·
3622 5304 3847 5373 πτεροῖς

2258 5400 2427 5470 αὐτὴν
2452 5399 2691 5467 λογικοῖς
2717 5399 3134 5469 ἀποστραφῆναι
3157 5397 3370 5451 κελεύει
3395 5397 3533 5469 πρὸς
3551 5396 3613 5449 τὸ
3649 5393 3848 5466 μετέω-

2267 5505 2376 5562 ρον·
2420 5488 2496 5552 ὡς
2530 5489 2597 5543 ἂν
2641 5488 2728 5541 ἐπ’
2762 5488 2928 5561 ἄκρον
2951 5487 3095 5541 ἔλθοι
3122 5489 3221 5559 τῆς
3251 5487 3605 5556 τελειότητος,
3652 5485 3730 5548 ὡς
3777 5481 3844 5537 ἃν

2262 5584 2489 5653 κάκείνη
2530 5582 2703 5655 βλέπῃ
2723 5581 2909 5635 τοῦτον
2942 5583 3340 5654 ἐπτερωμένον,
3365 5580 3459 5635 καὶ
3484 5580 3682 5652 μηκέτι
3713 5593 3847 5647 συγ-

2265 5675 2659 5734 καταϐαίνοντα
2683 5675 2964 5747 διἀὑτὴν,
2996 5677 3091 5731 καὶ⁸
3130 5675 3355 5747 δύνηται
3392 5675 3594 5736 λέγειν.
3644 5673 3693 5727 εί
3750 5670 3849 5728 καὶ
