  <div class='ocr_page' id='page_1' title='image "/cluster/home/n/w/nwhite01/storage/ocr_20150623/17:no.7/coo.31924054872977/150.png"; bbox 0 0 4172 6434; ppageno 0'>
   <div class='ocr_carea' id='block_1_1' title="bbox 396 387 500 442">
    <p class='ocr_par' dir='ltr' id='par_1_1' title="bbox 396 387 500 442">
     <span class='ocr_line' id='line_1_1' title="bbox 396 387 500 442; baseline -0.019 0"><span class='ocrx_word' id='word_1_1' title='bbox 396 387 500 442; x_wconf 72' lang='lat'><strong>277</strong></span> 
     </span>
    </p>
   </div>
   <div class='ocr_carea' id='block_1_2' title="bbox 1506 372 2549 434">
    <p class='ocr_par' dir='ltr' id='par_1_2' title="bbox 1506 372 2549 434">
     <span class='ocr_line' id='line_1_2' title="bbox 1506 372 2549 434; baseline -0.008 0"><span class='ocrx_word' id='word_1_2' title='bbox 1506 377 1798 434; x_wconf 79' lang='lat' dir='ltr'><strong>SCHOLIA</strong></span> <span class='ocrx_word' id='word_1_3' title='bbox 1837 378 1903 433; x_wconf 79' lang='lat' dir='ltr'><strong>IN</strong></span> <span class='ocrx_word' id='word_1_4' title='bbox 1941 375 2236 434; x_wconf 80' lang='lat' dir='ltr'><strong>CANTICA</strong></span> <span class='ocrx_word' id='word_1_5' title='bbox 2277 372 2549 428; x_wconf 64' lang='lat' dir='ltr'><strong>CAN&#39;I‘IC.</strong></span> 
     </span>
    </p>
   </div>
   <div class='ocr_carea' id='block_1_3' title="bbox 3555 376 3658 433">
    <p class='ocr_par' dir='ltr' id='par_1_3' title="bbox 3555 376 3658 433">
     <span class='ocr_line' id='line_1_3' title="bbox 3555 376 3658 433; baseline -0.049 -1"><span class='ocrx_word' id='word_1_6' title='bbox 3555 376 3658 433; x_wconf 73' lang='grc'><strong>273</strong></span> 
     </span>
    </p>
   </div>
   <div class='ocr_carea' id='block_1_4' title="bbox 393 489 1977 574">
    <p class='ocr_par' dir='ltr' id='par_1_4' title="bbox 393 493 1977 574">
     <span class='ocr_line' id='line_1_4' title="bbox 393 493 1977 574; baseline -0.01 -15"><span class='ocrx_word' id='word_1_7' title='bbox 393 507 722 574; x_wconf 71' lang='grc' dir='ltr'><strong>ἐγνώκαμεν</strong></span> <span class='ocrx_word' id='word_1_8' title='bbox 769 499 911 554; x_wconf 85' lang='grc' dir='ltr'><strong>κατά</strong></span> <span class='ocrx_word' id='word_1_9' title='bbox 954 500 1131 570; x_wconf 84' lang='grc' dir='ltr'><strong>σάρκα</strong></span> <span class='ocrx_word' id='word_1_10' title='bbox 1190 495 1446 568; x_wconf 77' lang='grc' dir='ltr'>Χριστὸν,</span> <span class='ocrx_word' id='word_1_11' title='bbox 1485 494 1621 548; x_wconf 83' lang='grc' dir='ltr'>ἀλλὰ</span> <span class='ocrx_word' id='word_1_12' title='bbox 1665 493 1758 547; x_wconf 90' lang='grc' dir='ltr'><strong>νῦν</strong></span> <span class='ocrx_word' id='word_1_13' title='bbox 1801 493 1977 546; x_wconf 76' lang='grc' dir='ltr'>οὐκέτι</span> 
     </span>
    </p>
   </div>
   <div class='ocr_carea' id='block_1_5' title="bbox 2082 489 3658 574">
    <p class='ocr_par' dir='ltr' id='par_1_5' title="bbox 2088 489 3658 562">
     <span class='ocr_line' id='line_1_5' title="bbox 2088 489 3658 562; baseline 0.003 -18"><span class='ocrx_word' id='word_1_14' title='bbox 2088 493 2486 560; x_wconf 80' lang='lat' dir='ltr'><strong>cognoscimus.</strong></span> <span class='ocrx_word' id='word_1_15' title='bbox 2536 489 2650 543; x_wconf 84' lang='lat' dir='ltr'><strong>&#39;l‘uo</strong></span> <span class='ocrx_word' id='word_1_16' title='bbox 2687 489 2848 558; x_wconf 86' lang='lat' dir='ltr'><strong>igitur</strong></span> <span class='ocrx_word' id='word_1_17' title='bbox 2895 505 3185 562; x_wconf 85' lang='lat' dir='ltr'><strong>progressu</strong></span> <span class='ocrx_word' id='word_1_18' title='bbox 3225 503 3397 548; x_wconf 92' lang='lat' dir='ltr'><strong>tecum</strong></span> <span class='ocrx_word' id='word_1_19' title='bbox 3455 508 3658 548; x_wconf 82' lang='lat' dir='ltr'><strong>convo-</strong></span> 
     </span>
    </p>
   </div>
   <div class='ocr_carea' id='block_1_6' title="bbox 393 583 1976 665">
    <p class='ocr_par' dir='ltr' id='par_1_6' title="bbox 393 583 1976 665">
     <span class='ocr_line' id='line_1_6' title="bbox 393 583 1976 665; baseline -0.009 -17"><span class='ocrx_word' id='word_1_20' title='bbox 393 598 756 665; x_wconf 78' lang='grc' dir='ltr'><strong>γινώσκομεν·</strong></span> <span class='ocrx_word' id='word_1_21' title='bbox 786 593 852 661; x_wconf 85' lang='grc' dir='ltr'>τῇ</span> <span class='ocrx_word' id='word_1_22' title='bbox 881 592 946 660; x_wconf 82' lang='grc' dir='ltr'><strong>σῇ</strong></span> <span class='ocrx_word' id='word_1_23' title='bbox 968 589 1145 642; x_wconf 86' lang='grc' dir='ltr'>τοίνυν</span> <span class='ocrx_word' id='word_1_24' title='bbox 1181 586 1446 656; x_wconf 82' lang='grc' dir='ltr'>συνανέϐη</span> <span class='ocrx_word' id='word_1_25' title='bbox 1471 587 1742 656; x_wconf 80' lang='grc' dir='ltr'><strong>προκοπῇ,</strong></span> <span class='ocrx_word' id='word_1_26' title='bbox 1791 583 1976 653; x_wconf 72' lang='grc' dir='ltr'>φησὶν,</span> 
     </span>
    </p>
   </div>
   <div class='ocr_carea' id='block_1_7' title="bbox 393 675 1980 758">
    <p class='ocr_par' dir='ltr' id='par_1_7' title="bbox 393 675 1980 758">
     <span class='ocr_line' id='line_1_7' title="bbox 393 675 1980 758; baseline -0.008 -19"><span class='ocrx_word' id='word_1_27' title='bbox 393 685 726 758; x_wconf 84' lang='grc' dir='ltr'>χωρησάσης</span> <span class='ocrx_word' id='word_1_28' title='bbox 770 700 864 736; x_wconf 93' lang='grc' dir='ltr'>σου</span> <span class='ocrx_word' id='word_1_29' title='bbox 895 683 1120 753; x_wconf 84' lang='grc' dir='ltr'>ὲνορᾷν,</span> <span class='ocrx_word' id='word_1_30' title='bbox 1149 681 1242 733; x_wconf 76' lang='grc' dir='ltr'>καὶ</span> <span class='ocrx_word' id='word_1_31' title='bbox 1278 678 1474 750; x_wconf 80' lang='grc' dir='ltr'><strong>μηκέτι</strong></span> <span class='ocrx_word' id='word_1_32' title='bbox 1523 677 1834 749; x_wconf 83' lang='grc' dir='ltr'><strong>περαιτέρω</strong></span> <span class='ocrx_word' id='word_1_33' title='bbox 1880 675 1980 745; x_wconf 81' lang='grc' dir='ltr'>τῆς</span> 
     </span>
    </p>
   </div>
   <div class='ocr_carea' id='block_1_8' title="bbox 394 772 934 847">
    <p class='ocr_par' dir='ltr' id='par_1_8' title="bbox 394 772 934 847">
     <span class='ocr_line' id='line_1_8' title="bbox 394 772 934 847; baseline -0.009 -14"><span class='ocrx_word' id='word_1_34' title='bbox 394 772 708 847; x_wconf 70' lang='grc' dir='ltr'>οἰκονομίας</span> <span class='ocrx_word' id='word_1_35' title='bbox 733 776 934 846; x_wconf 81' lang='grc' dir='ltr'><strong>ζητεῖν.</strong></span> 
     </span>
    </p>
   </div>
   <div class='ocr_carea' id='block_1_9' title="bbox 402 857 1980 935">
    <p class='ocr_par' dir='ltr' id='par_1_9' title="bbox 402 857 1980 935">
     <span class='ocr_line' id='line_1_9' title="bbox 402 857 1980 935; baseline -0.007 -15"><span class='ocrx_word' id='word_1_36' title='bbox 402 863 669 935; x_wconf 79' lang='grc' dir='ltr'>Τρίχωμά</span> <span class='ocrx_word' id='word_1_37' title='bbox 701 880 817 918; x_wconf 84' lang='grc' dir='ltr'>σου</span> <span class='ocrx_word' id='word_1_38' title='bbox 840 864 950 935; x_wconf 9' lang='grc' dir='ltr'><strong>Δκὼς</strong></span> <span class='ocrx_word' id='word_1_39' title='bbox 990 860 1228 935; x_wconf 48' lang='grc' dir='ltr'><strong>ἀγέλαιΔ</strong></span> <span class='ocrx_word' id='word_1_40' title='bbox 1243 859 1365 935; x_wconf 75' lang='grc' dir='ltr'>τῶν</span> <span class='ocrx_word' id='word_1_41' title='bbox 1402 858 1604 931; x_wconf 75' lang='grc' dir='ltr'>αἰγῶν,</span> <span class='ocrx_word' id='word_1_42' title='bbox 1653 859 1717 935; x_wconf 81' lang='grc' dir='ltr'>ατ</span> <span class='ocrx_word' id='word_1_43' title='bbox 1769 857 1980 935; x_wconf 52' lang='lat' dir='ltr'><strong>(irequ-</strong></span> 
     </span>
    </p>
   </div>
   <div class='ocr_carea' id='block_1_10' title="bbox 466 927 1981 998">
    <p class='ocr_par' dir='ltr' id='par_1_10' title="bbox 466 927 1981 998">
     <span class='ocr_line' id='line_1_10' title="bbox 466 927 1981 998; baseline -0.006 -9"><span class='ocrx_word' id='word_1_44' title='bbox 466 927 599 989; x_wconf 58' lang='grc' dir='ltr'>αἶαν’</span> <span class='ocrx_word' id='word_1_45' title='bbox 617 935 734 988; x_wconf 79' lang='grc' dir='ltr'><strong>ἀπὸ</strong></span> <span class='ocrx_word' id='word_1_46' title='bbox 760 931 866 986; x_wconf 85' lang='grc' dir='ltr'><strong>τοῦ</strong></span> <span class='ocrx_word' id='word_1_47' title='bbox 898 927 1165 986; x_wconf 78' lang='grc' dir='ltr'>Γαλαάδ·</span> <span class='ocrx_word' id='word_1_48' title='bbox 1198 929 1442 996; x_wconf 77' lang='grc' dir='ltr'><strong>ὀδόντες</strong></span> <span class='ocrx_word' id='word_1_49' title='bbox 1473 927 1621 994; x_wconf 76' lang='grc' dir='ltr'>’σου,</span> <span class='ocrx_word' id='word_1_50' title='bbox 1666 930 1746 994; x_wconf 87' lang='grc' dir='ltr'>ὡς</span> <span class='ocrx_word' id='word_1_51' title='bbox 1770 927 1981 998; x_wconf 79' lang='grc' dir='ltr'><em>ἀγέλαι</em></span> 
     </span>
    </p>
   </div>
   <div class='ocr_carea' id='block_1_11' title="bbox 469 998 1974 1072">
    <p class='ocr_par' dir='ltr' id='par_1_11' title="bbox 469 998 1974 1072">
     <span class='ocr_line' id='line_1_11' title="bbox 469 998 1974 1072; baseline -0.005 -14"><span class='ocrx_word' id='word_1_52' title='bbox 469 1004 589 1058; x_wconf 79' lang='grc' dir='ltr'>τῶν</span> <span class='ocrx_word' id='word_1_53' title='bbox 615 1003 997 1072; x_wconf 76' lang='grc' dir='ltr'>κεκαρμένων</span> <span class='ocrx_word' id='word_1_54' title='bbox 1020 1001 1082 1054; x_wconf 82' lang='grc' dir='ltr'>αἳ</span> <span class='ocrx_word' id='word_1_55' title='bbox 1105 999 1417 1072; x_wconf 64' lang='grc' dir='ltr'>ἀνέϐησαν·</span> <span class='ocrx_word' id='word_1_56' title='bbox 1438 998 1675 1072; x_wconf 76' lang='grc' dir='ltr'>ἀπὸτοῦ</span> <span class='ocrx_word' id='word_1_57' title='bbox 1698 999 1974 1072; x_wconf 51' lang='grc' dir='ltr'>τίουτροςῦ·</span> 
     </span>
    </p>
   </div>
   <div class='ocr_carea' id='block_1_12' title="bbox 467 1069 1981 1140">
    <p class='ocr_par' dir='ltr' id='par_1_12' title="bbox 467 1069 1981 1140">
     <span class='ocr_line' id='line_1_12' title="bbox 467 1069 1981 1140; baseline -0.005 -12"><span class='ocrx_word' id='word_1_58' title='bbox 467 1078 526 1128; x_wconf 78' lang='lat' dir='ltr'><strong>ai</strong></span> <span class='ocrx_word' id='word_1_59' title='bbox 577 1069 769 1128; x_wconf 71' lang='grc' dir='ltr'>πᾶσαι</span> <span class='ocrx_word' id='word_1_60' title='bbox 796 1069 1276 1140; x_wconf 56' lang='grc' dir='ltr'>⁷διδυμεύουσαι,</span> <span class='ocrx_word' id='word_1_61' title='bbox 1329 1070 1426 1123; x_wconf 75' lang='grc' dir='ltr'><strong>καὶ</strong></span> <span class='ocrx_word' id='word_1_62' title='bbox 1476 1069 1819 1124; x_wconf 78' lang='grc' dir='ltr'>ἀτεκνοῦσα</span> <span class='ocrx_word' id='word_1_63' title='bbox 1871 1069 1981 1121; x_wconf 84' lang='grc' dir='ltr'>οὐκ</span> 
     </span>
    </p>
   </div>
   <div class='ocr_carea' id='block_1_13' title="bbox 468 1143 990 1207">
    <p class='ocr_par' dir='ltr' id='par_1_13' title="bbox 468 1143 990 1207">
     <span class='ocr_line' id='line_1_13' title="bbox 468 1143 990 1207; baseline -0.006 -8"><span class='ocrx_word' id='word_1_64' title='bbox 468 1147 639 1199; x_wconf 72' lang='grc' dir='ltr'>ἔστιν</span> <span class='ocrx_word' id='word_1_65' title='bbox 665 1145 735 1196; x_wconf 82' lang='grc' dir='ltr'><strong>ἐν</strong></span> <span class='ocrx_word' id='word_1_66' title='bbox 761 1143 990 1207; x_wconf 86' lang='grc' dir='ltr'>αὑταῖς.</span> 
     </span>
    </p>
   </div>
   <div class='ocr_carea' id='block_1_14' title="bbox 469 1225 1980 1308">
    <p class='ocr_par' dir='ltr' id='par_1_14' title="bbox 469 1225 1980 1308">
     <span class='ocr_line' id='line_1_14' title="bbox 469 1225 1980 1308; baseline -0.005 -18"><span class='ocrx_word' id='word_1_67' title='bbox 469 1238 700 1308; x_wconf 81' lang='grc' dir='ltr'>Εἴρηται</span> <span class='ocrx_word' id='word_1_68' title='bbox 735 1236 986 1306; x_wconf 88' lang='grc' dir='ltr'>δεύτερον</span> <span class='ocrx_word' id='word_1_69' title='bbox 1014 1233 1189 1288; x_wconf 88' lang='grc' dir='ltr'>ταῦτα</span> <span class='ocrx_word' id='word_1_70' title='bbox 1215 1236 1280 1306; x_wconf 81' lang='grc' dir='ltr'><strong>τῇ</strong></span> <span class='ocrx_word' id='word_1_71' title='bbox 1308 1234 1513 1304; x_wconf 82' lang='grc' dir='ltr'>νύμφῃ,</span> <span class='ocrx_word' id='word_1_72' title='bbox 1543 1233 1804 1304; x_wconf 88' lang='grc' dir='ltr'>πρότερον</span> <span class='ocrx_word' id='word_1_73' title='bbox 1831 1225 1980 1301; x_wconf 80' lang='grc' dir='ltr'>οἶμαι</span> 
     </span>
    </p>
   </div>
   <div class='ocr_carea' id='block_1_15' title="bbox 395 1322 1982 1399">
    <p class='ocr_par' dir='ltr' id='par_1_15' title="bbox 395 1322 1982 1399">
     <span class='ocr_line' id='line_1_15' title="bbox 395 1322 1982 1399; baseline -0.004 -18"><span class='ocrx_word' id='word_1_74' title='bbox 395 1329 618 1399; x_wconf 82' lang='grc' dir='ltr'>τοιαύτῃ</span> <span class='ocrx_word' id='word_1_75' title='bbox 653 1327 880 1397; x_wconf 78' lang='grc' dir='ltr'><strong>φανείσῃ</strong></span> <span class='ocrx_word' id='word_1_76' title='bbox 925 1325 1066 1379; x_wconf 79' lang='grc' dir='ltr'>κατὰ</span> <span class='ocrx_word' id='word_1_77' title='bbox 1113 1325 1175 1379; x_wconf 83' lang='grc' dir='ltr'><strong>τὸ</strong></span> <span class='ocrx_word' id='word_1_78' title='bbox 1214 1325 1582 1396; x_wconf 84' lang='grc' dir='ltr'>ἐνδεχόμενον,</span> <span class='ocrx_word' id='word_1_79' title='bbox 1614 1323 1774 1394; x_wconf 82' lang='grc' dir='ltr'>ἡνίκα</span> <span class='ocrx_word' id='word_1_80' title='bbox 1802 1322 1879 1375; x_wconf 74' lang='grc' dir='ltr'>ἔτι</span> <span class='ocrx_word' id='word_1_81' title='bbox 1925 1324 1982 1374; x_wconf 79' lang='grc' dir='ltr'>ὲν</span> 
     </span>
    </p>
   </div>
   <div class='ocr_carea' id='block_1_16' title="bbox 395 1406 1983 1488">
    <p class='ocr_par' dir='ltr' id='par_1_16' title="bbox 395 1406 1983 1488">
     <span class='ocr_line' id='line_1_16' title="bbox 395 1406 1983 1488; baseline -0.007 -18"><span class='ocrx_word' id='word_1_82' title='bbox 395 1416 475 1488; x_wconf 82' lang='grc' dir='ltr'><strong>τῷ</strong></span> <span class='ocrx_word' id='word_1_83' title='bbox 501 1416 600 1486; x_wconf 88' lang='grc' dir='ltr'>βίῳ</span> <span class='ocrx_word' id='word_1_84' title='bbox 620 1415 794 1484; x_wconf 80' lang='grc' dir='ltr'>τούτῳ</span> <span class='ocrx_word' id='word_1_85' title='bbox 825 1415 1140 1484; x_wconf 78' lang='grc' dir='ltr'>ἐτύγχανεν·</span> <span class='ocrx_word' id='word_1_86' title='bbox 1187 1412 1436 1482; x_wconf 88' lang='grc' dir='ltr'>δεύτερον</span> <span class='ocrx_word' id='word_1_87' title='bbox 1473 1411 1634 1464; x_wconf 86' lang='grc' dir='ltr'>ὁπότε</span> <span class='ocrx_word' id='word_1_88' title='bbox 1670 1406 1833 1480; x_wconf 80' lang='grc' dir='ltr'>ἦλθεν</span> <span class='ocrx_word' id='word_1_89' title='bbox 1891 1408 1983 1460; x_wconf 74' lang='grc' dir='ltr'><strong>ἐπὶ</strong></span> 
     </span>
    </p>
   </div>
   <div class='ocr_carea' id='block_1_17' title="bbox 396 1501 1982 1580">
    <p class='ocr_par' dir='ltr' id='par_1_17' title="bbox 396 1501 1982 1580">
     <span class='ocr_line' id='line_1_17' title="bbox 396 1501 1982 1580; baseline -0.004 -19"><span class='ocrx_word' id='word_1_90' title='bbox 396 1509 496 1580; x_wconf 80' lang='grc' dir='ltr'><strong>τὴν</strong></span> <span class='ocrx_word' id='word_1_91' title='bbox 526 1507 856 1577; x_wconf 88' lang='grc' dir='ltr'>τελειότητα·</span> <span class='ocrx_word' id='word_1_92' title='bbox 876 1506 956 1559; x_wconf 87' lang='grc' dir='ltr'>διὸ</span> <span class='ocrx_word' id='word_1_93' title='bbox 987 1505 1080 1557; x_wconf 76' lang='grc' dir='ltr'>καὶ</span> <span class='ocrx_word' id='word_1_94' title='bbox 1101 1503 1194 1558; x_wconf 85' lang='grc' dir='ltr'><strong>νῦν</strong></span> <span class='ocrx_word' id='word_1_95' title='bbox 1217 1505 1376 1576; x_wconf 89' lang='grc' dir='ltr'>μόνον</span> <span class='ocrx_word' id='word_1_96' title='bbox 1398 1503 1751 1576; x_wconf 82' lang='grc' dir='ltr'>παρῃνίξατο·</span> <span class='ocrx_word' id='word_1_97' title='bbox 1784 1501 1982 1556; x_wconf 77' lang='grc' dir='ltr'>Ὀδόν-</span> 
     </span>
    </p>
   </div>
   <div class='ocr_carea' id='block_1_18' title="bbox 395 1590 1983 1666">
    <p class='ocr_par' dir='ltr' id='par_1_18' title="bbox 395 1590 1983 1666">
     <span class='ocr_line' id='line_1_18' title="bbox 395 1590 1983 1666; baseline -0.007 -12"><span class='ocrx_word' id='word_1_98' title='bbox 395 1617 496 1666; x_wconf 82' lang='grc' dir='ltr'><strong>τες</strong></span> <span class='ocrx_word' id='word_1_99' title='bbox 524 1614 640 1654; x_wconf 87' lang='grc' dir='ltr'><strong>σου</strong></span> <span class='ocrx_word' id='word_1_100' title='bbox 675 1599 754 1664; x_wconf 88' lang='grc' dir='ltr'>ὡς</span> <span class='ocrx_word' id='word_1_101' title='bbox 777 1596 987 1666; x_wconf 69' lang='grc' dir='ltr'>ἀγέλαι</span> <span class='ocrx_word' id='word_1_102' title='bbox 1030 1595 1150 1650; x_wconf 80' lang='grc' dir='ltr'>τῶν</span> <span class='ocrx_word' id='word_1_103' title='bbox 1181 1593 1576 1663; x_wconf 73' lang='grc' dir='ltr'>κεκαρμένωιν·</span> <span class='ocrx_word' id='word_1_104' title='bbox 1621 1591 1762 1646; x_wconf 86' lang='grc' dir='ltr'>κατὰ</span> <span class='ocrx_word' id='word_1_105' title='bbox 1809 1592 1866 1644; x_wconf 84' lang='grc' dir='ltr'>δὲ</span> <span class='ocrx_word' id='word_1_106' title='bbox 1893 1590 1983 1644; x_wconf 77' lang='grc' dir='ltr'>τὸν</span> 
     </span>
    </p>
   </div>
   <div class='ocr_carea' id='block_1_19' title="bbox 409 1682 1984 1760">
    <p class='ocr_par' dir='ltr' id='par_1_19' title="bbox 409 1682 1984 1760">
     <span class='ocr_line' id='line_1_19' title="bbox 409 1682 1984 1760; baseline -0.007 -15"><span class='ocrx_word' id='word_1_107' title='bbox 409 1690 642 1745; x_wconf 83' lang='grc' dir='ltr'><strong>Ἀκύλαν</strong></span> <span class='ocrx_word' id='word_1_108' title='bbox 671 1691 764 1742; x_wconf 81' lang='grc' dir='ltr'>καὶ</span> <span class='ocrx_word' id='word_1_109' title='bbox 788 1690 1102 1760; x_wconf 83' lang='grc' dir='ltr'><strong>Σύμμαχον,</strong></span> <span class='ocrx_word' id='word_1_110' title='bbox 1134 1687 1376 1752; x_wconf 71' lang='grc' dir='ltr'>ὀδόντες</span> <span class='ocrx_word' id='word_1_111' title='bbox 1404 1701 1519 1739; x_wconf 86' lang='grc' dir='ltr'><strong>σου</strong></span> <span class='ocrx_word' id='word_1_112' title='bbox 1541 1686 1620 1749; x_wconf 85' lang='grc' dir='ltr'>ὠς</span> <span class='ocrx_word' id='word_1_113' title='bbox 1637 1684 1845 1752; x_wconf 78' lang='grc' dir='ltr'>ἀγέλαι</span> <span class='ocrx_word' id='word_1_114' title='bbox 1868 1682 1984 1735; x_wconf 83' lang='grc' dir='ltr'>τῶν</span> 
     </span>
    </p>
   </div>
   <div class='ocr_carea' id='block_1_20' title="bbox 395 1776 1982 1852">
    <p class='ocr_par' dir='ltr' id='par_1_20' title="bbox 395 1776 1982 1852">
     <span class='ocr_line' id='line_1_20' title="bbox 395 1776 1982 1852; baseline -0.006 -15"><span class='ocrx_word' id='word_1_115' title='bbox 395 1782 726 1852; x_wconf 74' lang='grc' dir='ltr'>προϐάτων,</span> <span class='ocrx_word' id='word_1_116' title='bbox 771 1781 825 1852; x_wconf 80' lang='grc' dir='ltr'>ἢ,</span> <span class='ocrx_word' id='word_1_117' title='bbox 855 1780 974 1834; x_wconf 78' lang='grc' dir='ltr'>τῶν</span> <span class='ocrx_word' id='word_1_118' title='bbox 1012 1779 1311 1850; x_wconf 76' lang='grc' dir='ltr'>ἀμνάδων·</span> <span class='ocrx_word' id='word_1_119' title='bbox 1352 1778 1445 1831; x_wconf 74' lang='grc' dir='ltr'>καὶ</span> <span class='ocrx_word' id='word_1_120' title='bbox 1474 1777 1711 1846; x_wconf 80' lang='grc' dir='ltr'>ἔπρεπεν</span> <span class='ocrx_word' id='word_1_121' title='bbox 1736 1776 1982 1848; x_wconf 74' lang='grc' dir='ltr'>εἰρῆσθαι</span> 
     </span>
    </p>
   </div>
   <div class='ocr_carea' id='block_1_21' title="bbox 2083 582 3654 653">
    <p class='ocr_par' dir='ltr' id='par_1_21' title="bbox 2083 582 3654 653">
     <span class='ocr_line' id='line_1_21' title="bbox 2083 582 3654 653; baseline 0.003 -19"><span class='ocrx_word' id='word_1_122' title='bbox 2083 582 2235 646; x_wconf 87' lang='lat' dir='ltr'><strong>lavit,</strong></span> <span class='ocrx_word' id='word_1_123' title='bbox 2271 583 2371 647; x_wconf 90' lang='lat' dir='ltr'><strong>ait,</strong></span> <span class='ocrx_word' id='word_1_124' title='bbox 2431 597 2552 635; x_wconf 89' lang='lat' dir='ltr'><strong>cum</strong></span> <span class='ocrx_word' id='word_1_125' title='bbox 2610 583 2706 636; x_wconf 89' lang='lat' dir='ltr'><strong>tibi</strong></span> <span class='ocrx_word' id='word_1_126' title='bbox 2759 583 3050 652; x_wconf 70' lang='lat' dir='ltr'><strong>contigerit</strong></span> <span class='ocrx_word' id='word_1_127' title='bbox 3108 598 3359 652; x_wconf 86' lang='lat' dir='ltr'><strong>cernere,</strong></span> <span class='ocrx_word' id='word_1_128' title='bbox 3414 601 3514 641; x_wconf 90' lang='lat' dir='ltr'><strong>nec</strong></span> <span class='ocrx_word' id='word_1_129' title='bbox 3539 585 3654 653; x_wconf 84' lang='lat' dir='ltr'><strong>jam</strong></span> 
     </span>
    </p>
   </div>
   <div class='ocr_carea' id='block_1_22' title="bbox 2082 675 2953 745">
    <p class='ocr_par' dir='ltr' id='par_1_22' title="bbox 2082 675 2953 745">
     <span class='ocr_line' id='line_1_22' title="bbox 2082 675 2953 745; baseline -0.001 -17"><span class='ocrx_word' id='word_1_130' title='bbox 2082 685 2201 745; x_wconf 90' lang='lat' dir='ltr'><strong>post</strong></span> <span class='ocrx_word' id='word_1_131' title='bbox 2232 675 2659 730; x_wconf 79' lang='lat' dir='ltr'><strong>incarnationem</strong></span> <span class='ocrx_word' id='word_1_132' title='bbox 2690 689 2953 744; x_wconf 65' lang='lat' dir='ltr'><strong>quaerere.</strong></span> 
     </span>
    </p>
   </div>
   <div class='ocr_carea' id='block_1_23' title="bbox 2083 850 3651 924">
    <p class='ocr_par' dir='ltr' id='par_1_23' title="bbox 2083 850 3651 924">
     <span class='ocr_line' id='line_1_23' title="bbox 2083 850 3651 924; baseline 0.001 -16"><span class='ocrx_word' id='word_1_133' title='bbox 2083 853 2248 908; x_wconf 71' lang='lat' dir='ltr'><strong>Vens.</strong></span> <span class='ocrx_word' id='word_1_134' title='bbox 2278 853 2343 924; x_wconf 74' lang='lat'><strong>4,</strong></span> <span class='ocrx_word' id='word_1_135' title='bbox 2395 852 2445 906; x_wconf 83' lang='lat'><strong>5.</strong></span> <span class='ocrx_word' id='word_1_136' title='bbox 2483 850 2809 924; x_wconf 82' lang='lat' dir='ltr'><strong>Capilli_tui</strong></span> <span class='ocrx_word' id='word_1_137' title='bbox 2847 854 2981 908; x_wconf 87' lang='lat' dir='ltr'><strong>sicut</strong></span> <span class='ocrx_word' id='word_1_138' title='bbox 3012 869 3158 924; x_wconf 69' lang='lat' dir='ltr'><strong>grex</strong></span> <span class='ocrx_word' id='word_1_139' title='bbox 3196 870 3495 922; x_wconf 85' lang='lat' dir='ltr'><strong>caprarum,</strong></span> <span class='ocrx_word' id='word_1_140' title='bbox 3534 872 3651 924; x_wconf 72' lang='lat' dir='ltr'><strong>qua:</strong></span> 
     </span>
    </p>
   </div>
   <div class='ocr_carea' id='block_1_24' title="bbox 2153 921 3654 994">
    <p class='ocr_par' dir='ltr' id='par_1_24' title="bbox 2153 921 3654 994">
     <span class='ocr_line' id='line_1_24' title="bbox 2153 921 3654 994; baseline 0.004 -20"><span class='ocrx_word' id='word_1_141' title='bbox 2153 923 2505 975; x_wconf 83' lang='lat' dir='ltr'><strong>ascenderunt</strong></span> <span class='ocrx_word' id='word_1_142' title='bbox 2561 938 2626 975; x_wconf 79' lang='lat' dir='ltr'><strong>ea:</strong></span> <span class='ocrx_word' id='word_1_143' title='bbox 2683 921 2929 977; x_wconf 82' lang='lat' dir='ltr'><strong>Galaad:</strong></span> <span class='ocrx_word' id='word_1_144' title='bbox 2987 921 3162 994; x_wconf 77' lang='lat' dir='ltr'><strong>dentes</strong></span> <span class='ocrx_word' id='word_1_145' title='bbox 3222 921 3300 976; x_wconf 84' lang='lat' dir='ltr'><strong>tui</strong></span> <span class='ocrx_word' id='word_1_146' title='bbox 3351 925 3483 978; x_wconf 88' lang='lat' dir='ltr'><strong>sicut</strong></span> <span class='ocrx_word' id='word_1_147' title='bbox 3526 921 3654 994; x_wconf 77' lang='lat' dir='ltr'><strong>gres:</strong></span> 
     </span>
    </p>
   </div>
   <div class='ocr_carea' id='block_1_25' title="bbox 2152 993 3654 1067">
    <p class='ocr_par' dir='ltr' id='par_1_25' title="bbox 2152 993 3654 1067">
     <span class='ocr_line' id='line_1_25' title="bbox 2152 993 3654 1067; baseline 0.004 -23"><span class='ocrx_word' id='word_1_148' title='bbox 2152 995 2377 1067; x_wconf 37' lang='lat' dir='ltr'><strong>ovium,‘</strong></span> <span class='ocrx_word' id='word_1_149' title='bbox 2408 1009 2526 1067; x_wconf 65' lang='lat' dir='ltr'><strong>quia</strong></span> <span class='ocrx_word' id='word_1_150' title='bbox 2575 997 2921 1067; x_wconf 70' lang='lat' dir='ltr'><strong>ascenderunt</strong></span> <span class='ocrx_word' id='word_1_151' title='bbox 2969 993 3033 1046; x_wconf 86' lang='lat' dir='ltr'><strong>de</strong></span> <span class='ocrx_word' id='word_1_152' title='bbox 3079 996 3309 1067; x_wconf 74' lang='lat' dir='ltr'><strong>lauacro,</strong></span> <span class='ocrx_word' id='word_1_153' title='bbox 3342 993 3539 1049; x_wconf 13' lang='lat' dir='ltr'><strong>omnes,</strong></span> <span class='ocrx_word' id='word_1_154' title='bbox 3565 1013 3654 1067; x_wconf 76' lang='lat' dir='ltr'><strong>ge-</strong></span> 
     </span>
    </p>
   </div>
   <div class='ocr_carea' id='block_1_26' title="bbox 2154 1062 3315 1130">
    <p class='ocr_par' dir='ltr' id='par_1_26' title="bbox 2154 1062 3315 1130">
     <span class='ocr_line' id='line_1_26' title="bbox 2154 1062 3315 1130; baseline 0.003 -14"><span class='ocrx_word' id='word_1_155' title='bbox 2154 1064 2327 1116; x_wconf 87' lang='lat' dir='ltr'><strong>mellis</strong></span> <span class='ocrx_word' id='word_1_156' title='bbox 2347 1062 2561 1130; x_wconf 75' lang='lat' dir='ltr'><strong>fetibus,</strong></span> <span class='ocrx_word' id='word_1_157' title='bbox 2593 1072 2641 1115; x_wconf 90' lang='lat' dir='ltr'><strong>et</strong></span> <span class='ocrx_word' id='word_1_158' title='bbox 2667 1063 2860 1117; x_wconf 88' lang='lat' dir='ltr'><strong>sterilis</strong></span> <span class='ocrx_word' id='word_1_159' title='bbox 2892 1079 2997 1118; x_wconf 87' lang='lat' dir='ltr'><strong>non</strong></span> <span class='ocrx_word' id='word_1_160' title='bbox 3030 1072 3109 1116; x_wconf 85' lang='lat' dir='ltr'><strong>est</strong></span> <span class='ocrx_word' id='word_1_161' title='bbox 3142 1065 3198 1118; x_wconf 85' lang='lat' dir='ltr'><strong>in</strong></span> <span class='ocrx_word' id='word_1_162' title='bbox 3219 1065 3315 1119; x_wconf 89' lang='lat' dir='ltr'><strong>eis.</strong></span> 
     </span>
    </p>
   </div>
   <div class='ocr_carea' id='block_1_27' title="bbox 2155 1214 3652 1293">
    <p class='ocr_par' dir='ltr' id='par_1_27' title="bbox 2155 1214 3652 1293">
     <span class='ocr_line' id='line_1_27' title="bbox 2155 1214 3652 1293; baseline 0.006 -24"><span class='ocrx_word' id='word_1_163' title='bbox 2155 1214 2281 1270; x_wconf 68' lang='lat' dir='ltr'><strong>Haec</strong></span> <span class='ocrx_word' id='word_1_164' title='bbox 2317 1217 2496 1272; x_wconf 83' lang='lat' dir='ltr'><strong>denuo</strong></span> <span class='ocrx_word' id='word_1_165' title='bbox 2530 1232 2743 1287; x_wconf 68' lang='lat' dir='ltr'><strong>sponsa:</strong></span> <span class='ocrx_word' id='word_1_166' title='bbox 2800 1218 3078 1284; x_wconf 87' lang='lat' dir='ltr'><strong>dicuntur,</strong></span> <span class='ocrx_word' id='word_1_167' title='bbox 3129 1221 3390 1290; x_wconf 85' lang='lat' dir='ltr'><strong>primum,</strong></span> <span class='ocrx_word' id='word_1_168' title='bbox 3420 1231 3482 1276; x_wconf 92' lang='lat' dir='ltr'><strong>ut</strong></span> <span class='ocrx_word' id='word_1_169' title='bbox 3531 1223 3652 1293; x_wconf 87' lang='lat' dir='ltr'><strong>opi-</strong></span> 
     </span>
    </p>
   </div>
   <div class='ocr_carea' id='block_1_28' title="bbox 2082 1305 3654 1380">
    <p class='ocr_par' dir='ltr' id='par_1_28' title="bbox 2082 1305 3654 1380">
     <span class='ocr_line' id='line_1_28' title="bbox 2082 1305 3654 1380; baseline 0.004 -20"><span class='ocrx_word' id='word_1_170' title='bbox 2082 1321 2204 1368; x_wconf 86' lang='lat' dir='ltr'><strong>nor,</strong></span> <span class='ocrx_word' id='word_1_171' title='bbox 2239 1321 2358 1360; x_wconf 89' lang='lat' dir='ltr'><strong>cum</strong></span> <span class='ocrx_word' id='word_1_172' title='bbox 2394 1305 2517 1360; x_wconf 89' lang='lat' dir='ltr'><strong>talis</strong></span> <span class='ocrx_word' id='word_1_173' title='bbox 2551 1318 2810 1375; x_wconf 86' lang='lat' dir='ltr'><strong>quantum</strong></span> <span class='ocrx_word' id='word_1_174' title='bbox 2849 1307 3000 1363; x_wconf 88' lang='lat' dir='ltr'><strong>licuit</strong></span> <span class='ocrx_word' id='word_1_175' title='bbox 3045 1312 3378 1379; x_wconf 84' lang='lat' dir='ltr'><strong>apparuerit;</strong></span> <span class='ocrx_word' id='word_1_176' title='bbox 3435 1313 3654 1380; x_wconf 88' lang='lat' dir='ltr'><strong>quando</strong></span> 
     </span>
    </p>
   </div>
   <div class='ocr_carea' id='block_1_29' title="bbox 2083 1395 3651 1460">
    <p class='ocr_par' dir='ltr' id='par_1_29' title="bbox 2083 1395 3651 1460">
     <span class='ocr_line' id='line_1_29' title="bbox 2083 1395 3651 1460; baseline 0.004 -11"><span class='ocrx_word' id='word_1_177' title='bbox 2083 1397 2259 1449; x_wconf 87' lang='lat' dir='ltr'><strong>adhuc</strong></span> <span class='ocrx_word' id='word_1_178' title='bbox 2294 1395 2458 1450; x_wconf 81' lang='lat' dir='ltr'><strong>fuerit</strong></span> <span class='ocrx_word' id='word_1_179' title='bbox 2488 1397 2540 1450; x_wconf 92' lang='lat' dir='ltr'><strong>in</strong></span> <span class='ocrx_word' id='word_1_180' title='bbox 2592 1396 2692 1450; x_wconf 89' lang='lat' dir='ltr'><strong>hac</strong></span> <span class='ocrx_word' id='word_1_181' title='bbox 2725 1400 2855 1460; x_wconf 88' lang='lat' dir='ltr'><strong>vita,</strong></span> <span class='ocrx_word' id='word_1_182' title='bbox 2887 1415 3078 1455; x_wconf 86' lang='lat' dir='ltr'><strong>rursus</strong></span> <span class='ocrx_word' id='word_1_183' title='bbox 3134 1415 3256 1455; x_wconf 92' lang='lat' dir='ltr'><strong>cum</strong></span> <span class='ocrx_word' id='word_1_184' title='bbox 3287 1403 3354 1456; x_wconf 89' lang='lat' dir='ltr'><strong>ad</strong></span> <span class='ocrx_word' id='word_1_185' title='bbox 3393 1418 3651 1459; x_wconf 85' lang='lat' dir='ltr'><strong>consum-</strong></span> 
     </span>
    </p>
   </div>
   <div class='ocr_carea' id='block_1_30' title="bbox 2085 1488 3655 1564">
    <p class='ocr_par' dir='ltr' id='par_1_30' title="bbox 2085 1488 3655 1564">
     <span class='ocr_line' id='line_1_30' title="bbox 2085 1488 3655 1564; baseline 0.009 -24"><span class='ocrx_word' id='word_1_186' title='bbox 2085 1488 2374 1542; x_wconf 86' lang='lat' dir='ltr'><strong>mationem</strong></span> <span class='ocrx_word' id='word_1_187' title='bbox 2429 1489 2676 1555; x_wconf 81' lang='lat' dir='ltr'><strong>venerit;</strong></span> <span class='ocrx_word' id='word_1_188' title='bbox 2723 1489 2950 1557; x_wconf 85' lang='lat' dir='ltr'><strong>ideoque</strong></span> <span class='ocrx_word' id='word_1_189' title='bbox 3020 1508 3164 1548; x_wconf 89' lang='lat' dir='ltr'><strong>nunc</strong></span> <span class='ocrx_word' id='word_1_190' title='bbox 3193 1493 3365 1549; x_wconf 89' lang='lat' dir='ltr'><strong>solum</strong></span> <span class='ocrx_word' id='word_1_191' title='bbox 3406 1496 3655 1564; x_wconf 78' lang='lat' dir='ltr'><strong>ambigue</strong></span> 
     </span>
    </p>
   </div>
   <div class='ocr_carea' id='block_1_31' title="bbox 2084 1579 3652 1655">
    <p class='ocr_par' dir='ltr' id='par_1_31' title="bbox 2084 1579 3652 1655">
     <span class='ocr_line' id='line_1_31' title="bbox 2084 1579 3652 1655; baseline 0.004 -21"><span class='ocrx_word' id='word_1_192' title='bbox 2084 1579 2326 1648; x_wconf 90' lang='lat' dir='ltr'><strong>loquitur</strong></span> <span class='ocrx_word' id='word_1_193' title='bbox 2363 1594 2378 1632; x_wconf 89' lang='lat'><strong>:</strong></span> <span class='ocrx_word' id='word_1_194' title='bbox 2429 1579 2624 1635; x_wconf 89' lang='lat' dir='ltr'><strong>Dentes</strong></span> <span class='ocrx_word' id='word_1_195' title='bbox 2680 1583 2760 1636; x_wconf 90' lang='lat' dir='ltr'><strong>tui</strong></span> <span class='ocrx_word' id='word_1_196' title='bbox 2812 1584 2948 1638; x_wconf 86' lang='lat' dir='ltr'><strong>sicut</strong></span> <span class='ocrx_word' id='word_1_197' title='bbox 2985 1602 3112 1655; x_wconf 76' lang='lat' dir='ltr'><strong>grex</strong></span> <span class='ocrx_word' id='word_1_198' title='bbox 3135 1588 3308 1642; x_wconf 75' lang='lat' dir='ltr'><strong>ouium</strong></span> <span class='ocrx_word' id='word_1_199' title='bbox 3343 1598 3652 1654; x_wconf 87' lang='lat' dir='ltr'><strong>tonsarum;</strong></span> 
     </span>
    </p>
   </div>
   <div class='ocr_carea' id='block_1_32' title="bbox 2086 1670 3654 1747">
    <p class='ocr_par' dir='ltr' id='par_1_32' title="bbox 2086 1670 3654 1747">
     <span class='ocr_line' id='line_1_32' title="bbox 2086 1670 3654 1747; baseline 0.007 -20"><span class='ocrx_word' id='word_1_200' title='bbox 2086 1671 2382 1727; x_wconf 83' lang='lat' dir='ltr'><strong>secundum</strong></span> <span class='ocrx_word' id='word_1_201' title='bbox 2416 1686 2549 1726; x_wconf 90' lang='lat' dir='ltr'><strong>vero</strong></span> <span class='ocrx_word' id='word_1_202' title='bbox 2600 1670 2848 1742; x_wconf 86' lang='lat' dir='ltr'><strong>Aquilam</strong></span> <span class='ocrx_word' id='word_1_203' title='bbox 2877 1684 2931 1730; x_wconf 91' lang='lat' dir='ltr'><strong>et</strong></span> <span class='ocrx_word' id='word_1_204' title='bbox 2993 1675 3376 1747; x_wconf 85' lang='lat' dir='ltr'><strong>Symmachum</strong></span> <span class='ocrx_word' id='word_1_205' title='bbox 3425 1697 3438 1732; x_wconf 93' lang='lat'>:</span> <span class='ocrx_word' id='word_1_206' title='bbox 3476 1679 3654 1738; x_wconf 64' lang='lat' dir='ltr'><strong>(lentes</strong></span> 
     </span>
    </p>
   </div>
   <div class='ocr_carea' id='block_1_33' title="bbox 2085 1761 3654 1840">
    <p class='ocr_par' dir='ltr' id='par_1_33' title="bbox 2085 1761 3654 1840">
     <span class='ocr_line' id='line_1_33' title="bbox 2085 1761 3654 1840; baseline 0.008 -27"><span class='ocrx_word' id='word_1_207' title='bbox 2085 1764 2164 1814; x_wconf 88' lang='lat' dir='ltr'><strong>tui</strong></span> <span class='ocrx_word' id='word_1_208' title='bbox 2215 1761 2352 1815; x_wconf 87' lang='lat' dir='ltr'><strong>sicut</strong></span> <span class='ocrx_word' id='word_1_209' title='bbox 2403 1779 2530 1832; x_wconf 79' lang='lat' dir='ltr'><strong>grea:</strong></span> <span class='ocrx_word' id='word_1_210' title='bbox 2560 1781 2831 1830; x_wconf 86' lang='lat' dir='ltr'><strong>pecorum,</strong></span> <span class='ocrx_word' id='word_1_211' title='bbox 2876 1766 2959 1822; x_wconf 87' lang='lat' dir='ltr'><strong>vel</strong></span> <span class='ocrx_word' id='word_1_212' title='bbox 3013 1785 3271 1837; x_wconf 86' lang='lat' dir='ltr'><strong>agnarum</strong></span> <span class='ocrx_word' id='word_1_213' title='bbox 3297 1786 3316 1824; x_wconf 85' lang='lat'><strong><em>:</em></strong></span> <span class='ocrx_word' id='word_1_214' title='bbox 3346 1772 3488 1840; x_wconf 88' lang='lat' dir='ltr'><strong>quod</strong></span> <span class='ocrx_word' id='word_1_215' title='bbox 3533 1770 3654 1840; x_wconf 81' lang='lat' dir='ltr'><strong>qui.—</strong></span> 
     </span>
    </p>
   </div>
   <div class='ocr_carea' id='block_1_34' title="bbox 393 1833 1977 1943">
    <p class='ocr_par' dir='ltr' id='par_1_34' title="bbox 393 1833 1977 1943">
     <span class='ocr_line' id='line_1_34' title="bbox 393 1833 1977 1943; baseline -0.003 -15"><span class='ocrx_word' id='word_1_216' title='bbox 393 1833 570 1929; x_wconf 60' lang='grc' dir='ltr'>ταῦτα</span> <span class='ocrx_word' id='word_1_217' title='bbox 595 1875 688 1926; x_wconf 72' lang='grc' dir='ltr'><strong>ἐπὶ</strong></span> <span class='ocrx_word' id='word_1_218' title='bbox 711 1833 810 1943; x_wconf 69' lang='grc' dir='ltr'><strong>τῆς</strong></span> <span class='ocrx_word' id='word_1_219' title='bbox 840 1833 1190 1943; x_wconf 67' lang='grc' dir='ltr'>τελειοτητος·</span> <span class='ocrx_word' id='word_1_220' title='bbox 1211 1871 1286 1933; x_wconf 82' lang='grc' dir='ltr'>ὡς</span> <span class='ocrx_word' id='word_1_221' title='bbox 1309 1865 1448 1924; x_wconf 84' lang='grc' dir='ltr'>εἶναι</span> <span class='ocrx_word' id='word_1_222' title='bbox 1475 1869 1536 1922; x_wconf 84' lang='grc' dir='ltr'><strong>τὸ</strong></span> <span class='ocrx_word' id='word_1_223' title='bbox 1556 1869 1673 1922; x_wconf 81' lang='grc' dir='ltr'><strong>ἀπὸ</strong></span> <span class='ocrx_word' id='word_1_224' title='bbox 1701 1869 1808 1922; x_wconf 80' lang='grc' dir='ltr'><strong>τοῦ</strong></span> <span class='ocrx_word' id='word_1_225' title='bbox 1836 1873 1977 1923; x_wconf 72' lang='grc' dir='ltr'><strong>λου-</strong></span> 
     </span>
    </p>
   </div>
   <div class='ocr_carea' id='block_1_35' title="bbox 2082 1833 3654 1943">
    <p class='ocr_par' dir='ltr' id='par_1_35' title="bbox 2086 1833 3654 1926">
     <span class='ocr_line' id='line_1_35' title="bbox 2086 1833 3654 1926; baseline 0.006 -18"><span class='ocrx_word' id='word_1_226' title='bbox 2086 1854 2207 1908; x_wconf 89' lang='lat' dir='ltr'><strong>dem</strong></span> <span class='ocrx_word' id='word_1_227' title='bbox 2260 1853 2488 1910; x_wconf 87' lang='lat' dir='ltr'><strong>decebat</strong></span> <span class='ocrx_word' id='word_1_228' title='bbox 2535 1857 2601 1911; x_wconf 91' lang='lat' dir='ltr'><strong>de</strong></span> <span class='ocrx_word' id='word_1_229' title='bbox 2646 1855 2978 1926; x_wconf 80' lang='lat' dir='ltr'><strong>perfectione</strong></span> <span class='ocrx_word' id='word_1_230' title='bbox 3012 1833 3140 1916; x_wconf 81' lang='lat' dir='ltr'><strong>dici.</strong></span> <span class='ocrx_word' id='word_1_231' title='bbox 3172 1860 3250 1915; x_wconf 89' lang='lat' dir='ltr'><strong>De</strong></span> <span class='ocrx_word' id='word_1_232' title='bbox 3309 1833 3517 1916; x_wconf 64' lang='lat' dir='ltr'><strong>laaacro</strong></span> <span class='ocrx_word' id='word_1_233' title='bbox 3547 1833 3654 1918; x_wconf 82' lang='lat' dir='ltr'><strong>non</strong></span> 
     </span>
    </p>
   </div>
   <div class='ocr_carea' id='block_1_36' title="bbox 393 1959 1984 2034">
    <p class='ocr_par' dir='ltr' id='par_1_36' title="bbox 393 1959 1984 2034">
     <span class='ocr_line' id='line_1_36' title="bbox 393 1959 1984 2034; baseline -0.005 -14"><span class='ocrx_word' id='word_1_234' title='bbox 393 1965 538 2034; x_wconf 86' lang='grc' dir='ltr'>τροῦ</span> <span class='ocrx_word' id='word_1_235' title='bbox 584 1967 684 2018; x_wconf 80' lang='grc' dir='ltr'>οὐκ</span> <span class='ocrx_word' id='word_1_236' title='bbox 732 1965 811 2017; x_wconf 77' lang='grc' dir='ltr'>ἔτι</span> <span class='ocrx_word' id='word_1_237' title='bbox 861 1962 1150 2034; x_wconf 78' lang='grc' dir='ltr'><strong>προτέρου,</strong></span> <span class='ocrx_word' id='word_1_238' title='bbox 1199 1961 1339 2016; x_wconf 85' lang='grc' dir='ltr'>ἀλλὰ</span> <span class='ocrx_word' id='word_1_239' title='bbox 1377 1961 1472 2015; x_wconf 90' lang='grc' dir='ltr'><strong>τοῦ</strong></span> <span class='ocrx_word' id='word_1_240' title='bbox 1520 1961 1792 2032; x_wconf 83' lang='grc' dir='ltr'><strong>δευτέρου·</strong></span> <span class='ocrx_word' id='word_1_241' title='bbox 1828 1959 1984 2014; x_wconf 81' lang='grc' dir='ltr'>διδυ-</span> 
     </span>
    </p>
   </div>
   <div class='ocr_carea' id='block_1_37' title="bbox 390 2052 1984 2130">
    <p class='ocr_par' dir='ltr' id='par_1_37' title="bbox 390 2052 1984 2130">
     <span class='ocr_line' id='line_1_37' title="bbox 390 2052 1984 2130; baseline -0.006 -17"><span class='ocrx_word' id='word_1_242' title='bbox 390 2060 689 2130; x_wconf 79' lang='grc' dir='ltr'>μεύουσαι</span> <span class='ocrx_word' id='word_1_243' title='bbox 707 2057 764 2111; x_wconf 83' lang='grc' dir='ltr'>δὲ</span> <span class='ocrx_word' id='word_1_244' title='bbox 790 2057 951 2126; x_wconf 85' lang='grc' dir='ltr'>τάχα,</span> <span class='ocrx_word' id='word_1_245' title='bbox 983 2056 1060 2119; x_wconf 86' lang='grc' dir='ltr'>ὡς</span> <span class='ocrx_word' id='word_1_246' title='bbox 1076 2056 1407 2128; x_wconf 88' lang='grc' dir='ltr'>τρεφόμεναι</span> <span class='ocrx_word' id='word_1_247' title='bbox 1435 2057 1501 2126; x_wconf 81' lang='grc' dir='ltr'><strong>τῇ</strong></span> <span class='ocrx_word' id='word_1_248' title='bbox 1524 2054 1634 2108; x_wconf 91' lang='grc' dir='ltr'><strong>τῶν</strong></span> <span class='ocrx_word' id='word_1_249' title='bbox 1664 2053 1870 2126; x_wconf 82' lang='grc' dir='ltr'>νοητῶν</span> <span class='ocrx_word' id='word_1_250' title='bbox 1889 2052 1984 2106; x_wconf 71' lang='grc' dir='ltr'>καὶ</span> 
     </span>
    </p>
   </div>
   <div class='ocr_carea' id='block_1_38' title="bbox 395 2140 1984 2220">
    <p class='ocr_par' dir='ltr' id='par_1_38' title="bbox 395 2140 1984 2220">
     <span class='ocr_line' id='line_1_38' title="bbox 395 2140 1984 2220; baseline -0.004 -17"><span class='ocrx_word' id='word_1_251' title='bbox 395 2147 672 2220; x_wconf 73' lang='grc' dir='ltr'>αἰσθητῶν</span> <span class='ocrx_word' id='word_1_252' title='bbox 687 2148 908 2218; x_wconf 76' lang='grc' dir='ltr'>θεωρίᾳ·</span> <span class='ocrx_word' id='word_1_253' title='bbox 937 2149 1031 2200; x_wconf 77' lang='grc' dir='ltr'>καὶ</span> <span class='ocrx_word' id='word_1_254' title='bbox 1057 2147 1134 2210; x_wconf 86' lang='grc' dir='ltr'>ὼς</span> <span class='ocrx_word' id='word_1_255' title='bbox 1171 2147 1437 2219; x_wconf 87' lang='grc' dir='ltr'>μηδεμίαν</span> <span class='ocrx_word' id='word_1_256' title='bbox 1483 2146 1676 2214; x_wconf 83' lang='grc' dir='ltr'>ἄγονον</span> <span class='ocrx_word' id='word_1_257' title='bbox 1696 2140 1832 2198; x_wconf 78' lang='grc' dir='ltr'>εἶναι</span> <span class='ocrx_word' id='word_1_258' title='bbox 1882 2143 1984 2213; x_wconf 83' lang='grc' dir='ltr'>τῆς</span> 
     </span>
    </p>
   </div>
   <div class='ocr_carea' id='block_1_39' title="bbox 396 2237 1314 2311">
    <p class='ocr_par' dir='ltr' id='par_1_39' title="bbox 396 2237 1314 2311">
     <span class='ocr_line' id='line_1_39' title="bbox 396 2237 1314 2311; baseline -0.003 -18"><span class='ocrx_word' id='word_1_259' title='bbox 396 2240 528 2311; x_wconf 76' lang='grc' dir='ltr'>περὶ</span> <span class='ocrx_word' id='word_1_260' title='bbox 555 2238 863 2293; x_wconf 80' lang='grc' dir='ltr'>οὑτινοσοῦν</span> <span class='ocrx_word' id='word_1_261' title='bbox 888 2239 1048 2306; x_wconf 87' lang='grc' dir='ltr'>λόγου</span> <span class='ocrx_word' id='word_1_262' title='bbox 1085 2237 1314 2310; x_wconf 82' lang='grc' dir='ltr'><strong>τροφῆς.</strong></span> 
     </span>
    </p>
   </div>
   <div class='ocr_carea' id='block_1_40' title="bbox 407 2326 1984 2397">
    <p class='ocr_par' dir='ltr' id='par_1_40' title="bbox 407 2326 1984 2397">
     <span class='ocr_line' id='line_1_40' title="bbox 407 2326 1984 2397; baseline -0.001 -15"><span class='ocrx_word' id='word_1_263' title='bbox 407 2330 732 2395; x_wconf 75' lang='grc' dir='ltr'>Έξήκοντά</span> <span class='ocrx_word' id='word_1_264' title='bbox 764 2332 884 2382; x_wconf 79' lang='grc' dir='ltr'>εἱσι</span> <span class='ocrx_word' id='word_1_265' title='bbox 908 2329 1276 2397; x_wconf 65' lang='grc' dir='ltr'>βασίλιᾳσαι</span> <span class='ocrx_word' id='word_1_266' title='bbox 1314 2329 1413 2383; x_wconf 80' lang='grc' dir='ltr'>καὶ</span> <span class='ocrx_word' id='word_1_267' title='bbox 1446 2326 1815 2397; x_wconf 75' lang='grc' dir='ltr'>ὀγδοήκοντα</span> <span class='ocrx_word' id='word_1_268' title='bbox 1833 2330 1984 2380; x_wconf 78' lang='grc' dir='ltr'><strong>παλ-</strong></span> 
     </span>
    </p>
   </div>
   <div class='ocr_carea' id='block_1_41' title="bbox 471 2393 1981 2467">
    <p class='ocr_par' dir='ltr' id='par_1_41' title="bbox 471 2393 1981 2467">
     <span class='ocr_line' id='line_1_41' title="bbox 471 2393 1981 2467; baseline -0.001 -13"><span class='ocrx_word' id='word_1_269' title='bbox 471 2393 672 2464; x_wconf 71' lang='grc' dir='ltr'>λακαὶ,</span> <span class='ocrx_word' id='word_1_270' title='bbox 704 2399 804 2452; x_wconf 79' lang='grc' dir='ltr'><strong>καί</strong></span> <span class='ocrx_word' id='word_1_271' title='bbox 840 2399 1110 2464; x_wconf 76' lang='grc' dir='ltr'>νεάνιδες</span> <span class='ocrx_word' id='word_1_272' title='bbox 1133 2393 1221 2453; x_wconf 82' lang='grc' dir='ltr'><strong>ὧν</strong></span> <span class='ocrx_word' id='word_1_273' title='bbox 1244 2401 1355 2454; x_wconf 82' lang='grc' dir='ltr'>οὐκ</span> <span class='ocrx_word' id='word_1_274' title='bbox 1389 2393 1560 2454; x_wconf 72' lang='grc' dir='ltr'>ἔστιν</span> <span class='ocrx_word' id='word_1_275' title='bbox 1589 2397 1850 2466; x_wconf 80' lang='grc' dir='ltr'>ἀριθμός·</span> <span class='ocrx_word' id='word_1_276' title='bbox 1875 2397 1981 2467; x_wconf 85' lang='grc' dir='ltr'><strong>μία</strong></span> 
     </span>
    </p>
   </div>
   <div class='ocr_carea' id='block_1_42' title="bbox 466 2469 1188 2539">
    <p class='ocr_par' dir='ltr' id='par_1_42' title="bbox 466 2469 1188 2539">
     <span class='ocr_line' id='line_1_42' title="bbox 466 2469 1188 2539; baseline 0 -17"><span class='ocrx_word' id='word_1_277' title='bbox 466 2470 534 2524; x_wconf 86' lang='grc' dir='ltr'>δέ</span> <span class='ocrx_word' id='word_1_278' title='bbox 558 2470 690 2522; x_wconf 82' lang='grc' dir='ltr'>ἐστι</span> <span class='ocrx_word' id='word_1_279' title='bbox 717 2469 1038 2538; x_wconf 79' lang='grc' dir='ltr'>περιστερά</span> <span class='ocrx_word' id='word_1_280' title='bbox 1048 2485 1188 2539; x_wconf 82' lang='grc' dir='ltr'>μου.</span> 
     </span>
    </p>
   </div>
   <div class='ocr_carea' id='block_1_43' title="bbox 462 2559 1980 2630">
    <p class='ocr_par' dir='ltr' id='par_1_43' title="bbox 462 2559 1980 2630">
     <span class='ocr_line' id='line_1_43' title="bbox 462 2559 1980 2630; baseline -0.001 -15"><span class='ocrx_word' id='word_1_281' title='bbox 462 2565 534 2616; x_wconf 75' lang='grc' dir='ltr'><strong>Αἱ</strong></span> <span class='ocrx_word' id='word_1_282' title='bbox 566 2562 838 2628; x_wconf 78' lang='grc' dir='ltr'>νεάνιδες</span> <span class='ocrx_word' id='word_1_283' title='bbox 876 2562 1126 2630; x_wconf 79' lang='grc' dir='ltr'>ἀριθμὸν</span> <span class='ocrx_word' id='word_1_284' title='bbox 1187 2563 1298 2615; x_wconf 80' lang='grc' dir='ltr'>οὐκ</span> <span class='ocrx_word' id='word_1_285' title='bbox 1353 2560 1625 2629; x_wconf 75' lang='grc' dir='ltr'>ἔχουσαι·</span> <span class='ocrx_word' id='word_1_286' title='bbox 1685 2561 1746 2613; x_wconf 85' lang='grc' dir='ltr'>οὐ</span> <span class='ocrx_word' id='word_1_287' title='bbox 1792 2559 1869 2630; x_wconf 82' lang='grc' dir='ltr'>τῷ</span> <span class='ocrx_word' id='word_1_288' title='bbox 1906 2559 1980 2630; x_wconf 86' lang='grc' dir='ltr'>μὴ</span> 
     </span>
    </p>
   </div>
   <div class='ocr_carea' id='block_1_44' title="bbox 395 2647 1982 2725">
    <p class='ocr_par' dir='ltr' id='par_1_44' title="bbox 395 2647 1982 2725">
     <span class='ocr_line' id='line_1_44' title="bbox 395 2647 1982 2725; baseline -0.003 -16"><span class='ocrx_word' id='word_1_289' title='bbox 395 2654 724 2709; x_wconf 81' lang='grc' dir='ltr'>ὑποπίπτειν</span> <span class='ocrx_word' id='word_1_290' title='bbox 756 2652 995 2725; x_wconf 83' lang='grc' dir='ltr'>ἀριθμῷ,</span> <span class='ocrx_word' id='word_1_291' title='bbox 1043 2651 1178 2707; x_wconf 88' lang='grc' dir='ltr'><strong>ἀλλά</strong></span> <span class='ocrx_word' id='word_1_292' title='bbox 1203 2651 1282 2724; x_wconf 84' lang='grc' dir='ltr'>τῷ</span> <span class='ocrx_word' id='word_1_293' title='bbox 1306 2651 1464 2717; x_wconf 81' lang='grc' dir='ltr'>ἀξίας</span> <span class='ocrx_word' id='word_1_294' title='bbox 1496 2652 1664 2716; x_wconf 81' lang='grc' dir='ltr'>αὐτὰς</span> <span class='ocrx_word' id='word_1_295' title='bbox 1693 2647 1830 2706; x_wconf 76' lang='grc' dir='ltr'>εἶναι</span> <span class='ocrx_word' id='word_1_296' title='bbox 1863 2653 1982 2723; x_wconf 90' lang='grc' dir='ltr'>ἀρι-</span> 
     </span>
    </p>
   </div>
   <div class='ocr_carea' id='block_1_45' title="bbox 396 2743 1978 2817">
    <p class='ocr_par' dir='ltr' id='par_1_45' title="bbox 396 2743 1978 2817">
     <span class='ocr_line' id='line_1_45' title="bbox 396 2743 1978 2817; baseline -0.003 -18"><span class='ocrx_word' id='word_1_297' title='bbox 396 2745 694 2817; x_wconf 74' lang='grc' dir='ltr'>θμηθῆναι·</span> <span class='ocrx_word' id='word_1_298' title='bbox 731 2746 826 2798; x_wconf 79' lang='grc' dir='ltr'>καὶ</span> <span class='ocrx_word' id='word_1_299' title='bbox 875 2749 1015 2814; x_wconf 82' lang='grc' dir='ltr'>τάχα</span> <span class='ocrx_word' id='word_1_300' title='bbox 1063 2746 1163 2815; x_wconf 81' lang='grc' dir='ltr'>τῆς</span> <span class='ocrx_word' id='word_1_301' title='bbox 1191 2745 1360 2816; x_wconf 82' lang='grc' dir='ltr'>αὐτῆς</span> <span class='ocrx_word' id='word_1_302' title='bbox 1388 2743 1628 2807; x_wconf 78' lang='grc' dir='ltr'>διανοίας</span> <span class='ocrx_word' id='word_1_303' title='bbox 1683 2743 1886 2815; x_wconf 83' lang='grc' dir='ltr'>ἔχεται,</span> <span class='ocrx_word' id='word_1_304' title='bbox 1909 2745 1978 2814; x_wconf 76' lang='grc' dir='ltr'><strong>τῇ</strong></span> 
     </span>
    </p>
   </div>
   <div class='ocr_carea' id='block_1_46' title="bbox 394 2832 1979 2906">
    <p class='ocr_par' dir='ltr' id='par_1_46' title="bbox 394 2832 1979 2906">
     <span class='ocr_line' id='line_1_46' title="bbox 394 2832 1979 2906; baseline -0.003 -17"><span class='ocrx_word' id='word_1_305' title='bbox 394 2834 634 2889; x_wconf 78' lang='grc' dir='ltr'>ἐνταῦθα</span> <span class='ocrx_word' id='word_1_306' title='bbox 682 2835 914 2906; x_wconf 84' lang='grc' dir='ltr'>διαφορᾷ</span> <span class='ocrx_word' id='word_1_307' title='bbox 959 2833 1068 2887; x_wconf 89' lang='grc' dir='ltr'><strong>τῶν</strong></span> <span class='ocrx_word' id='word_1_308' title='bbox 1109 2833 1362 2887; x_wconf 84' lang='grc' dir='ltr'>νεανίδων</span> <span class='ocrx_word' id='word_1_309' title='bbox 1406 2833 1512 2887; x_wconf 88' lang='grc' dir='ltr'><strong>τῶν</strong></span> <span class='ocrx_word' id='word_1_310' title='bbox 1543 2832 1979 2903; x_wconf 79' lang='grc' dir='ltr'>κοινωνουμὲνων</span> 
     </span>
    </p>
   </div>
   <div class='ocr_carea' id='block_1_47' title="bbox 396 2923 1980 2998">
    <p class='ocr_par' dir='ltr' id='par_1_47' title="bbox 396 2923 1980 2998">
     <span class='ocr_line' id='line_1_47' title="bbox 396 2923 1980 2998; baseline -0.003 -18"><span class='ocrx_word' id='word_1_311' title='bbox 396 2927 503 2981; x_wconf 81' lang='grc' dir='ltr'>ὑπὸ</span> <span class='ocrx_word' id='word_1_312' title='bbox 538 2926 797 2998; x_wconf 82' lang='grc' dir='ltr'><strong>Χριστοῦ,</strong></span> <span class='ocrx_word' id='word_1_313' title='bbox 825 2927 920 2979; x_wconf 79' lang='grc' dir='ltr'><strong>καὶ</strong></span> <span class='ocrx_word' id='word_1_314' title='bbox 946 2927 1014 2980; x_wconf 78' lang='grc' dir='ltr'><strong>τὰ</strong></span> <span class='ocrx_word' id='word_1_315' title='bbox 1042 2924 1194 2998; x_wconf 81' lang='grc' dir='ltr'><strong>παρά</strong></span> <span class='ocrx_word' id='word_1_316' title='bbox 1219 2925 1543 2979; x_wconf 82' lang='grc' dir='ltr'>Ἀποστόλου</span> <span class='ocrx_word' id='word_1_317' title='bbox 1565 2925 1831 2995; x_wconf 87' lang='grc' dir='ltr'>λεγόμενα</span> <span class='ocrx_word' id='word_1_318' title='bbox 1851 2923 1980 2996; x_wconf 77' lang='grc' dir='ltr'>περὶ</span> 
     </span>
    </p>
   </div>
   <div class='ocr_carea' id='block_1_48' title="bbox 395 3013 1979 3088">
    <p class='ocr_par' dir='ltr' id='par_1_48' title="bbox 395 3013 1979 3088">
     <span class='ocr_line' id='line_1_48' title="bbox 395 3013 1979 3088; baseline -0.004 -15"><span class='ocrx_word' id='word_1_319' title='bbox 395 3019 744 3082; x_wconf 83' lang='grc' dir='ltr'>ἀναστάσεως</span> <span class='ocrx_word' id='word_1_320' title='bbox 775 3016 1006 3087; x_wconf 83' lang='grc' dir='ltr'>νεκρῶν,</span> <span class='ocrx_word' id='word_1_321' title='bbox 1041 3017 1184 3088; x_wconf 87' lang='grc' dir='ltr'>λόγῳ</span> <span class='ocrx_word' id='word_1_322' title='bbox 1201 3017 1457 3087; x_wconf 85' lang='grc' dir='ltr'>τάγματα</span> <span class='ocrx_word' id='word_1_323' title='bbox 1475 3016 1756 3086; x_wconf 83' lang='grc' dir='ltr'>φάσκοντι·</span> <span class='ocrx_word' id='word_1_324' title='bbox 1793 3013 1979 3086; x_wconf 82' lang='grc' dir='ltr'>ἐπειδὴ</span> 
     </span>
    </p>
   </div>
   <div class='ocr_carea' id='block_1_49' title="bbox 395 3102 1978 3180">
    <p class='ocr_par' dir='ltr' id='par_1_49' title="bbox 395 3102 1978 3180">
     <span class='ocr_line' id='line_1_49' title="bbox 395 3102 1978 3180; baseline -0.003 -20"><span class='ocrx_word' id='word_1_325' title='bbox 395 3107 502 3180; x_wconf 78' lang='grc' dir='ltr'>γὰρ</span> <span class='ocrx_word' id='word_1_326' title='bbox 526 3106 600 3160; x_wconf 85' lang='grc' dir='ltr'><strong>δι’</strong></span> <span class='ocrx_word' id='word_1_327' title='bbox 618 3105 934 3174; x_wconf 71' lang='grc' dir='ltr'><strong>ἀνθρώπου</strong></span> <span class='ocrx_word' id='word_1_328' title='bbox 955 3105 1232 3172; x_wconf 80' lang='grc' dir='ltr'>θάνατος,</span> <span class='ocrx_word' id='word_1_329' title='bbox 1268 3105 1366 3158; x_wconf 76' lang='grc' dir='ltr'>καὶ</span> <span class='ocrx_word' id='word_1_330' title='bbox 1396 3105 1468 3158; x_wconf 84' lang='grc' dir='ltr'><strong>δι’</strong></span> <span class='ocrx_word' id='word_1_331' title='bbox 1483 3104 1796 3173; x_wconf 79' lang='grc' dir='ltr'><strong>ἀνθρώπου</strong></span> <span class='ocrx_word' id='word_1_332' title='bbox 1831 3102 1978 3158; x_wconf 84' lang='grc' dir='ltr'>ἀνά-</span> 
     </span>
    </p>
   </div>
   <div class='ocr_carea' id='block_1_50' title="bbox 2079 1943 3654 2022">
    <p class='ocr_par' dir='ltr' id='par_1_50' title="bbox 2079 1943 3654 2022">
     <span class='ocr_line' id='line_1_50' title="bbox 2079 1943 3654 2022; baseline 0.006 -25"><span class='ocrx_word' id='word_1_333' title='bbox 2079 1943 2192 2014; x_wconf 91' lang='lat' dir='ltr'><strong>jam</strong></span> <span class='ocrx_word' id='word_1_334' title='bbox 2222 1945 2424 2014; x_wconf 88' lang='lat' dir='ltr'><strong>priore,</strong></span> <span class='ocrx_word' id='word_1_335' title='bbox 2469 1946 2562 2001; x_wconf 87' lang='lat' dir='ltr'><strong>sed</strong></span> <span class='ocrx_word' id='word_1_336' title='bbox 2615 1948 2888 2016; x_wconf 87' lang='lat' dir='ltr'><strong>secundo;</strong></span> <span class='ocrx_word' id='word_1_337' title='bbox 2931 1964 3108 2004; x_wconf 87' lang='lat' dir='ltr'><strong>omnes</strong></span> <span class='ocrx_word' id='word_1_338' title='bbox 3158 1951 3391 2020; x_wconf 82' lang='lat' dir='ltr'><strong>gemellis</strong></span> <span class='ocrx_word' id='word_1_339' title='bbox 3435 1952 3654 2022; x_wconf 76' lang='lat' dir='ltr'><strong>fetibus,</strong></span> 
     </span>
    </p>
   </div>
   <div class='ocr_carea' id='block_1_51' title="bbox 2085 2038 3657 2110">
    <p class='ocr_par' dir='ltr' id='par_1_51' title="bbox 2085 2038 3657 2110">
     <span class='ocr_line' id='line_1_51' title="bbox 2085 2038 3657 2110; baseline 0.005 -18"><span class='ocrx_word' id='word_1_340' title='bbox 2085 2038 2302 2106; x_wconf 85' lang='lat' dir='ltr'><strong>merito,</strong></span> <span class='ocrx_word' id='word_1_341' title='bbox 2342 2039 2496 2094; x_wconf 87' lang='lat' dir='ltr'><strong>velut</strong></span> <span class='ocrx_word' id='word_1_342' title='bbox 2539 2040 2866 2110; x_wconf 87' lang='lat' dir='ltr'><strong>spiritalium</strong></span> <span class='ocrx_word' id='word_1_343' title='bbox 2927 2052 2983 2097; x_wconf 90' lang='lat' dir='ltr'><strong>et</strong></span> <span class='ocrx_word' id='word_1_344' title='bbox 3029 2044 3364 2099; x_wconf 80' lang='lat' dir='ltr'><strong>sensibilium</strong></span> <span class='ocrx_word' id='word_1_345' title='bbox 3412 2055 3657 2100; x_wconf 83' lang='lat' dir='ltr'><strong>contem-</strong></span> 
     </span>
    </p>
   </div>
   <div class='ocr_carea' id='block_1_52' title="bbox 2087 2129 3654 2204">
    <p class='ocr_par' dir='ltr' id='par_1_52' title="bbox 2087 2129 3654 2204">
     <span class='ocr_line' id='line_1_52' title="bbox 2087 2129 3654 2204; baseline 0.007 -21"><span class='ocrx_word' id='word_1_346' title='bbox 2087 2129 2323 2198; x_wconf 88' lang='lat' dir='ltr'><strong>platione</strong></span> <span class='ocrx_word' id='word_1_347' title='bbox 2363 2132 2616 2199; x_wconf 66' lang='lat' dir='ltr'><strong>nutritae;</strong></span> <span class='ocrx_word' id='word_1_348' title='bbox 2655 2134 2801 2188; x_wconf 90' lang='lat' dir='ltr'><strong>nulla</strong></span> <span class='ocrx_word' id='word_1_349' title='bbox 2851 2149 3071 2204; x_wconf 86' lang='lat' dir='ltr'><strong>prorsus</strong></span> <span class='ocrx_word' id='word_1_350' title='bbox 3105 2136 3306 2192; x_wconf 87' lang='lat' dir='ltr'><strong>sterilis</strong></span> <span class='ocrx_word' id='word_1_351' title='bbox 3346 2137 3448 2192; x_wconf 88' lang='lat' dir='ltr'><strong>hoc</strong></span> <span class='ocrx_word' id='word_1_352' title='bbox 3503 2138 3654 2195; x_wconf 83' lang='lat' dir='ltr'><strong>verbi</strong></span> 
     </span>
    </p>
   </div>
   <div class='ocr_carea' id='block_1_53' title="bbox 2082 2219 2306 2275">
    <p class='ocr_par' dir='ltr' id='par_1_53' title="bbox 2082 2219 2306 2275">
     <span class='ocr_line' id='line_1_53' title="bbox 2082 2219 2306 2275; baseline 0.004 -2"><span class='ocrx_word' id='word_1_353' title='bbox 2082 2219 2306 2275; x_wconf 82' lang='lat' dir='ltr'><strong>ferculo.</strong></span> 
     </span>
    </p>
   </div>
   <div class='ocr_carea' id='block_1_54' title="bbox 2085 2311 3655 2390">
    <p class='ocr_par' dir='ltr' id='par_1_54' title="bbox 2085 2311 3655 2390">
     <span class='ocr_line' id='line_1_54' title="bbox 2085 2311 3655 2390; baseline 0.007 -26"><span class='ocrx_word' id='word_1_354' title='bbox 2085 2311 2401 2390; x_wconf 74' lang='lat' dir='ltr'><strong>Vens_._7,8.</strong></span> <span class='ocrx_word' id='word_1_355' title='bbox 2427 2315 2715 2390; x_wconf 69' lang='lat' dir='ltr'><strong>Sexaginta</strong></span> <span class='ocrx_word' id='word_1_356' title='bbox 2737 2327 2858 2390; x_wconf 85' lang='lat' dir='ltr'><strong>sunt</strong></span> <span class='ocrx_word' id='word_1_357' title='bbox 2883 2319 3106 2388; x_wconf 64' lang='lat' dir='ltr'><strong>reginae,</strong></span> <span class='ocrx_word' id='word_1_358' title='bbox 3145 2329 3194 2372; x_wconf 89' lang='lat' dir='ltr'><strong>et</strong></span> <span class='ocrx_word' id='word_1_359' title='bbox 3227 2321 3486 2390; x_wconf 86' lang='lat' dir='ltr'><strong>octoginta</strong></span> <span class='ocrx_word' id='word_1_360' title='bbox 3530 2338 3655 2375; x_wconf 85' lang='lat' dir='ltr'><strong>con-</strong></span> 
     </span>
    </p>
   </div>
   <div class='ocr_carea' id='block_1_55' title="bbox 2154 2384 3654 2445">
    <p class='ocr_par' dir='ltr' id='par_1_55' title="bbox 2154 2384 3654 2445">
     <span class='ocr_line' id='line_1_55' title="bbox 2154 2384 3654 2445; baseline 0.008 -12"><span class='ocrx_word' id='word_1_361' title='bbox 2154 2384 2375 2445; x_wconf 66' lang='lat' dir='ltr'><strong>cubinae,</strong></span> <span class='ocrx_word' id='word_1_362' title='bbox 2402 2395 2451 2438; x_wconf 88' lang='lat' dir='ltr'><strong>et</strong></span> <span class='ocrx_word' id='word_1_363' title='bbox 2474 2384 2982 2442; x_wconf 81' lang='lat' dir='ltr'><strong>adolescentularum</strong></span> <span class='ocrx_word' id='word_1_364' title='bbox 3012 2405 3114 2443; x_wconf 89' lang='lat' dir='ltr'><strong>non</strong></span> <span class='ocrx_word' id='word_1_365' title='bbox 3131 2398 3206 2444; x_wconf 89' lang='lat' dir='ltr'><strong>est</strong></span> <span class='ocrx_word' id='word_1_366' title='bbox 3235 2384 3499 2445; x_wconf 66' lang='lat' dir='ltr'><strong>numerus.</strong></span> <span class='ocrx_word' id='word_1_367' title='bbox 3537 2389 3654 2445; x_wconf 86' lang='lat' dir='ltr'><strong>Una</strong></span> 
     </span>
    </p>
   </div>
   <div class='ocr_carea' id='block_1_56' title="bbox 2151 2453 2650 2509">
    <p class='ocr_par' dir='ltr' id='par_1_56' title="bbox 2151 2453 2650 2509">
     <span class='ocr_line' id='line_1_56' title="bbox 2151 2453 2650 2509; baseline 0.01 -5"><span class='ocrx_word' id='word_1_368' title='bbox 2151 2463 2223 2505; x_wconf 86' lang='lat' dir='ltr'><strong>est</strong></span> <span class='ocrx_word' id='word_1_369' title='bbox 2251 2453 2488 2508; x_wconf 86' lang='lat' dir='ltr'><strong>columba</strong></span> <span class='ocrx_word' id='word_1_370' title='bbox 2516 2473 2650 2509; x_wconf 87' lang='lat' dir='ltr'><strong>mea.</strong></span> 
     </span>
    </p>
   </div>
   <div class='ocr_carea' id='block_1_57' title="bbox 2153 2544 3654 2622">
    <p class='ocr_par' dir='ltr' id='par_1_57' title="bbox 2153 2544 3654 2622">
     <span class='ocr_line' id='line_1_57' title="bbox 2153 2544 3654 2622; baseline 0.007 -26"><span class='ocrx_word' id='word_1_371' title='bbox 2153 2544 2676 2601; x_wconf 83' lang='lat' dir='ltr'><strong>Adolescentularum</strong></span> <span class='ocrx_word' id='word_1_372' title='bbox 2726 2565 2832 2603; x_wconf 88' lang='lat' dir='ltr'><strong>non</strong></span> <span class='ocrx_word' id='word_1_373' title='bbox 2883 2559 2957 2604; x_wconf 71' lang='lat' dir='ltr'><strong>est</strong></span> <span class='ocrx_word' id='word_1_374' title='bbox 3004 2567 3294 2618; x_wconf 86' lang='lat' dir='ltr'><strong>numerus;</strong></span> <span class='ocrx_word' id='word_1_375' title='bbox 3351 2553 3654 2622; x_wconf 80' lang='lat' dir='ltr'><strong>non.quod</strong></span> 
     </span>
    </p>
   </div>
   <div class='ocr_carea' id='block_1_58' title="bbox 2082 2638 3656 2715">
    <p class='ocr_par' dir='ltr' id='par_1_58' title="bbox 2082 2638 3656 2715">
     <span class='ocr_line' id='line_1_58' title="bbox 2082 2638 3656 2715; baseline 0.007 -26"><span class='ocrx_word' id='word_1_376' title='bbox 2082 2651 2310 2690; x_wconf 88' lang='lat' dir='ltr'><strong>numero</strong></span> <span class='ocrx_word' id='word_1_377' title='bbox 2358 2638 2645 2695; x_wconf 80' lang='lat' dir='ltr'><strong>inferiores</strong></span> <span class='ocrx_word' id='word_1_378' title='bbox 2686 2641 2821 2708; x_wconf 90' lang='lat' dir='ltr'><strong>sint,</strong></span> <span class='ocrx_word' id='word_1_379' title='bbox 2859 2644 2955 2697; x_wconf 87' lang='lat' dir='ltr'><strong>sed</strong></span> <span class='ocrx_word' id='word_1_380' title='bbox 3003 2644 3142 2713; x_wconf 89' lang='lat' dir='ltr'><strong>quod</strong></span> <span class='ocrx_word' id='word_1_381' title='bbox 3171 2645 3347 2714; x_wconf 64' lang='lat' dir='ltr'><strong>dignae</strong></span> <span class='ocrx_word' id='word_1_382' title='bbox 3394 2645 3503 2700; x_wconf 84' lang='lat' dir='ltr'><strong>sint</strong></span> <span class='ocrx_word' id='word_1_383' title='bbox 3536 2661 3656 2715; x_wconf 87' lang='lat' dir='ltr'><strong>quae</strong></span> 
     </span>
    </p>
   </div>
   <div class='ocr_carea' id='block_1_59' title="bbox 2082 2733 3656 2805">
    <p class='ocr_par' dir='ltr' id='par_1_59' title="bbox 2082 2733 3656 2805">
     <span class='ocr_line' id='line_1_59' title="bbox 2082 2733 3656 2805; baseline 0.006 -22"><span class='ocrx_word' id='word_1_384' title='bbox 2082 2743 2463 2790; x_wconf 86' lang='lat' dir='ltr'><strong>numerentur.</strong></span> <span class='ocrx_word' id='word_1_385' title='bbox 2493 2733 2669 2801; x_wconf 89' lang='lat' dir='ltr'><strong>Atque</strong></span> <span class='ocrx_word' id='word_1_386' title='bbox 2698 2735 2888 2790; x_wconf 87' lang='lat' dir='ltr'><strong>eodem</strong></span> <span class='ocrx_word' id='word_1_387' title='bbox 2919 2750 3078 2790; x_wconf 83' lang='lat' dir='ltr'><strong>sensu</strong></span> <span class='ocrx_word' id='word_1_388' title='bbox 3111 2737 3361 2805; x_wconf 90' lang='lat' dir='ltr'><strong>habetur,</strong></span> <span class='ocrx_word' id='word_1_389' title='bbox 3380 2752 3444 2792; x_wconf 88' lang='lat' dir='ltr'><strong>ac</strong></span> <span class='ocrx_word' id='word_1_390' title='bbox 3465 2739 3656 2793; x_wconf 88' lang='lat' dir='ltr'><strong>discri-</strong></span> 
     </span>
    </p>
   </div>
   <div class='ocr_carea' id='block_1_60' title="bbox 2083 2822 3652 2899">
    <p class='ocr_par' dir='ltr' id='par_1_60' title="bbox 2083 2822 3652 2899">
     <span class='ocr_line' id='line_1_60' title="bbox 2083 2822 3652 2899; baseline 0.008 -26"><span class='ocrx_word' id='word_1_391' title='bbox 2083 2837 2205 2876; x_wconf 91' lang='lat' dir='ltr'><strong>men</strong></span> <span class='ocrx_word' id='word_1_392' title='bbox 2243 2822 2371 2876; x_wconf 90' lang='lat' dir='ltr'><strong>illud</strong></span> <span class='ocrx_word' id='word_1_393' title='bbox 2397 2824 2540 2881; x_wconf 89' lang='lat' dir='ltr'><strong>inter</strong></span> <span class='ocrx_word' id='word_1_394' title='bbox 2569 2825 3008 2881; x_wconf 89' lang='lat' dir='ltr'><strong>adolescentulas</strong></span> <span class='ocrx_word' id='word_1_395' title='bbox 3038 2840 3069 2880; x_wconf 87' lang='lat' dir='ltr'><strong>a</strong></span> <span class='ocrx_word' id='word_1_396' title='bbox 3105 2827 3326 2884; x_wconf 85' lang='lat' dir='ltr'><strong>Christo</strong></span> <span class='ocrx_word' id='word_1_397' title='bbox 3348 2844 3652 2899; x_wconf 88' lang='lat' dir='ltr'><strong>possessas,</strong></span> 
     </span>
    </p>
   </div>
   <div class='ocr_carea' id='block_1_61' title="bbox 2082 2915 3654 2990">
    <p class='ocr_par' dir='ltr' id='par_1_61' title="bbox 2082 2915 3654 2990">
     <span class='ocr_line' id='line_1_61' title="bbox 2082 2915 3654 2990; baseline 0.006 -22"><span class='ocrx_word' id='word_1_398' title='bbox 2082 2916 2224 2983; x_wconf 91' lang='lat' dir='ltr'><strong>quod</strong></span> <span class='ocrx_word' id='word_1_399' title='bbox 2247 2915 2538 2985; x_wconf 82' lang='lat' dir='ltr'><strong>Apostolus</strong></span> <span class='ocrx_word' id='word_1_400' title='bbox 2569 2918 2634 2973; x_wconf 87' lang='lat' dir='ltr'><strong>de</strong></span> <span class='ocrx_word' id='word_1_401' title='bbox 2666 2928 3003 2975; x_wconf 90' lang='lat' dir='ltr'><strong>mortuorum</strong></span> <span class='ocrx_word' id='word_1_402' title='bbox 3041 2923 3445 2978; x_wconf 84' lang='lat' dir='ltr'><strong>resurrectione</strong></span> <span class='ocrx_word' id='word_1_403' title='bbox 3488 2922 3654 2990; x_wconf 89' lang='lat' dir='ltr'><strong>dicit,</strong></span> 
     </span>
    </p>
   </div>
   <div class='ocr_carea' id='block_1_62' title="bbox 2084 3005 3658 3086">
    <p class='ocr_par' dir='ltr' id='par_1_62' title="bbox 2084 3005 3658 3086">
     <span class='ocr_line' id='line_1_62' title="bbox 2084 3005 3658 3086; baseline 0.008 -26"><span class='ocrx_word' id='word_1_404' title='bbox 2084 3005 2329 3062; x_wconf 87' lang='lat' dir='ltr'><strong>diversos</strong></span> <span class='ocrx_word' id='word_1_405' title='bbox 2383 3007 2604 3064; x_wconf 87' lang='lat' dir='ltr'><strong>ordines</strong></span> <span class='ocrx_word' id='word_1_406' title='bbox 2659 3011 2944 3082; x_wconf 78' lang='lat' dir='ltr'><strong>assignans</strong></span> <span class='ocrx_word' id='word_1_407' title='bbox 2983 3022 3313 3083; x_wconf 88' lang='lat' dir='ltr'><strong>:postquam</strong></span> <span class='ocrx_word' id='word_1_408' title='bbox 3358 3015 3503 3070; x_wconf 91' lang='lat' dir='ltr'><strong>enim</strong></span> <span class='ocrx_word' id='word_1_409' title='bbox 3561 3032 3658 3086; x_wconf 76' lang='lat' dir='ltr'><strong>per</strong></span> 
     </span>
    </p>
   </div>
   <div class='ocr_carea' id='block_1_63' title="bbox 2081 3098 3658 3173">
    <p class='ocr_par' dir='ltr' id='par_1_63' title="bbox 2081 3098 3658 3173">
     <span class='ocr_line' id='line_1_63' title="bbox 2081 3098 3658 3173; baseline 0.007 -23"><span class='ocrx_word' id='word_1_410' title='bbox 2081 3098 2343 3152; x_wconf 83' lang='lat' dir='ltr'><strong>hominem</strong></span> <span class='ocrx_word' id='word_1_411' title='bbox 2399 3117 2579 3167; x_wconf 88' lang='lat' dir='ltr'><strong>mors,</strong></span> <span class='ocrx_word' id='word_1_412' title='bbox 2630 3102 2703 3156; x_wconf 89' lang='lat' dir='ltr'><strong>ita</strong></span> <span class='ocrx_word' id='word_1_413' title='bbox 2765 3113 2814 3157; x_wconf 82' lang='lat' dir='ltr'><strong>et</strong></span> <span class='ocrx_word' id='word_1_414' title='bbox 2865 3120 2957 3173; x_wconf 83' lang='lat' dir='ltr'><strong>per</strong></span> <span class='ocrx_word' id='word_1_415' title='bbox 3005 3105 3266 3160; x_wconf 76' lang='lat' dir='ltr'><strong>hominem</strong></span> <span class='ocrx_word' id='word_1_416' title='bbox 3326 3117 3658 3161; x_wconf 87' lang='lat' dir='ltr'><strong>mortuorum</strong></span> 
     </span>
    </p>
   </div>
   <div class='ocr_carea' id='block_1_64' title="bbox 395 3170 1977 3269">
    <p class='ocr_par' dir='ltr' id='par_1_64' title="bbox 395 3170 1977 3269">
     <span class='ocr_line' id='line_1_64' title="bbox 395 3170 1977 3269; baseline -0.002 -17"><span class='ocrx_word' id='word_1_417' title='bbox 395 3170 615 3264; x_wconf 60' lang='grc' dir='ltr'>στάσις</span> <span class='ocrx_word' id='word_1_418' title='bbox 664 3170 910 3267; x_wconf 58' lang='grc' dir='ltr'>νεκρῶν·</span> <span class='ocrx_word' id='word_1_419' title='bbox 965 3197 1168 3267; x_wconf 77' lang='grc' dir='ltr'>ὥσπερ</span> <span class='ocrx_word' id='word_1_420' title='bbox 1188 3170 1310 3269; x_wconf 38' lang='grc' dir='ltr'><strong>-τὰρ</strong></span> <span class='ocrx_word' id='word_1_421' title='bbox 1324 3199 1394 3251; x_wconf 80' lang='grc' dir='ltr'><strong>ἐν</strong></span> <span class='ocrx_word' id='word_1_422' title='bbox 1417 3197 1498 3263; x_wconf 85' lang='grc' dir='ltr'>τῷ</span> <span class='ocrx_word' id='word_1_423' title='bbox 1541 3170 1711 3266; x_wconf 75' lang='grc' dir='ltr'>Ἀδὰμ</span> <span class='ocrx_word' id='word_1_424' title='bbox 1758 3195 1977 3262; x_wconf 76' lang='grc' dir='ltr'>πάντες</span> 
     </span>
    </p>
   </div>
   <div class='ocr_carea' id='block_1_65' title="bbox 2082 3170 3668 3269">
    <p class='ocr_par' dir='ltr' id='par_1_65' title="bbox 2087 3187 3668 3254">
     <span class='ocr_line' id='line_1_65' title="bbox 2087 3187 3668 3254; baseline 0.006 -15"><span class='ocrx_word' id='word_1_425' title='bbox 2087 3189 2422 3242; x_wconf 82' lang='lat' dir='ltr'><strong>resurrectio.</strong></span> <span class='ocrx_word' id='word_1_426' title='bbox 2471 3187 2927 3254; x_wconf 81' lang='lat' dir='ltr'><strong>Quemadmodum</strong></span> <span class='ocrx_word' id='word_1_427' title='bbox 2956 3194 3093 3246; x_wconf 86' lang='lat' dir='ltr'><strong>enim</strong></span> <span class='ocrx_word' id='word_1_428' title='bbox 3131 3194 3186 3246; x_wconf 88' lang='lat' dir='ltr'><strong>in</strong></span> <span class='ocrx_word' id='word_1_429' title='bbox 3230 3194 3435 3246; x_wconf 80' lang='lat' dir='ltr'><strong>Adamo</strong></span> <span class='ocrx_word' id='word_1_430' title='bbox 3480 3210 3668 3249; x_wconf 87' lang='lat' dir='ltr'><strong>omnes.</strong></span> 
     </span>
    </p>
   </div>
   <div class='ocr_carea' id='block_1_66' title="bbox 394 3289 1976 3360">
    <p class='ocr_par' dir='ltr' id='par_1_66' title="bbox 394 3289 1976 3360">
     <span class='ocr_line' id='line_1_66' title="bbox 394 3289 1976 3360; baseline -0.002 -14"><span class='ocrx_word' id='word_1_431' title='bbox 394 3290 914 3359; x_wconf 72' lang='grc' dir='ltr'>ἀποθνήσκουσιν,</span> <span class='ocrx_word' id='word_1_432' title='bbox 949 3291 1102 3345; x_wconf 81' lang='grc' dir='ltr'>οὕτω</span> <span class='ocrx_word' id='word_1_433' title='bbox 1148 3292 1244 3345; x_wconf 78' lang='grc' dir='ltr'>καὶ</span> <span class='ocrx_word' id='word_1_434' title='bbox 1273 3291 1343 3346; x_wconf 74' lang='grc' dir='ltr'><strong>ἐν</strong></span> <span class='ocrx_word' id='word_1_435' title='bbox 1383 3289 1463 3357; x_wconf 83' lang='grc' dir='ltr'>τῷ</span> <span class='ocrx_word' id='word_1_436' title='bbox 1493 3290 1724 3360; x_wconf 82' lang='grc' dir='ltr'>Χριστῷ</span> <span class='ocrx_word' id='word_1_437' title='bbox 1755 3289 1976 3357; x_wconf 77' lang='grc' dir='ltr'>πάντες</span> 
     </span>
    </p>
   </div>
   <div class='ocr_carea' id='block_1_67' title="bbox 395 3381 1971 3452">
    <p class='ocr_par' dir='ltr' id='par_1_67' title="bbox 395 3381 1971 3452">
     <span class='ocr_line' id='line_1_67' title="bbox 395 3381 1971 3452; baseline -0.003 -14"><span class='ocrx_word' id='word_1_438' title='bbox 395 3381 951 3451; x_wconf 76' lang='grc' dir='ltr'>ζωοποιηθήσονται·</span> <span class='ocrx_word' id='word_1_439' title='bbox 1003 3383 1263 3449; x_wconf 68' lang='grc' dir='ltr'>ἕκαστος</span> <span class='ocrx_word' id='word_1_440' title='bbox 1304 3382 1374 3435; x_wconf 78' lang='grc' dir='ltr'><strong>ἐν</strong></span> <span class='ocrx_word' id='word_1_441' title='bbox 1423 3381 1504 3448; x_wconf 83' lang='grc' dir='ltr'>τῷ</span> <span class='ocrx_word' id='word_1_442' title='bbox 1553 3383 1678 3450; x_wconf 78' lang='grc' dir='ltr'>ἰδίῳ</span> <span class='ocrx_word' id='word_1_443' title='bbox 1708 3383 1971 3452; x_wconf 63' lang='grc' dir='ltr'>τάγματι·</span> 
     </span>
    </p>
   </div>
   <div class='ocr_carea' id='block_1_68' title="bbox 393 3471 1974 3546">
    <p class='ocr_par' dir='ltr' id='par_1_68' title="bbox 393 3471 1974 3546">
     <span class='ocr_line' id='line_1_68' title="bbox 393 3471 1974 3546; baseline 0.002 -22"><span class='ocrx_word' id='word_1_444' title='bbox 393 3472 424 3525; x_wconf 99' lang='lat'><strong>6</strong></span> <span class='ocrx_word' id='word_1_445' title='bbox 453 3471 562 3542; x_wconf 87' lang='grc' dir='ltr'><strong>γὰρ</strong></span> <span class='ocrx_word' id='word_1_446' title='bbox 609 3473 839 3528; x_wconf 80' lang='grc' dir='ltr'>ἑκάστου</span> <span class='ocrx_word' id='word_1_447' title='bbox 890 3473 1002 3538; x_wconf 86' lang='grc' dir='ltr'>βίος</span> <span class='ocrx_word' id='word_1_448' title='bbox 1047 3476 1142 3527; x_wconf 74' lang='grc' dir='ltr'>καὶ</span> <span class='ocrx_word' id='word_1_449' title='bbox 1174 3474 1329 3543; x_wconf 83' lang='grc' dir='ltr'>λόγος</span> <span class='ocrx_word' id='word_1_450' title='bbox 1363 3475 1457 3527; x_wconf 61' lang='grc' dir='ltr'><strong>καλ⁸</strong></span> <span class='ocrx_word' id='word_1_451' title='bbox 1500 3473 1737 3537; x_wconf 84' lang='grc' dir='ltr'>διάθεσις</span> <span class='ocrx_word' id='word_1_452' title='bbox 1762 3475 1974 3546; x_wconf 84' lang='grc' dir='ltr'>ποιήσει</span> 
     </span>
    </p>
   </div>
   <div class='ocr_carea' id='block_1_69' title="bbox 396 3564 1376 3636">
    <p class='ocr_par' dir='ltr' id='par_1_69' title="bbox 396 3564 1376 3636">
     <span class='ocr_line' id='line_1_69' title="bbox 396 3564 1376 3636; baseline 0.004 -20"><span class='ocrx_word' id='word_1_453' title='bbox 396 3564 760 3636; x_wconf 85' lang='grc' dir='ltr'>προκριθῆναι</span> <span class='ocrx_word' id='word_1_454' title='bbox 795 3565 1028 3619; x_wconf 77' lang='grc' dir='ltr'>ἑκάστου</span> <span class='ocrx_word' id='word_1_455' title='bbox 1051 3568 1171 3618; x_wconf 83' lang='grc' dir='ltr'>κατ’</span> <span class='ocrx_word' id='word_1_456' title='bbox 1197 3566 1376 3632; x_wconf 84' lang='grc' dir='ltr'>ἀξίαν.</span> 
     </span>
    </p>
   </div>
   <div class='ocr_carea' id='block_1_70' title="bbox 468 3648 1971 3723">
    <p class='ocr_par' dir='ltr' id='par_1_70' title="bbox 468 3648 1971 3723">
     <span class='ocr_line' id='line_1_70' title="bbox 468 3648 1971 3723; baseline -0.001 -19"><span class='ocrx_word' id='word_1_457' title='bbox 468 3651 560 3722; x_wconf 87' lang='grc' dir='ltr'><strong>Μὴ</strong></span> <span class='ocrx_word' id='word_1_458' title='bbox 590 3651 859 3722; x_wconf 80' lang='grc' dir='ltr'>θαύμαζε,</span> <span class='ocrx_word' id='word_1_459' title='bbox 890 3655 938 3705; x_wconf 85' lang='grc' dir='ltr'>εἰ</span> <span class='ocrx_word' id='word_1_460' title='bbox 962 3655 990 3705; x_wconf 91' lang='lat'><strong>6</strong></span> <span class='ocrx_word' id='word_1_461' title='bbox 1015 3652 1247 3722; x_wconf 79' lang='grc' dir='ltr'>νυμφίος</span> <span class='ocrx_word' id='word_1_462' title='bbox 1277 3648 1346 3723; x_wconf 82' lang='grc' dir='ltr'>ἦν</span> <span class='ocrx_word' id='word_1_463' title='bbox 1370 3651 1506 3722; x_wconf 77' lang='grc' dir='ltr'>ἔχων</span> <span class='ocrx_word' id='word_1_464' title='bbox 1534 3650 1704 3722; x_wconf 79' lang='grc' dir='ltr'>καλὴν</span> <span class='ocrx_word' id='word_1_465' title='bbox 1732 3650 1971 3722; x_wconf 77' lang='grc' dir='ltr'>νύμφην,</span> 
     </span>
    </p>
   </div>
   <div class='ocr_carea' id='block_1_71' title="bbox 395 3741 1976 3815">
    <p class='ocr_par' dir='ltr' id='par_1_71' title="bbox 395 3741 1976 3815">
     <span class='ocr_line' id='line_1_71' title="bbox 395 3741 1976 3815; baseline -0.003 -17"><span class='ocrx_word' id='word_1_466' title='bbox 395 3743 493 3798; x_wconf 72' lang='grc' dir='ltr'>καὶ</span> <span class='ocrx_word' id='word_1_467' title='bbox 520 3743 662 3813; x_wconf 90' lang='grc' dir='ltr'>τάχα</span> <span class='ocrx_word' id='word_1_468' title='bbox 695 3745 952 3815; x_wconf 84' lang='grc' dir='ltr'>δευτέραν</span> <span class='ocrx_word' id='word_1_469' title='bbox 976 3744 1070 3796; x_wconf 74' lang='grc' dir='ltr'>καὶ</span> <span class='ocrx_word' id='word_1_470' title='bbox 1101 3743 1289 3815; x_wconf 88' lang='grc' dir='ltr'>τρίτην</span> <span class='ocrx_word' id='word_1_471' title='bbox 1303 3743 1396 3796; x_wconf 75' lang='grc' dir='ltr'>καὶ</span> <span class='ocrx_word' id='word_1_472' title='bbox 1428 3743 1694 3806; x_wconf 88' lang='grc' dir='ltr'>πλείονας·</span> <span class='ocrx_word' id='word_1_473' title='bbox 1729 3741 1823 3796; x_wconf 87' lang='grc' dir='ltr'><strong>ὲάν</strong></span> <span class='ocrx_word' id='word_1_474' title='bbox 1860 3742 1976 3813; x_wconf 74' lang='grc' dir='ltr'>νοήο</span> 
     </span>
    </p>
   </div>
   <div class='ocr_carea' id='block_1_72' title="bbox 398 3833 1975 3906">
    <p class='ocr_par' dir='ltr' id='par_1_72' title="bbox 398 3833 1975 3906">
     <span class='ocr_line' id='line_1_72' title="bbox 398 3833 1975 3906; baseline -0.001 -19"><span class='ocrx_word' id='word_1_475' title='bbox 398 3851 498 3906; x_wconf 86' lang='grc' dir='ltr'><strong>σῃς</strong></span> <span class='ocrx_word' id='word_1_476' title='bbox 529 3835 694 3889; x_wconf 83' lang='grc' dir='ltr'>αὐτοῦ</span> <span class='ocrx_word' id='word_1_477' title='bbox 724 3838 821 3889; x_wconf 72' lang='grc' dir='ltr'>καὶ</span> <span class='ocrx_word' id='word_1_478' title='bbox 853 3836 952 3900; x_wconf 82' lang='grc' dir='ltr'><strong>τὰς</strong></span> <span class='ocrx_word' id='word_1_479' title='bbox 986 3835 1222 3906; x_wconf 82' lang='grc' dir='ltr'>νύμφας,</span> <span class='ocrx_word' id='word_1_480' title='bbox 1259 3836 1319 3888; x_wconf 80' lang='grc' dir='ltr'><strong>οὐ</strong></span> <span class='ocrx_word' id='word_1_481' title='bbox 1354 3835 1636 3906; x_wconf 87' lang='grc' dir='ltr'>φοϐηθήσῃ</span> <span class='ocrx_word' id='word_1_482' title='bbox 1660 3833 1838 3902; x_wconf 85' lang='grc' dir='ltr'>λέγειν</span> <span class='ocrx_word' id='word_1_483' title='bbox 1868 3834 1975 3887; x_wconf 79' lang='grc' dir='ltr'>ἀπὸ</span> 
     </span>
    </p>
   </div>
   <div class='ocr_carea' id='block_1_73' title="bbox 393 3924 1974 3999">
    <p class='ocr_par' dir='ltr' id='par_1_73' title="bbox 393 3924 1974 3999">
     <span class='ocr_line' id='line_1_73' title="bbox 393 3924 1974 3999; baseline -0.003 -17"><span class='ocrx_word' id='word_1_484' title='bbox 393 3927 490 3982; x_wconf 88' lang='grc' dir='ltr'><strong>τοῦ</strong></span> <span class='ocrx_word' id='word_1_485' title='bbox 536 3928 833 3999; x_wconf 65' lang='grc' dir='ltr'>’ᾼσματος</span> <span class='ocrx_word' id='word_1_486' title='bbox 899 3927 1226 3994; x_wconf 76' lang='grc' dir='ltr'>Ἑξήκοντά</span> <span class='ocrx_word' id='word_1_487' title='bbox 1281 3929 1399 3980; x_wconf 78' lang='grc' dir='ltr'><strong>εισι</strong></span> <span class='ocrx_word' id='word_1_488' title='bbox 1448 3927 1816 3990; x_wconf 76' lang='grc' dir='ltr'>,βασίλισσαι</span> <span class='ocrx_word' id='word_1_489' title='bbox 1874 3924 1974 3979; x_wconf 79' lang='grc' dir='ltr'>καὶ</span> 
     </span>
    </p>
   </div>
   <div class='ocr_carea' id='block_1_74' title="bbox 394 4012 1975 4089">
    <p class='ocr_par' dir='ltr' id='par_1_74' title="bbox 394 4012 1975 4089">
     <span class='ocr_line' id='line_1_74' title="bbox 394 4012 1975 4089; baseline -0.003 -15"><span class='ocrx_word' id='word_1_490' title='bbox 394 4019 768 4089; x_wconf 75' lang='grc' dir='ltr'>ὀγδοήκοντα</span> <span class='ocrx_word' id='word_1_491' title='bbox 788 4020 1117 4084; x_wconf 76' lang='grc' dir='ltr'>παλλακαὶ,</span> <span class='ocrx_word' id='word_1_492' title='bbox 1147 4019 1247 4073; x_wconf 81' lang='grc' dir='ltr'>καὶ</span> <span class='ocrx_word' id='word_1_493' title='bbox 1268 4018 1538 4084; x_wconf 76' lang='grc' dir='ltr'>νεάνιδες</span> <span class='ocrx_word' id='word_1_494' title='bbox 1557 4012 1644 4072; x_wconf 78' lang='grc' dir='ltr'><strong>ὧν</strong></span> <span class='ocrx_word' id='word_1_495' title='bbox 1665 4019 1775 4072; x_wconf 82' lang='grc' dir='ltr'>οὐκ</span> <span class='ocrx_word' id='word_1_496' title='bbox 1805 4017 1975 4071; x_wconf 76' lang='grc' dir='ltr'>ἐστιν</span> 
     </span>
    </p>
   </div>
   <div class='ocr_carea' id='block_1_75' title="bbox 393 4109 1975 4182">
    <p class='ocr_par' dir='ltr' id='par_1_75' title="bbox 393 4109 1975 4182">
     <span class='ocr_line' id='line_1_75' title="bbox 393 4109 1975 4182; baseline -0.002 -16"><span class='ocrx_word' id='word_1_497' title='bbox 393 4113 663 4181; x_wconf 80' lang='grc' dir='ltr'>ἀριθμός·</span> <span class='ocrx_word' id='word_1_498' title='bbox 689 4114 797 4182; x_wconf 83' lang='grc' dir='ltr'><strong>μία</strong></span> <span class='ocrx_word' id='word_1_499' title='bbox 827 4111 895 4166; x_wconf 84' lang='grc' dir='ltr'>δέ</span> <span class='ocrx_word' id='word_1_500' title='bbox 925 4112 1058 4165; x_wconf 86' lang='grc' dir='ltr'>ἐστι</span> <span class='ocrx_word' id='word_1_501' title='bbox 1082 4109 1404 4180; x_wconf 83' lang='grc' dir='ltr'><strong>περιστερὰ</strong></span> <span class='ocrx_word' id='word_1_502' title='bbox 1416 4127 1556 4179; x_wconf 81' lang='grc' dir='ltr'>μου·</span> <span class='ocrx_word' id='word_1_503' title='bbox 1581 4109 1736 4178; x_wconf 83' lang='grc' dir='ltr'>λόγος</span> <span class='ocrx_word' id='word_1_504' title='bbox 1765 4110 1911 4162; x_wconf 77' lang='grc' dir='ltr'>ἐστὶν</span> <span class='ocrx_word' id='word_1_505' title='bbox 1945 4111 1975 4163; x_wconf 89' lang='lat'><strong>6</strong></span> 
     </span>
    </p>
   </div>
   <div class='ocr_carea' id='block_1_76' title="bbox 393 4200 1974 4276">
    <p class='ocr_par' dir='ltr' id='par_1_76' title="bbox 393 4200 1974 4276">
     <span class='ocr_line' id='line_1_76' title="bbox 393 4200 1974 4276; baseline -0.003 -18"><span class='ocrx_word' id='word_1_506' title='bbox 393 4206 646 4276; x_wconf 81' lang='grc' dir='ltr'>νυμφίος·</span> <span class='ocrx_word' id='word_1_507' title='bbox 683 4205 900 4272; x_wconf 76' lang='grc' dir='ltr'>λογικὸν</span> <span class='ocrx_word' id='word_1_508' title='bbox 929 4205 1065 4269; x_wconf 81' lang='grc' dir='ltr'>ζῶον</span> <span class='ocrx_word' id='word_1_509' title='bbox 1091 4205 1124 4275; x_wconf 83' lang='grc' dir='ltr'>ἡ</span> <span class='ocrx_word' id='word_1_510' title='bbox 1155 4203 1362 4275; x_wconf 85' lang='grc' dir='ltr'>νύμφη·</span> <span class='ocrx_word' id='word_1_511' title='bbox 1403 4202 1498 4256; x_wconf 83' lang='grc' dir='ltr'><strong>ὲάν</strong></span> <span class='ocrx_word' id='word_1_512' title='bbox 1528 4203 1696 4273; x_wconf 84' lang='grc' dir='ltr'>νοήσῃ</span> <span class='ocrx_word' id='word_1_513' title='bbox 1713 4200 1859 4272; x_wconf 77' lang='grc' dir='ltr'>ψυχὴ</span> <span class='ocrx_word' id='word_1_514' title='bbox 1881 4201 1974 4254; x_wconf 79' lang='grc' dir='ltr'>καὶ</span> 
     </span>
    </p>
   </div>
   <div class='ocr_carea' id='block_1_77' title="bbox 392 4293 1974 4370">
    <p class='ocr_par' dir='ltr' id='par_1_77' title="bbox 392 4293 1974 4370">
     <span class='ocr_line' id='line_1_77' title="bbox 392 4293 1974 4370; baseline -0.001 -22"><span class='ocrx_word' id='word_1_515' title='bbox 392 4295 534 4370; x_wconf 86' lang='grc' dir='ltr'>λάϐῃ</span> <span class='ocrx_word' id='word_1_516' title='bbox 553 4298 580 4349; x_wconf 89' lang='lat'><strong>6</strong></span> <span class='ocrx_word' id='word_1_517' title='bbox 601 4297 832 4368; x_wconf 85' lang='grc' dir='ltr'>νυμφίος</span> <span class='ocrx_word' id='word_1_518' title='bbox 873 4297 971 4368; x_wconf 82' lang='grc' dir='ltr'><strong>τὴν</strong></span> <span class='ocrx_word' id='word_1_519' title='bbox 1017 4295 1254 4368; x_wconf 83' lang='grc' dir='ltr'>νύμφην·</span> <span class='ocrx_word' id='word_1_520' title='bbox 1286 4295 1400 4348; x_wconf 84' lang='grc' dir='ltr'>ἀλλ’</span> <span class='ocrx_word' id='word_1_521' title='bbox 1430 4293 1552 4347; x_wconf 79' lang='grc' dir='ltr'>ἐπεί</span> <span class='ocrx_word' id='word_1_522' title='bbox 1583 4295 1729 4346; x_wconf 75' lang='grc' dir='ltr'>ἐστιν</span> <span class='ocrx_word' id='word_1_523' title='bbox 1759 4296 1788 4347; x_wconf 93' lang='lat'><strong>6</strong></span> <span class='ocrx_word' id='word_1_524' title='bbox 1820 4293 1974 4362; x_wconf 88' lang='grc' dir='ltr'>λόγος</span> 
     </span>
    </p>
   </div>
   <div class='ocr_carea' id='block_1_78' title="bbox 391 4382 1974 4460">
    <p class='ocr_par' dir='ltr' id='par_1_78' title="bbox 391 4382 1974 4460">
     <span class='ocr_line' id='line_1_78' title="bbox 391 4382 1974 4460; baseline -0.001 -18"><span class='ocrx_word' id='word_1_525' title='bbox 391 4382 565 4453; x_wconf 70' lang='grc' dir='ltr'>οὗτος,</span> <span class='ocrx_word' id='word_1_526' title='bbox 595 4390 657 4442; x_wconf 87' lang='grc' dir='ltr'>οὐ</span> <span class='ocrx_word' id='word_1_527' title='bbox 694 4391 793 4460; x_wconf 79' lang='grc' dir='ltr'><strong>μιᾷ</strong></span> <span class='ocrx_word' id='word_1_528' title='bbox 817 4389 962 4460; x_wconf 75' lang='grc' dir='ltr'>ψυχῇ</span> <span class='ocrx_word' id='word_1_529' title='bbox 999 4387 1290 4452; x_wconf 88' lang='grc' dir='ltr'>κοινωνῶν,</span> <span class='ocrx_word' id='word_1_530' title='bbox 1331 4386 1468 4440; x_wconf 90' lang='grc' dir='ltr'><strong>ἀλλά</strong></span> <span class='ocrx_word' id='word_1_531' title='bbox 1501 4387 1710 4441; x_wconf 87' lang='grc' dir='ltr'>πλείοσι</span> <span class='ocrx_word' id='word_1_532' title='bbox 1743 4388 1837 4441; x_wconf 77' lang='grc' dir='ltr'>καὶ</span> <span class='ocrx_word' id='word_1_533' title='bbox 1861 4387 1974 4440; x_wconf 87' lang='grc' dir='ltr'>δια-</span> 
     </span>
    </p>
   </div>
   <div class='ocr_carea' id='block_1_79' title="bbox 391 4477 1974 4552">
    <p class='ocr_par' dir='ltr' id='par_1_79' title="bbox 391 4477 1974 4552">
     <span class='ocr_line' id='line_1_79' title="bbox 391 4477 1974 4552; baseline 0 -20"><span class='ocrx_word' id='word_1_534' title='bbox 391 4479 598 4551; x_wconf 76' lang='grc' dir='ltr'>φόροις,</span> <span class='ocrx_word' id='word_1_535' title='bbox 631 4484 765 4552; x_wconf 81' lang='grc' dir='ltr'>τιμῇ</span> <span class='ocrx_word' id='word_1_536' title='bbox 809 4498 914 4533; x_wconf 91' lang='grc' dir='ltr'>τινι</span> <span class='ocrx_word' id='word_1_537' title='bbox 960 4479 1208 4551; x_wconf 85' lang='grc' dir='ltr'>βασιλικῇ</span> <span class='ocrx_word' id='word_1_538' title='bbox 1250 4481 1344 4532; x_wconf 73' lang='grc' dir='ltr'><strong>καὶ</strong></span> <span class='ocrx_word' id='word_1_539' title='bbox 1366 4478 1741 4550; x_wconf 87' lang='grc' dir='ltr'>διαφαινούσῃ,</span> <span class='ocrx_word' id='word_1_540' title='bbox 1771 4477 1974 4548; x_wconf 79' lang='grc' dir='ltr'>λεγέτω</span> 
     </span>
    </p>
   </div>
   <div class='ocr_carea' id='block_1_80' title="bbox 389 4567 1979 4642">
    <p class='ocr_par' dir='ltr' id='par_1_80' title="bbox 389 4567 1979 4642">
     <span class='ocr_line' id='line_1_80' title="bbox 389 4567 1979 4642; baseline -0.002 -19"><span class='ocrx_word' id='word_1_541' title='bbox 389 4570 571 4624; x_wconf 89' lang='grc' dir='ltr'>τελεία</span> <span class='ocrx_word' id='word_1_542' title='bbox 594 4573 911 4642; x_wconf 85' lang='grc' dir='ltr'>περιστερά·</span> <span class='ocrx_word' id='word_1_543' title='bbox 945 4574 1065 4634; x_wconf 87' lang='grc' dir='ltr'>ταῖς</span> <span class='ocrx_word' id='word_1_544' title='bbox 1086 4571 1142 4624; x_wconf 76' lang='grc' dir='ltr'>δὲ</span> <span class='ocrx_word' id='word_1_545' title='bbox 1171 4569 1476 4641; x_wconf 84' lang='grc' dir='ltr'>βασιλικαῖς</span> <span class='ocrx_word' id='word_1_546' title='bbox 1501 4568 1638 4639; x_wconf 64' lang='grc' dir='ltr'>μὲν,</span> <span class='ocrx_word' id='word_1_547' title='bbox 1665 4567 1979 4621; x_wconf 79' lang='grc' dir='ltr'>ὑποδεεστέ-</span> 
     </span>
    </p>
   </div>
   <div class='ocr_carea' id='block_1_81' title="bbox 396 4659 1976 4735">
    <p class='ocr_par' dir='ltr' id='par_1_81' title="bbox 396 4659 1976 4735">
     <span class='ocr_line' id='line_1_81' title="bbox 396 4659 1976 4735; baseline -0.002 -20"><span class='ocrx_word' id='word_1_548' title='bbox 396 4679 515 4735; x_wconf 85' lang='grc' dir='ltr'>ραις</span> <span class='ocrx_word' id='word_1_549' title='bbox 559 4663 637 4726; x_wconf 86' lang='grc' dir='ltr'>δὲ,</span> <span class='ocrx_word' id='word_1_550' title='bbox 674 4662 764 4715; x_wconf 88' lang='grc' dir='ltr'><strong>διά</strong></span> <span class='ocrx_word' id='word_1_551' title='bbox 791 4662 948 4716; x_wconf 90' lang='grc' dir='ltr'>τοῦτο</span> <span class='ocrx_word' id='word_1_552' title='bbox 997 4664 1260 4734; x_wconf 79' lang='grc' dir='ltr'>ἐξήκοντα</span> <span class='ocrx_word' id='word_1_553' title='bbox 1298 4661 1628 4730; x_wconf 86' lang='grc' dir='ltr'>βασίλισσαι·</span> <span class='ocrx_word' id='word_1_554' title='bbox 1673 4661 1892 4732; x_wconf 77' lang='grc' dir='ltr'>ἑτέραις</span> <span class='ocrx_word' id='word_1_555' title='bbox 1919 4659 1976 4713; x_wconf 86' lang='grc' dir='ltr'>δὲ</span> 
     </span>
    </p>
   </div>
   <div class='ocr_carea' id='block_1_82' title="bbox 387 4746 1977 4825">
    <p class='ocr_par' dir='ltr' id='par_1_82' title="bbox 387 4746 1977 4825">
     <span class='ocr_line' id='line_1_82' title="bbox 387 4746 1977 4825; baseline -0.003 -19"><span class='ocrx_word' id='word_1_556' title='bbox 387 4753 588 4825; x_wconf 79' lang='grc' dir='ltr'>ψυχαῖς</span> <span class='ocrx_word' id='word_1_557' title='bbox 621 4757 866 4808; x_wconf 84' lang='grc' dir='ltr'>κοινωνεῖ</span> <span class='ocrx_word' id='word_1_558' title='bbox 886 4753 1432 4824; x_wconf 82' lang='grc' dir='ltr'>παιδαγωγουμέναις</span> <span class='ocrx_word' id='word_1_559' title='bbox 1455 4753 1606 4823; x_wconf 85' lang='grc' dir='ltr'>φόϐῳ</span> <span class='ocrx_word' id='word_1_560' title='bbox 1629 4751 1787 4805; x_wconf 79' lang='grc' dir='ltr'>Θεοῦ·</span> <span class='ocrx_word' id='word_1_561' title='bbox 1819 4746 1977 4805; x_wconf 77' lang='grc' dir='ltr'>αὗταί</span> 
     </span>
    </p>
   </div>
   <div class='ocr_carea' id='block_1_83' title="bbox 389 4845 1975 4914">
    <p class='ocr_par' dir='ltr' id='par_1_83' title="bbox 389 4845 1975 4914">
     <span class='ocr_line' id='line_1_83' title="bbox 389 4845 1975 4914; baseline -0.003 -14"><span class='ocrx_word' id='word_1_562' title='bbox 389 4849 528 4900; x_wconf 86' lang='grc' dir='ltr'>εἰσιν</span> <span class='ocrx_word' id='word_1_563' title='bbox 553 4849 608 4900; x_wconf 85' lang='grc' dir='ltr'><strong>αί</strong></span> <span class='ocrx_word' id='word_1_564' title='bbox 637 4847 983 4911; x_wconf 86' lang='grc' dir='ltr'>παλλακίδες·</span> <span class='ocrx_word' id='word_1_565' title='bbox 1018 4848 1124 4900; x_wconf 86' lang='grc' dir='ltr'>είσί</span> <span class='ocrx_word' id='word_1_566' title='bbox 1152 4863 1296 4910; x_wconf 89' lang='grc' dir='ltr'>τινες</span> <span class='ocrx_word' id='word_1_567' title='bbox 1326 4845 1422 4898; x_wconf 71' lang='grc' dir='ltr'>καὶ</span> <span class='ocrx_word' id='word_1_568' title='bbox 1452 4845 1609 4899; x_wconf 83' lang='grc' dir='ltr'>ἄλλαι</span> <span class='ocrx_word' id='word_1_569' title='bbox 1638 4845 1808 4914; x_wconf 72' lang='grc' dir='ltr'>ψυχαὶ</span> <span class='ocrx_word' id='word_1_570' title='bbox 1844 4845 1975 4897; x_wconf 83' lang='grc' dir='ltr'><strong>ὑπο-</strong></span> 
     </span>
    </p>
   </div>
   <div class='ocr_carea' id='block_1_84' title="bbox 385 4932 1974 5010">
    <p class='ocr_par' dir='ltr' id='par_1_84' title="bbox 385 4932 1974 5010">
     <span class='ocr_line' id='line_1_84' title="bbox 385 4932 1974 5010; baseline -0.002 -18"><span class='ocrx_word' id='word_1_571' title='bbox 385 4937 685 5010; x_wconf 81' lang='grc' dir='ltr'>δεέστεραι,</span> <span class='ocrx_word' id='word_1_572' title='bbox 731 4939 990 4992; x_wconf 75' lang='grc' dir='ltr'>ἐλάττονα</span> <span class='ocrx_word' id='word_1_573' title='bbox 1042 4939 1205 5008; x_wconf 83' lang='grc' dir='ltr'>φόϐον</span> <span class='ocrx_word' id='word_1_574' title='bbox 1261 4938 1494 5008; x_wconf 77' lang='grc' dir='ltr'>ἔχουσαι·</span> <span class='ocrx_word' id='word_1_575' title='bbox 1545 4932 1704 4992; x_wconf 75' lang='grc' dir='ltr'>αὗταί</span> <span class='ocrx_word' id='word_1_576' title='bbox 1748 4939 1883 4992; x_wconf 83' lang='grc' dir='ltr'>εἰσιν</span> <span class='ocrx_word' id='word_1_577' title='bbox 1916 4939 1974 4989; x_wconf 78' lang='grc' dir='ltr'>αἱ</span> 
     </span>
    </p>
   </div>
   <div class='ocr_carea' id='block_1_85' title="bbox 383 5026 1972 5105">
    <p class='ocr_par' dir='ltr' id='par_1_85' title="bbox 383 5026 1972 5105">
     <span class='ocr_line' id='line_1_85' title="bbox 383 5026 1972 5105; baseline -0.001 -21"><span class='ocrx_word' id='word_1_578' title='bbox 383 5031 625 5094; x_wconf 86' lang='grc' dir='ltr'>νεάνιδες</span> <span class='ocrx_word' id='word_1_579' title='bbox 650 5026 725 5085; x_wconf 81' lang='grc' dir='ltr'>ὧν</span> <span class='ocrx_word' id='word_1_580' title='bbox 757 5033 858 5085; x_wconf 80' lang='grc' dir='ltr'>οὐκ</span> <span class='ocrx_word' id='word_1_581' title='bbox 891 5033 1038 5086; x_wconf 75' lang='grc' dir='ltr'>ἔστιν</span> <span class='ocrx_word' id='word_1_582' title='bbox 1064 5032 1315 5105; x_wconf 86' lang='grc' dir='ltr'>ἀριθμός·</span> <span class='ocrx_word' id='word_1_583' title='bbox 1345 5034 1374 5084; x_wconf 92' lang='lat'><strong>6</strong></span> <span class='ocrx_word' id='word_1_584' title='bbox 1406 5030 1640 5102; x_wconf 88' lang='grc' dir='ltr'>νυμφίος</span> <span class='ocrx_word' id='word_1_585' title='bbox 1664 5031 1844 5084; x_wconf 90' lang='grc' dir='ltr'>τοίνυν</span> <span class='ocrx_word' id='word_1_586' title='bbox 1877 5031 1972 5084; x_wconf 62' lang='grc' dir='ltr'><strong>καὶ⁴</strong></span> 
     </span>
    </p>
   </div>
   <div class='ocr_carea' id='block_1_86' title="bbox 385 5117 1973 5194">
    <p class='ocr_par' dir='ltr' id='par_1_86' title="bbox 385 5117 1973 5194">
     <span class='ocr_line' id='line_1_86' title="bbox 385 5117 1973 5194; baseline 0 -20"><span class='ocrx_word' id='word_1_587' title='bbox 385 5123 570 5177; x_wconf 84' lang='grc' dir='ltr'>ἐνθάδε</span> <span class='ocrx_word' id='word_1_588' title='bbox 608 5123 777 5188; x_wconf 85' lang='grc' dir='ltr'>καλὰς</span> <span class='ocrx_word' id='word_1_589' title='bbox 810 5124 907 5176; x_wconf 77' lang='grc' dir='ltr'>καὶ</span> <span class='ocrx_word' id='word_1_590' title='bbox 938 5124 1243 5194; x_wconf 82' lang='grc' dir='ltr'>δυναμένας</span> <span class='ocrx_word' id='word_1_591' title='bbox 1281 5122 1430 5193; x_wconf 87' lang='grc' dir='ltr'><strong>αὐτῷ</strong></span> <span class='ocrx_word' id='word_1_592' title='bbox 1462 5117 1602 5175; x_wconf 82' lang='grc' dir='ltr'>εἶναι</span> <span class='ocrx_word' id='word_1_593' title='bbox 1650 5123 1744 5174; x_wconf 79' lang='grc' dir='ltr'>καὶ</span> <span class='ocrx_word' id='word_1_594' title='bbox 1783 5139 1973 5175; x_wconf 86' lang='grc' dir='ltr'>κοινω-</span> 
     </span>
    </p>
   </div>
   <div class='ocr_carea' id='block_1_87' title="bbox 383 5214 1970 5285">
    <p class='ocr_par' dir='ltr' id='par_1_87' title="bbox 383 5214 1970 5285">
     <span class='ocr_line' id='line_1_87' title="bbox 383 5214 1970 5285; baseline -0.001 -17"><span class='ocrx_word' id='word_1_595' title='bbox 383 5216 528 5278; x_wconf 84' lang='grc' dir='ltr'>νοὺς,</span> <span class='ocrx_word' id='word_1_596' title='bbox 583 5215 807 5284; x_wconf 76' lang='grc' dir='ltr'>ἐξῆλθεν</span> <span class='ocrx_word' id='word_1_597' title='bbox 846 5215 955 5268; x_wconf 84' lang='grc' dir='ltr'>ἀπὸ</span> <span class='ocrx_word' id='word_1_598' title='bbox 987 5215 1082 5268; x_wconf 92' lang='grc' dir='ltr'><strong>τοῦ</strong></span> <span class='ocrx_word' id='word_1_599' title='bbox 1113 5214 1321 5268; x_wconf 81' lang='grc' dir='ltr'>παστοῦ</span> <span class='ocrx_word' id='word_1_600' title='bbox 1347 5214 1443 5267; x_wconf 91' lang='grc' dir='ltr'>τοῦ</span> <span class='ocrx_word' id='word_1_601' title='bbox 1472 5214 1818 5285; x_wconf 78' lang='grc' dir='ltr'>ἐπουρανίου,</span> <span class='ocrx_word' id='word_1_602' title='bbox 1859 5231 1970 5267; x_wconf 89' lang='grc' dir='ltr'>κοι-</span> 
     </span>
    </p>
   </div>
   <div class='ocr_carea' id='block_1_88' title="bbox 383 5307 1965 5379">
    <p class='ocr_par' dir='ltr' id='par_1_88' title="bbox 383 5307 1965 5379">
     <span class='ocr_line' id='line_1_88' title="bbox 383 5307 1965 5379; baseline 0.001 -19"><span class='ocrx_word' id='word_1_603' title='bbox 383 5311 544 5361; x_wconf 89' lang='grc' dir='ltr'>νωνεῖ</span> <span class='ocrx_word' id='word_1_604' title='bbox 587 5307 840 5376; x_wconf 82' lang='grc' dir='ltr'>ἀγγέλοις</span> <span class='ocrx_word' id='word_1_605' title='bbox 881 5308 976 5361; x_wconf 74' lang='grc' dir='ltr'>καὶ</span> <span class='ocrx_word' id='word_1_606' title='bbox 1016 5307 1398 5379; x_wconf 77' lang='grc' dir='ltr'>ἀρχαγγέλοις,</span> <span class='ocrx_word' id='word_1_607' title='bbox 1439 5307 1497 5360; x_wconf 86' lang='grc' dir='ltr'>αἶ</span> <span class='ocrx_word' id='word_1_608' title='bbox 1543 5315 1688 5371; x_wconf 79' lang='grc' dir='ltr'>τινες</span> <span class='ocrx_word' id='word_1_609' title='bbox 1739 5311 1877 5362; x_wconf 88' lang='grc' dir='ltr'>εἰσιν</span> <span class='ocrx_word' id='word_1_610' title='bbox 1912 5310 1965 5361; x_wconf 81' lang='lat' dir='ltr'><strong>al</strong></span> 
     </span>
    </p>
   </div>
   <div class='ocr_carea' id='block_1_89' title="bbox 381 5398 1736 5475">
    <p class='ocr_par' dir='ltr' id='par_1_89' title="bbox 381 5398 1736 5475">
     <span class='ocr_line' id='line_1_89' title="bbox 381 5398 1736 5475; baseline -0.001 -22"><span class='ocrx_word' id='word_1_611' title='bbox 381 5400 589 5469; x_wconf 78' lang='grc' dir='ltr'>νύμφαι</span> <span class='ocrx_word' id='word_1_612' title='bbox 609 5398 698 5453; x_wconf 86' lang='grc' dir='ltr'><strong>τοῦ</strong></span> <span class='ocrx_word' id='word_1_613' title='bbox 730 5399 910 5467; x_wconf 80' lang='grc' dir='ltr'>λόγου,</span> <span class='ocrx_word' id='word_1_614' title='bbox 936 5401 1032 5454; x_wconf 78' lang='grc' dir='ltr'>καὶ</span> <span class='ocrx_word' id='word_1_615' title='bbox 1055 5401 1232 5475; x_wconf 79' lang='grc' dir='ltr'>θρόνοι</span> <span class='ocrx_word' id='word_1_616' title='bbox 1263 5403 1358 5455; x_wconf 78' lang='grc' dir='ltr'>καὶ</span> <span class='ocrx_word' id='word_1_617' title='bbox 1384 5402 1736 5474; x_wconf 81' lang='grc' dir='ltr'>κυριότητες.</span> 
     </span>
    </p>
   </div>
   <div class='ocr_carea' id='block_1_90' title="bbox 378 5493 1972 5564">
    <p class='ocr_par' dir='ltr' id='par_1_90' title="bbox 378 5493 1972 5564">
     <span class='ocr_line' id='line_1_90' title="bbox 378 5493 1972 5564; baseline 0.001 -18"><span class='ocrx_word' id='word_1_618' title='bbox 378 5495 480 5555; x_wconf 76' lang='grc' dir='ltr'><strong>Εἰ(-</strong></span> <span class='ocrx_word' id='word_1_619' title='bbox 506 5493 706 5564; x_wconf 77' lang='grc' dir='ltr'><strong>κῆπον</strong></span> <span class='ocrx_word' id='word_1_620' title='bbox 728 5496 953 5562; x_wconf 82' lang='grc' dir='ltr'>καρύας</span> <span class='ocrx_word' id='word_1_621' title='bbox 982 5496 1242 5562; x_wconf 79' lang='grc' dir='ltr'>κατέϐην</span> <span class='ocrx_word' id='word_1_622' title='bbox 1260 5495 1407 5549; x_wconf 74' lang='grc' dir='ltr'><strong>ἰδεῖν</strong></span> <span class='ocrx_word' id='word_1_623' title='bbox 1434 5497 1502 5548; x_wconf 77' lang='grc' dir='ltr'><strong>ἐν</strong></span> <span class='ocrx_word' id='word_1_624' title='bbox 1525 5495 1847 5564; x_wconf 68' lang='grc' dir='ltr'>γενννήματι</span> <span class='ocrx_word' id='word_1_625' title='bbox 1866 5495 1972 5548; x_wconf 89' lang='grc' dir='ltr'><strong>τοῦ</strong></span> 
     </span>
    </p>
   </div>
   <div class='ocr_carea' id='block_1_91' title="bbox 451 5563 1963 5635">
    <p class='ocr_par' dir='ltr' id='par_1_91' title="bbox 451 5563 1963 5635">
     <span class='ocr_line' id='line_1_91' title="bbox 451 5563 1963 5635; baseline 0 -18"><span class='ocrx_word' id='word_1_626' title='bbox 451 5563 793 5633; x_wconf 79' lang='grc' dir='ltr'>χειμάρῤου·</span> <span class='ocrx_word' id='word_1_627' title='bbox 835 5565 982 5618; x_wconf 71' lang='grc' dir='ltr'><strong>ἰδεῖν</strong></span> <span class='ocrx_word' id='word_1_628' title='bbox 1014 5569 1068 5619; x_wconf 81' lang='grc' dir='ltr'><strong>εὶ</strong></span> <span class='ocrx_word' id='word_1_629' title='bbox 1097 5566 1367 5634; x_wconf 70' lang='grc' dir='ltr'>ἤνθησεν</span> <span class='ocrx_word' id='word_1_630' title='bbox 1392 5567 1431 5633; x_wconf 80' lang='grc' dir='ltr'><strong><em>ἠ</em></strong></span> <span class='ocrx_word' id='word_1_631' title='bbox 1457 5563 1746 5635; x_wconf 71' lang='grc' dir='ltr'>ἄμπελος,</span> <span class='ocrx_word' id='word_1_632' title='bbox 1772 5568 1825 5618; x_wconf 85' lang='grc' dir='ltr'><strong>εὶ</strong></span> <span class='ocrx_word' id='word_1_633' title='bbox 1853 5563 1963 5632; x_wconf 81' lang='grc' dir='ltr'><strong>ἤν-</strong></span> 
     </span>
    </p>
   </div>
   <div class='ocr_carea' id='block_1_92' title="bbox 449 5635 1964 5705">
    <p class='ocr_par' dir='ltr' id='par_1_92' title="bbox 449 5635 1964 5705">
     <span class='ocr_line' id='line_1_92' title="bbox 449 5635 1964 5705; baseline 0 -15"><span class='ocrx_word' id='word_1_634' title='bbox 449 5639 646 5704; x_wconf 76' lang='grc' dir='ltr'>θησαν</span> <span class='ocrx_word' id='word_1_635' title='bbox 676 5638 735 5693; x_wconf 80' lang='grc' dir='ltr'>αἱ</span> <span class='ocrx_word' id='word_1_636' title='bbox 776 5636 931 5703; x_wconf 74' lang='grc' dir='ltr'>ῥόαι·</span> <span class='ocrx_word' id='word_1_637' title='bbox 980 5636 1108 5690; x_wconf 80' lang='grc' dir='ltr'><strong>ἐκεῖ</strong></span> <span class='ocrx_word' id='word_1_638' title='bbox 1142 5636 1312 5690; x_wconf 84' lang='grc' dir='ltr'>δώσω</span> <span class='ocrx_word' id='word_1_639' title='bbox 1357 5635 1498 5702; x_wconf 83' lang='grc' dir='ltr'>τοὺς</span> <span class='ocrx_word' id='word_1_640' title='bbox 1526 5637 1795 5705; x_wconf 82' lang='grc' dir='ltr'>μαστούς</span> <span class='ocrx_word' id='word_1_641' title='bbox 1844 5653 1964 5704; x_wconf 81' lang='grc' dir='ltr'>μου</span> 
     </span>
    </p>
   </div>
   <div class='ocr_carea' id='block_1_93' title="bbox 455 5815 1079 5887">
    <p class='ocr_par' dir='ltr' id='par_1_93' title="bbox 455 5815 1079 5887">
     <span class='ocr_line' id='line_1_93' title="bbox 455 5815 1079 5887; baseline 0.005 -18"><span class='ocrx_word' id='word_1_642' title='bbox 455 5819 495 5848; x_wconf 75' lang='grc' dir='ltr'><strong>’δ’</strong></span> <span class='ocrx_word' id='word_1_643' title='bbox 541 5815 558 5870; x_wconf 93' lang='grc'><strong>1</strong></span> <span class='ocrx_word' id='word_1_644' title='bbox 593 5816 719 5874; x_wconf 85' lang='lat' dir='ltr'><strong>Cor.</strong></span> <span class='ocrx_word' id='word_1_645' title='bbox 750 5835 838 5887; x_wconf 77' lang='lat' dir='ltr'><strong>xv,</strong></span> <span class='ocrx_word' id='word_1_646' title='bbox 864 5819 955 5887; x_wconf 69' lang='grc'><strong>21,</strong></span> <span class='ocrx_word' id='word_1_647' title='bbox 988 5818 1079 5873; x_wconf 68' lang='lat'><strong>22.</strong></span> 
     </span>
    </p>
   </div>
   <div class='ocr_carea' id='block_1_94' title="bbox 2087 3281 3659 3355">
    <p class='ocr_par' dir='ltr' id='par_1_94' title="bbox 2087 3281 3659 3355">
     <span class='ocr_line' id='line_1_94' title="bbox 2087 3281 3659 3355; baseline 0.005 -23"><span class='ocrx_word' id='word_1_648' title='bbox 2087 3281 2406 3342; x_wconf 88' lang='lat' dir='ltr'><strong>moriuntur,</strong></span> <span class='ocrx_word' id='word_1_649' title='bbox 2445 3281 2519 3334; x_wconf 89' lang='lat' dir='ltr'><strong>sic</strong></span> <span class='ocrx_word' id='word_1_650' title='bbox 2561 3290 2612 3336; x_wconf 89' lang='lat' dir='ltr'><strong>et</strong></span> <span class='ocrx_word' id='word_1_651' title='bbox 2660 3283 2716 3335; x_wconf 85' lang='lat' dir='ltr'><strong>in</strong></span> <span class='ocrx_word' id='word_1_652' title='bbox 2763 3283 2975 3338; x_wconf 83' lang='lat' dir='ltr'><strong>Christo</strong></span> <span class='ocrx_word' id='word_1_653' title='bbox 3023 3300 3200 3338; x_wconf 87' lang='lat' dir='ltr'><strong>omnes</strong></span> <span class='ocrx_word' id='word_1_654' title='bbox 3253 3285 3659 3355; x_wconf 77' lang='lat' dir='ltr'><strong>viviﬁcabuntur</strong></span> 
     </span>
    </p>
   </div>
   <div class='ocr_carea' id='block_1_95' title="bbox 2087 3375 3656 3442">
    <p class='ocr_par' dir='ltr' id='par_1_95' title="bbox 2087 3375 3656 3442">
     <span class='ocr_line' id='line_1_95' title="bbox 2087 3375 3656 3442; baseline 0.006 -18"><span class='ocrx_word' id='word_1_655' title='bbox 2087 3375 2445 3442; x_wconf 79' lang='lat' dir='ltr'><strong>unusquisque</strong></span> <span class='ocrx_word' id='word_1_656' title='bbox 2491 3375 2548 3427; x_wconf 88' lang='lat' dir='ltr'><strong>in</strong></span> <span class='ocrx_word' id='word_1_657' title='bbox 2587 3391 2680 3430; x_wconf 89' lang='lat' dir='ltr'><strong>suo</strong></span> <span class='ocrx_word' id='word_1_658' title='bbox 2717 3375 2899 3430; x_wconf 85' lang='lat' dir='ltr'><strong>ordine</strong></span> <span class='ocrx_word' id='word_1_659' title='bbox 2931 3375 2976 3407; x_wconf 78' lang='lat'>“</span> <span class='ocrx_word' id='word_1_660' title='bbox 3017 3394 3030 3430; x_wconf 91' lang='lat'><strong>:</strong></span> <span class='ocrx_word' id='word_1_661' title='bbox 3061 3377 3170 3431; x_wconf 87' lang='lat' dir='ltr'><strong>vita</strong></span> <span class='ocrx_word' id='word_1_662' title='bbox 3217 3379 3361 3432; x_wconf 91' lang='lat' dir='ltr'><strong>enim</strong></span> <span class='ocrx_word' id='word_1_663' title='bbox 3396 3380 3656 3434; x_wconf 89' lang='lat' dir='ltr'><strong>uniuscu-</strong></span> 
     </span>
    </p>
   </div>
   <div class='ocr_carea' id='block_1_96' title="bbox 2077 3464 3658 3543">
    <p class='ocr_par' dir='ltr' id='par_1_96' title="bbox 2077 3464 3658 3543">
     <span class='ocr_line' id='line_1_96' title="bbox 2077 3464 3658 3543; baseline 0.006 -25"><span class='ocrx_word' id='word_1_664' title='bbox 2077 3464 2296 3534; x_wconf 89' lang='lat' dir='ltr'><strong>jusque,</strong></span> <span class='ocrx_word' id='word_1_665' title='bbox 2329 3475 2386 3521; x_wconf 89' lang='lat' dir='ltr'><strong>et</strong></span> <span class='ocrx_word' id='word_1_666' title='bbox 2422 3481 2626 3534; x_wconf 89' lang='lat' dir='ltr'><strong>sermo,</strong></span> <span class='ocrx_word' id='word_1_667' title='bbox 2668 3477 2724 3522; x_wconf 91' lang='lat' dir='ltr'><strong>et</strong></span> <span class='ocrx_word' id='word_1_668' title='bbox 2751 3469 2944 3539; x_wconf 77' lang='lat' dir='ltr'><strong>agendi</strong></span> <span class='ocrx_word' id='word_1_669' title='bbox 2975 3470 3114 3525; x_wconf 90' lang='lat' dir='ltr'><strong>ratio</strong></span> <span class='ocrx_word' id='word_1_670' title='bbox 3138 3468 3331 3526; x_wconf 79' lang='lat' dir='ltr'><strong>eﬂiciet</strong></span> <span class='ocrx_word' id='word_1_671' title='bbox 3357 3473 3658 3543; x_wconf 89' lang='lat' dir='ltr'><strong>utquisque</strong></span> 
     </span>
    </p>
   </div>
   <div class='ocr_carea' id='block_1_97' title="bbox 2083 3556 2747 3629">
    <p class='ocr_par' dir='ltr' id='par_1_97' title="bbox 2083 3556 2747 3629">
     <span class='ocr_line' id='line_1_97' title="bbox 2083 3556 2747 3629; baseline 0.011 -22"><span class='ocrx_word' id='word_1_672' title='bbox 2083 3569 2184 3623; x_wconf 88' lang='lat' dir='ltr'><strong>pro</strong></span> <span class='ocrx_word' id='word_1_673' title='bbox 2217 3556 2426 3612; x_wconf 90' lang='lat' dir='ltr'><strong>meritis</strong></span> <span class='ocrx_word' id='word_1_674' title='bbox 2445 3557 2747 3629; x_wconf 90' lang='lat' dir='ltr'><strong>judicetur.</strong></span> 
     </span>
    </p>
   </div>
   <div class='ocr_carea' id='block_1_98' title="bbox 2153 3648 3660 3720">
    <p class='ocr_par' dir='ltr' id='par_1_98' title="bbox 2153 3648 3660 3720">
     <span class='ocr_line' id='line_1_98' title="bbox 2153 3648 3660 3720; baseline 0.005 -18"><span class='ocrx_word' id='word_1_675' title='bbox 2153 3648 2235 3706; x_wconf 87' lang='lat' dir='ltr'><strong>Ne</strong></span> <span class='ocrx_word' id='word_1_676' title='bbox 2292 3651 2506 3705; x_wconf 86' lang='lat' dir='ltr'><strong>mireris</strong></span> <span class='ocrx_word' id='word_1_677' title='bbox 2545 3665 2828 3720; x_wconf 88' lang='lat' dir='ltr'><strong>sponsum,</strong></span> <span class='ocrx_word' id='word_1_678' title='bbox 2881 3652 2987 3708; x_wconf 90' lang='lat' dir='ltr'><strong>sibi</strong></span> <span class='ocrx_word' id='word_1_679' title='bbox 3039 3653 3164 3714; x_wconf 89' lang='lat' dir='ltr'><strong>dum</strong></span> <span class='ocrx_word' id='word_1_680' title='bbox 3220 3653 3459 3710; x_wconf 76' lang='lat' dir='ltr'><strong>formosa</strong></span> <span class='ocrx_word' id='word_1_681' title='bbox 3514 3666 3660 3711; x_wconf 87' lang='lat' dir='ltr'><strong>esset</strong></span> 
     </span>
    </p>
   </div>
   <div class='ocr_carea' id='block_1_99' title="bbox 2083 3743 3656 3815">
    <p class='ocr_par' dir='ltr' id='par_1_99' title="bbox 2083 3743 3656 3815">
     <span class='ocr_line' id='line_1_99' title="bbox 2083 3743 3656 3815; baseline 0.003 -17"><span class='ocrx_word' id='word_1_682' title='bbox 2083 3757 2301 3811; x_wconf 89' lang='lat' dir='ltr'><strong>sponsa,</strong></span> <span class='ocrx_word' id='word_1_683' title='bbox 2324 3743 2504 3797; x_wconf 91' lang='lat' dir='ltr'><strong>adhuc</strong></span> <span class='ocrx_word' id='word_1_684' title='bbox 2538 3743 2789 3808; x_wconf 87' lang='lat' dir='ltr'><strong>alteram,</strong></span> <span class='ocrx_word' id='word_1_685' title='bbox 2816 3752 2872 3798; x_wconf 91' lang='lat' dir='ltr'><strong>et</strong></span> <span class='ocrx_word' id='word_1_686' title='bbox 2895 3745 3109 3799; x_wconf 86' lang='lat' dir='ltr'><strong>tertiam</strong></span> <span class='ocrx_word' id='word_1_687' title='bbox 3142 3754 3196 3800; x_wconf 91' lang='lat' dir='ltr'><strong>et</strong></span> <span class='ocrx_word' id='word_1_688' title='bbox 3222 3746 3402 3815; x_wconf 80' lang='lat' dir='ltr'><strong>plures</strong></span> <span class='ocrx_word' id='word_1_689' title='bbox 3423 3746 3623 3802; x_wconf 88' lang='lat' dir='ltr'><strong>habere</strong></span> <span class='ocrx_word' id='word_1_690' title='bbox 3641 3791 3656 3815; x_wconf 94' lang='lat'><strong>,</strong></span> 
     </span>
    </p>
   </div>
   <div class='ocr_carea' id='block_1_100' title="bbox 2082 3835 3660 3906">
    <p class='ocr_par' dir='ltr' id='par_1_100' title="bbox 2082 3835 3660 3906">
     <span class='ocr_line' id='line_1_100' title="bbox 2082 3835 3660 3906; baseline 0.003 -16"><span class='ocrx_word' id='word_1_691' title='bbox 2082 3835 2226 3905; x_wconf 90' lang='lat' dir='ltr'><strong>quod</strong></span> <span class='ocrx_word' id='word_1_692' title='bbox 2259 3836 2305 3891; x_wconf 89' lang='lat' dir='ltr'><strong>si</strong></span> <span class='ocrx_word' id='word_1_693' title='bbox 2368 3846 2550 3891; x_wconf 90' lang='lat' dir='ltr'><strong>mente</strong></span> <span class='ocrx_word' id='word_1_694' title='bbox 2599 3847 2816 3905; x_wconf 88' lang='lat' dir='ltr'><strong>reputes</strong></span> <span class='ocrx_word' id='word_1_695' title='bbox 2855 3836 2972 3904; x_wconf 89' lang='lat' dir='ltr'><strong>ejus</strong></span> <span class='ocrx_word' id='word_1_696' title='bbox 3020 3852 3270 3906; x_wconf 89' lang='lat' dir='ltr'><strong>sponsas,</strong></span> <span class='ocrx_word' id='word_1_697' title='bbox 3308 3839 3532 3894; x_wconf 90' lang='lat' dir='ltr'><strong>minime</strong></span> <span class='ocrx_word' id='word_1_698' title='bbox 3578 3840 3660 3894; x_wconf 90' lang='lat' dir='ltr'><strong>di-</strong></span> 
     </span>
    </p>
   </div>
   <div class='ocr_carea' id='block_1_101' title="bbox 2082 3926 3657 4002">
    <p class='ocr_par' dir='ltr' id='par_1_101' title="bbox 2082 3926 3657 4002">
     <span class='ocr_line' id='line_1_101' title="bbox 2082 3926 3657 4002; baseline 0.002 -21"><span class='ocrx_word' id='word_1_699' title='bbox 2082 3940 2210 3981; x_wconf 88' lang='lat' dir='ltr'><strong>cere</strong></span> <span class='ocrx_word' id='word_1_700' title='bbox 2257 3927 2475 3983; x_wconf 85' lang='lat' dir='ltr'><strong>timebis</strong></span> <span class='ocrx_word' id='word_1_701' title='bbox 2525 3943 2554 3981; x_wconf 90' lang='lat' dir='ltr'><strong>a</strong></span> <span class='ocrx_word' id='word_1_702' title='bbox 2581 3926 2808 3984; x_wconf 82' lang='lat' dir='ltr'><strong>Cantica</strong></span> <span class='ocrx_word' id='word_1_703' title='bbox 2832 3945 2846 3982; x_wconf 92' lang='lat'>:</span> <span class='ocrx_word' id='word_1_704' title='bbox 2873 3926 3166 3998; x_wconf 75' lang='lat' dir='ltr'><strong>Sexaginta</strong></span> <span class='ocrx_word' id='word_1_705' title='bbox 3192 3939 3314 3984; x_wconf 88' lang='lat' dir='ltr'><strong>sunt</strong></span> <span class='ocrx_word' id='word_1_706' title='bbox 3361 3931 3577 4002; x_wconf 70' lang='lat' dir='ltr'><strong>reginae,</strong></span> <span class='ocrx_word' id='word_1_707' title='bbox 3609 3941 3657 3984; x_wconf 87' lang='lat' dir='ltr'><strong>et</strong></span> 
     </span>
    </p>
   </div>
   <div class='ocr_carea' id='block_1_102' title="bbox 2083 4020 3659 4090">
    <p class='ocr_par' dir='ltr' id='par_1_102' title="bbox 2083 4020 3659 4090">
     <span class='ocr_line' id='line_1_102' title="bbox 2083 4020 3659 4090; baseline 0.001 -15"><span class='ocrx_word' id='word_1_708' title='bbox 2083 4021 2346 4090; x_wconf 85' lang='lat' dir='ltr'><strong>octoginta</strong></span> <span class='ocrx_word' id='word_1_709' title='bbox 2371 4020 2696 4085; x_wconf 65' lang='lat' dir='ltr'><strong>concubinis,</strong></span> <span class='ocrx_word' id='word_1_710' title='bbox 2724 4031 2771 4074; x_wconf 86' lang='lat' dir='ltr'><strong>et</strong></span> <span class='ocrx_word' id='word_1_711' title='bbox 2798 4021 3312 4077; x_wconf 83' lang='lat' dir='ltr'><strong>adolescentularum</strong></span> <span class='ocrx_word' id='word_1_712' title='bbox 3335 4039 3436 4077; x_wconf 86' lang='lat' dir='ltr'><strong>non</strong></span> <span class='ocrx_word' id='word_1_713' title='bbox 3457 4031 3533 4076; x_wconf 85' lang='lat' dir='ltr'><strong>est</strong></span> <span class='ocrx_word' id='word_1_714' title='bbox 3556 4040 3659 4076; x_wconf 72' lang='lat' dir='ltr'><strong>nu-</strong></span> 
     </span>
    </p>
   </div>
   <div class='ocr_carea' id='block_1_103' title="bbox 2081 4109 3659 4184">
    <p class='ocr_par' dir='ltr' id='par_1_103' title="bbox 2081 4109 3659 4184">
     <span class='ocr_line' id='line_1_103' title="bbox 2081 4109 3659 4184; baseline 0.005 -20"><span class='ocrx_word' id='word_1_715' title='bbox 2081 4126 2275 4166; x_wconf 88' lang='lat' dir='ltr'><strong>merus.</strong></span> <span class='ocrx_word' id='word_1_716' title='bbox 2302 4109 2418 4164; x_wconf 89' lang='lat' dir='ltr'><strong>Una</strong></span> <span class='ocrx_word' id='word_1_717' title='bbox 2435 4121 2512 4166; x_wconf 87' lang='lat' dir='ltr'><strong>est</strong></span> <span class='ocrx_word' id='word_1_718' title='bbox 2534 4112 2778 4167; x_wconf 84' lang='lat' dir='ltr'><strong>columba</strong></span> <span class='ocrx_word' id='word_1_719' title='bbox 2796 4129 2931 4168; x_wconf 88' lang='lat' dir='ltr'><strong>mea.</strong></span> <span class='ocrx_word' id='word_1_720' title='bbox 2954 4114 3112 4170; x_wconf 84' lang='lat' dir='ltr'><strong>Ratio</strong></span> <span class='ocrx_word' id='word_1_721' title='bbox 3127 4125 3474 4184; x_wconf 86' lang='lat' dir='ltr'><strong>estsponsus,</strong></span> <span class='ocrx_word' id='word_1_722' title='bbox 3491 4119 3659 4172; x_wconf 89' lang='lat' dir='ltr'><strong>ratio-</strong></span> 
     </span>
    </p>
   </div>
   <div class='ocr_carea' id='block_1_104' title="bbox 2082 4201 3661 4274">
    <p class='ocr_par' dir='ltr' id='par_1_104' title="bbox 2082 4201 3661 4274">
     <span class='ocr_line' id='line_1_104' title="bbox 2082 4201 3661 4274; baseline 0.004 -20"><span class='ocrx_word' id='word_1_723' title='bbox 2082 4201 2204 4256; x_wconf 89' lang='lat' dir='ltr'><strong>nale</strong></span> <span class='ocrx_word' id='word_1_724' title='bbox 2239 4211 2418 4256; x_wconf 88' lang='lat' dir='ltr'><strong>autem</strong></span> <span class='ocrx_word' id='word_1_725' title='bbox 2474 4201 2678 4256; x_wconf 89' lang='lat' dir='ltr'><strong>animal</strong></span> <span class='ocrx_word' id='word_1_726' title='bbox 2722 4218 2962 4273; x_wconf 81' lang='lat' dir='ltr'><strong>sponsa;</strong></span> <span class='ocrx_word' id='word_1_727' title='bbox 3019 4205 3064 4259; x_wconf 93' lang='lat' dir='ltr'><strong>si</strong></span> <span class='ocrx_word' id='word_1_728' title='bbox 3122 4206 3323 4274; x_wconf 84' lang='lat' dir='ltr'><strong>cogitet</strong></span> <span class='ocrx_word' id='word_1_729' title='bbox 3375 4207 3557 4260; x_wconf 90' lang='lat' dir='ltr'><strong>anima</strong></span> <span class='ocrx_word' id='word_1_730' title='bbox 3604 4219 3661 4261; x_wconf 91' lang='lat' dir='ltr'><strong>et</strong></span> 
     </span>
    </p>
   </div>
   <div class='ocr_carea' id='block_1_105' title="bbox 2081 4293 3659 4363">
    <p class='ocr_par' dir='ltr' id='par_1_105' title="bbox 2081 4293 3659 4363">
     <span class='ocr_line' id='line_1_105' title="bbox 2081 4293 3659 4363; baseline 0.002 -16"><span class='ocrx_word' id='word_1_731' title='bbox 2081 4305 2338 4361; x_wconf 75' lang='lat' dir='ltr'><strong>sponsam</strong></span> <span class='ocrx_word' id='word_1_732' title='bbox 2377 4306 2610 4362; x_wconf 87' lang='lat' dir='ltr'><strong>sponsus</strong></span> <span class='ocrx_word' id='word_1_733' title='bbox 2655 4293 2907 4359; x_wconf 84' lang='lat' dir='ltr'><strong>accipiat.</strong></span> <span class='ocrx_word' id='word_1_734' title='bbox 2961 4293 3092 4348; x_wconf 89' lang='lat' dir='ltr'><strong>Cum</strong></span> <span class='ocrx_word' id='word_1_735' title='bbox 3145 4295 3364 4363; x_wconf 87' lang='lat' dir='ltr'><strong>quidem</strong></span> <span class='ocrx_word' id='word_1_736' title='bbox 3415 4297 3557 4350; x_wconf 87' lang='lat' dir='ltr'><strong>ratio</strong></span> <span class='ocrx_word' id='word_1_737' title='bbox 3585 4297 3659 4351; x_wconf 90' lang='lat' dir='ltr'><strong>sit</strong></span> 
     </span>
    </p>
   </div>
   <div class='ocr_carea' id='block_1_106' title="bbox 2081 4383 3659 4458">
    <p class='ocr_par' dir='ltr' id='par_1_106' title="bbox 2081 4383 3659 4458">
     <span class='ocr_line' id='line_1_106' title="bbox 2081 4383 3659 4458; baseline 0.003 -19"><span class='ocrx_word' id='word_1_738' title='bbox 2081 4383 2194 4449; x_wconf 88' lang='lat' dir='ltr'><strong>ille,</strong></span> <span class='ocrx_word' id='word_1_739' title='bbox 2237 4398 2344 4438; x_wconf 92' lang='lat' dir='ltr'><strong>non</strong></span> <span class='ocrx_word' id='word_1_740' title='bbox 2379 4399 2540 4438; x_wconf 88' lang='lat' dir='ltr'><strong>unam</strong></span> <span class='ocrx_word' id='word_1_741' title='bbox 2573 4386 2811 4439; x_wconf 89' lang='lat' dir='ltr'><strong>animam</strong></span> <span class='ocrx_word' id='word_1_742' title='bbox 2856 4385 3209 4452; x_wconf 86' lang='lat' dir='ltr'><strong>inhabitans,’</strong></span> <span class='ocrx_word' id='word_1_743' title='bbox 3249 4387 3346 4442; x_wconf 88' lang='lat' dir='ltr'><strong>sed</strong></span> <span class='ocrx_word' id='word_1_744' title='bbox 3392 4387 3575 4458; x_wconf 86' lang='lat' dir='ltr'><strong>plures</strong></span> <span class='ocrx_word' id='word_1_745' title='bbox 3604 4398 3659 4443; x_wconf 72' lang='lat' dir='ltr'><strong>et</strong></span> 
     </span>
    </p>
   </div>
   <div class='ocr_carea' id='block_1_107' title="bbox 2084 4477 3655 4550">
    <p class='ocr_par' dir='ltr' id='par_1_107' title="bbox 2084 4477 3655 4550">
     <span class='ocr_line' id='line_1_107' title="bbox 2084 4477 3655 4550; baseline 0.002 -17"><span class='ocrx_word' id='word_1_746' title='bbox 2084 4477 2352 4544; x_wconf 90' lang='lat' dir='ltr'><strong>diversas,</strong></span> <span class='ocrx_word' id='word_1_747' title='bbox 2388 4477 2623 4546; x_wconf 88' lang='lat' dir='ltr'><strong>quodam</strong></span> <span class='ocrx_word' id='word_1_748' title='bbox 2651 4478 2817 4547; x_wconf 82' lang='lat' dir='ltr'><strong>regali</strong></span> <span class='ocrx_word' id='word_1_749' title='bbox 2847 4479 3239 4550; x_wconf 85' lang='lat' dir='ltr'><strong>splendidoque</strong></span> <span class='ocrx_word' id='word_1_750' title='bbox 3267 4481 3467 4536; x_wconf 88' lang='lat' dir='ltr'><strong>decore</strong></span> <span class='ocrx_word' id='word_1_751' title='bbox 3488 4522 3502 4548; x_wconf 91' lang='lat'><strong>,</strong></span> <span class='ocrx_word' id='word_1_752' title='bbox 3539 4495 3655 4536; x_wconf 88' lang='lat' dir='ltr'><strong>me-</strong></span> 
     </span>
    </p>
   </div>
   <div class='ocr_carea' id='block_1_108' title="bbox 2082 4569 3658 4642">
    <p class='ocr_par' dir='ltr' id='par_1_108' title="bbox 2082 4569 3658 4642">
     <span class='ocr_line' id='line_1_108' title="bbox 2082 4569 3658 4642; baseline 0.004 -19"><span class='ocrx_word' id='word_1_753' title='bbox 2082 4569 2188 4625; x_wconf 89' lang='lat' dir='ltr'><strong>rito</strong></span> <span class='ocrx_word' id='word_1_754' title='bbox 2236 4569 2477 4637; x_wconf 81' lang='lat' dir='ltr'><strong>perfecta</strong></span> <span class='ocrx_word' id='word_1_755' title='bbox 2530 4569 2728 4624; x_wconf 90' lang='lat' dir='ltr'><strong>dicitur</strong></span> <span class='ocrx_word' id='word_1_756' title='bbox 2759 4569 3035 4625; x_wconf 91' lang='lat' dir='ltr'><strong>columba.</strong></span> <span class='ocrx_word' id='word_1_757' title='bbox 3089 4571 3310 4642; x_wconf 77' lang='lat' dir='ltr'><strong>Regina:</strong></span> <span class='ocrx_word' id='word_1_758' title='bbox 3365 4573 3658 4629; x_wconf 80' lang='lat' dir='ltr'><strong>inferiores</strong></span> 
     </span>
    </p>
   </div>
   <div class='ocr_carea' id='block_1_109' title="bbox 2080 4662 3656 4734">
    <p class='ocr_par' dir='ltr' id='par_1_109' title="bbox 2080 4662 3656 4734">
     <span class='ocr_line' id='line_1_109' title="bbox 2080 4662 3656 4734; baseline 0.003 -17"><span class='ocrx_word' id='word_1_759' title='bbox 2080 4671 2228 4724; x_wconf 88' lang='lat' dir='ltr'><strong>sunt,</strong></span> <span class='ocrx_word' id='word_1_760' title='bbox 2254 4663 2376 4718; x_wconf 90' lang='lat' dir='ltr'><strong>ideo</strong></span> <span class='ocrx_word' id='word_1_761' title='bbox 2408 4663 2696 4734; x_wconf 84' lang='lat' dir='ltr'><strong>sexaginta</strong></span> <span class='ocrx_word' id='word_1_762' title='bbox 2730 4663 2828 4721; x_wconf 90' lang='lat' dir='ltr'><strong>ait.</strong></span> <span class='ocrx_word' id='word_1_763' title='bbox 2864 4662 3016 4718; x_wconf 86' lang='lat' dir='ltr'><strong>Alias</strong></span> <span class='ocrx_word' id='word_1_764' title='bbox 3045 4678 3176 4718; x_wconf 85' lang='lat' dir='ltr'><strong>vero</strong></span> <span class='ocrx_word' id='word_1_765' title='bbox 3203 4665 3411 4719; x_wconf 86' lang='lat' dir='ltr'><strong>animas</strong></span> <span class='ocrx_word' id='word_1_766' title='bbox 3438 4665 3656 4721; x_wconf 87' lang='lat' dir='ltr'><strong>inhabi-</strong></span> 
     </span>
    </p>
   </div>
   <div class='ocr_carea' id='block_1_110' title="bbox 2083 4761 3653 4824">
    <p class='ocr_par' dir='ltr' id='par_1_110' title="bbox 2083 4761 3653 4824">
     <span class='ocr_line' id='line_1_110' title="bbox 2083 4761 3653 4824; baseline 0.002 -11"><span class='ocrx_word' id='word_1_767' title='bbox 2083 4768 2184 4824; x_wconf 90' lang='lat' dir='ltr'><strong>tat,</strong></span> <span class='ocrx_word' id='word_1_768' title='bbox 2222 4761 2313 4815; x_wconf 89' lang='lat' dir='ltr'><strong>Dei</strong></span> <span class='ocrx_word' id='word_1_769' title='bbox 2360 4761 2559 4815; x_wconf 89' lang='lat' dir='ltr'><strong>timore</strong></span> <span class='ocrx_word' id='word_1_770' title='bbox 2612 4762 2924 4817; x_wconf 83' lang='lat' dir='ltr'><strong>moderatas</strong></span> <span class='ocrx_word' id='word_1_771' title='bbox 2957 4761 3116 4817; x_wconf 68' lang='lat' dir='ltr'><strong>:htec</strong></span> <span class='ocrx_word' id='word_1_772' title='bbox 3148 4771 3277 4817; x_wconf 90' lang='lat' dir='ltr'><strong>sunt</strong></span> <span class='ocrx_word' id='word_1_773' title='bbox 3311 4763 3653 4818; x_wconf 67' lang='lat' dir='ltr'><strong>concubinas.</strong></span> 
     </span>
    </p>
   </div>
   <div class='ocr_carea' id='block_1_111' title="bbox 2077 4850 3653 4921">
    <p class='ocr_par' dir='ltr' id='par_1_111' title="bbox 2077 4850 3653 4921">
     <span class='ocr_line' id='line_1_111' title="bbox 2077 4850 3653 4921; baseline 0.003 -17"><span class='ocrx_word' id='word_1_774' title='bbox 2077 4850 2217 4905; x_wconf 87' lang='lat' dir='ltr'><strong>Sunt</strong></span> <span class='ocrx_word' id='word_1_775' title='bbox 2250 4853 2498 4921; x_wconf 68' lang='lat' dir='ltr'><strong>quaedam</strong></span> <span class='ocrx_word' id='word_1_776' title='bbox 2537 4861 2592 4906; x_wconf 88' lang='lat' dir='ltr'><strong>et</strong></span> <span class='ocrx_word' id='word_1_777' title='bbox 2624 4853 2743 4907; x_wconf 75' lang='lat' dir='ltr'><strong>aliae</strong></span> <span class='ocrx_word' id='word_1_778' title='bbox 2781 4852 3073 4908; x_wconf 78' lang='lat' dir='ltr'><strong>inferiores</strong></span> <span class='ocrx_word' id='word_1_779' title='bbox 3111 4855 3341 4919; x_wconf 67' lang='lat' dir='ltr'><strong>animae,</strong></span> <span class='ocrx_word' id='word_1_780' title='bbox 3387 4854 3653 4909; x_wconf 87' lang='lat' dir='ltr'><strong>minorem</strong></span> 
     </span>
    </p>
   </div>
   <div class='ocr_carea' id='block_1_112' title="bbox 2079 4943 3654 5014">
    <p class='ocr_par' dir='ltr' id='par_1_112' title="bbox 2079 4943 3654 5014">
     <span class='ocr_line' id='line_1_112' title="bbox 2079 4943 3654 5014; baseline 0.001 -17"><span class='ocrx_word' id='word_1_781' title='bbox 2079 4943 2341 4998; x_wconf 87' lang='lat' dir='ltr'><strong>habentes</strong></span> <span class='ocrx_word' id='word_1_782' title='bbox 2363 4945 2612 4998; x_wconf 90' lang='lat' dir='ltr'><strong>timorem</strong></span> <span class='ocrx_word' id='word_1_783' title='bbox 2647 4963 2659 4998; x_wconf 89' lang='lat'><strong>:</strong></span> <span class='ocrx_word' id='word_1_784' title='bbox 2687 4946 2799 4999; x_wconf 64' lang='lat' dir='ltr'><strong>haec</strong></span> <span class='ocrx_word' id='word_1_785' title='bbox 2833 4954 2962 4999; x_wconf 87' lang='lat' dir='ltr'><strong>sunt</strong></span> <span class='ocrx_word' id='word_1_786' title='bbox 2989 4943 3404 5000; x_wconf 65' lang='lat' dir='ltr'><strong>adulescentula:</strong></span> <span class='ocrx_word' id='word_1_787' title='bbox 3419 4959 3654 5014; x_wconf 87' lang='lat' dir='ltr'><strong>quarum</strong></span> 
     </span>
    </p>
   </div>
   <div class='ocr_carea' id='block_1_113' title="bbox 2079 5033 3656 5105">
    <p class='ocr_par' dir='ltr' id='par_1_113' title="bbox 2079 5033 3656 5105">
     <span class='ocr_line' id='line_1_113' title="bbox 2079 5033 3656 5105; baseline 0.001 -17"><span class='ocrx_word' id='word_1_788' title='bbox 2079 5049 2185 5089; x_wconf 93' lang='lat' dir='ltr'><strong>non</strong></span> <span class='ocrx_word' id='word_1_789' title='bbox 2224 5047 2310 5089; x_wconf 88' lang='lat' dir='ltr'><strong>est</strong></span> <span class='ocrx_word' id='word_1_790' title='bbox 2333 5049 2616 5090; x_wconf 90' lang='lat' dir='ltr'><strong>numerus.</strong></span> <span class='ocrx_word' id='word_1_791' title='bbox 2653 5035 2893 5105; x_wconf 89' lang='lat' dir='ltr'><strong>Sponsus</strong></span> <span class='ocrx_word' id='word_1_792' title='bbox 2920 5035 3106 5104; x_wconf 88' lang='lat' dir='ltr'><strong>igitur,</strong></span> <span class='ocrx_word' id='word_1_793' title='bbox 3132 5049 3255 5089; x_wconf 91' lang='lat' dir='ltr'><strong>cum</strong></span> <span class='ocrx_word' id='word_1_794' title='bbox 3294 5035 3395 5104; x_wconf 90' lang='lat' dir='ltr'><strong>ipsi</strong></span> <span class='ocrx_word' id='word_1_795' title='bbox 3433 5036 3543 5088; x_wconf 88' lang='lat' dir='ltr'><strong>sint</strong></span> <span class='ocrx_word' id='word_1_796' title='bbox 3566 5033 3656 5090; x_wconf 89' lang='lat' dir='ltr'><strong>hic</strong></span> 
     </span>
    </p>
   </div>
   <div class='ocr_carea' id='block_1_114' title="bbox 2081 5124 3658 5194">
    <p class='ocr_par' dir='ltr' id='par_1_114' title="bbox 2081 5124 3658 5194">
     <span class='ocr_line' id='line_1_114' title="bbox 2081 5124 3658 5194; baseline 0.003 -16"><span class='ocrx_word' id='word_1_797' title='bbox 2081 5124 2322 5194; x_wconf 74' lang='lat' dir='ltr'><strong>pulchrae</strong></span> <span class='ocrx_word' id='word_1_798' title='bbox 2375 5137 2676 5191; x_wconf 90' lang='lat' dir='ltr'><strong>consortes,</strong></span> <span class='ocrx_word' id='word_1_799' title='bbox 2739 5140 2770 5180; x_wconf 88' lang='lat' dir='ltr'><strong>e</strong></span> <span class='ocrx_word' id='word_1_800' title='bbox 2809 5125 3016 5180; x_wconf 85' lang='lat' dir='ltr'><strong>caelesti</strong></span> <span class='ocrx_word' id='word_1_801' title='bbox 3073 5125 3309 5178; x_wconf 80' lang='lat' dir='ltr'><strong>thalamo</strong></span> <span class='ocrx_word' id='word_1_802' title='bbox 3355 5125 3658 5193; x_wconf 77' lang='lat' dir='ltr'><strong>egreditur,</strong></span> 
     </span>
    </p>
   </div>
   <div class='ocr_carea' id='block_1_115' title="bbox 2071 5219 3655 5290">
    <p class='ocr_par' dir='ltr' id='par_1_115' title="bbox 2071 5219 3655 5290">
     <span class='ocr_line' id='line_1_115' title="bbox 2071 5219 3655 5290; baseline -0.001 -16"><span class='ocrx_word' id='word_1_803' title='bbox 2071 5227 2234 5287; x_wconf 87' lang='lat' dir='ltr'><strong>atque</strong></span> <span class='ocrx_word' id='word_1_804' title='bbox 2279 5219 2491 5274; x_wconf 88' lang='lat' dir='ltr'><strong>habitat</strong></span> <span class='ocrx_word' id='word_1_805' title='bbox 2532 5221 2586 5273; x_wconf 88' lang='lat' dir='ltr'><strong>in</strong></span> <span class='ocrx_word' id='word_1_806' title='bbox 2623 5219 2830 5288; x_wconf 86' lang='lat' dir='ltr'><strong>angelis</strong></span> <span class='ocrx_word' id='word_1_807' title='bbox 2858 5229 2914 5274; x_wconf 88' lang='lat' dir='ltr'><strong>et</strong></span> <span class='ocrx_word' id='word_1_808' title='bbox 2953 5219 3328 5290; x_wconf 83' lang='lat' dir='ltr'><strong>archangelis;</strong></span> <span class='ocrx_word' id='word_1_809' title='bbox 3379 5220 3472 5290; x_wconf 88' lang='lat' dir='ltr'><strong>qui</strong></span> <span class='ocrx_word' id='word_1_810' title='bbox 3529 5230 3655 5274; x_wconf 86' lang='lat' dir='ltr'><strong>sunt</strong></span> 
     </span>
    </p>
   </div>
   <div class='ocr_carea' id='block_1_116' title="bbox 2070 5309 3344 5377">
    <p class='ocr_par' dir='ltr' id='par_1_116' title="bbox 2070 5309 3344 5377">
     <span class='ocr_line' id='line_1_116' title="bbox 2070 5309 3344 5377; baseline 0.004 -18"><span class='ocrx_word' id='word_1_811' title='bbox 2070 5309 2218 5363; x_wconf 79' lang='lat' dir='ltr'><strong>verbi</strong></span> <span class='ocrx_word' id='word_1_812' title='bbox 2254 5324 2488 5377; x_wconf 69' lang='lat' dir='ltr'><strong>sponsae,</strong></span> <span class='ocrx_word' id='word_1_813' title='bbox 2524 5319 2580 5363; x_wconf 90' lang='lat' dir='ltr'><strong>et</strong></span> <span class='ocrx_word' id='word_1_814' title='bbox 2615 5310 2816 5375; x_wconf 91' lang='lat' dir='ltr'><strong>throni,</strong></span> <span class='ocrx_word' id='word_1_815' title='bbox 2844 5319 2899 5363; x_wconf 84' lang='lat' dir='ltr'><strong>et</strong></span> <span class='ocrx_word' id='word_1_816' title='bbox 2924 5309 3344 5364; x_wconf 88' lang='lat' dir='ltr'><strong>dominationes.</strong></span> 
     </span>
    </p>
   </div>
   <div class='ocr_carea' id='block_1_117' title="bbox 2085 5492 3654 5560">
    <p class='ocr_par' dir='ltr' id='par_1_117' title="bbox 2085 5492 3654 5560">
     <span class='ocr_line' id='line_1_117' title="bbox 2085 5492 3654 5560; baseline -0.002 -11"><span class='ocrx_word' id='word_1_817' title='bbox 2085 5494 2247 5549; x_wconf 71' lang='lat' dir='ltr'><strong>Vens.</strong></span> <span class='ocrx_word' id='word_1_818' title='bbox 2293 5493 2380 5556; x_wconf 84' lang='grc'>10,</span> <span class='ocrx_word' id='word_1_819' title='bbox 2419 5494 2506 5547; x_wconf 78' lang='lat' dir='ltr'><strong>ll.</strong></span> <span class='ocrx_word' id='word_1_820' title='bbox 2547 5493 2800 5548; x_wconf 84' lang='lat' dir='ltr'><strong>Descendi</strong></span> <span class='ocrx_word' id='word_1_821' title='bbox 2842 5495 2896 5547; x_wconf 86' lang='lat' dir='ltr'><strong>in</strong></span> <span class='ocrx_word' id='word_1_822' title='bbox 2926 5494 3135 5547; x_wconf 81' lang='lat' dir='ltr'><strong>hortum</strong></span> <span class='ocrx_word' id='word_1_823' title='bbox 3173 5509 3386 5560; x_wconf 89' lang='lat' dir='ltr'><strong>nucum,</strong></span> <span class='ocrx_word' id='word_1_824' title='bbox 3416 5502 3474 5544; x_wconf 89' lang='lat' dir='ltr'><strong>ut</strong></span> <span class='ocrx_word' id='word_1_825' title='bbox 3513 5492 3654 5546; x_wconf 79' lang='lat' dir='ltr'><strong>vide-</strong></span> 
     </span>
    </p>
   </div>
   <div class='ocr_carea' id='block_1_118' title="bbox 2148 5563 3652 5632">
    <p class='ocr_par' dir='ltr' id='par_1_118' title="bbox 2148 5563 3652 5632">
     <span class='ocr_line' id='line_1_118' title="bbox 2148 5563 3652 5632; baseline -0.003 -13"><span class='ocrx_word' id='word_1_826' title='bbox 2148 5581 2255 5619; x_wconf 88' lang='lat' dir='ltr'><strong>rem</strong></span> <span class='ocrx_word' id='word_1_827' title='bbox 2305 5580 2459 5631; x_wconf 83' lang='lat' dir='ltr'><strong>poma</strong></span> <span class='ocrx_word' id='word_1_828' title='bbox 2512 5563 2826 5617; x_wconf 80' lang='lat' dir='ltr'><strong>convallium</strong></span> <span class='ocrx_word' id='word_1_829' title='bbox 2869 5575 2916 5617; x_wconf 90' lang='lat' dir='ltr'><strong>et</strong></span> <span class='ocrx_word' id='word_1_830' title='bbox 2941 5565 3250 5632; x_wconf 84' lang='lat' dir='ltr'><strong>inspicerem</strong></span> <span class='ocrx_word' id='word_1_831' title='bbox 3300 5567 3344 5618; x_wconf 88' lang='lat' dir='ltr'><strong>si</strong></span> <span class='ocrx_word' id='word_1_832' title='bbox 3385 5564 3652 5632; x_wconf 74' lang='lat' dir='ltr'><strong>ﬂoruisset</strong></span> 
     </span>
    </p>
   </div>
   <div class='ocr_carea' id='block_1_119' title="bbox 2146 5631 3652 5706">
    <p class='ocr_par' dir='ltr' id='par_1_119' title="bbox 2146 5631 3652 5706">
     <span class='ocr_line' id='line_1_119' title="bbox 2146 5631 3652 5706; baseline -0.003 -17"><span class='ocrx_word' id='word_1_833' title='bbox 2146 5637 2317 5699; x_wconf 71' lang='lat' dir='ltr'><strong>vinea,</strong></span> <span class='ocrx_word' id='word_1_834' title='bbox 2363 5643 2409 5687; x_wconf 87' lang='lat' dir='ltr'><strong>et</strong></span> <span class='ocrx_word' id='word_1_835' title='bbox 2442 5635 2820 5704; x_wconf 81' lang='lat' dir='ltr'><strong>germinassent</strong></span> <span class='ocrx_word' id='word_1_836' title='bbox 2855 5635 2994 5688; x_wconf 88' lang='lat' dir='ltr'><strong>mala</strong></span> <span class='ocrx_word' id='word_1_837' title='bbox 3029 5631 3246 5704; x_wconf 73' lang='lat' dir='ltr'><strong>punica.</strong></span> <span class='ocrx_word' id='word_1_838' title='bbox 3268 5665 3334 5675; x_wconf 89' lang='lat'><strong>-—</strong></span> <span class='ocrx_word' id='word_1_839' title='bbox 3355 5631 3543 5706; x_wconf 76' lang='lat' dir='ltr'><strong>(LXX,</strong></span> <span class='ocrx_word' id='word_1_840' title='bbox 3566 5631 3652 5685; x_wconf 77' lang='lat' dir='ltr'><strong>Ibi</strong></span> 
     </span>
    </p>
   </div>
  </div>
