4172 6398
569 358 674 413 979

1455 353 2017 412 SUPPLEMEN'I‘UM
2060 351 2150 405 AD
2186 349 2510 410 ORIGENIS
2544 354 2951 412 EXEGETICA.

3726 365 3830 422 280

643 477 780 530 dabo
810 475 900 526 tibi
933 474 1091 527 ubera
1122 491 1257 536 mea,
1289 482 1438 556 terra
1467 485 1553 556 est.
1585 475 1718 556 sicut
1763 474 1939 526 anima
1990 489 2103 526 mea

2214 515 2219 530 ,
2309 473 2428 556 σοι·
2461 471 2739 556 γῆαέγζτιν
2757 477 2838 540 ὡς
2867 477 2905 543 ἠ
2940 477 3108 545 ψυχή
3130 495 3268 546 μου·
3294 478 3463 534 ἔθετό
3471 497 3549 549 με
3599 483 3828 552 ἅρματα

640 547 812 616 posuit
848 561 928 599 me
956 547 1242 614 quadrigas
1270 545 1612 614 Aminadab.)

637 635 1046 706 Quodammodo
1065 634 1196 705 justi
1230 647 1399 689 nuces
1427 642 1586 696 sunt,
1621 634 1858 690 ferentes
1881 633 2140 696 fructum,

563 744 691 785 cum
723 729 790 783 ad
818 727 989 782 Deum
1020 735 1210 781 sancte
1243 726 1518 781 coluntur.
1553 726 1864 782 Claustrum
1901 728 2141 781 circum-

563 822 658 876 dat
692 835 811 887 eas,
860 819 1119 875 acerbum
1146 819 1366 888 quidem
1413 829 1575 888 atque
1608 833 1875 884 amarum,
1907 827 1965 874 et
2005 819 2141 873 ado-

562 913 828 968 rientibus
886 910 1120 966 diﬂicile.
1172 915 1356 979 Atque
1408 911 1571 964 etiam
1640 920 1857 966 torrens
1914 912 2142 965 tentstio

563 1005 764 1060 dicitur
821 1005 1123 1058 secundum
1171 1003 1326 1069 illud,
1379 1012 1636 1057 torrentes
1688 1005 1899 1058 transiit
1959 1006 2141 1058 anima

561 1105 742 1150 nostra
800 1095 868 1148 δ’.
914 1094 1096 1150 Voluit
1151 1096 1318 1166 igitur
1348 1110 1546 1162 sponsa
1591 1097 1645 1148 in
1684 1101 1895 1149 hortum
1945 1112 2140 1152 nucum

555 1188 908 1253 descendens,
932 1188 1141 1244 scilicet
1162 1203 1193 1243 e
1216 1188 1466 1258 paradiso
1483 1203 1702 1259 egressa
1734 1189 1799 1242 ad
1825 1191 1964 1245 hanc
1989 1190 2139 1246 labo-

557 1294 679 1333 rum
720 1279 909 1342 vitam,
942 1280 1127 1334 videre
1155 1279 1351 1334 mirum
1383 1280 1621 1350 aliquem
1656 1281 1855 1335 hiemis
1875 1280 2133 1348 fructum,

554 1369 771 1422 obscuri
799 1367 1038 1422 ﬂuminis
1064 1386 1079 1435 ;
1107 1379 1198 1422 aut
1224 1371 1518 1424 secundum
1546 1369 1938 1441 Symmachum
1963 1412 1979 1435 ,
2036 1372 2130 1425 de—

552 1460 756 1512 scendit
807 1467 868 1512 ut
919 1460 1153 1526 uideret,
1205 1475 1272 1514 an
1307 1461 1514 1514 fructus
1558 1461 1744 1516 ederet
1795 1462 1916 1517 vita:
1947 1461 2127 1529 lacus;

550 1559 715 1617 atque
743 1550 908 1603 etiam
944 1551 1127 1604 videre
1151 1550 1197 1603 si
1217 1551 1486 1620 ﬂoruisset
1521 1554 1694 1616 uinea,
1737 1567 1857 1621 qua:
1895 1553 2128 1608 hiemem

549 1638 767 1708 refugit,
799 1654 1003 1708 verque
1032 1638 1276 1705 festinat,
1303 1641 1528 1695 Pascha:
1561 1651 1777 1710 tempus
1811 1651 1868 1695 et
1891 1643 2127 1712 Azymo-

547 1744 668 1784 rum
713 1729 859 1784 festi.
929 1730 1082 1784 Tunc
1120 1732 1265 1784 enim
1301 1741 1450 1786 amat
1496 1731 1784 1788 florescere
1831 1733 1884 1786 in
1937 1731 2124 1787 Iudaea

2330 543 2666 612 Ἀμιναδάϐ.

2316 633 2473 686 Κατά
2501 651 2554 687 τι
2601 635 2950 706 παράδειγμα
2986 639 3034 690 oi
3077 637 3276 692 δίκαιοι
3312 640 3511 712 καρύαι
3559 645 3685 707 εἰσὶ,
3730 645 3826 714 φέ-

2247 739 2431 792 ροντες
2460 727 2671 796 καρπὸν
2700 727 2788 781 διά
2829 728 2928 799 τὴν
2962 730 3098 800 πρὸς
3133 730 3265 785 Θεὸν
3295 732 3592 803 θεραπείαν
3625 738 3826 808 ἱερατι-

2244 814 2364 886 κὴν,
2415 815 2501 870 διὰ
2530 818 2590 870 τὸ
2620 819 2781 889 ἕρκος
2822 819 2964 890 ἔχειν
3010 823 3137 892 περὶ
3169 825 3328 878 αὑτά·
3368 829 3397 878 ὁ
3424 827 3522 897 μέν
3541 845 3594 881 τι
3629 831 3824 901 πικρὸν

2243 908 2336 961 καὶ
2373 909 2622 979 χολῶδες,
2675 912 2858 983 ἕτερον
2881 913 2940 966 δέ
2970 931 3022 966 τι
3063 915 3297 987 σκληρὸν
3335 918 3443 972 τῶν
3477 921 3819 991 πειρασμῶν·

2241 999 2374 1054 ἀλλὰ
2403 1001 2494 1054 καὶ
2538 1003 2870 1076 χειμάρρους
2894 1007 2922 1058 ὁ
2968 1008 3272 1079 πειρασμὸς
3303 1009 3530 1080 λέγοιτο·
3567 1015 3708 1068 κατὰ
3737 1017 3818 1080 τὸ,

2240 1091 2595 1161 χειμάρρους
2621 1093 2870 1164 διῆλθεν
2906 1099 2944 1166 ή
2971 1099 3141 1170 ψυχὴ
3176 1101 3361 1170 ἡμῶν·
3405 1104 3678 1178 ἡῦουλήθη
3709 1110 3821 1162 τοί-

2239 1202 2332 1237 νυν
2367 1187 2399 1255 ὴ
2422 1186 2608 1258 νύμφη
2649 1190 2934 1243 καταϐᾶσα
2953 1194 3041 1257 εἰς
3063 1193 3170 1247 τὸν
3202 1193 3400 1262 κῆπον
3426 1194 3535 1264 τῆς
3567 1201 3814 1268 καρύας,

2235 1278 2512 1331 τουτέστιν
2532 1280 2836 1335 ἐκπεσοῦσα
2856 1282 2927 1335 τὰ
2949 1283 3025 1354 (1)
3044 1286 3370 1352 παραδείσου
3405 1289 3541 1360 πρὸς
3563 1291 3660 1361 τὴν
3698 1294 3818 1345 ἐπί-

2238 1366 2436 1437 μοχθον
2467 1369 2669 1441 ταύτην
2699 1372 2861 1444 ζωὴν,
2893 1375 3019 1430 ἰδεῖν
3044 1378 3343 1447 παράδοξόν
3367 1397 3419 1433 τι
3445 1381 3691 1452 γέννημα
3721 1383 3813 1437 τοῦ

2233 1461 2500 1530 χειμῶνος
2540 1464 2759 1533 ῥέοντος
2783 1466 2993 1538 μαύρου
3024 1469 3291 1539 ποταμοῦ·
3319 1472 3374 1542 ἢ,
3419 1473 3560 1526 κατὰ
3589 1473 3815 1545 Σύμμα-

2231 1571 2345 1623 χον,
2380 1556 2598 1623 κατέϐη
2612 1559 2825 1625 μαθεῖν
2874 1563 2922 1614 εί
2968 1563 3002 1632 ἡ
3037 1562 3252 1634 φάρυγξ
3309 1563 3402 1618 τοῦ
3437 1565 3550 1635 βίου
3592 1565 3814 1640 ὀπώρας

2229 1644 2362 1716 ἔχει·
2390 1646 2528 1700 ἀλλὰ
2561 1650 2656 1704 καὶ
2683 1651 2808 1704 ίδεῖν
2830 1655 2882 1706 εί
2907 1653 3176 1722 ἤνθησεν
3209 1657 3248 1724 ἠ
3278 1656 3565 1725 ἄμπελος,
3589 1659 3813 1728 διαφεύ-

2229 1755 2399 1806 γουσα
2432 1740 2523 1794 τὸν
2557 1743 2820 1812 χειμῶνα·
2845 1747 2938 1798 καὶ
2965 1747 3024 1799 τὸ
3059 1747 3160 1819 ἔαρ
3201 1749 3474 1818 φθάσασα,
3496 1752 3586 1804 τὸν
3621 1753 3814 1825 καιρὸν

545 1819 712 1885 vitis;
773 1829 820 1873 et
869 1821 916 1874 si
964 1824 1346 1890 germiuassent
1390 1825 1534 1876 mala
1592 1824 1824 1891 punica,
1886 1838 2111 1892 quarum

2229 1829 2322 1882 τοῦ
2377 1832 2569 1902 Πάσχα
2611 1835 2706 1887 καὶ
2750 1835 2853 1906 τῆς
2883 1836 2992 1890 τῶν
3032 1815 3257 1909 ἀζύμων
3299 1841 3511 1913 ἑορτῆς·
3552 1845 3673 1897 τότε
3704 1815 3814 1918 γάρ

544 1906 756 1964 fructus
794 1910 1020 1971 multus,
1049 1919 1106 1965 et
1133 1923 1284 1966 certo
1311 1913 1500 1967 ordine
1527 1913 1626 1967 sub
1654 1915 1890 1983 tegmine
1925 1917 2125 1970 coadu-

542 2010 724 2054 natus.
759 1998 860 2054 Cui
895 2001 1113 2069 quidem
1151 2002 1524 2056 assimilantur
1546 2018 1758 2073 sponsae
1786 2007 1977 2061 ubera.
2021 2006 2124 2061 Hic

537 2093 710 2157 enim,
740 2093 838 2158 ait,
874 2094 1007 2146 dabo
1047 2093 1144 2146 tibi
1173 2093 1332 2148 ubera
1365 2107 1478 2148 mea
1507 2095 1576 2160 ”,
1626 2096 1678 2151 id
1726 2107 1809 2152 est
1865 2106 2119 2154 mentem.

538 2183 608 2234 At
644 2182 879 2247 nescivit,
909 2183 1006 2246 ait,
1036 2184 1216 2236 anima
1244 2200 1383 2250 mea,
1411 2196 1466 2239 et
1484 2186 1769 2256 promissis
1792 2188 1906 2242 suis
1926 2189 2119 2256 defuit,

538 2283 661 2324 cum
689 2286 718 2324 a
767 2286 826 2326 se
857 2272 970 2342 ipsa
1006 2273 1302 2342 quidquam
1332 2273 1515 2330 facere
1547 2277 1822 2346 nequiret.
1876 2276 1983 2332 Sed
2012 2294 2120 2335 non

537 2363 795 2419 derelicta
837 2380 955 2418 sum
1004 2364 1056 2418 in
1107 2366 1246 2421 istis.
1297 2363 1460 2420 Pater
1506 2368 1650 2422 enim
1687 2367 1964 2437 Naasson,
2011 2372 2119 2426 dux

533 2457 718 2527 populi
757 2458 860 2512 mei
896 2457 1224 2523 Aminadab,
1257 2474 1342 2514 me
1368 2459 1470 2530 ipsi
1517 2462 1810 2531 quadrigas
1838 2478 1957 2518 esse
1983 2463 2113 2519 effe-

535 2550 612 2603 cit
657 2567 670 2602 :
703 2547 954 2604 Naasson
986 2560 1168 2604 autem
1202 2553 1459 2622 serpentis
1481 2553 1674 2606 similis
1700 2554 2113 2624 interpretatur,

533 2641 638 2696 dux
669 2642 849 2712 populi
879 2657 1123 2712 sponsae;
1154 2643 1241 2698 hic
1275 2645 1579 2701 Aminadab
1604 2688 1619 2710 ,
1653 2647 1744 2716 qui
1779 2647 1831 2702 in
1863 2647 2115 2706 Numeris

531 2743 689 2803 pater
745 2734 864 2788 duci
936 2733 1109 2790 tribus
1177 2734 1328 2791 Judze
1384 2735 1631 2793 Naasson
1693 2739 1760 2806 “,
1820 2741 2114 2811 allegorice

529 2825 808 2880 Christum
883 2827 1081 2881 innuit.
1121 2827 1311 2898 Igitur,
1359 2829 1503 2885 sicut
1556 2831 1732 2888 Moses
1784 2834 1838 2888 in
1892 2833 2112 2890 deserto

528 2927 838 2986 serpentem
890 2917 1147 2974 exaltavit
1177 2921 1244 2988 “,
1297 2921 1398 2985 sic,
1447 2922 1642 2991 inquit,
1682 2926 1969 2995 quadrigas
2032 2944 2112 2982 me

527 3007 800 3062 collocavit
841 3011 968 3078 sibi,
997 3022 1232 3068 mentem
1266 3028 1439 3070 meam
1463 3015 1792 3086 gubernans.

530 3313 692 3370 Vzns.
722 3314 808 3369 ιε.
842 3316 1132 3381 lierertere,
1160 3329 1433 3402 reuertere,
1465 3324 1744 3380 Sulamitis
1767 3342 1788 3390 ;
1836 3341 2109 3398 revertere,

929 3402 1188 3444 revertere
1220 3403 1272 3443 ut
1300 3404 1604 3448 intueantur
1631 3407 1699 3450 τε.

1111 3508 1340 3566 CAPUT
1396 3511 1508 3565 VII.

523 3587 689 3646 Vsus.
745 3594 799 3676 1.ἶ
815 3675 821 3676 7
857 3592 1005 3676 Quid
1068 3599 1293 3676 uidebis,
1338 3603 1394 3656 in
1458 3602 1763 3660 Sttlantite?
1809 3604 1945 3660 Ecce
1993 3610 2106 3676 ipsa

588 3665 821 3740 procedit
851 3669 1005 3740 quasi
1044 3670 1191 3740 chori
1234 3665 1566 3740 castrorum;
1620 3679 1855 3732 ascettdit
1893 3665 2032 3733 enim
2079 3697 2107 3735 e

592 3732 809 3788 lavacro
838 3732 975 3788 sicut
1006 3738 1245 3808 angelica
1285 3745 1521 3812 agmina.

587 3847 787 3917 Aquila
836 3860 894 3905 et
925 3852 1114 3920 quinta
1166 3857 1456 3912 translatio
1497 3857 1755 3915 Sulabitis
1788 3862 2102 3932 ediderunt,

513 3951 631 4008 qua:
681 3950 761 3993 est
785 3942 1098 4011 paciﬁcans.
1134 3946 1295 4016 Atqui
1347 3962 1547 4017 sponsa
1592 3959 1676 4006 est
1715 3953 1862 4008 verbi
1898 3956 2100 4022 anima,

519 4025 720 4082 Christi
767 4030 1031 4099 Ecclesia,
1085 4044 1376 4104 propterea
1434 4040 1578 4108 quod
1639 4057 1804 4096 unum
1835 4044 2014 4100 eifecit
2043 4057 2100 4103 et

515 4126 840 4180 munimenti
875 4131 1112 4185 medium
1145 4148 1358 4187 murum
1393 4136 1632 4192 sustulit.
1668 4137 1796 4195 Sive
1827 4142 1900 4196 sit
1936 4140 2097 4199 Sala-

513 4218 679 4286 mitis,
704 4221 818 4274 sive
842 4221 1076 4289 spoliatti
1093 4228 1394 4282 secundum
1432 4229 1825 4300 Symmachum
1852 4234 2006 4303 dicit,
2045 4238 2095 4294 ei

507 4326 792 4380 sponsus:
828 4314 873 4369 Ο
907 4315 1175 4385 spoliata,
1233 4318 1488 4392 factaque
1537 4326 1640 4380 sub
1690 4326 1897 4383 ditione
1948 4330 2094 4386 illius

509 4404 604 4473 qui
642 4415 694 4459 te
720 4407 993 4475 captivam
1026 4411 1200 4474 duxit,
1232 4423 1489 4469 revertere
1521 4417 1574 4470 in
1603 4418 1889 4487 pristinam
1918 4422 2096 4490 digni-

2230 1923 2374 1991 φιλεί
2405 1923 2584 1978 ἀνθεῖν
2607 1927 2663 1979 ἐν
2693 1930 2760 1997 τῇ
2812 1928 3088 2001 Ἰουδαίᾳή
3130 1930 3390 2000 ἄμπελος·
3425 1935 3520 1987 καὶ
3551 1938 3603 1989 εί
3633 1935 3817 2004 ἤνθη-

2229 2033 2350 2070 σαν
2387 2021 2446 2072 αἱ
2491 2020 2642 2086 ῥόαι,
2681 2013 2757 2074 ὧν
2803 2023 2831 2075 ὁ
2861 2023 3073 2093 καρπὸς
3106 2024 3291 2090 πολὺς,
3321 2026 3414 2080 καὶ
3435 2026 3584 2091 τάξει
3617 2046 3814 2101 περιει-

2229 2111 2506 2182 λημμένος
2545 2113 2652 2165 ὑπὸ
2678 2113 2773 2166 τοῦ
2801 2113 3016 2178 λέπους·
3043 2108 3087 2184 ᾧ
3119 2117 3395 2187 ὡμοίωται
3419 2120 3479 2172 τὸ
3522 2121 3691 2192 μῆλον
3715 2123 3812 2194 τῆς

2228 2205 2465 2276 νύμφης·
2486 2206 2610 2259 ἐκεῖ
2629 2207 2705 2269 δὲ,
2727 2210 2879 2278 φησὶ,
2904 2208 3075 2263 δώσω
3098 2227 3197 2264 σοι
3219 2212 3361 2278 τοὺς
3369 2215 3643 2281 μαστούς
3668 2233 3810 2284 μου,

2225 2297 2471 2350 τουτέστι
2500 2299 2559 2351 τὸ
2577 2300 2924 2369 ἡγεμονικόν·
2951 2303 3089 2356 ἀλλ’
3112 2303 3398 2371 ἠγνόησε,
3425 2306 3609 2374 φησὶν,
3641 2308 3679 2374 ἡ
3696 2309 3812 2375 wu-

2225 2389 2304 2458 χή
2321 2406 2463 2458 μου,
2498 2391 2591 2443 καὶ
2631 2389 2726 2461 τὴν
2768 2391 3060 2460 ὑπόσχεσιν
3106 2392 3383 2462 ἔψευσται,
3430 2395 3504 2465 μὴ
3539 2395 3807 2467 δυναμένη

2223 2480 2316 2548 ἀφ’
2331 2480 2529 2550 ἑαυτῆς
2561 2497 2612 2532 τι
2644 2484 2834 2534 ποιεῖν·
2865 2482 2980 2535 ἀλλ’
3013 2484 3113 2536 ούκ
3146 2483 3478 2555 ἀπελείφθην
3502 2488 3558 2541 ἐν
3577 2488 3808 2553 τούτοις·

2220 2572 2250 2626 ὁ
2304 2570 2412 2642 γὰρ
2437 2571 2621 2643 πατὴρ
2675 2571 2767 2625 τοῦ
2796 2573 3066 2628 Ναασσών
3097 2577 3126 2628 ό
3160 2577 3340 2648 ἄρχων
3380 2577 3472 2629 τοῦ
3523 2577 3656 2631 λαοῦ
3706 2597 3806 2649 μου

2233 2664 2550 2734 Ἀμιναδάϐ,
2589 2665 2740 2718 ἔθετό
2768 2684 2835 2738 με
2870 2666 3046 2738 ἑαυτῷ
3067 2664 3204 2722 εἶναι
3231 2669 3470 2740 ἅρματα·
3505 2672 3808 2725 Ναασσὼν

2217 2756 2274 2810 δὲ
2307 2756 2565 2825 ὀφιώὸης
2587 2759 2968 2829 ἑρμηνεύεται·
3010 2763 3039 2814 ὁ
3063 2761 3244 2833 ἄρχων
3267 2761 3359 2815 τοῦ
3381 2761 3508 2814 λαοῦ
3541 2761 3640 2831 τῆς
3666 2762 3806 2841 νύμ-

2219 2866 2344 2921 φης.
2384 2851 2678 2920 Ἀμιναδὰῦ
2718 2851 2776 2904 δὲ
2804 2847 2956 2916 οὗτος
2992 2855 3021 2906 ὁ
3064 2854 3121 2907 ὲν
3166 2853 3440 2926 Ἀριθμῶνς
3487 2855 3667 2926 πατὴρ
3707 2855 3802 2910 τοῦ

2217 2942 2475 3013 ἄρχοντος
2505 2944 2603 3015 τῆς
2639 2943 2812 3014 φυλῆς
2848 2945 3017 2999 Ἰούδα
3043 2946 3329 3000 Ναασσών·
3367 2948 3425 3011 ὃς
3455 2949 3805 3020 μεταλαμϐάι-

2216 3050 2363 3086 νεται
2390 3037 2470 3098 είς
2503 3035 2592 3088 τὸν
2618 3036 2868 3107 Χριστόν·
2903 3036 2990 3090 διὰ
3022 3037 3103 3101 τὸ,
3139 3038 3321 3103 καθὼς
3351 3039 3591 3108 Μωῦσῆς
3621 3039 3806 3110 ὓψωσε

2141 3175 2183 3231 C
2216 3125 2306 3177 τὸν
2338 3125 2461 3194 ὅφιν
2506 3128 2564 3179 ἐν
2611 3130 2676 3198 τῇ
2724 3130 2937 3200 ἐρήμῳ,
2982 3130 3174 3194 οὕτως,
3228 3132 3412 3202 φησὶν,
3455 3131 3689 3201 ἅρματά
3729 3150 3807 3203 με

2215 3219 2384 3274 ἔθετο
2418 3220 2596 3292 ἐαυτῷ
2623 3221 2854 3293 ἡνιοχῶν
2887 3241 2990 3292 μου
3020 3226 3145 3288 τοὺς
3177 3225 3489 3297 λογισμούς.

2228 3327 2604 3409 Ἐπίστρερε,
2638 3330 2972 3409 ἐπίστρεφε.
3056 3337 3426 3409 Σρυλαϐίτις·
3456 3337 3800 3409 ἐπίστρεφε,

2500 3399 2842 3471 ἐπίστρεφε·
2879 3399 2976 3460 καὶ
3003 3399 3268 3475 ὀψόμεθα
3293 3407 3362 3459 ἐν
3382 3399 3513 3460 σοί.

2741 3517 3139 3573 ΚΕΦΑΛΑΙΟΝ
3191 3523 3265 3574 Z'.

2216 3606 2276 3658 Τί
2305 3605 2617 3690 ὅψεσθεὲν
2635 3609 2709 3677 τῇ
2734 3612 3220 3690 Σρυνίᾳϐίτιᾷιςξή
3251 3616 3544 3690 ἐρχομένη
3585 3621 3666 3685 ὠς
3693 3639 3799 3690 χο-

2271 3679 2384 3757 poi~
2405 3677 2524 3757 τῷν
2547 3691 2741 3757 παρεμ
2779 3680 2992 3757 ὄολῷν·
3013 3677 3217 3757 ,ἀνέϐη
3378 3677 3446 3741 ἐκ
3487 3677 3593 3744 τοῦ
3615 3677 3796 3746 λοῦτ-

2270 3748 2408 3815 ροῦ,
2443 3749 2524 3814 ὡς
2551 3751 2625 3802 τὰ
2649 3748 2934 3821 dﬁcitur}
2953 3748 3241 3824 ta'yyatct.

2289 3863 2521 3929 Ἀκύλας
2538 3866 2630 3919 καὶ
2654 3869 2687 3938 ἡ
2732 3867 2958 3941 πέμπτη
2986 3870 3219 3937 ἐκδοσις,
3244 3873 3304 3926 τὸ
3331 3877 3686 3942 Σουλαὸίτις
3711 3877 3798 3942 ἐξ-

2205 3954 2433 4020 έδωκαν,
2454 3961 2855 4026 είρηνεύουσα
2871 3961 3002 4031 γάρ·
3031 3963 3147 4017 ἔστι
3177 3965 3232 4017 δὲ
3253 3967 3284 4035 ἡ
3313 3966 3497 4040 νύμφη
3525 3969 3618 4020 τοῦ
3637 3969 3797 4036 λόγου

2200 4045 2368 4118 ψυχὴ,
2400 4049 2434 4119 ἡ
2466 4048 2560 4102 τοῦ
2587 4051 2824 4122 Χριστοῦ
2853 4052 3170 4125 Ἐκκλησία,
3189 4055 3278 4108 διὰ
3304 4056 3394 4110 τὸν
3422 4061 3720 4129 ποιήσαντα
3735 4059 3796 4113 τὸ

2201 4140 2281 4204 ἓν,
2306 4143 2400 4195 καὶ
2428 4142 2488 4195 τὸ
2515 4143 2831 4215 μεσότοιχον
2850 4145 2946 4199 τοῦ
2978 4148 3232 4219 φραγμοῦ
3256 4149 3511 4203 λύσαντα·
3541 4151 3637 4204 ἐὰν
3663 4152 3718 4204 δὲ
3753 4155 3788 4222 ἡ

2199 4236 2579 4301 Σουλαμίτις,
2607 4237 3104 4308 ῆέσκυλευμένη,
3138 4242 3279 4294 κατὰ
3306 4242 3624 4314 Σύμμαχον,
3649 4245 3794 4312 λέγοι

2197 4325 2264 4380 ἂν
2291 4329 2427 4400 πρὸς
2455 4329 2624 4400 αὐτὴν
2654 4331 2683 4381 ό
2705 4328 3038 4402 νυμφίος,Ὦ
3067 4333 3434 4406 ἐσκυλευμένη
3464 4337 3558 4389 καὶ
3581 4337 3684 4390 ὑπὸ
3716 4337 3794 4408 τῷ

2197 4420 2659 4492 αίχμαλωτίσαντί
2713 4438 2772 4475 σε
2812 4426 3174 4497 γεγενημένη,
3215 4427 3538 4497 ἐπίστρεφε
3577 4430 3658 4492 εἰς
3694 4429 3792 4500 τὴν

511 4503 701 4560 tatem,
753 4514 896 4554 nunc
936 4502 1154 4570 quidem
1205 4505 1348 4559 sicut
1397 4507 1450 4561 in
1500 4509 1769 4580 principio
1821 4515 2095 4584 accipiens

2214 4514 2472 4586 προτέραν
2513 4514 2812 4583 εὐγένειαν·
2859 4515 2958 4569 νῦν
2993 4517 3089 4587 μὲν
3120 4517 3196 4582 ώς
3241 4520 3300 4571 ἐν
3325 4519 3548 4592 ἀπαρχῇ
3583 4519 3796 4591 λαμϐά-

506 4587 819 4656 adaptionis
878 4592 1122 4661 pignus,
1175 4610 1438 4666 spemque
1498 4604 1942 4672 resurrectionis,
2001 4620 2095 4666 aut

507 4680 890 4746 promissionis
921 4693 975 4736 et
1019 4683 1446 4756 incorruptionis
1477 4693 1882 4753 vestimentum.
1931 4699 2094 4760 Pres-

504 4770 620 4824 sius
643 4786 762 4824 eam
796 4773 1124 4829 exhortatur
1152 4793 1168 4832 :
1202 4794 1478 4836 revertere.
1505 4782 1659 4840 Nunc
1688 4789 1834 4845 enim
1866 4792 2094 4864 impera-

505 4861 618 4914 tive
646 4863 798 4918 addit
830 4884 844 4919 :
873 4875 929 4918 ut
951 4865 1260 4923 intueamur
1307 4883 1378 4926 te.
1432 4873 1708 4936 Sodalium
1742 4899 1873 4940 vero
1904 4861 2090 4957 sponsi

505 4954 574 5007 ad
624 4970 881 5024 sponsam
943 4957 1059 5014 hazc
1113 4974 1232 5016 esse
1281 4965 1447 5020 verba
1481 4969 1758 5030 existimo.
1809 4978 1892 5032 Ad
1937 4954 2092 5048 quos

503 5059 761 5113 sponsus,
823 5050 966 5114 Quid
1003 5052 1241 5110 videbitis
1263 5057 1290 5111 .9
1321 5062 1560 5130 subjicit.
1607 5067 1886 5122 Assimilat
1917 5073 2093 5129 victo-

501 5152 626 5190 rum
657 5143 944 5198 exercitui.
978 5143 1092 5200 Una
1121 5150 1266 5203 enim
1285 5165 1482 5219 sponsa
1514 5157 1713 5212 multas
1758 5161 1906 5216 acies
1930 5163 2091 5220 habet

2197 4626 2363 4662 νουσα
2386 4610 2482 4680 τῆς
2515 4609 2788 4675 υἱοθεσίας
2816 4611 2908 4665 τὸν
2930 4612 3249 4683 ἀρραϐῶνα,
3287 4615 3382 4668 καὶ
3410 4615 3508 4685 τὴν
3539 4616 3638 4686 τῆς
3663 4617 3792 4670 ἀνα-

2199 4702 2442 4766 στάσεως
2499 4702 2709 4758 ἐλπίδα·
2771 4705 2866 4757 ἐὰν
2920 4705 2978 4758 δέ
3023 4706 3121 4777 τῆς
3167 4707 3498 4775 ἐπαγγελίας
3555 4709 3649 4762 καὶ
3691 4709 3790 4780 τῆς

2195 4795 2507 4866 ἀφθαρσίας
2545 4795 2606 4848 τὸ
2639 4795 2870 4868 ἔνδυμα,
2892 4798 3221 4868 πυκνότερον
3250 4798 3306 4851 δὲ
3333 4800 3412 4862 εἰς
3453 4799 3784 4871 προτροπὴν,

2194 4888 2256 4942 τὸ
2287 4889 2628 4959 ἐπίστρεφε·
2661 4891 2784 4943 τότε
2805 4889 2914 4960 γάρ
2935 4907 3069 4960 φησι
3101 4891 3304 4962 κυρίως
3334 4891 3482 4945 ἐστὶν
3509 4891 3657 4945 ίδεῖν
3686 4907 3782 4945 σε·

2193 4979 2302 5032 τῶν
2336 4979 2571 5050 ἐταίρων
2604 4979 2661 5032 δὲ
2697 4979 2793 5032 τοῦ
2814 4981 3052 5051 νυμφίου
3087 4980 3224 5051 πρὸς
3256 4978 3354 5050 τὴν
3385 4980 3604 5052 νύμφην
3647 4976 3787 5032 εἶναι

2189 5070 2280 5123 τὸν
2298 5070 2454 5138 λόγον
2469 5068 2630 5123 δοκῶ·
2652 5071 2788 5140 πρὸς
2803 5069 2896 5132 οὓς
2916 5070 2945 5121 ὁ
2961 5069 3214 5140 νυμφίος,
3241 5070 3301 5124 Τί
3319 5069 3576 5138 directis;
3594 5068 3777 5139 φησίν·

2189 5163 2545 5228 ἀπεικάζεται
2581 5161 2639 5214 δὲ
2675 5161 3034 5231 νενικηκότων
3071 5161 3305 5232 στρατῷ·
3339 5161 3494 5232 ἡμία
3519 5160 3627 5231 γὰρ
3647 5159 3785 5230 νύμ-

501 5228 560 5280 in
595 5230 797 5298 seipsa.
850 5232 984 5288 Nam
1020 5251 1234 5306 sponsae
1277 5242 1547 5308 membra,
1605 5245 1891 5316 multiplici
1944 5252 2088 5306 serie

2214 5270 2259 5324 πη
2306 5253 2509 5323 πλῆθος
2553 5254 2612 5307 ἐν
2658 5254 2824 5323 ἑαυτῇ
2848 5228 2968 5321 *ἔχει
2997 5228 3476 5323 παρεμϐολῶνλττὰ
3501 5228 3610 5322 γάρ
3646 5228 3781 5323 μέλη

499 5321 828 5386 constantia,
851 5325 1001 5378 chori
1027 5328 1244 5396 quidem
1267 5341 1413 5398 sunt,
1445 5331 1611 5388 Deum
1641 5337 2085 5396 concelebrantes

498 5410 742 5464 unanimi
777 5426 1071 5482 concentu,
1119 5427 1174 5472 et
1223 5421 1379 5476 chori
1435 5433 1740 5481 castrorum
1781 5429 2072 5498 pacifican-

500 5500 658 5568 tium,
685 5514 846 5571 prout
876 5505 1064 5562 hostes
1088 5510 1450 5580 suslulerint;
1492 5519 1586 5571 sed
1627 5533 1734 5572 non
1760 5519 1872 5589 jam
1906 5523 2077 5590 figura

495 5593 644 5663 belli,
677 5612 800 5651 cum
829 5613 925 5666 pro
955 5605 1302 5660 versantibus
1336 5607 1388 5660 in
1425 5616 1667 5666 torrente
1689 5612 1922 5678 laborat,
1955 5634 2080 5685 spo-

2190 5347 2288 5416 τῆς
2312 5344 2530 5416 νύμφης
2580 5346 2902 5415 συστήματα
2956 5345 3292 5445 τυγχάνοντα
3339 5344 3584 5445 πλείονα,
3628 5343 3794 5445 χοροὶ1

2193 5437 2292 5506 μέν
2319 5439 2447 5499 εἰσι,
2469 5436 2549 5507 τῷ
2577 5437 2639 5489 τὸ
2665 5436 2808 5489 θεῖον
2837 5436 3028 5506 ὑμνεῖν
3069 5434 3374 5507 συμφώνως
3403 5434 3793 5502 θεολογοῦντεςῖ

2187 5530 2355 5601 αὐτῷ·
2415 5529 2496 5600 τῷ
2524 5530 2580 5582 δὲ
2612 5529 2862 5583 καθελεῖν
2904 5529 3031 5593 τοὺς
3088 5529 3378 5600 πολεμίους
3416 5511 3803 5620 παρεμῦολῶνξ

2183 5622 2474 5695 εἰρηνικῶν
2503 5621 2738 5692 ἔχοντες·
2768 5621 2883 5677 ἀλλ’
2915 5621 3099 5676 οὐκέτι
3135 5622 3322 5694 σχῆμα
3347 5620 3660 5692 πολεμικὸν,
3679 5619 3778 5692 τὴν

568 5717 611 5746 η
654 5713 800 5771 Psal.
827 5733 1018 5782 cum,
1051 5719 1102 5774 5.
1181 5719 1227 5752 ”
1262 5722 1418 5777 Cant.
1465 5740 1558 5790 VII,
1605 5726 1690 5782 li.
1773 5731 1817 5762 ⁸³
1858 5730 2014 5789 Num.
2052 5753 2090 5801 ι,

2255 5738 2299 5769 ³⁵
2341 5736 2498 5791 Num.
2535 5751 2647 5800 xu,
2676 5735 2731 5791 9.

565 5812 646 5881 (ί)
681 5812 775 5869 Τά.
809 5814 952 5886 Lege
981 5815 1094 5872 τοῦ.
1129 5817 1284 5873 Ευιτ.
1373 5885 1381 5890 ,
