4172 6406
382 362 483 417 231

1491 359 1790 417 SCHOLIA
1827 358 1896 412 IN
1934 358 2237 415 CANTICA
2277 359 2549 416 CANTIC.

3550 365 3658 422 282

379 477 523 550 ὑπὲρ
560 478 669 530 τῶν
713 478 772 531 ὲν
797 477 1086 550 χειμάρρῳ
1123 478 1406 550 καμοῦσαν
1439 480 1534 534 καὶ
1557 479 1848 534 σκυλεῖσαν
1901 478 1969 532 δι’

2077 479 2346 550 liatnrque
2375 482 2442 534 ab
2475 481 2562 535 iis.
2597 478 2658 534 ili
2691 479 3036 549 appellantur
3066 480 3225 536 amici
3263 483 3468 553 sponsi.
3518 482 3660 553 Spo-

381 567 597 633 αὸτούς·
639 569 1076 640 προσκαλοῦνται
1117 573 1166 624 οἱ
1200 571 1344 640 φίλοι
1371 571 1468 625 τοῦ
1500 572 1758 642 νυμφίου·
1784 571 1969 624 ἐσκυ-

379 660 646 731 λευμένη
682 659 792 732 γὰρ
830 663 1192 732 ἑρμηνεύεται
1239 664 1617 733 Σουλαμίτις·
1646 663 1970 731 ἐπίστρεφε

381 752 654 821 λέγοντες,
702 753 972 822 ὀψόμεθα
1011 754 1081 807 ἐν
1118 755 1240 807 σοί·
1277 753 1465 826 ἑώρων
1502 755 1611 826 γὰρ
1657 754 1827 825 αὐτῆς
1881 755 1972 807 τὸν

385 844 646 916 σκυλμδν,
701 845 801 899 οὐκ
831 844 1101 917 ἄκαρπον,
1134 847 1248 900 ἀλλ’
1300 848 1380 911 είς
1437 848 1670 919 χρηστὸν
1720 847 1974 919 τελευτή-

387 954 554 990 σαντα
593 937 787 1008 πέρας,
839 939 987 1002 ὅπως
1028 940 1153 1002 τοὺς
1184 940 1242 991 έν
1269 939 1348 1009 τῷ
1396 940 1684 1011 χειμάρρῳ
1709 956 1974 1010 κατακρι-

387 1028 1074 1100 θένταςζπαραδεδομένους
1115 1031 1194 1101 τῷ
1232 1033 1448 1102 Σατανᾷ
1475 1033 1554 1094 είς
1593 1030 1814 1103 ὄλεθρον
1871 1029 1973 1100 τῆς

387 1119 606 1190 σαρκὸς,
636 1119 1003 1190 παρελθόντας
1055 1119 1116 1173 τὸ
1157 1120 1252 1173 τοῦ
1284 1121 1584 1192 χειμάρρου
1627 1118 1792 1191 ὕδωρ,
1821 1135 1974 1190 νικη-

389 1211 584 1282 φόρους
606 1206 710 1282 ἦγε
735 1211 852 1282 μεθ’
875 1211 1092 1282 ἑαυτῆς,
1128 1210 1424 1280 ἐρχομένη
1458 1213 1538 1278 ὡς
1560 1212 1726 1280 χοροὶ
1755 1225 1975 1280 παρεμ-

389 1301 600 1366 ϐολῶν,
634 1302 744 1355 τῶν
790 1305 855 1355 ἐκ
895 1303 1132 1373 πολέμου
1185 1303 1659 1375 ὲπανερχομένων,
1700 1304 1794 1356 καὶ⁵
1832 1302 1974 1356 κατά

387 1391 618 1464 διάφορα
649 1395 972 1464 συστήματα
996 1395 1350 1464 χορευόντων,
1383 1395 1476 1446 καὶ
1501 1392 1800 1455 ἐπινικίους
1818 1393 1974 1463 ᾀδόν-

386 1497 491 1534 των
514 1481 606 1534 καὶ
628 1480 913 1549 λεγόντων·
949 1483 1150 1551 Κύριε,
1190 1483 1271 1548 ὡς
1297 1481 1464 1546 ὅπλῳ
1492 1481 1775 1549 εὐδοκίας
1807 1482 1977 1536 ἑστε-

388 1572 676 1642 φοὶνωσας
698 1574 876 1644 ἡμᾶς.

398 1663 628 1735 Ῥυθμοὶ
635 1665 843 1734 μηρῶν
857 1680 974 1721 σου
1000 1664 1195 1791 ὅμοιοέ
1214 1667 1548 1736 όρμίσκοις,
1571 1665 1750 1736 ἔργον
1763 1664 1976 1735 χειρῶν

1027 1754 1172 1791 τεγν
1197 1755 1324 1791 του.

1027 1754 1324 1806 τεχνίτου.

459 1827 734 1898 Πολλαχοῦ
775 1827 961 1882 τάττει
1014 1830 1141 1892 τοὺς
1191 1829 1400 1900 μηροὺς
1440 1828 1534 1881 ἐπὶ
1577 1826 1674 1898 τῆς
1707 1826 1976 1894 γενέσεως

385 1920 421 1993 ή
477 1921 699 1992 Γραφή·
746 1921 895 1992 δηλοῖ
938 1921 1115 1974 τοίνυν
1174 1920 1409 1974 ἐνταῦθα
1472 1921 1573 1991 τῆς
1634 1918 1852 1991 νύμφης
1910 1918 1972 1971 τὸ

383 2014 716 2085 τεταγμένον
765 2016 824 2068 ὲν
876 2013 954 2085 τῷ
986 2014 1086 2086 τῆς
1134 2015 1402 2084 γενέσεως
1445 2013 1629 2084 χωρίῳ
1662 2013 1757 2065 καὶ
1806 2010 1970 2084 εῦρυ-

385 2103 557 2180 θμον,
605 2109 776 2179 ὁμοίῳ
823 2105 1268 2180 περιτραχηλίοις
1329 2104 1858 2176 κατεσκευασμένοις
1902 2105 1970 2175 τῇ

383 2200 574 2272 ἀρετῇ.

397 2289 698 2359 Ὀμφαλός
728 2303 846 2342 σου
877 2285 1103 2359 κρατὴρ
1132 2285 1469 2359 τορνευτὸς,
1498 2284 1593 2359 μὴ.
1615 2283 1974 2351 ὑστερούμε-

451 2356 560 2424 νος
585 2359 798 2427 κρᾶμα·
825 2358 1030 2411 κοιλία
1053 2373 1190 2422 σου,
1233 2357 1496 2426 θημωνία
1527 2356 1702 2409 σίτου
1747 2369 1970 2422 πεφρα-

458 2429 647 2500 γμένη
675 2432 746 2483 ἐν
765 2430 1013 2496 κρίνοις.
1028 2476 1042 2490 ,

469 2523 590 2576 Ἐπὶ
616 2523 708 2574 τὸν
747 2519 987 2591 ὀμφαλὸν
1010 2519 1068 2571 δὲ
1098 2517 1190 2571 τὸν
1217 2517 1475 2590 κρατῆρα
1507 2518 1540 2587 ή
1579 2513 1740 2585 σοφία
1768 2528 1975 2582 συγκα-

382 2615 466 2668 λεῖ
494 2615 746 2682 λέγουσα·
770 2612 969 2675 Δεῦτε,
997 2611 1161 2664 πίετε
1192 2607 1363 2664 οἶνον
1385 2609 1461 2663 ὃν
1487 2607 1781 2677 κεκέρακα
1809 2606 1970 2678 ὑμῖν·

383 2710 478 2763 καὶ
497 2708 647 2779 δηλοῖ
664 2707 725 2759 τὸ
756 2704 1124 2776 πνευματικὸν
1154 2701 1391 2773 πνεῦμα·
1423 2701 1520 2755 καὶ
1549 2698 1859 2771 προσέθηκε
1882 2698 1976 2752 καὶ

386 2799 690 2870 θημωνίαν
717 2799 916 2863 σίτου,
954 2797 1042 2851 ῐνα
1061 2795 1162 2867 τὴν
1213 2793 1592 2865 πνευματικὴν
1634 2791 1839 2863 τροφὴν
1880 2809 1979 2863 ση-

387 2893 551 2964 μάνῃ·
579 2890 641 2943 τὸ
665 2890 790 2962 ,γὰρ
822 2889 1088 2959 θημωνία
1131 2890 1254 2943 ἀντὶ
1299 2887 1394 2942 τοῦ
1437 2884 1728 2957 συναγωγὴ
1765 2883 1976 2958 ἀρετῶν

382 2984 621 3055 πλήθους
649 2985 728 3046 είς
752 2981 810 3036 ἓν
837 2983 902 3052 τῇ
938 2979 1160 3051 ὁμονοίᾳ
1191 2978 1618 3049 συντεταγμένη.

452 3076 691 3149 Κρίναδ⁹
721 3077 788 3130 ἂν
818 3077 902 3146 εἴη
939 3075 1125 3128 καὶτὰ
1153 3074 1288 3144 ἄνθη
1319 3074 1421 3144 τῆς
1447 3076 1668 3146 χάριτος
1700 3074 1794 3129 τοῦ
1815 3075 1974 3142 Θεοῦ,

381 3169 418 3226 ἃ
443 3168 760 3234 συνελέξατο
790 3169 900 3223 ἀπὸ
941 3167 1105 3240 μέσου
1138 3166 1245 3220 τῶν
1275 3165 1370 3218 τοῦ
1397 3166 1511 3237 βίου
1531 3168 1807 3224 ἀκανθῶν.

498 3261 552 3315 '0
580 3260 883 3331 τράχηλος
907 3275 1024 3314 σου
1054 3260 1136 3324 ὡς
1173 3260 1400 3330 πύργος
1429 3258 1844 3330 ἐλεφάντινος.

449 3356 657 3428 Πυργοι
705 3354 764 3407 δὲ
803 3353 1132 3426 ἐκλήθησαν,
1172 3356 1221 3407 οἱ
1266 3352 1336 3407 τὰ
1375 3353 1585 3425 ἀρεστά
1629 3353 1708 3424 τῷ
1757 3356 1978 3428 νυμφίῳ

382 3447 683 3512 ποιοῦντες,
710 3449 1104 3520 σκοπευτήριον
1127 3448 1343 3519 ἔχοντες
1372 3447 1472 3518 τὴν
1506 3446 1849 3522 θεωρητικὴν
1875 3449 1979 3520 ψυ-

382 3539 505 3610 χὴν,
533 3539 599 3591 ἐκ
640 3537 914 3609 μετεώρου
961 3539 1332 3594 σκοπεύουσαν
1366 3538 1602 3592 ἅπαντα·
1632 3539 1976 3609 ἐλεφάντινον

379 3630 460 3694 δὲ,
507 3627 594 3680 διὰ
617 3627 678 3680 τὸ
715 3627 967 3699 λαμπρὸν
995 3631 1090 3682 καὶ⁵
1117 3629 1277 3682 λεῖον·
1312 3629 1462 3681 οὐδὲν
1489 3627 1599 3699 γὰρ
1625 3629 1734 3682 ἀπὸ
1779 3629 1976 3694 κακίας

381 3722 556 3791 τραχὺ
592 3720 650 3772 ὲν
680 3718 758 3790 τῷ
784 3719 886 3788 τῆς
926 3718 1149 3790 νύμφης
1189 3719 1464 3792 τραχήλῳ·
1503 3719 1686 3773 οὐκέτι
1735 3721 1792 3774 δὲ
1848 3723 1978 3793 περί

381 3810 490 3864 τῶν
508 3809 717 3876 νεκρῶν
742 3803 916 3873 εἶπεν,
951 3813 1005 3863 οἱ
1025 3811 1335 3878 νεμόμενοι
1357 3810 1427 3862 ἐν
1448 3811 1691 3877 κρίνοις·
1720 3811 1977 3884 ὑπεράνω

381 3894 490 3967 γὰρ
526 3895 872 3964 ἐγεγόνεισαν
900 3895 1100 3968 κρίνων
1123 3895 1233 3948 τῶν
1277 3898 1334 3949 ὲν
1367 3897 1516 3967 μέσῳ
1545 3898 1816 3951 ἀκανθῶν·
1853 3900 1979 3970 βού-

381 3988 533 4043 λεται
556 3989 612 4043 δὲ
641 3991 788 4060 ἡμᾶς
815 3990 909 4042 καὶ
941 3989 1258 4060 φιλομαθεῖς
1290 3990 1449 4053 ὄντας
1484 3989 1694 4044 πολλῶν
1713 3991 1858 4062 ἔχειν
1877 3993 1976 4064 τὴν

379 4081 559 4155 ψυχὴν
601 4081 879 4156 Θυγατέρα
933 4081 1112 4150 σοφῶν
1153 4083 1245 4134 καὶ
1272 4083 1330 4134 ὲν
1360 4082 1690 4150 εἰσαγωγαῖς
1721 4083 1976 4151 γενέσθαι

385 4174 723 4246 μαθημάτων
741 4173 973 4238 πολλῶν,
1007 4173 1070 4236 ἀς
1096 4172 1323 4226 ἐκάλεσε
1346 4171 1541 4236 πύλας·
1566 4172 1839 4238 τοσοῦτον,
1875 4192 1978 4246 φη-

384 4267 490 4331 σὶν,
517 4263 771 4334 γνώσεως
799 4266 912 4327 τοῖς
948 4267 1005 4318 έν
1031 4265 1113 4317 σοὶ
1135 4264 1479 4327 διδασκάλοις
1512 4264 1760 4336 περίεστι
1791 4265 1974 4338 χάρις,

381 4355 458 4418 ῶς
494 4355 569 4426 μὴ
627 4354 786 4426 μόνον
834 4356 962 4417 τοὺς
1009 4353 1160 4426 παρὰ
1198 4354 1282 4408 σοὶ
1326 4353 1620 4408 ἀπολαύειν
1651 4357 1828 4412 αὐτῶν
1874 4359 1977 4428 τῆς

382 4448 737 4512 παιδεύσεως,
774 4447 890 4502 ἀλλ’
940 4446 1041 4518 ήδη
1089 4447 1182 4502 καὶ
1217 4447 1315 4518 τῆς
1343 4445 1540 4512 ἔξωθεν
1569 4449 1663 4502 καὶ
1694 4449 1975 4522 πόρρωθεν

382 4541 483 4611 τῆς
515 4541 694 4594 αὐτῶν
716 4539 1009 4593 ἀπολαύειν
1029 4539 1315 4608 ὠφελείας.

383 4627 631 4696 Μυκτήρ
657 4644 795 4690 σου,
829 4629 910 4692 ὡς
958 4629 1185 4696 πύργος
1229 4627 1336 4682 τοῦ
1359 4627 1618 4683 Λιϐάνου
1654 4631 1974 4684 σκοπεύων

454 4700 781 4764 πρόσωπον
827 4698 1166 4766 Δαμασκοῦ·
1203 4698 1436 4766 κεφαλή
1481 4714 1597 4752 σου
1629 4700 1729 4753 ἐπὶ
1780 4702 1856 4754 σὲ
1892 4703 1973 4768 ὠς

456 4769 794 4838 Κάρμηλος,
826 4769 927 4840 καί
961 4769 1217 4840 πλόκιον
1249 4768 1520 4837 κεφαλῆς
1565 4786 1682 4824 σου
1712 4772 1792 4838 ὠς
1826 4788 1973 4840 πορ-

454 4837 650 4909 φύραν
681 4839 980 4905 βασιλεὺς
1004 4837 1321 4907 δεδεμένος
1345 4840 1415 4892 ἐν
1440 4837 1865 4911 παραδρομῆς.

469 4932 528 4985 ’0
552 4931 609 4985 δὲ
639 4929 886 5002 καθαρὰν
914 4929 1053 5001 ἔχων
1085 4931 1184 5002 τὴν
1212 4931 1494 5003 διαπνοὴν,
1528 4932 1621 4984 καὶ
1649 4931 1739 4986 διὰ
1770 4933 1868 5003 τῆς
1887 4935 1975 4988 ai-

386 5021 632 5094 σθήσεως
665 5021 758 5075 τοῦ
801 5021 946 5074 θείου
980 5021 1140 5089 λόγου
1168 5022 1466 5093 δυνάμενος
1493 5023 1670 5076 ὀπίσω
1699 5022 1865 5076 αὑτοῦ
1895 5024 1977 5087 εἰς

383 5113 560 5185 ὀσμὴν
599 5113 785 5184 μύρων
823 5112 990 5165 αὑτοῦ
1016 5113 1264 5185 δραμεῖν,
1293 5117 1510 5186 μυκτήρ
1555 5118 1701 5167 ἐστιν
1722 5113 1976 5167 αἰσθανό-

389 5221 546 5275 μενος
561 5205 788 5267 εὐωδίας
819 5204 1214 5275 πνευματικῆς·
1241 5206 1524 5259 σκοπεύων
1557 5207 1612 5258 εί
1632 5223 1686 5259 τι
1718 5207 1975 5275 ἐπιφανὲς

386 5299 444 5350 ὲν
473 5296 650 5351 ἔθνεσι
681 5296 862 5368 δόγμα
897 5297 1062 5350 δοκεῖ·
1094 5299 1384 5368 Δαμασκὸς
1417 5298 1525 5371 γὰρ
1550 5298 1617 5352 τά
1667 5299 1792 5370 ἔθνη
1833 5316 1976 5371 παρ-

387 5386 587 5458 ίστησι·
611 5389 704 5441 τοῦ
731 5388 787 5441 δὲ
817 5388 1115 5457 ἐπιφανοῦς
1130 5389 1224 5441 καὶ
1244 5389 1410 5444 καλοῦ
1438 5391 1498 5444 τό
1527 5392 1818 5462 πρόσωπον
1845 5391 1978 5462 σύμ-

386 5480 562 5534 ϐολον·
597 5483 626 5534 6
655 5481 711 5534 δὲ
740 5481 958 5545 λίϐανος
1006 5481 1342 5553 ἀναφέρεται
1375 5485 1468 5536 ἐπὶ
1499 5484 1560 5536 τὸ
1589 5483 1974 5555 θυσιαστήριον

383 5573 480 5626 τοῦ
525 5572 683 5625 Θεοῦ·
707 5575 736 5626 ὁ
767 5573 822 5625 δὲ
852 5573 1148 5644 Κάρμηλος
1177 5575 1500 5643 ἐπίγνωσις
1530 5575 1854 5646 περιτομῆς
1883 5578 1976 5647 ὲρ·

390 5664 703 5736 μηνεύεται·
733 5664 990 5734 γινώσκει
1024 5664 1082 5718 δὲ
1108 5663 1410 5736 περιτομὴν
1440 5667 1469 5718 ὁ
1498 5667 1636 5736 μετά
1658 5667 1971 5739 παρρησίας

461 5830 506 5858 καί
533 5825 674 5882 Psal.
704 5841 756 5890 v,
789 5825 874 5880 i3.
950 5824 994 5856 ⁸⁷
1035 5824 1197 5880 Prov.
1227 5841 1304 5892 Ix,
1331 5822 1384 5880 5.

2074 572 2206 625 tiata
2227 573 2371 628 enim
2396 571 2676 626 Snlamitis
2696 571 3106 641 interpretatur.
3128 571 3417 642 Revertere,
3445 575 3658 648 dicunt,

2077 679 2132 720 ut
2175 667 2476 719 intueamur
2514 676 2582 718 te.
2616 665 2890 719 Videbant
2910 664 3055 719 enim
3087 665 3209 736 ejus
3238 664 3478 721 laborem
3498 706 3516 732 ,
3544 683 3658 724 non

2076 758 2496 822 infructuosum.
2540 758 2632 812 sed
2690 757 2760 812 ad
2817 757 3097 812 meliorem
3127 757 3419 812 terminum
3460 773 3649 828 prope

2075 856 2321 911 rantem,
2356 856 2416 898 ut
2469 847 2522 899 in
2575 855 2820 902 torrente
2868 845 3176 911 damnatos,
3225 845 3554 916 Satanmque
3601 849 3657 902 in

2075 939 2331 1007 abyssum
2375 935 2562 989 carnis
2600 936 2827 991 traditos
2853 975 2868 1001 ,
2912 935 3142 1003 trajecta
3197 937 3455 990 torrentis
3487 936 3655 999 unda,

2075 1030 2308 1082 victores
2339 1027 2504 1082 ducat
2558 1042 2766 1093 secum,
2801 1029 3082 1095 procedens
3123 1029 3256 1082 sicut
3289 1029 3434 1081 chori
3453 1037 3660 1082 castro-

2075 1137 2218 1181 rum,
2248 1134 2278 1172 a
2311 1118 2450 1173 bello
2474 1117 2847 1184 redeuntium,
2876 1125 2929 1172 et
2954 1116 3120 1171 variis
3154 1117 3435 1172 ordinibus
3464 1132 3659 1188 proce-

2077 1211 2347 1278 dentium,
2405 1220 2460 1265 et
2508 1210 2757 1265 victoriae
2812 1208 3126 1264 canentium
3181 1208 3432 1280 hymnos,
3495 1219 3661 1279 atque

2076 1304 2500 1358 exclamantium
2538 1302 2803 1358 :Domine
2827 1343 2844 1369 ,
2892 1312 2947 1356 ut
2999 1310 3151 1356 scuto
3183 1306 3332 1355 beare
3376 1301 3661 1357 voluntatis

2077 1403 2183 1448 tute
2203 1394 2467 1447 coronasti
2501 1408 2593 1446 nos
2630 1392 2698 1444 ⁸⁸.

2077 1660 2360 1715 1ιιηειιιι·ιε
2393 1657 2652 1728 femorum
2679 1667 2890 1710 tuorum
2912 1696 2926 1720 ,
2951 1656 3085 1709 sicut
3106 1656 3324 1728 monilia
3352 1672 3470 1726 quae
3495 1656 3664 1726 fabri.

2500 1740 2620 1781 cata
2652 1738 2771 1780 sunt
2803 1743 2963 1779 manu
3007 1726 3250 1794 artiﬁcis.

2152 1819 2338 1875 Multis
2368 1819 2502 1873 locis
2532 1817 2762 1872 collocat
2801 1818 3007 1872 femora
3030 1832 3130 1886 pro
3161 1816 3486 1886 genitalibus
3513 1816 3665 1873 Scri-

2076 1923 2266 1984 ptura;
2300 1911 2389 1965 hic
2419 1911 2580 1980 igitur
2601 1910 2838 1964 ostendit
2858 1908 3141 1978 pulchrum
3159 1919 3321 1978 atque
3335 1911 3551 1980 egregie
3566 1926 3661 1966 or-

2074 2007 2315 2060 dinatum
2358 2019 2569 2074 sponsae
2615 2004 2666 2055 in
2703 2001 3029 2072 genitalibus
3080 2003 3324 2071 corporis
3379 2003 3659 2070 habitum,

2074 2109 2129 2154 et
2152 2097 2381 2151 similem
2419 2095 2712 2150 monilibus
2733 2095 3059 2170 peritissime
3085 2093 3422 2149 fabrefactis.

2078 2277 2249 2331 Vens.
2288 2277 2343 2330 2.
2375 2273 2670 2329 Umbiticus
2693 2286 2836 2337 tuus,
2858 2286 3032 2328 crater
3059 2275 3355 2335 tornatilis.
3393 2291 3664 2343 nunquam

2154 2349 2392 2416 indigens
2433 2348 2657 2415 poculis.
2699 2343 2889 2400 Venter
2915 2358 3036 2399 tuus
3068 2345 3202 2399 sicut
3227 2362 3442 2400 acervus
3478 2347 3662 2410 tritici,

2147 2417 2377 2472 vallatus
2412 2417 2562 2471 liliis.

2150 2509 2477 2564 Urnbilicum
2529 2517 2797 2562 craterem
2845 2518 3006 2562 vocat
3074 2507 3377 2576 Sapientia,
3415 2507 3608 2562 dicens
3643 2523 3662 2561 :

2084 2600 2292 2668 Venite,
2318 2601 2478 2654 bibite
2505 2601 2684 2654 vinum
2712 2599 2853 2670 quod
2879 2600 3065 2652 miscui
3095 2602 3236 2654 vobis
3255 2599 3322 2665 ⁵⁷,
3349 2608 3404 2654 et
3426 2598 3666 2654 ostendit

2078 2693 2376 2764 spiritalem
2418 2693 2705 2762 spiritum;
2752 2701 2807 2745 et
2847 2692 3052 2746 addidit
3095 2709 3336 2746 acervum
3365 2692 3573 2756 tritici;
3607 2700 3667 2746 ut

2078 2785 2379 2855 spiritalem
2429 2799 2611 2839 escam
2661 2783 2990 2853 designaret.
3047 2783 3276 2838 Acervus
3326 2784 3509 2846 enim,
3565 2797 3665 2852 pro

2077 2879 2332 2946 congerie
2369 2878 2659 2938 virtutum,
2724 2876 2842 2945 pari
2881 2891 3045 2930 sensu
3080 2875 3248 2929 multa
3286 2876 3338 2929 in
3388 2890 3553 2929 unum
3589 2876 3665 2930 si-

2079 2973 2318 3044 gnilicat.

2149 3061 2286 3117 Lilia
2311 3059 2470 3116 ﬂores
2501 3067 2632 3115 sunt
2665 3058 2853 3128 gratia:
2899 3057 3031 3125 Dei,
3075 3073 3211 3127 quos
3247 3057 3523 3128 decerpsit
3561 3072 3668 3113 me-

2081 3159 2185 3212 diis
2211 3157 2332 3210 vita:
2360 3156 2555 3226 spinis.

2191 3247 2358 3302 Vsus.
2403 3246 2462 3298 4.
2502 3243 2715 3298 Collum
2745 3253 2894 3295 tuum
2920 3241 3056 3294 sicut
3098 3242 3260 3295 turris
3306 3241 3559 3297 eburnea.

2153 3339 2359 3394 Turres
2386 3337 2562 3391 vocati
2587 3344 2734 3397 sunt,
2758 3333 2851 3400 qui
2877 3346 2938 3386 se
2965 3341 3156 3402 gratos
3182 3347 3382 3403 SpOIISO
3399 3333 3664 3400 praebent,

2079 3432 2238 3500 quasi
2270 3429 2546 3500 speculam
2576 3426 2844 3480 habentes
2867 3425 3347 3494 contemplativam
3399 3426 3663 3492 animam,

2077 3542 2146 3581 ex
2202 3524 2312 3578 alto
2338 3521 2522 3578 omnia
2559 3519 3006 3590 prospicientem.
3040 3517 3308 3573 Eburnete
3336 3532 3490 3582 vero,
3535 3532 3664 3586 pro-

2079 3629 2201 3686 pter
2231 3615 2580 3686 splendorem
2619 3621 2674 3664 et
2716 3610 3048 3675 laevitatem;
3099 3608 3237 3663 nihil
3263 3610 3408 3662 enim
3437 3624 3506 3663 ex
3557 3608 3664 3662 im-

2079 3711 2352 3780 probitate
2409 3721 2661 3776 aspertnn
2718 3706 2772 3757 in
2811 3718 3026 3773 sponsze
3061 3703 3227 3760 coilo.
3283 3702 3401 3756 Non
3445 3702 3557 3770 jam
3598 3703 3667 3757 de

2081 3800 2309 3852 mortuis
2366 3797 2505 3849 dixit
2531 3834 2547 3860 ,
2580 3794 2670 3863 qui
2717 3803 3009 3861 pascuntur
3056 3795 3112 3846 in
3153 3794 3320 3858 liliis;
3355 3793 3668 3861 superiores

2077 3892 2222 3946 enim
2248 3889 2378 3944 iacti
2433 3899 2593 3942 erant
2642 3887 2773 3939 liliis
2829 3886 2882 3938 in
2939 3886 3116 3942 medio
3175 3886 3480 3955 spinarum.
3538 3883 3668 3940 Vult

2080 3991 2263 4035 autem
2318 3996 2437 4044 nos,
2495 3980 2794 4034 multarum
2843 3993 3023 4034 rerum
3076 3980 3391 4040 studiosos,
3424 3977 3665 4032 animam

2079 4074 2282 4128 habere
2310 4072 2637 4141 sapientium
2668 4071 2834 4124 tiliam
2858 4111 2873 4136 ,
2903 4080 3067 4140 atque
3099 4072 3154 4124 in
3185 4069 3508 4124 rudimentis
3543 4083 3670 4124 ver-

2079 4167 2186 4221 sari
2247 4166 2542 4220 multarum
2589 4167 2984 4230 scientiarum,
3025 4180 3146 4234 qua:
3183 4164 3399 4218 vocavit
3452 4172 3664 4233 portas.

2080 4259 2252 4313 Tanta
2273 4260 2440 4325 enim,
2472 4259 2571 4320 ait,
2595 4259 2840 4312 scientiae
2870 4259 2922 4312 in
2960 4267 3010 4312 te
3044 4257 3322 4326 magistris
3365 4256 3508 4309 inest
3535 4271 3664 4325 gra-

2080 4355 2172 4416 tia,
2209 4363 2266 4407 ut
2302 4369 2408 4406 non
2439 4352 2613 4406 solum
2652 4351 2746 4418 qui
2791 4361 2918 4403 sunt
2963 4351 3105 4419 apud
3147 4358 3198 4404 te
3223 4362 3413 4402 eorum
3463 4349 3669 4403 doctri-

2078 4463 2204 4500 nam
2234 4445 2564 4515 percipiant,
2601 4445 2696 4498 sed
2738 4442 2852 4510 jam
2899 4451 2954 4497 et
3002 4443 3366 4498 extrinsecam
3394 4451 3449 4496 et
3482 4455 3667 4496 remo.

2002 4561 2048 4616 ι)
2080 4548 2186 4593 tatu
2219 4539 2286 4591 ab
2314 4538 2381 4591 iis
2415 4537 2705 4590 utilitatem
2742 4536 3026 4606 percipere
3059 4536 3294 4605 possint.

2079 4633 2242 4688 Vsus.
2262 4629 2315 4688 4.
2337 4631 2390 4683 5.
2409 4625 2588 4681 Nasus
2609 4635 2730 4681 tuus
2751 4629 2886 4680 sicut
2905 4629 3068 4680 turris
3097 4626 3304 4683 Libani.
3325 4644 3439 4696 quae
3457 4628 3668 4694 respicis

2147 4712 2327 4753 contra
2360 4699 2704 4752 Damascum.
2738 4697 2909 4766 Caput
2950 4709 3100 4751 tuum
3145 4709 3202 4750 ut
3252 4698 3527 4752 Carmelus
3552 4737 3568 4763 ,
3621 4709 3664 4754 ει

2147 4787 2311 4894 cinia:
2335 4770 2520 4836 capitis
2571 4769 2648 4821 lui
2684 4770 2819 4821 sicut
2864 4785 3101 4838 purpura
3129 4770 3264 4838 regis
3294 4771 3469 4822 vincta
3495 4785 3663 4824 cana-

2145 4843 2183 4895 ti
2221 4857 2302 4894 us.
2750 4885 2754 4888 .

2147 4934 2347 4988 Puram
2389 4932 2483 5001 qui
2521 4931 2685 4986 habet
2733 4931 3148 4999 respirationem
3173 4970 3189 4996 ,
3226 4942 3282 4986 et
3324 4947 3422 5003 per
3454 4931 3666 4988 intelli-

2080 5028 2315 5100 gentiam
2349 5025 2518 5079 diviui
2568 5025 2720 5079 verbi
2762 5025 2853 5093 qui
2887 5036 3065 5094 potest
3106 5037 3226 5095 post
3275 5041 3398 5079 eum
3430 5027 3484 5080 in
3525 5027 3662 5082 odo-

2083 5135 2194 5172 rem
2227 5129 2622 5188 unguentorum
2665 5121 2783 5190 ejus
2832 5134 3054 5176 currere
3079 5161 3095 5184 ,
3132 5135 3298 5173 nasus
3329 5128 3414 5172 est
3441 5119 3666 5187 capiens

2087 5210 2284 5264 bonum
2317 5212 2537 5263 odorem
2567 5212 2926 5281 spiritualem,
2965 5221 3218 5266 scrutans
3257 5213 3302 5264 si
3350 5209 3476 5279 quid
3511 5211 3665 5263 evul-

2080 5313 2262 5372 gatutn
2289 5303 2432 5356 inter
2463 5313 2655 5372 gentes
2690 5305 2884 5373 dogma
2938 5302 3139 5356 bonuut
3176 5302 3412 5356 videtur.
3465 5300 3663 5354 Dama-

2078 5407 2202 5446 scus
2241 5392 2444 5445 etenim
2503 5405 2692 5463 gentes
2741 5392 3050 5464 signiﬁcat;
3097 5393 3176 5448 rei
3236 5390 3538 5446 manifestae
3598 5407 3664 5447 ac

2077 5484 2320 5553 pulchra:
2353 5485 2534 5540 vultus
2566 5485 2873 5555 symbolum
2907 5497 3011 5539 eSt.
3045 5483 3196 5538 Thus
3241 5483 3462 5554 quidem
3495 5481 3666 5536 oﬂ'er-

2072 5585 2162 5630 tur
2184 5592 2348 5644 super
2374 5576 2545 5631 altare
2586 5577 2714 5644 Dei;
2748 5577 3032 5632 Carmelus
3083 5589 3262 5632 autem
3292 5577 3520 5647 cognitio
3551 5576 3660 5629 cir—

2072 5669 2412 5725 cnmcisionis
2436 5669 2865 5740 interpretatur;
2896 5671 3178 5740 cognoscit
3209 5679 3389 5725 autem
3424 5669 3660 5724 circum-
