4172 6406
548 351 662 408 283

1418 347 1985 408 SUPPLEMENTUI
2022 346 2124 402 AD
2152 342 2474 403 ORIGENIS
2512 341 2923 398 EXEGETICA.

3699 339 3804 396 284

550 472 812 528 cisionem
842 472 935 542 qui
960 485 1085 529 cum
1132 471 1445 529 sinceritate
1488 472 1729 543 loquitur
1763 491 1778 528 :
1810 486 1998 528 sumus
2024 485 2111 526 nos

2224 467 2404 536 λέγειν
2428 465 2744 537 δυνάμενος·
2768 466 2931 536 ἡμεῖς
2947 462 3161 534 ἐσμένή
3190 460 3477 531 περιτομή·
3511 459 3619 514 ἀπὸ
3636 460 3692 511 δὲ
3708 459 3805 530 τῆς

546 564 894 621 circumcisio
923 583 939 620 :
972 579 1005 621 e
1052 560 1228 635 capite
1254 606 1271 633 ,
1313 566 1521 622 scilicet
1557 582 1589 623 e
1619 566 1859 633 Christo,
1888 565 2111 637 cogniti:

2227 559 2501 631 κεφαλῆς,
2536 558 2781 613 τουτέστι
2809 554 3072 628 Χριστοῦ,
3105 554 3397 623 ἐπίγνωσις
3430 555 3807 625 πνευματικῆς

548 656 796 712 nascitur
826 657 1129 727 spiritualis
1154 656 1607 714 circumcisionis.

549 746 714 803 Vens.
749 748 805 814 6,
840 748 893 805 7.
928 750 1099 816 Quam
1127 749 1351 814 pulchra
1379 766 1454 812 es.
1493 761 1541 803 et
1569 766 1727 816 quam
1760 752 1953 804 decora
1994 749 2124 803 cltu-

616 818 832 872 rissima
860 857 878 884 ,
918 820 975 872 in
1021 820 1270 874 deliciis!
1310 818 1538 875 Statura
1583 829 1677 873 tua
1717 821 2014 874 assimilata
2046 829 2125 874 est

616 887 1071 962 patmteetubera
1096 899 1189 943 tua
1220 890 1379 962 botris
1400 890 1584 962 {ideo
1622 891 1679 943 in
1703 890 1845 962 caelis
1877 890 2122 962 cogitatio

619 967 734 1023 tua,
764 960 995 1029 nihilque
1022 970 1287 1014 terrenum
1312 961 1380 1012 ad
1416 958 1565 1013 illam
1594 959 1819 1015 accedit.

617 1109 746 1166 llaec
770 1110 901 1166 dicit
938 1126 1169 1181 sponsus
1191 1153 1207 1179 ,
1238 1112 1393 1181 quasi
1425 1112 1653 1167 miratus
1682 1111 1798 1184 ejus
1829 1115 1882 1170 in
1931 1113 2122 1171 melius

544 1202 977 1257 cunversionem.
1033 1203 1188 1258 Sicut
1244 1205 1388 1258 enim
1439 1204 1653 1274 egregia
1716 1205 2117 1261 elementorum

545 1293 832 1361 diSpositio
859 1334 876 1360 ,
907 1309 1193 1353 corporum
1228 1294 1517 1349 sanitatem
1557 1294 1719 1351 edicit
1744 1336 1760 1361 ,
1791 1297 1868 1351 ita
1903 1311 1971 1353 ex
2007 1312 2121 1352 mo-

544 1379 691 1438 tibus
742 1392 799 1438 et
841 1386 1334 1450 declinationibus,
1385 1400 1593 1442 sanitas
1639 1388 2039 1456 quodammodo
2065 1398 2121 1445 et

543 1470 891 1541 pulchritudo
924 1475 983 1528 lit
1006 1474 1219 1532 anima.
1251 1474 1719 1542 Quemadmodum
1744 1518 1761 1543 ,
1793 1494 1916 1535 cum
1948 1480 2120 1549 turpis

542 1563 791 1631 quaedam
826 1561 992 1619 [inerit
1020 1577 1242 1635 propter
1290 1568 1690 1638 improbitatem
1728 1584 1928 1640 sponsa
1954 1611 1972 1638 ,
2003 1572 2116 1625 vir-

542 1659 657 1705 tute
706 1654 772 1708 ad
808 1654 1269 1724 pulchritudinem
1314 1661 1672 1725 convertitur,
1711 1661 1792 1715 sic
1821 1677 1949 1716 cum
1972 1673 2119 1718 esset

2226 653 2486 725 ἐγεννήθη
2523 650 2845 725 περιτομῆς.

2230 749 2293 803 Τί
2329 745 2627 819 ὼραιώθῃς
2775 742 3154 819 τίῄδύνθης,
3189 738 3414 819 ἀγᾴίτη,
3453 737 3523 819 ἐν
3552 740 3806 819 τρυφαῖς

2294 809 2447 883 σοὶη
2473 809 2647 870 τοῦτο
2673 814 2921 884 μέγεθός
2951 809 3417 884 σουίιζιμοιὼθης
3445 809 3525 884 τῷ
3553 811 3803 884 φοίνικι,

2295 887 2394 941 καὶ
2429 879 2488 940 οἱ
2501 879 2726 955 pacto!
2759 879 2876 938 σου
2906 882 3030 955 τοῖς
3048 879 3337 955 βότρυσι·
3385 879 3531 955 dicit:
3558 882 3803 955 ὑψηλόν

2293 974 2410 1012 σου
2426 949 2806 1026 τὸ’φρόντυια
2822 971 2836 984 ·
2873 953 2973 1007 καὶ
2998 950 3179 1006 οὐδὲν
3214 949 3334 1005 τῶν
3360 951 3581 1021 γηΐνων
3599 949 3803 1020 ἐπιφε-

2286 1029 2569 1096 ρόμενον.

2296 1119 2417 1172 Ὅτι
2447 1115 2622 1171 ταῦτά
2653 1130 2817 1185 φησιν
2850 1114 2880 1167 6
2917 1113 3152 1185 νυμφίος
3181 1110 3585 1181 ἀποθαυμάζων
3628 1110 3803 1181 αὐτῆς

2221 1210 2318 1282 τὴν
2342 1209 2434 1263 ἐπὶ
2482 1208 2544 1262 τὸ
2575 1210 2820 1281 κρεῖττον
2851 1204 3169 1278 μεταδολήν·
3198 1203 3275 1268 ῶς
3301 1204 3411 1275 γὰρ
3450 1204 3483 1274 ή
3517 1200 3622 1255 τῶν
3653 1218 3798 1256 στοι-

2221 1302 2381 1374 χείων
2424 1300 2690 1372 εὐκρασία
2743 1299 3010 1369 σωμάτων
3038 1295 3227 1365 ὑγείαν
3260 1296 3495 1366 ἐμποιεῖ,
3529 1292 3699 1357 οὕτως
3732 1295 3798 1347 ἐκ

2218 1392 2328 1447 τῶν
2352 1391 2537 1463 ὁρμῶν
2561 1391 2656 1444 καλ¹
2671 1388 2988 1452 ἐκκλίσεων,
3017 1387 3174 1456 ὑγεία
3206 1403 3323 1450 πως
3343 1386 3437 1439 καὶ
3461 1385 3655 1449 κάλλος
3685 1386 3803 1438 ἐπι-

2217 1483 2425 1552 γίνεται
2451 1483 2518 1552 τῇ
2565 1480 2733 1551 ψυχῇ·
2768 1478 2845 1542 ὡς
2889 1478 2946 1532 δὲ
2974 1476 3176 1549 αἰσχρά
3211 1477 3294 1537 τίς
3318 1472 3452 1531 οὖσα
3481 1476 3571 1530 διὰ
3598 1474 3797 1529 κακίαν

2190 1570 2250 1646 ’ή
2286 1574 2494 1646 νύμφη,
2520 1572 2818 1645 μετέϐαλεν
2842 1571 2903 1637 ἐξ
2930 1572 3130 1641 ἀρετῆς
3160 1570 3240 1633 είς
3269 1568 3598 1640 ὡραιότητα,
3623 1566 3798 1631 οὕτως

2215 1662 2350 1721 οὖσα
2395 1666 2588 1737 πικρά,
2615 1665 2838 1734 γέγονεν
2881 1664 3073 1735 ἡδίστη
3122 1679 3183 1716 τε
3231 1660 3381 1731 αὐτῷ
3408 1661 3503 1713 καὶ
3546 1659 3793 1728 γλυκεῖα·

542 1745 761 1807 acerba.
818 1746 960 1801 facta
1012 1759 1097 1803 est
1138 1753 1470 1807 suavissima
1504 1752 1606 1823 ipsi
1653 1763 1708 1807 et
1753 1751 1958 1818 dulcis;
1987 1753 2111 1809 dicit

2219 1759 2352 1831 φησι
2399 1757 2598 1820 τοίνυν,
2631 1756 2708 1820 ὡς
2739 1758 2799 1809 ἐν
2828 1757 2950 1819 ταῖς
2984 1755 3325 1824 σωματικαῖς
3354 1754 3583 1822 τρυφαῖς
3625 1753 3659 1821 ἡ
3697 1767 3797 1805 πο-

542 1835 728 1906 igitur,
761 1848 821 1892 ut
868 1838 922 1892 in
961 1842 1335 1910 corporalibus
1370 1844 1513 1899 escis
1561 1844 1768 1899 lautum
1804 1844 2111 1899 convivium

2216 1817 2444 1919 λυτελὴς
2490 1817 2702 1917 εὐωχία⁷
2725 1817 3107 1918 περιπόθητος,
3127 1844 3270 1899 οὕτω
3292 1817 3404 1906 τοῖς
3428 1817 3528 1914 τήν
3551 1817 3797 1914 πνευμα-

540 1942 871 1999 magnopere
919 1934 1213 2001 optandum
1239 1974 1255 1999 ,
1312 1936 1386 1991 ita
1430 1935 1693 2006 spirituali
1732 1950 1858 1992 esca
1895 1937 2116 1992 nutritis

539 2030 714 2072 amor.
752 2017 1006 2075 Admisso
1040 2033 1218 2078 autem
1260 2026 1582 2094 pronomine
1622 2028 1750 2093 tuis,
1798 2026 1941 2097 quod
1972 2026 2115 2096 apud

540 2110 678 2165 alios
708 2111 968 2182 scriptum
994 2123 1097 2181 est,
1124 2125 1251 2183 tunc
1271 2116 1413 2173 dicet
1437 2136 1450 2173 :
1475 2117 1676 2174 Amore
1709 2116 1917 2174 eﬂ'erris
1945 2120 2114 2189 magis

542 2218 703 2271 quam
734 2204 852 2259 aliis
893 2206 1117 2275 spiritus
1150 2208 1419 2265 fructibus
1443 2251 1459 2277 ,
1497 2211 1568 2265 ita
1599 2221 1658 2265 ut
1684 2212 1864 2266 omnia
1895 2221 2114 2282 propter

538 2308 660 2346 eum
694 2296 978 2364 patereris,
1004 2297 1182 2352 omnia
1212 2298 1403 2354 ferres.
1436 2300 1897 2367 Quemadmodum
1927 2317 1958 2357 e
1987 2317 2112 2358 cor-

538 2384 759 2452 poribus
808 2385 993 2440 brevia
1060 2397 1188 2443 sunt
1247 2391 1516 2459 quaedam,
1553 2401 1609 2446 et
1648 2391 1852 2461 majora
1883 2392 2008 2458 alia,
2033 2393 2114 2449 sic

537 2485 592 2530 et
619 2477 823 2546 pariter
853 2493 922 2534 ex
949 2480 1148 2536 animis
1173 2481 1240 2535 iis
1262 2482 1356 2552 qui
1383 2481 1609 2552 perfecti
1639 2493 1789 2539 sunt.

608 2568 775 2638 Igitur
806 2572 1043 2641 cogitata
1078 2582 1189 2638 tua,
1217 2572 1371 2642 dicit,
1398 2576 1549 2645 quasi
1580 2576 1854 2633 esculenta
1877 2588 1931 2633 et
1958 2588 2110 2649 pota-

533 2660 681 2721 bilia.
712 2673 765 2716 et
796 2664 1016 2719 minime
1045 2666 1263 2721 acerba.

534 2748 702 2830 Vens.
732 2753 787 2819 8,
844 2754 896 2830 9_.
932 2755 1224 2810 Ascendam
1260 2758 1321 2830 in
1360 2758 1613 2825 palmam,
1641 2767 1691 2813 et
1724 2762 2108 2830 apprehendant

607 2822 810 2886 [ructus
834 2826 985 2893 ejus:
1010 2838 1055 2878 et
1082 2836 1234 2880 erunt
1266 2829 1429 2881 ubera
1464 2839 1556 2882 tua
1579 2822 1714 2884 sicut
1745 2822 1882 2884 botri
1901 2834 2060 2887 vincte
2085 2847 2107 2886 :

604 2902 654 2947 et
696 2893 828 2949 odor
872 2896 981 2950 oris
1015 2898 1090 2948 tui
1139 2899 1273 2951 sicut
1321 2898 1603 2952 malorum.
1628 2930 1699 2939 —
1734 2897 1930 2955 Guttur
1958 2912 2107 2957 luunt

604 2964 743 3038 sicut
772 2966 1231 3038 vinumoptimum
1255 2969 1518 3038 ,_dignum
1544 2969 1735 3024 dilecto
1762 2987 1876 3025 meo
1919 2976 1987 3024 ad
2013 2988 2107 3038 po-

604 3034 847 3098 tandum,
893 3034 1148 3106 labiisqne
1179 3046 1228 3090 et
1254 3034 1493 3092 dentibus
1533 3039 1677 3094 illius
1717 3041 1786 3094 ad
1831 3034 2108 3097 ruminan-

602 3107 750 3158 dum.

608 3194 913 3251 Assimilata
943 3195 1132 3266 palma:
1157 3237 1173 3263 ,
1209 3198 1439 3267 palmam
1472 3215 1728 3269 sponsum
1760 3211 1935 3267 vocat,
1986 3204 2109 3259 alti-

531 3289 770 3343 tudinem
822 3297 876 3342 et
917 3290 1348 3358 magnitudinem
1393 3292 1542 3346 verbi
1587 3292 1856 3360 innuens;
1891 3295 1945 3350 in
1988 3310 2109 3365 quae

533 3377 775 3446 Speravit
805 3379 1101 3433 ascendere
1132 3379 1184 3432 in
1232 3381 1568 3436 canticorum
1600 3381 1741 3449 ﬁne;
1774 3397 1898 3438 cum
1932 3384 2111 3454 perfe-

530 3477 620 3523 cta
645 3478 725 3522 est
753 3484 973 3536 sponsa.
991 3469 1118 3526 Haec
1140 3471 1384 3527 vicissim
1417 3474 1676 3542 praedicat
1703 3476 1889 3544 sponsi
1917 3477 2106 3541 ubera,

531 3560 921 3614 abundantiam
971 3561 1371 3632 signiﬁcantia;
1409 3564 1530 3618 ideo
1564 3566 1741 3620 vinea:
1776 3566 1947 3621 bouis
1974 3567 2108 3622 assi-

532 3651 811 3705 inﬂantur.
844 3652 917 3706 De
948 3667 1054 3722 qua
1094 3653 1227 3709 dicit
1248 3653 1507 3710 Dominus
1535 3673 1551 3711 :
1586 3652 1700 3726 Ego
1727 3673 1843 3710 sum
1872 3658 1993 3711 uitis
2020 3674 2106 3713 ve-

531 3759 594 3795 ra
637 3741 703 3794 ⁸⁸.
738 3741 868 3809 Qua:
910 3744 1127 3813 quidem
1152 3785 1168 3809 ,
1215 3746 1534 3801 abscondito
1585 3747 1855 3802 sermonis
1900 3764 2060 3803 sensu
2089 3788 2106 3817 ,

530 3841 738 3887 tantum
768 3833 924 3903 juvat
951 3835 1290 3905 delectatque
1323 3846 1383 3890 ut
1415 3838 1635 3908 quando
1666 3847 1958 3908 oporteat,
1987 3841 2110 3909 qui-

534 3924 633 3977 bus
664 3934 935 3993 oporteat,
967 3935 1021 3980 et
1054 3927 1240 3994 quanti
1271 3938 1520 3996 oporteat
1549 3926 1955 3985 indicet.Labia
1978 3944 2108 3985 vero

535 4016 757 4069 verbum
788 4015 1054 4081 innuunt;
1091 4016 1390 4088 dentesque
1415 4021 1871 4083 taciturnitatem;
1916 4034 2110 4077 secun-

531 4106 657 4160 dum
689 4107 838 4173 illud,
864 4126 883 4159 ι
910 4108 992 4165 ori
1035 4116 1126 4163 tuo
1158 4108 1245 4165 fac
1268 4110 1488 4181 januam
1513 4120 1566 4167 et
1587 4112 1883 4181 pessulum,
1909 4123 1965 4170 et
1999 4128 2109 4169 ser-

528 4201 781 4257 monibus
820 4203 923 4257 tuis
947 4219 1256 4259 mensuram
1291 4215 1346 4261 et
1376 4206 1585 4261 lancem
1618 4207 1685 4262 δ’.
1716 4227 1735 4260 ι
1771 4207 1985 4263 Talium
2011 4225 2107 4263 au-

531 4301 640 4347 tem
678 4309 787 4349 non
821 4295 991 4350 solum
1024 4304 1154 4351 tuta:
1185 4308 1311 4352 sunt
1336 4298 1715 4369 cogitationes,
1750 4301 1845 4355 sed
1877 4309 1932 4355 et
1965 4280 2106 4354 labia

528 4385 713 4440 sensui
740 4386 1072 4443 vinciuntur.
1103 4387 1301 4442 Vinum
1331 4400 1513 4444 autem
1544 4391 1809 4460 Optimum
1841 4400 1925 4447 est
1961 4389 2107 4462 quod

528 4492 560 4532 e
583 4477 723 4532 bono
748 4480 927 4534 cordis
962 4481 1216 4536 thesauro
1245 4480 1542 4551 profertur.

531 4618 700 4706 Vnus.
748 4650 831 4705 10.
874 4652 989 4722 Ego
1034 4653 1224 4708 dilecto
1267 4671 1415 4734 meo,
1471 4669 1519 4711 et
1578 4659 1648 4711 ad
1709 4673 1792 4712 nte
1839 4660 2107 4713 conversio

1253 4740 1389 4793 ejus.

600 4807 862 4866 Perfecta:
896 4821 980 4867 est
1008 4828 1210 4881 sermo,
1245 4814 1389 4884 quod
1417 4831 1679 4885 nusquam
1708 4816 1910 4887 aliquid
1946 4819 2105 4889 quie-

535 4902 604 4957 tis
632 4903 887 4971 inveniet,
920 4907 1096 4960 donec
1124 4907 1360 4975 seipsum
1390 4906 1459 4961 ad
1490 4920 1577 4961 me
1604 4917 1908 4963 convertat.

532 4992 700 5052 Vsus.
731 4998 818 5063 tl,
850 4997 934 5053 12.
965 4995 1111 5064 Veni,
1133 4998 1435 5071 dilectemi,
1457 5000 1793 5068 egrediantur
1816 5001 1871 5055 in
1895 5018 2105 5071 agrum,

601 5083 982 5139 commoremur
1013 5071 1067 5121 in
1092 5069 1256 5121 uillis.
1295 5068 1452 5122 Mane
1484 5085 1762 5138 surgamus
1800 5072 1868 5124 ad
1904 5068 2103 5139 uineas,

599 5138 866 5212 videamus
884 5154 947 5212 _st
987 5139 1165 5206 ﬂoruit
1196 5139 1369 5212 uinea,
1412 5140 1457 5192 si
1480 5140 1637 5208 ﬂores
1680 5142 1882 5209 fructus
1921 5138 2107 5212 partu-

602 5207 764 5273 riunt,
793 5209 837 5260 si
866 5208 1154 5275 ﬂoruerunt
1183 5208 1324 5261 mala
1345 5207 1558 5276 punica.

601 5298 894 5353 Interiores
936 5312 1137 5367 sponsa
1172 5300 1486 5368 alloquitur,
1531 5299 1834 5371 invitatque
1859 5315 1926 5356 ex
1965 5301 2084 5357 inti-

530 5408 635 5446 mis
661 5392 943 5461 beatisque
970 5392 1187 5448 sedibus
1218 5392 1287 5447 ad
1316 5393 1533 5448 illorum
1564 5394 1820 5450 intuitum
1865 5397 2053 5466 egredi
2080 5411 2095 5460 ;

532 5498 645 5538 nam
673 5485 818 5539 enim
850 5485 1156 5556 signiﬁcant
1180 5501 1332 5558 ager,
1353 5486 1515 5551 villae,
1546 5487 1718 5543 vinea:
1745 5499 1798 5544 et
1825 5488 1964 5544 mala
2004 5505 2106 5560 pu-

530 5589 674 5629 nica.

2214 1941 2375 2012 τικὴν
2401 1938 2647 2012 τρυφῶσι
2677 1938 2908 2009 τρυφὴν,
2943 1939 2976 2007 ή
3006 1936 3215 2007 ἀγάπη·
3257 1935 3357 2006 τῆς
3383 1934 3440 1987 δὲ
3469 1933 3587 1988 σοῦ
3625 1935 3797 1988 ἀντω-

2215 2032 2412 2102 νυμίας
2429 2031 2688 2102 κειμένης
2710 2029 2863 2100 παρά
2883 2030 2995 2092 τοῖς
3018 2028 3220 2090 ἀλλοις,
3236 2026 3382 2095 λέγοι
3404 2024 3493 2090 ἂν,
3509 2027 3575 2097 τῇ
3604 2026 3799 2097 ἀγάπῃ

2214 2122 2486 2194 ἐντρυφᾷς
2504 2121 2667 2174 πλέον
2682 2119 2789 2173 τῶν
2816 2119 2991 2174 ἀλλων
3013 2118 3107 2173 τοῦ
3121 2117 3429 2189 πνεύματος
3455 2117 3701 2189 καρπῶν·
3716 2117 3792 2182 ὡς

2215 2213 2390 2269 πάντα
2415 2213 2481 2265 δι’
2507 2210 2676 2282 αὐτὴν
2700 2210 2912 2279 στέγειν
2957 2210 3136 2265 πάντα
3168 2210 3478 2279 ὑπομένειν·
3519 2208 3709 2278 ὥσπερ
3735 2209 3794 2262 δὲ

2215 2304 2481 2376 σωμάτων
2503 2301 2907 2373 ἐστὶβραχύτης
2931 2299 3030 2371 (8),
3048 2301 3143 2354 καὶ
3163 2299 3391 2372 μέγεθος
3404 2299 3627 2371 ἑτέρων,
3651 2298 3796 2354 οὕτω

2212 2394 2305 2448 καὶ
2327 2394 2503 2466 ψυχῆς
2534 2393 2810 2462 ἀναλόγως
2827 2388 2908 2456 οἷς
2924 2392 3334 2464 διαπράττεται.

2283 2574 2491 2642 Ἥγουν
2516 2571 2586 2625 τὰ
2608 2569 2859 2642 νοήματά
2883 2586 2999 2634 σου,
3027 2568 3214 2641 φησιν,
3236 2566 3555 2640 τρόφιμάτε
3573 2569 3670 2623 καὶ
3693 2568 3789 2623 πό-

2207 2683 2362 2737 τιμα,
2395 2665 2489 2718 καὶ
2517 2661 2767 2734 οὐδαμῶς
2795 2659 3184 2733 όμφακίζοντα.

2208 2754 2356 2837 Bigis
2414 2756 2790 2837 ἁναὸῄσομαι
2833 2752 3029 2837 ἐν..τῷ
3076 2753 3316 2837 φοίζιξιι·
3364 2752 3640 2837 κρστῄσω
3670 2749 3790 2837 τῶν

2278 2829 2485 2901 ﬁdem
2525 2822 2868 2901 arma“:
2915 2824 3163 2901 ἔσονται
3190 2823 3267 2901 δὴ
3306 2824 3678 2901 Marciam}.

2271 2893 2531 2971 ,βότρυες
2555 2895 2848 2971 ἀμπέλου·
2880 2896 2979 2949 καὶ
3001 2893 3160 2971 fieri;
3176 2895 3349 2961 ῥινός
3368 2907 3487 2971 σου
3504 2893 3784 2971 dig-mila:

2278 2962 2635 3037 καῖ’λάρυγέξ
2664 2968 2746 3034 ὡς
2779 2964 2943 3033 οἶνος
2966 2962 3223 3037 κάγαθὸς,
3270 2965 3667 3037 πορευόμενος
3704 2962 3791 3037 (ᾧ

2276 3032 2580 3106 ἀδελφὶδῷ
2605 3032 2733 3107 μουή
2770 3040 2858 3103 εις
2919 3032 3234 3102 εὐθύτητα,
3279 3032 3667 3103 ἱκανούμενος
3717 3032 3788 3084 ὲν

2134 3152 2177 3212 C
2283 3109 2523 3179 χείλεσί
2534 3126 2654 3178 μου
2690 3108 2961 3162 ὀδοῦσιν.

2292 3200 2739 3256 Ἀπεικασθεῖσα
2751 3201 2999 3270 φοίνικι,
3027 3201 3243 3269 φοίνικα
3252 3199 3342 3254 τὸν
3357 3197 3592 3269 νυμφίου
3615 3196 3788 3258 καλεῖ,

2208 3290 2269 3346 τὺ
2301 3290 2435 3361 ὕψος
2462 3290 2559 3345 καλ⁵
2590 3289 2817 3362 μέγεθος
2844 3290 2937 3343 τοῦ
2965 3290 3122 3360 λόγου
3172 3290 3573 3360 κατανοήσασα·
3616 3286 3701 3356 ἐφ’
3753 3286 3791 3342 ἃ

2209 3382 2304 3436 καλ⁸
2337 3381 2565 3453 ἧλπισεν
2614 3379 2856 3434 ἀνελθεῖν
2902 3380 2996 3433 ἐπὶ
3038 3379 3181 3433 τέλει
3211 3379 3320 3432 τῶν
3371 3378 3653 3449 ᾀσμάτων·
3699 3376 3791 3431 ὅτε

2207 3472 2388 3526 τελεία
2427 3473 2575 3526 ἐστὶν
2606 3474 2640 3544 ή
2670 3472 2877 3545 νύμφη·
2912 3474 3002 3526 ὅτε
3036 3474 3129 3526 καὶ
3159 3470 3511 3543 ἀντιλήψεται
3538 3470 3648 3523 τῶν
3693 3467 3789 3522 τοῦ

2208 3563 2443 3635 νυμφίου
2481 3562 2725 3636 μασθῶν,
2758 3564 3062 3635 δηλούντων
3092 3564 3162 3619 τά
3185 3564 3542 3634 πυκνώματα·
3589 3561 3670 3615 διὸ
3696 3563 3795 3613 καὶ

2209 3654 2455 3726 ἀμπέλου
2485 3655 2737 3725 βότρυσιν
2764 3653 3175 3718 ἀπεικάζονται·
3203 3654 3333 3724 περὶ
3358 3647 3427 3723 ἦς
3448 3648 3602 3705 εἶπεν
3625 3651 3654 3703 6
3675 3652 3791 3704 Σω-

2207 3753 2333 3819 τήρ·
2380 3739 2521 3817 Ἐγώ
2539 3749 2656 3816 ειμι
2683 3748 2722 3815 ἡ
2744 3746 3013 3817 ἄμπελος
3038 3748 3074 3810 ἠ
3108 3745 3388 3814 ἀληθινή·
3412 3744 3481 3798 τὰ
3511 3743 3571 3799 δὲ
3597 3745 3662 3796 ἐκ
3683 3742 3794 3795 τῶν

2207 3839 2303 3894 τοῦ
2332 3839 2489 3908 λόγου
2519 3839 2779 3911 κρυπτῶν
2794 3839 3224 3911 ἐκπορευόμενα,
3249 3838 3341 3890 ἐπὶ
3354 3835 3606 3890 τοσοῦτον
3628 3834 3794 3889 ἰθύνει

2208 3949 2266 3986 τε
2297 3931 2393 3985 καὶ
2420 3931 2723 4000 εὐφραίνει,
2754 3929 2895 3984 ὥστε
2927 3929 3109 3998 λέγειν
3152 3931 3243 3983 ὅτε
3288 3928 3387 3993 δεῖ,
3433 3928 3527 3981 καὶ
3563 3919 3645 3989 οἷς
3691 3925 3793 3989 δεῖ,

2209 4025 2304 4079 καὶ
2324 4025 2452 4077 ὅσου
2479 4023 2578 4076 δεῖ·
2600 4022 2669 4076 τά
2704 4024 2802 4094 μὲν
2830 4022 2940 4093 γὰρ
2968 4021 3119 4093 χείλη
3143 4020 3234 4074 τὸν
3258 4020 3443 4089 λόγον·
3499 4020 3550 4072 οἱ
3577 4018 3633 4072 δὲ
3650 4016 3796 4071 ὀδόν-

2207 4133 2300 4180 τες
2326 4115 2424 4187 τὴν
2463 4114 2759 4186 ἐχεμυθίαν
2785 4114 3129 4185 ἐμφαίνουσι·
3163 4111 3306 4166 κατά
3325 4111 3405 4176 τὸ,
3427 4129 3447 4162 ι
3470 4109 3550 4181 τῷ
3568 4109 3796 4181 στόματί

2211 4225 2307 4262 σου
2347 4206 2570 4278 ποίησον
2602 4207 2773 4278 θύραν
2822 4207 2916 4260 καὶ
2945 4206 3162 4277 μοχλὸν,
3206 4204 3301 4259 καὶ
3335 4207 3449 4266 τοῖς
3473 4202 3654 4271 λόγοις
3699 4218 3797 4261 σου

2213 4296 2411 4368 μέτρον
2428 4295 2521 4350 καὶ
2548 4294 2805 4367 σταθμόν·
2833 4314 2852 4346 ι
2875 4295 2982 4350 τῶν
3004 4296 3061 4349 δὲ
3087 4294 3343 4349 τοιούτων
3357 4294 3418 4347 οὐ
3440 4292 3600 4365 μόνον
3620 4294 3797 4361 ἀσφα-

2210 4386 2276 4459 λῆ
2302 4387 2370 4440 τὰ
2398 4388 2665 4458 νοήματα,
2696 4385 2831 4441 ἀλλά
2863 4388 2956 4441 καί
2987 4387 3057 4441 τά
3078 4387 3230 4458 χείλη
3280 4385 3532 4457 αἰσθήσει
3563 4383 3790 4438 δέδεται·

2139 4492 2185 4549 ι)
2208 4474 2348 4543 οἶνος
2369 4479 2427 4534 δὲ
2456 4482 2485 4533 6
2505 4477 2730 4548 ἀγαθὸς,
2764 4481 2794 4533 ό
2818 4480 2877 4545 ἐξ
2906 4478 3113 4549 ἀγαθοῦ
3140 4477 3413 4551 θησαυροῦ
3439 4478 3537 4550 τῆς
3568 4476 3796 4549 καρδίας

2217 4573 2675 4645 προσφερόμενος

2228 4665 2376 4735 Ἐγὼ
2436 4663 2519 4731 τῷ
2570 4662 2871 4734 ἀδελφιδῷ
2892 4663 3167 4788 ﬁgo-~61?
3209 4663 3315 4734 ἐμὲ
3372 4664 3411 4732 ἠ
3457 4661 3793 4733 ἐπιστροφὴ

2880 4752 2920 4787 α
2995 4752 3087 4787 ου.

2880 4752 3087 4787 αυτου.

2286 4824 2719 4899 Τελειωθείσηςό
2738 4824 2914 4894 λόγος,
2944 4825 3028 4877 ὅτι
3056 4823 3308 4896 μηδαμοῦ
3326 4825 3642 4897 παντοδαπῇ
3663 4825 3797 4880 ἀνά-

2214 4934 2413 4972 παυσιν
2436 4919 2683 4991 εὑρήσει,
2700 4920 2833 4972 ὅπου
2848 4918 3038 4972 ἑαυτὸν
3050 4917 3389 4989 ἐπιστρέψει,
3406 4917 3481 4981 ῶς
3501 4918 3632 4990 παρ’
3645 4918 3769 4989 ἐμοί

2226 5009 2420 5089 Ἐλᾴξκ
2457 5008 2742 5089 ἀδελφιδέ
2757 5026 2896 5079 μου·
2926 5008 3259 5089 ῥξμθωμεν
3276 5012 3360 5089 εὶς
3390 5010 3784 5089 appos-2516.19

2280 5079 2518 5149 σθῶμεν
2544 5079 2872 5149 suanm.
2906 5081 3272 5149 ὀρθρίσωμεν
3303 5083 3390 5145 είς
3408 5079 3790 5148 ἀμπελῶνας·

2281 5149 2499 5220 ιδωμεν
2521 5153 2575 5205 ει
2618 5149 2913 5219 ἤνθησεν·
2933 5151 2972 5218 ἠ
3004 5150 3299 5218 ἄμπελος,
3328 5150 3599 5219 ἤνθησεν
3631 5154 3664 5204 ό
3685 5167 3795 5205 κυ-

2279 5220 2561 5289 πρισμὸς,
2584 5220 2865 5289 ἤνθησαν
2895 5223 2952 5274 at
2978 5222 3136 5288 ῥόαι.

2282 5310 2421 5381 Περὶ
2444 5309 2554 5363 τῶν
2590 5309 2989 5381 ὑποδεεστέρων
3025 5310 3058 5380 ή
3088 5309 3275 5380 νύμφη
3321 5309 3664 5380 παρακαλεῖ·
3716 5307 3795 5373 ὡς

2209 5396 2276 5452 ἐκ
2330 5398 2438 5453 τῶν
2485 5398 2781 5452 ἐνδοτάτων
2810 5398 2904 5451 καὶ
2930 5397 3213 5469 μακαρίων
3233 5397 3524 5469 διατριϐῶν
3560 5399 3641 5461 εἰς
3691 5395 3794 5468 τήν

2208 5489 2415 5543 τούτων
2448 5490 2752 5562 ἐπισκοπὴν
2813 5487 3064 5554 ἐξελθεῖν·
3113 5482 3258 5541 οὗτοι
3325 5488 3434 5560 γὰρ
3478 5488 3646 5560 ἀγρὸς
3698 5488 3797 5544 καὶ

2211 5580 2394 5652 κῶμαι
2422 5582 2515 5635 καὶ
2546 5579 2867 5651 ἀμπελῶνες
2892 5581 2985 5633 καὶ
3021 5581 3140 5652 ῥόαι

606 5689 650 5721 ⁴ι⁸
678 5687 835 5743 Joan.
868 5704 957 5752 xv,
992 5690 1041 5743 l.
1120 5688 1165 5720 “
1197 5688 1367 5745 Eccli.
1401 5704 1455 5754 v,
1488 5688 1592 5756 υς
1631 5705 1787 5756 xxut,
1821 5690 1924 5758 l3;
1954 5689 2097 5746 Psal.
2130 5706 2254 5757 οτι,
2282 5694 2342 5748 5.

610 5786 685 5856 (8)
712 5788 1045 5857 Βραχύτης.
1070 5787 1148 5842 lta
1186 5784 1569 5853 corrigendum
1592 5786 1848 5844 duximus
1879 5790 2024 5858 quod
2056 5787 2111 5845 in

2213 5798 2298 5848 tea
2337 5789 2498 5848 editis
2524 5788 2802 5861 legebatur
2844 5788 3015 5860 βραχύ
3046 5806 3148 5853 τις.
3180 5788 3338 5845 Enn.
