4172 6390
371 365 480 422 285

906 479 1301 534 ΚΕΦΑΛΑΙΟΝ
1355 481 1438 533 H'.

373 580 658 654 Εῠροῦσᾳ
697 577 814 654 ἔξω
857 575 1096 654 spurio-'03
1139 589 1239 654 σεχ
1263 575 1363 628 καί
1401 590 1468 654 τε
1497 575 1610 654 ορκκ
1641 569 1967 654 ἐξωδεηῦ;

445 636 633 707 ἆουσί
658 636 762 718 μεῖ
791 636 1239 718 ἲπᾶραλήψομαί
1281 661 1374 698 σε·
1407 636 1632 718 ὲὶᾳάξω
1649 657 1744 718 -σε
1767 644 1856 718 είς
1884 636 1970 718 pl-

444 739 557 778 κον
591 711 818 790 μήτρός
852 711 992 790 dav:
1034 711 1262 790 καῖ-εὶς
1292 715 1578 790 ταμιεῖον-
1601 711 1712 780 τῆς
1735 713 1970 790 σψλλα-

442 781 672 858 ϐοὐστηςῖ
688 781 998 859 ite-actu?)
1026 801 1099 840 σε
1129 787 1244 840 ἀπὸ
1278 781 1448 840 olfov
1471 783 1582 838 τοῦ
1600 781 1965 853 μυρεψικοῦ,

445 862 564 920 ἀπὸ
597 857 860 932 νάματος
878 857 1039 928 ῥοῶν
1063 875 1205 928 μου.

449 1020 792 1091 Εὑρίσκουσα
814 1017 923 1087 γὰρ
953 1013 1116 1070 αὑτὸν
1147 1013 1244 1084 τῆς
1273 1013 1385 1066 dvo)
1405 1011 1692 1083 περιωπῆς
1708 1009 1966 1078 ἐκϐάντα,

379 1109 777 1185 περιεπτύξατο
806 1107 990 1163 αὐτόν.

381 1205 628 1272 ,Ωρκισα
671 1198 853 1272 ὑμᾶς,
887 1193 1228 1272 θυγατέρες
1252 1264 1262 1272 _
1289 1189 1708 1272 Ἰεροηςαλήμζ
1733 1187 1804 1240 ἐν
1835 1187 1970 1272 fuit:

443 1257 737 1340 δυνάμεοῖι
760 1257 1095 1340 καὶέν-,ταῖς
1121 1257 1414 1340 ἰσχύω-ειη
1443 1261 1520 1340 (εξ)
1543 1257 1648 1340 τοῦ
1678 1257 1884 1340 ἁπροῦ,
1901 1259 1971 1340 .τί

439 1328 710 1479 ἕτνῗίρῆτε
757 1339 853 1393 καὶ
903 1328 1240 1408 ἐξεγεῗρηέὲ
1289 1335 1404 1402 τὴν
1453 1328 1710 1400 ’ἀγάπην
1745 1329 1858 1393 ἕως
1893 1328 1971 1381 ἂν

476 1431 505 1468 ε
553 1431 570 1464 ι
591 1427 707 1480 om;

657 1437 703 1480 ts

451 1509 590 1580 Ἤδη
617 1506 868 1577 δεύτερον
892 1503 1147 1573 ὥρκισεν·
1169 1499 1284 1554 ἀλλ’
1313 1494 1730 1567 ἀμφιδάλλουσα
1753 1492 1972 1564 προετί-

379 1603 461 1658 θει
493 1603 554 1656 τὸ
579 1601 708 1656 ἐὰν·
740 1600 833 1653 νῦν
855 1599 912 1652 δὲ
936 1595 1196 1660 διδάξασα
1221 1593 1280 1646 τὸ
1303 1587 1443 1655 εἶδος
1458 1591 1558 1661 τῆς
1579 1589 1850 1660 ἐγέρσεως
1869 1586 1970 1657 τῆς

381 1696 714 1767 ἐξεγέρσεως
759 1693 854 1747 καὶ
891 1693 990 1761 τῆς
1023 1689 1244 1758 ἀγάπης
1276 1684 1436 1738 οἱονεὶ
1483 1681 1832 1752 παρίστησιν,
1890 1681 1972 1732 ὅτι

377 1789 618 1864 ὁρκοῦσα
657 1789 803 1858 ὑμᾶς
852 1785 991 1838 κατά
1027 1781 1192 1836 τῶνδε
1231 1778 1468 1851 ὦρκισα,
1497 1776 1556 1828 τὸ
1589 1775 1840 1846 ἐγείρητε
1879 1773 1972 1824 καὶ

379 1882 712 1953 ἐξεγείρητε.

381 1975 491 2042 Θές
511 1991 588 2043 με
601 1973 683 2038 ὡς
699 1966 999 2043 σφραπζίδα
1013 1965 1110 2043 earl
1127 1964 1243 2043 τὴν
1263 1961 1516 2043 καρδίαν
1535 1973 1672 2022 σου,
1691 1959 1771 2043 ᾡς
1784 1971 1974 2043 ,σφρα-

449 2023 587 2116 ξιίὲἆ
611 2023 841 2116 ξιΞῄ
862 2023 1160 2116 ,Βραχιογά
1187 2023 1462 2116 ρόιξδὸςε
1487 2023 1848 2116 κραταιὰὼςί
1868 2023 1972 2080 θά-

447 2099 630 2180 ⁴δαῖος
663 2114 702 2180 ’ἠ
730 2099 952 2181 tif-dati],
983 2099 1254 2174 ὖκληρός
1278 2105 1359 2170 ὠς
1387 2102 1537 2170 ᾅδης
1571 2099 1766 2167 ζῆλος.

449 2205 830 2278 Προτρέπεται
856 2200 1023 2272 αὐτὴν
1049 2201 1076 2251 6
1099 2196 1330 2268 νυμφίος
1364 2196 1472 2248 πᾶν
1502 2193 1680 2262 νόημα
1711 2191 1804 2244 καὶ
1832 2189 1973 2262 πρᾶ-

380 2299 462 2367 ξιν
493 2277 780 2369 μορφῶσαι
805 2291 884 2362 τῷ
918 2287 1111 2343 ἑαυτοῦ
1141 2283 1470 2358 χαρακτῆρι·
1513 2284 1684 2334 ποιεῖν
1717 2279 1774 2332 δὲ
1801 2277 1973 2330 ταῦτά

381 2367 547 2464 φησιν
571 2367 676 2462 τὴν
699 2387 774 2450 ὡς
812 2385 1040 2438 θάνατον
1067 2379 1336 2454 κραταιὰν
1370 2377 1612 2446 ἀγάπην·
1650 2372 1831 2425 πάντα
1861 2367 1972 2440 γὰρ

383 2461 586 2552 στέγει,
636 2461 814 2534 πάντα
841 2475 1119 2547 ὑπομένει·
1164 2473 1244 2526 διὸ
1287 2471 1380 2526 καὶ
1415 2467 1654 2541 κραταιιά
1689 2463 1830 2519 κατά
1876 2461 1974 2516 Θά-

380 2590 542 2630 νατον
567 2570 862 2643 νεκροῦντα
889 2568 986 2639 τὴν
1022 2565 1316 2637 ἁμαρτίαν·
1351 2564 1519 2634 ήγουν
1549 2557 1735 2628 ἐπειδὴ
1755 2557 1972 2609 πάντων

381 2665 686 2738 ἐκράτησεν
723 2664 752 2716 ὁ
784 2661 1032 2722 Θάνατος,
1067 2658 1158 2712 διά
1189 2656 1249 2710 τὸ
1300 2659 1358 2710 ἐν
1403 2653 1481 2724 τῷ
1542 2649 1714 2720 Ἀδὰμ
1763 2648 1974 2707 πάντας

379 2757 764 2827 ἀποθνήσκειν·
797 2753 890 2805 καὶ
922 2753 950 2805 ὁ
983 2749 1136 2818 ᾅδης
1181 2748 1401 2820 ὁμοίως·
1439 2742 1688 2812 τοιαύτη,
1718 2739 1902 2810 φησὶν,
1935 2739 1968 2808 ἡ

380 2850 569 2921 ἀγάπη
598 2849 691 2902 καὶ
722 2848 750 2899 6
777 2843 955 2915 ζῆλος·
983 2843 1041 2896 ὃν
1067 2841 1148 2894 δεῖ
1187 2839 1383 2910 ζηλοῦν
1411 2836 1490 2907 τῷ
1543 2833 1682 2906 Θεῷ,
1739 2830 1973 2902 σκληρὸς

383 2943 526 2997 κατά
551 2941 658 2994 τῶν
685 2936 1109 3010 ἁμαρτανόντων
1139 2934 1424 3004 ὑπάρχων,
1467 2930 1544 2993 ὡς
1578 2931 1606 2982 6
1649 2925 1744 2978 τοῦ
1791 2923 1970 2977 Ἦλίου

384 3035 480 3088 καὶ
515 3031 610 3085 τοῦ
641 3029 842 3092 Φινεές·
877 3028 910 3100 ἢ
945 3025 1105 3080 τοῦτο
1137 3025 1282 3093 λέγει
1306 3025 1333 3076 6
1359 3020 1592 3092 νυμφίος
1619 3017 1756 3089 πρὸς
1783 3013 1970 3084 αὐτὴν,

385 3123 478 3190 θές
507 3141 584 3194 με
599 3124 678 3188 ὡς
695 3117 998 3190 σφραγίδα
1024 3117 1157 3188 πρὸς
1178 3116 1238 3168 τὸ
1257 3111 1575 3184 σφραγίζειν
1602 3107 1702 3170 τὰς
1733 3105 1938 3176 ἐνθυμή
1959 3133 1972 3142 -

1486 357 1782 415 SGHOLIA
1821 353 1890 410 IN
1929 352 2232 412 CANTICA
2271 351 2548 409 CANTIC.

1999 483 2048 539 Δ

3553 352 3661 410 986

2671 468 2900 526 CAPUT
2927 468 3065 524 VIII.

2071 568 2238 624 Vens.
2270 567 2321 628 I,
2350 565 2404 618 2.
2441 565 2596 638 (Quis
2630 564 2758 638 mihi
2789 563 2898 630 det)
2931 561 2996 616 Ut
3048 562 3312 638 inueniam
3359 570 3412 638 te
3453 561 3586 638 foris
3607 572 3658 616 et

2138 639 2412 692 deosculer
2449 631 2502 690 te
2525 675 2541 700 ,
2570 645 2618 690 et
2660 634 2778 704 jam
2813 650 2894 687 me
2927 649 3074 686 nemo
3103 633 3357 704 despiciat
3386 631 3412 684 ?
3453 631 3658 704 Appi-e-

2139 709 2366 762 hendam
2399 717 2447 759 te
2483 717 2532 758 et
2575 701 2766 758 ducam
2799 705 2855 756 in
2879 704 3092 756 domum
3135 702 3323 755 matris
3349 715 3500 763 mere,
3525 711 3574 754 et
3601 701 3660 756 in

2139 779 2383 832 conclave
2403 776 2670 846 genitricis
2697 790 2826 828 meae
2853 789 2871 827 :
2893 774 2964 826 ibi
2989 789 3069 826 me
3093 773 3295 825 docebis
3328 781 3375 846 e_t
3401 771 3537 824 dabo
3561 771 3658 824 tibi

2137 847 2384 917 poculum
2403 841 2474 900 ea:
2491 847 2608 898 vino
2641 846 2875 912 condito,
2906 854 2953 897 et
2981 854 3218 896 mustum
3247 841 3507 896 malorum
3532 858 3662 912 gra-

2141 931 2390 973 natorum
2413 931 2668 970 nieorum.

2141 1014 2436 1084 Postquam
2467 1012 2611 1065 enim
2651 1009 2800 1063 illum
2835 1008 3060 1072 invenitl
3089 1022 3120 1062 e
3151 1006 3367 1062 sublimi
3411 1013 3660 1061 contem-

2070 1107 2313 1178 platione
2346 1105 2786 1166 descendentem,
2819 1102 3068 1170 amplexa
3096 1109 3178 1154 est
3203 1115 3349 1156 eum.

2071 1199 2238 1254 Vens.
2271 1198 2346 1254 ΑΗ
2373 1196 2580 1266 Adjuro
2624 1211 2743 1266 eos,
2773 1193 2905 1266 ﬁlice,
2935 1191 3233 1266 Jerusalem
3265 1235 3279 1257 ,
3327 1210 3390 1266 ne
3435 1194 3661 1266 suscite-

2144 1274 2262 1393 tisr,‘
2291 1263 2465 1337 neque
2501 1265 2749 1336 evigilare
2799 1264 3012 1333 faciatis
3059 1263 3306 1317 dilectum
3338 1263 3503 1318 donec
3545 1265 3660 1335 ipsa

2143 1357 2236 1395 vei
2267 1379 2281 1392 .

2143 1499 2264 1553 Jam
2301 1497 2498 1552 iterum
2547 1491 2858 1562 adiurarit;
2889 1506 3076 1546 verum
3112 1490 3374 1546 dubitans
3425 1489 3664 1545 addebat

2073 1596 2118 1648 si
2144 1594 2278 1662 forte
2311 1607 2331 1644 :
2363 1603 2511 1644 nunc
2557 1601 2688 1640 vero
2731 1586 2926 1640 edocta
2979 1584 3210 1638 formam
3264 1581 3660 1648 suscitationis,

2073 1682 2438 1756 evigilalionis
2466 1688 2522 1734 ct
2566 1677 2775 1732 amoris
2810 1675 2970 1742 quasi
2999 1674 3302 1744 subiungit,
3334 1673 3498 1742 quod,
3537 1687 3662 1726 cum

2077 1791 2174 1829 vos
2200 1770 2586 1842 adjuraverim,
2633 1769 2700 1822 de
2731 1768 2818 1822 his
2844 1767 3033 1838 adjura
3059 1809 3074 1834 ,
3117 1765 3370 1832 scilicet,
3399 1764 3666 1820 suscitate

2003 1839 2046 1894 Β
2081 1877 2243 1934 atque
2266 1839 2531 1934 evigilare
2557 1859 2740 1914 facite.

2085 1913 2242 1934 ---ιη
2272 1913 2524 1934 ---οηην
2700 1913 2713 1914 ,

2085 1957 2250 2014 Vens.
2293 1955 2347 2010 6.
2383 1953 2534 2008 Pone
2569 1969 2653 2006 me
2683 1963 2741 2005 ut
2785 1951 3116 2020 signaculum
3165 1964 3322 2014 super
3362 1913 3664 2014 cornuum,

2151 2041 2206 2082 ut
2235 2026 2742 2096 signaculuntsuper
2765 2019 3068 2096 bi'achium,_
3089 2031 3236 2072 tuum
3261 2021 3384 2096 quia
3405 2019 3562 2096 [ortis
3587 2025 3668 2072 est

2149 2109 2206 2152 ut
2229 2089 2366 2152 mors
2399 2094 2632 2160 dilectio,
2652 2089 2793 2146 dura
2817 2094 2948 2146 sicut
2979 2089 3518 2160 inferrtuswmulatie.

2149 2194 2352 2248 Invitat
2379 2202 2498 2246 eam
2531 2202 2760 2258 sponsus
2786 2194 2846 2240 ut
2881 2197 3099 2238 onmem
3133 2179 3523 2249 cogitationem
3555 2191 3669 2231 om-

2081 2301 2316 2356 nemque
2361 2296 2545 2338 actum
2579 2277 2866 2350 signaculo
2896 2290 2996 2331 suo
3024 2275 3234 2344 signet;
3271 2271 3386 2325 haec
3415 2283 3546 2323 vero
3581 2267 3666 2322 fa-

2080 2397 2205 2436 cere
2251 2379 2384 2434 dicit
2430 2377 2848 2436 vehementem,
2883 2371 3026 2425 sicut
3079 2376 3347 2431 mortem,
3399 2377 3665 2417 amorem.

2080 2470 2275 2527 Omnia
2306 2468 2451 2524 enim
2480 2467 2604 2534 fert,
2628 2465 2815 2520 omnia
2847 2463 3076 2530 patitur.
3109 2459 3343 2527 Ideoque
3370 2457 3666 2511 vehemens

2080 2563 2341 2618 adversus
2377 2569 2606 2614 mortem
2628 2571 2750 2628 qua;
2779 2555 2935 2624 culpa
2966 2563 3050 2607 est
3072 2551 3314 2606 lethalis.
3345 2548 3513 2618 Igitur
3539 2562 3666 2602 cum

2080 2655 2331 2709 omnibus
2369 2651 2652 2721 praevaluit
2679 2665 2847 2712 mors,
2879 2655 3166 2717 propterea
3199 2643 3342 2712 quod
3377 2643 3429 2695 in
3457 2639 3668 2694 Adamo

2080 2761 2268 2802 omnes
2317 2743 2644 2798 moriuntur.
2681 2739 2886 2794 Eodem
2939 2752 3099 2792 sensu
3157 2735 3402 2804 infernus
3435 2746 3670 2800 usurpa-

2084 2847 2190 2891 tur.
2219 2835 2391 2901 Talis,
2422 2833 2624 2903 inquit,
2667 2846 2824 2885 amor
2857 2838 2914 2885 et
2955 2828 3128 2893 zelus,
3162 2841 3271 2896 quo
3318 2833 3538 2894 oportet
3580 2835 3675 2876 ze-

2081 2929 2194 2981 lare
2225 2941 2352 2996 erga
2385 2927 2580 2989 Deum,
2617 2925 2786 2978 durus
2813 2923 3076 2977 adversus
3105 2923 3460 2988 peccatores,
3493 2913 3672 2984 qualis

2081 3017 2250 3073 Helia:
2299 3027 2354 3072 et
2399 3017 2653 3071 Phinees.
2693 3014 2840 3070 Dicit
2887 3013 3056 3068 etiam
3107 3025 3342 3080 sponsus
3391 3007 3456 3061 ad
3508 3022 3672 3071 eam,

2081 3127 2214 3182 pone
2243 3127 2325 3163 me
2355 3119 2410 3163 ut
2440 3105 2780 3177 signaculum
2802 3147 2818 3172 ,
2854 3105 2920 3160 ad
2960 3103 3284 3175 signandum
3315 3098 3674 3169 cogitationes

387 3234 447 3270 σε
455 3188 616 3281 ιςνσου
638 3215 732 3268 mi.
858 3210 1087 3283 πράξεις
1105 3225 1218 3272 σου,
1243 3207 1338 3260 καὶ
1354 3205 1458 3267 ἕως
1477 3199 1708 3255 θανάτου
1723 3197 1981 3268 άγωνίσαι

2090 3213 2210 3258 tuas
2229 3211 2456 3257 etactus
2485 3209 2630 3264 tuos,
2656 3207 2711 3254 et
2736 3211 2912 3267 usque
2944 3197 3010 3249 ad
3044 3203 3276 3248 mortem
3311 3205 3410 3260 pro
3443 3188 3676 3242 veritate

383 3309 526 3379 ὑπὲρ
576 3308 675 3378 τῆς
715 3303 992 3377 ἀληθείας·
1022 3302 1118 3354 καὶ
1151 3303 1208 3354 ἐν
1261 3297 1340 3368 τῷ
1377 3295 1478 3368 ᾄδῃ
1529 3294 1585 3346 δέ
1615 3293 1706 3346 τὸν
1739 3290 1974 3362 Χριστὸν

385 3399 664 3470 ἐζήλωσαν
684 3397 734 3450 oi
750 3396 1013 3459 Ἰουδαῖοι,
1031 3391 1460 3462 ὑποφοείραντες
1474 3387 1600 3449 τοὺς
1617 3382 1973 3454 στρατιώτας.

468 3485 718 3556 Ἀδελφὴ
751 3484 922 3554 ’ἡμῶν
944 3485 1145 3553 μικρὰ,
1183 3481 1279 3533 καὶ
1306 3476 1584 3548 μαστοὺς
1621 3477 1732 3528 οὐκ
1757 3473 1902 3544 ἕχει.

460 3583 584 3635 Ὅτι
621 3577 792 3652 μικρὰ
811 3581 844 3650 ή
863 3577 958 3631 τοῦ
991 3573 1279 3644 ἀνθρώπου
1305 3571 1472 3642 ψυχὴ,
1509 3569 1604 3622 καὶ
1638 3567 1732 3620 ἐπὶ
1760 3567 1866 3636 γῆς
1898 3565 1978 3618 ἐτι

388 3669 854 3740 ἐπισκευαζομένη
905 3666 1002 3720 τοῦ
1040 3663 1176 3719 Θεοῦ
1225 3659 1546 3730 Ἐκκλησία,
1601 3659 1696 3710 καὶ
1730 3657 1982 3726 νοήματα

393 3765 573 3839 (τοῦτο
590 3763 698 3833 γὰρ
731 3763 780 3814 oi
808 3759 1024 3831 μαστοὶ)
1079 3757 1244 3827 μήπω
1283 3752 1506 3822 ἔχουσα,
1562 3747 1872 3802 ἐπιδίδωσιν
1901 3747 1982 3807 εἰς

395 3857 622 3933 μέγεθος
645 3856 760 3927 βίου
787 3853 882 3906 καὶ
927 3849 1233 3920 νοημάτων·
1268 3847 1354 3899 ἐπ’
1389 3845 1454 3898 ἂν
1477 3841 1732 3914 τρανὼσῃ
1762 3839 1833 3892 τά
1860 3839 1984 3910 νοή-

395 3932 540 4023 ματα
562 3950 657 4002 καὶ
685 3942 1000 4018 προφητικά
1026 3936 1430 4010 θεωρήματα,ἣ
1463 3935 1561 4006 τὴν
1593 3932 1896 4003 σύμπνοιάν
1923 3947 1984 3983 τε

391 4022 488 4100 καὶ
531 4042 810 4112 ἐνέργειαν
851 4035 1076 4107 χωρήσῃ
1103 4031 1408 4100 δυνάμεως·
1443 4027 1499 4080 αῖ
1527 4024 1622 4078 καὶ
1645 4022 1819 4077 ταῦτά
1851 4039 1985 4092 φασι

395 4132 535 4207 μετά
565 4149 626 4184 τε
659 4125 956 4201 προφητῶν
988 4124 1084 4176 καὶ
1101 4119 1324 4174 δικαίων
1353 4117 1696 4188 πνευμάτων.

401 4202 466 4282 Ὅ
495 4224 833 4292 καθήμενος
859 4218 929 4292 ἐν
959 4215 1196 4292 κήποις,
1214 4210 1432 4292 ἑταῖροι
1452 4207 1859 4292 προςέζωξες
1877 4202 1986 4273 τῆς

466 4276 674 4367 φωτὶ
707 4276 844 4367 «.035-
1533 4276 1820 4367 dseeé
1839 4293 1984 4367 ea.

462 4345 898 4434 υἷᾶὶνὸᾆῖοιῷθητι
927 4355 1000 4426 τῇ
1029 4345 1296 4434 δορκάδι,
1407 4345 1488 4417 τῷ
1513 4345 1702 4416 νεϐρῷ
1717 4347 1834 4400 τῶν
1848 4345 1988 4400 ἐλά-

375 4467 380 4474 -
463 4453 593 4508 φων
619 4426 722 4488 ἓπὶ
739 4426 844 4501 ὄρη
867 4426 1206 4498 ἀρωμάτων.

463 4527 620 4584 Εῐδεν
659 4530 692 4597 ή
728 4524 914 4594 νύμφη
937 4521 1026 4574 τὸν
1048 4516 1282 4589 νυμφίον
1333 4512 1748 4583 ἀναπαυόμενον
1779 4511 1835 4564 ἐν
1873 4511 1986 4574 τοῖς

394 4625 614 4696 κήποις,
646 4619 742 4673 καὶ
766 4618 892 4679 τοὺς
913 4613 1165 4684 ἑταίρους
1191 4609 1389 4668 αὐτοὺς
1424 4606 1791 4682 προσέχοντας
1824 4601 1990 4656 αὐτοῦ

394 4693 465 4787 τῇ
495 4717 646 4785 φωνῇ
671 4707 736 4783 ἦς
765 4711 998 4782 ἤκουσεν
1033 4704 1200 4773 αὐτή·
1237 4701 1333 4755 καὶ
1359 4699 1607 4771 βούλεται
1634 4695 1796 4751 αὑτὸν
1828 4693 1994 4761 ὀξέως

397 4809 492 4863 καὶ
519 4803 836 4878 διορατικῶς
860 4799 1074 4874 ὁρῶντα
1098 4796 1206 4850 ἀπὸ
1229 4795 1338 4848 τῶν
1369 4792 1498 4866 τῇδε
1528 4789 1870 4864 πραγμάτων
1901 4789 1996 4839 ἐκ,

397 4901 596 4963 κλῖναι,
615 4899 768 4972 τάχει
797 4895 895 4967 μὲν
921 4893 1015 4946 καὶ
1037 4887 1346 4959 ὀξυδερκίᾳ,
1373 4884 1724 4956 ὡμοιωμένον
1750 4881 1991 4953 δορκάδι,

397 4991 576 5064 νεϐρῷ
606 4991 664 5043 δέ
695 4991 808 5051 τοῖς
832 4985 941 5038 τῶν
976 4979 1250 5052 πολεμίων
1284 4978 1360 5042 ὡς
1385 4976 1560 5046 ὄφεων
1594 4975 1688 5028 καὶ
1717 4973 1994 5045 σκορπίων

397 5077 885 5155 καταφρονητικῶς
899 5077 1062 5152 ἔχειν,
1093 5073 1186 5128 καὶ¹
1202 5069 1444 5125 ἀνελθεῖν
1467 5069 1604 5140 πρὸς
1627 5067 1752 5130 τοὺς
1773 5067 1995 5135 ἀνεστη-

397 5150 568 5240 κότας
587 5150 664 5238 ὧς
678 5150 800 5242 ὅρη,
842 5171 937 5223 καὶ
959 5150 1150 5238 πάσης
1183 5163 1445 5224 πνέοντας
1475 5159 1723 5222 εὐωδίας·
1755 5158 1884 5228 περὶ
1917 5150 1992 5210 ὧν

398 5275 478 5332 τὸ,
511 5271 565 5322 ol
592 5263 850 5335 θεμέλιοι
877 5259 1066 5315 αὑτοῦ
1089 5255 1300 5321 ἐντοῖς
1331 5254 1498 5322 ὄρεσι
1518 5251 1643 5317 τοῖς
1663 5251 1873 5318 ἁγίοις·
1901 5248 1992 5300 καὶ

398 5361 572 5415 ταῦτα
603 5355 744 5412 κατά
773 5355 900 5417 τοὺς
938 5351 1344 5420 Ἐϐδομήκοντα
1373 5345 1470 5399 καὶ
1497 5343 1846 5404 Θεοδοτίωνα,
1899 5339 1994 5392 καὶ

399 5453 498 5524 τὴν
543 5449 800 5520 πέμπτην
838 5443 1066 5498 ἔκδοσιν·
1089 5445 1117 5496 6
1165 5440 1347 5512 μέντοι
1413 5435 1666 5500 Ἀκύλας,
1690 5437 1722 5487 ὁ
1743 5433 1998 5502 καθήμε-

399 5561 506 5608 νος
534 5542 604 5594 ἐν
635 5537 874 5604 κήποις,
906 5532 1188 5600 ἐξέδωκεν·
1218 5530 1246 5580 ὁ
1267 5528 1326 5584 δὲ
1371 5527 1690 5598 Σύμμαχος,
1733 5526 1774 5593 ἡ
1798 5541 1996 5580 κατοι-

401 5633 618 5689 κοῦσα·
673 5631 748 5694 ὡς
795 5625 1050 5697 λέγεσθαι
1086 5621 1157 5676 τὰ
1203 5618 1400 5691 πρῶτα
1447 5619 1583 5691 πρὸς
1621 5619 1722 5689 τὴν
1775 5616 1994 5688 νύμφην

507 5726 554 5758 ⁵⁸
582 5725 723 5779 PSaI.
757 5735 980 5782 Lxxxw,
1019 5717 1072 5770 ‘l.

472 5819 546 5889 (9)
593 5819 920 5887 ’Ῑσχύσείνμ
954 5811 1120 5870 Forte
1153 5808 1352 5880 ἱσχύσι.
1399 5807 1562 5862 Eutr.

2021 4559 2068 4614 D

2078 3296 2448 3364 pugnandum.
2499 3293 2680 3360 Atque
2736 3291 2790 3344 in
2845 3288 3062 3344 inferno
3109 3285 3388 3342 Christum
3422 3281 3677 3337 zelabant

2077 3382 2265 3444 Judrei,
2297 3382 2575 3450 corruptis
2604 3379 2892 3433 militibus.

2139 3473 2306 3528 Vens.
2335 3473 2389 3528 8.
2419 3471 2586 3528 Soror
2621 3479 2802 3526 nostra
2835 3485 3018 3538 parva,
3045 3475 3094 3520 et
3125 3466 3284 3520 ubera
3315 3481 3422 3518 non
3451 3463 3628 3518 habet.

2153 3569 2292 3636 Quia
2341 3583 2507 3638 parva
2550 3565 2791 3620 hominis
2845 3564 3072 3628 anima,
3119 3571 3176 3615 et
3227 3561 3281 3613 in
3327 3567 3471 3614 terra
3499 3557 3678 3610 adhuc

2081 3671 2384 3732 praeparata
2407 3661 2502 3715 Dei
2527 3658 2790 3722 Ecclesia,
2809 3665 2862 3711 et
2884 3655 3119 3724 cogitata
3162 3651 3289 3724 (hoc
3315 3651 3458 3706 enim
3485 3649 3676 3721 ubera)

2082 3767 2204 3822 quae
2237 3755 2472 3808 nondum
2501 3752 2693 3816 habet,
2722 3751 2848 3804 vitae
2881 3747 3115 3805 sicilicet
3147 3757 3202 3800 et
3229 3745 3430 3799 mentis
3463 3741 3676 3810 magni-

2085 3845 2361 3912 tudinem;
2418 3858 2540 3898 cum
2595 3841 2889 3896 manifeste
2943 3841 3076 3894 lient
3125 3837 3177 3892 ei
3221 3837 3588 3906 cogitationes
3622 3843 3678 3888 et

2085 3937 2424 4008 prophetica:
2471 3934 2968 4003 contemplationes
2994 3975 3009 3999 ,
3053 3940 3150 3986 aut
3176 3945 3297 3983 eum
3328 3926 3674 3982 concordiam

2087 4039 2250 4097 atque
2299 4029 2545 4096 vigorem
2601 4035 2896 4080 consecuta
2944 4024 3082 4090 erit;
3141 4023 3260 4098 haec
3307 4021 3452 4075 enim
3487 4017 3682 4072 dicunt

2087 4131 2210 4190 post
2237 4121 2532 4191 pr0phetas
2560 4117 2849 4187 iustosque
2873 4116 3125 4186 spiritus.

2089 4212 2254 4268 Vens.
2277 4211 2470 4278 15,14.
2495 4212 2626 4276 Quae
2652 4211 2862 4264 habitas
2885 4211 2934 4260 in
2957 4209 3146 4274 hortis,
3177 4205 3338 4259 amici
3353 4201 3677 4278 auscultant,

2161 4284 2246 4354 fac
2284 4275 2364 4336 me
2387 4275 2574 4336 audire
2603 4297 2774 4354 uocem
2805 4290 2983 4354 tuam;
3014 4278 3156 4345 fuge,
3188 4278 3376 4328 dilecte
3397 4275 3494 4338 mi,
3522 4281 3572 4325 et
3594 4287 3682 4323 as-

2160 4349 2404 4407 similare
2421 4368 2643 4421 capreas,
2672 4349 2993 4418 [tinnulaque
3019 4362 3285 4401 ceruorum
3303 4360 3458 4413 super
3479 4352 3682 4395 montes

2160 4437 2474 4478 aromatum.

2166 4515 2315 4572 Vidit
2341 4530 2538 4586 sponsa
2585 4527 2848 4584 sponsum
2897 4511 2950 4565 in
3001 4509 3174 4565 hortis
3207 4507 3682 4578 requiescenlem,

2099 4611 2355 4680 ipsosque
2407 4609 2614 4663 amicos
2661 4606 2780 4674 ejus
2831 4603 2954 4658 voci
3009 4603 3337 4666 audientes,
3367 4613 3532 4668 quam
3565 4597 3684 4666 ipsa

2098 4703 2324 4758 audivit.
2373 4699 2500 4755 Vult
2527 4716 2650 4756 eum
2705 4699 2904 4754 subtile
2937 4707 2993 4754 et
3043 4695 3338 4767 perspicue
3366 4697 3684 4747 cernentem

2097 4796 2164 4850 ab
2211 4793 2374 4863 hujus
2422 4792 2610 4847 mundi
2657 4792 2819 4845 rebus
2869 4788 3144 4844 declinare
3172 4825 3188 4851 ,
3243 4799 3364 4840 cum
3401 4781 3686 4838 celeritate

2097 4885 2422 4954 acribusqne
2450 4885 2646 4948 oculis,
2695 4881 2870 4952 qualis
2903 4893 3113 4949 capreae
3149 4875 3430 4941 hinnulus,
3465 4887 3531 4927 ac
3566 4886 3686 4926 cer-

2096 4995 2287 5034 vorum
2327 4981 2513 5032 hostes
2537 4978 2686 5030 velut
2713 4984 3000 5044 serpentes
3034 4980 3090 5027 et
3129 4970 3445 5040 scorpiones
3475 4967 3526 5019 in
3563 4980 3689 5020 con-

2101 5079 2303 5140 temptu
2335 5071 2558 5132 habere,
2595 5079 2760 5136 atque
2790 5068 2856 5120 ad
2884 5065 3148 5120 sublimes
3175 5077 3295 5117 sese
3323 5058 3594 5122 attollere,
3625 5066 3686 5111 ut

2101 5171 2315 5217 montes
2341 5201 2356 5225 ,
2387 5171 2442 5215 et
2473 5162 2538 5215 ad
2570 5160 2720 5214 suavi
2767 5159 2934 5214 odore
2986 5155 3196 5227 plenius
3229 5153 3559 5222 fragrantes.
3614 5151 3688 5206 De

2100 5258 2297 5328 quibus
2337 5257 2576 5310 dicitur:
2615 5255 2966 5324 fundamenta
3012 5249 3128 5320 ejus
3171 5250 3227 5301 in
3275 5245 3540 5300 ulantibus
3564 5259 3684 5296 san-

2101 5351 2197 5402 ctis
2221 5349 2268 5379 ⁵⁸
2301 5366 2315 5402 :
2353 5349 2578 5416 haecque
2624 5346 2924 5401 secundum
2959 5341 3316 5412 Septuaginta
3347 5377 3362 5402 ,
3394 5347 3450 5391 et
3507 5333 3548 5388 Τ
3558 5336 3686 5388 heo-

2107 5439 2406 5506 dotionem,
2453 5438 2812 5506 quintamque
2841 5433 3278 5489 translationem.
3309 5427 3505 5500 Aquila
3539 5439 3686 5488 vero,

2104 5534 2193 5602 qui
2235 5533 2374 5586 sedet
2423 5532 2480 5584 in
2528 5528 2730 5594 hortis,
2781 5526 2990 5592 edidit;
3022 5535 3078 5581 et
3126 5521 3485 5595 Symmachus
3520 5536 3534 5572 :
3572 5532 3693 5588 quae

2107 5623 2340 5680 habitas.
2375 5621 2564 5678 Priora
2597 5619 2702 5678 hoc
2749 5633 2914 5676 sensu
2946 5617 3206 5674 dicuntur
3249 5616 3318 5672 ad
3346 5625 3601 5685 sponsam
3633 5609 3692 5664 in
