4172 6390
521 311 629 371 εὸἷ
1389 315 1952 377 δυΡΡιΕΜΕΝΤυΜ
1986 320 2087 376 AD
2114 318 2440 379 ORIGENIS
2467 320 2879 380 EXEGETICA.
3691 321 3802 379 288

519 430 762 501 propriis
788 430 965 488 hortis
991 430 1272 489 sedentem
1294 472 1314 502 ,
1346 436 1640 508 sponsique
1695 438 1858 495 amici
1901 448 2109 496 attente

2211 439 2529 512 καθημένην
2566 441 2718 512 παρὰ
2745 443 2856 506 τοῖς
2887 438 3036 504 ἰδίοις
3084 440 3336 512 καρποῖς,
3376 438 3471 495 καὶ
3505 439 3632 506 τοὺς
3658 440 3804 494 ἑται-

518 542 641 585 eam
672 528 863 585 audire
888 531 1145 601 gaudent.

2222 549 2352 605 ρους
2407 532 2576 587 αὐτοῦ
2640 530 3018 605 προσεκτικῶς
3073 530 3245 601 αὐτῆς
3301 531 3605 605 ἀκροᾶσθαι
3677 533 3802 604 χαί-

2223 634 2438 692 ροντας.

524 768 3748 799 W

922 937 1514 1033 ORIGENIS
1586 933 2309 1026 FRAGMENTA
2387 934 2514 1023 IN
2591 933 3401 1026 EZECHIELEM.

1376 1130 1531 1203 (νυ,
1558 1128 1695 1187 Bibl.
1738 1146 1870 1186 notia
1910 1128 2160 1196 Patrum,
2202 1126 2318 1195 VII,
2358 1144 2426 1196 ll,
2466 1127 2623 1185 Praef.
2657 1143 2710 1201 p.
2746 1144 2777 1182 ν
2802 1126 2941 1203 [1].)

584 1416 812 1472 Brachia
866 1415 1174 1471 Pharaonis
1202 1425 1329 1470 sunt
1356 1414 1561 1469 malitia
1603 1415 1657 1471 in
1694 1426 1817 1473 actu
1862 1416 2099 1491 peccati,
2279 1418 2329 1471 1.
2372 1417 2510 1474 Cod.
2543 1416 2583 1474 ί.
2617 1416 2717 1472 221
2772 1433 2825 1473 a.
2864 1417 3000 1493 Cap.
3039 1417 3209 1476 XXX.
3247 1421 3338 1477 25.
3362 1422 3659 1496 Βραχίονές
3686 1426 3795 1483 είσι

518 1523 584 1564 ac
625 1510 680 1564 in
705 1508 1055 1579 dogmatibus
1096 1507 1397 1579 impietatis
1426 1509 1682 1580 superbia
1714 1511 1895 1567 carnis
1935 1530 1949 1567 :
1978 1526 2100 1584 qua

2201 1508 2401 1580 Φαραὼ
2433 1510 2467 1581 ή
2502 1509 2671 1563 κακία
2697 1511 2756 1563 ὲν
2788 1508 2985 1582 πράξει
3006 1511 3304 1585 ἁμαρτίας,
3322 1514 3419 1569 καὶ
3445 1517 3504 1570 ἒν
3527 1515 3793 1590 δόγμασιν

506 1599 735 1655 brachia
770 1600 916 1655 Deus
951 1599 1252 1668 confringit
1296 1609 1357 1653 ut
1384 1600 1600 1670 justus;
1635 1599 1850 1657 Pharao
1881 1605 2100 1676 symbo-

2202 1597 2460 1662 ἀσεϐείας
2497 1598 2558 1651 τὸ
2602 1598 2859 1670 φρόνημα
2890 1600 2991 1671 τῆς
3024 1602 3259 1674 σαρκός·
3304 1603 3398 1670 οὓς
3445 1606 3732 1679 βραχίονας
3762 1611 3797 1665 6

508 1686 621 1743 lum
653 1698 739 1745 est
766 1689 990 1755 diaboli,
1019 1691 1111 1760 qui
1152 1700 1347 1747 auctor
1389 1701 1475 1746 est
1500 1692 1708 1760 peccati
1748 1692 1888 1748 inter
1918 1695 2097 1751 homi-

2201 1690 2335 1756 Θεὸς
2380 1689 2654 1763 συντρίϐει
2686 1691 2762 1755 ὼς
2813 1692 3055 1761 ἀγαθός’
3094 1697 3124 1750 6
3154 1696 3354 1768 Φαραὼ
3401 1698 3493 1753 τοῦ
3543 1700 3792 1757 διαϐόλου

508 1795 627 1836 nes.
658 1805 728 1822 -—
757 1780 1065 1854 Conlringit
1091 1783 1353 1839 Dominus
1396 1781 1677 1839 brachium
1722 1796 2096 1859 peccatorum,

2203 1784 2323 1837 ἐστὶ
2353 1782 2622 1854 σύμϐολον
2650 1782 2743 1837 τοῦ
2771 1784 3031 1856 ἄρχοντος
3063 1786 3163 1857 τῆς
3188 1788 3245 1841 έν
3278 1787 3588 1861 ἀνθρώποις
3611 1793 3793 1865 ἀμαρ-

504 1881 565 1928 ut
591 1875 935 1947 non-possint
964 1877 1376 1947 apprehendere
1409 1877 1635 1949 gladios.

575 2053 646 2109 Et
674 2055 781 2112 hoc
810 2057 866 2112 in
896 2056 981 2113 bis
1014 2057 1202 2115 verbis
1232 2058 1508 2129 praecipue
1546 2058 1867 2132 allegoriam
1893 2062 2099 2120 indicat

504 2143 846 2216 Scriptum:
871 2147 1086 2206 Pharao
1105 2151 1253 2207 enim
1281 2153 1641 2226 corporaliter
1672 2169 1779 2210 non
1809 2168 1877 2209 ex
1903 2171 2095 2211 excre-

503 2239 707 2294 mentis
738 2239 852 2296 suis
891 2249 1096 2297 terram
1147 2244 1379 2313 potabit,
1411 2245 1506 2303 sed
1534 2244 1704 2301 fetida
1734 2257 2094 2319 purgamenta

501 2331 807 2389 adversarii
839 2335 1116 2391 satiabunt
1140 2337 1410 2408 regiones.

571 2505 834 2563 Hebraaus
857 2515 1037 2563 textus
1059 2509 1113 2564 in
1136 2510 1489 2581 amplitudine
1511 2511 1661 2569 lacus
1681 2513 1867 2581 habet,
1886 2512 2093 2573 lumen

498 2600 647 2656 enim
678 2602 980 2656 secundum
1012 2600 1296 2659 Hebraeam
1325 2604 1592 2676 linguam,
1616 2608 1978 2679 spiritumque
1999 2625 2092 2666 rn-

498 2692 622 2745 dem
683 2690 982 2761 praeferens
1034 2693 1209 2762 femur
1256 2710 1321 2751 ac
1354 2696 1736 2769 longitudinem
1783 2700 2087 2773 signiﬁcat;

498 2797 622 2837 cum
642 2785 1032 2850 contractione,
1052 2787 1431 2844 incrementum
1454 2791 1852 2863 interpretatur
1874 2813 1887 2849 :
1912 2795 2091 2851 lucum

499 2873 645 2927 enim
678 2876 1098 2946 vocatsepulcri
1134 2877 1485 2948 profundum,
1512 2883 1921 2953 amplitudinem
1957 2900 2091 2945 vero

499 2964 738 3034 sepulcri
768 2967 1135 3027 latitudinem.
1217 3016 1232 3031 .

573 3055 773 3113 Multas
819 3071 1008 3129 portas
1046 3062 1306 3119 describit
1344 3064 1488 3123 ﬁlius
1536 3067 1777 3125 hominis
1807 3068 2087 3137 Ezechiel,

497 3158 553 3203 et
603 3148 673 3205 de
716 3163 1041 3223 unaquaque
1090 3157 1557 3214 narratiunculam
1603 3162 1897 3218 exhibuit:
1940 3179 2090 3222 nunc

497 3248 680 3295 autem
705 3239 944 3312 loquitur
974 3243 1303 3303 habentibus
1324 3263 1486 3305 aures
1508 3251 1575 3307 de
1600 3263 1759 3322 porta
1784 3256 2088 3313 sanctuarii

496 3331 811 3399 exterioris,
839 3350 960 3404 quae
1013 3335 1240 3408 respicit
1283 3350 1478 3396 contra
1521 3343 1817 3410 orientem,
1863 3347 1932 3402 de
1979 3363 2088 3419 qua

499 3422 766 3491 scriptum
813 3435 918 3495 est,
946 3427 1094 3498 quod
1136 3431 1249 3484 hac
1298 3440 1455 3500 porta
1511 3432 1699 3488 clausa
1753 3439 2085 3502 erit,elc....

496 3505 614 3563 Non
663 3521 875 3567 tantum
916 3517 1061 3586 quod
1106 3518 1371 3577 Dominus
1407 3522 1550 3578 Deus
1588 3521 1760 3581 Israel
1805 3527 2088 3598 ingressus

494 3610 580 3654 est
611 3615 707 3671 per
740 3602 882 3660 hanc
909 3618 1145 3675 portam,
1193 3610 1308 3667 haec
1338 3613 1527 3670 clausa
1558 3625 1662 3683 est,
1699 3618 1791 3673 sed
1827 3620 2086 3689 quoniam

494 3701 550 3745 et
602 3693 718 3762 ipse
758 3697 1012 3769 princeps
1043 3701 1256 3759 sedebit
1287 3703 1343 3759 in
1379 3705 1484 3761 hac
1534 3717 1695 3778 porta
1737 3719 1798 3765 ut
1838 3713 2089 3769 comedat

495 3797 680 3837 coram
713 3786 966 3856 Domino,
1000 3792 1286 3863 ingressus
1310 3812 1410 3867 per
1427 3799 1572 3854 viam
1604 3801 1968 3874 Alumquod
1998 3808 2086 3863 in-

493 3881 827 3945 terpretatur
891 3895 1056 3950 porta:
1116 3888 1450 3947 vestibulum.
1503 3892 1666 3950 Porta
1716 3895 1901 3952 clausa
1942 3909 2025 3955 est
2066 3918 2081 3955 :

494 3973 757 4039 mysteria
803 3973 897 4029 Dei
938 3987 1068 4033 sunt
1114 3979 1228 4035 haec
1250 3995 1374 4052 quae
1415 3983 1787 4043 includuntur.
1840 3989 2081 4046 Scientia

493 4060 701 4115 clavem
726 4064 911 4134 habet,
948 4069 1089 4125 s'icut
1109 4071 1374 4130 Dominus
1396 4075 1530 4132 dicit
1553 4079 1689 4148 legis
1720 4081 2078 4139 doctoribus:

492 4149 663 4207 Porta
701 4171 824 4225 ergo
862 4159 1047 4215 clausa
1076 4172 1188 4231 est;
1216 4166 1363 4236 quod
1407 4176 1493 4223 est
1536 4169 1682 4225 intra
1712 4180 1946 4241 portam,
1978 4174 2082 4231 hoc

492 4254 579 4299 est
624 4249 766 4315 quod
815 4250 1000 4307 oculus
1050 4269 1158 4310 non
1211 4257 1363 4323 vidit,
1394 4259 1646 4330 aurisque
1687 4276 1795 4317 non
1849 4264 2080 4333 audiuit,

491 4345 671 4391 etc....

2201 1871 2701 1944 τίας.-Συντρίϐει
2744 1874 2774 1927 6
2805 1873 3010 1945 Κύριος
3041 1875 3134 1929 τὸν
3170 1875 3432 1948 βραχίονα
3472 1879 3582 1933 τῶν
3614 1881 3794 1955 ἁμαρ-

2198 1965 2406 2028 τωλῶν,
2441 1965 2530 2018 ῖνα
2558 1965 2636 2038 μὴ
2662 1965 2924 2021 δύνωνται
2957 1967 3311 2024 ἐπιλαϐέσθαι
3355 1972 3651 2045 μαχαίρας.

2266 2055 2322 2111 2.
2369 2054 2506 2111 Cod.
2553 2055 2592 2109 f.
2627 2055 2735 2111 223
2784 2071 2835 2110 a.
2880 2055 3098 2112 XXXII.
3131 2057 3184 2114 6.
3222 2060 3335 2114 Καὶ
3379 2062 3540 2117 τοῦτο
3577 2065 3636 2117 ἐν
3676 2067 3794 2131 τοῖς

2202 2146 2440 2216 μάλιστα
2462 2147 2561 2219 τὴν
2580 2146 2911 2220 ἀλληγορίαν
2933 2148 3175 2204 δείκνυσι
3198 2151 3300 2222 τῆς
3322 2152 3568 2226 Γραφῆς·
3606 2158 3636 2211 6
3659 2157 3795 2226 γοῦν

2196 2237 2399 2310 Φαραὼ
2427 2237 2756 2310 σωματικῶς
2787 2241 2888 2295 οὐκ
2925 2239 2991 2296 ἂν
3019 2242 3129 2297 ἀπὸ
3177 2242 3285 2297 τῶν
3336 2248 3790 2320 προχωρημάτων

2198 2330 2366 2385 αὐτοῦ
2393 2332 2609 2386 ποτίσαι
2642 2332 2742 2404 τὴν
2769 2333 2894 2405 γῆν,
2922 2334 3041 2388 ἀλλ’
3087 2336 3121 2406 ἠ
3162 2336 3517 2411 σκυϐαλώδης
3546 2339 3795 2414 ἔκκρισις

2196 2421 2293 2476 τοῦ
2319 2423 2696 2494 ἀντικειμένου
2730 2423 2942 2490 ποτίζει
2974 2425 3042 2480 τὰ
3076 2429 3261 2499 γήϊνα.

2264 2513 2319 2568 5.
2343 2512 2479 2570 Cod.
2510 2513 2551 2570 ς.
2580 2515 2687 2571 222
2708 2516 2761 2571 b.
2788 2515 3004 2574 xxxn.
3023 2517 3117 2573 ss.
3147 2519 3207 2573 'o
3239 2520 3488 2593 Ἐϐραῖος
3514 2523 3588 2578 ἐν
3608 2525 3792 2595 μήκει

2194 2605 2428 2661 λάκκου
2457 2606 2569 2678 ἔχει
2594 2625 2608 2637 ’
2639 2608 2700 2662 τὸ
2724 2608 2833 2679 γὰρ
2858 2608 3036 2678 ιαρὴχ
3065 2609 3207 2664 κατὰ
3239 2610 3338 2683 τὴν
3374 2613 3639 2685 Ἐϐραίων
3670 2634 3787 2687 φω-

2195 2697 2295 2768 νὴν
2346 2697 2558 2763 δασέως
2600 2700 3040 2772 προφερόμενον,
3078 2702 3174 2756 καὶ⁵
3211 2705 3429 2773 μηρίν,
3464 2707 3556 2760 καὶ
3587 2706 3789 2777 μῆκος

2197 2788 2485 2859 σημαίνει·
2514 2790 2648 2845 τὸδὲ
2667 2790 2840 2863 αὐτῆς
2868 2791 3006 2864 πρὸς
3036 2792 3138 2865 τὴν
3167 2796 3533 2866 συναγωγὴν
3548 2796 3660 2868 ἔχει
3684 2797 3784 2871 τὴν

2194 2879 2468 2939 ιπίδοσιν·
2500 2880 2738 2937 λάκκον
2756 2880 2851 2937 οὖν
2900 2884 3058 2938 καλεῖ
3102 2884 3201 2957 τῆς
3243 2886 3423 2958 ταφῆς
3465 2886 3527 2941 τὺ
3577 2888 3776 2960 βάθοςο

2188 2969 2390 3040 μῆκος
2416 2971 2494 3037 δὲ,
2529 2972 2628 3043 τῆς
2653 2972 2835 3043 ταφῆς
2857 2974 2958 3045 τὴν
2992 2972 3233 3029 ἔκτασιν.

2258 3062 2314 3117 6.
2341 3062 2475 3119 Cod.
2506 3062 2546 3117 f.
2578 3064 2685 3118 252
2712 3065 2767 3120 b.
2791 3063 2977 3119 XLIV.
3011 3068 3064 3120 1.
3098 3067 3307 3132 Πολλὰς
3358 3069 3533 3134 πύλας
3561 3070 3781 3145 διαγρά-

2193 3172 2286 3225 φει
2305 3155 2335 3208 6
2367 3155 2482 3220 υἱὸς
2502 3155 2597 3210 τοῦ
2631 3155 2921 3229 ἀνθρώπου
2962 3159 3241 3231 Ἰεζεκιὴλ,
3264 3162 3358 3217 καὶ
3387 3165 3516 3234 περὶ
3547 3164 3791 3237 ἑκάστης

2190 3253 2490 3326 διηγήσατό
2518 3270 2570 3307 τι
2590 3270 2605 3285 ο
2636 3253 2734 3309 νῦν
2751 3253 2810 3308 δὲ
2830 3253 3100 3325 διηγεῖται
3130 3260 3246 3321 τοῖς
3276 3257 3461 3330 ἔχουσι
3485 3252 3624 3324 ὦτα,
3656 3259 3789 3333 περὶ

2190 3346 2291 3419 τῆς
2315 3346 2492 3418 πύλης
2513 3346 2624 3401 τῶν
2645 3345 2816 3416 ἁγίων
2848 3348 2949 3419 τῆς
2985 3347 3289 3420 βλεπούσης
3315 3349 3458 3404 κατὰ
3484 3352 3783 3417 ἀνατολάςθ

2191 3439 2321 3512 περὶ
2351 3435 2421 3513 ἦς
2452 3439 2762 3512 γέγραπται
2810 3440 2892 3493 ὅτι
2926 3440 2964 3508 ἠ
2994 3441 3159 3510 πύλη
3201 3442 3354 3509 αὕτη
3383 3445 3787 3515 κεκλασμένη

2187 3531 2383 3594 ἔσται,
2417 3531 2514 3586 καὶ
2546 3531 2616 3586 τὰ
2641 3531 2938 3604 ὲξῆς.-Ού
2972 3532 3131 3603 μόνον
3155 3534 3238 3587 ὅτι
3254 3533 3455 3607 Κύριος
3476 3536 3505 3588 6
3532 3535 3666 3601 Θεὸς
3686 3535 3785 3591 τοῦ

2202 3621 2421 3693 Ἰσραὴλ
2451 3621 2727 3693 διέρχεται
2774 3621 2864 3675 διὰ
2908 3621 3009 3694 τῆς
3045 3623 3242 3697 πύλης,
3286 3625 3623 3692 κέκλεισται,
3664 3627 3781 3682 ἀλλ’

2187 3712 2270 3767 δτι
2297 3712 2393 3767 καὶ
2428 3714 2458 3766 6
2483 3713 2787 3785 ἡγούμενος
2819 3712 3053 3786 κάθηται
3085 3717 3145 3770 ὲν
3176 3718 3359 3789 ἐκείνῃ
3402 3720 3467 3790 τῇ
3504 3718 3650 3792 πύλῃ
3684 3719 3787 3775 τοῦ

2188 3808 2381 3876 φαγεῖν
2412 3805 2593 3861 ἔναντι
2622 3807 2830 3879 Κυρίου
2851 3807 2994 3862 κατὰ
3025 3807 3124 3878 τὴν
3153 3808 3272 3863 ὁδὸν
3298 3808 3500 3882 Αίλὰμ,
3524 3810 3661 3885 ὅπερ
3690 3814 3774 3887 ιρι

2189 3898 2482 3969 μηνεύεται
2494 3900 2796 3969 πρόθυρον
2809 3898 3248 3972 πύλης.-Πύλη
3261 3901 3380 3955 ἐστὶ
3393 3901 3785 3977 κεκλεισμένη,

2184 3990 2253 4044 τὰ
2288 3992 2561 4065 μυστήρια
2593 3992 2689 4045 τοῦ
2709 3991 2844 4046 Θεοῦ
2870 3991 2941 4046 τὰ
2970 3992 3552 4050 ἁκατάκλειστα.-Ἠ
3575 3994 3780 4065 γνῶσις

2186 4080 2367 4134 κλεῖδα
2383 4080 2521 4152 ἔχει,
2537 4081 2614 4147 ὡς
2627 4082 2873 4155 όΚύριος
2894 4082 3042 4154 λέγει
3052 4086 3169 4149 τοῖς
3187 4086 3450 4157 νομικοῖς·
3476 4084 3591 4156 ἄρα
3611 4088 3783 4158 πύλη

2183 4173 2317 4226 ἐστὶ
2354 4173 2480 4241 τοῖς
2525 4173 2645 4245 μὲν
2688 4175 3022 4245 ἀνθρώποις
3065 4177 3467 4248 κεκλασμένη
3491 4196 3506 4210 ο
3546 4179 3618 4234 τὰ
3666 4181 3781 4255 γὰρ

2184 4261 2331 4317 ἔνδον
2358 4279 2457 4336 της
2491 4263 2668 4334 πύλης
2700 4265 2851 4319 ἐστὶν
2884 4264 2917 4319 6
2945 4269 2979 4320 ό
3018 4267 3329 4336 ὀφθαλμὸς
3362 4269 3475 4323 οὐκ
3494 4264 3660 4324 εἶδεν
3674 4269 3778 4325 καὶ

2184 4348 2295 4418 οὖς
2309 4355 2422 4408 οὐκ
2447 4353 2702 4422 ἤκουσε,
2728 4355 2826 4409 καὶ
2839 4356 2908 4410 τὰ
2920 4355 3371 4429 ἑξῆς.-Ὄμοιον
3395 4358 3452 4412 δὲ
3471 4360 3570 4431 τῆς
3599 4361 3776 4435 πύλης

565 4425 703 4485 Iluic
732 4442 901 4501 porta:
942 4436 1177 4493 similem
1222 4453 1443 4498 sensum
1480 4441 1643 4499 habet
1678 4443 1818 4501 liber
1841 4448 2080 4519 scriptus

2187 4443 2388 4515 ταύτης
2420 4444 2534 4517 ἔχει
2563 4445 2689 4501 νοῦν
2720 4447 2816 4501 καὶ
2847 4447 2910 4501 τὸ
2939 4425 3329 4520 γεγραμμένον
3368 4451 3428 4505 ὲν
3578 4425 3801 4525 Ἠσαῖᾲ⁸

492 4524 930 4597 obsignatusque
984 4528 1039 4583 in
1094 4527 1234 4585 Isaia
1278 4548 1293 4587 :
1335 4533 1591 4589 eumdem
1640 4533 1841 4594 librum
1873 4537 2081 4596 clarius

2188 4535 2393 4608 βιϐλίον
2433 4538 2873 4611 ὲσφραγισμένον
2896 4554 2913 4571 ο
2946 4540 3010 4594 τὸ
3048 4541 3183 4595 αὐτὸ
3217 4542 3377 4597 τοῦτο
3410 4544 3614 4615 βιϐλίον
3650 4524 3776 4601 tm;

492 4615 736 4672 invenies
779 4617 833 4673 in
882 4620 1206 4693 Apocalypsi
1263 4620 1519 4695 Joannis,
1562 4641 1630 4682 ac
1675 4626 1744 4684 de
1792 4630 1898 4685 hoc
1956 4647 2080 4702 qua:

492 4707 694 4778 scripta
723 4719 868 4765 sunt.
904 4711 966 4767 Et
991 4716 1265 4783 quomodo
1295 4719 1513 4787 aperuit
1547 4718 1694 4775 hunc
1717 4722 1803 4776 vir
1833 4736 1902 4777 ex
1932 4724 2077 4780 tribu

492 4792 633 4849 Juda
662 4800 838 4865 solus;
873 4816 996 4855 nam
1023 4817 1199 4874 usque
1233 4805 1359 4861 dum
1416 4808 1656 4865 venisset
1685 4809 1951 4869 Dominus
1980 4828 2078 4870 uo-

490 4896 606 4941 5ter
643 4886 801 4945 Jesns
839 4890 1112 4960 Christus,
1158 4895 1241 4952 lex
1275 4900 1456 4955 clausa
1477 4909 1583 4967 est,
1632 4915 1922 4976 sermoque
1952 4920 2080 4975 pro-

488 4980 775 5049 phetarum
806 5001 820 5038 :
861 4986 1037 5041 velum
1068 5002 1257 5044 eorum
1287 5000 1404 5047 erat
1438 4998 1591 5064 petra
1617 4996 1883 5051 caecitatis
1907 5012 2075 5067 quam

492 5071 723 5128 revolvit
755 5072 925 5132 Jacob
951 5093 1017 5133 ex
1048 5088 1234 5150 puteo,
1277 5081 1332 5137 in
1362 5084 1548 5139 multis
1585 5087 1729 5142 enim
1763 5086 1901 5143 locis
1946 5103 2075 5145 scn-

488 5175 612 5219 sum
645 5164 807 5238 hujus
838 5179 1010 5240 portat
1047 5172 1331 5244 Scriptura
1364 5178 1598 5247 aperuit.
1720 5166 1727 5175 ’

565 5369 644 5458 (1)
677 5371 795 5458 Dixi
820 5375 1071 5458 inferius“
1084 5388 1304 5438 exstare
1330 5382 1383 5437 in
1413 5383 1606 5458 eodem
1635 5400 1759 5441 cum
1779 5387 2079 5458 Apollinari

493 5440 560 5494 ad
578 5440 922 5523 Ezechielem
950 5449 1181 5523 codice,
1210 5463 1419 5507 certum
1473 5440 2077 5523 lragnientorttrmﬂ—Dri;

491 5514 651 5634 genis
685 5532 989 5581 munerum,
1014 5534 1134 5589 qua:
1158 5522 1355 5577 Rneus
1383 5524 1436 5577 in
1465 5514 1707 5581 editione
1738 5544 1846 5583 non
1885 5514 2070 5587 habet.

542 5597 706 5634 eanse
736 5588 882 5634 enim
906 5589 1051 5634 dicta
1081 5591 1250 5634 mliti“
1277 5603 1315 5634 ι-
1353 5592 1435 5634 Ill,
1490 5609 1523 5634 η
1578 5595 1683 5634 ΔΧἸ
1758 5613 1866 5634 ιιηη
1928 5600 2066 5634 ..ι-ι..

542 5597 706 5664 eapse
736 5588 1051 5664 enipiudjcta
1081 5591 1250 5664 editio
1277 5603 1316 5647 t.
1353 5592 1439 5664 Ill,
1489 5609 1544 5664 p.
1578 5595 1703 5660 457,
1758 5613 1866 5653 non
1928 5600 2069 5657 ultra

491 5644 784 5735 capitulum
822 5644 992 5735 XIIX,
1029 5675 1079 5735 ξ’.
1102 5644 2067 5735 _6,'pi-dée'dii;"eji{s}fue"'uim;}i}5

492 5719 851 5808 fragmentum
894 5719 1172 5808 Iiddy6w16
1197 5719 1392 5808 'éqrth
1408 5719 1587 5808 ἐξ)χῆ

495 5790 690 5864 legitur
721 5799 774 5853 in
813 5790 1013 5855 codice"
1042 5811 1231 5859 nostro
1261 5803 1315 5875 l._
1362 5790 1608 5870 2202?).
1658 5790 2061 5881 Ebc'é'Hdiéiﬁ;

2185 4628 2425 4701 κοτέρως
2468 4628 2725 4703 εὑρήσεις
2756 4630 2851 4686 καὶ
2891 4632 2950 4685 ἑν
2988 4634 3057 4704 τῇ
3094 4632 3458 4706 Ἀποκαλύψει
3499 4637 3770 4703 Ἰωάννου,

2185 4720 2281 4775 καὶ
2312 4720 2380 4775 τὰ
2412 4721 2541 4795 περὶ
2572 4722 2738 4777 αὑτοῦ
2763 4725 3127 4797 γεγραμμένα
3148 4741 3165 4757 ’
3212 4728 3309 4781 καὶ
3339 4727 3458 4792 πῶς
3500 4730 3711 4800 ἤνοιξεν
3738 4731 3777 4785 6

2185 4815 2251 4870 ἐκ
2286 4815 2460 4887 φυλῆς
2502 4816 2674 4872 Ἰούδα
2699 4818 2872 4873 ταῦτα
2904 4818 3001 4873 καὶ
3035 4820 3216 4891 μόνοςο
3251 4821 3413 4895 μέχρι
3441 4821 3552 4896 γὰρ
3578 4817 3641 4878 οὗ
3668 4818 3769 4897 ἦλ-

2182 4907 2276 4963 θεν
2307 4910 2337 4963 6
2370 4910 2577 4984 Κύριος
2606 4913 2764 4987 ἡμῶν
2804 4914 3012 4987 Ἰησοῦς
3042 4915 3072 4967 6
3101 4916 3357 4989 Χριστὸς,
3396 4918 3709 4974 ὲκέκλειστο
3737 4920 3768 4975 6

2180 5000 2364 5071 νόμος,
2399 5003 2429 5055 6
2460 5002 2618 5074 λόγος
2649 5007 2679 5059 6
2708 5008 3044 5079 προφητικός
3069 5024 3084 5038 ο
3122 5010 3217 5062 καὶ
3264 5008 3528 5081 κάλυμμα
3573 5007 3644 5083 ἦν
3671 5010 3767 5065 ἐπὶ

2177 5093 2384 5148 τούτων
2410 5096 2439 5149 6
2463 5094 2610 5160 λίθος
2630 5097 2731 5169 τῆς
2759 5096 3073 5171 πωρώσεως
3094 5139 3109 5165 ,
3155 5099 3216 5153 6v
3246 5099 3467 5169 ἀφεῖλεν
3496 5102 3526 5153 6
3568 5102 3768 5157 Ἰακὼϐ

2177 5187 2244 5239 ὲκ
2265 5185 2360 5240 τοῦ
2390 5187 2655 5259 φρέατος*
2687 5192 2747 5244 ὲν
2790 5188 3003 5256 πολλοῖς
3039 5192 3147 5264 γὰρ
3178 5192 3365 5257 τόποις
3392 5194 3483 5247 τὸν
3514 5193 3642 5249 νοῦν
3673 5194 3765 5250 τὸν

2182 5281 2313 5353 περὶ¹
2336 5279 2437 5351 τῆς
2459 5280 2634 5352 πύλης
2654 5281 2860 5356 ταύτης
2891 5286 2924 5357 ἡ
2948 5285 3141 5358 Γραφὴ
3172 5286 3402 5357 ἤνοιξεν.

2182 5406 2546 5475 praterqttam
2574 5400 2717 5468 quod
2753 5397 3296 5475 in‘prtecedentibus
3344 5419 3569 5475 quoque
3582 5473 3591 5475 4
3616 5403 3762 5461 foliis

2181 5475 2369 5539 partes
2398 5467 2606 5536 aliquot
2635 5478 2795 5523 erant
2817 5467 3307 5539 Rhaeoincogniuc,
3328 5467 3380 5527 id
3397 5467 3488 5529 est'
3510 5473 3672 5530 editis
3690 5476 3761 5529 ab

2179 5550 2247 5592 eo
2276 5536 2782 5615 intermistte,_post
2833 5541 2986 5615 illam
3051 5536 3206 5615 certe
3253 5536 3462 5600 codicis
3502 5546 3755 5615 paginam

2178 5608 2447 5680 usquead
2500 5608 2777 5680 prophetae
2824 5610 3009 5677 linem,
3064 5611 3368 5680 fragmenta
3402 5608 3608 5679 omnia:
3652 5613 3758 5671 etsi

2179 5678 2496 5752 perexigua,
2544 5678 2743 5734 inedita
2779 5688 2938 5743 sunt;
2967 5697 3087 5751 quin
3109 5678 3205 5738 hic
3232 5678 3621 5752 transeribel'e,
3685 5699 3760 5744 ne

2174 5747 2389 5806 diutius
2404 5748 2606 5807 lateant
2632 5758 2726 5807 aut
2754 5747 3001 5823 pereant,
3032 5767 3138 5810 non
3170 5751 3313 5821 nige‘
