4172 6438
1623 380 1910 436 SCHOLIA
1955 381 2018 434 IN
2060 380 2500 436 MATTHEUM.

3591 389 3698 449 290

1479 525 3674 560 _._____.,_______.___________________

1631 675 2472 792 ΩΡΙΓΕΝΟΥΣ

1072 896 1244 982 ΕΙΣ
1316 894 1617 980 ΚΑΤΑ
1688 895 2269 984 ΜΑΤΘΑΙΟΝ
2349 903 3077 993 ΕΥΑΓΓΕΛΙΟΝ.

1607 1258 1800 1370 EX
1873 1259 2498 1373 ORIGENE

775 1499 901 1589 IN
979 1495 1768 1592 EVANGELIUM
1849 1497 2493 1588 SECUNDUM
2565 1501 3328 1592 MATTHJEUM.

1347 1687 1705 1760 (Bibliotheca
1730 1687 2110 1754 Gallandiana,
2145 1702 2212 1744 ex
2243 1691 2362 1745 eod.
2397 1690 2588 1750 Venet.
2636 1690 2758 1760 nn.)

419 383 525 439 289

1063 1997 1226 2053 ΚΕΦ.
1268 1995 1347 2050 Α’.

462 2094 612 2166 Στιχ.
642 2099 731 2165 ιη’.
768 2091 880 2146 Τοῦ
909 2089 978 2144 δὲ
1020 2088 1214 2156 Ἰησοῦ
1247 2090 1284 2156 ἡ
1323 2085 1609 2157 γέννησις
1637 2086 1824 2153 οὕτως
1851 2082 1948 2155 ἦν.

488 2229 504 2246 .
530 2231 545 2247 .
571 2230 586 2245 .
613 2228 628 2242 .
656 2228 671 2242 .
697 2228 711 2243 .
734 2227 748 2242 .
791 2185 928 2257 (1-2)
965 2180 1097 2236 Ὧδε
1134 2182 1229 2252 μὲν
1279 2181 1584 2252 γεννήσεως
1651 2179 1922 2252 μέμνηται
1972 2181 2001 2233 6

414 2279 831 2350 εὐαγγελιστὴς,
866 2277 987 2330 κατ’
1021 2274 1194 2347 ἀρχὰς
1237 2273 1295 2326 δὲ
1344 2271 1437 2326 τοῦ
1483 2271 1816 2341 Εὐαγγελίου
1840 2315 1857 2339 ,
1891 2271 2001 2340 τῆς

414 2374 727 2444 γενέσεως.
769 2367 1035 2423 Ἐνταῦθα
1066 2367 1164 2438 μὲν
1196 2365 1305 2437 γὰρ
1338 2364 1503 2433 λέγει·
1547 2362 1659 2417 Τοῦ
1699 2362 1767 2415 δὲ
1806 2361 1999 2430 Ἰησοῦ

413 2461 674 2532 Χριστοῦ
722 2462 760 2528 ἡ
807 2459 1093 2529 γέννησις
1124 2457 1314 2521 οὕτως
1357 2452 1469 2523 ἦν,
1511 2455 1630 2506 ἐκεῖ
1659 2452 1735 2520 δὲ,
1783 2453 2000 2518 Βίϐλος

413 2550 706 2623 γενέσεως
741 2549 938 2618 Ἰησοῦ
981 2548 1260 2617 Χριστοῦ.
1298 2547 1394 2611 Τίς
1443 2543 1536 2600 οῦν
1573 2548 1606 2616 ή
1641 2544 1870 2616 διαφορὰ
1901 2545 2000 2616 τῆς

411 2644 720 2714 γεννήσεως
751 2642 843 2695 καὶ
876 2643 977 2712 τῆς
1020 2639 1317 2708 γενέσεως;
1353 2638 1447 2691 καὶ
1480 2637 1556 2701 ὡς
1596 2637 1880 2708 ἀμφότερα
1906 2635 1999 2689 ἐπὶ

411 2734 649 2807 Χριστοῦ
684 2732 1046 2803 λαμϐάνεται;
1087 2731 1296 2801 Ὥσπερ
1341 2730 1370 2782 6
1413 2729 1571 2798 λόγος
1601 2719 1757 2791 οὗτος
1803 2731 1832 2782 6
1866 2745 1998 2800 προ-

411 2825 636 2900 φορικὺς
660 2824 802 2878 κατὰ
833 2823 932 2895 τὴν
957 2822 1166 2876 οἰκείαν
1199 2821 1364 2891 φύσιν
1390 2821 1606 2891 ἀναφής
1633 2821 1752 2873 ἐστι
1784 2821 1878 2874 καὶ
1907 2819 1999 2873 ἀό-

412 2935 594 2990 ρατοςο
627 2918 755 2972 ὅταν
782 2917 840 2970 δὲ
873 2919 930 2970 ὲν
962 2915 1150 2987 βιϐλίῳ
1175 2918 1380 2987 γραφῇ,
1416 2914 1512 2968 καὶ
1540 2914 1702 2968 οἱονεὶ
1729 2931 1996 2983 σωματω-

409 3010 514 3082 θῇ,
541 3011 664 3064 τότε
710 3009 802 3063 καὶ
853 3009 1043 3081 ὁρᾶται
1093 3007 1190 3061 καὶ
1237 3007 1572 3077 ψηλαφᾶταιο
1615 3005 1788 3068 οὕτως
1830 3005 1925 3057 καὶ
1968 3005 1997 3056 6

408 3104 652 3175 ἄσαρκος
682 3101 776 3156 τοῦ
811 3100 945 3154 Θεοῦ
974 3100 1148 3168 Λόγος
1178 3098 1272 3152 καὶ
1293 3097 1603 3168 ἀσώματος,
1637 3095 1763 3149 οὔτε
1789 3096 1998 3168 ὁρώμε-

407 3214 535 3261 νος,
582 3194 706 3249 οῦτε
759 3192 1104 3265 γραφόμενος
1157 3194 1300 3245 κατὰ
1346 3190 1446 3261 τὴν
1507 3189 1758 3260 θεότητα,
1807 3187 1994 3260 ἐπειδὴ

401 3287 725 3360 ἐσαρκώθη,
760 3287 856 3340 καὶ
886 3287 1081 3356 ὁρᾶται
1110 3283 1207 3336 καὶ
1242 3281 1531 3352 γράφεται.
1564 3281 1664 3334 Διὰ
1703 3279 1884 3343 τοῦτο,
1917 3280 1993 3343 ὡς

2029 2002 2076 2060 Α

2767 2002 2922 2059 CAP.
2966 2003 3004 2056 Ι.

2346 2090 2416 2148 ν.
2446 2093 2536 2148 18.
2569 2092 2700 2149 Iesu
2727 2107 2902 2149 autem
2936 2097 3181 2150 nativitas
3211 2097 3286 2150 sic
3309 2106 3448 2155 erat.

2174 2182 2253 2238 Tu
2288 2198 2419 2238 vero
2445 2194 2707 2254 prmterea
2743 2186 2870 2242 illud
2903 2203 3106 2256 quaere,
3147 2189 3404 2257 quianam
3434 2190 3534 2245 hoc
3556 2191 3683 2260 qni-

2103 2272 2224 2328 dem
2258 2275 2418 2330 modo
2438 2277 2774 2332 nativitatem
2797 2281 3306 2334 commemoraverit
3323 2282 3684 2350 evangelista,

2103 2367 2170 2421 ab
2204 2366 2362 2420 initio
2385 2378 2562 2422 autem
2592 2369 2891 2438 Evangelii,
2923 2372 3310 2440 generationem
3332 2373 3357 2424 Ρ
3395 2371 3492 2426 llic
3537 2373 3683 2426 etaim

2102 2455 2270 2511 dicit:
2338 2457 2468 2513 Iesu
2517 2469 2694 2512 autem
2734 2459 2931 2514 Christi
2977 2462 3229 2516 nativitas
3274 2463 3352 2515 sic
3403 2473 3556 2528 erat;
3613 2463 3683 2517 ibi

2102 2564 2251 2616 vero,
2284 2549 2442 2605 Liber
2466 2553 2822 2619 generationis
2867 2551 2997 2608 Iesu
3030 2554 3229 2608 Christi
3255 2554 3293 2607 ¹.
3317 2555 3575 2621 Quaenam
3601 2564 3685 2610 est

2101 2640 2266 2709 igitur
2321 2641 2627 2696 diﬂ‘erentia
2679 2643 2988 2698 nativitatis
3041 2655 3095 2700 et
3165 2646 3580 2714 generationis?
3631 2655 3687 2702 et

2100 2734 2373 2801 quomodo
2397 2744 2629 2804 utraque
2663 2735 2730 2790 de
2761 2735 2980 2790 Christo
3014 2736 3390 2804 accipiuntur?
3413 2736 3685 2802 Quemad-

2100 2823 2323 2876 modum
2358 2821 2582 2876 verbnm
2623 2823 2722 2878 hoc
2756 2825 2930 2894 ipsum
2976 2823 3342 2893 prolaticium,
3371 2825 3522 2895 juxta
3555 2839 3681 2895 pro-

2101 2911 2276 2976 priam
2321 2922 2593 2979 naturam,
2655 2929 2760 2969 nec
2810 2917 2959 2986 tangi
3004 2925 3182 2986 potest
3236 2931 3337 2970 nec
3374 2915 3582 2981 videri;
3639 2915 3684 2972 si

2100 3004 2316 3070 quando
2361 3016 2543 3059 autem
2580 3006 2632 3060 in
2685 3006 2825 3062 libro
2881 3007 3145 3076 scriptum
3186 3006 3370 3072 fuerit,
3422 3021 3487 3060 ac
3525 3009 3685 3079 quasi

2100 3095 2169 3148 ad
2196 3109 2398 3164 corpus
2425 3098 2725 3163 redactum,
2754 3108 2880 3154 tunc
2909 3107 2965 3153 et
2993 3099 3210 3155 videtur
3248 3111 3303 3154 et
3330 3110 3678 3156 attreCtatur.

2099 3187 2255 3244 llaud
2285 3189 2443 3244 aliter
2485 3191 2579 3245 Dei
2634 3189 3091 3248 Verbum'carne
3132 3203 3186 3248 et
3226 3207 3456 3263 corpore
3499 3207 3595 3263 per
3625 3209 3686 3249 se

2099 3295 2313 3345 carens,
2343 3283 2486 3349 quod
2515 3297 2613 3336 nec
2637 3284 2808 3338 videri
2839 3299 2940 3338 nec
2979 3285 3242 3340 delineari
3274 3293 3452 3352 potest
3477 3301 3673 3340 secun-

410 3348 805 3450 σαρκωθέντος,
852 3348 944 3431 καὶ
978 3376 1156 3447 βίϐλος
1200 3348 1316 3428 ἐστὶ
1358 3374 1458 3444 τῆς
1505 3371 1670 3427 αὐτοῦ
1703 3373 1989 3440 γενέσεως.

2103 3376 2227 3428 dum
2254 3373 2593 3429 divinitatem
2616 3415 2630 3436 ,
2660 3376 2750 3430 ubi
2795 3391 2925 3430 caro
2961 3376 3162 3432 factum
3208 3387 3312 3439 est,
3343 3386 3398 3430 et
3439 3381 3682 3432 cernitur

421 3472 563 3525 Ἀλλ’
613 3472 713 3524 οὐκ
760 3469 1017 3542 ὲξῄτηται
1062 3467 1252 3521 ἐνθάδε
1294 3466 1387 3531 τὸ,
1434 3465 1519 3519 διὰ
1551 3466 1604 3518 τί
1635 3460 1756 3519 εἷπε
1788 3464 1988 3534 βίϐλος,

409 3564 506 3618 καὶ
535 3563 635 3617 οὐκ
670 3558 822 3615 εἶπεν
854 3563 1045 3633 ὅρασις
1075 3560 1176 3632 (5),
1205 3559 1238 3630 ἢ
1281 3558 1457 3628 λόγος’
1499 3557 1635 3612 ἀλλὰ
1666 3557 1750 3624 τὸ,
1783 3558 1837 3610 τί
1875 3559 1992 3612 ἐστι

407 3657 683 3726 γέννησις,
713 3655 809 3706 καὶ.
845 3655 896 3706 τί
925 3653 1172 3721 γένεσις;
1205 3652 1462 3722 Διαφέρει
1491 3651 1707 3719 γένεσις
1734 3649 1829 3704 καὶ
1869 3649 1993 3718 γέν-

407 3764 584 3818 νησις.
616 3746 834 3808 Γένεσις
865 3746 964 3815 μὲν
987 3744 1096 3815 γάρ
1133 3745 1248 3796 ἐστι
1280 3742 1434 3814 παρὰ
1463 3742 1596 3795 Θεοῦ
1631 3741 1824 3814 πρώτη
1857 3742 1992 3796 πλά-

411 3857 513 3903 σις’
547 3839 799 3910 γέννησις
825 3838 880 3890 δὲ
913 3839 946 3907 ἡ
973 3839 1037 3890 ὲκ
1064 3835 1361 3906 καταδίκης
1393 3833 1486 3887 τοῦ
1522 3833 1752 3887 θανάτου
1777 3832 1866 3886 διὰ
1890 3833 1990 3904 τὴν

408 3931 723 4002 παράϐασιν
757 3929 816 3994 ἐξ
855 3927 1102 3998 ἀλλήλων
1149 3926 1387 3996 διαδοχή.
1424 3926 1534 3978 Καὶ
1565 3925 1666 3987 ἔτι,
1699 3926 1732 3996 ἡ
1771 3925 1870 3995 μὲν
1898 3923 1992 3993 γέ-

405 4042 555 4089 νεσις
585 4023 646 4077 τὸ
691 4021 968 4092 ἄφθαρτον
1013 4019 1125 4089 ἔχει
1154 4017 1228 4088 (4)
1255 4017 1348 4070 καὶ
1390 4017 1799 4088 ἀναμάρτητον·
1849 4018 1882 4088 ἡ
1931 4017 1990 4070 δὲ

405 4118 660 4190 γέννησις
697 4115 759 4168 τὸ
801 4111 1044 4184 παθητὸν
1076 4111 1171 4164 καὶ
1216 4108 1612 4180 ἁμαρτητικόν.
1657 4108 1714 4160 '0
1745 4103 1837 4160 οὖν
1877 4107 1989 4161 Κύ-

409 4227 552 4282 ριος,
596 4207 696 4278 τῆς
754 4205 852 4276 μὲν
906 4202 1172 4272 γενέσεως
1211 4199 1271 4252 τὸ
1310 4199 1694 4270 ἀναμάρτητον
1744 4197 1988 4266 φυσικῶς

404 4300 608 4366 λαϐὼν,
641 4298 705 4352 τὸ
729 4295 1004 4367 ἄφθαρτον
1035 4292 1097 4346 οὐ
1124 4290 1450 4362 προσέλαϐε
1483 4289 1584 4359 τῆς
1605 4289 1662 4342 δὲ
1686 4289 1987 4360 γεννήσεως

405 4394 467 4447 τὺ
498 4391 742 4462 παθητὸν
765 4385 1023 4460 εἰληφὼς,
1056 4384 1118 4438 τὸ
1156 4381 1534 4455 ἁμαρτητικὸν
1563 4381 1625 4434 οὐ
1662 4380 1984 4452 προσέλαϐε,
2011 4391 2016 4398 ·

404 4486 497 4541 τὸν
542 4484 762 4556 πρῶτον
793 4484 908 4545 τοῖς
951 4481 1073 4535 κατ’
1110 4479 1278 4549 ἄμφω
1330 4475 1551 4547 μέρεσιν
1596 4473 1768 4543 Ἀδὰμ
1805 4472 1986 4544 φέρων

406 4577 696 4651 ἀμείωτον.
745 4573 956 4628 Οὐκοῦν
993 4569 1080 4641 εἴη
1110 4569 1176 4624 ἂν
1220 4568 1314 4620 ἐπὶ
1345 4563 1578 4637 Χριστοῦ
1621 4565 1833 4634 γένεσις
1863 4563 1983 4640 μὲν,

404 4672 504 4724 οὐκ
530 4672 596 4723 ὲκ
626 4667 722 4723 τοῦ
753 4666 827 4738 μὴ
850 4665 1002 4728 ὄντος
1029 4665 1109 4726 εἰς
1155 4661 1217 4715 τὸ
1257 4655 1397 4714 εἶναι
1430 4659 1683 4759 πρόοδος,
1705 4656 1837 4759 ’ἀλλ’
1869 4656 1985 4759 οδος
2014 4702 2056 4759 C

403 4763 513 4817 ἀπὸ
545 4761 638 4816 τοῦ
674 4763 731 4814 ὲν
780 4760 962 4831 μορφῇ
1004 4755 1138 4808 Θεοῦ
1179 4753 1445 4824 ὑπάρχειν
1481 4753 1562 4814 εἰς
1598 4751 1658 4802 τὸ
1693 4748 1982 4803 ἀναλαϐεῖν

401 4853 503 4927 τὴν
533 4852 628 4906 τοῦ
659 4850 846 4904 δούλου
884 4847 1128 4920 μορφήν·
1172 4847 1206 4917 ἡ
1238 4844 1294 4897 δὲ
1334 4843 1587 4915 γέννησις
1628 4841 1789 4894 αὐτοῦ
1823 4840 1982 4910 διπλῆ

400 4948 617 5020 γέγονε,
663 4944 784 5000 καθ’
815 4944 961 5014 ἡμᾶς
1013 4940 1108 4994 καὶ
1142 4938 1283 5009 ὑπὲρ
1324 4939 1492 5008 ἡμᾶς.
1530 4935 1603 4988 T6
1649 4934 1747 5006 μὲν
1779 4933 1888 5005 γὰρ
1920 4934 1986 4986 ἐκ

400 5038 662 5114 γυναικὸς
705 5035 1029 5107 γεννηθῆναι
1057 5031 1178 5085 καθ’
1215 5031 1386 5101 ἡμᾶς’
1431 5028 1490 5082 τὸ
1521 5027 1577 5080 δὲ
1611 5026 1685 5097 μὴ
1713 5026 1778 5079 ἐκ
1824 5025 1982 5096 θελή-

406 5149 578 5205 ματος
612 5130 847 5203 σαρκὸς,
873 5128 908 5198 ἢ
938 5125 1152 5198 ἀνδρὸς,
1179 5123 1292 5176 ἀλλ’
1337 5123 1401 5174 ὲκ
1439 5118 1757 5190 Πνεύματος
1802 5117 1981 5186 ἁγίου,

402 5227 544 5298 ὑπὲρ
584 5225 753 5296 ἡμᾶς.
782 5223 962 5291 Ὅπερ
1002 5216 1096 5272 καὶ
1121 5215 1218 5287 τὴν
1264 5211 1561 5286 μέλλουσαν
1611 5207 1984 5281 προανεφώνει

473 5345 492 5376 ⁸
521 5340 713 5398 Matth.
738 5355 778 5404 ι,
804 5339 856 5392 1.

472 5455 629 5530 (1-2)-
647 5455 724 5510 Ex
741 5451 1008 5530 c_od._Cal.
1023 5464 1169 5530 _mss.
1195 5448 1248 5501 in
1269 5447 1582 5530 Manliaeth
1605 5441 1744 5530 apttd
1765 5440 1983 5530 elati-iss.

401 5512 750 5585 Sliiarellnm,
774 5523 985 5575 initium
1023 5522 1093 5572 ita
1125 5519 1316 5586 sppple
1355 5535 1370 5570 :
1407 5517 1479 5568 Σὺ
1511 5514 1569 5568 δὲ
1594 5512 1731 5584 πρὸς
1773 5512 1983 5574 τούτοις

402 5597 686 5669 genus“
715 5582 1263 5669 nminateuqeaﬁﬁ,
1295 5601 1398 5666 etp.

473 5649 548 5739 (3)
661 5649 925 5739 go«l.}lit.
955 5649 1259 5739 ε”ῌλόγοςί
1279 5656 1437 5739 τοῦτο
1459 5655 1568 5726 γὰρ
1583 5653 1837 5739 εἴρηται·Λ

401 5720 489 5801 τὸ,
658 5734 881 5788 ὄπισθεν
909 5720 1608 5801 γενέσεωςὲμνημόνευσεν
1636 5720 1664 5775 6
1681 5720 1985 5801 Maelio-"tog,

401 5792 502 5862 ὧδε
528 5792 595 5878 δὴ
612 5792 944 5876 γεννήσεως.
970 5801 1079 5854 Καὶ⁸
1105 5800 1158 5853 τί
1181 5792 1299 5852 ἐστι
1328 5792 1602 5867 γέννησις,
1633 5792 1730 5847 καὶ
1771 5792 1826 5846 τί
1869 5794 1986 5845 ἐστι

2099 3474 2154 3519 et
2184 3465 2505 3520 delineatur.
2539 3465 2838 3535 Propterea
2900 3479 3160 3540 tanquam
3204 3469 3320 3536 ejus
3359 3471 3502 3539 quod
3547 3486 3682 3529 caro

2098 3558 2302 3613 factum
2335 3568 2439 3626 est,
2490 3569 2673 3614 exstat
2716 3560 2880 3614 etiam
2917 3559 3056 3615 liber
3096 3562 3470 3629 generationis
3507 3563 3680 3621 illius.

2099 3649 2204 3705 Sed
2244 3666 2349 3704 non
2373 3655 2660 3720 quaesitum
2694 3661 2778 3707 est
2815 3653 2924 3718 hic,
2955 3668 3056 3707 cur
3084 3653 3288 3708 dixerit
3314 3654 3475 3720 liber,
3498 3665 3554 3710 et
3574 3671 3682 3712 non

2098 3743 2321 3810 dixerit,
2350 3744 2510 3808 visio,
2536 3752 2632 3798 aut
2659 3759 2838 3799 sermo
2874 3762 2888 3799 :
2919 3745 3012 3800 sed
3041 3745 3169 3813 quid
3202 3747 3274 3800 sit
3311 3746 3594 3814 nativilas,
3625 3757 3684 3803 et

2097 3836 2397 3905 generatio.
2425 3833 2613 3890 Diﬂ'ert
2660 3837 2939 3904 generatio
2971 3845 3026 3890 et
3059 3837 3337 3891 nativitas.
3384 3835 3682 3893 Generatio

2095 3923 2241 3976 enim
2277 3934 2361 3978 est
2410 3941 2439 3978 a
2512 3925 2622 3978 Deo
2661 3924 2836 3994 prima
2892 3925 3188 3991 formatio;
3247 3924 3503 3978 nativitas
3551 3939 3682 3979 vero

2097 4022 2181 4068 est
2201 4017 2478 4070 successio
2501 4015 2730 4068 aliorum
2755 4016 2822 4070 ab
2847 4016 2996 4080 aliis,
3027 4031 3094 4070 ex
3116 4017 3468 4070 damnatione
3489 4017 3682 4072 mortis

2096 4117 2317 4174 propter
2351 4096 2864 4176 transgressionem.
2899 4107 2976 4162 Ac
3009 4107 3236 4171 iterum,
3277 4107 3556 4177 generatio
3597 4108 3682 4161 in-

2095 4198 2609 4266 corruptihilitatem
2635 4198 2800 4252 habet
2823 4211 2879 4252 et
2906 4198 3421 4268 impeccabilitatem
3455 4215 3470 4253 :
3497 4206 3554 4252 at
3583 4213 3682 4251 na-

2097 4288 2284 4343 tivitas
2336 4290 2644 4357 passionem
2706 4288 2874 4343 habet
2909 4299 2962 4342 et
3005 4290 3466 4359 peccabilitatem.
3510 4288 3681 4362 Igitur

2095 4378 2378 4446 Dominus,
2406 4379 2778 4450 generationis
2811 4379 3323 4449 impeccabilitatem
3350 4381 3680 4437 naturaliter

2094 4469 2388 4539 accipiens,
2429 4484 2535 4524 non
2572 4469 2698 4524 item
2733 4469 3301 4539 incorruptibilitatem
3336 4471 3557 4542 insuper
3588 4487 3680 4527 ac-

2093 4564 2274 4632 cepit:
2304 4571 2360 4617 et
2383 4563 2695 4632 passionem
2733 4560 3042 4614 nativitatis
3065 4561 3358 4634 accipiens,
3390 4562 3680 4633 peccabili—

2095 4663 2260 4708 tatem
2297 4653 2428 4706 item
2460 4666 2568 4706 non
2604 4650 2838 4721 accepit,
2873 4649 3056 4706 ferens
3083 4653 3316 4722 primum
3361 4653 3532 4707 Adam
3565 4668 3673 4708 non

2091 4744 2442 4799 imminutum
2481 4743 2565 4798 his
2611 4744 2900 4813 utriusque
2934 4744 3009 4798 rei
3051 4745 3322 4815 partibus.
3360 4746 3526 4816 Igitur
3553 4759 3676 4800 esse

2091 4836 2259 4905 possit
2307 4837 2360 4890 in
2417 4836 2635 4891 Christo
2679 4834 2958 4906 generatio
3008 4838 3260 4906 quidem;
3329 4853 3435 4892 non
3487 4838 3674 4907 utique

2092 4927 2355 4982 transitus
2382 4927 2448 4982 de
2474 4943 2580 4982 non
2607 4927 2908 4982 exsistente
2935 4930 3003 4982 ad
3029 4928 3430 4990 exsistentiam,
3459 4927 3554 4981 sed
3586 4926 3669 4980 via

2091 5017 2159 5071 ab
2211 5017 2484 5071 exstantia
2537 5017 2591 5071 in
2647 5017 2819 5072 forma
2879 5017 2975 5071 Dei
3011 5018 3076 5069 ad
3115 5014 3498 5067 assumendam
3527 5011 3670 5065 servi

2091 5113 2347 5165 formam.
2382 5111 2454 5164 At
2487 5112 2746 5166 nativitas
2787 5110 2933 5166 illius
2970 5110 3171 5180 duplex
3221 5106 3342 5172 fuit,
3374 5105 3670 5160 secundum

2093 5220 2194 5261 nos
2222 5213 2275 5259 et
2298 5221 2460 5274 supra
2491 5219 2608 5260 nos.
2647 5205 2804 5272 Quod
2837 5204 2982 5259 enim
3016 5218 3083 5257 ex
3127 5199 3351 5255 muliere
3394 5209 3555 5253 natus
3579 5198 3671 5265 sit,

2085 5439 2318 5508 γένεσις.
2341 5433 2598 5507 Διαφέρει
2636 5433 2869 5508 γένεσις.
2909 5429 3002 5484 Vel
3049 5442 3216 5482 sermo
3235 5424 3534 5508 ,'-_id_em'm
3589 5433 3672 5478 σι-

2087 5503 2230 5563 atum
2267 5518 2341 5561 est
2376 5523 2394 5560 :
2429 5503 2546 5566 sed,
2571 5503 2830 5572 quomodo
2865 5511 3007 5552 retro
3055 5503 3409 5572 generationis
3443 5511 3671 5572 eorume-

2089 5578 2440 5632 moratt'onem
2477 5566 2654 5643 fecerit
2691 5571 3006 5643 Matlhams,
3057 5569 3159 5643 hia
3184 5583 3302 5643 vero
3322 5566 3669 5643 Δἰιαιὶυῑιηιὶκ.

2089 5647 2227 5701 Item
2247 5645 2373 5717 quid
2408 5636 2678 5709 nativitas,
2702 5654 2750 5696 et
2775 5642 2904 5711 quid
2927 5636 3426 5712 generatimbilfert
3456 5651 3673 5705 genera-

2091 5729 2187 5781 tto,
2231 5729 2338 5771 etc.

2161 5786 2239 5859 (4)
2268 5783 2419 5843 Istud
2449 5782 2562 5854 ἔχει
2588 5797 2652 5839 ex
2689 5780 2803 5838 Mil.
