4172 6388
528 304 634 363 991

1429 304 2001 363 δυΡΡιΕΜΕΝτωι
2034 304 2125 360 AD
2174 303 2504 362 ORIGENIS
2542 303 2958 361 EXEGETICA.

3708 306 3813 363 299

531 424 832 478 secundum
862 433 961 475 nos
984 428 1102 475 est:
1138 428 1196 475 at
1221 422 1366 490 quod
1398 430 1561 476 natus
1591 421 1663 476 sit
1692 435 1799 476 non
1827 436 1893 476 ex
1930 421 2112 477 volun-

2220 426 2514 495 γέννησιν,
2565 426 2631 495 ἢν
2680 426 2807 495 ἡμῖν
2858 422 3079 494 ἔμελλεν
3124 424 3187 475 ὲκ
3228 422 3544 494 Πνεύματος
3590 426 3813 495 χαρίσε-

533 524 648 570 tate
672 513 852 569 carnis
887 513 970 569 vel
1022 513 1123 567 viri
1156 516 1200 579 ’,
1232 514 1326 568 sed
1367 529 1436 569 ex
1482 515 1693 585 Spiritu
1749 524 1975 581 sancto,
2016 517 2120 569 hoc

528 619 694 674 supra
726 618 824 660 nos
848 613 952 659 est.
985 602 1142 670 Quod
1175 614 1230 659 et
1255 602 1496 659 futuram
1530 605 1894 675 proclamavit
1922 606 2121 660 nativi-

533 705 726 761 tatem,
752 710 914 767 quam
941 696 1097 750 nobis
1131 712 1198 750 ex
1229 694 1440 764 Spiritu
1476 694 1773 765 largiturus
1795 704 1938 751 erat.

1163 784 1321 840 CAP.
1364 783 1475 840 VII.

532 879 599 935 Υ.
623 879 677 934 5.
708 875 791 932 Ne
819 877 951 930 detis
984 887 1230 958 sanctam
1256 877 1478 930 canibus
1498 891 1517 930 :
1538 892 1701 947 neque
1718 877 1888 946 jacite
1906 886 2119 948 marga-

954 957 1085 1001 ritas
1109 958 1312 1002 vestras
1335 957 1457 1002 ante
1481 963 1690 1013 ρονοοε.

534 1103 601 1160 ν.
634 1102 688 1159 6.
713 1100 973 1169 Petite,et
996 1104 1213 1157 dabitur
1232 1104 1418 1167 vobis;
1447 1105 1686 1174 quiet-ite,
1721 1112 1773 1157 et
1794 1104 2069 1160 invenietis
2094 1122 2118 1173 ;

923 1177 1154 1244 pulsate,
1178 1185 1226 1227 et
1254 1175 1523 1243 aperietur
1552 1175 1718 1228 vobis.

601 1265 674 1323 Ut
718 1282 824 1322 non
873 1266 1192 1337 ignorarent
1235 1265 1510 1336 discipuli,
1551 1267 1779 1336 quinam
1814 1266 1925 1321 sint
1950 1281 2118 1325 canes

530 1362 617 1418 vel
646 1363 795 1433 porci
828 1362 973 1415 inter
1004 1360 1280 1414 auditores
1301 1398 1317 1423 ,
1367 1360 1724 1414 immoranter
1752 1359 2003 1429 quaerite,
2034 1361 2119 1415 di-

527 1457 626 1523 cit,
655 1471 723 1511 es
753 1456 884 1518 Deo,
908 1464 965 1508 et
997 1450 1500 1508 manifestabuntur
1534 1453 1688 1507 vobis
1718 1453 1926 1508 omnia.
1956 1451 2116 1508 Prin-

528 1549 732 1618 cipium
754 1557 837 1602 est
866 1546 1017 1601 enim
1047 1545 1291 1608 virtutis,
1315 1559 1476 1599 nosse
1507 1544 1711 1599 bonum
1730 1559 1798 1600 ex
1820 1545 2113 1601 oratione:

529 1637 725 1691 deinde
752 1639 896 1690 scire
925 1633 1201 1704 quomodo
1240 1642 1490 1700 oporteat
1535 1633 1680 1687 viam
1716 1632 1936 1689 virtutis
1968 1648 2120 1690 eme-

529 1730 661 1785 tiri:
685 1729 848 1784 tertio
868 1769 884 1791 ,
920 1741 1017 1798 per
1042 1741 1208 1797 opera
1242 1725 1495 1795 pulsare,
1528 1739 1638 1795 quo
1667 1725 1917 1782 mihimet
1945 1727 2115 1798 janua

2224 511 2367 564 σθαι.

2877 779 3035 834 ΚΕΦ.
3079 781 3154 833 Z'.

2222 868 2301 938 (5)
2318 869 2482 941 Az‘ﬂx.
2523 869 2589 925 ε’.
2621 869 2718 939 Μὴ
2762 869 2911 924 δῶτε
2958 870 3022 924 τὸ
3067 870 3240 940 ἅγιον
3277 870 3404 937 τοῖς
3449 871 3616 934 κυσὶ,
3656 871 3814 941 μηδὲ

2284 938 2519 1079 ﬂigi:
2550 941 2693 1007 τοὺς
2708 938 3087 1012 μαργαρίτας
3118 938 3288 1011 ὑμῶν
3323 938 3669 1011 ἐμπροσθετί
3693 942 3815 995 τῶν

2332 1028 2385 1062 οι

2220 1028 2776 1191 Στῗχὶρςιῗᾼίτεῖτε,
2830 1105 2925 1191 καί
2973 1103 3293 1191 δοθήσεται
3336 1102 3525 1191 ὑμῖν(
3554 1102 3810 1191 ἴητε-ἴτε,

2278 1172 2378 1225 καί
2410 1174 2726 1242 εὑρήσετε·
2756 1178 3020 1243 κρούετε,
3052 1174 3149 1228 καί
3177 1172 3563 1243 ἀνοιγήσεται
3594 1176 3755 1244 ὑμῖν.

2294 1262 2410 1317 Ἵνα
2443 1264 2518 1336 μὴ
2549 1265 2821 1333 ἀγναῦσιν
2846 1268 2895 1319 οἱ
2926 1265 3187 1337 μαθηταὶ,
3216 1266 3359 1329 τίνες
3390 1266 3529 1320 είσὶν
3557 1265 3741 1330 κύνες,
3773 1267 3809 1337 ἢ

2220 1357 2391 1427 χοῖροι
2419 1358 2476 1410 ὲν
2501 1359 2617 1421 τοῖς
2643 1358 2963 1429 ἀκροαταῖς,
2996 1358 3272 1427 ὲπιμόνως
3301 1356 3592 1428 ζητήσατε,
3622 1359 3810 1429 φησιν,

2218 1447 2286 1501 ὲκ
2312 1448 2470 1515 Θεοῦ,
2507 1450 2602 1503 καὶ
2632 1449 3078 1504 ἀποκαλύπτεται
3102 1450 3231 1519 ὑμῖν
3258 1449 3453 1503 πάντα.
3502 1450 3670 1522 Ἀρχὴ
3713 1451 3812 1521 μὲν

2218 1538 2328 1611 γὰρ
2361 1540 2565 1611 ἀρετῆς
2610 1540 2673 1595 τὸ
2702 1541 2772 1594 δι’
2820 1541 2986 1612 εύχῆς
3017 1539 3220 1609 γνῶναι
3246 1539 3310 1593 τὺ
3346 1539 3570 1608 ἀγαθόν’
3598 1535 3719 1595 εἶτα
3750 1541 3813 1594 τὸ

2219 1627 2417 1682 ειδέναι
2450 1630 2568 1693 πῶς
2611 1629 2695 1683 δεῖ
2731 1628 2951 1684 ὁδεῦσαι
2984 1631 3083 1703 τὴν
3130 1630 3354 1701 ἀρετήν’
3387 1630 3573 1700 τρίτον
3621 1630 3683 1684 τὸ
3724 1630 3813 1685 eis

2218 1718 2327 1773 τῶν
2356 1719 2531 1791 ἔργων
2555 1721 2775 1793 κρούειν
2799 1721 3085 1791 ἀνοιγῆναι
3114 1721 3264 1792 αύτῷ
3292 1721 3392 1791 τὴν
3421 1721 3614 1793 θύραν.
3643 1721 3814 1775 Τοῦτο

530 1822 828 1893 aperiatur.
864 1819 1012 1875 Istud
1042 1820 1187 1874 enim
1224 1818 1403 1872 innuit
1453 1815 1597 1873 facta
1645 1831 1744 1887 per
1773 1832 1967 1874 manus
1997 1817 2112 1889 pul-

2219 1813 2329 1886 γάρ
2366 1815 2622 1885 σημαίνει
2675 1815 2709 1885 ἡ
2759 1813 2848 1867 eis
2892 1814 3003 1867 τῶν
3042 1812 3239 1885 χειρῶν
3281 1812 3526 1884 κροῦσις.
3560 1814 3813 1885 Τρισσῶς

528 1916 687 1973 satio.
713 1912 1004 1969 Trifariam
1047 1926 1284 1981 namque
1325 1910 1649 1966 salutarium
1680 1906 1997 1983 dogmatum
2020 1926 2115 1967 ve-

527 2005 666 2061 ritas
722 2004 1037 2073 accipitur:
1070 2001 1319 2072 diligenti
1373 2000 1651 2068 oratione,
1698 2009 1754 2056 et
1806 2000 2004 2056 mentis
2059 2002 2113 2056 in

527 2096 823 2169 querendo
851 2094 1065 2150 divinas
1087 2108 1176 2149 res
1209 2093 1530 2158 stabilitate,
1548 2102 1604 2148 et
1629 2092 1905 2163 exquisito
1933 2092 2115 2149 studio

528 2190 838 2247 inveniendi
861 2204 926 2244 ex
953 2188 1291 2245 conscientia
1311 2186 1743 2257 profunditatem
1767 2187 2114 2242 certitudinis

527 2281 867 2339 occultarum
897 2280 1308 2351 Scripturarum
1344 2296 1358 2333 :
1392 2280 1499 2336 hoc
1540 2279 1689 2334 enim
1730 2279 1893 2336 modo
1941 2280 2116 2351 inquit

528 2373 729 2442 aperiri
761 2369 1100 2441 Scripturas.

527 2462 595 2519 ν.
612 2461 668 2516 9.
694 2460 823 2527 Quis
845 2477 911 2515 ea:
932 2460 1076 2515 vobis
1102 2460 1280 2517 homo.
1306 2475 1459 2529 quem
1485 2458 1532 2512 si
1553 2457 1776 2525 postulet
1809 2458 1955 2528 ﬁlius
1984 2478 2113 2518 suus

796 2549 1008 2602 panem,
1054 2529 1287 2599 nunquid
1329 2530 1559 2592 lapidem
1587 2529 1849 2583 dubitet?

526 2623 595 2682 ν.
643 2623 735 2679 10.
776 2623 845 2678 Et
884 2623 932 2677 si
983 2620 1490 2745 piscemdpgtulety,
1536 2622 1776 2691 nunquid
1815 2634 2108 2692 serpentem

1211 2710 1241 2743 n
1371 2707 1417 2745 et

1211 2707 1417 2745 nauci

595 2786 734 2841 Vide
753 2798 921 2856 porro
946 2797 1015 2836 an
1048 2783 1122 2836 sit
1144 2781 1388 2852 cognitio
1414 2780 1831 2847 nutrimentum,
1860 2780 1981 2835 sine
2003 2796 2114 2851 quo

526 2879 706 2935 salvos
732 2891 856 2933 esse
891 2891 998 2930 nou
1048 2874 1214 2937 licet;
1255 2880 1383 2943 puta
1420 2887 1600 2926 sermo
1636 2872 1869 2943 diligens
1903 2874 1970 2928 de
2010 2874 2114 2928 ltoc

525 2970 666 3041 ipso,
694 2966 969 3038 quomodo
996 2966 1120 3021 cibo
1154 2965 1416 3018 utendum
1452 2962 1543 3016 sit.
1583 2959 1759 3016 Piscis
1801 2972 1986 3016 autem
2029 2972 2116 3017 est

526 3061 795 3133 quasique
827 3059 1115 3116 obsonium
1144 3070 1247 3126 pro
1287 3057 1409 3109 viro
1453 3054 1694 3119 erudito,
1726 3056 1869 3109 scirc
1902 3055 2112 3109 consti-

2222 1906 2331 1979 γὰρ
2360 1910 2392 1979 ἠ
2419 1907 2528 1961 τῶν
2561 1906 2848 1977 σωτηρίων
2881 1905 3166 1976 δογμάτων
3197 1904 3422 1976 ἀλήθεια
3450 1904 3809 1976 λαμϐάνεται,

2222 1998 2475 2068 ἐπιμελεῖ
2501 1998 2658 2068 εὐχῇ,
2694 1996 2788 2050 καὶ
2820 1995 2914 2048 τοῦ
2955 1993 3287 2067 ἡγεμονικοῦ
3322 1995 3380 2046 ὲν
3417 1994 3496 2064 τῷ
3530 1995 3713 2064 ζητεῖν
3746 1995 3813 2049 τά

2222 2089 2341 2144 θεῖα
2385 2088 2754 2151 καταστάσει,
2785 2087 2880 2141 καὶ
2920 2086 3050 2159 περὶ
3088 2085 3182 2139 τοῦ
3217 2086 3397 2159 εὑρεῖν
3440 2085 3813 2157 συναισθήτως

2220 2182 2320 2254 τῆς
2352 2181 2460 2234 τῶν
2495 2180 2896 2254 κεκρυμμένων
2926 2177 3162 2251 Γραφῶν
3195 2178 3497 2249 ἀσφαλείας
3523 2179 3587 2233 τὸ
3626 2179 3811 2249 βάθος,

2220 2274 2442 2348 ἀκριϐεῖ
2473 2272 2995 2347 πολυπραγμοσύνῃ·
3024 2271 3167 2325 οὕτω
3192 2271 3303 2344 γὰρ
3329 2271 3638 2341 ἀνοίγεσθαί
3678 2287 3812 2343 φησι

2219 2368 2320 2434 τάς
2341 2370 2588 2441 Γραφά-ς.

2221 2464 2375 2534 Στιχ.
2403 2463 2469 2519 θ’.
2505 2461 2696 2534 Τίςνέξ
2724 2460 2892 2530 ὑμῶν
2922 2459 3265 2534 ἄνθρωπος’,
3297 2458 3371 2534 ὅτ
3389 2457 3506 2534 ’ἐὰν
3527 2456 3750 2534 αἰτήσῃ
3777 2461 3814 2513 ὀ

2290 2528 2422 2601 ύίὸς
2445 2528 2633 2588 αὐτοῦ
2660 2528 2864 2600 ἄρτον,
2899 2530 2986 2601 μὴ
3027 2528 3202 2586 λίθον
3230 2528 3509 2583 ἐπιδώσει
3545 2528 3740 2594 αῠτῷ;

2220 2627 2369 2697 Στιχ.
2398 2626 2448 2679 ι’.
2485 2626 2597 2680 Kal
2621 2625 2732 2679 ἐὰν
2762 2623 2943 2694 ίχθὺν
2971 2622 3216 2712 altrim),
3248 2621 3335 2691 μὴ
3365 2621 3506 2690 ὅφιν
3530 2620 3812 2675 ἐπιδώσει

2919 2710 3113 2756 αυτῳ;

2919 2713 3033 2748 αυτ
3094 2713 3113 2756 ;

2294 2789 2435 2862 Ὅρα
2462 2789 2520 2842 δὲ
2553 2790 2602 2841 εί
2814 2784 3015 2855 γνῶσις
3035 2713 3263 2857 (εροφὴ,
3290 2778 3359 2856 ἧς
3397 2784 3510 2839 ἀνω
3553 2782 3654 2836 οὐκ
3691 2780 3809 2835 ἔστι

2222 2880 2510 2947 σώζεσθαι·
2539 2873 2652 2933 οἷον
2677 2880 2708 2933 ὁ
2738 2880 2868 2950 περὶ
2901 2876 2995 2930 τοῦ
3029 2875 3147 2939 πῶς
3180 2875 3415 2947 βρωτέον
3445 2871 3677 2944 ἀκριϐὴς
3717 2871 3806 2926 λό-

2218 2991 2334 3043 γος.
2375 2972 2548 3044 ’ἰχθὺς
2599 2971 2658 3026 δὲ
2689 2971 2786 3026 καὶ
2832 2964 2945 3024 οἷον
2987 2968 3117 3038 ϐρῖθον
3167 2966 3460 3038 φιλομαθεῖ
3505 2966 3568 3020 τὸ
3609 2964 3808 3020 εἰδέναι

2221 3064 2483 3118 σύστασιν
2524 3062 2757 3133 κόσμου,
2803 3061 3086 3132 ἐνέργειαν
3139 3058 3442 3129 στοιχείων,
3492 3055 3666 3128 ἀρχὴν
3717 3055 3811 3109 καὶ

527 3153 794 3211 tationem
824 3150 1033 3214 mundi,
1056 3149 1205 3205 vires
1233 3148 1660 3211 elementorum,
1696 3146 2025 3214 principium
2058 3155 2112 3201 et

2220 3157 2372 3220 τέλος
2420 3157 2517 3211 καὶ
2564 3154 2860 3225 μεσότητα,
2913 3152 3011 3206 καὶ
3055 3152 3158 3205 ὅσα
3208 3150 3336 3221 ἑξῆς
3374 3150 3408 3221 ἠ
3454 3148 3615 3218 σοφία
3639 3146 3807 3216 λέγει.

526 3248 691 3302 linem
715 3254 773 3301 et
800 3244 1059 3308 medium,
1098 3251 1155 3297 et
1201 3254 1322 3309 quae
1371 3239 1629 3309 deinceps
1662 3238 2004 3309 philosophia
2034 3237 2115 3292 lo-

526 3337 735 3408 quitur.
766 3335 879 3392 Nec
909 3351 1041 3406 ergo
1069 3348 1170 3405 pro
1200 3347 1340 3402 parte
1371 3331 1606 3400 lapidem
1635 3331 1730 3384 dat
1757 3331 1921 3394 Deus,
1951 3345 2110 3400 quem

526 3431 777 3486 diabolus
804 3429 1015 3484 comedi
1070 3443 1101 3483 a
1141 3423 1561 3492 Jesuyolebat:
1598 3436 1774 3491 neque
1824 3436 1923 3490 pro
1967 3423 2114 3492 pisce

526 3532 862 3593 serpentem,
898 3535 1058 3591 quem
1108 3516 1403 3574 comedunt
1442 3511 1755 3583 Ethiopes,
1784 3513 1988 3584 indigni
2019 3513 2112 3583 qui

523 3615 675 3685 pisce
721 3625 1037 3669 vescantur.
1070 3610 1358 3678 Quomodo
1407 3622 1543 3664 vero
1595 3606 1892 3677 discipulos
1942 3606 2115 3662 malos

525 3705 861 3776 appellavit?
903 3703 1040 3771 Quia
1074 3702 1329 3773 quamvis
1378 3715 1445 3757 es
1489 3700 1775 3770 proposito
1816 3698 2113 3753 voluntatis

524 3797 932 3870 sequebantur;
985 3805 1042 3849 at
1098 3796 1274 3850 inerat
1322 3794 1431 3849 illis
1479 3792 1730 3846 humana:
1785 3791 2114 3846 conditionis

523 3891 888 3949 mutabilitas.
920 3889 1084 3945 Solus
1125 3897 1307 3941 autem
1339 3883 1705 3940 immutabilis
1742 3892 1862 3939 erat
1888 3890 1943 3939 et
1975 3882 2115 3937 divi~

523 3984 697 4038 nitate
760 3989 817 4035 et
863 3979 1209 4035 humanitate
1252 3976 1350 4032 Dei
1400 3974 1592 4031 Filius.
1623 3973 1934 4050 Dataovero
1974 3974 2113 4029 bona

527 4074 765 4145 appellat
798 4073 1102 4144 spiritualia
1140 4072 1306 4128 dona.
1334 4067 1515 4122 Lucas
1546 4067 1811 4137 Spiritum
1857 4075 2111 4121 sanctum

524 4167 686 4233 dixit,
715 4180 813 4235 pro
839 4180 904 4219 eo
943 4175 1002 4218 ut
1037 4164 1275 4222 diceret.
1305 4160 1473 4215 bona.
1523 4160 1593 4213 At
1631 4158 1840 4213 nullum
1872 4166 1957 4211 est
1998 4158 2112 4210 dis-

522 4259 755 4316 crimen.
782 4255 903 4327 lpse
939 4254 1084 4310 enim
1117 4253 1358 4321 Spiritus
1404 4261 1650 4314 sanctus,
1675 4260 1760 4304 est
1791 4249 1979 4303 lumen
2015 4248 2115 4301 lio-

521 4366 651 4407 num
680 4367 693 4403 :
724 4356 1013 4420 propterea
1044 4345 1206 4399 ctiam
1242 4342 1607 4412 participibus
1632 4342 1749 4395 suis
1776 4342 1915 4395 bona
1948 4338 2115 4408 largi-

522 4452 633 4500 tur.
678 4441 924 4497 Atenim
960 4438 1013 4492 iu
1063 4450 1278 4491 summe
1312 4434 1497 4504 pravis
1545 4442 1782 4503 propter
1832 4445 2107 4499 nunquam

2216 3249 2356 3303 υῦτε
2387 3249 2511 3303 ἀντὶ
2541 3247 2637 3301 τοῦ
2669 3247 2837 3318 ἄρτου
2868 3243 3014 3298 λίθον
3044 3242 3257 3297 δίδωσιν
3286 3243 3315 3294 ὁ
3346 3242 3499 3305 Θεὸς,
3530 3239 3590 3294 ὃν
3628 3239 3659 3292 ὁ
3695 3238 3813 3293 διά-

2217 3338 2370 3401 ϐολος
2397 3335 2676 3391 ἐσθίεσθαι
2710 3334 2817 3388 ὑπὸ
2851 3333 2947 3387 τοῦ
2991 3332 3166 3403 Ἰησοῦ
3203 3330 3481 3385 ἑϐούλετο’
3523 3328 3649 3383 οὔτε
3688 3329 3812 3382 ἀντὶ

2218 3429 2400 3501 ίχθύος
2429 3429 2575 3497 ὅφιν,
2600 3428 2660 3481 ὃν
2687 3425 2958 3479 ἐσθίουσιν
2987 3426 3037 3478 oi
3066 3422 3276 3495 ἀνάξιοι
3301 3421 3394 3476 τοῦ
3428 3420 3579 3492 ἰχθὺν
3607 3418 3811 3474 ἐσθίειν

2214 3522 2492 3586 Αἰθίοπες.
2526 3519 2653 3584 Πῶς
2675 3519 2733 3572 δὲ
2762 3519 2891 3581 τοὺς
2919 3516 3169 3589 μαθητὰς
3205 3516 3477 3588 πονηροὺς
3512 3513 3807 3576 ἑκάλεσενς

2213 3615 2278 3668 El
2306 3614 2417 3685 γὰρ
2442 3613 2538 3667 καὶ
2567 3611 2896 3682 ἠκολούθουν
2912 3612 2977 3665 ὲκ
3000 3610 3396 3682 προαιρέσεως,
3430 3606 3543 3660 ἀλλ’
3573 3601 3719 3675 εἶχον
3747 3603 3811 3658 τὸ

2211 3705 2447 3777 ⁴πρεπτὸν
2478 3703 2575 3758 τοῦ
2609 3703 2974 3775 ἀνθρωπίνου.
3003 3703 3179 3756 Μόνον
3216 3701 3274 3755 δὲ
3316 3703 3587 3771 ἄτρεπτος
3612 3694 3680 3769 ἦν
3714 3699 3810 3752 καὶ

2215 3798 2432 3869 θεότητι
2463 3798 2558 3852 καὶ⁹
2604 3796 2987 3868 ἀνθρωπότητι
3032 3798 3063 3849 ὁ
3101 3794 3195 3848 τοῦ
3243 3792 3380 3847 Θεοῦ
3414 3792 3562 3856 Υἱός.
3586 3791 3809 3862 Δόματα

2213 3889 2272 3943 δὲ
2321 3888 2504 3957 ἀγαθά
2554 3888 2710 3942 καλεῖ
2759 3888 2862 3951 τὰς
2916 3885 3295 3957 πνευματικὰς
3345 3884 3574 3956 δωρεάς.
3634 3883 3694 3935 Ὀ
3747 3880 3808 3936 δὲ

2214 3982 2431 4045 Λουκᾶς
2461 3979 2687 4051 Πνεῦμα
2724 3979 2881 4048 ἆγιον
2911 3976 3086 4043 εἶπεν,
3117 3977 3240 4031 ἀντὶ⁴
3277 3975 3371 4030 τοῦ
3400 3978 3576 4029 εἰπεῖν
3602 3972 3806 4044 ἀγαθά.

2213 4073 2326 4129 Καὶ
2369 4071 2522 4127 οὐδὲν
2565 4072 2627 4125 τὸ
2668 4071 2946 4143 διάφορον.
2993 4069 3068 4123 Τδ
3097 4068 3207 4140 γὰρ
3236 4068 3388 4136 ἆγιον
3420 4064 3644 4136 Πνεῦμα
3675 4064 3809 4118 αὐτό

2211 4169 2332 4220 ἔστι
2377 4165 2441 4220 τὸ
2490 4165 2606 4235 φῶς
2646 4164 2872 4234 ἀγαθόν·
2921 4162 3004 4216 διὸ
3048 4163 3144 4216 καὶ
3187 4163 3300 4223 τοῖς
3348 4159 3596 4231 μετόχοις
3638 4156 3806 4212 αὑτοῦ

2213 4260 2427 4313 δίδωσιν
2467 4257 2671 4327 ἀγαθά.
2700 4258 2823 4322 Τοῖς
2854 4256 2912 4309 δὲ
2947 4256 3085 4325 ἄγαν
3116 4255 3394 4325 πονηροῖς,
3422 4251 3511 4304 διὰ
3550 4249 3612 4303 τὸ
3650 4251 3806 4304 ἀνενο

2212 4353 2384 4417 δότως
2407 4351 2750 4424 ἁμαρτάνειν
2779 4352 2980 4420 τρόπον
3010 4349 3134 4404 τινὰ
3173 4347 3335 4416 φύσις
3365 4346 3550 4408 αὐτοῖς
3575 4346 3609 4416 ἡ
3637 4343 3807 4398 κακία

2212 4446 2440 4515 γίνεταισ
2476 4440 2589 4509 οἶός
2614 4446 2762 4498 ἐστιν
2791 4445 2820 4495 ὁ
2860 4444 3105 4504 Σατανᾶς
3146 4440 3239 4493 καὶ
3262 4439 3313 4491 oi
3339 4437 3611 4508 δαίμονες.
3636 4433 3808 4488 Δύνα-

521 4533 834 4593 intermissa
859 4538 1107 4601 peccata,
1132 4528 1322 4581 vitium
1348 4523 1749 4596 quodammodo
1778 4522 1832 4576 in
1856 4532 2107 4577 naturam

2216 4555 2304 4591 ται
2334 4537 2443 4609 γάρ
2470 4553 2557 4600 τις
2585 4537 2682 4592 κα)⁸
2707 4537 2932 4599 τούτους
2954 4533 3114 4602 φύσει
3143 4531 3348 4594 κακοὺς
3376 4531 3570 4590 εἰπεῖν,
3599 4527 3804 4598 καίπερ

520 4626 708 4683 evadit
738 4640 753 4679 :
779 4622 957 4694 qualis
981 4629 1067 4676 est
1089 4618 1323 4674 Satanas
1348 4626 1405 4672 et
1425 4616 1717 4672 daemones.
1744 4612 1930 4667 Potest
1960 4614 2106 4669 enim

520 4716 649 4787 quis
681 4714 843 4768 etiam
886 4711 985 4766 hos
1016 4716 1215 4762 natura
1256 4706 1428 4760 malos
1476 4704 1683 4768 dicere,
1722 4701 1972 4773 quamvis
1998 4716 2106 4756 non

522 4815 717 4861 natura
748 4802 922 4858 malos
954 4807 1195 4864 creatos,
1225 4797 1321 4852 sed
1351 4809 1417 4850 ex
1450 4794 1739 4850 arbitraria
1767 4793 1975 4849 malitia
2007 4794 2104 4847 de—

521 4907 803 4972 prava'os'
1147 4961 1305 5018 CAP.
1340 4958 1472 5017 vui.

522 5060 590 5117 ν.
619 5060 709 5115 ll.
743 5056 903 5113 Multi
936 5057 1001 5110 ab
1038 5056 1239 5109 oriente
1276 5064 1324 5107 et
1365 5051 1635 5106 occidente
1676 5049 1899 5112 venient,
1940 5058 1989 5104 et
2020 5065 2104 5103 re-

592 5131 835 5183 cumbent
872 5143 990 5182 cum
1019 5125 1286 5181 Abraham
1310 5133 1357 5177 et
1388 5122 1548 5177 Isaac
1588 5131 1637 5175 et
1671 5119 1836 5175 Iacob
1864 5123 1917 5173 in
1946 5135 2103 5185 regno

595 5202 865 5255 cmlorum.

593 5289 653 5347 Si
686 5299 914 5361 angusta
941 5298 990 5343 et
1035 5295 1243 5343 arctata
1285 5294 1361 5341 est
1401 5284 1509 5351 aia,
1545 5292 1597 5340 et
1634 5284 1792 5354 pauci
1830 5283 1921 5353 qui
1962 5283 2106 5335 inve-

521 5385 677 5441 niunt
718 5398 832 5437 eam
858 5381 901 5449 ⁸,
927 5381 1023 5451 p'er
1042 5393 1204 5448 quam
1238 5377 1424 5448 plures
1461 5377 1867 5447 iugredieutur?
1897 5377 1964 5431 de
1994 5373 2101 5430 lata

523 5479 671 5533 enim
701 5485 755 5530 et
801 5474 1038 5544 spatiosa
1086 5471 1240 5537 dicit,
1275 5471 1414 5539 quod
1450 5469 1603 5524 multi
1636 5467 2017 5539 ingredientur
2045 5468 2098 5521 iu

521 5586 666 5627 eam.
694 5569 938 5624 Dicimus
953 5580 1104 5635 ergo,
1133 5578 1439 5623 sermonem
1467 5561 1681 5619 Domini
1709 5562 1914 5618 dictum
1934 5559 2100 5617 fuisse

484 5706 499 5735 τ
592 5685 792 5741 'Jnan.
824 5702 863 5751 i,
891 5685 979 5740 15.
1057 5683 1078 5713 ³
1107 5681 1295 5736 Matth.
1337 5695 1435 5747 VII,
1477 5679 1566 5734 is.

591 5782 667 5853 (5)
695 5781 769 5837 Ex
809 5782 930 5839 cod.
955 5780 1149 5837 Venet.
1177 5792 1349 5844 nm,
1387 5791 1510 5846 pag.
1541 5774 1632 5829 25.

2217 4628 2292 4701 μὴ
2327 4628 2487 4698 φύσει
2515 4629 2722 4693 κακοὺς
2752 4624 3280 4699 δημιουργηθέντας,
3302 4620 3417 4675 ἀλλ’
3450 4619 3512 4685 ἐξ
3537 4619 3805 4690 αύτοπρο-

2209 4716 2429 4790 αιριτου
2458 4719 2659 4784 κακίας
2687 4717 3129 4788 ἀπεσκληκὸτας.

2856 4960 3014 5014 ΚΕΦ.
3058 4959 3139 5011 H'.

2209 5053 2359 5113 2m.
2419 5060 2508 5107 ια’.
2559 5054 2784 5108 Πολλοί
2842 5052 2961 5107 ἀπὸ
3021 5045 3334 5105 ἀνατολῶν
3388 5045 3486 5100 καί
3552 5041 3803 5113 δυσμῶν

2289 5071 2304 5106 ι
2349 5095 2359 5104 .
2419 5071 2508 5107 ια’.
2559 5071 2784 5108 nouos
2842 5071 2961 5107 απο
3021 5071 3334 5105 ανατολωτ
3388 5071 3486 5100 και
3552 5071 3801 5113 υιιυμιιπέ

2283 5071 2527 5190 ἕξουσι,
2561 5124 2660 5178 καὶ
2688 5122 3199 5192 ἀνακλιθήσονται
3228 5117 3380 5192 μετὰ
3412 5114 3674 5192 ξΑϐραὰμ
3699 5113 3804 5192 καί

2296 5187 2495 5249 Ἰσαὰκ
2516 5187 2619 5249 καὶ
2650 5193 2849 5248 Ἰακὼϐ
2868 5194 2939 5246 ἐν
2960 5190 3033 5259 τῇ
3052 5190 3343 5256 ,ϐασιλείᾳ
3365 5187 3484 5241 τῶν
3504 5187 3797 5254 οὐρανῶν.

2282 5287 2348 5341 El
2390 5286 2580 5356 στενὴ
2629 5286 2730 5341 ναὶ
2782 5283 3139 5355 τεθλιμμένη
3185 5281 3361 5336 ἐστίν
3404 5282 3444 5349 ἠ
3492 5278 3665 5344 ὁδὸς,
3701 5274 3799 5328 καὶ

2210 5379 2404 5449 ὀλίγοι
2436 5381 2491 5432 ol
2518 5379 2911 5448 εὑρίσκοντες
2938 5375 3166 5444 αὐτὴν,
3193 5373 3283 5427 διὰ
3328 5372 3490 5435 ποίας
3525 5371 3573 5423 οἱ
3617 5365 3803 5420 πολλοὶ

2207 5469 2648 5536 είσελεύσονταις
2696 5472 2825 5542 περὶ
2874 5467 2985 5541 γὰρ
3040 5466 3300 5529 πλατείας
3347 5463 3443 5518 καὶ
3484 5457 3800 5533 εὐρυχώρου

2207 5560 2378 5631 λέγει,
2404 5564 2489 5619 ὅτι
2519 5562 2703 5619 πολλοὶ
2728 5561 3123 5617 εἰσελεύσονται
3148 5559 3216 5612 δι’
3240 5557 3432 5627 αὐτῆς.
3454 5552 3566 5608 Καί
3595 5565 3799 5623 φαμεν,
