  <div class='ocr_page' id='page_1' title='image "/cluster/home/n/w/nwhite01/storage/ocr_20150623/17:no.7/coo.31924054872977/158.png"; bbox 0 0 4172 6432; ppageno 0'>
   <div class='ocr_carea' id='block_1_1' title="bbox 397 352 505 406">
    <p class='ocr_par' dir='ltr' id='par_1_1' title="bbox 397 352 505 406">
     <span class='ocr_line' id='line_1_1' title="bbox 397 352 505 406; baseline 0.009 -2"><span class='ocrx_word' id='word_1_1' title='bbox 397 352 505 406; x_wconf 65' lang='grc' dir='ltr'><strong>9(ιὸ</strong></span> 
     </span>
    </p>
   </div>
   <div class='ocr_carea' id='block_1_2' title="bbox 1609 351 2482 410">
    <p class='ocr_par' dir='ltr' id='par_1_2' title="bbox 1609 351 2482 410">
     <span class='ocr_line' id='line_1_2' title="bbox 1609 351 2482 410; baseline 0.003 -3"><span class='ocrx_word' id='word_1_2' title='bbox 1609 351 1897 409; x_wconf 83' lang='lat' dir='ltr'><strong>SCHOLIA</strong></span> <span class='ocrx_word' id='word_1_3' title='bbox 1937 352 2004 408; x_wconf 87' lang='lat' dir='ltr'><strong>IN</strong></span> <span class='ocrx_word' id='word_1_4' title='bbox 2045 352 2482 410; x_wconf 65' lang='lat' dir='ltr'><strong>MATTIIA‘IUM.</strong></span> 
     </span>
    </p>
   </div>
   <div class='ocr_carea' id='block_1_3' title="bbox 3569 359 3678 414">
    <p class='ocr_par' dir='ltr' id='par_1_3' title="bbox 3569 359 3678 414">
     <span class='ocr_line' id='line_1_3' title="bbox 3569 359 3678 414; baseline 0.009 -1"><span class='ocrx_word' id='word_1_5' title='bbox 3569 359 3678 414; x_wconf 66' lang='grc' dir='ltr'><strong>εει</strong></span> 
     </span>
    </p>
   </div>
   <div class='ocr_carea' id='block_1_4' title="bbox 397 464 1967 538">
    <p class='ocr_par' dir='ltr' id='par_1_4' title="bbox 397 464 1962 537">
     <span class='ocr_line' id='line_1_4' title="bbox 397 464 1962 537; baseline -0.001 -16"><span class='ocrx_word' id='word_1_6' title='bbox 397 468 478 521; x_wconf 86' lang='grc' dir='ltr'>ὅτι</span> <span class='ocrx_word' id='word_1_7' title='bbox 505 468 533 519; x_wconf 89' lang='grc' dir='ltr'><strong>ό</strong></span> <span class='ocrx_word' id='word_1_8' title='bbox 565 464 663 536; x_wconf 84' lang='grc' dir='ltr'><strong>μὲν</strong></span> <span class='ocrx_word' id='word_1_9' title='bbox 695 465 792 517; x_wconf 83' lang='grc' dir='ltr'><strong>τοῦ</strong></span> <span class='ocrx_word' id='word_1_10' title='bbox 828 464 1081 536; x_wconf 80' lang='grc' dir='ltr'><strong>Σωτῆρος</strong></span> <span class='ocrx_word' id='word_1_11' title='bbox 1119 466 1275 533; x_wconf 83' lang='grc' dir='ltr'><strong>λόγος</strong></span> <span class='ocrx_word' id='word_1_12' title='bbox 1318 466 1533 537; x_wconf 72' lang='grc' dir='ltr'>εἴρηται</span> <span class='ocrx_word' id='word_1_13' title='bbox 1553 506 1566 530; x_wconf 92' lang='grc'><strong>,</strong></span> <span class='ocrx_word' id='word_1_14' title='bbox 1601 466 1786 537; x_wconf 85' lang='grc' dir='ltr'>ἐπειδὴ</span> <span class='ocrx_word' id='word_1_15' title='bbox 1816 465 1962 535; x_wconf 76' lang='grc' dir='ltr'>ὀλίτο</span> 
     </span>
    </p>
   </div>
   <div class='ocr_carea' id='block_1_5' title="bbox 2071 464 3672 538">
    <p class='ocr_par' dir='ltr' id='par_1_5' title="bbox 2087 468 3672 538">
     <span class='ocr_line' id='line_1_5' title="bbox 2087 468 3672 538; baseline 0.004 -16"><span class='ocrx_word' id='word_1_16' title='bbox 2087 468 2355 535; x_wconf 87' lang='lat' dir='ltr'><strong>siquidem</strong></span> <span class='ocrx_word' id='word_1_17' title='bbox 2402 469 2563 538; x_wconf 88' lang='lat' dir='ltr'><strong>pauci</strong></span> <span class='ocrx_word' id='word_1_18' title='bbox 2598 485 2660 524; x_wconf 86' lang='lat' dir='ltr'><strong>ex</strong></span> <span class='ocrx_word' id='word_1_19' title='bbox 2712 468 2878 524; x_wconf 85' lang='lat' dir='ltr'><strong>Israel</strong></span> <span class='ocrx_word' id='word_1_20' title='bbox 2929 469 3304 525; x_wconf 84' lang='lat' dir='ltr'><strong>salvabantur.</strong></span> <span class='ocrx_word' id='word_1_21' title='bbox 3356 471 3472 528; x_wconf 87' lang='lat' dir='ltr'><strong>Non</strong></span> <span class='ocrx_word' id='word_1_22' title='bbox 3515 476 3672 529; x_wconf 85' lang='lat' dir='ltr'><strong>multi</strong></span> 
     </span>
    </p>
   </div>
   <div class='ocr_carea' id='block_1_6' title="bbox 397 554 1983 628">
    <p class='ocr_par' dir='ltr' id='par_1_6' title="bbox 397 554 1983 628">
     <span class='ocr_line' id='line_1_6' title="bbox 397 554 1983 628; baseline -0.002 -16"><span class='ocrx_word' id='word_1_23' title='bbox 397 558 508 612; x_wconf 81' lang='grc' dir='ltr'><strong>ἀπὸ</strong></span> <span class='ocrx_word' id='word_1_24' title='bbox 534 556 630 610; x_wconf 81' lang='grc' dir='ltr'>τοῦ</span> <span class='ocrx_word' id='word_1_25' title='bbox 680 555 898 628; x_wconf 84' lang='grc' dir='ltr'>Ἰσραὴλ</span> <span class='ocrx_word' id='word_1_26' title='bbox 937 555 1220 620; x_wconf 78' lang='grc' dir='ltr'><strong>ἐσώζοντο⁸</strong></span> <span class='ocrx_word' id='word_1_27' title='bbox 1252 554 1313 608; x_wconf 79' lang='grc' dir='ltr'><strong>οὗ</strong></span> <span class='ocrx_word' id='word_1_28' title='bbox 1361 555 1546 608; x_wconf 80' lang='grc' dir='ltr'>πολλοὶ</span> <span class='ocrx_word' id='word_1_29' title='bbox 1578 556 1688 626; x_wconf 79' lang='grc' dir='ltr'>γὰρ</span> <span class='ocrx_word' id='word_1_30' title='bbox 1730 557 1983 610; x_wconf 86' lang='grc' dir='ltr'>ἐπίστευ-</span> 
     </span>
    </p>
   </div>
   <div class='ocr_carea' id='block_1_7' title="bbox 400 645 1984 718">
    <p class='ocr_par' dir='ltr' id='par_1_7' title="bbox 400 645 1984 718">
     <span class='ocr_line' id='line_1_7' title="bbox 400 645 1984 718; baseline -0.005 -13"><span class='ocrx_word' id='word_1_31' title='bbox 400 667 500 705; x_wconf 90' lang='grc' dir='ltr'><strong>σαν</strong></span> <span class='ocrx_word' id='word_1_32' title='bbox 543 649 623 713; x_wconf 84' lang='grc' dir='ltr'>εἰς</span> <span class='ocrx_word' id='word_1_33' title='bbox 660 648 845 702; x_wconf 84' lang='grc' dir='ltr'>αὐτόν.</span> <span class='ocrx_word' id='word_1_34' title='bbox 891 647 984 700; x_wconf 77' lang='grc' dir='ltr'><strong>Διὸ</strong></span> <span class='ocrx_word' id='word_1_35' title='bbox 1029 645 1125 700; x_wconf 69' lang='grc' dir='ltr'><strong>καὶ</strong></span> <span class='ocrx_word' id='word_1_36' title='bbox 1173 646 1346 715; x_wconf 74' lang='grc' dir='ltr'>ἔλεγε·</span> <span class='ocrx_word' id='word_1_37' title='bbox 1388 647 1486 716; x_wconf 83' lang='grc' dir='ltr'><strong>Μὴ</strong></span> <span class='ocrx_word' id='word_1_38' title='bbox 1533 648 1720 716; x_wconf 73' lang='grc' dir='ltr'><em>φοϐοῦ</em></span> <span class='ocrx_word' id='word_1_39' title='bbox 1765 649 1984 718; x_wconf 80' lang='grc' dir='ltr'>μικρὸν</span> 
     </span>
    </p>
   </div>
   <div class='ocr_carea' id='block_1_8' title="bbox 397 738 1983 811">
    <p class='ocr_par' dir='ltr' id='par_1_8' title="bbox 397 738 1983 811">
     <span class='ocr_line' id='line_1_8' title="bbox 397 738 1983 811; baseline -0.004 -15"><span class='ocrx_word' id='word_1_40' title='bbox 397 743 700 811; x_wconf 75' lang='grc' dir='ltr'><strong>ποίμνιον,</strong></span> <span class='ocrx_word' id='word_1_41' title='bbox 737 739 826 792; x_wconf 78' lang='grc' dir='ltr'>ὅτι</span> <span class='ocrx_word' id='word_1_42' title='bbox 870 738 1212 807; x_wconf 80' lang='grc' dir='ltr'><strong>εὐδόκησεν</strong></span> <span class='ocrx_word' id='word_1_43' title='bbox 1255 743 1288 793; x_wconf 86' lang='grc' dir='ltr'><strong>ό</strong></span> <span class='ocrx_word' id='word_1_44' title='bbox 1320 738 1465 805; x_wconf 86' lang='grc' dir='ltr'><strong>Θεὸς</strong></span> <span class='ocrx_word' id='word_1_45' title='bbox 1510 741 1580 793; x_wconf 83' lang='grc' dir='ltr'><strong>ἐν</strong></span> <span class='ocrx_word' id='word_1_46' title='bbox 1606 741 1726 793; x_wconf 86' lang='grc' dir='ltr'>σοί.</span> <span class='ocrx_word' id='word_1_47' title='bbox 1764 741 1983 811; x_wconf 69' lang='grc' dir='ltr'>Προφης-</span> 
     </span>
    </p>
   </div>
   <div class='ocr_carea' id='block_1_9' title="bbox 392 830 1981 902">
    <p class='ocr_par' dir='ltr' id='par_1_9' title="bbox 392 830 1981 902">
     <span class='ocr_line' id='line_1_9' title="bbox 392 830 1981 902; baseline -0.003 -14"><span class='ocrx_word' id='word_1_48' title='bbox 392 833 564 896; x_wconf 85' lang='grc' dir='ltr'>τικῶς</span> <span class='ocrx_word' id='word_1_49' title='bbox 585 832 642 885; x_wconf 89' lang='grc' dir='ltr'><strong>δέ</strong></span> <span class='ocrx_word' id='word_1_50' title='bbox 670 831 862 902; x_wconf 79' lang='grc' dir='ltr'><strong>ἐλέχθη</strong></span> <span class='ocrx_word' id='word_1_51' title='bbox 898 831 990 896; x_wconf 85' lang='grc' dir='ltr'><strong>τὸ,</strong></span> <span class='ocrx_word' id='word_1_52' title='bbox 1021 831 1244 884; x_wconf 83' lang='grc' dir='ltr'>Πολλοὶ</span> <span class='ocrx_word' id='word_1_53' title='bbox 1279 830 1556 898; x_wconf 78' lang='grc' dir='ltr'><strong>ἥξουσιν·</strong></span> <span class='ocrx_word' id='word_1_54' title='bbox 1594 832 1669 896; x_wconf 86' lang='grc' dir='ltr'><strong>ῶς</strong></span> <span class='ocrx_word' id='word_1_55' title='bbox 1712 832 1842 901; x_wconf 77' lang='grc' dir='ltr'>περὶ</span> <span class='ocrx_word' id='word_1_56' title='bbox 1872 832 1981 884; x_wconf 89' lang='grc' dir='ltr'><strong>τῶν</strong></span> 
     </span>
    </p>
   </div>
   <div class='ocr_carea' id='block_1_10' title="bbox 403 920 1982 996">
    <p class='ocr_par' dir='ltr' id='par_1_10' title="bbox 403 920 1982 996">
     <span class='ocr_line' id='line_1_10' title="bbox 403 920 1982 996; baseline -0.002 -18"><span class='ocrx_word' id='word_1_57' title='bbox 403 924 704 996; x_wconf 76' lang='grc' dir='ltr'><strong>μελλόντων</strong></span> <span class='ocrx_word' id='word_1_58' title='bbox 730 921 1006 976; x_wconf 82' lang='grc' dir='ltr'>πιστεύειν</span> <span class='ocrx_word' id='word_1_59' title='bbox 1031 923 1111 986; x_wconf 78' lang='grc' dir='ltr'><strong>εἰς</strong></span> <span class='ocrx_word' id='word_1_60' title='bbox 1143 921 1302 974; x_wconf 82' lang='grc' dir='ltr'>αὐτὸν</span> <span class='ocrx_word' id='word_1_61' title='bbox 1330 921 1438 974; x_wconf 85' lang='grc' dir='ltr'>ἀπὸ</span> <span class='ocrx_word' id='word_1_62' title='bbox 1461 922 1569 974; x_wconf 89' lang='grc' dir='ltr'><strong>τῶν</strong></span> <span class='ocrx_word' id='word_1_63' title='bbox 1605 920 1794 976; x_wconf 85' lang='grc' dir='ltr'><strong>ἐθνῶν.</strong></span> <span class='ocrx_word' id='word_1_64' title='bbox 1830 925 1982 975; x_wconf 88' lang='grc' dir='ltr'><strong>Πολ-</strong></span> 
     </span>
    </p>
   </div>
   <div class='ocr_carea' id='block_1_11' title="bbox 397 1013 1978 1088">
    <p class='ocr_par' dir='ltr' id='par_1_11' title="bbox 397 1013 1978 1088">
     <span class='ocr_line' id='line_1_11' title="bbox 397 1013 1978 1088; baseline -0.003 -17"><span class='ocrx_word' id='word_1_65' title='bbox 397 1018 519 1082; x_wconf 80' lang='grc' dir='ltr'>λοὶ,</span> <span class='ocrx_word' id='word_1_66' title='bbox 568 1016 752 1088; x_wconf 77' lang='grc' dir='ltr'>φησὶν,</span> <span class='ocrx_word' id='word_1_67' title='bbox 785 1016 860 1078; x_wconf 84' lang='grc' dir='ltr'><strong>ὡς</strong></span> <span class='ocrx_word' id='word_1_68' title='bbox 901 1014 1042 1086; x_wconf 82' lang='grc' dir='ltr'>πρὸς</span> <span class='ocrx_word' id='word_1_69' title='bbox 1073 1014 1198 1076; x_wconf 79' lang='grc' dir='ltr'>τοὺς</span> <span class='ocrx_word' id='word_1_70' title='bbox 1230 1013 1368 1084; x_wconf 84' lang='grc' dir='ltr'>μετὰ</span> <span class='ocrx_word' id='word_1_71' title='bbox 1410 1013 1508 1085; x_wconf 79' lang='grc' dir='ltr'>τὴν</span> <span class='ocrx_word' id='word_1_72' title='bbox 1556 1015 1856 1086; x_wconf 82' lang='grc' dir='ltr'>παρουσίαν</span> <span class='ocrx_word' id='word_1_73' title='bbox 1904 1015 1978 1086; x_wconf 85' lang='grc' dir='ltr'>μὴ</span> 
     </span>
    </p>
   </div>
   <div class='ocr_carea' id='block_1_12' title="bbox 399 1103 1979 1176">
    <p class='ocr_par' dir='ltr' id='par_1_12' title="bbox 399 1103 1979 1176">
     <span class='ocr_line' id='line_1_12' title="bbox 399 1103 1979 1176; baseline -0.004 -11"><span class='ocrx_word' id='word_1_74' title='bbox 399 1110 827 1172; x_wconf 77' lang='grc' dir='ltr'><strong>πιστεύσαντας,</strong></span> <span class='ocrx_word' id='word_1_75' title='bbox 867 1109 917 1159; x_wconf 83' lang='lat' dir='ltr'><strong>oi</strong></span> <span class='ocrx_word' id='word_1_76' title='bbox 963 1106 1071 1160; x_wconf 84' lang='grc' dir='ltr'>ἀπὸ</span> <span class='ocrx_word' id='word_1_77' title='bbox 1123 1105 1232 1159; x_wconf 84' lang='grc' dir='ltr'><strong>τῶν</strong></span> <span class='ocrx_word' id='word_1_78' title='bbox 1281 1103 1448 1157; x_wconf 81' lang='grc' dir='ltr'>ἐθνῶν</span> <span class='ocrx_word' id='word_1_79' title='bbox 1497 1105 1979 1176; x_wconf 74' lang='grc' dir='ltr'>ἀνακλιθησόμενοι</span> 
     </span>
    </p>
   </div>
   <div class='ocr_carea' id='block_1_13' title="bbox 401 1199 1978 1277">
    <p class='ocr_par' dir='ltr' id='par_1_13' title="bbox 401 1199 1978 1277">
     <span class='ocr_line' id='line_1_13' title="bbox 401 1199 1978 1277; baseline -0.004 -18"><span class='ocrx_word' id='word_1_80' title='bbox 401 1205 540 1277; x_wconf 84' lang='grc' dir='ltr'>μετὰ</span> <span class='ocrx_word' id='word_1_81' title='bbox 579 1202 831 1274; x_wconf 80' lang='grc' dir='ltr'>Ἀϐραὰμ</span> <span class='ocrx_word' id='word_1_82' title='bbox 864 1202 959 1254; x_wconf 74' lang='grc' dir='ltr'><strong>καὶ</strong></span> <span class='ocrx_word' id='word_1_83' title='bbox 988 1200 1096 1253; x_wconf 85' lang='grc' dir='ltr'><strong>τῶν</strong></span> <span class='ocrx_word' id='word_1_84' title='bbox 1125 1199 1185 1264; x_wconf 81' lang='grc' dir='ltr'>ἐξ</span> <span class='ocrx_word' id='word_1_85' title='bbox 1209 1200 1373 1254; x_wconf 81' lang='grc' dir='ltr'>αὐτοῦ</span> <span class='ocrx_word' id='word_1_86' title='bbox 1402 1202 1458 1253; x_wconf 89' lang='grc' dir='ltr'><strong>ἐν</strong></span> <span class='ocrx_word' id='word_1_87' title='bbox 1495 1202 1562 1271; x_wconf 85' lang='grc' dir='ltr'>τῇ</span> <span class='ocrx_word' id='word_1_88' title='bbox 1595 1199 1842 1272; x_wconf 78' lang='grc' dir='ltr'>βασιλείᾳ</span> <span class='ocrx_word' id='word_1_89' title='bbox 1870 1199 1978 1254; x_wconf 89' lang='grc' dir='ltr'><strong>τῶν</strong></span> 
     </span>
    </p>
   </div>
   <div class='ocr_carea' id='block_1_14' title="bbox 389 1285 1977 1368">
    <p class='ocr_par' dir='ltr' id='par_1_14' title="bbox 389 1285 1977 1368">
     <span class='ocr_line' id='line_1_14' title="bbox 389 1285 1977 1368; baseline -0.003 -17"><span class='ocrx_word' id='word_1_90' title='bbox 389 1295 661 1368; x_wconf 76' lang='grc' dir='ltr'>οὐρανῶν·</span> <span class='ocrx_word' id='word_1_91' title='bbox 692 1295 787 1348; x_wconf 75' lang='grc' dir='ltr'><strong>καὶ</strong></span> <span class='ocrx_word' id='word_1_92' title='bbox 807 1291 886 1364; x_wconf 82' lang='grc' dir='ltr'>τῷ</span> <span class='ocrx_word' id='word_1_93' title='bbox 910 1291 1130 1364; x_wconf 84' lang='grc' dir='ltr'>ἀριθμῷ</span> <span class='ocrx_word' id='word_1_94' title='bbox 1155 1292 1213 1345; x_wconf 86' lang='grc' dir='ltr'>δὲ</span> <span class='ocrx_word' id='word_1_95' title='bbox 1244 1292 1676 1355; x_wconf 85' lang='grc' dir='ltr'>πολλαπλασίους</span> <span class='ocrx_word' id='word_1_96' title='bbox 1698 1285 1844 1346; x_wconf 76' lang='grc' dir='ltr'>οὗτοι</span> <span class='ocrx_word' id='word_1_97' title='bbox 1868 1293 1977 1347; x_wconf 90' lang='grc' dir='ltr'><strong>τῶν</strong></span> 
     </span>
    </p>
   </div>
   <div class='ocr_carea' id='block_1_15' title="bbox 397 1385 1977 1461">
    <p class='ocr_par' dir='ltr' id='par_1_15' title="bbox 397 1385 1977 1461">
     <span class='ocr_line' id='line_1_15' title="bbox 397 1385 1977 1461; baseline -0.003 -18"><span class='ocrx_word' id='word_1_98' title='bbox 397 1391 504 1444; x_wconf 85' lang='grc' dir='ltr'>ἀπὸ</span> <span class='ocrx_word' id='word_1_99' title='bbox 567 1387 786 1461; x_wconf 81' lang='grc' dir='ltr'>Ἰσραὴλ</span> <span class='ocrx_word' id='word_1_100' title='bbox 843 1387 936 1441; x_wconf 69' lang='grc' dir='ltr'>καὶ</span> <span class='ocrx_word' id='word_1_101' title='bbox 996 1387 1088 1440; x_wconf 86' lang='grc' dir='ltr'><strong>τὸν</strong></span> <span class='ocrx_word' id='word_1_102' title='bbox 1143 1385 1352 1458; x_wconf 82' lang='grc' dir='ltr'>Ἰησοῦν</span> <span class='ocrx_word' id='word_1_103' title='bbox 1400 1385 1635 1456; x_wconf 82' lang='grc' dir='ltr'>Χριστὸν</span> <span class='ocrx_word' id='word_1_104' title='bbox 1685 1385 1977 1456; x_wconf 86' lang='grc' dir='ltr'>ὁμολογου-</span> 
     </span>
    </p>
   </div>
   <div class='ocr_carea' id='block_1_16' title="bbox 399 1481 594 1551">
    <p class='ocr_par' dir='ltr' id='par_1_16' title="bbox 399 1481 594 1551">
     <span class='ocr_line' id='line_1_16' title="bbox 399 1481 594 1551; baseline -0.01 -17"><span class='ocrx_word' id='word_1_105' title='bbox 399 1481 594 1551; x_wconf 83' lang='grc' dir='ltr'>μένων.</span> 
     </span>
    </p>
   </div>
   <div class='ocr_carea' id='block_1_17' title="bbox 1038 1590 1342 1642">
    <p class='ocr_par' dir='ltr' id='par_1_17' title="bbox 1038 1590 1342 1642">
     <span class='ocr_line' id='line_1_17' title="bbox 1038 1590 1342 1642; baseline 0 0"><span class='ocrx_word' id='word_1_106' title='bbox 1038 1590 1195 1642; x_wconf 81' lang='grc' dir='ltr'><strong>ΚΕΦ.</strong></span> <span class='ocrx_word' id='word_1_107' title='bbox 1241 1590 1342 1642; x_wconf 85' lang='grc' dir='ltr'><strong>1Α’.</strong></span> 
     </span>
    </p>
   </div>
   <div class='ocr_carea' id='block_1_18' title="bbox 394 1679 1976 1756">
    <p class='ocr_par' dir='ltr' id='par_1_18' title="bbox 394 1679 1976 1756">
     <span class='ocr_line' id='line_1_18' title="bbox 394 1679 1976 1756; baseline -0.003 -18"><span class='ocrx_word' id='word_1_108' title='bbox 394 1687 543 1756; x_wconf 91' lang='grc' dir='ltr'>Στιχ.</span> <span class='ocrx_word' id='word_1_109' title='bbox 584 1683 671 1738; x_wconf 89' lang='grc' dir='ltr'><strong>ια’.</strong></span> <span class='ocrx_word' id='word_1_110' title='bbox 712 1683 766 1736; x_wconf 88' lang='grc' dir='ltr'><strong><em>Ὁ</em></strong></span> <span class='ocrx_word' id='word_1_111' title='bbox 798 1683 866 1737; x_wconf 82' lang='grc' dir='ltr'>δὲ</span> <span class='ocrx_word' id='word_1_112' title='bbox 901 1683 1248 1756; x_wconf 67' lang='grc' dir='ltr'>μικρότερος</span> <span class='ocrx_word' id='word_1_113' title='bbox 1407 1679 1490 1756; x_wconf 32' lang='grc' dir='ltr'><strong>τῇ.</strong></span> <span class='ocrx_word' id='word_1_114' title='bbox 1521 1682 1812 1751; x_wconf 76' lang='grc' dir='ltr'>βασιλείᾳ</span> <span class='ocrx_word' id='word_1_115' title='bbox 1856 1681 1976 1736; x_wconf 88' lang='grc' dir='ltr'><strong>τῶν</strong></span> 
     </span>
    </p>
   </div>
   <div class='ocr_carea' id='block_1_19' title="bbox 711 1751 1654 1822">
    <p class='ocr_par' dir='ltr' id='par_1_19' title="bbox 711 1751 1654 1822">
     <span class='ocr_line' id='line_1_19' title="bbox 711 1751 1654 1822; baseline -0.005 -14"><span class='ocrx_word' id='word_1_116' title='bbox 711 1751 984 1821; x_wconf 79' lang='grc' dir='ltr'>οὐρανῶν</span> <span class='ocrx_word' id='word_1_117' title='bbox 1008 1753 1221 1822; x_wconf 76' lang='grc' dir='ltr'>μείζων</span> <span class='ocrx_word' id='word_1_118' title='bbox 1253 1751 1438 1806; x_wconf 85' lang='grc' dir='ltr'>αὐτοῦ</span> <span class='ocrx_word' id='word_1_119' title='bbox 1465 1753 1654 1806; x_wconf 84' lang='grc' dir='ltr'>ἐστιν.</span> 
     </span>
    </p>
   </div>
   <div class='ocr_carea' id='block_1_20' title="bbox 2087 560 3669 631">
    <p class='ocr_par' dir='ltr' id='par_1_20' title="bbox 2087 560 3669 631">
     <span class='ocr_line' id='line_1_20' title="bbox 2087 560 3669 631; baseline 0.006 -19"><span class='ocrx_word' id='word_1_120' title='bbox 2087 560 2231 613; x_wconf 88' lang='lat' dir='ltr'><strong>enim</strong></span> <span class='ocrx_word' id='word_1_121' title='bbox 2277 560 2628 615; x_wconf 89' lang='lat' dir='ltr'><strong>crediderunt</strong></span> <span class='ocrx_word' id='word_1_122' title='bbox 2656 561 2709 615; x_wconf 94' lang='lat' dir='ltr'><strong>in</strong></span> <span class='ocrx_word' id='word_1_123' title='bbox 2751 577 2898 616; x_wconf 90' lang='lat' dir='ltr'><strong>eum.</strong></span> <span class='ocrx_word' id='word_1_124' title='bbox 2930 560 3226 631; x_wconf 75' lang='lat' dir='ltr'><strong>Propterea</strong></span> <span class='ocrx_word' id='word_1_125' title='bbox 3263 565 3426 618; x_wconf 88' lang='lat' dir='ltr'><strong>etiam</strong></span> <span class='ocrx_word' id='word_1_126' title='bbox 3453 565 3669 622; x_wconf 88' lang='lat' dir='ltr'><strong>aiebat:</strong></span> 
     </span>
    </p>
   </div>
   <div class='ocr_carea' id='block_1_21' title="bbox 2090 647 3670 723">
    <p class='ocr_par' dir='ltr' id='par_1_21' title="bbox 2090 647 3670 723">
     <span class='ocr_line' id='line_1_21' title="bbox 2090 647 3670 723; baseline 0.005 -21"><span class='ocrx_word' id='word_1_127' title='bbox 2090 647 2174 704; x_wconf 82' lang='lat' dir='ltr'><strong><em>Ne</em></strong></span> <span class='ocrx_word' id='word_1_128' title='bbox 2223 650 2429 716; x_wconf 75' lang='lat' dir='ltr'><strong>timeas,</strong></span> <span class='ocrx_word' id='word_1_129' title='bbox 2476 651 2668 718; x_wconf 77' lang='lat' dir='ltr'><strong>pusille</strong></span> <span class='ocrx_word' id='word_1_130' title='bbox 2711 668 2859 722; x_wconf 76' lang='lat' dir='ltr'><strong>grex,</strong></span> <span class='ocrx_word' id='word_1_131' title='bbox 2901 653 3026 722; x_wconf 85' lang='lat' dir='ltr'><strong>quia</strong></span> <span class='ocrx_word' id='word_1_132' title='bbox 3065 653 3445 723; x_wconf 87' lang='lat' dir='ltr'><strong>beneplacitum</strong></span> <span class='ocrx_word' id='word_1_133' title='bbox 3487 657 3670 710; x_wconf 77' lang='lat' dir='ltr'><strong>habuit</strong></span> 
     </span>
    </p>
   </div>
   <div class='ocr_carea' id='block_1_22' title="bbox 2085 736 3667 813">
    <p class='ocr_par' dir='ltr' id='par_1_22' title="bbox 2085 736 3667 813">
     <span class='ocr_line' id='line_1_22' title="bbox 2085 736 3667 813; baseline 0.006 -23"><span class='ocrx_word' id='word_1_134' title='bbox 2085 736 2226 791; x_wconf 77' lang='lat' dir='ltr'><strong>Deus</strong></span> <span class='ocrx_word' id='word_1_135' title='bbox 2275 739 2332 791; x_wconf 88' lang='lat' dir='ltr'><strong>in</strong></span> <span class='ocrx_word' id='word_1_136' title='bbox 2373 749 2422 792; x_wconf 90' lang='lat' dir='ltr'><strong>te</strong></span> <span class='ocrx_word' id='word_1_137' title='bbox 2450 738 2515 792; x_wconf 67' lang='grc' dir='ltr'>δ’.</span> <span class='ocrx_word' id='word_1_138' title='bbox 2557 738 2879 810; x_wconf 89' lang='lat' dir='ltr'><strong>Prophetice</strong></span> <span class='ocrx_word' id='word_1_139' title='bbox 2933 758 3064 797; x_wconf 89' lang='lat' dir='ltr'><strong>vero</strong></span> <span class='ocrx_word' id='word_1_140' title='bbox 3118 745 3320 798; x_wconf 89' lang='lat' dir='ltr'><strong>dictum</strong></span> <span class='ocrx_word' id='word_1_141' title='bbox 3377 757 3462 800; x_wconf 90' lang='lat' dir='ltr'><strong>est</strong></span> <span class='ocrx_word' id='word_1_142' title='bbox 3511 747 3667 813; x_wconf 90' lang='lat' dir='ltr'><strong>illud,</strong></span> 
     </span>
    </p>
   </div>
   <div class='ocr_carea' id='block_1_23' title="bbox 2085 829 3668 906">
    <p class='ocr_par' dir='ltr' id='par_1_23' title="bbox 2085 829 3668 906">
     <span class='ocr_line' id='line_1_23' title="bbox 2085 829 3668 906; baseline 0.008 -25"><span class='ocrx_word' id='word_1_143' title='bbox 2085 829 2242 882; x_wconf 82' lang='lat' dir='ltr'><strong>Multi</strong></span> <span class='ocrx_word' id='word_1_144' title='bbox 2289 831 2540 896; x_wconf 83' lang='lat' dir='ltr'><strong>venient;</strong></span> <span class='ocrx_word' id='word_1_145' title='bbox 2599 832 2667 886; x_wconf 91' lang='lat' dir='ltr'><strong>de</strong></span> <span class='ocrx_word' id='word_1_146' title='bbox 2723 833 2908 888; x_wconf 88' lang='lat' dir='ltr'><strong>multis</strong></span> <span class='ocrx_word' id='word_1_147' title='bbox 2956 836 3212 888; x_wconf 91' lang='lat' dir='ltr'><strong>nimirum</strong></span> <span class='ocrx_word' id='word_1_148' title='bbox 3265 837 3358 906; x_wconf 88' lang='lat' dir='ltr'><strong>qui</strong></span> <span class='ocrx_word' id='word_1_149' title='bbox 3405 839 3668 894; x_wconf 77' lang='lat' dir='ltr'><strong>credituri</strong></span> 
     </span>
    </p>
   </div>
   <div class='ocr_carea' id='block_1_24' title="bbox 2083 923 3666 1002">
    <p class='ocr_par' dir='ltr' id='par_1_24' title="bbox 2083 923 3666 1002">
     <span class='ocr_line' id='line_1_24' title="bbox 2083 923 3666 1002; baseline 0.006 -26"><span class='ocrx_word' id='word_1_150' title='bbox 2083 932 2240 977; x_wconf 89' lang='lat' dir='ltr'><strong>erant</strong></span> <span class='ocrx_word' id='word_1_151' title='bbox 2275 923 2327 976; x_wconf 93' lang='lat' dir='ltr'><strong>in</strong></span> <span class='ocrx_word' id='word_1_152' title='bbox 2376 938 2503 977; x_wconf 90' lang='lat' dir='ltr'><strong>eum</strong></span> <span class='ocrx_word' id='word_1_153' title='bbox 2539 939 2606 980; x_wconf 82' lang='lat' dir='ltr'><strong>ex</strong></span> <span class='ocrx_word' id='word_1_154' title='bbox 2653 927 2925 996; x_wconf 74' lang='lat' dir='ltr'><strong>gentibus.</strong></span> <span class='ocrx_word' id='word_1_155' title='bbox 2967 927 3131 983; x_wconf 77' lang='lat' dir='ltr'><strong>Multi</strong></span> <span class='ocrx_word' id='word_1_156' title='bbox 3175 931 3350 997; x_wconf 88' lang='lat' dir='ltr'><strong>dicit,</strong></span> <span class='ocrx_word' id='word_1_157' title='bbox 3407 940 3666 1002; x_wconf 85' lang='lat' dir='ltr'><strong>tanquam</strong></span> 
     </span>
    </p>
   </div>
   <div class='ocr_carea' id='block_1_25' title="bbox 2082 1019 3666 1091">
    <p class='ocr_par' dir='ltr' id='par_1_25' title="bbox 2082 1019 3666 1091">
     <span class='ocr_line' id='line_1_25' title="bbox 2082 1019 3666 1091; baseline 0.006 -21"><span class='ocrx_word' id='word_1_158' title='bbox 2082 1030 2180 1085; x_wconf 90' lang='lat' dir='ltr'><strong>per</strong></span> <span class='ocrx_word' id='word_1_159' title='bbox 2217 1019 2676 1086; x_wconf 89' lang='lat' dir='ltr'><strong>comparationem</strong></span> <span class='ocrx_word' id='word_1_160' title='bbox 2713 1021 2779 1073; x_wconf 90' lang='lat' dir='ltr'><strong>ad</strong></span> <span class='ocrx_word' id='word_1_161' title='bbox 2814 1035 2928 1086; x_wconf 90' lang='lat' dir='ltr'><strong>eos,</strong></span> <span class='ocrx_word' id='word_1_162' title='bbox 2958 1023 3048 1089; x_wconf 88' lang='lat' dir='ltr'><strong>qui</strong></span> <span class='ocrx_word' id='word_1_163' title='bbox 3081 1032 3202 1091; x_wconf 92' lang='lat' dir='ltr'><strong>post</strong></span> <span class='ocrx_word' id='word_1_164' title='bbox 3229 1023 3519 1079; x_wconf 84' lang='lat' dir='ltr'><strong>adventum</strong></span> <span class='ocrx_word' id='word_1_165' title='bbox 3557 1040 3666 1080; x_wconf 90' lang='lat' dir='ltr'><strong>non</strong></span> 
     </span>
    </p>
   </div>
   <div class='ocr_carea' id='block_1_26' title="bbox 2083 1110 3662 1181">
    <p class='ocr_par' dir='ltr' id='par_1_26' title="bbox 2083 1110 3662 1181">
     <span class='ocr_line' id='line_1_26' title="bbox 2083 1110 3662 1181; baseline 0.004 -17"><span class='ocrx_word' id='word_1_166' title='bbox 2083 1110 2438 1165; x_wconf 88' lang='lat' dir='ltr'><strong>crediderunt</strong></span> <span class='ocrx_word' id='word_1_167' title='bbox 2476 1127 2487 1160; x_wconf 93' lang='lat'><strong>:</strong></span> <span class='ocrx_word' id='word_1_168' title='bbox 2526 1113 2616 1180; x_wconf 92' lang='lat' dir='ltr'><strong>qui</strong></span> <span class='ocrx_word' id='word_1_169' title='bbox 2661 1128 2725 1167; x_wconf 81' lang='lat' dir='ltr'><strong>ex</strong></span> <span class='ocrx_word' id='word_1_170' title='bbox 2759 1115 3009 1181; x_wconf 78' lang='lat' dir='ltr'><strong>gentibus</strong></span> <span class='ocrx_word' id='word_1_171' title='bbox 3039 1115 3333 1168; x_wconf 83' lang='lat' dir='ltr'><strong>recubituri</strong></span> <span class='ocrx_word' id='word_1_172' title='bbox 3375 1126 3500 1170; x_wconf 87' lang='lat' dir='ltr'><strong>sunt</strong></span> <span class='ocrx_word' id='word_1_173' title='bbox 3537 1131 3662 1172; x_wconf 91' lang='lat' dir='ltr'><strong>cum</strong></span> 
     </span>
    </p>
   </div>
   <div class='ocr_carea' id='block_1_27' title="bbox 2079 1200 3663 1275">
    <p class='ocr_par' dir='ltr' id='par_1_27' title="bbox 2079 1200 3663 1275">
     <span class='ocr_line' id='line_1_27' title="bbox 2079 1200 3663 1275; baseline 0.006 -21"><span class='ocrx_word' id='word_1_174' title='bbox 2079 1200 2354 1255; x_wconf 82' lang='lat' dir='ltr'><strong>Abraham</strong></span> <span class='ocrx_word' id='word_1_175' title='bbox 2404 1210 2458 1255; x_wconf 89' lang='lat' dir='ltr'><strong>et</strong></span> <span class='ocrx_word' id='word_1_176' title='bbox 2492 1202 2559 1257; x_wconf 92' lang='lat' dir='ltr'><strong>iis</strong></span> <span class='ocrx_word' id='word_1_177' title='bbox 2592 1203 2687 1272; x_wconf 91' lang='lat' dir='ltr'><strong>qui</strong></span> <span class='ocrx_word' id='word_1_178' title='bbox 2728 1219 2794 1259; x_wconf 84' lang='lat' dir='ltr'><strong>ex</strong></span> <span class='ocrx_word' id='word_1_179' title='bbox 2833 1219 2896 1258; x_wconf 88' lang='lat' dir='ltr'><strong>eo</strong></span> <span class='ocrx_word' id='word_1_180' title='bbox 2929 1205 3041 1258; x_wconf 90' lang='lat' dir='ltr'><strong>nati</strong></span> <span class='ocrx_word' id='word_1_181' title='bbox 3079 1215 3226 1271; x_wconf 89' lang='lat' dir='ltr'><strong>sunt,</strong></span> <span class='ocrx_word' id='word_1_182' title='bbox 3264 1207 3316 1259; x_wconf 88' lang='lat' dir='ltr'><strong>In</strong></span> <span class='ocrx_word' id='word_1_183' title='bbox 3351 1220 3517 1275; x_wconf 88' lang='lat' dir='ltr'><strong>regno</strong></span> <span class='ocrx_word' id='word_1_184' title='bbox 3549 1221 3663 1262; x_wconf 71' lang='grc' dir='ltr'>αοε-</span> 
     </span>
    </p>
   </div>
   <div class='ocr_carea' id='block_1_28' title="bbox 2083 1291 3660 1366">
    <p class='ocr_par' dir='ltr' id='par_1_28' title="bbox 2083 1291 3660 1366">
     <span class='ocr_line' id='line_1_28' title="bbox 2083 1291 3660 1366; baseline 0.004 -22"><span class='ocrx_word' id='word_1_185' title='bbox 2083 1291 2277 1344; x_wconf 93' lang='lat' dir='ltr'><strong>Iorum.</strong></span> <span class='ocrx_word' id='word_1_186' title='bbox 2322 1291 2560 1345; x_wconf 86' lang='lat' dir='ltr'><strong>Numero</strong></span> <span class='ocrx_word' id='word_1_187' title='bbox 2592 1300 2772 1347; x_wconf 88' lang='lat' dir='ltr'><strong>autem</strong></span> <span class='ocrx_word' id='word_1_188' title='bbox 2809 1303 2936 1348; x_wconf 88' lang='lat' dir='ltr'><strong>sunt</strong></span> <span class='ocrx_word' id='word_1_189' title='bbox 2981 1295 3283 1364; x_wconf 80' lang='lat' dir='ltr'><strong>multiplico</strong></span> <span class='ocrx_word' id='word_1_190' title='bbox 3314 1296 3402 1350; x_wconf 88' lang='lat' dir='ltr'><strong>isti</strong></span> <span class='ocrx_word' id='word_1_191' title='bbox 3448 1312 3559 1366; x_wconf 65' lang='lat' dir='ltr'><strong>prae</strong></span> <span class='ocrx_word' id='word_1_192' title='bbox 3593 1297 3660 1352; x_wconf 91' lang='lat' dir='ltr'><strong>iis</strong></span> 
     </span>
    </p>
   </div>
   <div class='ocr_carea' id='block_1_29' title="bbox 2079 1381 3660 1453">
    <p class='ocr_par' dir='ltr' id='par_1_29' title="bbox 2079 1381 3660 1453">
     <span class='ocr_line' id='line_1_29' title="bbox 2079 1381 3660 1453; baseline 0.004 -17"><span class='ocrx_word' id='word_1_193' title='bbox 2079 1382 2174 1453; x_wconf 91' lang='lat' dir='ltr'><strong>qui</strong></span> <span class='ocrx_word' id='word_1_194' title='bbox 2212 1382 2437 1437; x_wconf 83' lang='lat' dir='ltr'><strong>fuerunt</strong></span> <span class='ocrx_word' id='word_1_195' title='bbox 2473 1397 2541 1436; x_wconf 80' lang='lat' dir='ltr'><strong>ex</strong></span> <span class='ocrx_word' id='word_1_196' title='bbox 2591 1381 2755 1439; x_wconf 90' lang='lat' dir='ltr'><strong>Israel</strong></span> <span class='ocrx_word' id='word_1_197' title='bbox 2779 1423 2795 1449; x_wconf 88' lang='lat'><strong>,</strong></span> <span class='ocrx_word' id='word_1_198' title='bbox 2852 1395 2907 1439; x_wconf 89' lang='lat' dir='ltr'><strong>et</strong></span> <span class='ocrx_word' id='word_1_199' title='bbox 2941 1384 3124 1441; x_wconf 81' lang='lat' dir='ltr'><strong>Iesum</strong></span> <span class='ocrx_word' id='word_1_200' title='bbox 3170 1385 3449 1441; x_wconf 83' lang='lat' dir='ltr'><strong>Christum</strong></span> <span class='ocrx_word' id='word_1_201' title='bbox 3487 1387 3660 1443; x_wconf 81' lang='lat' dir='ltr'><strong>conii-</strong></span> 
     </span>
    </p>
   </div>
   <div class='ocr_carea' id='block_1_30' title="bbox 2081 1483 2285 1528">
    <p class='ocr_par' dir='ltr' id='par_1_30' title="bbox 2081 1483 2285 1528">
     <span class='ocr_line' id='line_1_30' title="bbox 2081 1483 2285 1528; baseline 0 0"><span class='ocrx_word' id='word_1_202' title='bbox 2081 1483 2285 1528; x_wconf 88' lang='lat' dir='ltr'><strong>tentur.</strong></span> 
     </span>
    </p>
   </div>
   <div class='ocr_carea' id='block_1_31' title="bbox 2765 1585 3003 1640">
    <p class='ocr_par' dir='ltr' id='par_1_31' title="bbox 2765 1585 3003 1640">
     <span class='ocr_line' id='line_1_31' title="bbox 2765 1585 3003 1640; baseline 0 0"><span class='ocrx_word' id='word_1_203' title='bbox 2765 1586 2874 1640; x_wconf 86' lang='lat' dir='ltr'><strong>AP.</strong></span> <span class='ocrx_word' id='word_1_204' title='bbox 2910 1585 3003 1640; x_wconf 77' lang='lat' dir='ltr'><strong>XI.</strong></span> 
     </span>
    </p>
   </div>
   <div class='ocr_carea' id='block_1_32' title="bbox 2079 1587 3656 1749">
    <p class='ocr_par' dir='ltr' id='par_1_32' title="bbox 2079 1587 3656 1749">
     <span class='ocr_line' id='line_1_32' title="bbox 2719 1587 3003 1642; baseline -0.007 0"><span class='ocrx_word' id='word_1_205' title='bbox 2719 1587 2874 1642; x_wconf 86' lang='lat' dir='ltr'><strong>CAP.</strong></span> <span class='ocrx_word' id='word_1_206' title='bbox 2910 1587 3003 1640; x_wconf 77' lang='lat' dir='ltr'><strong>XI.</strong></span> 
     </span>
     <span class='ocr_line' id='line_1_33' title="bbox 2079 1676 3656 1749; baseline 0.003 -19"><span class='ocrx_word' id='word_1_207' title='bbox 2079 1676 2143 1732; x_wconf 87' lang='lat' dir='ltr'><strong>V.</strong></span> <span class='ocrx_word' id='word_1_208' title='bbox 2177 1679 2264 1733; x_wconf 82' lang='lat' dir='ltr'><strong>II.</strong></span> <span class='ocrx_word' id='word_1_209' title='bbox 2295 1678 2477 1733; x_wconf 77' lang='lat' dir='ltr'><strong>Minor</strong></span> <span class='ocrx_word' id='word_1_210' title='bbox 2499 1689 2695 1743; x_wconf 89' lang='lat' dir='ltr'><strong>autem,</strong></span> <span class='ocrx_word' id='word_1_211' title='bbox 2723 1680 2776 1733; x_wconf 86' lang='lat' dir='ltr'><strong>in</strong></span> <span class='ocrx_word' id='word_1_212' title='bbox 2805 1695 2965 1749; x_wconf 81' lang='lat' dir='ltr'><strong>regno</strong></span> <span class='ocrx_word' id='word_1_213' title='bbox 2984 1694 3233 1732; x_wconf 61' lang='lat' dir='ltr'><strong>canorum</strong></span> <span class='ocrx_word' id='word_1_214' title='bbox 3257 1678 3428 1748; x_wconf 85' lang='lat' dir='ltr'><strong>major</strong></span> <span class='ocrx_word' id='word_1_215' title='bbox 3443 1677 3537 1732; x_wconf 81' lang='lat' dir='ltr'><strong>illo</strong></span> <span class='ocrx_word' id='word_1_216' title='bbox 3559 1687 3656 1735; x_wconf 74' lang='lat' dir='ltr'><strong>est.</strong></span> 
     </span>
    </p>
   </div>
   <div class='ocr_carea' id='block_1_33' title="bbox 392 1826 1967 1926">
    <p class='ocr_par' dir='ltr' id='par_1_33' title="bbox 392 1841 1967 1926">
     <span class='ocr_line' id='line_1_34' title="bbox 392 1841 1967 1926; baseline -0.003 -26"><span class='ocrx_word' id='word_1_217' title='bbox 392 1849 542 1919; x_wconf 84' lang='grc' dir='ltr'>Στιχ.</span> <span class='ocrx_word' id='word_1_218' title='bbox 571 1844 654 1917; x_wconf 86' lang='grc' dir='ltr'>ιβ’.</span> <span class='ocrx_word' id='word_1_219' title='bbox 689 1846 842 1926; x_wconf 50' lang='grc' dir='ltr'>[Απὸ</span> <span class='ocrx_word' id='word_1_220' title='bbox 873 1844 961 1926; x_wconf 41' lang='grc' dir='ltr'>δὲ..</span> <span class='ocrx_word' id='word_1_221' title='bbox 981 1841 1098 1897; x_wconf 88' lang='grc' dir='ltr'><strong>τῶν</strong></span> <span class='ocrx_word' id='word_1_222' title='bbox 1126 1841 1380 1926; x_wconf 41' lang='grc' dir='ltr'>’ἡμερῶν</span> <span class='ocrx_word' id='word_1_223' title='bbox 1410 1842 1682 1926; x_wconf 68' lang='grc' dir='ltr'>Ἰωάννου</span> <span class='ocrx_word' id='word_1_224' title='bbox 1722 1842 1826 1926; x_wconf 78' lang='grc' dir='ltr'><strong>τοῦ</strong></span> <span class='ocrx_word' id='word_1_225' title='bbox 1859 1846 1967 1924; x_wconf 61' lang='lat' dir='ltr'><strong>Bg-</strong></span> 
     </span>
    </p>
   </div>
   <div class='ocr_carea' id='block_1_34' title="bbox 2071 1826 3658 1926">
    <p class='ocr_par' dir='ltr' id='par_1_34' title="bbox 2083 1837 3658 1926">
     <span class='ocr_line' id='line_1_35' title="bbox 2083 1837 3658 1926; baseline -0.001 -33"><span class='ocrx_word' id='word_1_226' title='bbox 2083 1837 2143 1893; x_wconf 72' lang='lat' dir='ltr'><strong>V.</strong></span> <span class='ocrx_word' id='word_1_227' title='bbox 2185 1838 2266 1892; x_wconf 76' lang='lat' dir='ltr'><strong>l2.</strong></span> <span class='ocrx_word' id='word_1_228' title='bbox 2303 1839 2346 1891; x_wconf 83' lang='lat' dir='ltr'><strong><em>A</em></strong></span> <span class='ocrx_word' id='word_1_229' title='bbox 2379 1837 2558 1890; x_wconf 80' lang='lat' dir='ltr'><strong>diebus</strong></span> <span class='ocrx_word' id='word_1_230' title='bbox 2594 1854 2711 1926; x_wconf 70' lang='lat' dir='ltr'><strong>vero</strong></span> <span class='ocrx_word' id='word_1_231' title='bbox 2746 1837 2974 1918; x_wconf 74' lang='lat' dir='ltr'><strong>Joannis</strong></span> <span class='ocrx_word' id='word_1_232' title='bbox 3003 1837 3253 1918; x_wconf 58' lang='lat' dir='ltr'><strong>Baptista?</strong></span> <span class='ocrx_word' id='word_1_233' title='bbox 3291 1854 3455 1926; x_wconf 68' lang='lat' dir='ltr'><strong>usque</strong></span> <span class='ocrx_word' id='word_1_234' title='bbox 3483 1839 3658 1920; x_wconf 61' lang='lat' dir='ltr'><strong>[iacte-</strong></span> 
     </span>
    </p>
   </div>
   <div class='ocr_carea' id='block_1_35' title="bbox 461 1912 1976 1983">
    <p class='ocr_par' dir='ltr' id='par_1_35' title="bbox 461 1912 1976 1983">
     <span class='ocr_line' id='line_1_36' title="bbox 461 1912 1976 1983; baseline -0.002 -13"><span class='ocrx_word' id='word_1_235' title='bbox 461 1912 718 1971; x_wconf 67' lang='grc' dir='ltr'>πτιστοῦ</span> <span class='ocrx_word' id='word_1_236' title='bbox 769 1917 880 1981; x_wconf 78' lang='grc' dir='ltr'><strong>ἕως</strong></span> <span class='ocrx_word' id='word_1_237' title='bbox 926 1915 1057 1983; x_wconf 82' lang='grc' dir='ltr'>ἄρτι</span> <span class='ocrx_word' id='word_1_238' title='bbox 1106 1915 1144 1982; x_wconf 78' lang='grc' dir='ltr'>ἡ</span> <span class='ocrx_word' id='word_1_239' title='bbox 1187 1914 1478 1983; x_wconf 76' lang='grc' dir='ltr'>,ϐασιλεία</span> <span class='ocrx_word' id='word_1_240' title='bbox 1537 1912 1656 1967; x_wconf 84' lang='grc' dir='ltr'><strong>τῶν</strong></span> <span class='ocrx_word' id='word_1_241' title='bbox 1702 1915 1976 1982; x_wconf 82' lang='grc' dir='ltr'>οὐρανῶν</span> 
     </span>
    </p>
   </div>
   <div class='ocr_carea' id='block_1_36' title="bbox 455 1982 1786 2054">
    <p class='ocr_par' dir='ltr' id='par_1_36' title="bbox 455 1982 1786 2054">
     <span class='ocr_line' id='line_1_37' title="bbox 455 1982 1786 2054; baseline -0.002 -14"><span class='ocrx_word' id='word_1_242' title='bbox 455 1987 742 2054; x_wconf 76' lang='grc' dir='ltr'>βιάζεται,</span> <span class='ocrx_word' id='word_1_243' title='bbox 767 1987 865 2039; x_wconf 82' lang='grc' dir='ltr'>καὶ</span> <span class='ocrx_word' id='word_1_244' title='bbox 890 1982 1142 2049; x_wconf 82' lang='grc' dir='ltr'>,βιασταὶ</span> <span class='ocrx_word' id='word_1_245' title='bbox 1175 1982 1545 2052; x_wconf 80' lang='grc' dir='ltr'><strong>ἁρπάζουσιν</strong></span> <span class='ocrx_word' id='word_1_246' title='bbox 1572 1983 1786 2051; x_wconf 81' lang='grc' dir='ltr'>αὐτήν.</span> 
     </span>
    </p>
   </div>
   <div class='ocr_carea' id='block_1_37' title="bbox 460 2094 1974 2169">
    <p class='ocr_par' dir='ltr' id='par_1_37' title="bbox 460 2094 1974 2169">
     <span class='ocr_line' id='line_1_38' title="bbox 460 2094 1974 2169; baseline -0.002 -18"><span class='ocrx_word' id='word_1_247' title='bbox 460 2098 645 2169; x_wconf 75' lang='grc' dir='ltr'>Φαμὲν</span> <span class='ocrx_word' id='word_1_248' title='bbox 673 2096 733 2150; x_wconf 83' lang='grc' dir='ltr'>τὸ</span> <span class='ocrx_word' id='word_1_249' title='bbox 760 2097 1115 2166; x_wconf 78' lang='grc' dir='ltr'><strong>μικρότερον</strong></span> <span class='ocrx_word' id='word_1_250' title='bbox 1154 2096 1284 2167; x_wconf 73' lang='grc' dir='ltr'>περὶ</span> <span class='ocrx_word' id='word_1_251' title='bbox 1312 2094 1476 2147; x_wconf 81' lang='grc' dir='ltr'>αὐτοῦ</span> <span class='ocrx_word' id='word_1_252' title='bbox 1507 2094 1684 2164; x_wconf 84' lang='grc' dir='ltr'>λέγειν</span> <span class='ocrx_word' id='word_1_253' title='bbox 1723 2095 1814 2148; x_wconf 78' lang='grc' dir='ltr'>τοῦ</span> <span class='ocrx_word' id='word_1_254' title='bbox 1841 2098 1974 2168; x_wconf 89' lang='grc' dir='ltr'>Χρι-</span> 
     </span>
    </p>
   </div>
   <div class='ocr_carea' id='block_1_38' title="bbox 393 2186 1971 2261">
    <p class='ocr_par' dir='ltr' id='par_1_38' title="bbox 393 2186 1971 2261">
     <span class='ocr_line' id='line_1_39' title="bbox 393 2186 1971 2261; baseline -0.001 -18"><span class='ocrx_word' id='word_1_255' title='bbox 393 2189 541 2243; x_wconf 79' lang='grc' dir='ltr'><strong>στοῦο</strong></span> <span class='ocrx_word' id='word_1_256' title='bbox 596 2189 916 2261; x_wconf 83' lang='grc' dir='ltr'>μικρότερον</span> <span class='ocrx_word' id='word_1_257' title='bbox 957 2188 1014 2241; x_wconf 89' lang='grc' dir='ltr'>δὲ</span> <span class='ocrx_word' id='word_1_258' title='bbox 1059 2187 1201 2242; x_wconf 83' lang='grc' dir='ltr'>κατὰ</span> <span class='ocrx_word' id='word_1_259' title='bbox 1233 2186 1329 2258; x_wconf 81' lang='grc' dir='ltr'><strong>τὴν</strong></span> <span class='ocrx_word' id='word_1_260' title='bbox 1362 2187 1581 2257; x_wconf 85' lang='grc' dir='ltr'>δόκησιν</span> <span class='ocrx_word' id='word_1_261' title='bbox 1608 2187 1715 2242; x_wconf 88' lang='grc' dir='ltr'><strong>τῶν</strong></span> <span class='ocrx_word' id='word_1_262' title='bbox 1744 2189 1971 2242; x_wconf 69' lang='grc' dir='ltr'>ἀκουόν-</span> 
     </span>
    </p>
   </div>
   <div class='ocr_carea' id='block_1_39' title="bbox 389 2277 1972 2350">
    <p class='ocr_par' dir='ltr' id='par_1_39' title="bbox 389 2277 1972 2350">
     <span class='ocr_line' id='line_1_40' title="bbox 389 2277 1972 2350; baseline 0 -16"><span class='ocrx_word' id='word_1_263' title='bbox 389 2299 519 2337; x_wconf 90' lang='grc' dir='ltr'>των.</span> <span class='ocrx_word' id='word_1_264' title='bbox 548 2281 622 2334; x_wconf 86' lang='grc' dir='ltr'><strong>Τὸ</strong></span> <span class='ocrx_word' id='word_1_265' title='bbox 643 2282 719 2347; x_wconf 88' lang='grc' dir='ltr'><strong>δέ,</strong></span> <span class='ocrx_word' id='word_1_266' title='bbox 750 2281 819 2334; x_wconf 83' lang='grc' dir='ltr'>ἐν</span> <span class='ocrx_word' id='word_1_267' title='bbox 846 2279 921 2348; x_wconf 78' lang='grc' dir='ltr'>τῇ</span> <span class='ocrx_word' id='word_1_268' title='bbox 943 2280 1233 2348; x_wconf 75' lang='grc' dir='ltr'>βασιλείῃ</span> <span class='ocrx_word' id='word_1_269' title='bbox 1264 2277 1381 2332; x_wconf 75' lang='grc' dir='ltr'><strong>τῶν</strong></span> <span class='ocrx_word' id='word_1_270' title='bbox 1410 2278 1701 2348; x_wconf 84' lang='grc' dir='ltr'>οὐρανῶν,</span> <span class='ocrx_word' id='word_1_271' title='bbox 1737 2280 1884 2350; x_wconf 88' lang='grc' dir='ltr'><strong>δηλοί</strong></span> <span class='ocrx_word' id='word_1_272' title='bbox 1914 2283 1972 2334; x_wconf 86' lang='grc' dir='ltr'><strong>ἐν</strong></span> 
     </span>
    </p>
   </div>
   <div class='ocr_carea' id='block_1_40' title="bbox 388 2372 1970 2443">
    <p class='ocr_par' dir='ltr' id='par_1_40' title="bbox 388 2372 1970 2443">
     <span class='ocr_line' id='line_1_41' title="bbox 388 2372 1970 2443; baseline 0 -17"><span class='ocrx_word' id='word_1_273' title='bbox 388 2377 502 2437; x_wconf 85' lang='grc' dir='ltr'>τοῖς</span> <span class='ocrx_word' id='word_1_274' title='bbox 534 2375 946 2442; x_wconf 85' lang='grc' dir='ltr'>πνευματικοῖς,</span> <span class='ocrx_word' id='word_1_275' title='bbox 985 2374 1080 2425; x_wconf 75' lang='grc' dir='ltr'>καὶ</span> <span class='ocrx_word' id='word_1_276' title='bbox 1120 2375 1178 2424; x_wconf 89' lang='grc' dir='ltr'><strong>ἐν</strong></span> <span class='ocrx_word' id='word_1_277' title='bbox 1228 2374 1342 2435; x_wconf 88' lang='grc' dir='ltr'>τοῖς</span> <span class='ocrx_word' id='word_1_278' title='bbox 1383 2373 1503 2425; x_wconf 86' lang='grc' dir='ltr'>κατ’</span> <span class='ocrx_word' id='word_1_279' title='bbox 1536 2372 1764 2443; x_wconf 81' lang='grc' dir='ltr'>οὐρανὸν</span> <span class='ocrx_word' id='word_1_280' title='bbox 1799 2375 1970 2428; x_wconf 76' lang='grc' dir='ltr'>ἅπασι</span> 
     </span>
    </p>
   </div>
   <div class='ocr_carea' id='block_1_41' title="bbox 387 2463 1966 2536">
    <p class='ocr_par' dir='ltr' id='par_1_41' title="bbox 387 2463 1966 2536">
     <span class='ocr_line' id='line_1_42' title="bbox 387 2463 1966 2536; baseline 0.001 -20"><span class='ocrx_word' id='word_1_281' title='bbox 387 2465 484 2516; x_wconf 79' lang='grc' dir='ltr'>καὶ</span> <span class='ocrx_word' id='word_1_282' title='bbox 518 2463 719 2526; x_wconf 88' lang='grc' dir='ltr'>θεῖκοῖς</span> <span class='ocrx_word' id='word_1_283' title='bbox 765 2464 988 2534; x_wconf 77' lang='grc' dir='ltr'>μείζονα</span> <span class='ocrx_word' id='word_1_284' title='bbox 1015 2463 1282 2534; x_wconf 85' lang='grc' dir='ltr'>ὑπάρχειν</span> <span class='ocrx_word' id='word_1_285' title='bbox 1327 2463 1536 2516; x_wconf 87' lang='grc' dir='ltr'>ἐκείνου</span> <span class='ocrx_word' id='word_1_286' title='bbox 1582 2463 1672 2516; x_wconf 87' lang='grc' dir='ltr'><strong>τὸν</strong></span> <span class='ocrx_word' id='word_1_287' title='bbox 1711 2465 1966 2536; x_wconf 86' lang='grc' dir='ltr'>Χριστόν.</span> 
     </span>
    </p>
   </div>
   <div class='ocr_carea' id='block_1_42' title="bbox 387 2553 1967 2628">
    <p class='ocr_par' dir='ltr' id='par_1_42' title="bbox 387 2553 1967 2628">
     <span class='ocr_line' id='line_1_43' title="bbox 387 2553 1967 2628; baseline 0.001 -20"><span class='ocrx_word' id='word_1_288' title='bbox 387 2555 576 2619; x_wconf 76' lang='grc' dir='ltr'>Οὕτως</span> <span class='ocrx_word' id='word_1_289' title='bbox 597 2556 654 2608; x_wconf 89' lang='grc' dir='ltr'><strong>δέ</strong></span> <span class='ocrx_word' id='word_1_290' title='bbox 680 2556 1105 2627; x_wconf 71' lang='grc' dir='ltr'>ἀναγνωτόμεθα</span> <span class='ocrx_word' id='word_1_291' title='bbox 1124 2596 1140 2621; x_wconf 97' lang='grc'><strong>,</strong></span> <span class='ocrx_word' id='word_1_292' title='bbox 1167 2557 1274 2622; x_wconf 85' lang='grc' dir='ltr'>ὅτι,</span> <span class='ocrx_word' id='word_1_293' title='bbox 1301 2557 1677 2625; x_wconf 83' lang='grc' dir='ltr'>Μικρότερος·</span> <span class='ocrx_word' id='word_1_294' title='bbox 1707 2553 1845 2622; x_wconf 78' lang='grc' dir='ltr'>εἶτα,</span> <span class='ocrx_word' id='word_1_295' title='bbox 1877 2575 1967 2628; x_wconf 84' lang='grc' dir='ltr'>μι-</span> 
     </span>
    </p>
   </div>
   <div class='ocr_carea' id='block_1_43' title="bbox 387 2647 1970 2719">
    <p class='ocr_par' dir='ltr' id='par_1_43' title="bbox 387 2647 1970 2719">
     <span class='ocr_line' id='line_1_44' title="bbox 387 2647 1970 2719; baseline 0.001 -19"><span class='ocrx_word' id='word_1_296' title='bbox 387 2647 518 2718; x_wconf 80' lang='grc' dir='ltr'>κρὸν</span> <span class='ocrx_word' id='word_1_297' title='bbox 566 2647 936 2712; x_wconf 82' lang='grc' dir='ltr'>διαλιπόντες,</span> <span class='ocrx_word' id='word_1_298' title='bbox 983 2647 1275 2719; x_wconf 76' lang='grc' dir='ltr'>ἐποίσομεν</span> <span class='ocrx_word' id='word_1_299' title='bbox 1311 2648 1405 2713; x_wconf 86' lang='grc' dir='ltr'><strong>τὸ,</strong></span> <span class='ocrx_word' id='word_1_300' title='bbox 1445 2649 1542 2702; x_wconf 88' lang='grc' dir='ltr'><strong>Ἐν</strong></span> <span class='ocrx_word' id='word_1_301' title='bbox 1580 2648 1656 2717; x_wconf 81' lang='grc' dir='ltr'>τῇ</span> <span class='ocrx_word' id='word_1_302' title='bbox 1678 2651 1970 2718; x_wconf 75' lang='grc' dir='ltr'>βασιλείᾳ</span> 
     </span>
    </p>
   </div>
   <div class='ocr_carea' id='block_1_44' title="bbox 383 2739 1969 2811">
    <p class='ocr_par' dir='ltr' id='par_1_44' title="bbox 383 2739 1969 2811">
     <span class='ocr_line' id='line_1_45' title="bbox 383 2739 1969 2811; baseline 0.001 -17"><span class='ocrx_word' id='word_1_303' title='bbox 383 2739 506 2794; x_wconf 78' lang='grc' dir='ltr'><strong>τῶν</strong></span> <span class='ocrx_word' id='word_1_304' title='bbox 538 2739 812 2808; x_wconf 84' lang='grc' dir='ltr'>οὐρανῶν</span> <span class='ocrx_word' id='word_1_305' title='bbox 831 2739 1044 2810; x_wconf 81' lang='grc' dir='ltr'>μείζων</span> <span class='ocrx_word' id='word_1_306' title='bbox 1071 2741 1260 2794; x_wconf 83' lang='grc' dir='ltr'>αὐτοῦ</span> <span class='ocrx_word' id='word_1_307' title='bbox 1291 2741 1482 2796; x_wconf 86' lang='grc' dir='ltr'>ἐστιν.</span> <span class='ocrx_word' id='word_1_308' title='bbox 1519 2742 1586 2794; x_wconf 87' lang='grc' dir='ltr'>Ἡ</span> <span class='ocrx_word' id='word_1_309' title='bbox 1627 2741 1684 2794; x_wconf 88' lang='grc' dir='ltr'>δὲ</span> <span class='ocrx_word' id='word_1_310' title='bbox 1720 2741 1969 2811; x_wconf 81' lang='grc' dir='ltr'>βασιλεία</span> 
     </span>
    </p>
   </div>
   <div class='ocr_carea' id='block_1_45' title="bbox 383 2831 1968 2907">
    <p class='ocr_par' dir='ltr' id='par_1_45' title="bbox 383 2831 1968 2907">
     <span class='ocr_line' id='line_1_46' title="bbox 383 2831 1968 2907; baseline 0.003 -22"><span class='ocrx_word' id='word_1_311' title='bbox 383 2848 491 2885; x_wconf 82' lang='grc' dir='ltr'>τι.ν</span> <span class='ocrx_word' id='word_1_312' title='bbox 518 2831 764 2901; x_wconf 78' lang='grc' dir='ltr'>οὐρανῶν</span> <span class='ocrx_word' id='word_1_313' title='bbox 808 2833 971 2895; x_wconf 81' lang='grc' dir='ltr'>αὐτός</span> <span class='ocrx_word' id='word_1_314' title='bbox 1000 2835 1144 2885; x_wconf 90' lang='grc' dir='ltr'>ἐστιν</span> <span class='ocrx_word' id='word_1_315' title='bbox 1172 2835 1200 2885; x_wconf 85' lang='grc' dir='ltr'>ὁ</span> <span class='ocrx_word' id='word_1_316' title='bbox 1229 2833 1464 2905; x_wconf 78' lang='grc' dir='ltr'>Χριστὸς</span> <span class='ocrx_word' id='word_1_317' title='bbox 1483 2875 1497 2899; x_wconf 95' lang='grc'><strong>,</strong></span> <span class='ocrx_word' id='word_1_318' title='bbox 1527 2836 1968 2907; x_wconf 88' lang='grc' dir='ltr'>προτρεπόμενος</span> 
     </span>
    </p>
   </div>
   <div class='ocr_carea' id='block_1_46' title="bbox 384 2922 1968 2998">
    <p class='ocr_par' dir='ltr' id='par_1_46' title="bbox 384 2922 1968 2998">
     <span class='ocr_line' id='line_1_47' title="bbox 384 2922 1968 2998; baseline 0.003 -22"><span class='ocrx_word' id='word_1_319' title='bbox 384 2922 592 2987; x_wconf 80' lang='grc' dir='ltr'>πάντας</span> <span class='ocrx_word' id='word_1_320' title='bbox 616 2925 695 2988; x_wconf 82' lang='grc' dir='ltr'><strong>είς</strong></span> <span class='ocrx_word' id='word_1_321' title='bbox 730 2923 1038 2994; x_wconf 88' lang='grc' dir='ltr'>μετάνοιαν,</span> <span class='ocrx_word' id='word_1_322' title='bbox 1076 2925 1170 2977; x_wconf 76' lang='grc' dir='ltr'><strong>καὶ</strong></span> <span class='ocrx_word' id='word_1_323' title='bbox 1206 2923 1379 2978; x_wconf 67' lang='grc' dir='ltr'>ἕλκων</span> <span class='ocrx_word' id='word_1_324' title='bbox 1414 2927 1494 2988; x_wconf 80' lang='grc' dir='ltr'>εἰς</span> <span class='ocrx_word' id='word_1_325' title='bbox 1523 2926 1712 2979; x_wconf 84' lang='grc' dir='ltr'>ἐαυτὸν</span> <span class='ocrx_word' id='word_1_326' title='bbox 1753 2927 1842 2981; x_wconf 80' lang='grc' dir='ltr'><strong>διὰ</strong></span> <span class='ocrx_word' id='word_1_327' title='bbox 1867 2927 1968 2998; x_wconf 82' lang='grc' dir='ltr'>τῆς</span> 
     </span>
    </p>
   </div>
   <div class='ocr_carea' id='block_1_47' title="bbox 377 3017 626 3089">
    <p class='ocr_par' dir='ltr' id='par_1_47' title="bbox 377 3017 626 3089">
     <span class='ocr_line' id='line_1_48' title="bbox 377 3017 626 3089; baseline 0.004 -20"><span class='ocrx_word' id='word_1_328' title='bbox 377 3017 626 3089; x_wconf 73' lang='grc' dir='ltr'>χάριτος.</span> 
     </span>
    </p>
   </div>
   <div class='ocr_carea' id='block_1_48' title="bbox 1015 3109 1320 3164">
    <p class='ocr_par' dir='ltr' id='par_1_48' title="bbox 1015 3109 1320 3164">
     <span class='ocr_line' id='line_1_49' title="bbox 1015 3109 1320 3164; baseline 0 -1"><span class='ocrx_word' id='word_1_329' title='bbox 1015 3110 1172 3164; x_wconf 79' lang='grc' dir='ltr'><strong>ΚΕΦ.</strong></span> <span class='ocrx_word' id='word_1_330' title='bbox 1223 3109 1320 3163; x_wconf 90' lang='lat' dir='ltr'><strong>IB&#39;.</strong></span> 
     </span>
    </p>
   </div>
   <div class='ocr_carea' id='block_1_49' title="bbox 2152 1908 3655 1980">
    <p class='ocr_par' dir='ltr' id='par_1_49' title="bbox 2152 1908 3655 1980">
     <span class='ocr_line' id='line_1_50' title="bbox 2152 1908 3655 1980; baseline -0.001 -18"><span class='ocrx_word' id='word_1_331' title='bbox 2152 1926 2271 1972; x_wconf 76' lang='lat' dir='ltr'><strong>nus,</strong></span> <span class='ocrx_word' id='word_1_332' title='bbox 2321 1924 2536 1980; x_wconf 60' lang='lat' dir='ltr'><strong>regnum</strong></span> <span class='ocrx_word' id='word_1_333' title='bbox 2577 1911 2825 1961; x_wconf 76' lang='lat' dir='ltr'><strong>caelorum</strong></span> <span class='ocrx_word' id='word_1_334' title='bbox 2868 1908 2914 1960; x_wconf 82' lang='lat' dir='ltr'><strong><em>vi</em></strong></span> <span class='ocrx_word' id='word_1_335' title='bbox 2959 1909 3170 1977; x_wconf 84' lang='lat' dir='ltr'><strong>agitur,</strong></span> <span class='ocrx_word' id='word_1_336' title='bbox 3217 1919 3267 1961; x_wconf 88' lang='lat' dir='ltr'><strong>et</strong></span> <span class='ocrx_word' id='word_1_337' title='bbox 3314 1909 3522 1962; x_wconf 84' lang='lat' dir='ltr'><strong>violenti</strong></span> <span class='ocrx_word' id='word_1_338' title='bbox 3564 1924 3655 1961; x_wconf 58' lang='lat' dir='ltr'><strong>rae</strong></span> 
     </span>
    </p>
   </div>
   <div class='ocr_carea' id='block_1_50' title="bbox 2145 1978 2494 2046">
    <p class='ocr_par' dir='ltr' id='par_1_50' title="bbox 2145 1978 2494 2046">
     <span class='ocr_line' id='line_1_51' title="bbox 2145 1978 2494 2046; baseline 0 -14"><span class='ocrx_word' id='word_1_339' title='bbox 2145 1981 2294 2046; x_wconf 83' lang='lat' dir='ltr'><strong>piunt</strong></span> <span class='ocrx_word' id='word_1_340' title='bbox 2338 1978 2494 2032; x_wconf 77' lang='lat' dir='ltr'><strong>illud.</strong></span> 
     </span>
    </p>
   </div>
   <div class='ocr_carea' id='block_1_51' title="bbox 2149 2089 3658 2160">
    <p class='ocr_par' dir='ltr' id='par_1_51' title="bbox 2149 2089 3658 2160">
     <span class='ocr_line' id='line_1_52' title="bbox 2149 2089 3658 2160; baseline 0.002 -15"><span class='ocrx_word' id='word_1_341' title='bbox 2149 2093 2424 2156; x_wconf 88' lang='lat' dir='ltr'><strong>Dicimus,</strong></span> <span class='ocrx_word' id='word_1_342' title='bbox 2469 2091 2722 2145; x_wconf 84' lang='lat' dir='ltr'><strong>minorem</strong></span> <span class='ocrx_word' id='word_1_343' title='bbox 2763 2090 2830 2146; x_wconf 92' lang='lat' dir='ltr'><strong>de</strong></span> <span class='ocrx_word' id='word_1_344' title='bbox 2876 2090 2993 2160; x_wconf 90' lang='lat' dir='ltr'><strong>ipso</strong></span> <span class='ocrx_word' id='word_1_345' title='bbox 3024 2089 3244 2146; x_wconf 85' lang='lat' dir='ltr'><strong>Christo</strong></span> <span class='ocrx_word' id='word_1_346' title='bbox 3291 2091 3510 2147; x_wconf 91' lang='lat' dir='ltr'><strong>dicere:</strong></span> <span class='ocrx_word' id='word_1_347' title='bbox 3555 2094 3658 2148; x_wconf 85' lang='lat' dir='ltr'><strong>mi-</strong></span> 
     </span>
    </p>
   </div>
   <div class='ocr_carea' id='block_1_52' title="bbox 2077 2182 3654 2252">
    <p class='ocr_par' dir='ltr' id='par_1_52' title="bbox 2077 2182 3654 2252">
     <span class='ocr_line' id='line_1_53' title="bbox 2077 2182 3654 2252; baseline 0.001 -14"><span class='ocrx_word' id='word_1_348' title='bbox 2077 2199 2266 2238; x_wconf 64' lang='lat' dir='ltr'><strong>norem</strong></span> <span class='ocrx_word' id='word_1_349' title='bbox 2324 2198 2518 2251; x_wconf 84' lang='lat' dir='ltr'><strong>nempe</strong></span> <span class='ocrx_word' id='word_1_350' title='bbox 2557 2182 2714 2251; x_wconf 80' lang='lat' dir='ltr'><strong>juxta</strong></span> <span class='ocrx_word' id='word_1_351' title='bbox 2749 2183 3058 2252; x_wconf 84' lang='lat' dir='ltr'><strong>Opinionem</strong></span> <span class='ocrx_word' id='word_1_352' title='bbox 3103 2184 3461 2238; x_wconf 88' lang='lat' dir='ltr'><strong>audientium.</strong></span> <span class='ocrx_word' id='word_1_353' title='bbox 3496 2185 3654 2252; x_wconf 86' lang='lat' dir='ltr'><strong>Illud,</strong></span> 
     </span>
    </p>
   </div>
   <div class='ocr_carea' id='block_1_53' title="bbox 2073 2274 3655 2345">
    <p class='ocr_par' dir='ltr' id='par_1_53' title="bbox 2073 2274 3655 2345">
     <span class='ocr_line' id='line_1_54' title="bbox 2073 2274 3655 2345; baseline 0.001 -17"><span class='ocrx_word' id='word_1_354' title='bbox 2073 2277 2127 2330; x_wconf 85' lang='lat' dir='ltr'><strong>in</strong></span> <span class='ocrx_word' id='word_1_355' title='bbox 2181 2291 2338 2345; x_wconf 86' lang='lat' dir='ltr'><strong>regno</strong></span> <span class='ocrx_word' id='word_1_356' title='bbox 2390 2274 2675 2338; x_wconf 70' lang='lat' dir='ltr'><strong>caelorum,</strong></span> <span class='ocrx_word' id='word_1_357' title='bbox 2728 2274 2934 2338; x_wconf 88' lang='lat' dir='ltr'><strong>innuit,</strong></span> <span class='ocrx_word' id='word_1_358' title='bbox 2966 2275 3016 2327; x_wconf 91' lang='lat' dir='ltr'><strong>in</strong></span> <span class='ocrx_word' id='word_1_359' title='bbox 3052 2274 3446 2344; x_wconf 85' lang='lat' dir='ltr'><strong>spiritualibus,</strong></span> <span class='ocrx_word' id='word_1_360' title='bbox 3493 2285 3550 2330; x_wconf 87' lang='lat' dir='ltr'><strong>et</strong></span> <span class='ocrx_word' id='word_1_361' title='bbox 3598 2277 3655 2330; x_wconf 91' lang='lat' dir='ltr'><strong>in</strong></span> 
     </span>
    </p>
   </div>
   <div class='ocr_carea' id='block_1_54' title="bbox 2073 2366 3653 2437">
    <p class='ocr_par' dir='ltr' id='par_1_54' title="bbox 2073 2366 3653 2437">
     <span class='ocr_line' id='line_1_55' title="bbox 2073 2366 3653 2437; baseline 0 -14"><span class='ocrx_word' id='word_1_362' title='bbox 2073 2369 2330 2423; x_wconf 89' lang='lat' dir='ltr'><strong>omnibus</strong></span> <span class='ocrx_word' id='word_1_363' title='bbox 2367 2383 2488 2437; x_wconf 81' lang='lat' dir='ltr'><strong>qua:</strong></span> <span class='ocrx_word' id='word_1_364' title='bbox 2533 2369 2600 2420; x_wconf 88' lang='lat' dir='ltr'><strong>ad</strong></span> <span class='ocrx_word' id='word_1_365' title='bbox 2633 2366 2830 2421; x_wconf 79' lang='lat' dir='ltr'><strong>ccelum</strong></span> <span class='ocrx_word' id='word_1_366' title='bbox 2864 2369 3139 2436; x_wconf 81' lang='lat' dir='ltr'><strong>pertinent</strong></span> <span class='ocrx_word' id='word_1_367' title='bbox 3173 2377 3229 2422; x_wconf 90' lang='lat' dir='ltr'><strong>et</strong></span> <span class='ocrx_word' id='word_1_368' title='bbox 3277 2383 3364 2422; x_wconf 89' lang='lat' dir='ltr'><strong>res</strong></span> <span class='ocrx_word' id='word_1_369' title='bbox 3407 2368 3614 2424; x_wconf 89' lang='lat' dir='ltr'><strong>divinas</strong></span> <span class='ocrx_word' id='word_1_370' title='bbox 3637 2409 3653 2434; x_wconf 96' lang='lat'><strong>,</strong></span> 
     </span>
    </p>
   </div>
   <div class='ocr_carea' id='block_1_55' title="bbox 2073 2458 3652 2532">
    <p class='ocr_par' dir='ltr' id='par_1_55' title="bbox 2073 2458 3652 2532">
     <span class='ocr_line' id='line_1_56' title="bbox 2073 2458 3652 2532; baseline 0.001 -17"><span class='ocrx_word' id='word_1_371' title='bbox 2073 2459 2331 2527; x_wconf 87' lang='lat' dir='ltr'><strong>majorem</strong></span> <span class='ocrx_word' id='word_1_372' title='bbox 2380 2459 2472 2514; x_wconf 91' lang='lat' dir='ltr'><strong>illo</strong></span> <span class='ocrx_word' id='word_1_373' title='bbox 2519 2475 2641 2515; x_wconf 84' lang='lat' dir='ltr'><strong>esse</strong></span> <span class='ocrx_word' id='word_1_374' title='bbox 2681 2458 2981 2514; x_wconf 91' lang='lat' dir='ltr'><strong>Christum.</strong></span> <span class='ocrx_word' id='word_1_375' title='bbox 3030 2459 3122 2515; x_wconf 84' lang='lat' dir='ltr'><strong>Sic</strong></span> <span class='ocrx_word' id='word_1_376' title='bbox 3166 2461 3331 2532; x_wconf 79' lang='lat' dir='ltr'><strong>igitur</strong></span> <span class='ocrx_word' id='word_1_377' title='bbox 3377 2460 3652 2528; x_wconf 75' lang='lat' dir='ltr'><strong>legemus,</strong></span> 
     </span>
    </p>
   </div>
   <div class='ocr_carea' id='block_1_56' title="bbox 2073 2554 3653 2625">
    <p class='ocr_par' dir='ltr' id='par_1_56' title="bbox 2073 2554 3653 2625">
     <span class='ocr_line' id='line_1_57' title="bbox 2073 2554 3653 2625; baseline 0.003 -16"><span class='ocrx_word' id='word_1_378' title='bbox 2073 2554 2289 2610; x_wconf 80' lang='lat' dir='ltr'><strong>Minor:</strong></span> <span class='ocrx_word' id='word_1_379' title='bbox 2323 2554 2514 2610; x_wconf 86' lang='lat' dir='ltr'><strong>deinde</strong></span> <span class='ocrx_word' id='word_1_380' title='bbox 2563 2555 2815 2625; x_wconf 91' lang='lat' dir='ltr'><strong>pusillum</strong></span> <span class='ocrx_word' id='word_1_381' title='bbox 2871 2557 3162 2625; x_wconf 89' lang='lat' dir='ltr'><strong>quodpiam</strong></span> <span class='ocrx_word' id='word_1_382' title='bbox 3197 2557 3547 2613; x_wconf 86' lang='lat' dir='ltr'><strong>interstitium</strong></span> <span class='ocrx_word' id='word_1_383' title='bbox 3597 2559 3653 2614; x_wconf 94' lang='lat' dir='ltr'><strong>in</strong></span> 
     </span>
    </p>
   </div>
   <div class='ocr_carea' id='block_1_57' title="bbox 2071 2649 3654 2719">
    <p class='ocr_par' dir='ltr' id='par_1_57' title="bbox 2071 2649 3654 2719">
     <span class='ocr_line' id='line_1_58' title="bbox 2071 2649 3654 2719; baseline 0.002 -16"><span class='ocrx_word' id='word_1_384' title='bbox 2071 2650 2510 2719; x_wconf 89' lang='lat' dir='ltr'><strong>pronuntiatione</strong></span> <span class='ocrx_word' id='word_1_385' title='bbox 2551 2649 2940 2719; x_wconf 87' lang='lat' dir='ltr'><strong>relinquentes,</strong></span> <span class='ocrx_word' id='word_1_386' title='bbox 2972 2653 3353 2707; x_wconf 86' lang='lat' dir='ltr'><strong>subnectemus</strong></span> <span class='ocrx_word' id='word_1_387' title='bbox 3383 2652 3546 2707; x_wconf 91' lang='lat' dir='ltr'><strong>illud:</strong></span> <span class='ocrx_word' id='word_1_388' title='bbox 3583 2649 3654 2706; x_wconf 84' lang='lat' dir='ltr'><strong>In</strong></span> 
     </span>
    </p>
   </div>
   <div class='ocr_carea' id='block_1_58' title="bbox 2071 2741 3654 2813">
    <p class='ocr_par' dir='ltr' id='par_1_58' title="bbox 2071 2741 3654 2813">
     <span class='ocr_line' id='line_1_59' title="bbox 2071 2741 3654 2813; baseline 0.003 -20"><span class='ocrx_word' id='word_1_389' title='bbox 2071 2759 2228 2812; x_wconf 88' lang='lat' dir='ltr'><strong>regno</strong></span> <span class='ocrx_word' id='word_1_390' title='bbox 2266 2743 2522 2796; x_wconf 72' lang='lat' dir='ltr'><strong>cmlorum</strong></span> <span class='ocrx_word' id='word_1_391' title='bbox 2551 2741 2727 2808; x_wconf 83' lang='lat' dir='ltr'><strong>maior</strong></span> <span class='ocrx_word' id='word_1_392' title='bbox 2755 2742 2848 2796; x_wconf 84' lang='lat' dir='ltr'><strong>illo</strong></span> <span class='ocrx_word' id='word_1_393' title='bbox 2879 2753 2978 2797; x_wconf 80' lang='lat' dir='ltr'><strong>est.</strong></span> <span class='ocrx_word' id='word_1_394' title='bbox 3021 2743 3190 2798; x_wconf 89' lang='lat' dir='ltr'><strong>Porro</strong></span> <span class='ocrx_word' id='word_1_395' title='bbox 3224 2759 3450 2813; x_wconf 83' lang='lat' dir='ltr'><strong>regnum</strong></span> <span class='ocrx_word' id='word_1_396' title='bbox 3479 2743 3654 2798; x_wconf 62' lang='grc' dir='ltr'>ταξιο-</span> 
     </span>
    </p>
   </div>
   <div class='ocr_carea' id='block_1_59' title="bbox 2070 2833 3652 2904">
    <p class='ocr_par' dir='ltr' id='par_1_59' title="bbox 2070 2833 3652 2904">
     <span class='ocr_line' id='line_1_60' title="bbox 2070 2833 3652 2904; baseline 0 -16"><span class='ocrx_word' id='word_1_397' title='bbox 2070 2850 2212 2898; x_wconf 90' lang='lat' dir='ltr'><strong>rum,</strong></span> <span class='ocrx_word' id='word_1_398' title='bbox 2242 2843 2326 2889; x_wconf 89' lang='lat' dir='ltr'><strong>est</strong></span> <span class='ocrx_word' id='word_1_399' title='bbox 2364 2834 2599 2904; x_wconf 88' lang='lat' dir='ltr'><strong>ipsemet</strong></span> <span class='ocrx_word' id='word_1_400' title='bbox 2637 2835 2912 2898; x_wconf 88' lang='lat' dir='ltr'><strong>Christus,</strong></span> <span class='ocrx_word' id='word_1_401' title='bbox 2965 2833 3056 2902; x_wconf 92' lang='lat' dir='ltr'><strong>qui</strong></span> <span class='ocrx_word' id='word_1_402' title='bbox 3096 2835 3419 2888; x_wconf 86' lang='lat' dir='ltr'><strong>adhortatur</strong></span> <span class='ocrx_word' id='word_1_403' title='bbox 3462 2848 3652 2889; x_wconf 87' lang='lat' dir='ltr'><strong>omnes</strong></span> 
     </span>
    </p>
   </div>
   <div class='ocr_carea' id='block_1_60' title="bbox 2069 2929 3645 2999">
    <p class='ocr_par' dir='ltr' id='par_1_60' title="bbox 2069 2929 3645 2999">
     <span class='ocr_line' id='line_1_61' title="bbox 2069 2929 3645 2999; baseline 0.001 -17"><span class='ocrx_word' id='word_1_404' title='bbox 2069 2929 2134 2983; x_wconf 89' lang='lat' dir='ltr'><strong>ad</strong></span> <span class='ocrx_word' id='word_1_405' title='bbox 2164 2929 2568 2999; x_wconf 60' lang='lat' dir='ltr'><strong>paenitentiam,</strong></span> <span class='ocrx_word' id='word_1_406' title='bbox 2599 2937 2654 2984; x_wconf 89' lang='lat' dir='ltr'><strong>et</strong></span> <span class='ocrx_word' id='word_1_407' title='bbox 2682 2929 2856 2983; x_wconf 88' lang='lat' dir='ltr'><strong>trahit</strong></span> <span class='ocrx_word' id='word_1_408' title='bbox 2895 2929 2962 2982; x_wconf 89' lang='lat' dir='ltr'><strong>ad</strong></span> <span class='ocrx_word' id='word_1_409' title='bbox 2990 2929 3227 2997; x_wconf 85' lang='lat' dir='ltr'><strong>seipsum</strong></span> <span class='ocrx_word' id='word_1_410' title='bbox 3261 2943 3361 2998; x_wconf 88' lang='lat' dir='ltr'><strong>per</strong></span> <span class='ocrx_word' id='word_1_411' title='bbox 3387 2929 3645 2999; x_wconf 83' lang='lat' dir='ltr'><strong>gratiam.</strong></span> 
     </span>
    </p>
   </div>
   <div class='ocr_carea' id='block_1_61' title="bbox 2705 3100 3014 3156">
    <p class='ocr_par' dir='ltr' id='par_1_61' title="bbox 2705 3100 3014 3156">
     <span class='ocr_line' id='line_1_62' title="bbox 2705 3100 3014 3156; baseline 0 0"><span class='ocrx_word' id='word_1_412' title='bbox 2705 3100 2853 3156; x_wconf 85' lang='lat' dir='ltr'><strong>CAP.</strong></span> <span class='ocrx_word' id='word_1_413' title='bbox 2903 3101 3014 3156; x_wconf 81' lang='lat' dir='ltr'><strong>XII.</strong></span> 
     </span>
    </p>
   </div>
   <div class='ocr_carea' id='block_1_62' title="bbox 382 3175 1967 3292">
    <p class='ocr_par' dir='ltr' id='par_1_62' title="bbox 382 3221 1960 3292">
     <span class='ocr_line' id='line_1_63' title="bbox 382 3221 1960 3292; baseline 0.004 -19"><span class='ocrx_word' id='word_1_414' title='bbox 382 3221 531 3292; x_wconf 86' lang='grc' dir='ltr'>Στιχ.</span> <span class='ocrx_word' id='word_1_415' title='bbox 563 3221 643 3275; x_wconf 85' lang='grc' dir='ltr'>ιδ’.</span> <span class='ocrx_word' id='word_1_416' title='bbox 677 3223 742 3275; x_wconf 83' lang='grc' dir='ltr'><em>Οἱ</em></span> <span class='ocrx_word' id='word_1_417' title='bbox 765 3221 834 3275; x_wconf 84' lang='grc' dir='ltr'>δὲ</span> <span class='ocrx_word' id='word_1_418' title='bbox 861 3222 1167 3290; x_wconf 83' lang='grc' dir='ltr'>Φαρισαῖοι</span> <span class='ocrx_word' id='word_1_419' title='bbox 1193 3223 1568 3292; x_wconf 79' lang='grc' dir='ltr'>συμϐούλιον</span> <span class='ocrx_word' id='word_1_420' title='bbox 1591 3222 1814 3280; x_wconf 78' lang='grc' dir='ltr'>ἔλαϐον</span> <span class='ocrx_word' id='word_1_421' title='bbox 1833 3226 1960 3279; x_wconf 83' lang='grc' dir='ltr'>κατ’</span> 
     </span>
    </p>
   </div>
   <div class='ocr_carea' id='block_1_63' title="bbox 2071 3175 3648 3292">
    <p class='ocr_par' dir='ltr' id='par_1_63' title="bbox 2071 3209 3648 3292">
     <span class='ocr_line' id='line_1_64' title="bbox 2071 3209 3648 3292; baseline 0.004 -27"><span class='ocrx_word' id='word_1_422' title='bbox 2071 3209 2135 3265; x_wconf 75' lang='grc' dir='ltr'><strong>ν.</strong></span> <span class='ocrx_word' id='word_1_423' title='bbox 2179 3212 2266 3267; x_wconf 74' lang='grc'><strong>14.</strong></span> <span class='ocrx_word' id='word_1_424' title='bbox 2287 3209 2565 3292; x_wconf 38' lang='lat' dir='ltr'><strong>.Pltariawi</strong></span> <span class='ocrx_word' id='word_1_425' title='bbox 2598 3222 2774 3292; x_wconf 55' lang='lat' dir='ltr'><strong>autem</strong></span> <span class='ocrx_word' id='word_1_426' title='bbox 2801 3213 3082 3292; x_wconf 72' lang='lat' dir='ltr'><strong>consilium</strong></span> <span class='ocrx_word' id='word_1_427' title='bbox 3111 3222 3364 3292; x_wconf 75' lang='lat' dir='ltr'><strong>inierunt,</strong></span> <span class='ocrx_word' id='word_1_428' title='bbox 3395 3214 3648 3272; x_wconf 74' lang='lat' dir='ltr'><strong>adversus</strong></span> 
     </span>
    </p>
   </div>
   <div class='ocr_carea' id='block_1_64' title="bbox 445 3293 1891 3359">
    <p class='ocr_par' dir='ltr' id='par_1_64' title="bbox 445 3293 1891 3359">
     <span class='ocr_line' id='line_1_65' title="bbox 445 3293 1891 3359; baseline 0.003 -15"><span class='ocrx_word' id='word_1_429' title='bbox 445 3293 638 3347; x_wconf 82' lang='grc' dir='ltr'>αὐτοῦ</span> <span class='ocrx_word' id='word_1_430' title='bbox 675 3293 1046 3359; x_wconf 75' lang='grc' dir='ltr'>ἐξελθόντες,</span> <span class='ocrx_word' id='word_1_431' title='bbox 1075 3293 1236 3358; x_wconf 86' lang='grc' dir='ltr'>ὅπως</span> <span class='ocrx_word' id='word_1_432' title='bbox 1265 3294 1452 3347; x_wconf 84' lang='grc' dir='ltr'>αὐτὸν</span> <span class='ocrx_word' id='word_1_433' title='bbox 1481 3295 1891 3350; x_wconf 84' lang='grc' dir='ltr'>ἀπολέσωσιν.</span> 
     </span>
    </p>
   </div>
   <div class='ocr_carea' id='block_1_65' title="bbox 455 3383 1964 3459">
    <p class='ocr_par' dir='ltr' id='par_1_65' title="bbox 455 3383 1964 3459">
     <span class='ocr_line' id='line_1_66' title="bbox 455 3383 1964 3459; baseline 0.003 -23"><span class='ocrx_word' id='word_1_434' title='bbox 455 3385 603 3455; x_wconf 84' lang='grc' dir='ltr'><strong>Ὅσῳ</strong></span> <span class='ocrx_word' id='word_1_435' title='bbox 645 3402 729 3448; x_wconf 90' lang='grc' dir='ltr'><strong>τις</strong></span> <span class='ocrx_word' id='word_1_436' title='bbox 772 3384 979 3453; x_wconf 78' lang='grc' dir='ltr'>ἐγγίζει</span> <span class='ocrx_word' id='word_1_437' title='bbox 1013 3384 1090 3455; x_wconf 85' lang='grc' dir='ltr'>τῷ</span> <span class='ocrx_word' id='word_1_438' title='bbox 1135 3383 1341 3455; x_wconf 79' lang='grc' dir='ltr'>Ἰησοῦ,</span> <span class='ocrx_word' id='word_1_439' title='bbox 1378 3385 1702 3457; x_wconf 75' lang='grc' dir='ltr'>συμϐούλιον</span> <span class='ocrx_word' id='word_1_440' title='bbox 1727 3388 1789 3440; x_wconf 83' lang='grc' dir='ltr'><strong>οὐ</strong></span> <span class='ocrx_word' id='word_1_441' title='bbox 1821 3388 1964 3459; x_wconf 82' lang='grc' dir='ltr'>λαμ-</span> 
     </span>
    </p>
   </div>
   <div class='ocr_carea' id='block_1_66' title="bbox 377 3473 1964 3550">
    <p class='ocr_par' dir='ltr' id='par_1_66' title="bbox 377 3473 1964 3550">
     <span class='ocr_line' id='line_1_67' title="bbox 377 3473 1964 3550; baseline 0.003 -21"><span class='ocrx_word' id='word_1_442' title='bbox 377 3473 554 3532; x_wconf 72' lang='grc' dir='ltr'>ϐάνει.</span> <span class='ocrx_word' id='word_1_443' title='bbox 588 3476 662 3527; x_wconf 80' lang='grc' dir='ltr'><strong>Οὐ</strong></span> <span class='ocrx_word' id='word_1_444' title='bbox 704 3474 812 3546; x_wconf 83' lang='grc' dir='ltr'>γὰρ</span> <span class='ocrx_word' id='word_1_445' title='bbox 851 3474 1060 3544; x_wconf 83' lang='grc' dir='ltr'>ἐγγίζει</span> <span class='ocrx_word' id='word_1_446' title='bbox 1107 3475 1185 3546; x_wconf 80' lang='grc' dir='ltr'><strong>τῷ</strong></span> <span class='ocrx_word' id='word_1_447' title='bbox 1243 3475 1418 3546; x_wconf 88' lang='grc' dir='ltr'>Ἰησοῦ</span> <span class='ocrx_word' id='word_1_448' title='bbox 1464 3479 1497 3547; x_wconf 82' lang='grc' dir='ltr'>ἡ</span> <span class='ocrx_word' id='word_1_449' title='bbox 1545 3478 1824 3550; x_wconf 80' lang='grc' dir='ltr'>συμϐουλὴ</span> <span class='ocrx_word' id='word_1_450' title='bbox 1856 3481 1964 3536; x_wconf 89' lang='grc' dir='ltr'><strong>τῶν</strong></span> 
     </span>
    </p>
   </div>
   <div class='ocr_carea' id='block_1_67' title="bbox 374 3567 1966 3642">
    <p class='ocr_par' dir='ltr' id='par_1_67' title="bbox 374 3567 1966 3642">
     <span class='ocr_line' id='line_1_68' title="bbox 374 3567 1966 3642; baseline 0.003 -20"><span class='ocrx_word' id='word_1_451' title='bbox 374 3567 588 3622; x_wconf 73' lang='grc' dir='ltr'>κακῶν.</span> <span class='ocrx_word' id='word_1_452' title='bbox 624 3568 751 3620; x_wconf 83' lang='grc' dir='ltr'><strong>Ὅτε</strong></span> <span class='ocrx_word' id='word_1_453' title='bbox 777 3568 834 3621; x_wconf 86' lang='grc' dir='ltr'><strong>δέ</strong></span> <span class='ocrx_word' id='word_1_454' title='bbox 865 3585 949 3631; x_wconf 90' lang='grc' dir='ltr'><strong>τις</strong></span> <span class='ocrx_word' id='word_1_455' title='bbox 980 3567 1074 3620; x_wconf 76' lang='grc' dir='ltr'>τοῦ</span> <span class='ocrx_word' id='word_1_456' title='bbox 1120 3568 1296 3640; x_wconf 89' lang='grc' dir='ltr'><strong>Ἰησοῦ</strong></span> <span class='ocrx_word' id='word_1_457' title='bbox 1331 3569 1550 3641; x_wconf 78' lang='grc' dir='ltr'>ἔρχεται</span> <span class='ocrx_word' id='word_1_458' title='bbox 1577 3569 1699 3636; x_wconf 77' lang='grc' dir='ltr'>ἔξω,</span> <span class='ocrx_word' id='word_1_459' title='bbox 1733 3573 1966 3642; x_wconf 76' lang='grc' dir='ltr'>συμϐού-</span> 
     </span>
    </p>
   </div>
   <div class='ocr_carea' id='block_1_68' title="bbox 379 3657 1963 3737">
    <p class='ocr_par' dir='ltr' id='par_1_68' title="bbox 379 3657 1963 3737">
     <span class='ocr_line' id='line_1_69' title="bbox 379 3657 1963 3737; baseline 0.004 -26"><span class='ocrx_word' id='word_1_460' title='bbox 379 3658 494 3711; x_wconf 87' lang='grc' dir='ltr'>λιον</span> <span class='ocrx_word' id='word_1_461' title='bbox 539 3657 806 3729; x_wconf 81' lang='grc' dir='ltr'>λαμϐάνει</span> <span class='ocrx_word' id='word_1_462' title='bbox 861 3659 954 3712; x_wconf 79' lang='grc' dir='ltr'>τοῦ</span> <span class='ocrx_word' id='word_1_463' title='bbox 1003 3659 1267 3714; x_wconf 82' lang='grc' dir='ltr'>ἀπολέσαι</span> <span class='ocrx_word' id='word_1_464' title='bbox 1307 3661 1367 3714; x_wconf 77' lang='grc' dir='ltr'>τὸ</span> <span class='ocrx_word' id='word_1_465' title='bbox 1413 3662 1549 3730; x_wconf 77' lang='grc' dir='ltr'>φῶς,</span> <span class='ocrx_word' id='word_1_466' title='bbox 1583 3662 1681 3734; x_wconf 83' lang='grc' dir='ltr'>τὴν</span> <span class='ocrx_word' id='word_1_467' title='bbox 1713 3664 1832 3718; x_wconf 83' lang='grc' dir='ltr'>ὁδὸν</span> <span class='ocrx_word' id='word_1_468' title='bbox 1864 3664 1963 3737; x_wconf 82' lang='grc' dir='ltr'>τὴν</span> 
     </span>
    </p>
   </div>
   <div class='ocr_carea' id='block_1_69' title="bbox 378 3747 1964 3825">
    <p class='ocr_par' dir='ltr' id='par_1_69' title="bbox 378 3747 1964 3825">
     <span class='ocr_line' id='line_1_70' title="bbox 378 3747 1964 3825; baseline 0.004 -23"><span class='ocrx_word' id='word_1_469' title='bbox 378 3747 614 3819; x_wconf 77' lang='grc' dir='ltr'>ἀγαθὴν,</span> <span class='ocrx_word' id='word_1_470' title='bbox 645 3747 744 3819; x_wconf 79' lang='grc' dir='ltr'>τὴν</span> <span class='ocrx_word' id='word_1_471' title='bbox 776 3747 941 3819; x_wconf 78' lang='grc' dir='ltr'>ζωὴν,</span> <span class='ocrx_word' id='word_1_472' title='bbox 975 3748 1066 3801; x_wconf 77' lang='grc' dir='ltr'><strong>τὸν</strong></span> <span class='ocrx_word' id='word_1_473' title='bbox 1085 3748 1374 3820; x_wconf 84' lang='grc' dir='ltr'>θησαυρὸν,</span> <span class='ocrx_word' id='word_1_474' title='bbox 1409 3751 1501 3804; x_wconf 81' lang='grc' dir='ltr'><strong>τὸν</strong></span> <span class='ocrx_word' id='word_1_475' title='bbox 1541 3754 1964 3825; x_wconf 82' lang='grc' dir='ltr'>μαρτυρήσαντα</span> 
     </span>
    </p>
   </div>
   <div class='ocr_carea' id='block_1_70' title="bbox 378 3839 1958 3923">
    <p class='ocr_par' dir='ltr' id='par_1_70' title="bbox 378 3839 1958 3923">
     <span class='ocr_line' id='line_1_71' title="bbox 378 3839 1958 3923; baseline 0.006 -31"><span class='ocrx_word' id='word_1_476' title='bbox 378 3841 478 3910; x_wconf 61' lang='grc' dir='ltr'>τὴν</span> <span class='ocrx_word' id='word_1_477' title='bbox 525 3839 766 3909; x_wconf 82' lang='grc' dir='ltr'>ἀγάπην,</span> <span class='ocrx_word' id='word_1_478' title='bbox 798 3839 896 3911; x_wconf 80' lang='grc' dir='ltr'>τὴν</span> <span class='ocrx_word' id='word_1_479' title='bbox 935 3842 1179 3912; x_wconf 78' lang='grc' dir='ltr'>εἰρήνην.</span> <span class='ocrx_word' id='word_1_480' title='bbox 1224 3840 1427 3896; x_wconf 82' lang='grc' dir='ltr'>Τοῦτον</span> <span class='ocrx_word' id='word_1_481' title='bbox 1463 3843 1528 3897; x_wconf 79' lang='grc' dir='ltr'>ἄν</span> <span class='ocrx_word' id='word_1_482' title='bbox 1570 3863 1655 3909; x_wconf 88' lang='grc' dir='ltr'><strong>τις</strong></span> <span class='ocrx_word' id='word_1_483' title='bbox 1695 3847 1958 3923; x_wconf 82' lang='grc' dir='ltr'>ἀπολέσῃ,</span> 
     </span>
    </p>
   </div>
   <div class='ocr_carea' id='block_1_71' title="bbox 378 3931 1082 3996">
    <p class='ocr_par' dir='ltr' id='par_1_71' title="bbox 378 3931 1082 3996">
     <span class='ocr_line' id='line_1_72' title="bbox 378 3931 1082 3996; baseline 0 -11"><span class='ocrx_word' id='word_1_484' title='bbox 378 3932 490 3996; x_wconf 87' lang='grc' dir='ltr'>υἱὸς</span> <span class='ocrx_word' id='word_1_485' title='bbox 517 3931 791 3994; x_wconf 84' lang='grc' dir='ltr'>ἀπωλείας</span> <span class='ocrx_word' id='word_1_486' title='bbox 821 3932 1082 3986; x_wconf 83' lang='grc' dir='ltr'>καλεῖται.</span> 
     </span>
    </p>
   </div>
   <div class='ocr_carea' id='block_1_72' title="bbox 461 4022 1874 4098">
    <p class='ocr_par' dir='ltr' id='par_1_72' title="bbox 461 4022 1874 4098">
     <span class='ocr_line' id='line_1_73' title="bbox 461 4022 1874 4098; baseline 0.008 -24"><span class='ocrx_word' id='word_1_487' title='bbox 461 4023 609 4092; x_wconf 88' lang='grc' dir='ltr'>Στιχ.</span> <span class='ocrx_word' id='word_1_488' title='bbox 645 4029 726 4076; x_wconf 88' lang='grc' dir='ltr'>ιε’.</span> <span class='ocrx_word' id='word_1_489' title='bbox 768 4023 820 4074; x_wconf 94' lang='grc' dir='ltr'><strong><em>Ὁ</em></strong></span> <span class='ocrx_word' id='word_1_490' title='bbox 849 4022 918 4077; x_wconf 84' lang='grc' dir='ltr'>δὲ</span> <span class='ocrx_word' id='word_1_491' title='bbox 961 4023 1212 4092; x_wconf 82' lang='grc' dir='ltr'>Ἰησοῦς,</span> <span class='ocrx_word' id='word_1_492' title='bbox 1242 4027 1425 4095; x_wconf 71' lang='grc' dir='ltr'>γνοὺς</span> <span class='ocrx_word' id='word_1_493' title='bbox 1458 4029 1874 4098; x_wconf 58' lang='grc' dir='ltr'>ἀπεχώρησεν.</span> 
     </span>
    </p>
   </div>
   <div class='ocr_carea' id='block_1_73' title="bbox 445 4115 1958 4197">
    <p class='ocr_par' dir='ltr' id='par_1_73' title="bbox 445 4115 1958 4197">
     <span class='ocr_line' id='line_1_74' title="bbox 445 4115 1958 4197; baseline 0.009 -31"><span class='ocrx_word' id='word_1_494' title='bbox 445 4115 562 4167; x_wconf 79' lang='grc' dir='ltr'>Οὐκ</span> <span class='ocrx_word' id='word_1_495' title='bbox 602 4115 708 4168; x_wconf 75' lang='grc' dir='ltr'>ἔδει</span> <span class='ocrx_word' id='word_1_496' title='bbox 759 4115 866 4188; x_wconf 79' lang='grc' dir='ltr'>γὰρ</span> <span class='ocrx_word' id='word_1_497' title='bbox 911 4117 1073 4170; x_wconf 85' lang='grc' dir='ltr'>αὐτὸν</span> <span class='ocrx_word' id='word_1_498' title='bbox 1126 4119 1308 4189; x_wconf 86' lang='grc' dir='ltr'>μένειν</span> <span class='ocrx_word' id='word_1_499' title='bbox 1360 4121 1499 4191; x_wconf 81' lang='grc' dir='ltr'>μετὰ</span> <span class='ocrx_word' id='word_1_500' title='bbox 1547 4122 1653 4177; x_wconf 87' lang='grc' dir='ltr'><strong>τῶν</strong></span> <span class='ocrx_word' id='word_1_501' title='bbox 1697 4124 1828 4180; x_wconf 83' lang='grc' dir='ltr'>υἱῶν</span> <span class='ocrx_word' id='word_1_502' title='bbox 1861 4127 1958 4197; x_wconf 80' lang='grc' dir='ltr'>τῆς</span> 
     </span>
    </p>
   </div>
   <div class='ocr_carea' id='block_1_74' title="bbox 375 4205 1961 4287">
    <p class='ocr_par' dir='ltr' id='par_1_74' title="bbox 375 4205 1961 4287">
     <span class='ocr_line' id='line_1_75' title="bbox 375 4205 1961 4287; baseline 0.006 -27"><span class='ocrx_word' id='word_1_503' title='bbox 375 4205 670 4270; x_wconf 82' lang='grc' dir='ltr'>ἀπωλείας.</span> <span class='ocrx_word' id='word_1_504' title='bbox 717 4207 942 4260; x_wconf 84' lang='grc' dir='ltr'>Ἐκεῖνοι</span> <span class='ocrx_word' id='word_1_505' title='bbox 985 4209 1298 4277; x_wconf 82' lang='grc' dir='ltr'>ἀπώλεσαν,</span> <span class='ocrx_word' id='word_1_506' title='bbox 1344 4214 1537 4283; x_wconf 80' lang='grc' dir='ltr'>ἡμεῖς,</span> <span class='ocrx_word' id='word_1_507' title='bbox 1574 4213 1648 4286; x_wconf 85' lang='grc' dir='ltr'>μὴ</span> <span class='ocrx_word' id='word_1_508' title='bbox 1691 4215 1961 4287; x_wconf 82' lang='grc' dir='ltr'>ζητήσαν-</span> 
     </span>
    </p>
   </div>
   <div class='ocr_carea' id='block_1_75' title="bbox 373 4299 1959 4379">
    <p class='ocr_par' dir='ltr' id='par_1_75' title="bbox 373 4299 1959 4379">
     <span class='ocr_line' id='line_1_76' title="bbox 373 4299 1959 4379; baseline 0.007 -27"><span class='ocrx_word' id='word_1_509' title='bbox 373 4316 486 4364; x_wconf 89' lang='grc' dir='ltr'>τες,</span> <span class='ocrx_word' id='word_1_510' title='bbox 519 4299 773 4372; x_wconf 80' lang='grc' dir='ltr'>εὖρομεν.</span> <span class='ocrx_word' id='word_1_511' title='bbox 806 4301 1079 4372; x_wconf 79' lang='grc' dir='ltr'><strong>Εὑρέθην</strong></span> <span class='ocrx_word' id='word_1_512' title='bbox 1108 4303 1238 4373; x_wconf 79' lang='grc' dir='ltr'>γὰρ,</span> <span class='ocrx_word' id='word_1_513' title='bbox 1278 4307 1432 4377; x_wconf 75' lang='grc' dir='ltr'>φησὶ,</span> <span class='ocrx_word' id='word_1_514' title='bbox 1469 4307 1593 4374; x_wconf 86' lang='grc' dir='ltr'>τοῖς</span> <span class='ocrx_word' id='word_1_515' title='bbox 1619 4308 1724 4377; x_wconf 85' lang='grc' dir='ltr'>ἐμὲ</span> <span class='ocrx_word' id='word_1_516' title='bbox 1751 4309 1838 4378; x_wconf 82' lang='grc' dir='ltr'><strong>μὴ</strong></span> <span class='ocrx_word' id='word_1_517' title='bbox 1866 4311 1959 4379; x_wconf 75' lang='grc' dir='ltr'><strong>ζη-</strong></span> 
     </span>
    </p>
   </div>
   <div class='ocr_carea' id='block_1_76' title="bbox 372 4392 1958 4470">
    <p class='ocr_par' dir='ltr' id='par_1_76' title="bbox 372 4392 1958 4470">
     <span class='ocr_line' id='line_1_77' title="bbox 372 4392 1958 4470; baseline 0.007 -25"><span class='ocrx_word' id='word_1_518' title='bbox 372 4392 588 4446; x_wconf 81' lang='grc' dir='ltr'>τοῦσιν</span> <span class='ocrx_word' id='word_1_519' title='bbox 610 4411 624 4424; x_wconf 75' lang='grc' dir='ltr'><strong><em>ο</em></strong></span> <span class='ocrx_word' id='word_1_520' title='bbox 674 4393 950 4463; x_wconf 67' lang='grc' dir='ltr'>ἐμφανὴς</span> <span class='ocrx_word' id='word_1_521' title='bbox 981 4396 1278 4466; x_wconf 82' lang='grc' dir='ltr'>ἐγενόμην</span> <span class='ocrx_word' id='word_1_522' title='bbox 1318 4398 1442 4464; x_wconf 83' lang='grc' dir='ltr'><strong>τοῖς</strong></span> <span class='ocrx_word' id='word_1_523' title='bbox 1476 4399 1581 4468; x_wconf 83' lang='grc' dir='ltr'>ἐμὲ</span> <span class='ocrx_word' id='word_1_524' title='bbox 1611 4400 1698 4469; x_wconf 85' lang='grc' dir='ltr'>μὴ</span> <span class='ocrx_word' id='word_1_525' title='bbox 1743 4401 1958 4470; x_wconf 86' lang='grc' dir='ltr'>ἐπερω-</span> 
     </span>
    </p>
   </div>
   <div class='ocr_carea' id='block_1_77' title="bbox 2281 3273 3452 3354">
    <p class='ocr_par' dir='ltr' id='par_1_77' title="bbox 2281 3273 3452 3354">
     <span class='ocr_line' id='line_1_78' title="bbox 2281 3273 3452 3354; baseline 0.003 -18"><span class='ocrx_word' id='word_1_526' title='bbox 2281 3284 2432 3336; x_wconf 82' lang='lat' dir='ltr'><strong>illum</strong></span> <span class='ocrx_word' id='word_1_527' title='bbox 2471 3273 2809 3354; x_wconf 76' lang='lat' dir='ltr'><strong>egredientes,</strong></span> <span class='ocrx_word' id='word_1_528' title='bbox 2851 3297 2904 3337; x_wconf 80' lang='lat' dir='ltr'><strong>ut</strong></span> <span class='ocrx_word' id='word_1_529' title='bbox 2955 3285 3124 3352; x_wconf 75' lang='lat' dir='ltr'><strong>ipsum</strong></span> <span class='ocrx_word' id='word_1_530' title='bbox 3158 3273 3452 3353; x_wconf 81' lang='lat' dir='ltr'><strong>perderent.</strong></span> 
     </span>
    </p>
   </div>
   <div class='ocr_carea' id='block_1_78' title="bbox 2138 3372 3647 3446">
    <p class='ocr_par' dir='ltr' id='par_1_78' title="bbox 2138 3372 3647 3446">
     <span class='ocr_line' id='line_1_79' title="bbox 2138 3372 3647 3446; baseline 0.004 -19"><span class='ocrx_word' id='word_1_531' title='bbox 2138 3372 2354 3440; x_wconf 80' lang='lat' dir='ltr'><strong>Quanto</strong></span> <span class='ocrx_word' id='word_1_532' title='bbox 2407 3376 2531 3445; x_wconf 91' lang='lat' dir='ltr'><strong>quis</strong></span> <span class='ocrx_word' id='word_1_533' title='bbox 2581 3375 2984 3446; x_wconf 85' lang='lat' dir='ltr'><strong>appropinquat</strong></span> <span class='ocrx_word' id='word_1_534' title='bbox 3029 3373 3157 3429; x_wconf 80' lang='lat' dir='ltr'><strong>Je‘su</strong></span> <span class='ocrx_word' id='word_1_535' title='bbox 3209 3377 3496 3432; x_wconf 87' lang='lat' dir='ltr'><strong>consilium</strong></span> <span class='ocrx_word' id='word_1_536' title='bbox 3538 3393 3647 3433; x_wconf 90' lang='lat' dir='ltr'><strong>non</strong></span> 
     </span>
    </p>
   </div>
   <div class='ocr_carea' id='block_1_79' title="bbox 2068 3463 3647 3538">
    <p class='ocr_par' dir='ltr' id='par_1_79' title="bbox 2068 3463 3647 3538">
     <span class='ocr_line' id='line_1_80' title="bbox 2068 3463 3647 3538; baseline 0.004 -20"><span class='ocrx_word' id='word_1_537' title='bbox 2068 3464 2185 3520; x_wconf 84' lang='lat' dir='ltr'><strong>init.</strong></span> <span class='ocrx_word' id='word_1_538' title='bbox 2227 3464 2341 3520; x_wconf 85' lang='lat' dir='ltr'><strong>Non</strong></span> <span class='ocrx_word' id='word_1_539' title='bbox 2377 3467 2520 3521; x_wconf 80' lang='lat' dir='ltr'><strong>enim</strong></span> <span class='ocrx_word' id='word_1_540' title='bbox 2556 3468 2955 3538; x_wconf 83' lang='lat' dir='ltr'><strong>appropinquat</strong></span> <span class='ocrx_word' id='word_1_541' title='bbox 3013 3463 3143 3522; x_wconf 84' lang='lat' dir='ltr'><strong>Jesu</strong></span> <span class='ocrx_word' id='word_1_542' title='bbox 3195 3469 3480 3523; x_wconf 87' lang='lat' dir='ltr'><strong>consilium</strong></span> <span class='ocrx_word' id='word_1_543' title='bbox 3525 3486 3647 3525; x_wconf 79' lang='lat' dir='ltr'><strong>ma-</strong></span> 
     </span>
    </p>
   </div>
   <div class='ocr_carea' id='block_1_80' title="bbox 2065 3557 3647 3629">
    <p class='ocr_par' dir='ltr' id='par_1_80' title="bbox 2065 3557 3647 3629">
     <span class='ocr_line' id='line_1_81' title="bbox 2065 3557 3647 3629; baseline 0.005 -17"><span class='ocrx_word' id='word_1_544' title='bbox 2065 3557 2261 3614; x_wconf 92' lang='lat' dir='ltr'><strong>lorum.</strong></span> <span class='ocrx_word' id='word_1_545' title='bbox 2303 3558 2376 3614; x_wconf 78' lang='lat' dir='ltr'><strong>At</strong></span> <span class='ocrx_word' id='word_1_546' title='bbox 2419 3561 2640 3628; x_wconf 86' lang='lat' dir='ltr'><strong>quando</strong></span> <span class='ocrx_word' id='word_1_547' title='bbox 2686 3560 2810 3628; x_wconf 91' lang='lat' dir='ltr'><strong>quis</strong></span> <span class='ocrx_word' id='word_1_548' title='bbox 2849 3571 3003 3614; x_wconf 85' lang='lat' dir='ltr'><strong>extra</strong></span> <span class='ocrx_word' id='word_1_549' title='bbox 3045 3559 3232 3615; x_wconf 86' lang='lat' dir='ltr'><strong>Jesum</strong></span> <span class='ocrx_word' id='word_1_550' title='bbox 3275 3563 3408 3629; x_wconf 86' lang='lat' dir='ltr'><strong>abit,</strong></span> <span class='ocrx_word' id='word_1_551' title='bbox 3461 3565 3647 3620; x_wconf 81' lang='lat' dir='ltr'><strong>consi-</strong></span> 
     </span>
    </p>
   </div>
   <div class='ocr_carea' id='block_1_81' title="bbox 2064 3649 3644 3726">
    <p class='ocr_par' dir='ltr' id='par_1_81' title="bbox 2064 3649 3644 3726">
     <span class='ocr_line' id='line_1_82' title="bbox 2064 3649 3644 3726; baseline 0.005 -22"><span class='ocrx_word' id='word_1_552' title='bbox 2064 3649 2197 3704; x_wconf 76' lang='lat' dir='ltr'><strong>lium</strong></span> <span class='ocrx_word' id='word_1_553' title='bbox 2249 3649 2351 3704; x_wconf 90' lang='lat' dir='ltr'><strong>iuit</strong></span> <span class='ocrx_word' id='word_1_554' title='bbox 2388 3652 2648 3719; x_wconf 85' lang='lat' dir='ltr'><strong>perdendi</strong></span> <span class='ocrx_word' id='word_1_555' title='bbox 2709 3653 2923 3716; x_wconf 90' lang='lat' dir='ltr'><strong>lumen,</strong></span> <span class='ocrx_word' id='word_1_556' title='bbox 2978 3653 3125 3707; x_wconf 90' lang='lat' dir='ltr'><strong>viam</strong></span> <span class='ocrx_word' id='word_1_557' title='bbox 3183 3657 3405 3719; x_wconf 87' lang='lat' dir='ltr'><strong>bonam,</strong></span> <span class='ocrx_word' id='word_1_558' title='bbox 3458 3658 3644 3726; x_wconf 88' lang='lat' dir='ltr'><strong>vitam,</strong></span> 
     </span>
    </p>
   </div>
   <div class='ocr_carea' id='block_1_82' title="bbox 2066 3742 3646 3816">
    <p class='ocr_par' dir='ltr' id='par_1_82' title="bbox 2066 3742 3646 3816">
     <span class='ocr_line' id='line_1_83' title="bbox 2066 3742 3646 3816; baseline 0.006 -22"><span class='ocrx_word' id='word_1_559' title='bbox 2066 3742 2403 3807; x_wconf 87' lang='lat' dir='ltr'><strong>thesaurum,</strong></span> <span class='ocrx_word' id='word_1_560' title='bbox 2430 3743 2798 3798; x_wconf 88' lang='lat' dir='ltr'><strong>testimonium</strong></span> <span class='ocrx_word' id='word_1_561' title='bbox 2830 3746 3205 3814; x_wconf 78' lang='lat' dir='ltr'><strong>perliibentem</strong></span> <span class='ocrx_word' id='word_1_562' title='bbox 3246 3747 3314 3801; x_wconf 89' lang='lat' dir='ltr'><strong>de</strong></span> <span class='ocrx_word' id='word_1_563' title='bbox 3343 3748 3646 3816; x_wconf 88' lang='lat' dir='ltr'><strong>charitate,</strong></span> 
     </span>
    </p>
   </div>
   <div class='ocr_carea' id='block_1_83' title="bbox 2063 3833 3648 3908">
    <p class='ocr_par' dir='ltr' id='par_1_83' title="bbox 2063 3833 3648 3908">
     <span class='ocr_line' id='line_1_84' title="bbox 2063 3833 3648 3908; baseline 0.004 -19"><span class='ocrx_word' id='word_1_564' title='bbox 2063 3849 2220 3903; x_wconf 86' lang='lat' dir='ltr'><strong>pace.</strong></span> <span class='ocrx_word' id='word_1_565' title='bbox 2262 3833 2419 3889; x_wconf 84' lang='lat' dir='ltr'><strong>Hunc</strong></span> <span class='ocrx_word' id='word_1_566' title='bbox 2458 3835 2504 3890; x_wconf 86' lang='lat' dir='ltr'><strong>si</strong></span> <span class='ocrx_word' id='word_1_567' title='bbox 2538 3836 2659 3904; x_wconf 87' lang='lat' dir='ltr'><strong>quis</strong></span> <span class='ocrx_word' id='word_1_568' title='bbox 2693 3837 2902 3905; x_wconf 87' lang='lat' dir='ltr'><strong>perdat,</strong></span> <span class='ocrx_word' id='word_1_569' title='bbox 2949 3837 3090 3893; x_wconf 84' lang='lat' dir='ltr'><strong>ﬁlius</strong></span> <span class='ocrx_word' id='word_1_570' title='bbox 3145 3839 3467 3908; x_wconf 90' lang='lat' dir='ltr'><strong>perditionis</strong></span> <span class='ocrx_word' id='word_1_571' title='bbox 3497 3844 3520 3872; x_wconf 71' lang='grc'>⁸</span> <span class='ocrx_word' id='word_1_572' title='bbox 3552 3857 3648 3897; x_wconf 81' lang='lat' dir='ltr'><strong>vo-</strong></span> 
     </span>
    </p>
   </div>
   <div class='ocr_carea' id='block_1_84' title="bbox 2062 3937 2241 3982">
    <p class='ocr_par' dir='ltr' id='par_1_84' title="bbox 2062 3937 2241 3982">
     <span class='ocr_line' id='line_1_85' title="bbox 2062 3937 2241 3982; baseline -0.006 -1"><span class='ocrx_word' id='word_1_573' title='bbox 2062 3937 2241 3982; x_wconf 87' lang='lat' dir='ltr'><strong>catur.</strong></span> 
     </span>
    </p>
   </div>
   <div class='ocr_carea' id='block_1_85' title="bbox 2157 4018 3562 4093">
    <p class='ocr_par' dir='ltr' id='par_1_85' title="bbox 2157 4018 3562 4093">
     <span class='ocr_line' id='line_1_86' title="bbox 2157 4018 3562 4093; baseline 0.006 -20"><span class='ocrx_word' id='word_1_574' title='bbox 2157 4018 2225 4074; x_wconf 70' lang='grc' dir='ltr'>γ.</span> <span class='ocrx_word' id='word_1_575' title='bbox 2262 4019 2347 4073; x_wconf 81' lang='grc'><strong>15.</strong></span> <span class='ocrx_word' id='word_1_576' title='bbox 2387 4019 2542 4074; x_wconf 71' lang='lat' dir='ltr'><strong>Iesus</strong></span> <span class='ocrx_word' id='word_1_577' title='bbox 2573 4031 2750 4075; x_wconf 89' lang='lat' dir='ltr'><strong>autem</strong></span> <span class='ocrx_word' id='word_1_578' title='bbox 2789 4038 2911 4076; x_wconf 85' lang='lat' dir='ltr'><strong>cum</strong></span> <span class='ocrx_word' id='word_1_579' title='bbox 2939 4026 3293 4093; x_wconf 77' lang='lat' dir='ltr'><strong>cognovisset,</strong></span> <span class='ocrx_word' id='word_1_580' title='bbox 3331 4027 3562 4081; x_wconf 77' lang='lat' dir='ltr'><strong>recessit.</strong></span> 
     </span>
    </p>
   </div>
   <div class='ocr_carea' id='block_1_86' title="bbox 2130 4095 3645 4188">
    <p class='ocr_par' dir='ltr' id='par_1_86' title="bbox 2130 4095 3645 4188">
     <span class='ocr_line' id='line_1_87' title="bbox 2130 4095 3645 4188; baseline 0.005 -24"><span class='ocrx_word' id='word_1_581' title='bbox 2130 4109 2248 4164; x_wconf 83' lang='lat' dir='ltr'><strong>Non</strong></span> <span class='ocrx_word' id='word_1_582' title='bbox 2285 4095 2428 4164; x_wconf 86' lang='lat' dir='ltr'><strong>enim</strong></span> <span class='ocrx_word' id='word_1_583' title='bbox 2471 4113 2703 4166; x_wconf 86' lang='lat' dir='ltr'><strong>decebat</strong></span> <span class='ocrx_word' id='word_1_584' title='bbox 2734 4113 2912 4182; x_wconf 91' lang='lat' dir='ltr'><strong>ipsum</strong></span> <span class='ocrx_word' id='word_1_585' title='bbox 2955 4130 3175 4170; x_wconf 87' lang='lat' dir='ltr'><strong>manere</strong></span> <span class='ocrx_word' id='word_1_586' title='bbox 3213 4132 3334 4170; x_wconf 92' lang='lat' dir='ltr'><strong>cum</strong></span> <span class='ocrx_word' id='word_1_587' title='bbox 3369 4117 3492 4171; x_wconf 81' lang='lat' dir='ltr'><strong>ﬁliis</strong></span> <span class='ocrx_word' id='word_1_588' title='bbox 3521 4134 3645 4188; x_wconf 87' lang='lat' dir='ltr'><strong>per-</strong></span> 
     </span>
    </p>
   </div>
   <div class='ocr_carea' id='block_1_87' title="bbox 2061 4201 3646 4276">
    <p class='ocr_par' dir='ltr' id='par_1_87' title="bbox 2061 4201 3646 4276">
     <span class='ocr_line' id='line_1_88' title="bbox 2061 4201 3646 4276; baseline 0.004 -21"><span class='ocrx_word' id='word_1_589' title='bbox 2061 4201 2307 4256; x_wconf 52' lang='lat' dir='ltr'><strong>ﬁlionis.</strong></span> <span class='ocrx_word' id='word_1_590' title='bbox 2353 4203 2431 4256; x_wconf 92' lang='lat' dir='ltr'><strong>llli</strong></span> <span class='ocrx_word' id='word_1_591' title='bbox 2476 4204 2860 4271; x_wconf 83' lang='lat' dir='ltr'><strong>perdiderunt,</strong></span> <span class='ocrx_word' id='word_1_592' title='bbox 2908 4221 3007 4259; x_wconf 90' lang='lat' dir='ltr'><strong>nos</strong></span> <span class='ocrx_word' id='word_1_593' title='bbox 3050 4222 3148 4260; x_wconf 90' lang='lat' dir='ltr'><strong>nec</strong></span> <span class='ocrx_word' id='word_1_594' title='bbox 3189 4219 3526 4276; x_wconf 64' lang='lat' dir='ltr'><strong>quaerentes,</strong></span> <span class='ocrx_word' id='word_1_595' title='bbox 3563 4209 3646 4263; x_wconf 89' lang='lat' dir='ltr'><strong>in-</strong></span> 
     </span>
    </p>
   </div>
   <div class='ocr_carea' id='block_1_88' title="bbox 2061 4291 3646 4368">
    <p class='ocr_par' dir='ltr' id='par_1_88' title="bbox 2061 4291 3646 4368">
     <span class='ocr_line' id='line_1_89' title="bbox 2061 4291 3646 4368; baseline 0.008 -25"><span class='ocrx_word' id='word_1_596' title='bbox 2061 4293 2308 4346; x_wconf 76' lang='lat' dir='ltr'><strong>venimus</strong></span> <span class='ocrx_word' id='word_1_597' title='bbox 2344 4309 2359 4344; x_wconf 91' lang='lat'><strong>:</strong></span> <span class='ocrx_word' id='word_1_598' title='bbox 2389 4291 2640 4346; x_wconf 80' lang='lat' dir='ltr'><strong>Inventus</strong></span> <span class='ocrx_word' id='word_1_599' title='bbox 2668 4297 2828 4358; x_wconf 88' lang='lat' dir='ltr'><strong>enim,</strong></span> <span class='ocrx_word' id='word_1_600' title='bbox 2853 4297 2949 4361; x_wconf 87' lang='lat' dir='ltr'><strong>ait,</strong></span> <span class='ocrx_word' id='word_1_601' title='bbox 2977 4313 3095 4350; x_wconf 77' lang='lat' dir='ltr'><strong>sum</strong></span> <span class='ocrx_word' id='word_1_602' title='bbox 3125 4303 3189 4350; x_wconf 90' lang='lat' dir='ltr'><strong>ab</strong></span> <span class='ocrx_word' id='word_1_603' title='bbox 3223 4298 3287 4352; x_wconf 77' lang='lat' dir='ltr'><strong>iis</strong></span> <span class='ocrx_word' id='word_1_604' title='bbox 3314 4301 3403 4368; x_wconf 85' lang='lat' dir='ltr'><strong>qui</strong></span> <span class='ocrx_word' id='word_1_605' title='bbox 3428 4315 3508 4353; x_wconf 87' lang='lat' dir='ltr'><strong>me</strong></span> <span class='ocrx_word' id='word_1_606' title='bbox 3541 4317 3646 4356; x_wconf 79' lang='lat' dir='ltr'><strong>non</strong></span> 
     </span>
    </p>
   </div>
   <div class='ocr_carea' id='block_1_89' title="bbox 2057 4381 3643 4455">
    <p class='ocr_par' dir='ltr' id='par_1_89' title="bbox 2057 4381 3643 4455">
     <span class='ocr_line' id='line_1_90' title="bbox 2057 4381 3643 4455; baseline 0.007 -23"><span class='ocrx_word' id='word_1_607' title='bbox 2057 4381 2396 4449; x_wconf 68' lang='lat' dir='ltr'><strong>quazrebant;</strong></span> <span class='ocrx_word' id='word_1_608' title='bbox 2432 4382 2744 4450; x_wconf 75' lang='lat' dir='ltr'><strong>manifestus</strong></span> <span class='ocrx_word' id='word_1_609' title='bbox 2776 4384 2858 4451; x_wconf 80' lang='lat' dir='ltr'><strong>[ui</strong></span> <span class='ocrx_word' id='word_1_610' title='bbox 2905 4385 2967 4438; x_wconf 83' lang='lat' dir='ltr'><strong>iis</strong></span> <span class='ocrx_word' id='word_1_611' title='bbox 3006 4386 3098 4455; x_wconf 85' lang='lat' dir='ltr'><strong>qui</strong></span> <span class='ocrx_word' id='word_1_612' title='bbox 3141 4403 3224 4441; x_wconf 86' lang='lat' dir='ltr'><strong>me</strong></span> <span class='ocrx_word' id='word_1_613' title='bbox 3272 4404 3378 4441; x_wconf 84' lang='lat' dir='ltr'><strong>non</strong></span> <span class='ocrx_word' id='word_1_614' title='bbox 3417 4391 3643 4442; x_wconf 83' lang='lat' dir='ltr'><strong>interro-</strong></span> 
     </span>
    </p>
   </div>
   <div class='ocr_carea' id='block_1_90' title="bbox 371 4473 1967 4568">
    <p class='ocr_par' dir='ltr' id='par_1_90' title="bbox 371 4479 1952 4560">
     <span class='ocr_line' id='line_1_91' title="bbox 371 4479 1952 4560; baseline 0.008 -26"><span class='ocrx_word' id='word_1_615' title='bbox 371 4479 577 4536; x_wconf 83' lang='grc' dir='ltr'>τῶσιν.</span> <span class='ocrx_word' id='word_1_616' title='bbox 610 4484 782 4547; x_wconf 82' lang='grc' dir='ltr'>Αὐτὸς</span> <span class='ocrx_word' id='word_1_617' title='bbox 809 4485 917 4556; x_wconf 85' lang='grc' dir='ltr'>γὰρ</span> <span class='ocrx_word' id='word_1_618' title='bbox 944 4481 1108 4556; x_wconf 76' lang='grc' dir='ltr'>ἦλθεν</span> <span class='ocrx_word' id='word_1_619' title='bbox 1131 4487 1224 4539; x_wconf 82' lang='grc' dir='ltr'><strong>ἐπὶ</strong></span> <span class='ocrx_word' id='word_1_620' title='bbox 1259 4486 1329 4541; x_wconf 76' lang='grc' dir='ltr'>τὰ</span> <span class='ocrx_word' id='word_1_621' title='bbox 1369 4489 1614 4560; x_wconf 76' lang='grc' dir='ltr'>πρόϐατα</span> <span class='ocrx_word' id='word_1_622' title='bbox 1638 4491 1706 4544; x_wconf 84' lang='grc' dir='ltr'>τὰ</span> <span class='ocrx_word' id='word_1_623' title='bbox 1739 4493 1952 4546; x_wconf 86' lang='grc' dir='ltr'>ἀπολω-</span> 
     </span>
    </p>
   </div>
   <div class='ocr_carea' id='block_1_91' title="bbox 2071 4473 3640 4568">
    <p class='ocr_par' dir='ltr' id='par_1_91' title="bbox 2071 4473 3640 4550">
     <span class='ocr_line' id='line_1_92' title="bbox 2071 4473 3640 4550; baseline 0.006 -25"><span class='ocrx_word' id='word_1_624' title='bbox 2071 4473 2250 4541; x_wconf 66' lang='lat' dir='ltr'><strong>ubam</strong></span> <span class='ocrx_word' id='word_1_625' title='bbox 2279 4473 2322 4526; x_wconf 83' lang='grc'>⁵.</span> <span class='ocrx_word' id='word_1_626' title='bbox 2358 4473 2476 4542; x_wconf 89' lang='lat' dir='ltr'><strong>Ipse</strong></span> <span class='ocrx_word' id='word_1_627' title='bbox 2515 4475 2658 4528; x_wconf 90' lang='lat' dir='ltr'><strong>enim</strong></span> <span class='ocrx_word' id='word_1_628' title='bbox 2709 4477 2845 4529; x_wconf 81' lang='lat' dir='ltr'><strong>venit</strong></span> <span class='ocrx_word' id='word_1_629' title='bbox 2894 4479 2963 4529; x_wconf 87' lang='lat' dir='ltr'><strong>ad</strong></span> <span class='ocrx_word' id='word_1_630' title='bbox 2993 4495 3107 4532; x_wconf 79' lang='lat' dir='ltr'><strong>oves</strong></span> <span class='ocrx_word' id='word_1_631' title='bbox 3149 4495 3266 4550; x_wconf 81' lang='lat' dir='ltr'><strong>qua:</strong></span> <span class='ocrx_word' id='word_1_632' title='bbox 3304 4482 3640 4549; x_wconf 65' lang='lat' dir='ltr'><strong>perierant“;</strong></span> 
     </span>
    </p>
   </div>
   <div class='ocr_carea' id='block_1_92' title="bbox 372 4571 1958 4653">
    <p class='ocr_par' dir='ltr' id='par_1_92' title="bbox 372 4571 1958 4653">
     <span class='ocr_line' id='line_1_93' title="bbox 372 4571 1958 4653; baseline 0.01 -29"><span class='ocrx_word' id='word_1_633' title='bbox 372 4571 522 4626; x_wconf 81' lang='grc' dir='ltr'>λότα’</span> <span class='ocrx_word' id='word_1_634' title='bbox 553 4575 707 4628; x_wconf 76' lang='grc' dir='ltr'>αὐτοὶ</span> <span class='ocrx_word' id='word_1_635' title='bbox 735 4575 792 4627; x_wconf 87' lang='grc' dir='ltr'>δὲ</span> <span class='ocrx_word' id='word_1_636' title='bbox 818 4576 1146 4630; x_wconf 88' lang='grc' dir='ltr'>ἐπελάθοντο</span> <span class='ocrx_word' id='word_1_637' title='bbox 1172 4578 1266 4632; x_wconf 82' lang='grc' dir='ltr'>τοῦ</span> <span class='ocrx_word' id='word_1_638' title='bbox 1312 4579 1442 4632; x_wconf 81' lang='grc' dir='ltr'>ἰδίου</span> <span class='ocrx_word' id='word_1_639' title='bbox 1486 4583 1764 4653; x_wconf 83' lang='grc' dir='ltr'>ποιμένος.</span> <span class='ocrx_word' id='word_1_640' title='bbox 1805 4586 1958 4639; x_wconf 81' lang='grc' dir='ltr'>Ἀνα-</span> 
     </span>
    </p>
   </div>
   <div class='ocr_carea' id='block_1_93' title="bbox 371 4664 1954 4746">
    <p class='ocr_par' dir='ltr' id='par_1_93' title="bbox 371 4664 1954 4746">
     <span class='ocr_line' id='line_1_94' title="bbox 371 4664 1954 4746; baseline 0.009 -29"><span class='ocrx_word' id='word_1_641' title='bbox 371 4667 558 4737; x_wconf 77' lang='grc' dir='ltr'>χωρεῖ,</span> <span class='ocrx_word' id='word_1_642' title='bbox 607 4667 667 4718; x_wconf 86' lang='grc' dir='ltr'>οὐ</span> <span class='ocrx_word' id='word_1_643' title='bbox 713 4664 898 4730; x_wconf 82' lang='grc' dir='ltr'>δεδιὼς</span> <span class='ocrx_word' id='word_1_644' title='bbox 943 4669 1044 4740; x_wconf 80' lang='grc' dir='ltr'><strong>τὴν</strong></span> <span class='ocrx_word' id='word_1_645' title='bbox 1087 4670 1402 4742; x_wconf 77' lang='grc' dir='ltr'>ἐπιϐουλὴν,</span> <span class='ocrx_word' id='word_1_646' title='bbox 1440 4672 1576 4726; x_wconf 85' lang='grc' dir='ltr'>ἀλλὰ</span> <span class='ocrx_word' id='word_1_647' title='bbox 1613 4675 1712 4746; x_wconf 83' lang='grc' dir='ltr'><strong>τὴν</strong></span> <span class='ocrx_word' id='word_1_648' title='bbox 1757 4678 1954 4733; x_wconf 88' lang='grc' dir='ltr'>κακίαν</span> 
     </span>
    </p>
   </div>
   <div class='ocr_carea' id='block_1_94' title="bbox 371 4755 1954 4836">
    <p class='ocr_par' dir='ltr' id='par_1_94' title="bbox 371 4755 1954 4836">
     <span class='ocr_line' id='line_1_95' title="bbox 371 4755 1954 4836; baseline 0.011 -28"><span class='ocrx_word' id='word_1_649' title='bbox 371 4755 728 4809; x_wconf 75' lang='grc' dir='ltr'>ἀναστέλλωνο</span> <span class='ocrx_word' id='word_1_650' title='bbox 767 4759 862 4812; x_wconf 61' lang='grc' dir='ltr'><strong>καὶ¹</strong></span> <span class='ocrx_word' id='word_1_651' title='bbox 893 4760 979 4812; x_wconf 83' lang='grc' dir='ltr'><strong>ἵνα</strong></span> <span class='ocrx_word' id='word_1_652' title='bbox 1017 4762 1090 4832; x_wconf 86' lang='grc' dir='ltr'>μή</span> <span class='ocrx_word' id='word_1_653' title='bbox 1122 4779 1205 4826; x_wconf 86' lang='grc' dir='ltr'><strong>τις</strong></span> <span class='ocrx_word' id='word_1_654' title='bbox 1243 4763 1399 4836; x_wconf 76' lang='grc' dir='ltr'>οἰηθῇ</span> <span class='ocrx_word' id='word_1_655' title='bbox 1442 4765 1530 4817; x_wconf 84' lang='grc' dir='ltr'>διὰ</span> <span class='ocrx_word' id='word_1_656' title='bbox 1561 4765 1761 4822; x_wconf 89' lang='grc' dir='ltr'>δειλίαν</span> <span class='ocrx_word' id='word_1_657' title='bbox 1791 4770 1954 4825; x_wconf 87' lang='grc' dir='ltr'>αὐτὸν</span> 
     </span>
    </p>
   </div>
   <div class='ocr_carea' id='block_1_95' title="bbox 370 4843 1952 4930">
    <p class='ocr_par' dir='ltr' id='par_1_95' title="bbox 370 4843 1952 4930">
     <span class='ocr_line' id='line_1_96' title="bbox 370 4843 1952 4930; baseline 0.014 -37"><span class='ocrx_word' id='word_1_658' title='bbox 370 4843 877 4916; x_wconf 85' lang='grc' dir='ltr'>ἁποκεχωρηκέναι,</span> <span class='ocrx_word' id='word_1_659' title='bbox 909 4847 1120 4913; x_wconf 87' lang='grc' dir='ltr'>πάντας</span> <span class='ocrx_word' id='word_1_660' title='bbox 1163 4846 1258 4904; x_wconf 83' lang='grc' dir='ltr'><strong>οὖν</strong></span> <span class='ocrx_word' id='word_1_661' title='bbox 1305 4851 1672 4925; x_wconf 86' lang='grc' dir='ltr'>ἐθεράπευσε,</span> <span class='ocrx_word' id='word_1_662' title='bbox 1713 4858 1810 4930; x_wconf 84' lang='grc' dir='ltr'><strong>τὴν</strong></span> <span class='ocrx_word' id='word_1_663' title='bbox 1845 4879 1952 4915; x_wconf 89' lang='grc' dir='ltr'>πα-</span> 
     </span>
    </p>
   </div>
   <div class='ocr_carea' id='block_1_96' title="bbox 369 4934 1950 5018">
    <p class='ocr_par' dir='ltr' id='par_1_96' title="bbox 369 4934 1950 5018">
     <span class='ocr_line' id='line_1_97' title="bbox 369 4934 1950 5018; baseline 0.012 -33"><span class='ocrx_word' id='word_1_664' title='bbox 369 4934 542 5004; x_wconf 84' lang='grc' dir='ltr'>ναλκῆ</span> <span class='ocrx_word' id='word_1_665' title='bbox 567 4935 734 4988; x_wconf 81' lang='grc' dir='ltr'>αὑτοῦ</span> <span class='ocrx_word' id='word_1_666' title='bbox 763 4937 1169 5010; x_wconf 84' lang='grc' dir='ltr'>ἐνδεικνύμενος</span> <span class='ocrx_word' id='word_1_667' title='bbox 1191 4942 1440 5014; x_wconf 81' lang='grc' dir='ltr'>δύναμιν.</span> <span class='ocrx_word' id='word_1_668' title='bbox 1467 4945 1612 5018; x_wconf 79' lang='grc' dir='ltr'>Πλὴν</span> <span class='ocrx_word' id='word_1_669' title='bbox 1634 4949 1950 5005; x_wconf 85' lang='grc' dir='ltr'>ὑποστέλλει</span> 
     </span>
    </p>
   </div>
   <div class='ocr_carea' id='block_1_97' title="bbox 368 5026 1784 5108">
    <p class='ocr_par' dir='ltr' id='par_1_97' title="bbox 368 5026 1784 5108">
     <span class='ocr_line' id='line_1_98' title="bbox 368 5026 1784 5108; baseline 0.012 -30"><span class='ocrx_word' id='word_1_670' title='bbox 368 5026 445 5099; x_wconf 77' lang='grc' dir='ltr'>μὴ</span> <span class='ocrx_word' id='word_1_671' title='bbox 474 5026 910 5100; x_wconf 88' lang='grc' dir='ltr'>δημοσιεύεσθαι,</span> <span class='ocrx_word' id='word_1_672' title='bbox 949 5029 1024 5095; x_wconf 85' lang='grc' dir='ltr'>ὡς</span> <span class='ocrx_word' id='word_1_673' title='bbox 1058 5035 1304 5108; x_wconf 78' lang='grc' dir='ltr'>ἐπιεικὴς</span> <span class='ocrx_word' id='word_1_674' title='bbox 1333 5037 1426 5090; x_wconf 77' lang='grc' dir='ltr'>καὶ</span> <span class='ocrx_word' id='word_1_675' title='bbox 1457 5038 1784 5108; x_wconf 78' lang='grc' dir='ltr'>ἀκενόδοξος.</span> 
     </span>
    </p>
   </div>
   <div class='ocr_carea' id='block_1_98' title="bbox 1013 5212 1312 5270">
    <p class='ocr_par' dir='ltr' id='par_1_98' title="bbox 1013 5212 1312 5270">
     <span class='ocr_line' id='line_1_99' title="bbox 1013 5212 1312 5270; baseline 0.017 -6"><span class='ocrx_word' id='word_1_676' title='bbox 1013 5212 1169 5268; x_wconf 81' lang='grc' dir='ltr'><strong>ΚΕΦ.</strong></span> <span class='ocrx_word' id='word_1_677' title='bbox 1212 5214 1312 5270; x_wconf 66' lang='grc' dir='ltr'><strong>ΙΓν.</strong></span> 
     </span>
    </p>
   </div>
   <div class='ocr_carea' id='block_1_99' title="bbox 365 5318 1946 5408">
    <p class='ocr_par' dir='ltr' id='par_1_99' title="bbox 365 5318 1946 5408">
     <span class='ocr_line' id='line_1_100' title="bbox 365 5318 1946 5408; baseline 0.011 -36"><span class='ocrx_word' id='word_1_678' title='bbox 365 5318 442 5390; x_wconf 86' lang='grc'><strong>(6)</strong></span> <span class='ocrx_word' id='word_1_679' title='bbox 472 5321 622 5392; x_wconf 87' lang='grc' dir='ltr'>Στιχ.</span> <span class='ocrx_word' id='word_1_680' title='bbox 651 5323 753 5392; x_wconf 68' lang='grc' dir='ltr'><strong>μδ.</strong></span> <span class='ocrx_word' id='word_1_681' title='bbox 797 5325 990 5408; x_wconf 68' lang='grc' dir='ltr'>Ὁμοία</span> <span class='ocrx_word' id='word_1_682' title='bbox 1027 5327 1270 5408; x_wconf 44' lang='grc' dir='ltr'>ἐστὶνίή</span> <span class='ocrx_word' id='word_1_683' title='bbox 1310 5331 1601 5408; x_wconf 76' lang='grc' dir='ltr'>,βασιλεία</span> <span class='ocrx_word' id='word_1_684' title='bbox 1624 5332 1744 5388; x_wconf 86' lang='grc' dir='ltr'><strong>τῶν</strong></span> <span class='ocrx_word' id='word_1_685' title='bbox 1767 5337 1946 5404; x_wconf 82' lang='grc' dir='ltr'>οὐρα-</span> 
     </span>
    </p>
   </div>
   <div class='ocr_carea' id='block_1_100' title="bbox 806 5400 1492 5468">
    <p class='ocr_par' dir='ltr' id='par_1_100' title="bbox 806 5400 1492 5468">
     <span class='ocr_line' id='line_1_101' title="bbox 806 5400 1492 5468; baseline 0.004 -15"><span class='ocrx_word' id='word_1_686' title='bbox 806 5400 930 5448; x_wconf 73' lang='grc' dir='ltr'>νῶν</span> <span class='ocrx_word' id='word_1_687' title='bbox 958 5400 1256 5468; x_wconf 81' lang='grc' dir='ltr'>θησαυρῷ,</span> <span class='ocrx_word' id='word_1_688' title='bbox 1286 5419 1339 5455; x_wconf 90' lang='grc' dir='ltr'><strong>κ.</strong></span> <span class='ocrx_word' id='word_1_689' title='bbox 1367 5420 1418 5456; x_wconf 89' lang='grc' dir='ltr'><strong>τ.</strong></span> <span class='ocrx_word' id='word_1_690' title='bbox 1445 5402 1492 5456; x_wconf 93' lang='grc' dir='ltr'><strong>λ.</strong></span> 
     </span>
    </p>
   </div>
   <div class='ocr_carea' id='block_1_101' title="bbox 432 5483 1947 5570">
    <p class='ocr_par' dir='ltr' id='par_1_101' title="bbox 432 5483 1947 5570">
     <span class='ocr_line' id='line_1_102' title="bbox 432 5483 1947 5570; baseline 0.011 -35"><span class='ocrx_word' id='word_1_691' title='bbox 432 5483 570 5536; x_wconf 88' lang='grc' dir='ltr'>Καθ’</span> <span class='ocrx_word' id='word_1_692' title='bbox 605 5485 798 5556; x_wconf 80' lang='grc' dir='ltr'>ἑτέραν</span> <span class='ocrx_word' id='word_1_693' title='bbox 841 5487 897 5541; x_wconf 86' lang='grc' dir='ltr'>δὲ</span> <span class='ocrx_word' id='word_1_694' title='bbox 938 5489 1162 5562; x_wconf 77' lang='grc' dir='ltr'>ἐκδοχὴν</span> <span class='ocrx_word' id='word_1_695' title='bbox 1205 5493 1290 5564; x_wconf 72' lang='grc' dir='ltr'>εἴη</span> <span class='ocrx_word' id='word_1_696' title='bbox 1335 5493 1379 5546; x_wconf 80' lang='grc' dir='ltr'>δ’</span> <span class='ocrx_word' id='word_1_697' title='bbox 1408 5493 1505 5560; x_wconf 83' lang='grc' dir='ltr'>ἂν,</span> <span class='ocrx_word' id='word_1_698' title='bbox 1547 5496 1716 5568; x_wconf 75' lang='grc' dir='ltr'>ἀγρὸς</span> <span class='ocrx_word' id='word_1_699' title='bbox 1768 5497 1867 5568; x_wconf 83' lang='grc' dir='ltr'><strong>μὲν</strong></span> <span class='ocrx_word' id='word_1_700' title='bbox 1915 5501 1947 5570; x_wconf 83' lang='grc' dir='ltr'><strong>ἡ</strong></span> 
     </span>
    </p>
   </div>
   <div class='ocr_carea' id='block_1_102' title="bbox 2061 4564 3637 4640">
    <p class='ocr_par' dir='ltr' id='par_1_102' title="bbox 2061 4564 3637 4640">
     <span class='ocr_line' id='line_1_103' title="bbox 2061 4564 3637 4640; baseline 0.008 -23"><span class='ocrx_word' id='word_1_701' title='bbox 2061 4573 2117 4618; x_wconf 89' lang='lat' dir='ltr'><strong>at</strong></span> <span class='ocrx_word' id='word_1_702' title='bbox 2163 4564 2237 4619; x_wconf 92' lang='lat' dir='ltr'><strong>illi</strong></span> <span class='ocrx_word' id='word_1_703' title='bbox 2281 4568 2485 4635; x_wconf 88' lang='lat' dir='ltr'><strong>proprii</strong></span> <span class='ocrx_word' id='word_1_704' title='bbox 2538 4569 2773 4637; x_wconf 84' lang='lat' dir='ltr'><strong>pastoris</strong></span> <span class='ocrx_word' id='word_1_705' title='bbox 2815 4569 2966 4624; x_wconf 89' lang='lat' dir='ltr'><strong>obliti</strong></span> <span class='ocrx_word' id='word_1_706' title='bbox 3014 4581 3158 4625; x_wconf 91' lang='lat' dir='ltr'><strong>sunt.</strong></span> <span class='ocrx_word' id='word_1_707' title='bbox 3201 4571 3479 4640; x_wconf 85' lang='lat' dir='ltr'><strong>_Recedit,</strong></span> <span class='ocrx_word' id='word_1_708' title='bbox 3529 4591 3637 4630; x_wconf 90' lang='lat' dir='ltr'><strong>non</strong></span> 
     </span>
    </p>
   </div>
   <div class='ocr_carea' id='block_1_103' title="bbox 2059 4655 3653 4732">
    <p class='ocr_par' dir='ltr' id='par_1_103' title="bbox 2059 4655 3653 4732">
     <span class='ocr_line' id='line_1_104' title="bbox 2059 4655 3653 4732; baseline 0.008 -25"><span class='ocrx_word' id='word_1_709' title='bbox 2059 4656 2268 4710; x_wconf 82' lang='lat' dir='ltr'><strong>veritus</strong></span> <span class='ocrx_word' id='word_1_710' title='bbox 2311 4657 2568 4723; x_wconf 86' lang='lat' dir='ltr'><strong>insidias,</strong></span> <span class='ocrx_word' id='word_1_711' title='bbox 2619 4659 2714 4712; x_wconf 82' lang='lat' dir='ltr'><strong>sed</strong></span> <span class='ocrx_word' id='word_1_712' title='bbox 2770 4659 3172 4727; x_wconf 86' lang='lat' dir='ltr'><strong>improbitatem</strong></span> <span class='ocrx_word' id='word_1_713' title='bbox 3230 4655 3653 4732; x_wconf 52' lang='lat' dir='ltr'><strong>comprimensa</strong></span> 
     </span>
    </p>
   </div>
   <div class='ocr_carea' id='block_1_104' title="bbox 2057 4749 3642 4823">
    <p class='ocr_par' dir='ltr' id='par_1_104' title="bbox 2057 4749 3642 4823">
     <span class='ocr_line' id='line_1_105' title="bbox 2057 4749 3642 4823; baseline 0.008 -23"><span class='ocrx_word' id='word_1_714' title='bbox 2057 4756 2112 4800; x_wconf 87' lang='lat' dir='ltr'><strong>et</strong></span> <span class='ocrx_word' id='word_1_715' title='bbox 2151 4758 2209 4801; x_wconf 88' lang='lat' dir='ltr'><strong>ut</strong></span> <span class='ocrx_word' id='word_1_716' title='bbox 2265 4763 2333 4803; x_wconf 91' lang='lat' dir='ltr'><strong>ne</strong></span> <span class='ocrx_word' id='word_1_717' title='bbox 2387 4749 2510 4819; x_wconf 88' lang='lat' dir='ltr'><strong>quis</strong></span> <span class='ocrx_word' id='word_1_718' title='bbox 2556 4760 2838 4820; x_wconf 89' lang='lat' dir='ltr'><strong>reputaret</strong></span> <span class='ocrx_word' id='word_1_719' title='bbox 2884 4764 3105 4823; x_wconf 91' lang='lat' dir='ltr'><strong>propter</strong></span> <span class='ocrx_word' id='word_1_720' title='bbox 3146 4765 3348 4809; x_wconf 91' lang='lat' dir='ltr'><strong>metum</strong></span> <span class='ocrx_word' id='word_1_721' title='bbox 3384 4771 3507 4811; x_wconf 90' lang='lat' dir='ltr'><strong>eum</strong></span> <span class='ocrx_word' id='word_1_722' title='bbox 3553 4773 3642 4814; x_wconf 84' lang='lat' dir='ltr'><strong>re-</strong></span> 
     </span>
    </p>
   </div>
   <div class='ocr_carea' id='block_1_105' title="bbox 2059 4839 3636 4926">
    <p class='ocr_par' dir='ltr' id='par_1_105' title="bbox 2059 4839 3636 4926">
     <span class='ocr_line' id='line_1_106' title="bbox 2059 4839 3636 4926; baseline 0.009 -33"><span class='ocrx_word' id='word_1_723' title='bbox 2059 4839 2326 4905; x_wconf 88' lang='lat' dir='ltr'><strong>cessisse,</strong></span> <span class='ocrx_word' id='word_1_724' title='bbox 2380 4855 2572 4896; x_wconf 91' lang='lat' dir='ltr'><strong>onmes</strong></span> <span class='ocrx_word' id='word_1_725' title='bbox 2618 4842 2870 4909; x_wconf 89' lang='lat' dir='ltr'><strong>equidem</strong></span> <span class='ocrx_word' id='word_1_726' title='bbox 2913 4845 3158 4910; x_wconf 88' lang='lat' dir='ltr'><strong>curavit,</strong></span> <span class='ocrx_word' id='word_1_727' title='bbox 3211 4849 3636 4926; x_wconf 72' lang='lat' dir='ltr'><strong>omnipotentem</strong></span> 
     </span>
    </p>
   </div>
   <div class='ocr_carea' id='block_1_106' title="bbox 2057 4931 3638 4998">
    <p class='ocr_par' dir='ltr' id='par_1_106' title="bbox 2057 4931 3638 4998">
     <span class='ocr_line' id='line_1_107' title="bbox 2057 4931 3638 4998; baseline 0.009 -15"><span class='ocrx_word' id='word_1_728' title='bbox 2057 4931 2316 4986; x_wconf 86' lang='lat' dir='ltr'><strong>virtutem</strong></span> <span class='ocrx_word' id='word_1_729' title='bbox 2361 4948 2514 4987; x_wconf 86' lang='lat' dir='ltr'><strong>suam</strong></span> <span class='ocrx_word' id='word_1_730' title='bbox 2558 4937 2876 4989; x_wconf 89' lang='lat' dir='ltr'><strong>ostendens.</strong></span> <span class='ocrx_word' id='word_1_731' title='bbox 2933 4936 3318 4994; x_wconf 83' lang='lat' dir='ltr'><strong>Verumtamen</strong></span> <span class='ocrx_word' id='word_1_732' title='bbox 3369 4953 3524 4998; x_wconf 83' lang='lat' dir='ltr'><strong>cavet</strong></span> <span class='ocrx_word' id='word_1_733' title='bbox 3569 4957 3638 4998; x_wconf 88' lang='lat' dir='ltr'><strong>ne</strong></span> 
     </span>
    </p>
   </div>
   <div class='ocr_carea' id='block_1_107' title="bbox 2069 5013 3647 5105">
    <p class='ocr_par' dir='ltr' id='par_1_107' title="bbox 2069 5013 3647 5105">
     <span class='ocr_line' id='line_1_108' title="bbox 2069 5013 3647 5105; baseline 0.012 -34"><span class='ocrx_word' id='word_1_734' title='bbox 2069 5013 2398 5087; x_wconf 78' lang='lat' dir='ltr'><strong>publicétur,</strong></span> <span class='ocrx_word' id='word_1_735' title='bbox 2439 5034 2696 5094; x_wconf 85' lang='lat' dir='ltr'><strong>tanquam</strong></span> <span class='ocrx_word' id='word_1_736' title='bbox 2733 5036 3050 5084; x_wconf 89' lang='lat' dir='ltr'><strong>mansuetus</strong></span> <span class='ocrx_word' id='word_1_737' title='bbox 3098 5030 3368 5099; x_wconf 85' lang='lat' dir='ltr'><strong>videlicet,</strong></span> <span class='ocrx_word' id='word_1_738' title='bbox 3417 5042 3472 5089; x_wconf 91' lang='lat' dir='ltr'><strong>et</strong></span> <span class='ocrx_word' id='word_1_739' title='bbox 3513 5034 3647 5105; x_wconf 67' lang='grc' dir='ltr'><strong>κιο-¹</strong></span> 
     </span>
    </p>
   </div>
   <div class='ocr_carea' id='block_1_108' title="bbox 2061 5115 2449 5186">
    <p class='ocr_par' dir='ltr' id='par_1_108' title="bbox 2061 5115 2449 5186">
     <span class='ocr_line' id='line_1_109' title="bbox 2061 5115 2449 5186; baseline 0.015 -20"><span class='ocrx_word' id='word_1_740' title='bbox 2061 5115 2152 5167; x_wconf 70' lang='lat' dir='ltr'><strong>riae</strong></span> <span class='ocrx_word' id='word_1_741' title='bbox 2190 5115 2449 5186; x_wconf 80' lang='lat' dir='ltr'><strong>fugitans.</strong></span> 
     </span>
    </p>
   </div>
   <div class='ocr_carea' id='block_1_109' title="bbox 2680 5232 3007 5295">
    <p class='ocr_par' dir='ltr' id='par_1_109' title="bbox 2680 5232 3007 5295">
     <span class='ocr_line' id='line_1_110' title="bbox 2680 5232 3007 5295; baseline 0.024 -10"><span class='ocrx_word' id='word_1_742' title='bbox 2680 5232 2835 5288; x_wconf 85' lang='lat' dir='ltr'><strong>CAP.</strong></span> <span class='ocrx_word' id='word_1_743' title='bbox 2871 5235 3007 5295; x_wconf 84' lang='lat' dir='ltr'><strong>XIII.</strong></span> 
     </span>
    </p>
   </div>
   <div class='ocr_carea' id='block_1_110' title="bbox 2102 5342 3600 5420">
    <p class='ocr_par' dir='ltr' id='par_1_110' title="bbox 2102 5342 3600 5420">
     <span class='ocr_line' id='line_1_111' title="bbox 2102 5342 3600 5420; baseline 0.01 -26"><span class='ocrx_word' id='word_1_744' title='bbox 2102 5342 2166 5396; x_wconf 73' lang='grc' dir='ltr'><strong>ν.</strong></span> <span class='ocrx_word' id='word_1_745' title='bbox 2199 5343 2289 5397; x_wconf 71' lang='grc'>44.</span> <span class='ocrx_word' id='word_1_746' title='bbox 2327 5343 2514 5400; x_wconf 86' lang='lat' dir='ltr'><strong>Simile</strong></span> <span class='ocrx_word' id='word_1_747' title='bbox 2545 5359 2621 5402; x_wconf 75' lang='lat' dir='ltr'><strong>est</strong></span> <span class='ocrx_word' id='word_1_748' title='bbox 2662 5366 2879 5420; x_wconf 85' lang='lat' dir='ltr'><strong>regnum</strong></span> <span class='ocrx_word' id='word_1_749' title='bbox 2911 5353 3159 5406; x_wconf 75' lang='lat' dir='ltr'><strong>caelorum</strong></span> <span class='ocrx_word' id='word_1_750' title='bbox 3190 5354 3462 5420; x_wconf 78' lang='lat' dir='ltr'><strong>thesauro,</strong></span> <span class='ocrx_word' id='word_1_751' title='bbox 3493 5361 3600 5410; x_wconf 73' lang='lat' dir='ltr'><strong>etc.</strong></span> 
     </span>
    </p>
   </div>
   <div class='ocr_carea' id='block_1_111' title="bbox 3633 5447 3639 5484">
    <p class='ocr_par' dir='ltr' id='par_1_111' title="bbox 3633 5447 3639 5484">
     <span class='ocr_line' id='line_1_112' title="bbox 3633 5447 3639 5484; baseline 0 0"><span class='ocrx_word' id='word_1_752' title='bbox 3633 5447 3639 5484; x_wconf 86' lang='lat' dir='ltr'><strong>l</strong></span> 
     </span>
    </p>
   </div>
   <div class='ocr_carea' id='block_1_112' title="bbox 2130 5501 3636 5582">
    <p class='ocr_par' dir='ltr' id='par_1_112' title="bbox 2130 5501 3636 5582">
     <span class='ocr_line' id='line_1_113' title="bbox 2130 5501 3636 5582; baseline 0.007 -26"><span class='ocrx_word' id='word_1_753' title='bbox 2130 5501 2438 5559; x_wconf 87' lang='lat' dir='ltr'><strong>Secundum</strong></span> <span class='ocrx_word' id='word_1_754' title='bbox 2485 5506 2648 5560; x_wconf 90' lang='lat' dir='ltr'><strong>aliam</strong></span> <span class='ocrx_word' id='word_1_755' title='bbox 2681 5509 3082 5577; x_wconf 87' lang='lat' dir='ltr'><strong>acceptionem,</strong></span> <span class='ocrx_word' id='word_1_756' title='bbox 3130 5525 3260 5582; x_wconf 89' lang='lat' dir='ltr'><strong>ager</strong></span> <span class='ocrx_word' id='word_1_757' title='bbox 3299 5512 3461 5567; x_wconf 80' lang='lat' dir='ltr'><strong>fuerit</strong></span> <span class='ocrx_word' id='word_1_758' title='bbox 3492 5511 3636 5567; x_wconf 91' lang='lat' dir='ltr'><strong>Scri-</strong></span> 
     </span>
    </p>
   </div>
   <div class='ocr_carea' id='block_1_113' title="bbox 435 5601 1967 5694">
    <p class='ocr_par' dir='ltr' id='par_1_113' title="bbox 435 5601 1967 5686">
     <span class='ocr_line' id='line_1_114' title="bbox 435 5601 1967 5686; baseline 0.012 -30"><span class='ocrx_word' id='word_1_759' title='bbox 435 5601 476 5633; x_wconf 83' lang='grc'>³⁶</span> <span class='ocrx_word' id='word_1_760' title='bbox 513 5601 646 5659; x_wconf 88' lang='lat' dir='ltr'><strong>Luc.</strong></span> <span class='ocrx_word' id='word_1_761' title='bbox 682 5620 782 5673; x_wconf 82' lang='lat' dir='ltr'><strong>xtl,</strong></span> <span class='ocrx_word' id='word_1_762' title='bbox 825 5607 914 5664; x_wconf 74' lang='lat'><strong>52.</strong></span> <span class='ocrx_word' id='word_1_763' title='bbox 989 5609 1195 5666; x_wconf 70' lang='lat' dir='ltr'><strong>‘Joan.</strong></span> <span class='ocrx_word' id='word_1_764' title='bbox 1227 5629 1362 5680; x_wconf 73' lang='lat' dir='ltr'><strong>xvii,</strong></span> <span class='ocrx_word' id='word_1_765' title='bbox 1405 5615 1493 5671; x_wconf 77' lang='lat' dir='ltr'><strong>I2.</strong></span> <span class='ocrx_word' id='word_1_766' title='bbox 1569 5618 1591 5648; x_wconf 78' lang='grc'><strong><em>⁵</em></strong></span> <span class='ocrx_word' id='word_1_767' title='bbox 1621 5615 1779 5674; x_wconf 83' lang='lat' dir='ltr'><strong>Rom.</strong></span> <span class='ocrx_word' id='word_1_768' title='bbox 1832 5635 1888 5686; x_wconf 73' lang='grc' dir='ltr'><strong>κ,</strong></span> <span class='ocrx_word' id='word_1_769' title='bbox 1933 5619 1967 5673; x_wconf 78' lang='lat'><strong>‘2</strong></span> 
     </span>
    </p>
   </div>
   <div class='ocr_carea' id='block_1_114' title="bbox 2071 5601 2614 5694">
    <p class='ocr_par' dir='ltr' id='par_1_114' title="bbox 2105 5622 2614 5694">
     <span class='ocr_line' id='line_1_115' title="bbox 2105 5622 2614 5694; baseline 0.014 -18"><span class='ocrx_word' id='word_1_770' title='bbox 2105 5622 2126 5654; x_wconf 76' lang='grc'><strong><em>⁸</em></strong></span> <span class='ocrx_word' id='word_1_771' title='bbox 2159 5622 2347 5680; x_wconf 86' lang='lat' dir='ltr'><strong>Matth.</strong></span> <span class='ocrx_word' id='word_1_772' title='bbox 2381 5642 2475 5694; x_wconf 79' lang='lat' dir='ltr'><strong>xv,</strong></span> <span class='ocrx_word' id='word_1_773' title='bbox 2522 5627 2614 5684; x_wconf 74' lang='grc'><strong>24.</strong></span> 
     </span>
    </p>
   </div>
   <div class='ocr_carea' id='block_1_115' title="bbox 431 5720 976 5793">
    <p class='ocr_par' dir='ltr' id='par_1_115' title="bbox 431 5720 976 5793">
     <span class='ocr_line' id='line_1_116' title="bbox 431 5720 976 5793; baseline 0.009 -17"><span class='ocrx_word' id='word_1_774' title='bbox 431 5720 508 5792; x_wconf 82' lang='grc'><strong>(6)</strong></span> <span class='ocrx_word' id='word_1_775' title='bbox 539 5721 664 5778; x_wconf 56' lang='lat' dir='ltr'><strong>Hac</strong></span> <span class='ocrx_word' id='word_1_776' title='bbox 699 5739 820 5793; x_wconf 68' lang='lat' dir='ltr'><strong>qua:</strong></span> <span class='ocrx_word' id='word_1_777' title='bbox 865 5727 976 5782; x_wconf 80' lang='lat' dir='ltr'><strong>huc</strong></span> 
     </span>
    </p>
   </div>
   <div class='ocr_carea' id='block_1_116' title="bbox 357 5788 959 5866">
    <p class='ocr_par' dir='ltr' id='par_1_116' title="bbox 357 5788 959 5866">
     <span class='ocr_line' id='line_1_117' title="bbox 357 5788 959 5866; baseline 0.008 -16"><span class='ocrx_word' id='word_1_778' title='bbox 357 5788 474 5863; x_wconf 80' lang='lat' dir='ltr'><strong>Ego</strong></span> <span class='ocrx_word' id='word_1_779' title='bbox 491 5788 687 5852; x_wconf 71' lang='lat' dir='ltr'><strong>versus</strong></span> <span class='ocrx_word' id='word_1_780' title='bbox 711 5788 959 5866; x_wconf 83' lang='lat' dir='ltr'><strong>ascripsi.</strong></span> 
     </span>
    </p>
   </div>
   <div class='ocr_carea' id='block_1_117' title="bbox 1035 5731 3620 5818">
    <p class='ocr_par' dir='ltr' id='par_1_117' title="bbox 1035 5731 3620 5818">
     <span class='ocr_line' id='line_1_118' title="bbox 1035 5731 3620 5818; baseline 0.006 -32"><span class='ocrx_word' id='word_1_781' title='bbox 1035 5731 1352 5803; x_wconf 80' lang='lat' dir='ltr'><strong>pertinent,</strong></span> <span class='ocrx_word' id='word_1_782' title='bbox 1395 5745 1704 5794; x_wconf 83' lang='lat' dir='ltr'><strong>occurrunt</strong></span> <span class='ocrx_word' id='word_1_783' title='bbox 1747 5736 1803 5794; x_wconf 88' lang='lat' dir='ltr'><strong>in</strong></span> <span class='ocrx_word' id='word_1_784' title='bbox 1858 5737 1981 5794; x_wconf 89' lang='lat' dir='ltr'><strong>cod.</strong></span> <span class='ocrx_word' id='word_1_785' title='bbox 2020 5754 2214 5810; x_wconf 83' lang='lat' dir='ltr'><strong>xxvm,</strong></span> <span class='ocrx_word' id='word_1_786' title='bbox 2273 5743 2413 5800; x_wconf 89' lang='lat' dir='ltr'><strong>inter</strong></span> <span class='ocrx_word' id='word_1_787' title='bbox 2468 5743 2839 5817; x_wconf 77' lang='lat' dir='ltr'><strong>expositiones</strong></span> <span class='ocrx_word' id='word_1_788' title='bbox 2875 5745 2928 5803; x_wconf 93' lang='lat' dir='ltr'><strong>in</strong></span> <span class='ocrx_word' id='word_1_789' title='bbox 2968 5745 3190 5816; x_wconf 87' lang='lat' dir='ltr'><strong>Lucam,</strong></span> <span class='ocrx_word' id='word_1_790' title='bbox 3224 5761 3297 5818; x_wconf 74' lang='grc' dir='ltr'>τι).</span> <span class='ocrx_word' id='word_1_791' title='bbox 3345 5747 3416 5804; x_wconf 76' lang='lat'><strong>&#39;55</strong></span> <span class='ocrx_word' id='word_1_792' title='bbox 3462 5760 3620 5817; x_wconf 74' lang='lat' dir='ltr'><strong>seqq.</strong></span> 
     </span>
    </p>
   </div>
  </div>
