4172 6402
533 322 643 379 295

1413 315 1975 373 SUPPLEMENTUM
2011 315 2100 370 AD
2134 311 2462 371 ORIGENIS
2494 309 2910 367 EXEGETICA.

3707 302 3817 359 296

535 450 721 510 plura,
768 455 888 510 qua:
925 438 1112 494 multis
1144 439 1387 510 plantata
1423 449 1510 494 est
1550 439 1713 494 dictis
1757 438 2023 509 legalibus
2065 449 2120 493 et

2234 439 2437 509 Γραφὴ,
2464 436 2678 499 πολλοῖς
2704 430 3234 501 καταπεφυτευμένη
3273 429 3457 500 ῥητοῖς
3487 427 3730 497 νομικοῖς
3757 442 3817 479 τε

538 532 958 602 scripturalihus
1009 543 1170 600 atque
1220 532 1522 589 historicis.
1572 531 1890 587 Thesaurus
1951 546 2117 593 vero,

539 639 662 694 quas
697 625 816 678 istis
848 625 1031 679 insunt
1069 625 1242 688 varia,
1290 641 1396 694 qua
1438 626 1729 679 manifesta
1759 639 1864 693 (tua
1906 623 2121 678 occulta

540 717 803 784 cogitata,
839 726 896 771 et
936 717 1215 779 Christus,
1249 718 1523 786 pretiosus
1565 717 1650 770 ille
1680 717 1980 786 Scriptura:
2013 716 2124 771 the-

541 823 758 864 saurus.
797 806 891 861 Vel
938 823 1071 878 ager
1114 806 1368 863 Christus
1411 809 1610 863 fuerit:
1661 811 1712 862 in
1757 823 1868 877 quo
1924 806 2124 862 Paulus

542 896 676 950 dicit
705 895 1017 950 reconditos
1056 911 1178 950 esse
1212 897 1464 951 occultos
1504 898 1795 952 thesauros
1844 897 2124 965 sapientia:

541 996 599 1042 et
627 987 952 1054 cognitionis
995 986 1110 1041 Dei.
1144 987 1411 1043 leestes
1451 990 1614 1057 igitur
1656 1004 1778 1056 res,
1809 1001 1864 1045 et
1899 1004 2123 1061 regnum

544 1079 845 1145 calorum,
903 1089 1160 1149 tanquam
1211 1079 1266 1133 in
1323 1080 1561 1149 imagine
1621 1081 1834 1150 depicta
1891 1090 2021 1134 sunt
2068 1080 2122 1134 in

545 1172 864 1242 Scripturis,
893 1187 1015 1242 qua:
1047 1181 1172 1225 sunt
1209 1188 1433 1242 regnum
1459 1172 1753 1236 caelorum,
1785 1174 1960 1243 ipsum
1994 1186 2126 1226 vero

539 1274 624 1318 cst
678 1266 935 1321 idemmet
983 1267 1265 1330 Christus,
1323 1267 1479 1335 cujus
1537 1267 1781 1336 cognitio
1829 1266 2122 1321 secundum

540 1358 798 1412 virtutem
836 1360 890 1412 in
936 1357 1089 1412 nobis
1131 1368 1237 1423 est,
1285 1359 1673 1427 inveniturque
1709 1375 1806 1428 per
1839 1357 1998 1412 ﬁdem
2022 1397 2038 1422 ,
2071 1367 2129 1413 et

541 1449 743 1502 emitur
771 1448 1085 1503 virtutibus.
1114 1448 1215 1514 Qui
1255 1449 1418 1517 igitur
1457 1449 1668 1504 invenit
1701 1450 1844 1503 hunc
1887 1450 1938 1502 in
1974 1446 2124 1502 Seri-

541 1542 720 1610 pturis
762 1541 1111 1605 thesaurum,
1146 1541 1424 1607 occultat;
1478 1556 1819 1611 nequaquam
1861 1543 1982 1596 sine
2029 1555 2124 1609 pe-

541 1633 717 1688 riculo
766 1649 887 1688 esse
917 1635 1101 1688 sciens
1127 1634 1382 1700 vulgares
1421 1649 1671 1703 quosque
1718 1648 1901 1688 rerum
1937 1631 2130 1688 inetia-

543 1725 729 1780 bilium
773 1725 1068 1795 participes
1100 1725 1305 1780 facere.
1342 1725 1466 1780 Abit
1495 1735 1677 1780 autem
1710 1734 2001 1794 postquam
2034 1739 2126 1779 oc-

2227 535 2324 587 καὶ
2351 532 2676 603 γραφικοῖς,
2719 528 2813 581 καὶ
2861 526 3174 596 ἱστορικοῖς
3209 521 3485 593 Θησαυρὸς
3515 521 3573 574 δὲ
3599 519 3667 573 τὰ
3696 519 3821 574 τού-

2225 642 2339 688 τοις
2370 623 2591 677 ποικίλα
2627 620 2814 674 ὲνόντα
2840 617 3053 688 φανερά
3080 633 3138 668 τε
3172 615 3266 668 καὶ
3298 612 3657 684 κεκρυμμένα
3687 612 3818 683 νοή-

2229 733 2394 789 ματα·
2442 716 2538 770 καὶ
2581 712 2814 785 Χριστὸς
2854 713 2883 764 ό
2915 710 3095 780 τίμιος
3133 709 3231 779 τῆς
3268 705 3490 776 Γραφῆς
3519 702 3814 774 Θησαυρός,

2230 811 2302 863 Ἦ
2333 807 2502 880 ἀγρὸς
2534 809 2564 860 ό
2584 804 2840 876 Χριστὸς,
2868 804 2924 856 ὲν
2950 796 2994 869 ᾧ
3021 801 3232 863 Παῦλος
3265 799 3414 866 λέγει
3444 795 3817 867 ὲγκεκρύιρθαι

2225 903 2352 964 τοὺς
2402 898 2757 969 ἀποκρύφους
2805 896 3113 966 θησαυροὺς
3158 893 3256 964 τῆς
3325 891 3518 959 σοφίας
3580 891 3676 942 καὶ
3716 889 3817 958 τῆς

2226 993 2483 1064 γνώσεως
2531 991 2626 1045 τοῦ
2671 989 2828 1044 Θεοῦ.
2871 988 2953 1041 Τά
2994 987 3220 1059 οὐράνια
3266 985 3444 1038 τοίνυν
3491 983 3814 1054 πράγματα,

2227 1088 2322 1141 καὶ
2347 1088 2379 1157 ὴ
2421 1084 2664 1154 βασιλεία
2696 1083 2804 1136 τῶν
2830 1078 3076 1152 οὐρανῶν
3110 1078 3299 1148 ὥσπερ
3327 1077 3384 1128 ὲν
3412 1074 3580 1128 εἰκόνι
3610 1073 3816 1142 γέγρα-

2226 1196 2360 1232 πται
2391 1180 2511 1240 ταῖς
2557 1177 2824 1246 Γραφαῖς,
2856 1173 3058 1235 αἵτινές
3091 1173 3195 1223 εἱσι
3225 1168 3478 1238 βασιλεία
3515 1165 3622 1218 τῶν
3648 1166 3815 1235 ούρα-

2227 1270 2356 1324 νῶνο
2394 1271 2428 1339 ἡ
2454 1269 2512 1322 δέ
2546 1271 2695 1322 ἐστιν
2727 1265 2889 1329 αὐτὸς
2931 1267 2960 1318 ό
2987 1263 3242 1334 Χριστὸς,
3276 1255 3338 1312 οὗ
3369 1262 3401 1330 ἡ
3443 1258 3642 1327 γνῶσις
3676 1255 3818 1310 κατά

2227 1363 2458 1434 δύναμιν
2481 1363 2538 1414 ὲν
2561 1363 2694 1431 ἡμῖν
2716 1363 2882 1414 ὲστινο
2911 1357 3225 1428 εὑρίσκεται
3245 1355 3300 1407 δὲ
3321 1353 3409 1406 διὰ
3429 1353 3530 1422 τῆς
3558 1352 3816 1415 πίστεως,

2228 1457 2324 1511 καὶ
2348 1453 2681 1527 ἀγοράζεται
2727 1453 2814 1506 διά
2844 1452 2951 1504 τῶν
2984 1449 3216 1521 ἀρετῶν.
3255 1446 3446 1517 Εύρὼν
3479 1441 3572 1498 οὖν
3615 1461 3699 1507 τις
3727 1443 3819 1496 τδν

2229 1549 2288 1600 ὲν
2340 1548 2461 1608 ταῖς
2518 1545 2762 1616 Γραφαῖς
2817 1541 3089 1613 Θησαυρὸν
3139 1538 3368 1600 τοῦτον,
3417 1534 3685 1606 κρύπτει,
3742 1532 3819 1604 μὴ

2229 1636 2512 1691 ἀκίνδυνον
2551 1633 2708 1698 εἰδὼς
2752 1633 2860 1687 τῶν
2894 1633 3222 1704 ἀπορρήτων
3257 1632 3370 1692 τοῖς
3397 1626 3622 1698 τυχοῦσι
3655 1641 3821 1696 μετα-

2229 1729 2446 1782 διδόναι.
2497 1728 2717 1780 ’Δπεισι
2763 1726 2820 1779 δὲ
2867 1724 3104 1798 κρύψας,
3153 1721 3440 1794 ἀγοράσων
3499 1719 3590 1772 τὸν
3649 1718 3819 1790 ἀγρὸν

543 1819 793 1883 cultavit,
832 1828 888 1872 ut
929 1827 1074 1872 emat
1107 1833 1301 1889 agrum
1335 1818 1486 1872 illum
1545 1819 1990 1888 quanticunque,
2031 1821 2120 1888 qui

2234 1822 2426 1875 ὁπόσου
2452 1821 2519 1875 ἂν
2546 1819 2806 1891 βούλοιτο·
2841 1819 2902 1871 δν
2937 1818 3179 1888 Ἑϐραῖοι
3218 1817 3347 1886 πρὶν
3393 1811 3817 1881 ἐπιστεύθησαν,

544 1909 786 1964 Hebraeis
827 1909 1062 1979 primum
1092 1908 1442 1964 concreditus
1473 1909 1574 1963 fuit
1616 1927 1630 1963 :
1673 1925 1702 1962 a
1751 1909 1948 1978 quibus
1985 1911 2129 1964 hunc

543 2003 859 2074 accipiens,
896 2002 987 2072 qui
1033 2002 1188 2072 juxta
1240 1999 1404 2054 aliam
1445 2000 1760 2070 parabolam
1804 2003 1961 2056 vinea
2010 2011 2120 2068 est,

542 2092 820 2163 propriam
851 2093 1256 2162 possessionem
1303 2093 1446 2146 hunc
1488 2091 1640 2154 facit,
1676 2093 1910 2147 venditis
1955 2093 2132 2147 omni-

543 2185 645 2238 bus
690 2185 849 2238 bonis
895 2185 1041 2245 suis,
1081 2184 1231 2237 vitiis
1264 2198 1461 2252 nempe
1502 2197 1516 2235 :
1567 2198 1677 2252 quo
1727 2183 1812 2238 his
1858 2199 1966 2238 non
2011 2198 2129 2237 am-

543 2276 687 2344 plius
720 2278 890 2342 vivat,
936 2279 1032 2331 sed
1069 2275 1435 2330 mortitlcetur
1467 2275 1667 2331 mundo
1705 2276 1805 2330 toti
1842 2286 1898 2331 et
1933 2275 2126 2330 volun-

549 2370 755 2426 tatibus
789 2371 926 2438 ejus.

618 2461 720 2529 Qui
773 2464 841 2516 de
891 2465 1204 2533 margaritis
1251 2464 1619 2534 scripserunt,
1677 2462 1830 2516 aiunt
1867 2474 1963 2516 sex
2010 2475 2133 2516 esse

545 2569 736 2609 earum
770 2554 1136 2610 differentias:
1173 2572 1238 2610 ex
1275 2559 1472 2623 quibus
1511 2555 1730 2625 optimae
1760 2565 1885 2610 sunt
1913 2552 2130 2619 Iudicat,

548 2661 672 2717 quze
708 2648 890 2702 insunt
914 2649 1139 2704 conchis
1173 2665 1237 2704 ex
1273 2665 1397 2703 rore
1433 2649 1668 2704 crete-tl.
1703 2647 1997 2717 Sequiores
2031 2647 2134 2717 igi-

548 2748 639 2794 tur
672 2741 981 2810 margaritaa
1017 2752 1142 2795 sunt
1192 2741 1326 2812 legis
1371 2751 1427 2796 et
1475 2741 1862 2812 prophetarum
1895 2757 1960 2796 ac
2005 2740 2134 2795 reli-

547 2846 670 2901 qua:
699 2830 998 2902 Scripturze
1025 2832 1374 2902 qurestioues,
1404 2849 1545 2904 quas
1570 2835 1659 2903 qui
1689 2833 1963 2888 laboriose
1993 2847 2136 2902 «pite—

552 2924 647 2990 rit,
677 2923 910 2977 venditis
938 2925 1234 2989 mercibus,
1269 2925 1552 2980 meliorem
1589 2927 1675 2980 his
1701 2925 1956 2980 omnibus
1987 2940 2135 2978 utar-

551 3016 785 3086 garitam
817 3015 1095 3070 Christum
1133 3018 1374 3086 quzerit:
1418 3021 1600 3073 omnia
1650 3017 1766 3073 haec
1797 3027 1851 3072 et
1893 3031 2134 3087 prasen-

557 3110 626 3164 tia
666 3108 804 3163 bona
836 3109 1092 3164 damnum
1129 3122 1390 3181 reputans
1419 3120 1468 3167 el
1505 3122 1748 3167 stercora
1794 3125 1904 3180 prae
1942 3111 2130 3182 cogni-

555 3203 703 3258 tione
735 3203 962 3258 Christi.

628 3295 921 3357 Przeterea,
949 3309 1154 3367 sagena
1193 3305 1278 3350 est
1308 3295 1622 3366 complexus
1647 3308 1894 3353 veterum
1926 3312 2136 3351 sermo-

2233 1917 2363 1986 παρ’
2406 1907 2482 1968 ὧν
2525 1913 2712 1966 τοῦτον
2737 1910 2918 1966 λαϐὼν
2951 1912 3101 1972 ὅστις
3144 1910 3265 1963 κατ’
3309 1907 3476 1977 ἀλλην
3507 1904 3820 1975 παραδολὴν

2231 2008 2494 2079 ἀμπελών
2545 2008 2715 2072 ἐστιν,
2771 2005 2902 2059 [διον
2957 2005 3143 2075 κτῆμα
3196 2002 3383 2056 τοῦτον
3428 2003 3592 2065 ποιεῖ,
3641 1999 3819 2052 πάντα

2234 2097 2535 2171 πεπρακὼς
2566 2097 2731 2152 αὐτοῦ
2762 2097 2833 2150 τά
2880 2096 3215 2168 ὑπάρχοντα·
3252 2095 3419 2148 κακία
3459 2093 3513 2147 δὲ
3553 2092 3706 2146 ταῦτ’
3727 2088 3818 2162 ἦν,

2232 2192 2311 2264 τῷ
2359 2191 2556 2263 μηκέτι
2590 2192 2690 2262 ζῇν
2730 2189 2962 2254 τούτοις,
3008 2187 3350 2260 νεκρωθῆναι
3393 2187 3449 2240 δὲ
3501 2186 3582 2256 τῷ
3631 2185 3822 2256 κόσμῳ

2233 2285 2398 2338 παντὶ
2426 2283 2518 2338 καὶ
2545 2281 2814 2354 Θελήμασι
2838 2281 2931 2334 τοῦ
2959 2280 3145 2335 αὐτοῦ.

2307 2464 2385 2534 (7)
2413 2465 2481 2518 Οἵ
2508 2481 2572 2533 γε
2611 2463 2716 2534 μὴν
2746 2462 2876 2534 περὶ
2907 2459 3265 2533 μαργαριτῶν
3301 2458 3632 2530 γράψαντες,
3662 2459 3826 2528 φασὶν

2233 2555 2296 2624 ἒξ
2329 2552 2466 2609 εῖναι
2507 2554 2608 2618 τὰς
2639 2554 2844 2606 τούτων
2873 2553 3155 2622 διαφορὰς,
3193 2544 3269 2602 ὧν
3302 2549 3586 2621 κρείττους
3618 2549 3668 2601 οί
3707 2549 3825 2601 κατ’

2247 2649 2438 2702 Ἰνδίαν
2468 2649 2525 2700 ὲν
2551 2647 2776 2717 κόγχαις
2800 2645 3083 2715 γενόμενοι
3109 2646 3173 2697 ὲκ
3200 2643 3392 2716 δρόσου
3420 2642 3521 2711 τῆς
3544 2640 3823 2712 οὐρανίας.

2235 2742 2299 2795 Ol
2334 2741 2532 2811 ἥττους
2575 2738 2708 2808 γοῦν
2743 2737 3080 2811 μαργαρῖταί
3123 2739 3260 2790 εἰσιν
3295 2737 3352 2789 αἱ
3385 2736 3478 2788 τοῦ
3527 2735 3692 2805 νόμου
3729 2734 3826 2788 καὶ

2234 2833 2344 2887 τῶν
2378 2832 2695 2906 προφητῶν,
2732 2831 2949 2901 καὶτῆς
2974 2829 3139 2901 ἄλλης
3171 2830 3390 2901 Γραφῆς
3420 2827 3693 2899 ζητήσεις,
3725 2825 3759 2880 ἀ
3791 2829 3822 2880 ό

2237 2923 2488 2995 ὲμπόνως
2514 2922 2713 2992 ζητῶν,
2742 2921 3014 2992 ἐμπορίας
3046 2919 3449 2989 ἀποδιδόμενος,
3475 2919 3564 2970 τὸν
3591 2917 3826 2987 κρείττω

2235 3014 2440 3068 τούτων
2474 3013 2732 3066 ἁπάντων
2783 3011 3133 3082 μαργαρίτην
3176 3009 3412 3080 Χριστὸν
3440 3009 3611 3079 ζητεῖ,
3649 3007 3827 3060 πάντα

2237 3105 2410 3159 ταῦτα
2441 3107 2533 3159 καὶ
2565 3104 2812 3177 παρόντα
2841 3102 2982 3156 καλά
3017 3101 3222 3172 ζημίας
3245 3100 3547 3171 ἡγούμενος
3576 3101 3670 3152 καὶ
3698 3098 3832 3152 σκύ-

2162 3178 2204 3235 c
2238 3197 2379 3252 σαλα
2407 3197 2543 3269 πρὸς
2573 3197 2672 3268 τὴν
2697 3196 2901 3265 γνῶσιν
2930 3194 3022 3248 τοῦ
3059 3194 3320 3267 Χριστοῦ.

2247 3361 2252 3366 ι
2312 3290 2386 3361 (8)
2418 3290 2539 3343 Ἔτι
2564 3292 2776 3361 σαγήνη
2809 3287 2956 3342 ἐστὶν
2993 3288 3027 3358 ἡ
3054 3288 3118 3340 ὲκ
3144 3286 3252 3340 τῶν
3281 3285 3526 3340 παλαιῶν
3555 3287 3655 3357 τῆς
3691 3284 3830 3355 Γρα-

553 3403 681 3442 num
703 3387 1214 3458 Scripturae,quem,
1247 3402 1370 3442 cum
1400 3387 1756 3458 imperfectus
1787 3404 1907 3444 esse
1927 3389 2129 3445 videre-

2240 3383 2347 3454 φῆς
2391 3381 2562 3448 λόγων
2606 3381 2814 3452 πλοκὴ,
2869 3381 2938 3452 ἢν
2989 3380 3152 3452 ἀτελῆ
3204 3379 3468 3433 δοκοῦσαν
3521 3380 3550 3432 ό
3599 3378 3836 3448 Χριστὸς

566 3489 679 3545 tur,
703 3479 956 3535 Christus
975 3481 1271 3535 adveniens
1288 3479 1534 3550 perfecit.
1550 3480 1603 3536 ls
1619 3481 1670 3535 in
1691 3481 1850 3550 hujus
1867 3481 1988 3535 vitae
2005 3494 2129 3550 pro-

2241 3470 2412 3524 ὲλθὼν
2457 3471 2830 3525 τετελείωκεν.
2888 3470 3063 3542 Αὕτη.
3117 3473 3197 3535 είς
3246 3472 3345 3542 τὴν
3389 3469 3543 3523 τοῦδε
3576 3467 3670 3522 τοῦ
3719 3467 3834 3538 βίου

552 3571 733 3640 jectus
782 3586 954 3638 mare,
992 3586 1098 3625 non
1148 3569 1357 3640 colligit
1412 3570 1753 3626 diversarum
1811 3580 2129 3625 naturarum

2244 3563 2622 3636 ἑμὸαλλομένη
2671 3563 2967 3628 Θάλασσαν,
3009 3566 3070 3618 οὐ
3119 3564 3334 3634 φύσεων
3385 3563 3606 3631 συνάγει
3650 3560 3838 3630 διαφό-

555 3663 748 3732 pisces,
783 3660 878 3716 sed
911 3661 1304 3716 sententiarum
1336 3662 1634 3716 liberarum
1666 3675 1721 3716 et
1761 3662 2129 3725 voluntatum;

2247 3671 2379 3726 ρων,
2423 3654 2560 3708 ἀλλὰ
2606 3655 2840 3725 γνωμῶν
2884 3654 3249 3720 αὐτεξουσίων
3299 3655 3393 3708 καὶ
3441 3653 3835 3725 προαιρέσεων⁸

562 3753 698 3806 adeo
737 3762 796 3805 ut
825 3752 896 3806 sit
927 3753 1068 3818 quod
1100 3768 1166 3805 ea:
1197 3753 1336 3804 omni
1377 3767 1564 3821 genere
1591 3762 1964 3823 congregatur,
1991 3767 2129 3806 com-

2245 3747 2323 3809 ὼς
2345 3742 2480 3800 εἶναι
2501 3747 2566 3799 τὸ
2585 3747 2652 3800 ἐκ
2675 3746 2901 3813 παντὸς
2918 3747 3132 3818 γένους
3154 3747 3595 3816 συναγόμενον,
3620 3747 3840 3798 ἐπαινε-

565 3843 900 3899 mendabiles
941 3852 1036 3896 aut
1071 3842 1468 3911 vituperabiles
1515 3843 1762 3898 homines
1793 3843 1970 3911 quoad
2015 3840 2129 3910 pro-

2246 3840 2376 3902 τοὺς
2409 3840 2505 3892 καὶ
2547 3839 2780 3909 ψεκτοὺς
2811 3841 2870 3892 ἐν
2913 3843 3033 3904 ταῖς
3064 3841 3200 3911 πρὸς
3229 3840 3296 3893 τά
3321 3839 3436 3910 εἴδη
3468 3838 3574 3892 τῶν
3603 3836 3838 3910 ἀρετῶν,

562 3937 857 4007 pensiones
889 3936 942 3989 in
977 3935 1190 4004 species
1222 3935 1484 3988 virtutum
1517 3942 1608 3988 aut
1643 3933 1920 3988 vitiorum.
1958 3932 2129 3988 Ροιεει

2247 3932 2281 4004 ἢ
2311 3931 2418 3985 τῶν
2450 3933 2656 3986 κακιῶν
2687 3934 3087 4004 ὲπιρῤεπείαις.
3117 3934 3350 3988 Δύναται
3378 3933 3433 3986 δὲ
3470 3933 3606 4005 πρὸς
3630 3933 3840 3996 τούτοις

561 4037 826 4100 prazterea
857 4028 996 4098 quod
1033 4042 1099 4081 ea:
1129 4027 1273 4081 omni
1315 4041 1500 4094 genere
1550 4034 1904 4096 congregatur
1939 4025 2129 4096 signiﬁ-

2249 4023 2316 4076 τὸ
2340 4025 2408 4078 ἐκ
2443 4025 2671 4092 παντὸς
2690 4023 2906 4093 γένους
2929 4027 3349 4096 συναγόμενον
3374 4024 3568 4094 δηλοῦν
3603 4023 3702 4096 τὴν
3731 4022 3842 4076 ἀπὸ

563 4136 692 4176 care
721 4120 1066 4174 vocationem
1093 4133 1162 4173 ex
1195 4129 1311 4172 toto
1355 4133 1572 4188 genere.
1611 4111 1726 4172 Non
1760 4118 1984 4172 trahunt
2017 4133 2129 4172 verr

2254 4116 2453 4180 παντὸς
2483 4117 2673 4185 γένους
2697 4117 2907 4188 κλῆσιν.
2939 4119 3052 4172 Ούκ
3081 4118 3146 4172 ἂν
3179 4119 3236 4172 δὲ
3278 4118 3376 4190 τὴν
3406 4119 3646 4189 σαγήνην
3685 4114 3846 4168 ἑλκύο

564 4228 820 4284 sageuam
857 4213 909 4266 in
947 4211 1115 4276 littus,
1147 4211 1262 4266 sive
1294 4225 1381 4265 res
1419 4218 1574 4264 extra
1610 4211 1751 4266 hanc
1792 4213 1983 4276 vitam,
2047 4226 2129 4266 aut

2254 4225 2420 4264 σωσιν
2446 4211 2538 4263 ἐπὶ
2562 4211 2655 4263 τὸν
2702 4211 2970 4279 αἰγιαλὸν,
3008 4212 3127 4283 ῆτοι
3172 4212 3240 4265 τά
3275 4211 3378 4276 ἔξω
3412 4210 3565 4264 τοῦδε
3598 4211 3692 4264 τοῦ
3724 4209 3842 4280 βίον

565 4306 693 4375 geli,
736 4320 843 4360 non
877 4303 1142 4374 repletam
1191 4303 1532 4374 plenitudine
1574 4305 1854 4374 gentium:
1891 4305 1988 4358 sed
2033 4305 2129 4373 plet

2253 4303 2576 4374 πράγματα,
2608 4305 2656 4357 oi
2687 4303 2928 4374 ἄγγελοι,
2969 4306 3042 4377 μὴ
3087 4306 3468 4378 πληρωθεῖσαν
3504 4307 3580 4378 τῷ
3623 4306 3846 4379 πληρώ-

565 4413 690 4452 nam
721 4397 983 4461 educunt,
1013 4405 1068 4450 et
1100 4410 1371 4466 quemque
1412 4395 1681 4450 bonorum
1714 4395 1858 4450 intra
1886 4410 2129 4467 sagenan

2258 4411 2389 4465 ματι
2433 4394 2543 4448 τῶν
2579 4396 2770 4450 ἐθνῶνο
2823 4397 3158 4469 πλησθεῖσαν
3200 4399 3256 4452 δὲ
3303 4397 3714 4466 ἀναϐιϐάζουσι,
3750 4402 3846 4456 καὶ

567 4488 621 4543 ln
680 4487 854 4553 littus,
897 4489 1012 4543 sive
1041 4503 1130 4542 res
1171 4497 1326 4541 extra
1373 4487 1514 4540 hanc
1549 4487 1744 4551 vitam,
1777 4489 1997 4558 angeli,
2045 4503 2129 4541 non

2255 4485 2484 4540 ἕκαστον
2513 4487 2622 4542 τῶν
2659 4489 2765 4543 ὑπὸ
2801 4489 2897 4561 τὴν
2944 4493 3185 4563 σαγήνην
3224 4491 3423 4557 καλῶν,
3451 4495 3528 4555 εἰς
3563 4493 3624 4546 τὸ
3647 4496 3845 4548 οἰκεῖον

566 4580 827 4651 repletam
857 4579 1194 4650 plenitudine
1220 4581 1486 4648 gentium:
1515 4579 1610 4635 sed
1639 4555 2124 4649 plenam-educunt

2257 4578 2445 4649 τάγμα
2475 4555 3195 4652 ἀποκαταστήσονταιῄκατα
3233 4583 3300 4636 τὰ
3338 4555 3714 4654 ὀνομαζόμενα
3758 4586 3846 4638 ὲν-

565 4683 621 4729 et
654 4687 924 4743 quemque
969 4673 1236 4726 bonorum
1279 4673 1421 4726 intra
1461 4686 1740 4742 sagenam,
1779 4671 1832 4726 in
1867 4673 2129 4742 propriuu

2259 4673 2434 4730 ταῦθα
2468 4676 2648 4730 αὐτῶν
2674 4679 2902 4748 ἀγγεῖα,
2933 4679 3002 4732 τὰ
3027 4679 3083 4732 δὲ
3121 4680 3304 4751 σαπρά
3349 4680 3451 4747 ἔξω
3494 4680 3736 4750 βαλοῦσι.
3769 4679 3846 4735 Τδ

567 4766 812 4818 ordinem
868 4763 1184 4828 restituent,
1224 4764 1530 4817 secundum
1581 4764 1854 4817 nominata
1914 4765 2004 4818 hic
2056 4778 2120 4817 eo

2259 4767 2317 4820 δὲ
2359 4768 2476 4834 ἕξω
2521 4772 2555 4842 ὴ
2597 4770 2826 4842 κάμινός
2869 4773 2984 4825 ἐστι
3031 4772 3122 4825 τοῦ
3176 4773 3366 4844 πυρὸς,
3400 4773 3581 4838 καθώς
3630 4777 3848 4846 φησινό

573 4871 691 4908 rum
729 4870 878 4919 vasa,
923 4853 1093 4909 malos
1136 4869 1265 4909 vero
1313 4854 1464 4910 foras
1506 4856 1741 4910 mittent.
1786 4855 1932 4911 Istud
1972 4856 2117 4926 foras

2263 4859 2454 4932 Σωτὴρ
2496 4863 2554 4913 ἐν
2587 4866 2698 4927 τοῖς
2742 4862 2890 4934 ἑξῆςο
2919 4865 2965 4916 οί
3009 4865 3108 4934 μὲν
3141 4864 3249 4935 γὰρ
3288 4864 3475 4934 φαῦλοι
3507 4865 3614 4918 τῶν
3647 4866 3848 4937 ἰχθύων

571 4954 648 4997 est
699 4942 890 4996 foruax
941 4943 1114 5014 ignis,
1157 4944 1296 4998 sicut
1336 4944 1412 4996 ait
1465 4942 1714 4998 Salvator
1757 4946 2030 5012 deinceps.
2084 4946 2125 5000 A

2264 4951 2370 5017 ἔξω
2401 4952 2740 5023 ριπτοῦνται,
2779 4955 2829 5006 οἱ
2861 4954 2918 5008 δὲ
2963 4954 3072 5008 τῶν
3101 4956 3405 5028 ἀνθρώπων
3446 4961 3526 5022 είς
3554 4960 3654 5030 τὴν
3683 4959 3850 5033 κάμι-

575 5035 700 5089 mali
734 5037 946 5104 quidem
998 5036 1175 5104 pisces
1221 5037 1371 5092 foras
1403 5036 1802 5108 proiiciantur,
1841 5037 1968 5092 mali
2020 5052 2129 5093 veri

2261 5061 2352 5098 vov
2385 5044 2480 5098 τοῦ
2511 5049 2682 5118 πυρός
2719 5047 2816 5117 (9).

579 5126 825 5181 homines
855 5128 906 5181 in
946 5126 1221 5183 fornacem
1264 5129 1456 5198 ignis...

649 5217 714 5270 ν.
750 5219 839 5272 47.
885 5217 1084 5272 Iterum
1117 5235 1135 5274 :
1165 5218 1350 5301 Simile
1397 5230 1472 5301 est
1522 5237 1738 5290 regnum
1785 5219 2036 5275 caelorum
2071 5238 2129 5276 sa

2263 5220 2354 5274 Στ.
2375 5223 2482 5301 μζζ.
2506 5222 2725 5301 Πάλιν·
2744 5226 2947 5301 Ὁμοία
2967 5227 3140 5301 ἐστὶν
3162 5230 3200 5296 ἡ
3221 5229 3511 5301 ,βασιλεία
3532 5229 3651 5284 τῶν
3669 5233 3851 5300 οὐμι-

2384 5293 2508 5346 νῶν
2529 5293 2768 5364 σαγήνῃ
2786 5297 3093 5364 βληθείσῃ
3124 5293 3213 5365 είς-
3238 5299 3352 5367 τὴν
3376 5300 3619 5355 θάλασσ
3654 5320 3719 5355 'r.

2336 5383 2446 5455 (lO)
2467 5386 2718 5457 Σαγήνης
2741 5387 2916 5462 πλοκὴ
2946 5391 3111 5461 νοητὴ
3138 5393 3170 5462 η
3195 5393 3259 5444 ὲκ
3283 5393 3542 5446 ποικίλων
3560 5403 3851 5464 νοημάτων

2266 5473 2470 5528 παλαιά
2496 5476 2589 5528 καὶ
2621 5478 2780 5547 καινὴ
2806 5478 2992 5549 Γραφή
3016 5495 3030 5510 ο
3079 5480 3407 5547 Θάλασσα,
3441 5487 3470 5537 ό
3501 5483 3853 5555 κυματούμε-

2271 5582 2361 5629 νος
2400 5565 2509 5619 τῶν
2545 5566 2847 5638 ἀνθρώπων
2886 5569 3019 5640 βίος.
3064 5569 3137 5626 Τὸ
3163 5574 3287 5628 πᾶν
3315 5574 3490 5644 γένος
3516 5576 3578 5628 τὸ
3608 5576 3853 5630 ποικίλον

563 5730 572 5736 _
653 5673 727 5751 (ἶ)
756 5672 1090 5751 ρθςιίιιθιει]
1122 5675 1438 5751 versus_45,
1469 5675 1560 5731 46.
2341 5680 2418 5751 (9)
2444 5681 2711 5738 Hactenus
2735 5685 2853 5738 cod.
2883 5703 3070 5741 xxvm.

654 5683 727 5741 (7)
759 5683 1000 5726 Pertinet
1023 5683 1090 5726 ad
1122 5689 1314 5727 versus
1346 5683 1438 5744 45,
1469 5683 1560 5731 46.

654 5746 728 5813 (81
755 5743 914 5798 Beier
940 5745 1005 5798 ad
1032 5759 1248 5800 versum
1283 5744 1375 5798 47.

2341 5683 2418 5820 ἔ9)
2444 5683 2711 5738 Hactenus
2735 5685 2853 5738 cod.
2883 5703 3070 5741 xxvm.

2370 5753 2452 5821 10)
2480 5754 2636 5808 Conl'.
2678 5757 2811 5817 Rue,
2846 5768 2976 5811 lout.
3013 5759 3096 5826 lll,
3126 5759 3231 5813 455
3259 5759 3320 5822 Ε,
3351 5768 3403 5814 et
3431 5758 3462 5825 Ῡ
3493 5761 3854 5826 superiorem.

1034 5306 1179 5359 gena:
1212 5293 1385 5346 missa:
1420 5293 1477 5345 in
1517 5307 1686 5348 mare.

651 5378 870 5449 Sagana:
898 5378 1087 5448 plexus
1123 5381 1532 5446 intellectualis,
1569 5391 1653 5436 est
1702 5389 1859 5436 vetus
1907 5395 1972 5435 ac
2019 5396 2158 5436 nova

583 5470 858 5538 Scriptura
891 5470 1163 5525 variorum
1196 5473 1552 5541 cogitatuum.
1586 5473 1758 5538 Mare,
1791 5481 1875 5528 est
1909 5473 2027 5528 vita
2060 5474 2161 5528 ho-

573 5565 785 5635 ⁵ιιιίηιιιη
839 5568 1163 5614 exaestuans.
1204 5561 1371 5615 Omne
1410 5579 1598 5632 genus,
1643 5573 1729 5619 est
1771 5563 2009 5620 varietas
2062 5578 2160 5620 vo-
