4172 6388
405 325 510 386 297

1608 328 1904 385 SCHOLIA
1942 328 2011 384 IN
2051 325 2492 382 MATTHAEUM.

3554 326 3658 382 298

403 451 514 505 τῶν
541 451 602 504 ἐν
650 449 957 522 ἀνθρώποις
997 451 1402 523 προαιρέσεων,
1442 453 1475 523 ὴ
1507 452 1773 505 παντοίων
1811 451 1981 504 ἐθνῶν

2091 450 2356 505 luntatum
2399 450 2453 503 in
2497 447 2830 514 hominibus,
2880 455 2937 503 et
2969 447 3243 502 variarum
3279 447 3518 519 gentium
3553 463 3649 502 vo-

403 543 618 612 κλῆσις.
664 541 934 610 Ἐργάται
971 544 1212 613 σαγήνης
1230 581 1245 604 ,
1272 545 1301 596 ὁ
1327 543 1529 614 Κύριος
1562 543 1656 595 καὶ
1680 543 1729 596 οἱ
1753 544 1984 614 προσελ-

403 633 590 695 θόντες
627 631 846 701 ἄγγελοι
887 632 1152 687 διακονεῖν
1182 632 1349 702 αὐτῷ.
1387 632 1616 703 Ἀγγεῖα
1645 634 1701 686 αἱ
1737 632 1983 702 διάφοροι

407 724 584 793 μοναί.
616 725 729 776 Οὐκ
773 722 1035 790 ἀνάγεται
1078 724 1192 794 δὲή
1226 724 1458 795 σαγήνη,
1484 724 1593 791 ἕως
1637 720 1706 780 οὗ
1734 724 1800 778 τὸ
1830 723 1985 790 πλή-

399 830 566 882 ρωμα
591 813 711 867 τῶν
743 813 934 868 ἐθνῶν
960 815 1224 883 εἰσέλθῃ.
1251 816 1323 868 Ἣ
1346 814 1536 878 οὕτως·
1568 815 1808 884 Σαγήνη
1837 817 1986 869 ἐστὶν

404 908 440 976 ἡ
471 905 798 977 ἀποστολικὴ
819 907 1152 970 διδασκαλία,
1195 910 1226 978 ὴ
1253 907 1580 978 ἀδιακρίτως
1619 908 1987 979 συλλαμϐανο-

413 997 550 1067 μένη
586 996 870 1060 Ἱούδαίους
909 999 1003 1051 καὶ
1039 998 1324 1069 Ἕλληνας,
1367 999 1708 1072 βαρϐάρους,
1738 999 1982 1063 Σκύθας,

408 1087 646 1151 δούλους,
665 1087 999 1160 ἐλευθέρους,
1017 1090 1283 1160 πονηροὺς
1300 1090 1392 1142 καὶ
1409 1089 1982 1159 ἀγαθούς.Θά.λασσα,

409 1180 440 1232 ὁ
474 1178 582 1232 τῶν
618 1179 918 1251 ἀνθρώπων
942 1180 1075 1250 βίος.
1124 1181 1428 1252 Αἰγιαλὸς,
1461 1182 1521 1235 τὸ
1549 1183 1727 1253 τέρμα
1772 1182 1983 1236 τούτου.

424 1271 511 1324 Ἐν
541 1271 597 1324 δὲ
623 1274 687 1343 τῇ
714 1272 1012 1343 συντελείᾳ,
1048 1273 1137 1325 ὅτε
1179 1275 1488 1328 ἀνασπᾶται
1518 1276 1550 1344 ἡ
1581 1277 1791 1346 σαγήνη
1814 1317 1828 1341 ,
1883 1277 1988 1345 ἀφ-

408 1360 677 1434 ορίζονται
708 1363 816 1416 ἀπὸ
839 1363 947 1416 τῶν
977 1363 1199 1432 φαύλων
1230 1367 1277 1418 οἱ
1308 1365 1522 1434 ἁγαθοὶ,
1552 1367 1601 1418 οἱ
1625 1367 1722 1436 μὲν
1745 1365 1989 1437 τιμώμε-

410 1470 513 1519 νοι,
555 1455 606 1507 oi
643 1454 700 1506 δὲ
737 1453 1106 1526 κολαζόμενοι.
1143 1457 1218 1509 Ui:
1254 1456 1363 1529 γὰρ
1389 1457 1607 1511 πάντων
1645 1458 1754 1511 τῶν
1782 1458 1988 1511 πιστῶν

408 1545 592 1614 ὅμοιος
624 1546 652 1597 ὁ
675 1547 892 1618 τρόπος.
920 1548 1033 1600 Ἵνα
1065 1547 1121 1600 δέ
1147 1547 1220 1618 μὴ
1245 1548 1439 1619 νομίσῃ
1460 1565 1564 1611 τις,
1593 1549 1675 1602 ὃτι
1700 1549 1804 1616 ἔξω
1829 1550 1987 1620 μόνον

413 1635 694 1706 βάλλονται
725 1639 772 1690 οἱ
799 1637 1016 1690 ἄπιστοι
1046 1637 1141 1691 καὶ
1167 1637 1432 1708 πονηροὶ,
1465 1640 1772 1709 ἐσήμανεν,
1802 1641 1882 1693 ὅτι
1910 1642 1988 1704 εἰς

409 1732 636 1804 διηνεκῆ
690 1731 911 1786 κόλασιν
969 1731 1429 1802 παραπέμπονται
1454 1746 1468 1760 ο
1522 1729 1632 1784 Καὶ
1679 1731 1988 1794 βαλοῦσιν

409 1825 632 1892 αὐτοὺς
651 1827 740 1892 εις
763 1824 878 1894 τὴν
903 1822 1156 1894 κάμινον
1177 1823 1282 1878 τοῦ
1310 1821 1520 1891 πυρὸς,
1568 1823 1661 1876 καὶ
1683 1823 1754 1876 τὰ
1781 1823 1928 1892 ἑξῆς.

1053 1916 1211 1968 ΚΕΦ.
1251 1915 1361 1967 IH'.

412 2009 559 2081 Στίχ.
588 2014 650 2062 ε’.
675 2007 798 2081 [Kal
825 2007 894 2081 ῥς
915 2005 1028 2081 ear
1065 2005 1309 2081 δέξηται
1353 2005 1591 2081 παιδίον
1625 2005 1895 2059 τοιοῦτον
1919 2005 1989 2059 ἓν

672 2074 771 2131 ἐπὶ
795 2076 872 2142 τῷ
896 2077 1140 2145 ὀνόματί
1156 2093 1275 2144 μου
1294 2115 1309 2140 ,
1344 2075 1448 2144 ἐμὲ
1475 2074 1728 2145 δέχεται.

487 2170 748 2240 Παραινεῖ
781 2167 1030 2238 δέχεσθαι
1083 2167 1210 2230 τοὺς
1249 2167 1473 2230 πιστοὺς
1518 2167 1610 2219 ἐπὶ
1645 2165 1723 2236 τῷ
1768 2166 1988 2237 ὀνόματι

416 2259 580 2316 αὐτοῦ
599 2260 655 2313 ἒν
673 2259 877 2314 παιδίον
891 2257 1188 2331 autaut-own
1199 2258 1258 2312 ἓν
1274 2259 1528 2312 τοιούτων
1548 2259 1594 2329 (I
1606 2259 1688 2330 0‘)
1705 2258 1812 2312 τῶν
1831 2277 1991 2312 πνευ-

420 2351 662 2424 ματικῶν
702 2353 794 2405 καὶ
837 2351 1281 2422 μεμορφωμένων
1322 2351 1413 2404 τὸν
1452 2348 1720 2422 Χριστὸν,
1757 2349 1899 2403 κατὰ
1929 2351 1990 2403 τὸ

415 2441 747 2496 ταπεινῶσαι
772 2440 833 2494 τὸ
872 2440 1064 2494 ἐαυτοῦ
1095 2441 1329 2512 πνεῦμα.
1369 2439 1526 2494 Κατὰ
1551 2440 1607 2493 δὲ
1634 2441 1726 2493 τὸν
1752 2441 1986 2503 Λουκᾶν,

414 2533 476 2587 τὸ
499 2532 844 2604 δεικνύμενον
867 2532 970 2585 ὑπὸ
1000 2529 1095 2584 τοῦ
1123 2533 1374 2604 Σωτῆρος
1404 2531 1612 2586 παιδίον
1635 2531 1886 2602 δέχεσθαι
1911 2531 1992 2585 δεῖ

416 2627 476 2678 ἐν
497 2625 574 2696 τῷ
591 2625 816 2696 ὀνόματι
831 2623 1018 2686 αὐτοῦ,
1047 2624 1134 2677 ἴνα
1158 2624 1216 2677 ἐν
1245 2622 1392 2694 αὺτῷ
1415 2621 1629 2695 δέξηται
1645 2624 1736 2677 τὸν
1757 2623 1990 2694 Χριστὸν

414 2717 546 2771 ὄντα
571 2715 664 2770 καὶ
691 2719 749 2770 ἐν
784 2717 861 2788 τῷ
898 2714 1196 2787 Πνεύματι.
1229 2717 1299 2768 Ἢ
1331 2714 1399 2770 ἓν
1435 2715 1726 2778 τοιοῦτον,
1775 2717 1896 2768 ἐπεὶ
1931 2716 1991 2770 ἐν

415 2809 522 2860 είσι
549 2807 748 2870 πάντες
769 2806 819 2859 οἱ
852 2805 1228 2877 πνευματικοί,
1251 2804 1555 2878 Προτρέπει
1581 2804 1638 2857 δὲ
1663 2807 1692 2858 ό
1722 2804 1878 2873 λόγος
1898 2805 1992 2858 καὶ

414 2897 476 2950 τὸ
499 2897 743 2968 δέχεσθαι
778 2896 885 2951 τῶν
915 2896 1100 2950 ἁπλῶν
1125 2895 1220 2950 καὶ
1263 2896 1484 2968 πραέων
1502 2899 1569 2968 τῇ
1604 2896 1801 2968 καρδίᾳ
1831 2898 1888 2949 ἐν
1913 2895 1992 2967 τῷ

415 2984 558 3056 λόγῳ
591 2984 846 3056 Χριστοῦ,
895 2983 1237 3038 Ἀνακόπτων
1280 2985 1342 3039 τὸ
1379 2985 1652 3056 φιλόνικον
1679 2985 1786 3039 τῶν
1819 2985 1992 3058 μαθηα

2082 540 2246 594 catio.
2281 538 2599 606 Operatorcs
2633 551 2870 607 sagente,
2917 535 3176 590 Dominus
3224 542 3331 597 est,
3383 545 3440 589 et
3471 535 3651 604 angeli

2084 630 2174 698 qui
2216 630 2485 684 accedunt
2531 637 2587 682 ut
2619 627 2925 682 ministrent
2953 625 3025 680 ei.
3058 623 3225 689 Vasa,
3265 634 3391 680 sunt
3424 625 3652 681 diversa:

2085 718 2419 774 mansiones.
2461 716 2576 772 Non
2611 719 2858 772 educitur
2887 725 3065 770 autem
3099 730 3322 784 sagena,
3352 717 3514 770 donec
3544 717 3653 784 ple-

2085 812 2268 866 nitudo
2298 810 2701 880 gentiumintret
2728 809 2852 863 ⁷-¹¹.
2885 809 2980 863 Vel
3005 810 3084 864 sic
3113 827 3128 862 :
3160 808 3386 877 Sagena,
3416 819 3498 862 est
3521 823 3651 876 apo-

2085 902 2275 956 stolica
2321 901 2566 954 doctrina
2594 938 2611 964 ,
2649 914 2771 967 qua;
2825 898 3302 953 indiscriminatim
3361 908 3654 967 congregat

2083 991 2302 1048 Iudaeos
2325 1001 2375 1046 et
2405 991 2642 1057 Grascos,
2692 990 2982 1054 Barbaros,
3032 990 3286 1060 Srytbas,
3328 1004 3538 1052 servos,
3587 989 3656 1044 li-

2085 1084 2270 1148 heros,
2316 1085 2489 1138 malos
2527 1090 2582 1135 et
2631 1080 2819 1136 bonos.
2866 1081 3035 1144 Mare,
3082 1091 3167 1136 est
3213 1081 3318 1133 vita
3351 1078 3653 1135 hominum.

2094 1175 2289 1241 Littus,
2323 1176 2447 1229 vitte
2472 1174 2614 1230 ﬁnis.
2654 1173 2708 1227 In
2740 1174 3202 1227 consummatione
3234 1186 3392 1234 vero,
3442 1172 3657 1239 quando

2088 1269 2338 1322 educitur
2378 1281 2600 1336 sagena,
2635 1277 2960 1335 separantur
3003 1278 3033 1317 a
3063 1263 3218 1318 malis
3249 1262 3415 1316 boui:
3464 1257 3554 1316 isti
3599 1272 3657 1314 ιιι

2089 1359 2448 1422 honorentur,
2502 1357 2581 1419 illi
2630 1367 2688 1410 ut
2733 1355 3045 1425 puniantur.
3096 1355 3213 1409 Non
3268 1355 3411 1410 enim
3473 1354 3657 1408 ﬁdeles

2088 1458 2278 1498 omnes
2323 1443 2486 1498 unius
2536 1444 2677 1498 modi
2720 1453 2866 1498 sunt.
2921 1443 2998 1497 Ac
3051 1457 3117 1497 ne
3165 1443 3287 1512 quis
3337 1438 3656 1508 arbitretur,

2088 1535 2230 1604 quod
2275 1532 2426 1589 foras
2473 1536 2734 1588 duntaxat
2777 1533 3064 1603 ejiciantur
3111 1533 3354 1588 inﬁdeles
3393 1543 3449 1588 et
3493 1531 3657 1598 mali,

2088 1626 2422 1695 signiﬁcavit.
2444 1639 2539 1680 eos
2570 1626 2623 1678 in
2651 1636 2909 1679 teternam
2935 1639 3150 1695 poenam
3185 1625 3345 1694 trudi,
3374 1624 3657 1694 inquiens:

2093 1718 2162 1773 Et
2191 1721 2393 1773 mittent
2428 1735 2514 1772 eos
2543 1720 2596 1772 in
2630 1716 2899 1786 fornacem
2925 1719 3060 1788 ignis
3093 1717 3157 1784 “,
3193 1728 3301 1772 etc.

2690 1908 2839 1965 CAP.
2872 1908 3057 1964 XVIII.

2091 2005 2157 2060 ν.
2186 2005 2242 2060 5.
2278 2004 2346 2060 Et
2385 2005 2982 2086 quicunqueausceperit
3012 2001 3304 2086 puellulam
3323 2001 3481 2058 talem
3499 2018 3658 2058 unum

2433 2093 2527 2145 pro
2560 2085 2763 2128 nomine
2790 2091 2924 2141 meo,
2961 2090 3043 2128 me
3067 2085 3307 2140 suscrptl.

2167 2167 2428 2223 Hortatur
2463 2166 2671 2230 ﬁdeles,
2724 2175 2782 2219 ut
2817 2164 3117 2236 suscipiant
3153 2181 3250 2233 pro
3280 2165 3498 2220 nomine
3545 2166 3662 2233 ejus

2092 2274 2260 2314 unum
2307 2257 2546 2328 puellum
2596 2254 2945 2324 huiusmodi,
2993 2255 3078 2310 vel
3137 2272 3299 2310 unum
3353 2255 3658 2323 lmjusmodi

2091 2351 2481 2421 spiritualium,
2518 2359 2573 2402 et
2606 2349 2658 2402 in
2693 2348 2889 2415 quibus
2924 2347 3192 2402 formatur
3232 2346 3479 2402 Christus
3506 2349 3660 2415 juxta

2091 2446 2339 2514 spiritum
2377 2458 2532 2497 suum
2561 2441 2652 2510 qui
2687 2439 3051 2494 humilitatem
3096 2439 3407 2492 insinuavit.
3451 2437 3662 2493 Secun-

2091 2539 2216 2591 dum
2250 2535 2450 2589 Lucam
2485 2547 2668 2601 porro,
2713 2530 2860 2584 illum
2912 2530 3110 2599 ipsum,
3160 2530 3250 2598 qui
3301 2546 3329 2583 a
3381 2529 3664 2584 Salvatore

2093 2636 2425 2683 monstratus
2454 2635 2558 2687 eat,
2619 2622 2857 2691 puellum
2899 2621 3179 2689 suscipere
3222 2631 3440 2689 oportet
3484 2621 3535 2673 in
3569 2639 3665 2674 no-

2093 2717 2240 2771 mine
2279 2714 2416 2782 ejus,
2450 2721 2509 2766 ut
2537 2713 2588 2766 in
2636 2711 2752 2780 ipso
2783 2709 3110 2779 suscipiatur
3148 2710 3422 2774 Christus,
3454 2711 3545 2780 qui
3580 2721 3665 2763 est

2091 2822 2145 2869 et
2189 2814 2242 2867 in
2296 2811 2527 2880 Spiritu.
2583 2806 2679 2862 Vel
2718 2823 2880 2860 unum
2930 2807 3110 2867 talem,
3159 2805 3284 2875 quia
3336 2821 3498 2858 unum
3539 2815 3666 2859 sunt

2093 2911 2403 2982 spirituales
2436 2921 2644 2963 omnes.
2675 2905 2944 2958 Admouet
2981 2912 3162 2957 autem
3203 2917 3402 2967 sermo,
3450 2909 3510 2956 ut
3538 2917 3666 2957 sus-

2093 3000 2362 3071 cipiantur
2403 3004 2458 3052 et
2508 2995 2819 3067 simplices,
2863 3003 3027 3062 atque
3086 2991 3354 3046 mansueti
3403 2991 3566 3045 corde
3611 2991 3663 3044 in

415 3077 524 3132 τῶν
557 3077 764 3148 (ἐπειδὴ
805 3078 893 3131 ὅτε
936 3079 985 3130 οἱ
1009 3077 1316 3130 διδάσκαλοι
1354 3078 1648 3148 μάχονται,
1711 3078 1989 3149 σχίσματα

2097 3113 2352 3157 sermone
2393 3097 2622 3153 Christi.
2667 3095 2847 3163 Atque
2895 3094 2976 3148 sic
3023 3089 3313 3147 succideus
3358 3091 3666 3145 contentio-

415 3169 655 3238 γίνονται
691 3169 900 3224 πολλῶν
941 3168 1470 3240 σκανδαλιζομένων,
1517 3167 1988 3240 βουλομέιωψτῶν

2095 3207 2218 3246 nem
2263 3177 2647 3263 discipulorum
2717 3184 2992 3258 (quoniam
3035 3182 3130 3238 ubi
3180 3182 3431 3237 doctores
3459 3181 3668 3234 vitititi-

417 3261 916 3333 σκανδαλιζομένων
950 3259 1283 3315 ἐπισπᾶσθαι
1313 3261 1392 3324 είς
1420 3260 1614 3323 αὐτοὺς
1647 3261 1770 3322 τοὺς
1790 3261 1990 3331 ἀκροα-

415 3355 558 3426 τὰς),
595 3356 850 3429 προλέγει
900 3354 996 3427 τὴν
1033 3353 1148 3426 μετ’
1173 3353 1350 3408 αὐτῶν
1391 3353 1679 3424 τιμωρίαν.
1725 3353 1896 3406 Τοῦτο
1933 3351 1991 3406 δὲ

417 3447 855 3517 ἐπιτεταγμένως
889 3445 1100 3517 ἐλέχθη.
1125 3446 1415 3500 Τουτέστιν
1436 3443 1537 3498 κᾶν
1560 3443 1750 3516 εὐτελῆ
1780 3443 1990 3517 ἄνθρω-

417 3555 517 3590 πον
533 3538 639 3591 τῶν
655 3537 858 3591 πιστῶν
881 3537 1287 3609 σκανδαλίσητε,
1311 3537 1502 3609 βαρεῖα
1527 3538 1680 3590 ἔσται
1697 3535 1818 3590 καθ’
1837 3537 1866 3589 ύ
1874 3535 1991 3608 μῶν

418 3629 454 3699 ἡ
483 3629 739 3699 τιμωρία.
776 3628 886 3699 Τὴν
909 3628 1019 3701 γὰρ
1049 3629 1321 3700 ἀφόρητον
1350 3627 1618 3700 τιμωρίαν
1645 3628 1733 3681 διὰ
1756 3626 1850 3680 τοῦ
1889 3626 1992 3699 μύ-

417 3716 510 3770 λου
535 3718 630 3772 και
647 3717 1085 3789 καταποντισμοῢ
1111 3718 1386 3788 σημαίνει,
1413 3718 1512 3788 τὴν
1545 3717 1810 3788 ἐσομένην
1854 3715 1994 3788 μετὰ

418 3809 526 3862 τῶν
550 3810 676 3873 τοὺς
711 3808 981 3873 τοιούτους
1022 3809 1371 3881 ὑϐριζόντων.
1409 3809 1710 3863 Σκάνδαλον
1749 3808 1858 3878 γὰρ
1906 3809 1993 3861 ἐν-

418 3900 594 3955 ταῦθα
615 3901 712 3972 τὴν
735 3901 890 3973 ὓϐριν
923 3901 1096 3954 καλεῖ.
1129 3899 1312 3953 Ταῦτα
1337 3899 1395 3953 δέ
1417 3916 1593 3970 φημι,
1628 3899 1813 3972 ἐπειδὴ
1835 3901 1884 3952 οί
1907 3917 1994 3970 μι-

418 3995 543 4067 κροὶ
568 3993 1004 4048 εὐσκανδάλιστοί
1033 3996 1191 4057 εἰσιν,
1225 3993 1311 4046 ἵνα
1339 3991 1415 4063 μὴ
1441 3992 1868 4064 καταφρονῶμεν
1892 3993 1991 4046 αύ-

416 4089 548 4142 τῶν.
594 4087 651 4142 Ὀ
677 4087 784 4160 γὰρ
810 4089 983 4158 μέγας
1003 4087 1097 4141 καὶ
1115 4087 1318 4151 τέλειος
1340 4089 1395 4140 ἐν
1416 4087 1582 4158 ἀρετῇ
1609 4085 1810 4148 παντὸς
1832 4103 1994 4139 σκαν-

414 4179 577 4235 δάλου
603 4182 951 4251 καταφρονεῖ.
988 4179 1076 4246 Ἐξ
1098 4173 1172 4234 ὧν
1195 4179 1251 4232 δέ
1273 4179 1525 4250 προλέγει
1550 4179 1644 4232 καὶ
1669 4176 1856 4250 θρηνεῖ
1867 4179 1993 4240 τοὺς

416 4272 690 4338 τοιούτους
712 4314 726 4338 ,
765 4272 980 4326 δίδωσιν
1013 4273 1196 4336 αὐτοῖς
1226 4272 1420 4343 καιρὸν
1457 4270 1760 4343 μετανοίας.
1808 4267 1990 4322 Εἰπὼν

416 4363 494 4427 δὲ,
527 4361 794 4432 Ἀνάγκη,
823 4363 922 4415 οὐκ
945 4363 1159 4432 ἀναιρεῖ
1175 4362 1235 4415 τὸ
1258 4360 1618 4428 αὐτεξούσιον,
1635 4357 1769 4413 ἀλλὰ
1785 4358 1845 4411 τὸ
1860 4374 1993 4428 προ-

417 4455 713 4524 γνωστικὸν
753 4452 846 4507 τοῦ
894 4453 1111 4517 πάντως
1156 4453 1413 4525 ἐσομένου
1455 4451 1624 4523 δηλοῖ.
1666 4450 1757 4504 Διὸ
1797 4449 1890 4503 καὶ¹

415 4547 552 4602 οὐαὶ
586 4547 768 4609 αὐτοῖς
816 4547 1097 4614 ἐπιφωνεϊ,
1149 4545 1224 4609 ὡς
1275 4545 1535 4608 ἑκουσίως
1569 4544 1844 4596 πταίουσι.
1879 4539 1988 4594 Κόσ-

416 4640 571 4695 λασιν
598 4639 655 4694 δὲ
669 4639 816 4708 λέγει
827 4639 954 4702 τοὺς
967 4638 1238 4710 ἀσέμνους
1265 4640 1314 4704 (ί
1327 4641 1378 4710 I)
1419 4637 1627 4703 ζῶντας
1647 4634 1986 4708 ἀνθρώπους.

2092 3291 2242 3355 gant,
2292 3283 2589 3336 schismata
2636 3279 2792 3344 ﬁunt,
2843 3275 3227 3330 scandalizatis
3278 3273 3484 3338 multis,
3536 3274 3664 3326 dum

2093 3375 2187 3446 qui
2217 3372 2684 3436 scandalizantur,
2717 3370 2935 3424 student
2978 3367 3202 3422 trahere
3233 3367 3285 3419 in
3324 3375 3508 3434 partes
3538 3380 3667 3419 suas

2095 3467 2418 3532 auditores),
2438 3459 3036 3534 praedicitindicibilem
3063 3459 3322 3512 ultionem
3353 3471 3513 3525 qnam
3543 3469 3665 3510 cum

2093 3576 2202 3632 illis
2239 3573 2470 3630 subituri
2521 3578 2670 3625 sunt.
2719 3568 2835 3623 IIoc
2882 3581 3012 3621 vero
3048 3579 3170 3619 cum
3222 3562 3548 3618 auctoritate
3595 3561 3669 3616 di-

2094 3679 2239 3724 ctum
2269 3673 2371 3720 est.
2398 3663 2622 3731 Nempe,
2661 3661 2704 3715 si
2742 3659 2826 3714 vel
2858 3655 3129 3713 hominem
3167 3654 3378 3709 ﬁdelem
3405 3667 3570 3708 unum
3600 3653 3667 3706 de

2097 3758 2261 3814 trivio
2291 3751 2823 3814 scandalizaveritis,
2863 3747 3045 3818 gravis
3084 3762 3181 3801 vos
3213 3755 3396 3800 manet
3430 3742 3664 3812 punitio.

2093 3847 2434 3905 Intolerabile
2493 3857 2733 3913 namque
2780 3841 3145 3912 supplicium,
3212 3853 3312 3909 per
3360 3837 3561 3891 molam
3610 3845 3660 3889 et

2093 3955 2490 4012 demersionem
2521 3948 2795 4020 signiﬁcat
2825 3961 3037 4009 eorum,
3071 3942 3163 4014 qui
3195 3942 3330 3997 tales
3362 3940 3557 4009 injuria
3588 3939 3670 3992 af-

2094 4046 2343 4103 fecerint.
2395 4040 2721 4097 Scandalum
2757 4038 2902 4092 enim
2973 4036 3061 4090 hic
3107 4034 3365 4104 injuriam
3405 4029 3664 4099 appellat.

2097 4140 2219 4194 Haec
2250 4151 2413 4208 porro
2461 4135 2608 4197 dico,
2641 4141 2703 4184 ut
2752 4131 2877 4199 quia
2932 4125 3142 4196 parvuli
3197 4123 3356 4178 facile
3389 4120 3667 4177 scandaIi--

2095 4243 2308 4290 zantur.
2350 4244 2458 4282 non
2489 4236 2903 4280 contemnamus
2947 4233 3062 4274 eos.
3114 4215 3216 4282 Qui
3262 4214 3406 4268 enim
3440 4226 3668 4280 magnus

2094 4343 2158 4381 ac
2188 4323 2462 4394 perfectus
2492 4319 2544 4373 in
2584 4316 2790 4369 virtute
2815 4320 2919 4376 est,
2947 4323 3110 4366 omne
3141 4305 3485 4379 parvipeudit
3507 4317 3670 4357 scau-

1929 4407 1991 4500 σέδ
2026 4432 2302 4519 Ddalum.
2351 4427 2429 4482 Ex
2476 4438 2542 4480 eo
2571 4434 2735 4492 porro
2782 4419 2939 4519 (Ill-0d.
2976 4412 3263 4519 prfdicit,
3317 4421 3374 4466 et
3425 4407 3671 4510 deplorat

2102 4523 2350 4580 homines
2397 4513 2729 4585 bujusmodi,
2779 4509 2967 4564 tribuit
3013 4505 3125 4560 illis
3161 4515 3371 4572 tempus
3398 4499 3670 4570 paeniten-

2097 4618 2205 4671 tiae.
2238 4612 2372 4669 Cum
2420 4623 2552 4663 vero
2585 4607 2752 4668 dicat,
2788 4601 3009 4656 Necesse
3043 4606 3143 4663 est,
3194 4612 3301 4650 non
3356 4593 3494 4648 tollit
3525 4589 3671 4644 arbi-

419 4740 509 4797 trii
560 4741 892 4800 libertatem,
950 4739 1045 4792 sed
1105 4738 1344 4794 ostendit
1407 4735 1880 4807 praecognitionem
1912 4745 2065 4785 suam
2104 4728 2173 4784 de
2219 4726 2384 4781 rebus
2430 4720 2652 4777 omnino
2679 4711 2975 4771 eventuris.
3007 4706 3372 4807 Quamobrem
3402 4702 3568 4759 etiam
3602 4701 3670 4802 tle

417 4834 528 4892 illis
568 4838 688 4893 om!
745 4838 1053 4904 exclamat,
1105 4845 1362 4905 tanquam
1408 4800 1502 4901 qui
1549 4800 1742 4898 sponte
1781 4828 2057 4882 labantur.
2127 4819 2465 4890 Supplicium
2535 4823 2718 4868 autem
2753 4819 2908 4866 vocat
2961 4807 3214 4864 homines
3278 4800 3534 4855 indecore
3588 4800 3673 4846 vt-

416 4941 627 4988 ventes.

416 5023 508 5076 Στ.
533 5023 600 5075 κ’.
625 5015 707 5075 Οὔ
726 5017 836 5088 γάρ
849 5019 967 5072 εἰσι
989 5017 1098 5071 δύο
1122 5013 1340 5088 ἢίτρεῒς
1357 5013 1401 5088 I
1418 5007 1880 5088 I‘)_a'vvngjt§~r0t
1904 5009 1991 5073 εὶς

556 5093 624 5146 τὸ
647 5083 811 5160 ἐμόν’
827 5089 1033 5158 ὄνομα,
1059 5083 1187 5141 ἐκεῖ
1203 5089 1318 5155 ειμι
1348 5085 1416 5138 ἐν
1439 5083 1606 5153 μέσῳ
1631 5083 1846 5136 αὐτῶν.

417 5186 507 5240 Στ.
529 5192 636 5241 κα¹.
665 5183 800 5239 Τότε
831 5179 1182 5251 προσελθὼν
1200 5176 1360 5243 αὐτῷ
1383 5180 1418 5251 _d
1443 5169 1853 5251 Hétpqggigs
1877 5172 1992 5225 Κῦ-

479 5273 594 5326 pte,
623 5244 886 5326 ποσάκιςῖ
908 5250 1243 5326 ρμρρζήσει
1263 5248 1474 5326 εὶςιὲμὲ
1493 5249 1526 5301 ὁ
1566 5244 1824 5312 ἀδελφός
1847 5259 1986 5311 μου,

485 5317 822 5395 stalagmia»
853 5317 1049 5386 αὺέῷξ
1074 5317 1184 5385 ἕως
1215 5317 1462 5384 ἑπτάκις
1478 5334 1496 5381 ;

484 5417 592 5471 Δύο
613 5412 947 5486 συνημμένοι
984 5412 1076 5465 ἐπὶ
1106 5409 1184 5481 τῷ
1215 5410 1310 5463 τοῦ
1346 5406 1582 5478 Χριστοῦ
1615 5405 1857 5477 ὀνόματι,
1889 5401 1992 5455 σῶ-

521 5560 618 5603 τ-ίί
659 5558 815 5614 Rom.
854 5572 930 5621 ιι,
971 5553 1062 5609 25.
1138 5553 1182 5583 ¹¹
1213 5550 1403 5605 Matth.
1441 5565 1560 5616 xm,
1587 5546 1674 5601 50.

487 5678 624 5747 (IO‘)
660 5675 964 5747 Τοιούτωζ.
989 5669 1153 5724 Forte
1182 5664 1444 5730 τοιοῦτον,
1495 5673 1554 5720 ut
1595 5673 1647 5721 et
1712 5661 1982 5731 interpres

415 5741 617 5821 legisse
649 5749 878 5804 videtur.
916 5741 1077 5796 EDIT.

771 5865 1045 5927 Ρηιιοι..
1089 5859 1206 5922 Gn.
1255 5853 1456 5918 XVII.

2091 5000 2159 5056 Ἴ.
2204 4996 2298 5052 ΞΟ.
2339 4993 2440 5049 Ubi
2475 4991 2754 5046 enimsunt
2789 4986 2894 5039 duo
2915 4982 2995 5038 vel
3031 4992 3137 5056 tres
3169 4978 3400 5044 coaptati
3421 4976 3478 5030 in
3495 4991 3666 5030 meum

2342 5080 2553 5125 nomen,
2597 5061 2670 5114 ibi
2713 5075 2828 5114 sum
2865 5058 2920 5109 in
2957 5054 3130 5107 medio
3173 5066 3378 5106 eorum.

2095 5163 2158 5218 γ.
2189 5161 2281 5215 2|.
2324 5156 2470 5211 Tunc
2517 5151 2766 5206 accedens
2808 5149 3039 5218 adeum
3081 5142 3300 5218 Petrus,
3335 5140 3506 5193 dixit:
3559 5136 3671 5218 Do-

2164 5213 2337 5292 niine,
2368 5224 2572 5296 quoties
2609 5216 2845 5296 peccabit_
2891 5216 2944 5296 in
2989 5231 3069 5269 me
3108 5213 3277 5282 frater
3307 5227 3450 5264 meus
3493 5221 3540 5262 et
3583 5213 3670 5260 di-

2165 5287 2490 5354 mittain'ei?
2523 5287 2684 5361 usque
2717 5287 2944 5353 septies?

2166 5395 2284 5450 Duo
2332 5385 2571 5458 coaptati
2618 5398 2718 5455 pro
2764 5379 2967 5437 Christi
3005 5376 3249 5442 nomine,
3294 5382 3424 5430 sunt
3471 5383 3669 5439 corpus

2157 5651 2177 5720 (
2187 5649 2206 5704 I
2224 5648 2286 5720 Ι)Δ
2314 5644 2663 5720 ἶᾼονέμνους.
2692 5637 2855 5720 Forte
2870 5635 3179 5720 gestiama
3194 5630 3356 5720 [ειη-ι’.

2226 5692 2298 5791 ίί)
2317 5692 2850 5787 Ιξξισυνηγμένοι.
2867 5707 2964 5762 lIic
2979 5692 3039 5762 ἀι
3053 5705 3106 5760 in
3117 5692 3282 5768 'seqq.
3303 5698 3488 5758 confer
3503 5692 3668 5750 edita.

3191 5818 3263 5880 10
