4172 6398
353 373 451 428 σοι

1565 360 1855 418 SCIIOLIA
1895 358 1963 414 IN
2004 358 2450 418 MATTHAZUM.

3524 361 3630 416 30'2

351 484 661 541 ἀπαιτοῦσα
694 485 821 548 τοὺς
867 482 1156 545 Ἰουδαίους
1191 479 1288 552 τὴν
1313 480 1422 533 τῶν
1461 479 1820 550 πταισμάτων
1857 494 1940 529 τι-

2046 477 2230 531 statim
2262 476 2447 546 exegit
2473 476 2542 529 ab
2575 473 2778 530 Judaeis
2811 474 3106 531 criminum
3155 490 3364 546 poenas.
3400 475 3626 531 Exartio

355 578 591 650 μωρίαν.
633 577 982 643 Ἀπαίτησις
1002 575 1058 628 δὲ
1081 572 1329 642 καρπῶν
1345 575 1372 626 6
1393 571 1614 643 ἔννομος
1636 569 1748 641 βίος
1768 587 1782 599 ·
1809 571 1943 622 Kai-

344 668 457 738 ρὸς
489 666 693 722 αὐτῶν
717 669 751 738 ή
780 666 1092 738 προφητικὴ
1126 664 1444 734 ἀπαίτησιςο
1488 662 1701 716 Δοῦλοι
1736 659 1939 732 πρῶτοι

353 762 448 815 καὶ
470 760 715 832 δεύτεροι
737 758 1002 822 παθόντες
1025 756 1245 821 ἄτοπον,
1263 757 1311 808 οἱ
1337 755 1474 809 κατὰ
1502 754 1792 826 διαφόρους
1817 769 1940 806 και-

358 856 486 927 ροὺς
502 851 900 916 ἀποσταλέντες
918 850 1217 923 προφῆται,
1237 844 1316 913 οἷς
1337 849 1472 917 (15⁴)
1490 847 1584 900 τὸν
1605 847 1702 917 μὲν
1713 846 1802 916 ἕδη
1811 861 1931 916 ραν,

355 947 432 1012 ὡς
457 946 719 1017 Μιχαίαν,
743 943 1084 1010 πατάξαντος
1099 943 1192 995 ἐπὶ
1219 940 1446 1009 σιαγόνα
1470 939 1719 992 Σεδεκίου
1736 953 1748 965 ·
1779 937 1870 989 τὸν
1885 936 1942 989 δὲ

356 1037 706 1099 ἀπέκτειναν,
740 1035 816 1098 ὡς
854 1033 1128 1105 Ζαχαρίαν
1148 1073 1163 1096 ,
1203 1030 1404 1102 μεταξὺ
1434 1028 1528 1082 τοῦ
1564 1027 1692 1082 ναοῦ
1726 1024 1940 1080 καὶτοῦ

357 1127 745 1198 θυσιαστηρίου
767 1144 780 1157 ο
822 1125 912 1178 τὺν
939 1125 998 1178 δὲ
1043 1122 1424 1193 ἐλιθοϐόλησαν
1444 1164 1458 1187 ,
1491 1121 1567 1184 ὼς
1602 1121 1802 1192 Ζαριοὺ
1827 1118 1942 1171 υἱὸν

369 1220 550 1275 ἰωδτὲ
587 1220 680 1272 τὸν
718 1219 890 1291 ἱερέα.
927 1216 1080 1287 Τάχα
1109 1216 1164 1268 δὲ
1182 1215 1488 1284 ἁμπελὼν,
1518 1213 1550 1284 ἢ
1579 1213 1692 1284 (16)
1726 1213 1758 1283 ὴ
1788 1210 1942 1281 βασι-ν

358 1312 478 1365 λεία
500 1311 595 1365 τοῦ
624 1311 759 1364 Θεοῦ
779 1350 796 1375 ,
829 1312 923 1365 καὶ
961 1309 1029 1362 τά
1065 1312 1339 1381 μυστήρια
1372 1307 1538 1362 αὑτοῦ
1579 1309 1634 1359 ἐν
1669 1307 1819 1377 νόμῳ
1850 1305 1943 1357 καὶ

359 1406 689 1476 προφήταις,
715 1403 810 1457 καὶ
840 1406 906 1474 τῇ
931 1402 1066 1476 ἄλλῃ
1110 1401 1448 1472 φυσιολογίᾳ.
1477 1399 1706 1468 Καρποὶ
1729 1398 1785 1451 δὲ
1808 1400 1836 1450 6
1860 1399 1946 1450 ἐν·

358 1499 549 1571 ἀρετος
581 1499 638 1550 ἐν
671 1495 826 1566 sese;
856 1495 989 1565 βίος.
1028 1493 1299 1563 Φραγμός
1323 1495 1352 1546 6
1373 1491 1590 1560 λογικὸς
1618 1491 1814 1554 τόπος,
1849 1490 1946 1542 καὶ

356 1589 418 1642 τὸ
440 1588 695 1660 γράμμα,
723 1589 798 1652 ὡς
831 1587 906 1659 μὴ
935 1585 1327 1640 κατοπτεύοιτο
1345 1588 1457 1648 τοῖς
1488 1583 1591 1650 ἔξω
1615 1582 1683 1635 τὰ
1703 1598 1944 1652 κεκρυμ-

360 1683 498 1754 μένα
534 1683 828 1753 μυστήρια.
864 1679 1062 1747 Ληνὸς
1092 1678 1153 1732 τὸ
1187 1676 1348 1749 βάθος
1374 1677 1475 1746 τῆς
1500 1675 1796 1746 δεχομένης
1819 1675 1946 1736 τοὺς

358 1775 607 1844 καρποὺς
645 1774 770 1836 τοὺς
807 1775 907 1844 τῆς
946 1771 1122 1843 ψυχῆς
1146 1813 1158 1835 ,
1193 1771 1302 1823 πᾶν
1335 1769 1428 1822 ἐπὶ
1455 1767 1690 1838 πόλεμον
1718 1764 1943 1819 ἐπιϐαλ-

357 1839 574 1935 λούσης.
625 1839 992 1932 Πύργοξκαὶ
1024 1839 1368 1946 ⁷διῃρημένος
1417 1858 1545 1930 περὶ
1586 1855 1721 1910 Θεοῦ
1763 1855 1938 1946 λόγος.
1975 1839 2018 1893 Β

355 1955 502 2018 Ναὸς
539 1955 638 2025 μὲν
665 1957 697 2024 ή
730 1953 822 2006 τοῦ
853 1955 909 2005 ὲν
945 1951 1095 2022 αὐτῷ
1124 1944 1270 2004 θείου
1305 1949 1434 2004 ναοῦ
1454 1944 1859 2018 (Π).Γεωργοί
1891 1945 1940 1996 οἱ

358 2047 565 2117 πρῶτοι
593 2045 974 2107 πιστευθέντες
1002 2043 1074 2096 τὰ
1103 2043 1262 2112 λόγια
1293 2041 1387 2095 τοῦ
1422 2039 1558 2094 Θεοῦ
1580 2059 1593 2070 ·
1628 2034 1710 2103 οἷς
1737 2039 1940 2109 ἀποδη-

359 2139 455 2206 μεῖ
479 2138 558 2200 εἰς
589 2135 687 2206 τὴν
720 2134 886 2189 αὑτοῦ
931 2137 1216 2206 περιοπείν
1248 2133 1382 2204 (18),
1426 2131 1550 2196 δοὺς
1578 2129 1850 2202 ἀφορμὴν,
1883 2126 1943 2193 ἐξ

355 2224 433 2287 ὦν
473 2232 636 2295 αὐτὸς
681 2232 981 2302 ἐφύτευσε,
1028 2228 1282 2303 φραγμόν
1332 2245 1390 2281 τε
1440 2226 1669 2298 ἔθηκεν,
1703 2224 1941 2298 ὣρυξεν,

357 2325 696 2396 ᾠκοδόμησε,
727 2325 819 2378 τοῦ
850 2325 1036 2396 φέρειν
1073 2323 1307 2395 καρπόν.
1340 2321 1556 2390 Καιρὸς
1589 2319 1852 2389 καρπῶν,
1882 2319 1942 2372 δν

357 2411 501 2467 οἶδεν
527 2415 942 2485 οἰκοδεσπότης,
977 2414 1118 2482 τάχα
1153 2413 1252 2482 οὐχ
1290 2412 1371 2464 ὅτι
1412 2408 1634 2479 ἐκφύειν
1665 2405 1870 2477 φύλλα,
1905 2406 1940 2476 ἢ

358 2509 666 2580 κυπρίζειν,
689 2507 722 2578 ἢ
745 2504 1146 2577 όμφακίζειν,ἢ
1170 2501 1496 2575 τρυγᾶσθαι·
1525 2495 1634 2553 οἷον
1650 2501 1700 2553 οἰ
1722 2501 1821 2570 τῆς
1846 2515 1942 2569 νη-

357 2599 636 2669 πιότητος,
672 2596 704 2667 ἢ
737 2597 838 2668 τῆς
874 2593 1323 2665 συμπληρώσεως
1351 2591 1445 2644 τοῦ
1474 2590 1664 2659 λόγου,
1698 2590 1732 2660 ἢ
1765 2591 1814 2642 οἱ
1846 2588 1942 2659 τῆς

358 2693 418 2744 ὲν
447 2692 615 2763 ἀρετῇ
643 2687 950 2760 προκοπῆς,
986 2686 1018 2759 ἢ
1051 2687 1225 2758 ἀρχῆς
1249 2702 1260 2715 ⁵
1295 2687 1344 2738 οἱ
1371 2685 1427 2738 δὲ
1457 2685 1556 2754 τῆς
1580 2683 1819 2754 ἀγάπης,
1850 2682 1945 2735 καὶ

357 2785 554 2856 χαρᾶς,
590 2781 686 2834 καὶ⁵
716 2781 961 2851 εἰρήνης,
995 2779 1090 2833 καὶ
1110 2778 1219 2831 τῶν
1248 2777 1470 2832 λοιπῶν.
1500 2777 1712 2831 Δοῦλοι
1734 2777 1783 2828 οἱ
1812 2791 1946 2846 προ-

357 2871 526 2941 φῆται
546 2871 614 2924 τὰ
647 2869 993 2941 πνευματικὰ
1015 2867 1364 2941 καρπώματα
1396 2868 1750 2931 ἀπαιτοῦντες
1779 2883 1947 2938 προσ-

359 2963 511 3032 άγειν
541 2963 618 3026 ὡς
652 2964 816 3033 ἱερεῖς
848 2961 926 3031 τῷ
957 2960 1096 3032 Θεῷ.

989 3236 1146 3289 ΚΕΦ.
1188 3236 1314 3288 ΚΔ’.

358 3327 508 3400 Στίχ.
540 3328 620 3400 με’
630 3355 648 3383 .-
672 3328 775 3400 ,Τίς
797 3327 912 3400 ἄρα
935 3328 1109 3381 ἐστὶν
1145 3330 1178 3381 ό
1200 3324 1415 3400 πιστὸς
1435 3324 1664 3400 δοῦλος
1681 3325 1786 3400 καὶ.
1804 3327 1946 3400 φηρρ-

429 3395 621 3469 νῖὶμὸς,
653 3399 726 3451 ὃν
753 3395 1131 3469 κατέστησεν
1159 3400 1193 3452 ό
1241 3398 1443 3464 κύριος
1479 3395 1668 3450 αὐτοῦ
1693 3395 1793 3449 ἐπὶ
1834 3395 1946 3466 τῆς

429 3467 745 3537 θεραπείας
777 3467 1000 3532 αὺτοῦ;

432 3560 548 3630 (19)
565 3559 718 3630 Τάχα
745 3559 1060 3630 παροξύνων
1091 3561 1171 3622 εἰς
1192 3558 1250 3611 τὺ
1279 3557 1512 3630 ζητῆσαι
1537 3559 1634 3614 ἕνα
1661 3558 1780 3614 τινὰ
1803 3558 1943 3612 σπά-

359 3669 492 3708 νιον.
524 3654 602 3722 Τῇ
633 3651 744 3723 γάρ
774 3650 867 3704 τοῦ
901 3650 1016 3719 ἄρα
1056 3649 1359 3722 ἀμφιϐολίᾳ
1404 3651 1465 3702 τὸ
1515 3651 1739 3704 σπάνιον
1771 3647 1944 3715 ἔδειξε

359 3741 456 3796 τοῦ
486 3741 730 3796 τοιούτου
759 3741 1066 3812 οἰκονόμου,
1099 3741 1194 3793 καὶ
1219 3741 1318 3792 οὐκ
1347 3740 1506 3795 ἄλλον
1540 3739 1704 3794 αὑτοῦ
1732 3740 1824 3795 τὸν
1851 3758 1944 3793 πι-

362 3826 486 3880 στὸν
538 3827 633 3879 καὶ
671 3827 933 3898 φρόνιμον
975 3827 1254 3898 οἰκονόμον
1278 3826 1464 3891 εἰδὼς,
1497 3828 1946 3900 κατασταθμαζό-

365 3935 526 3989 μενον
569 3919 662 3971 ἐπ)⁵
697 3921 810 3981 τοῖς
848 3918 941 3972 τοῦ
985 3919 1200 3990 Πατρὸς
1229 3917 1446 3991 ἔργοις,
1481 3918 1625 3986 λέγω
1665 3920 1722 3972 δὲ
1760 3921 1852 3972 ἐπὶ
1876 3923 1943 3992 τῇ

359 4011 761 4083 ἀνθρωπότητι.
803 4012 888 4075 Ὡς
910 4011 1020 4082 γὰρ
1042 4011 1170 4082 περὶ
1195 4011 1384 4082 ἑτέρου
1413 4011 1580 4079 λέγει,
1614 4011 1945 4075 ἐπισκιάζων

359 4103 491 4157 αὐτὸ
524 4106 590 4175 τῇ
627 4104 899 4175 ὑπερϐολῇ
932 4104 1030 4174 τῆς
1062 4103 1274 4172 σοφίας.
1308 4102 1502 4156 Δοῦλον
1523 4104 1580 4156 δὲ
1608 4102 1800 4156 ἑαυτὸν
1823 4097 1945 4155 εἷπε

357 4193 446 4248 διά
479 4193 540 4246 τὸ
575 4195 790 4264 μορφὴν
816 4193 1002 4248 δούλου
1037 4194 1240 4251 λαϐεῖν.
1276 4193 1419 4264 Ὅρα
1451 4193 1507 4247 δὲ
1539 4195 1586 4246 εἰ
1616 4192 1690 4265 μὴ
1721 4193 1947 4248 τοιαῦτα

359 4288 798 4360 ἐγχειρισθέντας
837 4289 1168 4352 ἐπισκόπους
1203 4289 1296 4342 καὶ
1323 4289 1674 4352 διδασκάλους
1705 4288 1947 4341 δυσωπεῖ

357 4385 386 4437 ὁ
418 4383 576 4451 λόγος
602 4380 878 4454 φρονίμως
905 4382 1120 4452 ἑκάστῳ
1139 4381 1208 4434 τὰ
1233 4384 1354 4436 κατ’
1380 4381 1534 4446 ἀξίαν
1563 4381 1820 4454 χρῆσθαι,
1851 4383 1944 4435 καὶ

358 4475 738 4545 ἐπιστημόνως
794 4473 894 4538 τὰς
954 4472 1330 4543 πνευματικὰς
1379 4473 1692 4527 διατάσσειν
1738 4473 1945 4545 τροφὰς

1971 3210 2018 3271 C

2043 567 2334 637 fructuum,
2371 577 2452 624 est
2510 568 2623 622 vita
2675 568 2938 638 legitima.
2995 567 3220 638 Tempus
3263 585 3445 624 eorum
3477 609 3494 635 ,
3542 579 3626 623 est

2043 662 2360 733 prophetica
2418 661 2656 718 exactio.
2724 661 2877 717 Servi
2925 661 3086 731 primi
3148 671 3203 717 et
3254 663 3478 730 secundi
3534 663 3624 724 qui

2043 753 2437 807 contumeliose
2477 751 2691 820 excepti
2744 750 2987 816 fuerunt,
3031 760 3159 805 sunt
3203 752 3484 820 prophetze
3532 753 3622 819 qui

2045 844 2172 899 aliis
2203 855 2368 914 atque
2416 843 2538 899 aliis
2572 843 2913 912 temporibus
2947 844 3098 899 missi
3147 843 3340 898 fuere:
3391 860 3456 898 ex
3505 842 3626 913 qui-

2045 937 2146 992 bus
2195 936 2359 991 alium
2393 936 2726 1004 ceciderunt,
2761 947 2820 991 ut
2866 936 3172 1000 hiichznam,
3221 952 3382 1006 quem
3429 937 3482 991 in
3534 951 3627 1003 ge-

2046 1045 2168 1085 nam
2213 1031 2484 1100 percussit
2518 1029 2817 1086 Sedecias:
2855 1030 3020 1084 alium
3053 1029 3396 1094 occiderunt,
3440 1037 3498 1082 ut
3526 1027 3627 1084 Za-

2045 1123 2312 1185 chariam,
2363 1123 2508 1176 inter
2537 1122 2796 1190 templum
2845 1133 2903 1176 et
2948 1121 3160 1186 altare;
3207 1121 3371 1176 alium
3421 1120 3626 1192 lapida-

2047 1225 2260 1280 vcrunt,
2312 1224 2371 1269 ut
2422 1213 2587 1268 Zariu
2637 1214 2806 1269 liliqu
2847 1213 2996 1270 Joda:
3043 1216 3402 1270 sacerdotem.
3446 1215 3628 1269 Facile

2046 1309 2209 1362 etiam
2257 1306 2424 1361 Vinea
2461 1308 2522 1362 fit
2572 1323 2798 1378 regnum
2838 1307 2967 1373 Dei,
3011 1318 3066 1361 et
3125 1309 3382 1377 mysteria
3421 1308 3537 1378 ejus
3572 1308 3625 1365 in

2047 1400 2162 1472 lnge
2191 1409 2244 1455 et
2276 1400 2580 1470 praphetis,
2614 1417 2676 1456 ac
2709 1401 2916 1470 reliqua
2947 1411 3154 1455 natura:
3179 1400 3446 1455 doctrina.
3487 1399 3627 1454 Fru-

2046 1503 2186 1556 ctus,
2222 1491 2466 1547 virtuosa
2512 1492 2754 1546 moribus
2792 1493 2927 1546 vita.
2975 1491 3159 1561 Sepes,
3203 1492 3355 1546 locus
3387 1492 3629 1552 rationa-

2047 1584 2113 1638 lis
2156 1595 2210 1638 et
2261 1583 2495 1653 ipsamet
2529 1585 2733 1651 littera,
2772 1593 2831 1637 ut
2873 1598 2981 1638 non
3010 1593 3257 1653 paterent
3302 1585 3367 1638 iis
3406 1585 3500 1654 qui
3533 1599 3627 1638 cx-

2049 1675 2190 1729 terni
2224 1684 2401 1739 erant,
2439 1675 2655 1729 occulta
2701 1675 2982 1745 mysteria.
3035 1673 3316 1741 Torcular,
3350 1676 3629 1745 profundi—

2051 1776 2132 1820 tas
2161 1767 2359 1820 animae
2404 1765 2613 1821 fructus
2659 1767 3044 1834 suscipientis,
3093 1768 3274 1821 omnia
3325 1768 3376 1822 itt
3427 1768 3625 1823 bellum

2047 1856 2398 1913 eﬂ'undentis.
2434 1856 2619 1911 Turris
2659 1857 2824 1911 etiam
2854 1858 3143 1913 distinctus
3171 1859 3238 1913 de
3278 1858 3388 1913 Deo
3421 1875 3625 1914 sermo.

2046 1951 2330 2022 Templum
2381 1951 2638 2022 quidem,
2703 1966 2823 2021 quae
2853 1951 2906 2005 in
2938 1952 3057 2021 ipso
3104 1950 3382 2023 ['stelletta
3437 1953 3625 2025 senza]

2045 2056 2173 2101 nota
2219 2045 2383 2101 divini
2427 2045 2628 2114 templi.
2676 2044 2884 2109 Coloni,
2924 2047 3084 2115 primi
3134 2047 3208 2101 illi
3260 2047 3456 2117 quibus
3508 2064 3630 2104 cre-

2047 2139 2159 2194 dita
2198 2145 2324 2192 sunt
2368 2137 2583 2207 eloquia
2631 2137 2770 2193 Dei:
2817 2139 3016 2209 quibus
3053 2154 3278 2209 peregre
3327 2141 3627 2210 proﬁcisci-

2046 2239 2135 2284 tur
2166 2231 2219 2284 in
2251 2230 2528 2299 speculam
2580 2247 2760 2296 suam,
2795 2246 2981 2287 ansam
3014 2232 3283 2302 praebens,
3321 2249 3382 2287 ex
3417 2234 3482 2288 iis
3509 2251 3629 2305 quae

2047 2321 2163 2389 ipse
2201 2322 2567 2390 plantavcrat,
2597 2337 2780 2392 sepem
2810 2323 3299 2393 circumposuerat,
3335 2324 3624 2390 elfnderat,

2045 2413 2436 2478 aedilicaverat,
2484 2413 2721 2468 fructum
2776 2413 3012 2470 ferendi.
3059 2415 3282 2486 Tempus
3333 2417 3626 2488 fructuum,

2046 2521 2205 2574 quem
2243 2507 2462 2562 notavit
2491 2507 2911 2584 paterfamilias,
2942 2509 3060 2564 sine
3090 2510 3255 2564 dubio
3281 2526 3388 2565 non
3419 2521 3540 2566 erat
3571 2523 3630 2565 ut

2046 2597 2171 2652 folia
2219 2598 2552 2665 produceret
2601 2597 2688 2653 vel
2735 2598 2918 2663 ﬂores,
2977 2611 3067 2653 aut
3109 2609 3354 2668 turgeret
3405 2603 3456 2655 iu
3513 2616 3630 2655 om—

2046 2687 2324 2756 phacium,
2380 2697 2473 2740 aut
2517 2687 2999 2743 vindemiaretur:
3050 2689 3179 2758 quin
3225 2693 3403 2758 potius
3472 2703 3629 2746 erant

2048 2781 2259 2833 fructus
2312 2779 2703 2849 simplicitatis,
2735 2781 3143 2850 aditnpletionis
3175 2783 3349 2848 verbi,
3383 2792 3475 2836 aut
3503 2799 3628 2854 pro-

2046 2870 2222 2925 fectus
2270 2872 2320 2924 in
2355 2872 2655 2927 virtutibus
2686 2870 2773 2925 vel
2805 2871 2945 2926 initii
2975 2891 2987 2926 :
3021 2872 3229 2928 fructus
3268 2874 3397 2928 item
3442 2875 3627 2934 chari-

1998 3005 2006 3052 ξ
2047 2963 2197 3027 tatis,
2248 2963 2470 3034 gaudii,
2520 2964 2690 3034 pacis,
2735 2975 2792 3020 et
2835 2964 3050 3035 reliqui.
3103 2964 3288 3032 Servi,
3339 2978 3466 3022 sunt
3507 2983 3630 3038 pro-

2046 3057 2246 3126 phetae,
2286 3057 2376 3126 qui
2432 3056 2746 3126 spirituales
2805 3057 3016 3113 fructus
3089 3058 3381 3129 exigebant
3432 3060 3631 3118 oﬂ‘crre

2050 3157 2306 3219 tanquam
2359 3150 2674 3205 sacerdotes
2709 3149 2836 3205 Deo.

2647 3237 2800 3292 CAP.
2833 3239 3024 3296 XXIV.

2049 3332 2116 3390 V.
2144 3334 2234 3388 45.
2269 3333 2406 3412 Quis.
2429 3350 2554 3412 ergo
2588 3343 2666 3412 est
2695 3333 2872 3412 ﬁdelis
2896 3351 3074 3391 seruus
3105 3349 3153 3391 et
3187 3340 3441 3412 prudens,
3476 3357 3629 3412 quem

2159 3405 2431 3459 constituit
2455 3405 2702 3458 dominus
2731 3405 2844 3473 ejus
2883 3423 3042 3476 super
3062 3405 3275 3463 servitio
3307 3427 3404 3464 suo
3430 3413 3454 3464 ?

2116 3520 2280 3576 Forte
2319 3520 2444 3593 (hoc
2475 3521 2804 3594 interrogat)
2838 3523 3125 3579 stimulans
3162 3525 3228 3579 ad
3277 3527 3629 3594 quaerendum

2045 3630 2210 3669 unum
2240 3615 2478 3686 aliquem
2499 3631 2684 3672 rarum
2717 3616 3012 3674 hominem.
3038 3617 3305 3688 Ambigua
3330 3619 3475 3672 enim
3505 3635 3631 3689 par-

2048 3708 2208 3762 ticula
2237 3725 2382 3778 ergo,
2411 3711 2698 3766 raritatem
2726 3711 2964 3768 ostendit
2987 3711 3264 3766 mconomi
3293 3709 3630 3780 huiusmodi,

2047 3815 2148 3855 nec
2169 3800 2332 3854 alium
2382 3817 2542 3872 quam
2590 3819 2648 3858 se
2697 3802 2908 3858 ﬁdelem
2947 3818 3012 3857 ac
3057 3805 3376 3872 prudentem
3408 3817 3632 3860 (ec-ono-

2046 3908 2194 3946 mum
2220 3895 2417 3960 sciens,
2450 3894 2764 3964 praefectum
2793 3896 3049 3967 operibus
3072 3894 3270 3960 Patris,
3302 3897 3630 3951 humanitati

2046 3983 2290 4054 inquam.
2342 3985 2624 4056 Tanquam
2654 3989 2802 4041 enim
2855 3988 2923 4042 de
2952 3988 3124 4043 altero
3158 3988 3418 4057 loquitur,
3449 3989 3634 4043 obum-

2045 4079 2214 4136 brans
2247 4080 2302 4134 id
2353 4081 2556 4136 eximia
2611 4083 2900 4152 sapientia.
2935 4081 3166 4137 Vocavit
3201 4098 3363 4153 porro
3411 4098 3629 4139 servum

2045 4185 2167 4227 sese
2199 4182 2421 4241 prOpler
2441 4183 2778 4244 assumptatn
2809 4175 2950 4230 servi
2979 4175 3234 4232 formam.
3260 4174 3394 4231 Vide
3423 4191 3555 4231 vero
3583 4177 3630 4231 si

2047 4281 2153 4320 non
2197 4266 2487 4336 episcopos
2522 4277 2578 4320 et
2606 4267 2861 4322 doctores
2891 4266 3092 4335 quibus
3142 4267 3275 4320 talia
3313 4269 3628 4324 concredita

2047 4368 2194 4425 sunt,
2235 4369 2456 4414 moneat
2486 4361 2680 4425 oratio,
2717 4371 2774 4414 ut
2817 4360 3116 4431 prudenter
3145 4361 3271 4431 quis
3296 4376 3395 4431 pro
3446 4362 3630 4432 cujus-

2046 4461 2150 4516 que
2179 4449 2447 4517 dignitate
2487 4457 2693 4513 utatur,
2744 4463 2809 4504 ac
2840 4451 2976 4505 scite
3018 4451 3331 4520 spirituales
3373 4453 3631 4522 disponat

359 4541 885 4639 καιρῷ-ποσότητος,
922 4541 1224 4636 ποιότητος.
1261 4565 1336 4618 Τὸ
1358 4564 1436 4630 δὲ,
1481 4566 1576 4631 Τίς
1602 4564 1736 4634 ἄρα,
1769 4541 1944 4633 εἶπεν,

2050 4541 2203 4597 cibos
2231 4542 2552 4611 tempestiva
2584 4544 2886 4611 quantitate
2902 4551 2957 4598 et
2984 4543 3272 4613 qualitate.
3304 4543 3463 4611 Illud,
3495 4543 3628 4610 Qui:

357 4657 455 4727 οὐχ
483 4655 558 4718 ὡς
591 4653 819 4722 ἀγνοῶν,
851 4653 966 4707 ἀλλ’
1000 4655 1086 4707 ἵνα
1119 4653 1194 4725 μὴ
1225 4653 1714 4725 περιεργάςωνται.
1752 4654 1920 4727 Ἀρμό

359 4748 440 4814 ζει
485 4747 542 4801 δὲ
575 4748 604 4799 6
634 4746 792 4814 λόγος
824 4747 915 4801 καὶ
953 4746 1095 4800 κατὰ
1122 4746 1324 4809 παντὸς
1360 4745 1454 4799 τοῦ
1492 4746 1947 4817 ἐμπιστευθέντος

357 4855 412 4891 τι
439 4837 588 4909 παρὰ
633 4835 726 4890 τοῦ
763 4835 897 4890 Θεοῦ
920 4878 935 4901 ,
974 4838 1083 4890 εἴτε
1111 4837 1372 4908 χρήματα
1395 4875 1410 4900 ,
1451 4837 1562 4889 εἴτε
1597 4837 1804 4908 ἀρχὴν,
1837 4839 1945 4891 εἴτε

357 4930 676 4984 δυναστείαν
710 4930 875 5001 ἀλλην
902 4930 1041 4983 τινά.
1084 4927 1348 5000 Δεύτερον
1376 4928 1432 4982 δὲ
1466 4929 1775 4984 ἀπαιτεῖται
1807 4932 1836 4983 6
1867 4932 1944 4983 οἰ-

359 5024 590 5094 κονόμος
623 5023 804 5076 πίστιν
836 5023 929 5076 καὶ
955 5022 1246 5093 φρόνησιν,
1282 5023 1369 5075 ἵνα
1400 5021 1537 5092 μήτε
1565 5020 1739 5096 κλέψῃ
1760 5021 1830 5076 τὰ
1855 5023 1939 5076 δε-

358 5115 612 5179 σποτικὰ,
646 5115 780 5170 ἀλλὰ
815 5117 910 5169 καὶ
942 5115 1171 5178 δεόντως
1204 5114 1344 5170 αὑτά
1375 5116 1730 5186 οίκονομήσῃ.
1755 5117 1824 5168 Ἥ
1849 5117 1938 5170 τὸν

357 5208 549 5280 ἔχοντα
596 5209 732 5278 πρὸς
775 5207 908 5260 Θεὸν
957 5205 1165 5276 ἀγαθὴν
1201 5207 1525 5277 συνείδησιν,
1589 5209 1682 5260 καὶ
1720 5207 1796 5279 μὴ
1837 5207 1940 5277 ἀφ-

359 5301 644 5373 ιστάμενόν
679 5317 823 5362 τινος
846 5297 955 5351 τῶν
999 5298 1244 5352 δεόντων.
1295 5301 1404 5354 Καὶ
1449 5301 1540 5353 τὸν
1585 5299 1760 5371 ὀρθῶς
1797 5301 1942 5355 διδάο

361 5410 561 5447 σκοντα
589 5392 736 5461 λέγει
777 5391 1288 5464 πιστόνηφρόνιμον
1322 5391 1389 5463 δὲ’
1417 5391 1506 5445 τὸν
1535 5393 1608 5465 μὴ
1627 5394 1940 5466 παραφερό-

360 5506 521 5560 μενον
550 5491 671 5551 ταῖς
702 5486 811 5540 τῶν
838 5485 1129 5557 αἰρετικῶν
1167 5487 1546 5556 μωρολογίαις,
1569 5489 1704 5543 ἀλλὰ
1731 5490 1939 5561 διακρί-

356 5599 513 5636 νοντα
556 5579 619 5634 τὸ
666 5578 892 5651 ἀκριϐὲς
935 5577 1029 5630 τοῦ
1073 5577 1268 5647 λόγου,
1303 5579 1336 5650 ἢ
1379 5579 1469 5632 τὸν
1511 5579 1584 5652 μὴ
1615 5583 1936 5655 πειρόμενον

429 5701 565 5770 (15‘)
600 5697 718 5767 Οἷς.
753 5700 916 5770 Eorte
944 5693 1039 5762 ὧν,
1078 5698 1162 5753 vel
1191 5699 1249 5753 ἐν
1277 5694 1380 5763 οἷς.
1411 5699 1570 5760 Eutr.

431 5768 555 5846 est
772 5768 827 5846 ᾖ-

432 5840 548 5916 (17)
581 5840 756 5902 Locus
777 5840 1093 5915 impeditus.

2050 4651 2194 4704 ergo,
2225 4637 2364 4690 dixit
2403 4653 2507 4691 nun
2543 4646 2800 4705 tanquam
2848 4638 3126 4707 ignorans,
3166 4642 3259 4694 sed
3306 4649 3365 4692 ut
3392 4655 3495 4693 non
3526 4654 3628 4694 cu-

2050 4732 2194 4785 riose
2221 4731 2592 4786 sciscitentur.
2617 4731 2880 4800 Congruit
2911 4731 3075 4784 etiam
3107 4733 3283 4786 oratio
3321 4741 3374 4786 et
3403 4733 3630 4787 cuicun-

2047 4837 2153 4892 que
2179 4823 2443 4878 creditum
2469 4832 2552 4877 est
2575 4824 2852 4894 quidpiam
2885 4840 2914 4877 a
2939 4821 3071 4887 Deo,
3104 4824 3219 4879 sive
3240 4839 3372 4893 Opes
3404 4824 3625 4890 fuerint,

2047 4914 2162 4969 sive
2193 4915 2567 4986 magistratus,
2608 4915 2722 4969 sive
2756 4923 2998 4982 potestas
3051 4914 3233 4985 aliqua
3269 4917 3394 4969 alia.
3425 4915 3630 4971 Deinde

2048 5008 2283 5076 exigitur
2314 5008 2382 5062 ab
2413 5022 2699 5064 mcunomo
2731 5008 2865 5062 ﬁdes
2897 5018 2952 5063 et
2976 5007 3282 5078 prudentia,
3320 5019 3380 5062 ut
3405 5023 3504 5064 nec
3537 5009 3626 5063 fu-

2046 5114 2198 5159 retur
2224 5102 2438 5164 herilia,
2461 5103 2589 5172 quin
2620 5102 2884 5170 potius,ut
2909 5109 3125 5170 paresl,
3143 5101 3230 5154 illa
3259 5101 3624 5164 administret.

2046 5194 2143 5250 Vel
2176 5195 2387 5250 ﬁdelem
2417 5195 2549 5248 dicit
2583 5210 2730 5257 cum,
2757 5195 2847 5263 qni
2893 5195 2961 5248 ad
3000 5193 3168 5248 Deum
3204 5195 3402 5247 bonam
3459 5193 3627 5248 habet

2045 5290 2458 5353 conscientiam,
2495 5303 2596 5343 nec
2625 5288 3198 5358 disceditaquaquam
3221 5302 3406 5342 earum
3444 5301 3626 5340 rerum

2045 5400 2181 5454 quas
2209 5382 2324 5438 ﬁeri
2357 5392 2594 5450 Oportet,
2659 5383 2897 5450 itemque
2926 5395 3050 5435 eum
3077 5380 3168 5449 qui
3203 5389 3353 5435 recte
3408 5379 3624 5433 doceat.

2043 5477 2375 5535 Prudentem
2397 5491 2528 5531 vero
2549 5475 2702 5540 dicit,
2729 5475 2819 5544 qui
2853 5489 2958 5528 non
2986 5485 3329 5528 transversus
3351 5473 3532 5543 agitur
3561 5471 3631 5524 ab

2044 5573 2426 5634 haereticorum
2495 5569 2661 5625 fatuis
2721 5569 3140 5640 assertionibus,
3203 5571 3300 5627 sed
3361 5567 3623 5639 diiudicat

2253 5697 2415 5773 Eone
2439 5691 2777 5773 περιωπήν..

2124 5764 2237 5842 (19)
2265 5767 2466 5825 Confer
2490 5764 2634 5823 edita
2662 5764 2874 5838 Latina.
2908 5831 2918 5841 _
