4172 6414
581 416 689 472 505

1506 414 2073 474 SUPPLEMENTUM
2113 416 2205 472 AD
2242 415 2568 473 OlliCENIS
2606 413 3018 471 EXEGE‘I‘ICA.

3723 411 3829 469 504

578 531 842 603 quidquid
871 540 1121 587 exactum
1153 531 1207 585 in
1225 545 1484 587 sermone
1513 542 1618 587 est.
1647 530 1743 587 Vel
1766 548 1891 587 eum
1920 535 2016 603 qui
2049 551 2118 589 no

2224 582 2228 595 ,
2260 531 2686 605 ἁμαρτίαις,διὰ
2731 529 2790 585 τὺ
2826 528 2903 602 μὴ
2940 527 3055 600 (ΞΟ)
3083 526 3328 582 ποικίλον
3357 527 3453 581 καὶ
3490 521 3829 598 πολύτροπον

577 624 1058 679 transverberatur
1092 623 1355 692 peccatis,
1386 633 1613 693 propter
1640 625 1826 679 varios
1854 639 1920 680 ac
1961 623 2144 679 multi-

2251 624 2359 678 τῶν
2384 621 2815 695 ἀνθρώπων.Τὸν
2839 620 3019 675 εἰδότα
3048 620 3178 673 πότε
3207 619 3289 672 δεῖ
3315 616 3561 686 ἐλέγξαι,
3589 617 3624 689 ἢ
3650 620 3828 672 ἐπιτι-

577 713 766 768 modos
818 713 1102 768 hominum
1159 726 1358 769 mores.
1396 712 1559 777 Eum,
1617 712 1711 782 qui
1759 713 1896 768 sciat
1930 716 2122 785 quandt

2255 717 2449 789 μῆσαι,
2481 715 2515 788 ἥ
2552 713 3002 788 παρακαλέσαι,ἢ
3020 713 3249 780 διδάξαι·
3269 712 3364 765 καὶ
3384 713 3535 776 τίνας
3556 712 3657 783 μὲν
3675 711 3829 766 ποτί-

574 813 824 873 oporteat
852 819 1104 874 arguere,
1134 805 1222 860 vel
1257 805 1580 874 increpare,
1610 803 1696 859 vel
1723 805 2027 871 adhortari,
2061 807 2144 859 vel

2252 823 2343 860 σαι
2365 806 2447 860 δεῖ
2468 805 2631 875 γάλα,
2647 804 2832 858 τίσιδέ
2866 802 3190 876 μεταδοῦναι
3215 804 3312 875 τῆς
3344 806 3569 877 στερεᾶς
3596 804 3823 878 τροςρῆς.

573 900 772 956 docere
804 915 820 953 :
852 907 909 953 et
931 912 1073 967 quos
1104 898 1325 969 quidem
1359 898 1555 952 deccat
1584 896 1724 953 lacte
1767 908 1993 970 potare,
2023 900 2223 972 quibus
2257 914 2387 956 vero
2416 899 2633 955 tradere
2661 897 2894 955 solidum
2926 898 3129 951 cibum.

1168 988 1323 1046 CAP.
1362 988 1457 1044 XX
1468 988 1532 1046 V.

571 1080 637 1136 γ.
665 1081 717 1138 1.
755 1079 903 1135 Tunc
934 1081 1105 1135 simile
1128 1083 1231 1136 erit
1261 1098 1476 1151 regnum
1501 1083 1751 1137 calorum
1775 1084 1951 1138 decem
1982 1084 2145 1153 virgi-

643 1153 820 1214 nibus,
860 1167 979 1218 qua:
1009 1153 1324 1235 accipientes
1357 1153 1626 1222 lampades
1651 1171 1802 1219 suas,
1824 1159 2064 1209 exierunt
2087 1158 2142 1209 in

639 1237 921 1275 occursum
952 1238 1156 1290 εροηει.

639 1378 839 1435 Decem
867 1379 1110 1450 virgines
1137 1395 1259 1436 esse
1286 1380 1474 1435 dicunt
1511 1395 1706 1437 sensus
1733 1379 1997 1451 cujusque
2023 1381 2143 1436 ani-

569 1488 672 1528 mae
694 1474 977 1529 interioris
1004 1483 1163 1544 atque
1188 1475 1478 1530 exterioris
1500 1476 1868 1546 hominis,qui
1894 1479 2140 1532 nuntium

574 1564 906 1620 remiserunt
933 1565 1100 1619 cultui
1132 1564 1396 1621 idolorum
1415 1577 1470 1621 et
1505 1567 1797 1621 mundanis
1826 1567 2141 1636 cupiditati-

565 1655 689 1718 lms,
714 1653 1082 1723 suscipiendo,
1113 1655 1228 1710 sive
1256 1665 1588 1725 apparenter
1616 1658 1736 1711 sive
1770 1673 1920 1721 vere,
1944 1674 2137 1727 purum

568 1743 662 1799 Dei
702 1744 952 1809 verbum,
989 1761 1099 1815 quo
1131 1747 1198 1801 ad
1232 1748 1560 1819 virginitatis
1587 1750 1853 1803 rationem
1892 1749 2138 1804 translati

564 1845 712 1891 sunt.
743 1836 880 1891 Sunt
900 1844 1078 1892 autem
1107 1846 1163 1892 et
1188 1853 1308 1908 quae
1338 1838 1706 1894 communiter
1738 1839 2138 1909 intelliguntur,

558 1938 617 1983 et
653 1943 773 1999 qua
793 1927 847 1983 in
869 1929 1174 1998 proverbiis
1200 1930 1389 1998 posita
1411 1938 1558 1993 sunt,
1583 1938 1638 1985 et
1653 1946 1772 1999 quze
1796 1946 2140 2002 consequun-

559 2031 694 2086 tur,
750 2031 812 2077 ut
851 2023 1086 2078 virtutes
1144 2024 1450 2094 hypostasis
1489 2022 1715 2080 Christi.
1769 2023 2136 2092 Quamobrem

555 2115 719 2170 etiam
745 2116 912 2185 quino
938 2130 1167 2171 numero
1198 2116 1589 2184 exprimuntur
1621 2134 1636 2169 :
1674 2132 1741 2172 ex
1777 2119 1978 2186 quibus
2016 2120 2136 2174 alia:

556 2206 881 2270 suntlatuaz,
910 2208 1031 2263 alia:
1059 2208 1375 2277 prudentes.
1397 2207 1506 2262 Sed
1530 2217 1715 2277 postea
1748 2209 1916 2263 etiam
1945 2223 2136 2266 omnes

554 2299 809 2355 exierunt
848 2299 902 2354 in
949 2314 1261 2366 occursum,
1307 2310 1642 2369 susceptura:
1689 2301 1898 2358 Christi
1927 2312 2131 2374 myste-

556 2395 720 2450 rium.
752 2394 968 2449 Exeunt
1002 2393 1149 2449 enim
1206 2393 1277 2449 ab
1326 2408 1514 2448 errore
1562 2393 1772 2462 mundi,
1808 2391 2133 2450 festinantes

554 2487 623 2541 ad
646 2499 772 2540 eum
802 2485 894 2554 qui
921 2495 1150 2555 paratus
1169 2493 1257 2541 est
1282 2485 1470 2541 videre
1496 2483 1639 2539 illas.

619 2577 783 2631 Aliud
811 2575 1077 2647 Origenis.
1107 2577 1265 2632 Aliud
1294 2587 1379 2634 est
1436 2578 1727 2649 virginitas
1765 2592 1927 2642 quam
1959 2576 2127 2633 mise-

550 2669 806 2733 ricordia,
837 2679 892 2725 et
920 2670 1061 2726 aliud
1099 2685 1253 2726 mens
1282 2685 1444 2740 quam
1482 2686 1681 2741 corpus
1710 2689 1726 2725 :
1758 2682 1815 2726 et
1841 2671 1945 2727 hoc
1974 2686 2127 2724 assu-

549 2772 666 2813 mes
714 2757 770 2813 in
806 2758 993 2814 decem
1044 2759 1374 2828 virginibus.
1432 2758 1725 2815 Prudentes
1760 2760 1944 2830 igitur.
1997 2771 2127 2816 sunt

546 2862 740 2904 sensus
784 2848 902 2919 ejus
934 2848 1032 2919 qui
1067 2851 1367 2905 secundum
1407 2853 1675 2907 rationem
1708 2852 1838 2907 vivit
1868 2869 1883 2907 :
1934 2850 2125 2909 Fatua

545 2949 697 3003 vero,
728 2949 925 2991 sensus
945 2934 1062 3002 ejus
1094 2937 1188 3007 qui
1237 2940 1517 2993 contrario
1559 2942 1719 2993 modo
1760 2942 2124 3011 appositoque

546 3036 710 3083 rectm
732 3028 930 3082 rationi
962 3028 1129 3085 vitam
1166 3029 1427 3087 traducit.
1460 3029 1793 3101 Lampeties,
1846 3043 1930 3089 est
1974 3035 2123 3088 actio

2870 985 3029 1039 ΚΕΦ.
3069 983 3197 1038 κε’.

2250 1077 2399 1148 Στίχ.
2430 1077 2500 1148 α’.
2538 1078 2673 1148 Τότε
2704 1076 3157 1148 ὁμοιωθήσεται
3176 1079 3216 1146 ἠ
3253 1077 3543 1142 βασιλεία
3571 1075 3693 1130 τῶν
3721 1077 3826 1148 οὐ.

2313 1146 2524 1231 ρανῶις
2539 1146 2697 1231 ,δέκα
2719 1146 3079 1231 παρθένοις..
3093 1146 3320 1231 αἵτινες
3339 1148 3685 1231 ,Ιλασοῦσαι
3716 1147 3826 1231 τὰς

2319 1216 2639 1339 λαμπῗὸας
2664 1216 2883 1282 αὐτῶν,
2929 1216 3195 1285 ἐξῆλθον
3230 1222 3319 1285 εἰς
3347 1217 3693 1286 ἀπάντησιν
3717 1216 3823 1273 τοῦ

2320 1303 2483 1356 ruma
2510 1305 2603 1341 ου.

2318 1379 2460 1432 Δέκα
2493 1379 2747 1450 παρθένοι
2781 1374 2921 1432 εἷναί
2948 1396 3082 1449 φασι
3110 1379 3211 1445 τὰς
3248 1378 3307 1433 ἐν
3339 1379 3545 1452 ἑκάστῃ
3569 1379 3715 1450 ψυχῇ
3739 1380 3817 1433 αἰ-

2249 1472 2470 1543 σθήσεις
2497 1471 2592 1525 τοῦ
2622 1470 2833 1525 ἔνδοθεν
2862 1473 2956 1526 καὶ
3000 1472 3198 1539 ἔξωθεν
3230 1471 3518 1544 ἀνθρώπου
3537 1512 3553 1537 ,
3584 1472 3824 1528 ἀποστά-

2249 1579 2348 1628 σας
2372 1563 2811 1636 εἰδωλολατρείας
2835 1564 2929 1617 καὶ
2960 1564 3069 1618 τῶν
3091 1563 3371 1634 κοσμικῶν
3390 1562 3716 1635 ἐπιθυμιῶν,
3742 1562 3822 1637 τῷ

2246 1655 2674 1726 παραδέξασθαι,
2703 1657 2812 1710 εἴτε
2842 1656 3132 1728 προφάσει,
3167 1656 3279 1709 εἴτε
3318 1655 3579 1728 ἀληθεία,
3602 1656 3693 1709 τὸν
3723 1655 3820 1711 τοῦ

2245 1746 2380 1799 Θεοῦ
2408 1747 2650 1818 καθαρὸν
2677 1746 2855 1814 λόγον,
2890 1748 2985 1801 καὶ
3011 1748 3542 1819 παρθενοποιηθῆναι
3559 1749 3820 1822 (‘11).Eist

2241 1838 2299 1892 δέ
2329 1838 2390 1891 ai
2412 1855 2475 1893 τε
2502 1839 2700 1903 κοινῶς
2724 1839 3032 1910 νοούμεναι,
3066 1840 3162 1895 καὶ
3186 1843 3242 1895 αἰ
3280 1842 3340 1894 ἐν
3364 1843 3684 1914 παροιμίαις
3712 1842 3820 1896 κεί-

2241 1947 2421 2002 μεναι,
2448 1931 2506 1984 αἱ
2531 1933 2624 1986 καὶ
2647 1931 3127 1997 άνακολουθοῦσαι,
3153 1932 3228 1998 ὡς
3257 1934 3314 1986 αἱ
3343 1933 3535 2004 ἀρεταὶ
3564 1934 3663 2004 τῆς
3686 1934 3818 1989 ὕπο-

2239 2022 2481 2087 στάσεως
2510 2024 2769 2093 Χριστοῦ.
2800 2026 2891 2079 Διὸ
2920 2027 3015 2080 καὶ
3042 2025 3358 2080 ἐντοπειατ¹.
3385 2026 3498 2098 (22)
3510 2027 3611 2097 οὐχ
3636 2030 3691 2081 αἱ
3717 2027 3817 2097 μὲν

2239 2116 2440 2186 μωραὶ,
2471 2117 2528 2170 αἱ
2558 2116 2615 2170 δέ
2648 2116 2920 2188 φρόνιμοι.
2940 2118 3099 2173 Ἀλλά
3122 2119 3221 2188 μία
3250 2117 3360 2189 (25)
3393 2117 3488 2172 καὶ
3517 2120 3689 2172 πᾶσαι
3722 2118 3813 2187 ἐξ·

2234 2206 2395 2278 ἦλθον
2422 2209 2504 2271 εἰς
2535 2209 2861 2279 ἀπάντησιν.
2894 2211 2950 2263 αἱ
2977 2208 3418 2281 παραδεξάμεναι
3443 2208 3503 2263 τὸ
3533 2209 3662 2281 περὶ
3681 2210 3815 2281 Χρι-

2234 2299 2362 2353 στοῦ
2402 2302 2722 2371 μυστήριον.
2771 2301 2977 2367 Ἐξίασι
3023 2302 3131 2374 γὰρ
3172 2301 3280 2355 ἀπὸ
3326 2301 3427 2371 τῆς
3469 2300 3565 2355 τοῦ
3604 2301 3810 2372 κόσμου

2231 2388 2462 2461 πλάνης,
2484 2389 2816 2444 σπεύδουσαι
2842 2389 2979 2461 πρὸς
3002 2389 3093 2444 τὸν
3119 2390 3352 2462 ἑτοίμως
3387 2389 3643 2463 ὁρμῶντα
3675 2388 3813 2460 πρὸς

2232 2481 2422 2545 αὑτάς.

2306 2575 2496 2628 Ἀλλο
2538 2575 2888 2646 Ὠριγένους.
2922 2577 3149 2648 Ἕτερον
3184 2575 3218 2647 ἡ
3244 2573 3509 2647 παρθενία
3537 2575 3686 2649 παρὰ
3709 2577 3809 2647 τὴν

2228 2663 2598 2738 ἐλεημοσύνην
2617 2707 2632 2729 ,
2660 2669 2754 2721 καὶ
2779 2667 2965 2738 ἕτερον
2990 2669 3019 2721 ό
3047 2666 3171 2731 νοῦς
3201 2666 3352 2738 παρὰ
3383 2667 3444 2721 τὸ
3478 2667 3638 2739 σῶμα
3656 2684 3670 2699 ·
3714 2667 3808 2721 καὶ

2226 2753 2384 2808 τοῦτο
2424 2754 2584 2827 λήψει
2631 2759 2710 2821 είς
2750 2757 2849 2821 τὰς
2880 2757 3011 2810 δέκα
3033 2757 3354 2831 παρθένους.
3397 2758 3673 2828 Φρόνιμοι
3706 2758 3808 2828 μὲν

2225 2839 2319 2897 οῦν
2345 2846 2400 2897 αἰ
2428 2845 2522 2898 τοῦ
2551 2846 2690 2900 κατὰ
2710 2846 2866 2915 λόγον
2900 2846 3142 2917 βιοῦντος
3174 2847 3457 2919 αἰσθήσεις
3478 2865 3493 2880 ·
3524 2848 3711 2917 μωραὶ
3743 2848 3802 2903 δι

2224 2938 2280 2988 αἰ
2316 2935 2411 2988 τοῦ
2437 2937 2692 3000 ἐναντίως
2718 2938 2809 2992 καὶ
2851 2938 3003 3010 παρὰ
3027 2938 3118 2992 τὸν
3146 2939 3303 3010 ὀρθὸν
3337 2938 3492 3008 λόγον
3521 2938 3799 2993 πολιτευο-

2228 3027 2409 3098 μένου.
2438 3026 2756 3097 Λαμπάδες
2789 3030 2824 3100 ἠ
2864 3034 3166 3100 πανάρετος
3194 3028 3421 3101 πρᾶξις’
3456 3029 3661 3084 ἔλαιον
3687 3030 3744 3084 δέ
3771 3032 3802 3084 ὁ

542 3118 689 3174 omni
745 3120 949 3175 virtute
988 3121 1254 3191 prmdita:
1306 3123 1506 3187 oleum,
1558 3134 1642 3178 est
1692 3127 1783 3194 qui
1820 3124 2120 3182 eli‘unditur

2224 3119 2575 3190 ἐπιχεόμενος
2600 3119 2758 3189 λόγος
2781 3118 2875 3173 τοῦ
2902 3120 3159 3192 ψυχικοῦ,
3184 3122 3278 3176 τοῦ
3302 3123 3401 3195 τὴν
3429 3122 3637 3194 ἀγαθὴν
3661 3123 3803 3195 πρᾶ-

542 3224 725 3265 sermo
742 3210 980 3266 hominis
1005 3210 1330 3280 spiritualis,
1348 3213 1442 3283 qui
1472 3215 1669 3269 bonam
1691 3217 1962 3272 actionem
1986 3233 2119 3286 ope-

543 3310 718 3355 ratur.
744 3299 1050 3368 Dormiunt,
1084 3303 1176 3371 qui
1210 3304 1485 3360 absistunt
1515 3321 1544 3360 a
1578 3307 1702 3362 vita:
1733 3317 1942 3363 tenore.
2000 3308 2116 3364 Non

541 3391 771 3459 perdunt
798 3391 962 3461 igitur
990 3392 1272 3463 lampadas
1293 3397 1608 3464 prudentes,
1639 3415 1816 3469 neque
1839 3402 2118 3472 neglignnt

537 3485 644 3541 olei
667 3488 1162 3544 conservationem.
1189 3488 1488 3546 lnclamant
1512 3493 1691 3562 angeli
1717 3495 1784 3549 ad
1818 3494 2119 3549 dormitan-

541 3589 624 3632 tes
649 3592 865 3639 sensus.
915 3580 1222 3636 excitantes
1283 3580 1444 3638 illos:
1484 3583 1589 3639 hoc
1622 3594 1724 3647 est,
1770 3586 2118 3640 administra-

538 3669 660 3723 torii
691 3668 912 3738 spiritus
943 3669 998 3725 in
1026 3671 1376 3726 ministerium
1407 3673 1555 3726 missi
1575 3685 1781 3744 propter
1799 3693 1889 3730 eos
1918 3677 2006 3748 qui
2035 3681 2116 3746 [u-

537 3761 647 3813 turi
677 3769 800 3815 sunt
822 3760 1135 3816 hteredilare
1167 3763 1390 3818 salutem
1415 3765 1476 3818 ⁸³.
1502 3764 1737 3822 Ornatus
1786 3767 2110 3837 lampadum,

537 3858 621 3904 est
655 3850 967 3921 quisensus
995 3852 1213 3922 attingit
1241 3854 1588 3925 evangelicus
1620 3870 1783 3922 usus;
1814 3857 2109 3923 oculorum,

535 3956 644 4010 quo
663 3942 1003 3998 admirentur
1018 3946 1376 4012 conditorem,
1394 3955 1449 4001 et
1464 3946 1786 4003 claudantur
1807 3963 1875 4004 ne
1893 3949 2112 4004 videant

536 4031 864 4103 iniustitiam
897 4052 910 4089 :
944 4035 1184 4103 auditus,
1227 4053 1295 4093 ne
1340 4039 1602 4108 suscipiat
1630 4040 1946 4103 vanitatem,
2008 4054 2110 4096 nec

525 4125 792 4194 judicium
832 4126 1137 4193 sanguinis,
1201 4128 1297 4182 sed
1343 4128 1479 4199 justi
1538 4129 1851 4185 sermonis:
1883 4139 2105 4200 gustus,

529 4217 864 4272 comedentis
922 4217 1201 4274 Christum
1233 4221 1521 4276 Dominum
1552 4241 1566 4277 :
1603 4222 1853 4291 olfactus,
1904 4220 2105 4277 Chrish'

530 4305 829 4376 fragrantia
866 4306 1122 4373 fruentis,
1150 4318 1208 4364 et
1237 4308 1406 4365 elfuso
1430 4321 1706 4380 unguento
1738 4328 1752 4364 :
1784 4320 1977 4377 tactus,
2020 4319 2105 4365 at-

528 4397 815 4453 trectantis
848 4398 1111 4465 Verbum,
1145 4410 1199 4456 ut
1222 4398 1462 4458 Joannes
1489 4401 1759 4471 loquitur:
1794 4400 1987 4455 Manus
2009 4417 2105 4454 no-

2222 3207 2302 3274 ξιν
2328 3209 2714 3281 ἐργαζομένου.
2742 3211 3155 3267 Καθεύδουσιν
3174 3215 3222 3266 oi
3255 3215 3682 3286 ἀπανιστάμενοι
3704 3214 3800 3269 τοῦ

2219 3299 2450 3365 ζωτικοῦ
2490 3300 2665 3354 τόνου.
2692 3302 2807 3355 Ούκ
2842 3300 3199 3356 ἀπολλύουσιν
3237 3299 3329 3357 οὖν
3373 3303 3474 3368 τὰς
3511 3304 3801 3376 λαμπάδας

2217 3392 2274 3444 αἰ
2300 3391 2575 3463 φρόνιμοι,
2603 3392 2724 3445 οὐδὲ
2748 3393 3148 3464 ἁπροσεκτοῦσι
3174 3396 3303 3467 περί
3326 3395 3423 3467 τὴν
3454 3398 3684 3467 τήρησιν
3704 3396 3798 3450 τοῦ

2216 3481 2418 3535 ἐλαίου.
2465 3481 2767 3553 Ἐμόοῶσιν
2800 3486 2849 3537 oi
2891 3484 3115 3553 ἄγγελοι
3151 3489 3276 3551 ταῖς
3303 3490 3675 3559 κοιμωμέναις
3708 3490 3796 3542 αἰ-

2217 3572 2464 3644 σθήσεσι,
2495 3573 2853 3648 διεγείροντες
2878 3577 3046 3641 αὑτάς
3067 3594 3079 3610 ο
3125 3579 3372 3632 τουτέστι
3417 3579 3490 3634 τὰ
3531 3583 3798 3648 λειτουρ-

2214 3665 2350 3733 γικὰ
2383 3665 2692 3735 πνεύματα
2721 3668 2809 3733 εἰς
2834 3666 3150 3722 διακονίαν
3174 3669 3674 3739 ἀποπαλλόμενα
3698 3668 3796 3723 διὰ

2212 3754 2357 3820 τοὺς
2400 3756 2740 3825 μέλλοντας
2778 3759 3177 3829 κληρονομεῖν
3199 3761 3519 3829 σωτηρίαν.
3554 3762 3796 3829 Κόσμος

2209 3840 2542 3909 λαμπάδων
2567 3844 2601 3911 ἡ
2626 3843 2768 3897 κατὰ
2793 3844 2890 3910 τὰς
2913 3846 3195 3918 αἰσθήσεις
3216 3847 3547 3919 εὐαγγελικὴ
3568 3849 3790 3921 χρῆσις·

2211 3931 2536 4001 ὀφθαλμῶν
2562 3934 2655 3987 ἐπὶ
2683 3933 2777 3989 τοῦ
2816 3935 3117 4009 θαυμάζειν
3158 3938 3250 3992 τὸν
3293 3941 3663 4009 πεποιηκότα,
3698 3940 3793 3994 καὶ

2213 4023 2370 4093 μύειν
2403 4024 2491 4079 ίνα
2516 4025 2591 4097 μὴ
2621 4025 2803 4081 ἴδωσιν
2834 4028 3052 4083 ἀδικίαν
3072 4046 3087 4061 ·
3119 4028 3309 4098 ἀκοῆς
3339 4030 3451 4101 (ei)
3485 4030 3580 4085 xui
3608 4048 3789 4104 παρα-

2207 4115 2502 4189 δεχομένης
2531 4119 2777 4189 μάταιον,
2810 4123 2947 4191 μήτε
2980 4121 3162 4194 κρίσιν
3191 4123 3442 4193 αἵματος,
3466 4123 3562 4178 τοῦ
3590 4123 3648 4177 δέ
3672 4124 3789 4178 [σου

2207 4206 2386 4276 λόγουο
2415 4210 2676 4279 γεύσεως
2700 4211 3015 4283 αἰσθιούσης
3039 4213 3153 4284 (25)
3176 4215 3409 4286 Χριστὸν
3434 4215 3527 4268 τὸν
3560 4216 3784 4288 Κύριον·

2207 4298 2612 4368 ὀσφρήσεως-Χ
2623 4301 2807 4371 ριστοῦ
2833 4303 3032 4377 εὐωδίᾳ
3046 4304 3443 4375 άπολαυούσης,
3466 4305 3668 4361 καὶτοῦ
3689 4307 3787 4360 ἐκ-

2204 4390 2530 4456 κενωθέντος
2562 4392 2736 4465 μύρου
2760 4411 2773 4425 ο
2815 4394 2980 4465 ἀρῆς
3010 4398 3324 4469 ἁπτομένης
3348 4398 3445 4452 τοῦ
3478 4399 3673 4468 Λόγου,
3707 4399 3787 4463 ὡς

523 4498 649 4543 ιιι-ω
681 4500 1130 4545 contreelaverunt
1162 4491 1225 4544 de
1268 4489 1435 4545 Verbo
1471 4493 1591 4547 vita:
1619 4492 1683 4547 ³⁸.
1730 4491 1899 4548 Porro
1927 4493 2100 4545 media

2224 4482 2467 4553 Ἰωάννης
2492 4484 2662 4553 λέγει·
2694 4488 2763 4540 Al
2790 4485 2985 4555 χεῖρες
3010 4487 3180 4557 ἡμῶν
3206 4487 3621 4558 ἐψηλάφησαν
3647 4491 3783 4558 περὶ

525 4590 677 4635 nocte
715 4581 779 4648 [it
830 4581 1077 4636 clamor:
1139 4581 1233 4636 illa
1266 4583 1518 4638 videlicet
1544 4584 1697 4645 hora,
1728 4599 1835 4653 qua
1891 4585 2098 4653 egressi

2224 4573 2307 4627 ὀὗ
2344 4576 2539 4646 Λόγου
2586 4576 2696 4644 τῆς
2734 4576 2904 4646 ζωῆς.
2945 4580 3361 4634 Μεσονύκτιον
3394 4580 3451 4634 δέ
3487 4580 3709 4650 γίνεται
3742 4582 3783 4649 ἡ

524 4682 655 4726 sunt
687 4671 782 4726 lilii
814 4672 979 4727 Israel
1006 4674 1074 4729 de
1094 4674 1358 4744 :Egypto,
1407 4675 1460 4728 in
1494 4691 1603 4745 qua
1631 4674 1796 4730 etiam
1846 4674 2102 4731 Christus

2224 4664 2369 4730 ρωνή
2395 4683 2408 4695 ·
2445 4666 2631 4741 ἐκείνῃ
2658 4671 2725 4739 τῇ
2756 4666 2876 4741 ὥρα
2895 4708 2910 4732 ,
2942 4663 2977 4741 ᾖ
3005 4669 3225 4741 ἐξῆλθον
3251 4672 3300 4723 oi
3336 4671 3441 4725 υἱοὶ
3475 4671 3689 4743 Ἰσραὴλ
3721 4671 3786 4738 ἐξ

524 4763 763 4817 surrexit
794 4778 862 4818 ex
897 4766 1150 4823 mortuis.
1184 4765 1416 4828 Clamor,
1438 4775 1522 4821 est
1544 4767 1674 4820 tuba
1700 4781 1819 4832 qua:
1859 4776 2100 4822 mortuos

2224 4758 2473 4825 ιίγύπτου
2489 4798 2505 4823 ,
2534 4761 2592 4812 ἐν
2676 4761 2769 4813 καὶ
2792 4761 2821 4815 ὁ
2848 4760 3082 4832 Χριστὸς
3102 4761 3299 4834 ἀνέστη
3329 4764 3394 4816 ἐκ
3414 4763 3525 4816 τῶν
3547 4762 3781 4835 νεκρῶν.

523 4855 745 4922 excitat,
773 4866 830 4911 et
856 4867 1047 4912 evocat
1097 4858 1165 4913 de
1224 4858 1505 4929 sepulcris.
1560 4855 1736 4912 Habet
1774 4858 1941 4913 etiam
1977 4874 2096 4930 my-

524 4946 717 4999 sticam
742 4945 1150 5016 intelligentiam
1193 4947 1342 5014 illud,
1367 4948 1523 5003 exite.
1557 4947 1613 5001 Si
1636 4948 1779 5002 enim
1805 4962 1910 5002 non
1935 4961 2098 5003 exea-

2196 4850 2368 4919 Φωνή
2407 4851 2554 4904 ἐστιν
2601 4853 2635 4923 ἡ
2670 4851 2935 4921 σάλπιγξ,
2974 4854 3009 4925 ἡ
3041 4854 3168 4918 τοὺς
3209 4856 3437 4926 νεκροὺς
3467 4856 3779 4928 ἐγείρουσα,

2202 4938 2298 4993 καὶ
2333 4939 2602 5008 ἐξάγουσα
2636 4942 2702 4996 ἐκ
2743 4942 2850 4995 τῶν
2883 4943 3090 5013 τάφων.
3125 4945 3278 5016 Ἔχει
3301 4945 3358 4998 δὲ
3390 4947 3485 5000 καὶ
3514 4947 3781 5017 μυστικὸν

523 5050 667 5099 mus,
696 5052 894 5106 sponso
939 5055 1229 5097 occurrere
1275 5056 1379 5095 non
1430 5054 1739 5111 possumus.
1806 5038 2097 5109 Lampades

2224 5030 2326 5083 νοῦν
2349 5032 2412 5086 τὸ
2437 5032 2731 5097 ἐξέλθετε.
2775 5034 2898 5088 Ἐὰν
2919 5035 3026 5107 γὰρ
3051 5038 3125 5107 μὴ
3148 5036 3480 5109 ἐξέλθωμεν,
3516 5038 3608 5093 τὸν
3636 5055 3779 5108 νυμ-

524 5128 879 5197 virginitatis,
913 5141 996 5186 est
1021 5132 1347 5202 cognitionis
1375 5131 1709 5186 illuminatio
1737 5148 1750 5185 :
1793 5133 1962 5185 oleum
1994 5147 2094 5201 pro

2224 5123 2322 5189 βίον
2346 5125 2652 5196 ἀπαντῆσαι
2679 5126 2742 5180 οὐ
2768 5126 3058 5198 δυνάμεθα.
3090 5128 3383 5198 Λαμπάδα
3400 5130 3510 5200 (26)
3527 5131 3623 5202 τῆς
3636 5149 3778 5204 παρ-

520 5217 881 5286 lampadibus,
949 5221 1128 5279 fervor
1160 5224 1213 5278 in
1267 5224 1591 5293 cognitione,
1629 5233 1685 5278 et
1713 5224 2091 5279 mandatorum

2224 5216 2378 5280 πενίας
2407 5218 2436 5269 ὁ
2465 5217 2568 5287 τῆς
2610 5217 2861 5289 γνώσεως
2910 5220 3218 5293 φωτισμός·
3257 5220 3434 5276 ἔλαιον
3467 5221 3524 5276 δὲ
3564 5224 3643 5286 εἰς
3673 5222 3776 5287 τὰς

520 5314 822 5368 exsecutio.
863 5314 987 5370 Hzcc
1012 5316 1156 5370 enim
1195 5316 1374 5370 Iumcn
1416 5324 1707 5370 conservat
1733 5316 1876 5385 quod
1903 5316 1957 5369 in
1990 5331 2091 5372 no-

2194 5307 2482 5379 λαμπάδας
2515 5313 2548 5382 ὴ
2583 5312 2642 5365 ἐν
2681 5310 2972 5380 ἐπιγνώσει
3018 5312 3254 5384 σπουδὴ,
3283 5313 3378 5367 καὶ
3411 5313 3519 5368 τῶν
3541 5313 3775 5368 ἐντολῶν

516 5401 603 5457 bis
635 5413 737 5471 est,
779 5406 1078 5475 simplicem
1110 5407 1324 5461 oculum
1360 5406 1712 5474 custodiens,
1751 5417 1809 5462 ut
1854 5407 2089 5463 lucidum

2228 5404 2446 5475 ργασία.
2500 5404 2650 5476 Αὕτη
2697 5404 2805 5478 γὰρ
2830 5406 2893 5460 τὸ
2935 5407 2995 5460 ἐν
3046 5410 3180 5480 ἡμῖν
3223 5407 3569 5478 διαφυλάττει
3615 5405 3771 5479 φῶς,

587 5513 635 5547 ¹³
667 5514 830 5571 ilchr.
866 5531 906 5582 ι,
945 5516 1031 5572 14.
1106 5517 1151 5548 ’δ
1179 5518 1194 5571 l
1219 5515 1374 5572 Joan.
1402 5534 1442 5583 t,
1473 5519 1524 5572 1.

582 5605 699 5676 (‘20)
730 5605 955 5676 Videtur
979 5608 1053 5676 μή
1092 5608 1412 5661 redundare.

582 5624 699 5669 (Ζυ)
738 5624 955 5660 νιιιθιιιτ
1022 5624 1053 5676 η
1092 5624 1412 5661 redundare.

849 5624 1272 5760 παρδένοπριθῄ.
1307 5678 1373 5760 Et
1408 5695 1529 5735 mox
1560 5678 1877 5734 ἁνακολουθ.

574 5745 686 5818 (ζῇ
728 5746 815 5818 Ἐν
846 5745 1277 5818 τῷπενταδικῷ,
1314 5749 1391 5804 αἰ.

583 5814 693 5887 (23)
732 5814 903 5872 Forte
924 5814 1239 5889 μετέπειταξ

2263 5607 2377 5671 (ει)
2410 5607 2581 5661 Locus
2609 5608 2883 5663 deficiens.

2264 5680 2377 5743 (25)
2410 5678 2566 5733 Forte
2592 5678 2901 5747 ἐσθιούσης.

2257 5749 2369 5819 ((26)
2401 5748 2558 5804 Forte
2587 5748 2886 5820 λαμπάδες.
