4172 6392
353 346 458 401 305

1550 337 1840 395 SCHOLIA
1883 337 1950 392 IN
1988 337 2428 396 ΜΑΤΤΗιΕυΜ.

3495 344 3598 402 30"

349 457 555 515 ἁπλοῦν
603 457 694 511 τὸν
735 454 1011 525 ὀφθαλμὸν
1042 451 1393 523 διατηροῦσα,
1430 451 1569 505 ὥστε
1600 449 1926 521 φωτίζεσθαι

2033 449 2124 504 ﬁat
2153 460 2322 505 totum
2350 466 2547 520 corpus
2569 460 2832 520 nostrum,
2857 452 3008 522 juxta
3032 456 3240 510 Domini
3267 469 3594 514 sermonem.

345 551 466 604 ὅλον
493 548 650 620 ἡμῶν
674 546 736 600 τό
772 547 930 617 σῶμα
950 586 964 610 ,
994 544 1133 598 κατὰ
1163 543 1255 597 τόν
1279 541 1374 596 τοῦ
1411 543 1616 614 Κυρίου
1653 542 1831 611 λόγον.
1865 544 1929 594 Ai

351 642 450 713 μὲν
483 635 577 693 οὖν
608 637 871 691 λαϐοῦσαι
899 635 1000 707 τὴν
1021 634 1257 706 ἐπιμελῆ
1285 633 1519 703 σπουδὴν
1539 631 1675 704 πρὸς
1695 631 1792 702 τὴν
1822 631 1930 684 τῶν

349 730 580 784 ἐντολῶν
619 727 881 800 ἐργασίαν
927 727 1235 794 φρόνιμον
1274 725 1332 776 αἱ
1363 723 1420 776 δέ
1456 722 1679 793 ἀμελεῖς
1706 720 1929 790 μωραὶ,

347 822 439 875 τὸν
467 819 815 890 προσήκοντα
843 815 1035 886 καιρὸν
1059 813 1406 868 ἀναλώσασαι
1429 816 1508 877 είς
1539 814 1638 884 τὴν
1677 811 1785 865 τῶν
1823 830 1928 883 μα-

348 913 516 966 ταίων
575 909 826 979 σπουδήν.
875 907 949 961 Τό
988 907 1074 968 δὲ,
1123 903 1468 964 ἐκάθευδον,
1522 905 1622 976 τὴν
1673 903 1929 974 κοίμησιν

349 1005 444 1058 τοῦ
497 1002 722 1057 θανάτου
775 1001 958 1070 λέγει·
1016 998 1078 1052 τὸ
1139 997 1487 1069 μεσονύκτιον
1537 998 1615 1064 δὲ,
1648 997 1709 1050 τὸ
1751 997 1932 1066 αἰφνί-

350 1099 464 1152 διον
480 1097 630 1168 δηλοί
653 1095 748 1149 καλ⁸
775 1093 835 1146 τὸ
870 1090 1298 1164 ἀπροσδόκητον,
1323 1088 1438 1160 ἀμα
1474 1089 1569 1142 καὶ
1599 1087 1660 1142 τό
1682 1087 1926 1159 φοϐερόν.

351 1191 460 1244 Καὶ
487 1188 617 1254 ταῖς
649 1187 749 1258 μὲν
787 1181 1236 1250 ἐξαναστάσαις
1269 1181 1530 1252 πάρεστιν
1566 1179 1602 1234 ὃ.
1633 1181 1928 1233 ἐπόνεσαν·

349 1281 445 1352 τὴν
468 1280 524 1333 δὲ
554 1277 824 1350 ρᾳθυμίαν
850 1275 960 1345 (27)
985 1275 1110 1345 περὶ
1132 1273 1229 1344 τὴν
1244 1272 1525 1326 εὐσέϐειαν
1557 1271 1721 1342 μηδὲν
1744 1273 1930 1340 ἐπιφε-

353 1369 592 1442 ρομένων
617 1369 844 1440 ἄρχεται
869 1365 1246 1435 στυγνάζεινή
1273 1362 1440 1433 ψυχὴ,
1470 1363 1566 1416 καὶ
1585 1362 1746 1415 οἱονεὶ
1773 1377 1932 1415 κατα-

352 1457 692 1522 σϐέννυσθαι,
717 1456 812 1510 καὶ
839 1457 918 1518 είς
943 1451 1372 1525 παραφροσύνην
1401 1453 1618 1522 χωρεῖν,
1646 1449 1786 1503 ὥστε
1811 1453 1929 1522 οἰη-

350 1550 508 1619 θῆναι
539 1549 708 1612 αύτάς
733 1547 820 1601 διά
851 1547 951 1618 τῆς
980 1546 1180 1616 ἐτέρων
1221 1544 1441 1614 ἀρετῆς.
1479 1543 1569 1596 Διὸ
1601 1541 1932 1613 ἀποδοκιμά-

350 1640 552 1705 ζονται,
569 1639 834 1707 λεγόντων
861 1635 1107 1697 ἐκείνων,
1125 1633 1369 1700 Μήποτε
1392 1636 1502 1688 οὐκ
1527 1634 1769 1702 ἀρκέσει
1789 1633 1932 1704 ἡμῖν

349 1728 446 1781 καὶ
476 1728 635 1798 ὑμῖν.
667 1727 947 1782 Πωλοῦσι
979 1726 1039 1778 δέ
1068 1726 1130 1779 τὸ
1158 1726 1335 1779 ἔλαιον
1360 1725 1409 1777 οἱ
1452 1717 1791 1788 διδάσκοντες
1835 1743 1927 1796 μι-

351 1820 478 1874 σθοῦ
497 1820 840 1892 προσεδρείᾳ,
873 1819 1148 1889 προσοχῆς
1172 1857 1187 1882 ,
1216 1817 1569 1888 φιλομαθίας,
1592 1817 1922 1888 φιλοπονίας.

349 1912 421 1963 Ἦ
446 1911 790 1976 πωλοῦντές
813 1912 920 1963 είσι
943 1909 1217 1980 προφῆται
1242 1949 1258 1973 ,
1281 1908 1604 1972 ἀπόστολοι,
1643 1908 1926 1976 εὐαγγελι-

351 2003 474 2056 σταὶ
489 2041 504 2066 ,
545 2004 612 2057 δι’
634 1996 709 2058 ὧν
725 2021 809 2067 τις
829 2001 1187 2074 μαθητευθεὶς
1203 2001 1300 2072 τὴν
1322 2001 1523 2072 ἀρετὴν
1555 2000 1864 2073 ἐργάζεται.

983 2094 1142 2146 ΚΕΦ.
1185 2094 1290 2146 KZ'

351 2185 498 2256 Στίχ.
535 2186 624 2241 ια’.
665 2184 774 2256 Καὶ
817 2184 1203 2256 ἐζτηρώτησενξ
1241 2181 1496 2256 augere
1525 2183 1779 2256 ἡγεμὼν,
1823 2184 1926 2238 λέ-

516 2273 637 2322 γων
655 2273 667 2286 ο
697 2255 780 2308 Σὺ
812 2252 868 2308 εἷ
897 2258 930 2308 ὁ
948 2253 1248 2320 βασιλεὺς
1279 2252 1397 2306 τῶν
1436 2254 1762 2316 Ἰουδαίων;

431 2347 518 2411 Ὠς
569 2347 661 2400 ἐπὶ
697 2345 938 2417 δημοσίῳ
981 2345 1286 2416 ἐγκλήματι
1330 2344 1728 2416 κατακριθέντα
1767 2345 1928 2400 αὐτὸν

334 2437 530 2510 ’ἐρωτᾷ
560 2437 790 2500 Πιλάτος
818 2437 992 2506 λέγων
1016 2455 1028 2468 ·
1067 2437 1149 2490 Σὺ
1183 2433 1242 2491 εἷ
1259 2440 1291 2491 d
1313 2436 1614 2502 ,βασιλεὺς
1640 2437 1761 2492 τῶν
1793 2440 1929 2493 Ἰου-

348 2530 570 2593 datm;
623 2531 787 2601 Ζητεῖ
846 2528 1229 2600 μυκτηρίζων,
1281 2528 1315 2599 ἢ
1358 2529 1710 2599 ἀμφιϐάλλων
1757 2529 1927 2594 οὕτως

349 2622 549 2694 ἐρωτᾷ.
598 2620 656 2673 ’0
682 2621 738 2674 δέ
777 2619 982 2690 Ἰησοῦς
1003 2619 1216 2691 ἡρέμα,
1244 2620 1689 2690 ὑπαινιττόμενος
1716 2620 1776 2673 τὸ
1803 2621 1890 2674 ναὶ
1909 2660 1924 2685 ,

347 2713 423 2778 ὡς
453 2714 670 2766 πάντων
704 2711 1003 2784 ἀνθρώπων
1040 2710 1311 2782 βασιλεὺς,
1347 2710 1452 2782 ἔφη
1483 2711 1564 2775 τὸ,
1599 2711 1682 2764 Σὺ
1709 2711 1922 2781 λέγεις.

361 2805 515 2859 Ἐπεὶ
559 2807 587 2858 ό
635 2805 732 2876 μὲν
778 2805 1066 2876 ἀρχιερεὺς
1109 2803 1438 2868 δικαστικῶς
1493 2803 1680 2875 ἠρώτα
1728 2803 1922 2871 λέγων·

348 2895 499 2951 Εἰπὲ
539 2895 685 2966 ἡμῖν
724 2897 778 2949 εί
817 2895 898 2950 σὺ
931 2891 989 2949 εἷ
1021 2898 1054 2949 ό
1079 2895 1414 2961 βασιλεὺς,
1451 2894 1678 2957 Πιλάτος
1705 2893 1761 2946 δὲ
1790 2896 1926 2948 ἀπο-

350 2987 645 3060 φαπικῶς.
691 2989 832 3058 Ὅρα
880 2986 938 3038 δὲ
987 2987 1036 3039 εί
1076 2987 1150 3058 μὴ
1197 2987 1256 3040 τὸ
1303 2987 1434 3058 μὲν,
1473 2985 1558 3040 Σὺ
1595 2987 1798 3052 εἴπας,
1850 2984 1929 3055 τῷ

349 3079 594 3151 ἀρχιερεῖ
637 3078 962 3149 λεγόμενον,
1003 3078 1094 3131 τὸν
1138 3077 1431 3147 δισταγμὸν
1476 3077 1640 3131 αὐτοῦ
1666 3076 1928 3150 λεληθότα

349 3127 566 3239 ἒὶἒῆεὲζ
577 3127 598 3200 ὀ
639 3127 721 3223 .3;
743 3127 1215 3238 ὲὲζ’ὲὺ’λέγέειξξ
1236 3127 1927 3240 ';;.5:ﬁ;.;;,;','.g.".a:
1954 3127 2001 3190 ο

350 3280 513 3332 φασιν
537 3261 699 3316 αὑτοῦ
739 3265 918 3334 κυροῖ.
957 3255 1066 3314 Ἦν
1096 3261 1206 3333 γὰρ
1241 3261 1494 3331 βασιλεὺς
1533 3258 1628 3314 τοῦ
1675 3259 1920 3332 Ἰσραὴλ,

353 3353 491 3424 μήτε
517 3351 686 3406 εἰπὼν
714 3353 802 3406 ναὶ
822 3393 835 3417 ,
873 3353 960 3406 ἶνα
990 3351 1064 3424 μὴ
1093 3351 1166 3423 δῷ
1193 3351 1412 3422 εὔλογον
1437 3351 1690 3425 ἀφορμὴν
1722 3351 1800 3423 τῷ
1822 3354 1921 3406 Πι-

349 3442 495 3510 λάτῳ
527 3441 928 3507 καταδικάζειν.

423 3533 534 3604 (28)
579 3533 680 3586 Διά
710 3534 770 3587 τὸ
807 3535 1220 3605 ἀμετάτρεπτον
1256 3534 1435 3588 αὐτῶν
1467 3535 1585 3589 οὐδέ
1612 3535 1793 3600 αὐτοῖς
1825 3536 1919 3590 ἀν-

348 3624 719 3694 τιφθέγγεται.
761 3624 957 3689 Καλῶς
989 3626 1044 3679 δέ
1092 3627 1212 3680 ούδέ
1249 3626 1326 3696 τῷ
1368 3627 1584 3697 Πιλάτῳ
1623 3627 1917 3700 ἀπεκρίθη,

350 3714 434 3766 ὃτι
465 3713 790 3783 ἀμφιϐάλλει
824 3717 872 3767 εί
901 3716 1007 3786 χρὴ
1035 3717 1196 3769 αὐτὸν
1222 3717 1356 3788 πρὸς
1389 3718 1486 3782 τὰς
1513 3717 1729 3782 ἀδίκους
1756 3735 1922 3789 κατη-

2031 543 2158 608 Quae
2188 544 2350 612 igitur
2373 545 2612 614 virgines
2657 546 2904 616 diligenti
2948 547 3130 602 studio
3161 563 3272 604 usa
3323 557 3452 605 sunt
3502 565 3602 619 pro

2029 634 2384 690 exsecutione
2438 639 2862 702 mandatorum,
2929 639 3216 705 prudentes
3279 649 3601 710 sunt:qu:e.

2031 736 2164 776 vero
2204 723 2493 780 incuriosa:
2527 725 2767 792 fuerunt,
2797 728 2963 796 fatua:
2983 768 2998 791 ,
3029 744 3328 796 congruum
3386 740 3601 802 tempus

2031 812 2407 881 impendentes
2448 817 2499 870 in
2525 817 2764 872 studium
2806 833 2990 874 rerum
3020 820 3286 874 inanium.
3320 819 3454 875 illud
3476 822 3602 874 dor.

2030 907 2278 972 mierunt,
2313 905 2694 964 dormitioneni
2723 911 2917 965 mortis
2949 911 3126 966 innuit
3155 930 3169 966 :
3207 913 3594 968 medinoctium

2032 1013 2182 1064 vero,
2223 1001 2564 1070 repentinum
2595 1009 2808 1071 tempus
2837 1002 3105 1068 declarat,
3159 1018 3223 1058 ac
3254 1005 3597 1074 inexspecta-

2033 1101 2169 1158 tum,
2191 1091 2460 1161 simulque
2494 1093 2753 1148 terribile.
2783 1094 2861 1148 Ac
2881 1096 3216 1164 surgentibus
3240 1096 3458 1163 quidem
3486 1096 3600 1149 fru-

2031 1192 2150 1237 ctus
2177 1183 2333 1238 adest
2363 1182 2608 1237 laborum
2635 1198 2892 1239 suorum:
2929 1187 3239 1242 socordiam
3264 1202 3416 1252 vero,
3437 1188 3600 1242 nihil-

2031 1288 2137 1342 que
2159 1274 2304 1328 circa
2329 1273 2590 1343 pietatem
2621 1288 3031 1346 occupatarum,
3080 1277 3272 1346 incipit
3305 1277 3601 1333 dormitare

2031 1369 2232 1430 anima,
2265 1375 2322 1421 et
2351 1367 2752 1437 quodammodo
2794 1369 3069 1440 exstingui
3100 1383 3165 1425 ac
3219 1370 3274 1423 in
3326 1366 3601 1441 desipien-

2032 1459 2162 1512 tiam
2191 1459 2398 1524 venire,
2426 1460 2561 1514 adeo
2585 1468 2646 1513 ut
2674 1459 3062 1530 suspicandum
3095 1461 3162 1516 de
3189 1461 3296 1516 illis
3322 1461 3601 1516 videretur

2030 1557 2253 1618 pr0pter
2275 1547 2506 1604 aliarum
2532 1549 2811 1604 virtutem.
2843 1548 3025 1616 Quare
3060 1551 3459 1620 reprobantur,
3519 1552 3600 1604 di-

2031 1638 2279 1692 centibus
2301 1637 2442 1692 illis:
2471 1637 2554 1693 Ne
2574 1639 2714 1708 Torte
2747 1655 2852 1693 non
2869 1640 3089 1710 sumciat
3119 1641 3268 1694 nobis
3299 1650 3345 1693 et
3370 1641 3512 1694 vobis
3533 1641 3597 1696 "'.

2035 1729 2203 1782 Porro
2220 1730 2446 1783 vendunt
2472 1729 2651 1784 oleum
2684 1730 2744 1793 ii,
2770 1731 2862 1801 qui
2905 1731 3105 1786 docent
3151 1732 3220 1786 ob
3282 1732 3591 1786 mercedem

2029 1820 2382 1890 prmlationis,
2419 1823 2760 1889 attentionis,
2787 1823 3134 1887 eruditionis,
3155 1824 3460 1878 industriae.
3487 1826 3598 1880 Ant

2027 1912 2320 1966 venditores
2350 1922 2474 1968 sunt
2506 1914 2800 1984 prophetae,
2826 1915 3076 1984 apostoli,
3099 1914 3473 1987 evangelista,
3505 1931 3599 1987 per

2026 2017 2162 2072 quos
2186 2002 2309 2072 quis
2342 2004 2590 2059 eruditus
2623 2006 2879 2060 virtutem
2912 2017 3150 2062 exercet.

2610 2096 2761 2152 CAP.
2789 2095 3006 2151 XXVII.

2029 2185 2094 2243 V.
2130 2187 2215 2242 il.
2251 2185 2319 2240 Et
2355 2189 2843 2257 interrogavitgeum
2894 2205 3106 2256 prterea,
3156 2191 3372 2247 dicens;
3435 2191 3512 2246 Tu
3545 2209 3599 2246 es

2579 2273 2672 2311 rex
2689 2255 2997 2313 Iudaeorum
3015 2261 3042 2313 ?

2103 2346 2388 2417 Tanquam
2437 2347 2503 2402 de
2531 2348 2764 2405 crimine
2810 2349 3028 2419 publico
3076 2352 3386 2408 damnatum
3419 2353 3593 2408 inter-

2027 2451 2182 2512 rogat
2217 2455 2341 2494 eum
2382 2438 2614 2508 Pilatus,
2639 2440 2824 2496 dicens
2855 2459 2870 2496 :
2901 2441 2943 2495 T
2948 2460 2980 2497 ιι
3023 2460 3078 2498 es
3109 2461 3203 2498 rea:
3238 2443 3550 2500 Juda'orum
3575 2448 3601 2500 .9

2027 2529 2232 2597 Quaerit
2262 2530 2626 2594 subsannans,
2651 2531 2739 2584 vel
2766 2531 3021 2588 dubitans
3054 2533 3134 2588 sic
3161 2534 3478 2604 interrogat.
3502 2533 3596 2591 Je-

2029 2635 2122 2675 sus
2149 2635 2280 2674 vero
2310 2620 2599 2690 tranquille
2629 2620 2962 2676 subinnuens
2985 2622 3424 2688 aliirmationem,
3472 2635 3597 2680 tan-

2028 2727 2191 2780 quam
2214 2713 2456 2766 omnium
2486 2711 2763 2766 hominum
2797 2728 2916 2780 rex,
2946 2713 3020 2769 ait
3045 2733 3058 2770 :
3097 2712 3175 2768 Tu
3203 2715 3360 2769 dicis.
3412 2713 3599 2785 Siqui-

2028 2803 2149 2857 dem
2179 2803 2422 2873 pontifex
2473 2802 2709 2872 juridico
2751 2818 2901 2859 more
2940 2805 3330 2876 interrogabat,
3362 2808 3548 2863 dicens
3579 2824 3594 2862 :

2035 2889 2129 2948 Dic
2153 2895 2322 2961 nobis,
2351 2896 2396 2948 si
2420 2905 2475 2947 tu
2492 2911 2544 2948 es
2567 2910 2660 2948 rex
2685 2894 2730 2926 ¹⁶
2757 2911 2774 2960 ;
2809 2905 2864 2949 at
2887 2895 3092 2952 Pilatus
3136 2913 3235 2967 per
3289 2898 3595 2968 simplicem

2029 2985 2474 3040 enuntiationem.
2527 2985 2662 3042 Vide
2698 3001 2898 3056 porro,
2954 2988 2998 3044 si
3036 3004 3142 3042 non
3179 2989 3322 3043 aliud
3357 3002 3411 3042 tu
3456 2991 3599 3044 dixi-

2031 3079 2099 3132 sti
2131 3079 2197 3143 ",
2233 3078 2374 3146 quod
2401 3077 2646 3146 pontiﬁci
2693 3093 3009 3148 responsum
3056 3090 3161 3148 est,
3199 3081 3594 3136 dubitationem

2030 3164 2146 3234 ejus
2184 3167 2501 3222 obliviosam
2529 3149 2808 3238 coarguit:
2840 3167 2973 3224 illud
2997 3183 3146 3234 vero,
3174 3167 3252 3222 Tu
3279 3170 3596 3240 dicis,quod

2029 3255 2208 3311 Pilato
2226 3257 2525 3326 respondit,
2549 3255 2982 3310 enuntiationem
3005 3255 3123 3324 ejus
3141 3258 3446 3311 conﬁrmat.
3468 3256 3598 3309 Erat

2031 3360 2269 3414 namque
2291 3361 2385 3400 rex
2421 3345 2587 3399 Israel
2615 3363 2628 3399 :
2665 3354 2846 3400 etnon
2869 3345 3005 3400 dixit
3030 3361 3131 3411 nat,
3165 3356 3224 3399 ut
3252 3361 3358 3400 non
3392 3346 3597 3415 prebe-

2033 3443 2122 3490 ret
2153 3436 2325 3492 Pilato
2349 3436 2654 3506 speciosam
2677 3446 2863 3486 ansam
2892 3432 3042 3486 illum
3071 3433 3390 3488 damnandi.

2103 3525 2397 3596 Propterea
2432 3525 2573 3594 quod
2607 3525 2872 3594 ejusmodi
2903 3533 3060 3580 erant
3086 3525 3176 3593 qui
3203 3524 3445 3579 converti
3480 3523 3592 3578 nol-

2030 3618 2165 3682 ient,
2195 3618 2329 3672 nihil
2359 3617 2490 3688 ipsis
2519 3617 2819 3686 respondit.
2841 3615 3074 3670 Pulchre
3120 3625 3301 3670 autem
3331 3631 3396 3671 ne
3424 3615 3598 3670 Pilato

2032 3709 2248 3780 quidem
2283 3709 2579 3778 respondit,
2626 3709 2752 3778 quia
2803 3708 3018 3764 dubitat
3053 3711 3096 3764 si
3132 3717 3381 3779 oporteat
3420 3710 3593 3778 ipsum

349 3805 541 3874 γορίας
574 3805 984 3874 ἀπολογεῖσθαι,
1014 3807 1108 3860 καὶ
1136 3809 1216 3860 ὅτι
1258 3808 1610 3879 διχογνωμῶν
1645 3811 1761 3863 ἐστι
1794 3811 1922 3881 περὶ

2031 3813 2220 3857 contra
2245 3801 2472 3869 injustas
2497 3802 2870 3856 accusationes
2898 3815 2958 3855 se
2980 3815 3236 3871 purgare,
3263 3810 3317 3856 et
3347 3801 3472 3870 quia
3497 3814 3588 3855 an-

349 3897 549 3952 αὐτῶν.
589 3897 756 3968 Δῆλον
794 3897 902 3969 γὰρ
940 3893 1038 3968 ἦν,
1081 3899 1188 3965 ὅτι,
1217 3901 1264 3953 εί
1289 3901 1663 3970 ἀπελογήσατο
1691 3902 1786 3955 καὶ
1818 3918 1925 3956 πα-

2029 3912 2157 3966 ccps
2186 3907 2271 3952 est
2327 3897 2397 3952 de
2452 3896 2581 3950 illis.
2617 3894 2964 3951 Manifestum
3017 3897 3161 3952 enim
3199 3905 3338 3960 erat,
3369 3895 3494 3964 quia
3545 3897 3590 3950 si

351 3989 614 4061 ρέστησεν
648 3989 835 4042 ἐαυτὸν
858 3990 1030 4044 οὐδενὶ
1048 3990 1158 4061 (ΞΟ)
1191 3989 1370 4062 ἔνοχον
1406 3991 1772 4062 ἐγκλήματος,
1814 3994 1922 4044 ἀπ-

2029 3995 2313 4058 purgasset
2350 4001 2432 4052 se,
2467 4001 2634 4056 seque
2687 3987 2942 4042 evicisset
2987 3986 3121 4041 nulli
3155 3985 3450 4040 obnoxium
3484 3986 3590 4040 cri-

349 4082 538 4137 ἐλυσεν
579 4082 645 4136 ἂν
679 4085 708 4136 ό
743 4081 1003 4155 δικαστὴς
1032 4084 1211 4148 αὑτὸν,
1257 4083 1432 4138 λαϐὼν
1457 4084 1572 4138 όδὸν
1593 4082 1687 4137 τοῦ
1715 4082 1925 4156 χρηπά

2030 4078 2184 4143 mini,
2215 4077 2717 4145 dimisissetutique
2746 4075 2894 4130 illum
2915 4074 3106 4144 judex,
3139 4077 3282 4128 viam
3315 4074 3583 4144 arripiens

348 4174 477 4244 περὶ
501 4173 665 4227 αὑτοῦ
698 4173 1095 4245 ἀποφήνασθαι.
1131 4174 1289 4230 Ὅθεν
1321 4176 1414 4229 καὶ
1455 4177 1482 4229 ὁ
1509 4173 1732 4246 ἡγεμὼν
1759 4173 1922 4228 ἐθαύ-

2029 4167 2220 4222 bonam
2258 4167 2326 4222 de
2379 4166 2473 4226 illo
2525 4166 2671 4220 ferre
2737 4167 3088 4222 sententiam.
3134 4166 3498 4233 Quamobrem
3531 4178 3586 4221 et

352 4264 522 4334 μαζεν
554 4264 737 4328 αὐτὸν,
772 4266 889 4328 πῶς
912 4306 926 4329 ,
962 4265 1256 4336 δυνάμενος
1282 4267 1458 4319 εἰπεῖν
1491 4264 1691 4328 πολλάς
1725 4265 1921 4318 ἀπολο-

2029 4273 2226 4328 praeses
2254 4257 2633 4313 admirabatur
2655 4270 2802 4319 eum,
2835 4257 3109 4326 quomodo
3133 4271 3256 4312 cum
3281 4264 3465 4324 posset
3493 4271 3591 4324 pro

348 4351 508 4419 γίσ-σ,
558 4351 786 4406 ἐσιώπα.
836 4355 926 4407 Διὸ
960 4355 1054 4408 καὶ
1090 4355 1165 4419 ὡς
1207 4354 1374 4408 θέλων
1424 4354 1586 4408 αὐτὸν
1629 4353 1918 4418 ἀπολῦσαι,

2029 4366 2086 4407 se
2109 4351 2304 4404 multas
2356 4347 2550 4403 afferre
2602 4348 2867 4412 rationes,
2906 4355 3135 4402 taceret.
3172 4347 3380 4400 Idcirco
3428 4345 3589 4400 etiam

349 4447 430 4508 εἰς
452 4445 608 4499 τοῦτο
630 4447 790 4500 αὐτὸν
806 4447 1170 4520 προετρέπετο
1187 4447 1318 4517 (50)’
1344 4447 1424 4498 ὅτι
1451 4444 1557 4516 γὰρ
1579 4445 1757 4515 φθόνῳ
1782 4461 1922 4516 παρ-

2029 4440 2179 4510 quasi
2211 4438 2400 4494 volens
2429 4437 2577 4492 illum
2611 4435 2913 4499 absolvere,
2949 4434 3015 4488 ad
3049 4435 3154 4488 hoc
3200 4433 3350 4488 illum
3395 4449 3592 4504 provo-

349 4535 538 4607 ἐδόθη,
595 4539 690 4590 καὶ
729 4537 946 4608 Πιλάτῳ
981 4537 1136 4609 δῆλον
1168 4534 1257 4609 ἦν.
1312 4538 1424 4607 Ούχ
1465 4536 1649 4600 άπλῶς
1683 4536 1740 4589 δὲ
1788 4535 1918 4589 θαυ-

353 4626 546 4698 μάζει,
593 4626 728 4682 ἀλλά
766 4631 861 4683 καὶ
895 4629 1046 4683 λίαν·
1089 4629 1232 4700 τάχα
1275 4630 1374 4700 μὲν
1416 4627 1506 4682 διὰ
1550 4628 1611 4680 τὸ
1657 4628 1922 4698 ἄτρεπτον

348 4717 447 4772 καὶ
471 4717 742 4790 ἀτάραχον
774 4720 938 4774 αὐτοῦ
963 4727 1099 4793 πρὸς
1119 4722 1366 4785 θάνατον,
1395 4720 1489 4774 καὶ
1511 4722 1568 4773 ἐν
1599 4719 1808 4782 τούτοις
1827 4735 1924 4787 γα-

353 4809 512 4881 ληνὸν
535 4811 628 4865 τοῦ
657 4813 950 4883 προσώπου
973 4832 985 4844 ·
1023 4813 1056 4884 ἢ
1083 4815 1176 4868 καὶ
1207 4813 1304 4885 τὴν
1343 4813 1482 4883 ὑπὲρ
1507 4811 1789 4883 ἄνθρωπον
1822 4812 1920 4863 αύ-

349 4903 442 4960 rei}
474 4904 852 4976 μακροθυμίαν
883 4903 1214 4976 ἐθαύμαζεν.

417 5079 578 5144 Είκὺς
609 5082 731 5152 ἄρτι
758 5082 1107 5137 ὑποσπόνδων
1135 5081 1439 5151 γενομένων
1475 5079 1765 5150 Ῥωμαίοις
1799 5079 1929 5130 ἰου-

349 5167 547 5236 δαιων,
596 5171 657 5226 τὸ
701 5174 1095 5246 κεχαρισμένον
1135 5173 1318 5235 αὐτοῖς
1363 5170 1529 5242 ᾤοντο
1562 5173 1621 5222 ἐν
1665 5172 1730 5240 τῇ
1766 5170 1926 5240 ἐορτῇ

351 5265 768 5335 συγχωρεῖσθαι.
814 5266 924 5318 Καὶ
960 5265 1132 5319 Σαοὺλ
1172 5263 1261 5326 δὲ,
1293 5263 1654 5334 συγχωρήσας
1697 5260 1775 5329 τῷ
1814 5259 1928 5329 λαῷ

348 5352 442 5406 τὸν
481 5354 756 5420 Ἰωνάοαν,
784 5355 934 5428 δηλοῖ
959 5357 1086 5428 πρὶν
1105 5355 1286 5418 αὐτοῖς
1309 5354 1402 5407 καί
1429 5352 1689 5406 τοιοῦτον.
1731 5351 1818 5414 Ὠς
1839 5367 1925 5403 νο-

422 5513 466 5546 "
488 5513 677 5570 Matth.
699 5530 826 5579 xxv,
845 5515 902 5571 9.
977 5514 1019 5545 ⁸⁸
1043 5512 1232 5568 Matth.
1259 5529 1406 5580 xxvr,
1434 5513 1520 5570 65.

423 5629 537 5697 (27)
571 5629 748 5685 Locus
769 5629 1047 5686 deﬁciens.

419 5701 532 5764 (28)
573 5700 784 5754 Nullum
862 5701 1151 5756 ascribitur
1224 5699 1463 5755 auctoris
1525 5714 1740 5755 nomen.
1794 5697 1915 5755 ηας

354 5772 499 5828 rcier
526 5772 592 5827 ad
619 5786 760 5827 vers.
796 5771 881 5825 ιε.

1627 5514 1669 5545 ¹⁷
1717 5512 1846 5568 ibid.
1875 5511 1964 5566 64.

2024 4534 2206 4587 cabat.
2253 4531 2391 4598 Quia
2426 4532 2571 4585 enim
2603 4527 2804 4584 invidia
2842 4527 3074 4581 traditus
3098 4526 3298 4592 fuerat,
3333 4529 3383 4580 id
3417 4527 3587 4581 Pilato

2025 4621 2374 4678 manifestum
2419 4631 2557 4676 erat.
2588 4619 2703 4674 Non
2740 4618 3060 4687 simpliciter
3086 4633 3217 4672 vero
3267 4616 3590 4679 mirabatur,

2024 4713 2116 4770 sed
2144 4720 2199 4768 et
2229 4715 2574 4766 vehementer.
2607 4708 2839 4765 Forteau
2873 4718 3102 4777 propter
3135 4708 3500 4763 constantiam
3537 4718 3592 4761 et

2026 4802 2624 4874 imperturbabilitatem
2663 4801 2782 4868 ejus
2809 4801 3072 4857 adversus
3099 4809 3352 4865 mortem,
3381 4814 3444 4854 ac
3466 4815 3593 4869 pro-

2025 4905 2212 4964 pterea
2238 4894 2308 4948 ob
2333 4892 2682 4948 serenitatem
2719 4892 2922 4946 vultus.
2952 4891 3048 4947 Vel
3075 4891 3238 4946 etiam
3266 4889 3592 4960 longanimi-

2028 4995 2193 5039 tatem
2226 4983 2345 5053 ejus
2370 4982 2652 5053 plusquam
2682 4982 2974 5037 humanam
3009 4982 3402 5038 admirabatur.

2097 5073 2312 5139 Merito,
2339 5087 2460 5126 cum
2489 5087 2680 5128 recens
2708 5072 2965 5127 Romanis
2985 5071 3188 5129 [cedere
3211 5073 3384 5142 juncti
3407 5084 3591 5128 essent

2026 5163 2218 5227 Judaei,
2251 5164 2394 5232 quod
2425 5173 2638 5232 gratum
2673 5162 2804 5231 ipsis
2849 5171 3032 5230 esset,
3068 5163 3330 5233 putabant
3363 5164 3415 5216 in
3450 5165 3590 5217 l'csto

2026 5253 2445 5311 concedendum.
2474 5252 2600 5307 Saul
2636 5253 2798 5308 etiam
2845 5255 3148 5308 concedens
3179 5255 3374 5325 populo
3426 5253 3591 5310 Jona-

2028 5349 2177 5410 than,
2213 5347 2322 5416 jam
2355 5345 2560 5416 pridem
2591 5344 2794 5414 aliquid
2827 5345 3134 5415 hujusmodi
3159 5346 3337 5400 innuit
3365 5346 3495 5402 illis.
3521 5343 3588 5399 Ut

2113 5626 2203 5691 ‘29)
2244 5626 2324 5681 An
2357 5625 2590 5688 οὐδενός.

2113 5626 2203 5691 ‘29)
2244 5626 2324 5681 An
2357 5626 2590 5688 οὐδενός.

2082 5626 2213 5768 ’ἓδω
2239 5697 2335 5750 Hic
2361 5708 2414 5750 el
2447 5695 2588 5768 intra
2617 5693 2805 5768 confer
2837 5696 2979 5754 edita
3017 5697 3233 5768 Latina,
3257 5706 3309 5753 et
3341 5695 3583 5768 quaedam

2025 5765 2188 5825 etiam
2222 5767 2491 5824 contraria
2526 5765 2609 5822 bis
2631 5766 2892 5837 reperies.
