4172 6418
507 347 608 403 307

1390 339 1951 431 δυροιειιΕΝτυιι
1986 338 2078 393 AD
2114 336 2439 394 ORIGENIS
2469 335 2883 393 EXEGETICA.

3640 337 3749 394 308

505 458 599 528 qui
625 457 790 528 igitur
820 455 1058 512 futurum
1087 456 1337 525 putabat,
1377 464 1439 510 nt
1466 457 1815 511 innocentem
1849 454 2031 523 potius
2056 492 2073 520 ,

2196 447 2351 513 ιίζων
2380 448 2437 503 δὲ
2456 489 2472 513 ,
2505 450 2587 503 ὅτι
2616 449 2707 504 τὸν
2742 451 2979 506 ἀναίτιον
2998 490 3015 516 ,
3044 450 3077 520 ἢ
3111 449 3203 504 τὸν
3229 449 3444 521 μυρίοις
3468 450 3747 523 ἐγκλήμα-

505 563 671 617 quam
707 548 938 603 inﬁnitis
971 547 1294 602 criminibus
1336 562 1490 602 reum
1526 545 1888 616 postularent,
1937 544 2077 600 dixit

2179 558 2262 595 σιν
2302 541 2549 595 ὑπαίτιον
2594 544 2942 613 αἰτήσονται,
2975 538 3096 596 εἷπε
3131 542 3289 595 τοῦτο
3316 544 3344 595 ὁ
3376 542 3604 608 Πιλάτος
3624 583 3638 606 ,
3672 544 3749 608 ὡς

507 639 611 693 hoc
634 639 872 705 Pilatus,
902 649 1159 708 tanquam
1192 637 1262 691 iis
1281 636 1662 707 quijustitiam
1695 635 2073 691 sectabantur.

2196 634 2404 697 ῑικαίοις
2436 630 2606 688 οῦσιν.
2652 635 2806 706 ᾜδει
2838 634 2977 705 γὰρ,
3027 636 3110 688 ὅτι
3146 634 3301 688 οὐδὲν
3346 636 3488 707 σαφῆ
3531 635 3751 707 ἔλεγχον

509 730 729 785 Sciebat
761 731 903 785 enim
931 730 1059 799 quia
1089 728 1292 784 nultum
1324 728 1543 784 evidens
1572 737 1953 796 argumentum
1981 727 2079 782 ba-

506 820 671 874 behat
689 829 878 877 contra
910 818 1079 874 illum.

581 907 960 965 Vetustissima
1021 911 1206 982 legens
1245 910 1597 978 exemplaria.
1635 908 1841 974 inveni,
1901 907 2076 976 ipsum

508 1012 721 1066 quoque
746 998 1049 1055 Barabbam
1082 1008 1333 1054 vocatum
1370 998 1541 1054 fuisse
1563 995 1770 1052 Jesum.
1799 998 1891 1052 Sic
1916 997 2081 1066 igitur

511 1104 574 1143 se
604 1090 680 1145 ibi
707 1090 943 1144 habebat
977 1088 1133 1143 Pilati
1169 1087 1524 1158 interrogatio
1560 1107 1573 1141 :
1608 1086 1775 1153 Quem
1828 1086 1987 1141 vultis
2015 1087 2080 1140 de

508 1182 592 1236 his
623 1182 825 1235 duabus
844 1181 1109 1234 dimittam
1143 1182 1283 1234 vobis
1301 1180 1326 1232 .’
1341 1178 1520 1233 Iesum
1538 1178 1857 1239 Barabbam,
1884 1178 1959 1231 vel
1986 1177 2082 1232 Je—

509 1289 627 1326 sum
657 1272 747 1339 qui
770 1271 969 1325 dicitur
990 1269 1231 1326 Christus
1258 1270 1337 1323 “1'
1370 1269 1440 1326 Ut
1461 1269 1603 1323 enim
1637 1268 1851 1322 videtur
1882 1308 1898 1333 ,
1945 1269 2082 1323 latro

510 1363 884 1432 patronymica
912 1362 1210 1417 vocabatur
1256 1360 1551 1426 Barabbas,
1581 1359 1725 1427 quod
1762 1361 2084 1429 interpreta-

513 1463 600 1505 tur
652 1453 885 1506 doctoris
928 1452 1095 1520 ﬁlius.
1136 1451 1507 1519 Compositum
1563 1451 1728 1520 igitur
1758 1465 1950 1505 nomen
1980 1449 2084 1505 Ba-

513 1544 779 1606 ramhau,
834 1542 1040 1598 indicat
1097 1541 1268 1595 Filius
1310 1543 1541 1595 doctoris
1582 1542 1769 1595 nostri.
1801 1541 1869 1594 At
1900 1541 2083 1609 cujus-

514 1651 638 1689 nam
670 1635 809 1689 alius
836 1634 1081 1692 doctoris
1108 1634 1273 1688 lilium
1296 1643 1514 1704 oportet
1540 1644 1798 1702 reputare
1816 1633 2083 1689 latronem

2178 719 2320 794 εἶχον
2346 728 2464 778 κατ’
2492 723 2695 795 αὑτοῦ.ι

2252 925 2502 988 Παλαιοῖς
2525 924 2584 979 δὲ
2622 923 2760 977 πάνυ
2783 923 3135 995 ἀντιγράφοις
3162 922 3430 994 ἐντυχὼν,
3464 917 3623 997 εὖρον
3659 927 3755 980 καὶ

2180 1016 2340 1070 αὑτὸν
2370 1015 2462 1069 τὸν
2494 1014 2781 1087 Βαραϐϐᾶν
2822 1014 3029 1086 Ἰησοῦν
3061 1015 3369 1085 λεγόμενον.
3413 1015 3600 1081 Οὕτως
3623 1016 3755 1086 γοῦν

2180 1106 2323 1181 εἶχεν
2355 1111 2389 1181 η
2425 1108 2518 1162 τοῦ
2558 1108 2789 1162 Πιλάτου
2828 1108 3020 1172 πεῦσις
3054 1108 3187 1161 ἐκεῐ’
3235 1109 3373 1162 Τίνα
3404 1109 3605 1164 θέλετε
3631 1110 3755 1165 ἀπὸ

2181 1199 2300 1254 τῶν
2320 1200 2430 1254 δύο
2459 1200 2749 1255 ἀπολύσω
2774 1199 2954 1268 Quir;
2998 1198 3241 1267 Ἰησοῦν
3270 1200 3378 1253 τὸν
3420 1199 3750 1269 Βαραϐϐᾶν,

2182 1295 2222 1361 ἢ
2268 1294 2508 1361 Ἰησοῦν
2530 1294 2637 1347 τὸν
2667 1293 2998 1361 λεγόμενον
3023 1294 3312 1360 Χριστόν;
3346 1294 3435 1358 Ὠς
3455 1293 3564 1365 γὰρ
3590 1294 3754 1357 ἔοικε,

2183 1385 2543 1459 πατρωνυμία
2567 1381 2636 1456 ἦν
2660 1385 2755 1438 τοῦ
2783 1384 2981 1456 λῃστοῦ
3017 1388 3048 1439 6
3079 1385 3389 1457 Βαραϐβᾶς,
3424 1387 3562 1457 ὅπερ
3586 1388 3758 1457 ἑρμη-

2183 1480 2395 1534 νεύεται
2432 1478 2805 1533 διδασκάλου
2833 1478 2963 1543 υἱός
2998 1477 3129 1547 (51).
3165 1477 3547 1549 Συντιθέμενον
3573 1475 3666 1531 οῦν
3696 1477 3761 1532 τὸ

2184 1570 2279 1625 τοῦ
2317 1570 2618 1642 Βαραμϐἄν
2653 1570 2822 1641 ὄνομα
2868 1569 3122 1640 σημαίνει
3160 1568 3293 1634 υίὸς
3330 1570 3437 1623 τοῦ
3474 1569 3761 1624 διδασκά-

2184 1667 2299 1717 λου
2326 1660 2514 1731 ἡμῶν.
2542 1662 2650 1715 Καὶ
2671 1662 2814 1726 τίνος
2839 1661 2948 1733 ἄρα
2979 1660 3299 1715 διδασκάλου
3335 1660 3449 1715 υἱὸν
3474 1661 3579 1732 χρὴ
3604 1661 3760 1732 νομί-

516 1726 808 1796 insignem,
846 1743 1007 1797 quam
1045 1728 1144 1781 viri
1179 1726 1532 1796 sanguiuum,
1566 1740 1729 1794 quam
1769 1724 1887 1794 eius
1912 1727 2085 1795 quiat:

2196 1751 2301 1818 ζειν
2332 1724 2423 1806 τῦν
2467 1752 2735 1822 ἐπίσημον
2772 1724 2993 1823 λῃστὴν,
3037 1751 3072 1821 ἢ
3117 1749 3211 1803 τοῦ
3253 1751 3445 1823 ἀνδρὸς
3477 1724 3761 1820 ἆίμῐάτυᾷν,

514 1819 668 1875 initio
694 1826 774 1874 sst
806 1818 1071 1872 homicida
1098 1818 1142 1850 "
1178 1836 1193 1873 :
1220 1831 1383 1888 quem
1419 1830 1591 1886 usque
1624 1817 1677 1871 iu
1722 1816 1863 1871 hanc
1891 1817 2035 1872 diem
2066 1855 2083 1880 ,
2117 1803 2161 1858 Β

513 1910 606 1978 qui
640 1908 708 1963 ab
740 1906 856 1979 ipso
888 1908 1105 1964 discunt
1137 1908 1318 1964 facere
1351 1907 1976 1978 homicidia,praeferunt
2004 1909 2085 1962 vi-

515 2000 784 2057 viticatori
815 2001 1097 2057 hominum
1121 1999 1350 2055 Domino
1383 2010 1571 2055 nostro
1592 1999 1720 2056 Jesu
1747 2000 1967 2057 Christo
1993 2000 2017 2053 ἰ

589 2092 724 2146 Dum
763 2092 1101 2162 judicaretur
1130 2107 1160 2147 a
1182 2091 1381 2156 Pilato,
1414 2093 1633 2148 oracula
1687 2093 1944 2149 reddebat
1968 2095 2088 2164 ejus

517 2185 702 2245 uxori;
732 2192 790 2239 ut
820 2184 1037 2240 silentio
1061 2185 1282 2255 quidem
1316 2183 1384 2237 ad
1416 2183 1791 2241 fortitudinem
1821 2194 2086 2255 stuperet,

517 2286 572 2328 at
597 2274 852 2329 vaticinia
867 2285 1243 2345 cognosceret,
1271 2277 1413 2345 quod
1438 2290 1544 2331 non
1579 2275 1633 2329 in
1667 2275 1960 2340 hominem,
1990 2276 2088 2332 sed

521 2365 687 2420 Deum
716 2366 1042 2422 sententiam
1080 2366 1209 2423 fert.
1242 2367 1534 2438 Propterea
1572 2384 1705 2424 vero
1732 2369 1847 2439 ipse
1878 2384 1982 2424 non
2008 2369 2089 2424 vi-

524 2456 628 2522 dit,
675 2458 760 2513 vel
789 2467 850 2512 ut
889 2458 978 2513 illa
1015 2475 1122 2516 non
1155 2470 1365 2516 taceret
1392 2463 1688 2528 somnium,
1719 2462 1803 2516 vel
1847 2464 1974 2532 quia
2010 2462 2087 2517 illi

519 2566 626 2605 non
657 2551 1004 2616 credebatur,
1027 2552 1112 2607 vel
1152 2553 1407 2624 indignus
1460 2562 1601 2619 erat,
1650 2553 1731 2607 vel
1760 2563 1819 2608 ut
1864 2554 2091 2609 audiens

519 2656 641 2710 quae
686 2656 827 2696 utor
856 2656 1019 2708 passa
1056 2642 1256 2710 fuerat,
1301 2652 1729 2714 compateretur.
1790 2642 1908 2699 Non
1943 2644 2089 2700 cnim

523 2736 682 2789 modo
702 2735 974 2790 somnium
1015 2735 1174 2801 vidit,
1198 2739 1292 2793 sed
1323 2745 1379 2792 et
1400 2737 1567 2792 multa
1596 2752 1757 2807 passa
1782 2747 1888 2802 est,
1938 2746 1994 2794 et
2034 2738 2088 2794 in

522 2840 679 2881 nocte
723 2826 777 2881 id
827 2827 895 2882 ad
927 2826 1183 2896 majorem
1230 2829 1480 2883 timorem
1532 2830 1778 2899 contigit.
1816 2828 2088 2885 Caeterum

521 2915 880 2973 Providentia:
899 2932 1034 2988 opus
1058 2918 1186 2972 illud
1208 2920 1476 2973 somnium
1502 2918 1620 2985 fuit,
1645 2917 1712 2972 de
1743 2932 1850 2987 quo
1868 2917 2089 2987 quidem

523 3024 629 3064 non
666 3009 868 3065 dicitur
918 3009 1047 3078 quid
1079 3017 1252 3073 esset,
1287 3007 1604 3064 manifestat
1651 3017 1831 3064 tamen
1863 3009 2089 3064 demon-

2188 1844 2295 1899 τοῦ
2321 1844 2391 1908 ἐξ
2422 1843 2617 1913 ἀρχῆς
2664 1843 3179 1913 ἀνθρωποκτόνου,
3218 1843 3278 1896 ὃν
3327 1842 3419 1897 καὶ
3449 1842 3611 1913 μέχρι
3663 1842 3765 1912 τῆς

2184 1937 2344 2009 δεῦρο
2399 1937 2600 2007 μᾶλλον
2644 1934 2922 2007 αἱροῦνται
2978 1938 3029 1988 οἱ
3090 1935 3351 2007 μαθόντες
3413 1936 3543 2006 παρ’
3598 1932 3764 1987 αὑτοῦ

2187 2025 2724 2098 άνθρωποκτονεῖν,ἢ
2764 2025 2855 2078 τὸν
2889 2025 3253 2090 ζωοποιοῦντα
3272 2026 3399 2088 τοὺς
3423 2022 3764 2096 ἀνθρώπους,

2186 2119 2277 2172 τὸν
2320 2117 2524 2190 Κύριον
2556 2116 2711 2188 ἡμῶν
2750 2116 2956 2187 Ἰησοῦν
2986 2116 3260 2188 Χριστόν;

2258 2210 2593 2281 Κρινόμενος
2623 2208 2728 2262 ὑπὸ
2760 2208 2856 2262 τοῦ
2894 2207 3149 2271 Πιλάτου,
3177 2205 3510 2278 ἐχρημάτιζε
3539 2209 3606 2278 τῇ
3639 2204 3767 2258 τού-

2186 2317 2282 2354 του
2319 2302 2571 2369 γυναικὶ,
2616 2302 2703 2356 ῐνα
2734 2303 2802 2372 τῇ
2843 2301 2941 2372 μὲν
2973 2300 3149 2369 σιωπῇ
3193 2297 3292 2368 τὴν
3331 2296 3579 2368 ἀνδρείαν
3599 2314 3768 2351 κατα-

2189 2390 2371 2461 πλαγῇ
2391 2431 2406 2455 ,
2430 2389 2509 2461 τῷ
2539 2390 2597 2443 δὲ
2635 2388 3001 2463 χρηματισμῷ
3048 2387 3161 2459 γνῷ
3179 2428 3194 2452 ,
3221 2389 3304 2441 ὅτι
3333 2388 3433 2441 οὐκ
3461 2387 3768 2461 ἄνθρωπον,

2189 2483 2328 2537 ἀλλὰ
2350 2483 2483 2537 Θεὸν
2507 2483 2704 2556 κρίνει.
2730 2484 2829 2538 Διὰ
2860 2482 2919 2536 δὲ
2951 2479 3110 2535 τοῦτο
3141 2479 3307 2543 αὐτὸς
3333 2480 3434 2533 οὐκ
3456 2474 3595 2533 εἶδεν
3620 2480 3654 2551 ἦ
3683 2481 3772 2535 ἵνα

2192 2572 2267 2645 μὴ
2301 2573 2554 2644 σιωπήσῃ
2572 2572 2650 2642 τῷ
2688 2572 2797 2643 (52)
2844 2571 3007 2643 ὄναρ,
3058 2568 3093 2641 ἢ
3152 2568 3234 2622 ὅτι
3282 2569 3382 2623 οὑκ
3435 2569 3770 2636 ἐπιστεύετο,

2201 2663 2236 2734 ἢ
2274 2663 2357 2717 ὃτι
2407 2662 2628 2728 ἀνάξιος
2672 2664 2761 2734 ἦν,
2820 2661 2853 2733 ἢ
2912 2662 2997 2715 ἵνα
3052 2660 3292 2725 ἀκούσας
3336 2660 3371 2714 ἃ
3417 2661 3705 2732 ὑπέμεινεν
3736 2662 3773 2730 ἡ

2188 2754 2360 2827 γυνὴ,
2420 2755 2769 2828 συμπαθήσῃ.
2834 2754 2909 2807 Οὐ
2959 2753 3068 2825 γάρ
3118 2754 3277 2825 μόνον
3332 2749 3439 2807 εῖδε
3489 2755 3551 2808 τὸ
3604 2756 3771 2808 ἐνύπ-

2189 2864 2351 2911 νιον,,
2384 2846 2519 2900 άλλά
2570 2846 2662 2899 καὶ
2716 2845 2887 2899 πολλά
2920 2845 3110 2910 ἔπαθε,
3159 2846 3253 2899 καὶ
3280 2847 3337 2899 ἐν
3365 2847 3518 2899 νυκτὶ
3550 2846 3685 2917 πρὸς
3708 2845 3771 2898 τὸ

2191 2937 2562 3011 φοϐερώτερον
2592 2938 2854 3008 γίνεσθαι.
2894 2938 3102 3002 Ἀλλως
3142 2955 3201 2990 τε
3227 2939 3283 2992 δὲ
3313 2938 3573 3010 Προνοίας
3610 2937 3771 3009 ἔργον

2190 3029 2252 3083 τὸ
2273 3027 2426 3099 ὄναρ,
2458 3031 2519 3083 οὐ
2546 3029 2838 3100 λεγόμενον
2875 3027 2974 3099 μὲν
3002 3028 3054 3079 τί
3080 3022 3170 3098 ἦν,
3195 3026 3437 3080 δεικνύον
3463 3025 3542 3088 δὲ,
3567 3027 3649 3080 ὅτι
3675 3026 3774 3097 οὐχ

529 3116 760 3162 stratum
793 3104 984 3169 fuisse,
1008 3120 1116 3159 nou
1143 3113 1204 3159 ut
1234 3104 1485 3159 Christus
1519 3120 1625 3159 non
1663 3114 1963 3174 pateretur,
1994 3102 2091 3159 sed

2196 3122 2284 3178 ἵνα
2330 3121 2404 3193 μὴ
2450 3119 2598 3190 πάθη
2647 3120 2676 3172 ὁ
2731 3116 2937 3188 Ἰησοῦς
2983 3115 3230 3188 ἐδείχθη,
3274 3115 3388 3168 ἀλλ’
3434 3115 3520 3169 ἵνα
3554 3114 3700 3185 σωθῇ
3739 3116 3776 3185 ἡ

525 3209 583 3253 ιιι
610 3198 804 3252 mulier
828 3198 976 3253 salva
1008 3197 1180 3253 fieret.
1207 3194 1371 3250 Beata
1394 3211 1521 3251 vero
1543 3169 1680 3259 ba‘c,
1694 3210 1812 3266 qua:
1835 3211 1931 3265 per
1951 3209 2093 3250 som-
2120 3169 2164 3229 θ

523 3286 613 3341 nia
653 3286 862 3351 habuit,
891 3297 949 3340 ut
980 3295 1281 3356 pateretur,
1316 3292 1374 3339 ut
1402 3300 1508 3338 non
1538 3285 1693 3355 longe
1716 3286 1967 3357 graviora
2000 3300 2094 3355 pa-

525 3386 751 3431 teretur.
788 3376 955 3444 Quasi
994 3387 1173 3432 autem
1219 3378 1523 3449 symbolum
1570 3391 1634 3430 ea
1686 3384 1771 3431 est
1813 3374 2091 3440 Ecclesiae,

523 3482 645 3539 quae
669 3468 938 3538 quondam
972 3468 1142 3525 Pilato
1163 3470 1402 3535 suberat,
1438 3469 1532 3526 sed
1571 3483 1695 3523 nom
1736 3468 1968 3538 amplius
1996 3468 2097 3523 ob-

527 3560 689 3615 noxia
719 3571 801 3614 est
828 3561 876 3615 ei
922 3570 1141 3632 propter
1175 3562 1334 3617 ﬁdem
1364 3563 1419 3617 in
1465 3559 1854 3616 Christum.....
1903 3561 2098 3618 mulier

528 3652 672 3708 enim
709 3651 1005 3724 alienigena
1038 3660 1177 3709 erat.

534 3745 596 3803 V.
632 3748 724 3805 45.
756 3751 796 3802 Α
829 3758 978 3803 sexta
1010 3759 1185 3804 autem
1238 3749 1368 3802 hora
1402 3748 1628 3803 tenebrae
1673 3749 1889 3818 {uerunt
1945 3765 2102 3815 super

721 3836 925 3874 omnem
946 3830 1165 3884 terram,
1192 3834 1356 3889 usque
1376 3819 1445 3872 ad
1478 3819 1665 3873 horam
1694 3835 1908 3873 nonam.

602 3911 678 3966 De
710 3912 812 3966 hac
845 3911 1033 3982 eclipsi
1076 3920 1131 3965 et
1166 3912 1428 3981 propheta
1469 3910 1767 3967 Zacharias
1805 3910 1986 3966 dixit:
2034 3911 2101 3966 In

531 4005 626 4059 illa
653 4005 758 4070 die,
786 4005 981 4075 inquit,
1018 4022 1122 4059 non
1167 4006 1265 4058 erit
1299 4004 1413 4059 lux.
1441 4004 1507 4058 Et
1537 4005 1705 4075 frigus
1748 4014 1797 4059 et
1846 4005 1964 4074 gelu
2001 4007 2103 4059 erit

532 4115 692 4153 unam
725 4098 884 4155 diem.
920 4096 987 4151 Et
1025 4098 1138 4151 dies
1174 4097 1269 4152 illa
1300 4107 1423 4151 nota
1456 4096 1699 4150 Domino.
1726 4093 1796 4148 Et
1830 4112 1933 4150 non
1964 4097 2100 4161 dies,

531 4201 580 4243 et
609 4205 713 4243 non
731 4205 869 4255 nox;
891 4200 942 4243 et
970 4191 1039 4243 ad
1067 4205 1332 4257 vesperam
1356 4189 1454 4242 erit
1486 4187 1581 4243 tua
1608 4188 1677 4242 ‘°.
1715 4187 1847 4252 Dum
1876 4189 2005 4244 dicit
2028 4199 2104 4243 te-

533 4281 723 4339 nebrw.
775 4279 1011 4335 ostendit
1054 4279 1438 4335 obteuebratos
1489 4278 1660 4334 fuisse
1692 4278 1783 4348 qui
1838 4279 1893 4334 in
1927 4277 2101 4334 lucem

536 4387 730 4427 manus
760 4370 1076 4440 iniecerant.
1107 4370 1428 4425 Sicutenim
1450 4368 1728 4442 Egyptiis
1763 4370 1982 4424 fuerunt
2019 4379 2103 4425 te-

534 4464 736 4530 nebrae,
760 4472 814 4516 at
834 4463 920 4517 lux
956 4462 1079 4517 filiis
1099 4461 1294 4530 Israel;
1325 4462 1398 4517 ita
1429 4473 1485 4519 et
1511 4478 1674 4525 nunc.
1708 4461 1964 4518 Ecclesia:
1986 4461 2104 4532 qui-

533 4556 655 4610 dem
687 4562 773 4608 est
797 4554 927 4616 lux;
956 4562 1014 4607 at
1047 4553 1248 4609 Judmis
1277 4562 1405 4608 sunt
1439 4552 1675 4607 tenebrat
1708 4553 1993 4619 triduana),
2023 4553 2104 4605 Iu-

533 4644 697 4700 minis
728 4658 920 4713 nempe
973 4644 1207 4712 paterni,
1241 4642 1548 4711 splendoris
1602 4641 1833 4709 Christi,
1874 4641 2104 4711 fulgoris

536 4736 776 4806 Spiritus
797 4734 997 4789 sancti.
1029 4733 1095 4787 Et
1124 4733 1251 4802 quia
1301 4731 1388 4787 die
1415 4740 1564 4786 sexta
1593 4731 1773 4786 factus
1807 4741 1891 4786 est
1921 4733 2103 4795 homo.

536 4841 602 4881 ac
623 4825 939 4881 verosimite
963 4833 1046 4878 est
1076 4822 1225 4876 illum
1258 4824 1390 4877 hora
1420 4833 1575 4877 sexta
1603 4822 1769 4879 fuisse
1796 4823 2103 4891 deceptum,

536 4926 822 4988 propterea
858 4915 1092 4971 fortasse
1122 4914 1215 4985 qui
1243 4929 1341 4985 pro
1383 4914 1559 4969 salute
1596 4914 1877 4969 hominum
1910 4928 2107 4985 passus

536 5018 641 5075 est,
673 5008 805 5064 hora
827 5018 982 5062 sexta
1004 5020 1298 5076 suSpensus
1328 5003 1452 5059 fuit.
1482 5004 1594 5060 Hoc
1619 5014 1706 5060 est
1726 5005 1937 5077 signum
1960 5006 2106 5076 quod

539 5110 697 5155 antea
740 5100 1053 5168 petentibus
1082 5113 1143 5153 se
1168 5097 1426 5152 daturum
1454 5098 1779 5167 promiserat
1809 5098 2060 5165 inquiens
2089 5113 2103 5149 :

537 5190 819 5245 Generatio
849 5206 1011 5259 prava
1040 5199 1088 5244 et
1119 5188 1363 5243 adultera
1403 5190 1610 5258 signum
1644 5188 1861 5257 requirit
1887 5188 1953 5254 ἰ,
1996 5202 2103 5248 etc.

537 5284 626 5346 Et,
654 5282 865 5352 quando
884 5281 1237 5337 sxattaseritis
1268 5277 1471 5333 Filium
1492 5279 1746 5342 hominis,
1773 5290 1897 5334 tunc
1919 5295 2108 5349 cogno-

2200 3215 2357 3284 γυνή.
2373 3210 2703 3284 Μακαρίαδὲ
2730 3212 2763 3282 ἡ
2786 3209 3011 3263 τοιαῦτα
3036 3211 3148 3277 (55)
3170 3211 3446 3281 ἀπέχουσα
3472 3211 3529 3261 ὲν
3549 3206 3777 3280 ὀνείροις

2202 3301 2264 3355 τὸ
2292 3300 2517 3362 παθεῖν,
2563 3298 2649 3351 ἵνα
2697 3298 2772 3370 μὴ
2813 3298 3124 3373 ὑπερπάθῃ.
3146 3300 3209 3353 Εἰ
3245 3299 3359 3371 (δι)
3402 3298 3458 3351 δὲ
3508 3297 3778 3368 σύμϐολόν

2204 3393 2350 3444 ἐστιν
2383 3388 2520 3461 αῦτη
2549 3388 2649 3459 τῆς
2678 3406 2805 3443 ποτε
2824 3390 2931 3443 ὑπὸ
2963 3390 3196 3446 Πιλάτου
3222 3389 3612 3461 κυριευομένης
3657 3389 3777 3442 Ἑκ-

2204 3482 2451 3555 κλησίας,
2488 3482 2581 3536 καὶ
2617 3483 2800 3536 οὐκέτι
2837 3481 3005 3556 οῦσης
3037 3483 3185 3554 αὐτῷ
3220 3483 3529 3555 ὑποχειρίου
3556 3481 3643 3534 διὰ
3676 3481 3778 3551 τὴν

2203 3577 2282 3638 εἰς
2308 3573 2541 3645 Χριστὸν
2568 3575 2815 3628 πίστιν...
2947 3574 3076 3645 γάρ,
3101 3574 3394 3643 ἀλλόφυλος
3417 3573 3525 3645 γὰρ
3556 3574 3589 3643 ἡ
3615 3572 3776 3642 γυνή.

2201 3752 2347 3823 Στίχ.
2377 3752 2651 3823 με’.)Απὸ
2696 3752 2765 3806 δὲ
2788 3752 2968 3823 ἕκτης
2988 3749 3647 3823 ἄῳαςγσκότος-ἐγένετο
3677 3747 3778 3802 ἐπι

2431 3821 2639 3878 πᾶσαν
2665 3823 2779 3891 τὴν
2814 3820 2933 3893 γῆν
2975 3820 3086 3888 ἕως
3119 3821 3276 3890 ὧρας
3304 3820 3542 3887 ἐνάτης.

2277 3914 2393 3986 (55)
2429 3916 2565 3986 Περὶ
2595 3916 2800 3986 ταύτης
2839 3915 2937 3985 τῆς
2962 3913 3257 3982 ἐκλείψεως
3295 3912 3389 3966 καὶ
3434 3913 3463 3964 ὁ
3495 3910 3783 3982 προφήτης

2201 4006 2474 4080 Ζαχαρίας
2500 4007 2687 4061 εἰπών·
2728 4007 2830 4061 Ἐν
2851 4007 3054 4075 ἐκείνῃ
3082 4005 3155 4074 τῇ
3178 4003 3400 4074 ἡμέρᾳ,
3427 4005 3589 4074 φησὶν
3609 4042 3624 4065 ,
3667 4003 3781 4055 οὐκ

2202 4096 2374 4152 ἔσται
2397 4094 2543 4167 φῶς.
2568 4096 2681 4151 Καὶ
2704 4096 2904 4165 ψῦχος
2935 4095 3034 4150 καὶ
3057 4093 3248 4165 πάγος
3276 4095 3445 4148 ἔσται
3470 4093 3619 4162 μίαν
3639 4087 3785 4160 ἡμέ-

2195 4206 2335 4258 ραν.
2369 4189 2479 4243 Καὶ
2507 4190 2546 4257 ἠ
2574 4186 2765 4257 ἡμέρα
2793 4188 2997 4254 ἐκείνη
3030 4185 3270 4255 γνωστὴ
3304 4184 3385 4250 τῷ
3421 4184 3633 4250 Κυρίῳ.
3670 4182 3782 4236 Καὶ

2203 4284 2316 4351 οὐχ
2346 4280 2558 4350 ἡμέρα,
2592 4279 2691 4334 καί
2723 4281 2795 4335 οὐ
2830 4279 2946 4345 νύξ
2966 4297 2980 4309 ·
3015 4279 3113 4333 καί
3146 4279 3296 4346 πρὸς
3322 4276 3590 4345 ἑσπέραν
3610 4277 3783 4330 ἔσται

2206 4371 2346 4442 φῶς.
2378 4369 2565 4426 Εἰπὼν
2596 4371 2654 4424 δὲ
2685 4370 2753 4424 τὸ
2782 4372 3005 4436 σκότος
3037 4370 3099 4423 τὸ
3130 4368 3440 4422 ἐσκοτίσθαι
3477 4369 3604 4432 τοὺς
3652 4367 3783 4437 βάλ-

2204 4465 2393 4528 λοντας
2425 4465 2611 4534 χεῖρας
2637 4462 2717 4533 τῷ
2743 4463 2902 4532 φωτί.
2956 4463 3043 4526 Ὠς
3075 4460 3185 4532 γὰρ
3211 4460 3528 4530 Αἰγυπτίοις
3552 4461 3743 4523 σκότος
3767 4500 3782 4518 ,

2206 4556 2301 4608 καὶ
2332 4557 2443 4619 τοίς
2474 4555 2608 4618 υἱοῖς
2644 4555 2860 4626 Ἰσραὴλ
2887 4554 3003 4622 φῶς
3024 4569 3041 4587 ·
3086 4553 3257 4618 οὕτως
3296 4552 3389 4607 καί
3422 4551 3516 4605 νῦν
3563 4554 3630 4622 τῇ
3687 4551 3786 4622 μὲν

2219 4646 2513 4718 Ἐκκλησία
2538 4645 2673 4715 φῶς,
2702 4649 2815 4710 τοῖς
2838 4647 2895 4701 δὲ
2933 4646 3206 4710 Ἰουδαίοις
3236 4644 3425 4709 σκότος
3450 4643 3617 4715 τριῶν
3647 4646 3680 4713 ἡ
3690 4658 3786 4713 με-
3834 4664 3839 4667 -

2209 4736 2341 4807 ρῶν,
2362 4735 2540 4805 φωτὸς
2561 4734 2853 4807 πατρικοῦ,
2867 4736 3297 4805 ἀπαυγάσματος
3310 4732 3567 4804 Χριστοῦ,
3588 4732 3789 4802 ἐκλάμ-

2205 4826 2351 4896 ψεως
2386 4826 2543 4894 ἁγίου
2576 4827 2912 4899 Πνεύματος.
2950 4827 3060 4881 Καὶ
3094 4826 3217 4881 ἐπεὶ
3250 4828 3307 4879 ἐν
3325 4828 3392 4896 τῇ
3435 4825 3569 4897 ἕκτῃ
3604 4822 3787 4895 ἡμέρᾳ

2208 4918 2499 4990 γεγένηται
2523 4919 2552 4971 ὁ
2579 4918 2883 4989 ἄνθρωπος,
2917 4919 3063 4982 εἰκὸς
3085 4917 3142 4971 δέ
3172 4917 3332 4970 αὐτὸν
3355 4918 3411 4968 ἐν
3430 4918 3496 4986 τῇ
3516 4915 3650 4987 ἕκτῃ
3665 4914 3788 4986 ῷρᾳ

2210 5008 2506 5077 ἐσφάλθαι·
2536 5008 2676 5079 τάχα
2715 5007 2806 5062 διὰ
2840 5008 3000 5062 τοῦτο
3021 5010 3051 5062 ὁ
3087 5008 3227 5079 ὑπὲρ
3256 5006 3527 5078 σωτηρίας
3572 5004 3788 5077 ἀνθρώ-

2215 5117 2331 5153 πων
2365 5101 2587 5170 πάσχων
2627 5099 2747 5172 ὥρᾳ
2790 5099 2925 5171 ἐκτῃ
2961 5097 3295 5170 ἐκρεμάσθη.
3343 5096 3515 5150 Τοῦτὸ
3555 5097 3671 5150 ἐστι
3725 5094 3789 5148 τὸ

2216 5194 2460 5264 σημεῖον,
2485 5193 2623 5264 ὅπερ
2649 5190 2956 5264 ἔμπροσθεν
2997 5190 3237 5245 αἰτοῦσιν
3275 5189 3541 5259 ὑπέσχετο
3571 5187 3787 5250 δώσειν,

2212 5284 2411 5354 λέγων·
2449 5284 2637 5338 Γενεὰ
2684 5282 2915 5351 πονηρὰ
2956 5283 3051 5337 καί
3080 5282 3363 5353 μοιχαλὶς
3388 5281 3639 5353 σημεῖον
3670 5280 3795 5334 ἐπι-

610 5421 658 5457 “
710 5421 900 5476 Matth.
942 5436 1116 5487 xxv",
1144 5422 1229 5477 l7.
1312 5421 1357 5452 "
1387 5417 1547 5475 Joau.
1574 5435 1693 5486 vni,
1738 5419 1829 5474 44.
1904 5421 1952 5454 “
1980 5420 2146 5478 Zach.
2170 5438 2285 5487 xw,
2314 5420 2366 5483 6.
2395 5421 2449 5474 7.
2526 5419 2571 5450 ¹¹
2599 5418 2791 5473 Matth.
2828 5434 2926 5492 itit,
2950 5417 3038 5473 59.
3117 5416 3163 5448 ”
3192 5414 3349 5471 Joan.
3380 5429 3498 5483 vni,
3528 5412 3616 5469 28.

538 5539 896 5681 Ρθῗιέὗὲἰξρ
930 5540 1178 5612 quaedam
1236 5542 1451 5599 videtur
1506 5542 1749 5599 hausisse
1806 5542 2109 5617 Theophyl.

615 5680 730 5753 (52)
763 5681 922 5735 Forte
941 5680 1023 5753 rei.

606 5751 718 5824 (55)
746 5753 825 5807 Att
856 5751 1097 5824 τοιαύτη.

2289 5543 2400 5603 (54)
2435 5542 2599 5598 Forte
2619 5540 2781 5596 οἱονεί
2788 5580 2801 5593 .

2291 5543 2380 5603 (54
2435 5543 2599 5598 Forte
2619 5543 2801 5596 οἱονεί.

2291 5543 2404 5684 (ὄῦζ
2433 5614 2785 5684 Suhjuugitur
2817 5624 2922 5666 nou
2961 5608 3223 5679 asscripte
3263 5608 3501 5666 auctoris
3546 5606 3791 5663 nomine.

2220 5680 2443 5740 Confer.
2472 5684 2619 5738 edita
2648 5680 2808 5754 VOrig.
