4172 6402
431 350 536 404 309

1632 347 1922 404 SCHOLTA
1964 345 2029 401 IN
2067 347 2505 406 MATTHIEUM.

3589 356 3694 410 510

433 472 610 542 ζητεῖ,
637 473 730 526 καὶ
773 471 900 541 έξῆς
919 486 933 499 ·
962 473 1075 536 καὶ,
1105 472 1291 525 Ὅταν
1316 471 1602 540 ὑψώσητε
1620 473 1729 526 τόν
1747 473 1882 527 Υῐὸιν
1901 472 2002 527 τοῦ

2111 476 2283 538 scetis,
2314 475 2438 544 quia
2479 490 2573 544 ego
2606 490 2726 528 sum
2767 475 2834 524 ²².
2874 473 3011 528 Erat
3049 471 3250 542 quippe
3276 472 3432 542 tange
3458 474 3691 527 admira-

431 562 748 633 ἀνθρώπου
781 564 918 616 τότε
944 564 1283 633 γνώσεσθε,
1315 562 1404 617 ὅτι
1432 563 1546 635 ἐγώ
1582 568 1721 634 ειμι.
1753 566 1862 618 Καὶ
1905 565 2016 638 γὰρ

433 656 613 727 πολλῷ
638 655 1076 726 θαυμαστότερον
1105 655 1196 708 ἐπὶ
1223 655 1317 708 τοῦ
1360 655 1594 728 σταυροῦ
1640 657 2016 728 προσηλουμέο

433 769 524 805 νου
549 749 723 804 ταῦτα
754 747 1008 818 γενέσθαι
1035 748 1068 820 ἢ
1099 751 1190 804 ἐπὶ
1219 750 1322 820 γῆς
1366 749 1688 819 βαδίζοντος.
1735 751 1810 804 Ού
1845 750 2016 824 ταύτῃ

433 841 490 894 δὲ
530 841 686 912 μόνον
710 840 772 893 τὸ
797 839 1095 911 παράδοξον
1120 836 1209 912 ἧν,
1239 840 1352 894 ἀλλ’
1379 841 1460 894 ὅτι
1490 842 1586 894 καὶ
1634 843 1699 895 ἐκ
1726 842 1821 896 τοῦ
1849 843 1908 896 ού
1919 860 2014 915 ρα-

434 933 527 987 νοῦ
569 933 789 1002 γέγονεν
829 935 974 1006 ὅπερ
997 932 1223 1005 ἐζήτουν
1243 975 1257 1001 ,
1297 934 1396 988 καὶ
1426 934 1524 988 ἐπὶ
1553 932 1762 990 πᾶσαν
1786 933 1902 1004 τὴν
1928 939 2014 989 οὶ-

435 1024 759 1094 κουμένην,
784 1026 920 1097 ὅπερ
946 1025 1069 1078 οὐδὲ
1099 1025 1365 1098 πρότερον
1392 1026 1614 1098 συνέϐη,
1637 1027 1752 1080 ἀλλ’
1768 1029 1825 1081 ἐν
1847 1026 2014 1096 Αίγύ-

436 1131 554 1185 πτῳ
603 1116 762 1186 μόνον
785 1157 800 1182 ,
843 1118 932 1170 ὅτε
961 1117 1056 1170 καὶ
1109 1117 1170 1171 τὸ
1212 1117 1407 1187 Πάσχα
1457 1119 1716 1173 ἐτελεῖτο·
1773 1121 1868 1172 καὶ
1907 1119 2015 1190 γὰρ

435 1207 617 1260 ἐκεῖνα
647 1209 816 1272 τύπος
852 1204 920 1280 ἦν
941 1209 1166 1265 τούτων.
1195 1211 1310 1263 Ἵνα
1333 1209 1442 1281 γὰρ
1485 1211 1559 1280 μὴ
1591 1211 1816 1265 εἴπωσιν
1843 1211 2016 1265 έκλει-

433 1299 525 1368 ψιν
551 1294 688 1352 εἶναι
713 1299 774 1352 τὸ
818 1299 1205 1371 γεγενημένον,
1237 1300 1325 1354 διὰ
1357 1301 1516 1354 τοῦτο
1559 1304 1642 1372 τῇ-
1669 1301 1730 1356 ιδ’
1771 1303 2010 1372 γίνεται,

433 1391 522 1444 ὅτε
543 1390 781 1461 ἔκλειψιν
811 1391 1082 1463 συμϐῆναι
1107 1392 1408 1463 ἀμήχανον.
1447 1393 1535 1447 Ἐν
1563 1393 1702 1465 μέσῃ
1727 1394 1784 1446 δέ
1809 1393 2009 1465 ἡμέρᾳ,

434 1483 522 1537 ἵνα
549 1485 750 1547 πάντες
776 1485 825 1538 οἱ
850 1484 950 1555 τὴν
976 1485 1079 1554 γῆν
1113 1484 1386 1563 οἰκοῦντες
1414 1485 1675 1555 μάθωσιν,
1706 1485 1785 1538 ὅτι
1812 1503 2013 1539 παντα-

432 1575 530 1646 χοῦ
566 1577 666 1646 τῆς
697 1577 1023 1648 οἰκουμένης
1069 1577 1251 1649 ἡμέρα
1295 1572 1382 1648 ἦν.
1427 1578 1536 1630 Καὶ
1572 1576 1787 1645 Φλέγων
1827 1577 1884 1630 δέ
1925 1595 2010 1641 τις

434 1667 564 1736 παρ’
616 1667 840 1738 Ἕλλησι
879 1667 1166 1739 φιλόσοφος
1202 1668 1471 1739 μέμνηται
1510 1667 1701 1720 τούτου
1744 1667 1838 1721 τοῦ
1879 1669 2002 1722 σκό·

430 1773 588 1821 τους,
631 1758 706 1822 ὡς
739 1759 1056 1831 παραδόξως
1093 1759 1462 1832 γεγενημένου
1487 1761 1545 1812 ἐν
1585 1761 1652 1831 τῇ
1690 1760 1750 1813 ιδ’
1775 1759 1875 1830 τῆς
1923 1777 2008 1813 σε-

2121 564 2282 620 bilius
2306 565 2350 619 si
2393 564 2506 619 hac
2541 564 2823 620 fierenteo
2851 565 3000 620 cruci
3051 563 3268 628 sufﬁxo,
3310 579 3471 633 quam
3525 577 3686 632 super

2120 669 2263 712 terra
2293 656 2600 711 incedente.
2629 654 2746 710 Non
2779 655 2883 710 hac
2914 663 3124 710 tantum
3161 656 3372 710 ratione
3411 669 3539 708 vero
3571 663 3687 708 stu-

2115 751 2349 818 pendum
2378 758 2516 810 erat,
2549 751 2642 803 sed
2667 749 2792 818 quia
2818 749 2981 803 etiam
3010 748 3076 803 de
3097 748 3239 804 caelo
3260 747 3516 818 fuitquod
3547 762 3685 816 quae.

2117 843 2332 905 rebaut,
2363 850 2409 894 et
2440 855 2596 909 super
2618 842 2913 895 universam
2941 853 3164 904 terram,
3195 840 3340 909 quod
3406 853 3683 908 nunquam

2117 942 2275 986 antea
2313 932 2570 1002 contigit;
2605 933 2699 987 sed
2747 932 2800 986 in
2837 931 3098 1003 Aﬂgypto.
3131 934 3418 996 duntaxat,
3468 932 3686 1000 quando

2113 1033 2169 1078 ει
2193 1024 2394 1093 pascha
2423 1024 2821 1079 celebrabatur.
2855 1025 2946 1079 Illa
2995 1025 3138 1080 enim
3192 1033 3347 1094 typus
3375 1032 3529 1078 erant
3588 1025 3688 1078 bo-

2116 1129 2260 1169 rum.
2296 1112 2366 1168 Ut
2391 1129 2457 1168 ne
2479 1115 2622 1169 enim
2659 1117 2904 1170 dicereut
2949 1115 3174 1185 eclipsin
3217 1116 3382 1169 fuisse
3423 1115 3569 1184 quod
3592 1129 3686 1169 ac-

2113 1205 2341 1269 ciderat,
2369 1216 2658 1275 pr0pterea
2699 1207 2912 1262 decima
2959 1217 3149 1277 quarta
3182 1206 3433 1276 contigit,
3465 1207 3684 1275 quando

2113 1295 2244 1350 solis
2284 1296 2575 1366 deliquium
2620 1299 2937 1368 contingere
2989 1297 3326 1368 impossibile
3378 1309 3481 1353 est.
3505 1297 3681 1352 Media

2113 1387 2240 1440 item
2279 1387 2404 1453 die,
2445 1400 2715 1444 utomnes
2756 1390 2942 1444 orbem
2977 1389 3343 1444 inhabitantes
3367 1389 3681 1454 discerent,

2112 1479 2316 1548 ubique
2342 1487 2612 1534 terrarum
2639 1479 2782 1535 diem
2818 1479 3008 1535 fuisse.
3043 1479 3274 1546 Quidam
3312 1479 3475 1533 etiam
3522 1475 3681 1532 Pble-

2110 1585 2214 1638 gou
2243 1570 2458 1640 gentilis
2480 1569 2834 1642 philosophus
2859 1571 3054 1624 barqu
3080 1571 3428 1625 tenebrarum
3454 1571 3684 1625 mentio-

2110 1678 2233 1718 nem
2267 1663 2417 1726 facit,
2462 1673 2718 1734 tanquam
2773 1680 2892 1733 qua:
2954 1674 3148 1734 praeter
3178 1663 3338 1719 fidem
3384 1665 3685 1719 acciderint

2110 1751 2235 1806 luna
2259 1755 2468 1808 decima
2487 1761 2702 1823 quarta,
2729 1755 2955 1824 quando
2983 1764 3181 1809 natura
3211 1769 3319 1808 nou
3350 1753 3454 1809 fcrt
3479 1764 3536 1808 ut
3559 1770 3684 1809 cono

431 1847 632 1920 λήνης·
672 1851 761 1903 ὅτε
798 1851 859 1903 ού
884 1850 1128 1920 πέφυκεν
1171 1850 1412 1920 ἔκλειψις
1441 1851 1703 1918 γίνεσθαι,
1743 1853 1833 1904 ὅτε
1874 1851 2002 1904 πολὺ

2113 1845 2430 1914 tiugatsolis
2447 1845 2746 1915 deliquium
2773 1863 2789 1913 ;
2824 1847 3044 1915 quando
3071 1845 3228 1914 longe
3262 1847 3414 1901 abest
3443 1846 3573 1900 solis
3599 1847 3682 1901 di-

432 1940 625 2010 ἀπέχει
662 1940 722 1994 τό
754 1941 848 1994 τοῦ
892 1941 1046 2013 ἡλίου
1089 1942 1398 2014 διάστημα,
1430 1943 1552 1996 ὅσον
1585 1944 1679 1996 ἀπ’
1716 1943 1891 2014 ἀρχῆς
1913 1945 2002 1997 τοῦ

2111 1937 2332 2002 stantia,
2363 1948 2624 2007 quantum
2654 1939 2722 1992 ab
2743 1939 2897 1993 iuit‘io
2930 1939 2999 1992 ad
3027 1939 3320 1994 terminum
3354 1937 3502 1993 cmli.
3525 1936 3678 1992 Tunc

431 2035 662 2106 οὐρανοῦ
695 2035 801 2100 ἐως
838 2035 1044 2100 τέλους.
1088 2037 1223 2090 Τότε
1266 2037 1375 2109 γὰρ
1421 2037 1659 2107 γίνονται
1702 2037 2004 2106 ἐκλείψεις,

431 2126 560 2180 ὅταν
601 2127 972 2199 πλησιάσωσιν
1011 2129 1260 2200 ἀλλήλοις
1303 2130 1353 2182 οί
1379 2129 1474 2182 δύο
1511 2122 1656 2182 οὗτοι
1700 2130 2002 2200 φωστῆρες.

431 2217 646 2272 Γίνεται
666 2219 775 2291 γὰρ
797 2220 1036 2291 ἔκλειψις
1063 2222 1214 2293 ἡλίου
1257 2221 1551 2285 συνοδικῶς
1591 2221 2007 2295 ὑποδραμούσης

430 2311 594 2364 αὑτὸν
623 2313 881 2384 σελήνης,
913 2315 974 2366 ού
1007 2315 1344 2386 πανσελήνῳ,
1369 2315 1458 2368 ὅτε
1482 2315 1771 2386 διάμετρός
1793 2317 1907 2368 ἐστι
1935 2317 2002 2387 τῇ

432 2400 652 2473 σελήνῃ.
681 2402 850 2456 Τοῦτο
876 2404 933 2456 δὲ
951 2405 1198 2474 γέγονεν,
1221 2406 1298 2469 ὡς
1323 2405 1623 2472 πενθούσης
1647 2406 1748 2476 τῆς
1775 2407 2003 2471 κτίσεως

429 2491 522 2544 ἐπὶ
552 2493 628 2563 τῷ
659 2496 939 2564 γεγονότι,
981 2497 1076 2551 καὶ
1107 2497 1195 2551 διὰ
1233 2495 1395 2550 τοῦτο
1431 2496 1726 2568 δηλούσης,
1756 2499 1837 2551 ὅτι
1857 2539 1870 2561 ,
1905 2498 2004 2568 τῆς

427 2583 711 2655 παροινίας
742 2586 945 2658 ταύτης
986 2587 1320 2660 πραχθείσης
1357 2587 1416 2653 ἐξ
1459 2588 1758 2654 Ἰουδαίων,
1792 2590 2003 2642 ἐσκοτίς

428 2674 527 2744 σθη
572 2675 750 2729 αὐτῶν
788 2680 817 2731 6
859 2678 1014 2743 νοῦς,
1044 2680 1138 2733 καὶ
1180 2679 1390 2752 ἀπέστη
1423 2680 1517 2732 ἀπ’
1541 2679 1720 2732 αὐτῶν
1753 2681 1782 2734 6
1816 2681 2003 2751 νοητὸς

422 2764 593 2836 ῆλιος.
641 2767 767 2822 Εἴτε
807 2769 918 2842 γὰρ
961 2771 1124 2824 αὐτὸν
1163 2771 1411 2842 ἐνόμιζον
1441 2768 1598 2823 τοῦτο
1625 2773 2000 2842 πεποιηκέναι,

423 2857 532 2912 εδει
565 2858 853 2914 πιστεῦσαι
875 2861 970 2914 καὶ
994 2862 1323 2934 φοϐηθῆναιο
1359 2861 1468 2914 εἴτε
1506 2862 1606 2914 οὐκ
1639 2861 1831 2926 αὐτὸν,
1867 2862 2002 2916 ἀλλὰ

422 2951 512 3005 τὸν
540 2953 784 3027 Πατέρα,
820 2954 916 3010 καὶ
945 2956 1010 3008 ἐκ
1033 2955 1222 3009 τούτου
1255 2955 1365 3009 ἔδει
1391 2957 1782 3028 κατανυγῆναι.
1825 2957 2004 3028 Ὀργι-

423 3043 652 3116 ζομένου
673 3045 781 3116 γὰρ
802 3041 870 3117 ἦν
895 3047 956 3100 τὸ
980 3047 1168 3112 σκότος
1194 3048 1391 3111 ἐκεῖνο,
1416 3047 1512 3100 καὶ
1537 3048 1734 3118 δεῖγμα
1753 3045 1847 3100 τοῦ
1871 3047 2000 3118 μέλ-

422 3135 604 3202 λοντος
633 3136 815 3192 λαϐεῖν
837 3140 965 3203 τοὺς
992 3138 1292 3211 θεομάχους
1314 3156 1374 3192 τε
1399 3140 1493 3193 καὶ
1529 3139 1866 3211 μιαιφόνους.
1903 3138 2000 3193 Διὰ

421 3226 577 3282 τοῦτο
602 3228 710 3302 γὰρ
736 3231 871 3301 μετά
898 3231 1114 3285 πάντων
1134 3231 1232 3303 τῆς
1262 3230 1372 3304 ('56)
1397 3232 1684 3303 παροινίας
1723 3232 1879 3285 τοῦτο
1910 3233 1998 3301 γί-
2026 3268 2068 3325 C

420 3336 595 3382 νεται,
629 3321 717 3374 ὅτε
741 3322 900 3392 κόρος
922 3322 1078 3376 ἔλαϐε
1097 3323 1204 3376 τῶν
1242 3326 1607 3395 σκωμμάτων,
1647 3324 1742 3377 καὶ
1782 3323 1997 3379 πάντων

420 3410 749 3481 ἐφθέγξαντο
776 3413 876 3467 ὅσα
908 3414 1076 3486 ὴθέλη
1085 3432 1205 3472 σαν.

1040 3507 1196 3560 ΚΕΦ.
1236 3509 1368 3563 ΚΗ’.

420 3588 569 3662 Στίχ.
625 3600 714 3664 ιη’.
767 3594 979 3663 Ἐδόθη,
1005 3615 1107 3672 μοι
1150 3596 1336 3672 στᾶσα*
1367 3599 1620 3665 ἐξουσία
1653 3603 1723 3657 ἐν
1763 3603 1996 3672 οὐρανῷ

1009 3667 1107 3719 καὶ
1135 3669 1233 3720 ἐπὶ
1262 3669 1396 3738 τῆς.

493 3753 584 3817 Τδ,
631 3754 832 3824 Ἐδόθη
851 3775 953 3826 μοι
980 3756 1148 3813 πᾶσα
1188 3760 1461 3828 ἐξουσία,
1485 3763 1580 3817 καὶ
1607 3763 1754 3834 ἑξῆς,
1788 3766 1868 3829 είς
1895 3766 1996 3837 τὴν

419 3845 832 3918 ἐνανθρώπησιν
875 3849 1004 3902 νόει.
1046 3851 1108 3903 Εί
1151 3851 1207 3904 δέ
1243 3853 1336 3907 καὶ
1377 3854 1458 3917 εἰς
1494 3855 1592 3925 τὴν
1625 3854 1990 3927 θεότητα......

418 3937 644 4010 θεωρεῖν
663 3939 801 4010 (57),
832 3942 926 3995 καὶ
957 3940 1098 3995 οὕτω
1125 3942 1271 4016 λήψῃ
1292 3944 1354 3996 τὸ
1368 3944 1575 4014 Ἐδόθη
1593 3951 1694 4015 μοι
1720 3948 1990 4012 ἐξουσία,

417 4030 539 4084 ἀντὶ
591 4029 685 4084 τοῦ
728 4031 1044 4101 Ἐχωρήθη.
1084 4033 1292 4102 Ἐδόθη
1313 4075 1328 4100 ,
1362 4035 1562 4108 ⁴Ιινέχθη
1597 4054 1707 4107 μοι,
1738 4037 1868 4108 περὶ
1898 4037 1992 4090 τοῦ

414 4122 762 4190 αύτεξουσίου
798 4124 1144 4195 ἐπιστεύθην.
1184 4123 1383 4198 Χώραν
1426 4128 1584 4197 ἔσχεν
1625 4129 1659 4198 ἠ
1690 4126 1802 4200 ζωὴ
1843 4127 1994 4199 πρῶ-

411 4229 504 4267 τον
535 4215 632 4285 μὲν
665 4216 723 4267 ἐν
747 4216 860 4278 τοῖς
892 4215 1025 4278 ἄνω,
1050 4209 1168 4268 εἶτα
1197 4214 1291 4269 νῦν
1323 4216 1418 4270 καί
1441 4219 1498 4270 ἐν
1550 4219 1664 4282 τοῖς
1707 4218 1876 4271 κάτωο
1899 4217 1994 4282 οὒς

413 4305 744 4378 θαρροῦντες
775 4307 1073 4378 βαπτίσατε
1107 4309 1188 4372 εις
1218 4307 1280 4362 τὸ
1307 4308 1478 4379 ὄνομα
1505 4308 1598 4362 τοῦ
1628 4309 1870 4380 Πατρὺς,
1899 4311 1993 4364 καὶ

411 4399 507 4451 τοῦ
542 4398 672 4452 Υἱοῦ
694 4439 708 4462 ,
745 4399 841 4452 καὶ
874 4399 969 4452 τοῦ
1018 4399 1176 4468 ἁγίου
1210 4399 1548 4471 Πνεύματος.
1583 4395 1682 4465 Εἷς
1719 4402 1750 4453 6
1781 4400 1989 4465 σώζων,

415 4490 518 4562 μία
554 4491 587 4561 ἡ
632 4491 891 4562 σωτηρία.
934 4486 1028 4554 Εἷς
1071 4493 1100 4544 6
1141 4490 1250 4555 ζῶν
1282 4491 1505 4563 Πατὴρ,
1540 4493 1568 4544 6
1611 4492 1771 4556 Υἱὸς,
1807 4492 1992 4546 καὶτὸ

2107 2030 2252 2085 enim
2288 2029 2424 2083 fiunt
2452 2030 2708 2100 eclipses,
2737 2030 2959 2101 quando
2993 2032 3061 2085 ad
3094 2045 3152 2085 se
3181 2044 3370 2086 mutuo
3417 2030 3682 2086 accedunt

2107 2121 2222 2176 haec
2247 2121 2352 2175 duo
2385 2120 2693 2176 luminaria.
2721 2121 2808 2176 Fit
2833 2123 2976 2176 enim
3012 2121 3142 2178 solis
3165 2122 3386 2191 eclipsis
3437 2122 3560 2176 luna
3612 2122 3680 2176 ila-

2107 2212 2216 2266 lum
2245 2212 2505 2283 synodice
2535 2212 2824 2276 subeunte.
2859 2229 2967 2268 non
2999 2213 3054 2268 in
3096 2213 3415 2284 pleniluuio,
3459 2214 3680 2284 quando

2106 2304 2183 2359 sol
2219 2320 2248 2359 e
2287 2306 2552 2360 diametro
2611 2306 2832 2375 respicit
2871 2306 3078 2362 lunam.
3113 2306 3226 2361 Hoc
3264 2321 3431 2376 porro
3465 2306 3676 2362 factum

2106 2407 2210 2460 est,
2237 2413 2334 2452 ceu
2368 2397 2754 2468 ingemiscente
2779 2409 3028 2454 creatura
3057 2401 3126 2455 ob
3151 2400 3202 2454 id
3227 2401 3371 2470 quod
3399 2411 3690 2470 evenerat,

2105 2503 2168 2542 ac
2205 2499 2488 2559 propterea
2522 2491 2865 2556 ostendente,
2903 2491 3044 2560 quod
3068 2499 3379 2560 perpetrato
3405 2491 3510 2547 hoc
3546 2507 3680 2547 con-

2108 2581 2396 2636 tumelioso
2418 2581 2663 2637 facinore
2699 2585 2766 2637 ab
2796 2581 3016 2648 Iudaeis,
3039 2583 3395 2639 obtenebrata
3413 2594 3497 2640 est
3524 2601 3676 2642 mens

2106 2672 2346 2738 illorum,
2379 2681 2434 2728 et
2463 2675 2686 2728 recessit
2710 2676 2778 2729 ab
2812 2675 2890 2730 eis
2924 2674 3002 2730 sol
3021 2675 3339 2745 spiritualis.
3374 2676 3502 2732 Sive
3527 2680 3672 2732 enim

2105 2765 2256 2820 ilum
2304 2776 2644 2836 reputasseut
2693 2768 2799 2822 hoc
2834 2767 3050 2829 fecisse.
3077 2778 3133 2822 et
3189 2768 3519 2824 credendum
3554 2779 3676 2824 erat

2104 2859 2210 2915 illis
2231 2868 2392 2929 atque
2406 2860 2751 2914 metuendum
2782 2878 2798 2915 :
2831 2860 2945 2915 sive
2969 2874 3073 2914 non
3104 2859 3275 2926 illum,
3295 2860 3390 2915 sed
3417 2860 3670 2927 Patrem;

2103 2960 2156 3004 et
2180 2951 2264 3006 vel
2289 2966 2357 3005 ex
2396 2951 2500 3004 hoc
2531 2950 2820 3020 compungi
2857 2950 3144 3007 debebant.
3189 2951 3482 3008 lrascentis
3511 2963 3676 3010 erant

2105 3045 2339 3098 tenebrze
2374 3041 2498 3111 illze,
2526 3050 2580 3097 et
2606 3043 2882 3110 specimen
2913 3046 3031 3113 ejus
3049 3044 3191 3112 quod
3216 3055 3678 3114 superventurum

2101 3143 2220 3189 erat
2250 3133 2404 3190 hisce
2435 3134 2526 3188 Dei
2543 3134 2788 3189 hostibus
2805 3143 2858 3188 et
2877 3134 3182 3191 homicidis.
3204 3135 3498 3207 Propterea
3525 3137 3686 3193 enim-

2103 3236 2222 3297 post
2249 3228 2490 3282 omnium
2517 3227 2746 3282 insultus
2775 3228 2915 3282 istud
2942 3228 3190 3298 contigit,
3215 3239 3502 3300 postquam
3525 3243 3676 3285 satu-

2102 3319 2204 3373 rati
2240 3327 2366 3374 sunt
2393 3319 2718 3389 opprobriis,
2754 3327 2810 3376 et
2849 3321 3107 3376 universa
3151 3320 3467 3377 effutierunt
3515 3337 3673 3393 quaa-

2099 3425 2311 3482 cunque
2333 3411 2606 3468 volebant.

2670 3505 2821 3561 CAP.
2865 3506 3113 3578 xxwu,

2101 3595 2160 3649 V.
2198 3595 2286 3652 l8.
2339 3595 2484 3651 Data
2531 3606 2607 3652 est
2656 3600 2786 3652 mihi
2841 3600 3008 3652 omnis
3053 3606 3285 3668 potestas
3340 3601 3396 3653 in
3443 3598 3673 3666 calo,“

2705 3685 2864 3739 super
2895 3680 3057 3724 terra.

2166 3755 2282 3812 Hoc
2322 3761 2450 3813 data
2500 3769 2574 3814 est
2615 3761 2744 3814 mihi
2789 3763 2956 3816 omnis
3000 3769 3252 3830 potestas.
3281 3771 3412 3827 etc.,
3457 3763 3543 3819 de-
3571 3762 3673 3817 bu-

2097 3847 2358 3902 mauitate
2386 3848 2644 3920 intellige.
2671 3849 2824 3916 Quod
2857 3852 2902 3906 si
2936 3853 3099 3906 etiam
3129 3854 3196 3908 de
3221 3853 3506 3908 divinitate
3533 3856 3667 3909 velis

2095 3939 2470 4004 considerare,
2523 3941 2610 3994 vel
2663 3942 2743 3997 sic
2790 3944 3033 4011 accipies
3058 3944 3393 3999 illud:Data
3429 3957 3502 4000 est
3537 3948 3670 4000 mihi

2092 4038 2346 4097 potestas,
2381 4043 2479 4098 pro
2496 4047 2741 4087 concessa
2767 4043 2864 4090 est.
2890 4034 3031 4090 Data
3053 4047 3129 4090 est
3153 4054 3173 4094 :
3202 4037 3376 4092 delata
3405 4051 3488 4093 eat
3511 4038 3667 4103 mihi,

2095 4137 2159 4175 ex
2201 4122 2376 4179 libero
2407 4123 2636 4178 arbitrio
2664 4127 2872 4182 credita
2921 4141 3006 4183 est
3037 4129 3191 4184 mibi.
3223 4128 3429 4184 Locum
3476 4130 3672 4184 babuit

2095 4215 2226 4276 vita,
2257 4215 2492 4284 primum
2535 4218 2754 4287 quidem
2799 4219 2852 4272 in
2894 4220 3164 4288 supernis,
3196 4220 3389 4276 deinde
3421 4237 3563 4275 nunc
3612 4230 3669 4276 et

2095 4304 2148 4357 in
2186 4305 2571 4364 inferioribus:
2600 4323 2738 4378 quos
2763 4309 3097 4365 conﬁdentes
3123 4312 3405 4381 baptizare
3459 4313 3512 4366 in
3574 4328 3668 4367 no-

2094 4393 2239 4447 mine
2268 4393 2470 4462 Patris,
2495 4406 2551 4452 et
2574 4397 2698 4453 Filii
2719 4409 2773 4453 et
2800 4399 3038 4469 Spiritus
3073 4401 3268 4455 sancti.
3298 4399 3444 4457 Unus
3463 4404 3674 4472 estqui

2092 4485 2286 4549 salvat,
2324 4501 2432 4540 uua
2461 4498 2548 4544 est
2575 4490 2742 4544 salus.
2779 4489 2928 4546 Unus
2961 4491 3152 4546 vivens
3193 4491 3378 4556 Pater,
3412 4492 3583 4548 Filius
3609 4503 3666 4548 et

411 4578 564 4646 ἅγιον
593 4579 836 4649 Πνεῦμα.
882 4575 977 4642 Εἷς
1023 4583 1168 4633 ἐστιν
1213 4580 1274 4633 ού
1317 4581 1607 4652 συναλοιφῇ
1649 4581 1756 4634 τῶν
1783 4583 1986 4654 τριῶν,

2103 4574 2330 4643 Spiritus
2356 4587 2596 4633 sanctus.
2627 4578 2778 4635 Unus
2805 4591 2889 4636 est
2921 4597 3025 4635 uon
3077 4582 3312 4637 coitione
3343 4584 3533 4647 trium,
3567 4585 3664 4638 sed

407 4669 524 4722 ἀλλ’
555 4671 713 4742 οὐσίᾳ
738 4673 869 4742 μιᾷ·
901 4675 1050 4743 τρεῖς
1074 4672 1131 4725 δὲ
1160 4673 1485 4737 ὑποστάσεις
1507 4673 1708 4727 τέλειαι
1743 4676 1800 4727 ἐν
1826 4676 1980 4741 πᾶσι,

406 4764 502 4818 καὶ
537 4764 882 4836 κατάλληλοι.
920 4764 1079 4818 Κατὰ
1128 4763 1290 4834 φύσιν
1340 4764 1630 4835 ἐγέννησεν
1673 4767 1702 4818 6
1752 4765 1977 4838 Πατήρ·

405 4856 595 4928 διόπερ
638 4857 920 4927 ὁμοούσιος
968 4856 1252 4928 ἐγεννήθη.
1309 4857 1384 4911 Οὐ
1437 4855 1597 4927 σῶμα
1649 4857 1678 4910 6
1722 4856 1874 4920 Θεός·
1892 4857 1982 4911 διὰ

403 4947 562 5002 τοῦτο
591 4949 689 5002 οὐκ
704 4947 1030 5018 ἀσταρεῦσιν
1057 4949 1168 5020 (58)
1197 4947 1230 5019 ἥ
1263 4948 1495 5019 κίνησιν,
1523 4947 1556 5018 ἡ
1585 4965 1638 5000 τι
1668 4947 1778 5000 τῶν
1802 4947 1979 5001 τοιού-

401 5054 531 5103 των,
556 5036 593 5092 ἃ
619 5039 678 5091 ἐν
708 5040 822 5102 τοῖς
855 5036 1069 5109 σώμασι
1108 5035 1412 5107 θεωρεῖται,
1459 5037 1486 5088 ό
1529 5034 1661 5098 Θεὸς
1691 5035 1721 5087 6
1753 5033 1978 5105 ἀσώμα-

2094 4669 2254 4723 unica
2299 4673 2584 4730 essentia:
2619 4683 2730 4730 tres
2771 4690 2902 4731 vero
2944 4676 3267 4747 bypostases
3316 4678 3566 4746 perfectae
3605 4680 3661 4733 iu

2091 4761 2342 4818 omnibus
2372 4772 2429 4818 et
2458 4766 2524 4819 ad
2553 4781 2612 4820 se
2643 4767 2874 4822 invicem
2907 4770 3112 4822 relatae.
3145 4769 3450 4824 Secundum
3505 4779 3664 4823 uatu-

2090 4870 2206 4909 ratn
2269 4857 2457 4925 genuit
2503 4857 2684 4924 Pater,
2733 4869 3128 4930 proptereaque
3181 4860 3661 4916 cousubstantialis

2089 4943 2310 5012 genitus
2339 4953 2442 4999 est.
2471 4945 2588 5001 Non
2637 4956 2721 5002 est
2754 4963 2955 5018 corpus
2987 4950 3167 5004 Deus:
3200 4961 3488 5020 propterea
3528 4966 3664 5021 ergo

2088 5050 2192 5089 non
2225 5034 2616 5103 deﬂuxionem,
2650 5055 2754 5094 non
2791 5050 2995 5096 motum
3031 5041 3115 5096 vel
3161 5043 3435 5113 quidpiam
3467 5043 3660 5114 hujus-

399 5145 490 5192 τος
527 5128 834 5198 ἐγέννησεν.
884 5128 1276 5190 Ἐνυπόστατος
1317 5129 1351 5198 ἠ
1388 5126 1670 5197 γέννησις’
1701 5125 1974 5198 ἀπτέχθη

2103 5124 2250 5192 nodi,
2285 5141 2404 5195 qua:
2435 5127 2487 5180 in
2521 5133 2846 5199 corporibus
2873 5144 3192 5199 cernuntur,
3227 5133 3368 5190 Deus
3403 5135 3656 5206 incorpo-

399 5219 466 5274 ἐκ
497 5218 595 5289 τῆς
627 5219 814 5282 οὐσίας
841 5219 933 5274 τοῦ
966 5219 1180 5291 Πατρὸς
1205 5220 1234 5272 6
1263 5219 1410 5282 Υἱός.

463 5445 575 5513 (56)
610 5446 770 5502 Forte
793 5448 912 5511 τάς.

463 5517 576 5588 (57)
613 5518 712 5572 Ms.
745 5517 949 5589 χώρης.

2086 5231 2210 5272 reus
2238 5219 2443 5286 genuit.
2475 5219 2788 5278 Personalis
2841 5233 2927 5281 est
2977 5226 3257 5284 nativitas.
3294 5228 3370 5283 De
3399 5229 3656 5299 essentia

2083 5307 2262 5366 Patris
2292 5320 2454 5368 natus
2479 5321 2566 5368 est
2594 5314 2786 5370 Filius.

2147 5447 2259 5521 (38)
2295 5448 2457 5508 Forte
2483 5451 2591 5524 ἄρα
2614 5452 2819 5523 ρεὖσιν.
