4172 6428
470 334 572 393 5“
1331 340 1908 398 SUPPLEMENTUM
1943 342 2037 400 AD
2071 342 2117 400 0

2093 341 2400 400 )ﬂlGENlS
2441 341 2859 400 EXEGETICA.
3633 344 3740 399 Eli

514 464 3737 506 Μ

1632 658 2576 792 ΩΡΙΓΕΝΟΥΣ

961 900 1134 986 ΕΙΣ
1207 903 1356 986 ΤΟ
1432 897 1729 987 ΚΑΤΑ
1803 901 2265 988 ΛΟΥΚΑΝ
2340 901 3040 988 ΕΥΑΓΓΕΛΙΟΝ
3079 919 3223 991 (39).

1651 1237 1851 1362 EX
1925 1238 2552 1354 ORIGENE

997 1483 1124 1571 IN
1200 1481 1992 1574 EVANGELIUM
2069 1478 2716 1571 SECUNDUM
2793 1479 3230 1573 LUCAM.

1387 1671 1746 1745 (Bibliotheca
1777 1669 2154 1737 Gallandiana,
2190 1688 2256 1729 ex
2292 1673 2414 1729 cod.
2453 1674 2644 1730 Venet.
2675 1673 2794 1746 28.)

474 2035 518 2091 Υ
577 2035 630 2090 1.
667 2034 934 2109 Quoniam
951 2033 1118 2109 gmulti
1131 1941 1391 2109 3::rulsi
1419 2043 1542 2089 sunt
1575 2034 1886 2109 reor-dieare
1923 2049 2052 2109 τιατ·
2075 1946 2121 2003 Α

2815 1939 2975 1993 ΚΕΦ.
3016 1939 3092 1991 A'.

2090 1946 2123 2003 Α
2153 2034 2304 2105 Στίχ.
2341 2031 2701 2109 atAt-Vtrubi;
2749 2029 3403 2109 πολλοὶ-ἐπεχείρησαν
3435 2031 3737 2109 cruda:-

497 2109 772 2162 “ratiortem
796 2108 861 2161 de
884 2107 1058 2171 rebus,
1091 2102 1283 2176 quibus
1321 2116 1464 2160 certa
1491 2115 1567 2159 est
1598 2106 1747 2158 nobis
1769 2104 2011 2158 scientia.

2223 2102 2365 2176 σθαι
2417 2102 2700 2176 animo”
2757 2103 2888 2170 περὶ
2939 2102 3057 2153 τῶν
3112 2102 3739 2172 πεπληροφορημένων

2225 2175 2370 2243 ἡμῖν
2405 2171 2786 2242 πραγμάτων.

547 2261 819 2330 Quoniam
877 2262 1068 2334 ingens
1114 2269 1236 2317 erat
1295 2269 1592 2323 teutamen,
1628 2269 1687 2314 ut
1734 2260 1827 2330 qui
1885 2259 2053 2314 homo

2237 2265 2454 2336 Ἐπειδὴ
2494 2265 2797 2335 ὑπέρογκον
2828 2257 2896 2333 ἦν
2929 2261 2991 2315 τὸ
3032 2261 3404 2332 ἐπιχείρημα,
3449 2260 3737 2333 ἄνθρωπον

470 2364 617 2409 esset
651 2353 745 2408 Dei
798 2353 1102 2408 doctrinam
1157 2365 1218 2406 ac
1269 2350 1435 2405 verba
1489 2350 1881 2415 conscriberet,
1929 2350 2053 2421 jure

2153 2360 2316 2423 ὄντα,
2372 2356 2508 2410 Θεοῦ
2555 2354 2906 2410 διδασκαλίαν
2952 2354 3045 2407 καὶ
3096 2356 3317 2425 ῥήματα
3375 2355 3734 2427 συγγράφειν,

470 2457 700 2502 excusat
728 2447 780 2501 in
828 2447 1115 2517 procemio.
1147 2445 1619 2514 Quemadmodum
1654 2456 1834 2499 autem
1868 2444 1922 2500 in
1956 2459 2053 2500 ve-

2154 2453 2377 2514 είκότως
2427 2451 2773 2518 ἀπολογεῖται
2821 2451 2879 2502 ἐν
2907 2448 2984 2520 τῷ
3027 2449 3314 2525 προοιμίῳ.
3352 2451 3560 2520 Ὠσπερ
3587 2451 3661 2504 se.
3680 2453 3737 2504 ἐν

476 2541 580 2594 teri
615 2539 814 2610 populo
847 2538 1000 2592 multi
1048 2539 1390 2609 prophetiam
1439 2537 1868 2608 profitebantur,
1899 2548 1955 2592 at
1984 2553 2052 2593 ex

2153 2542 2230 2614 τῷ
2275 2542 2443 2595 πάλαι
2499 2541 2611 2612 λαῷ
2673 2539 2856 2594 πολλοὶ
2911 2540 3250 2611 προφητείαν
3303 2540 3735 2611 ἐπηγγέλλοντο,

476 2632 566 2686 his
608 2633 830 2700 quidam
871 2640 1028 2685 erant
1072 2627 1196 2684 falsi
1254 2631 1556 2700 propheta},
1588 2629 1809 2700 quidam
1861 2643 2052 2685 revera

2155 2635 2290 2688 ἀλλὰ
2328 2633 2533 2686 τούτων
2576 2633 2720 2696 τινὲς
2769 2633 2868 2703 μὲν
2900 2627 3043 2704 ἦσαν
3085 2631 3559 2703 ψευδοπροφῆται,
3597 2633 3737 2696 τινὲς

475 2725 789 2793 prophetae;
821 2736 875 2779 et
912 2734 1031 2779 erat
1062 2725 1264 2778 donum
1315 2724 1582 2779 discretio
1636 2723 1953 2792 spirituum,
1981 2737 2049 2777 ex

2154 2727 2211 2782 δὲ
2260 2725 2475 2798 ἀληθῶς
2522 2726 2827 2798 προφῆται·
2884 2726 2978 2778 καὶ
3026 2721 3095 2796 ἦν
3156 2725 3402 2797 χάρισμα
3465 2725 3737 2797 διάκρισίς

471 2832 580 2886 quo
612 2816 756 2872 dono
781 2816 1193 2872 discernebatur
1237 2831 1398 2871 verus
1443 2816 1710 2887 propheta
1759 2825 1809 2870 et
1847 2814 2049 2882 falsus;

2155 2820 2520 2889 πνευμάτων,
2564 2816 2656 2886 ἀφ’
2692 2811 2752 2870 οὖ
2795 2817 3129 2887 χαρίσματος
3169 2817 3414 2887 ἐκρίνετο
3457 2816 3484 2867 ὀ
3532 2815 3735 2886 ἀληθὴς

475 2907 616 2962 haud
641 2923 801 2963 secus
825 2918 875 2964 et
905 2925 1049 2964 nunc
1081 2909 1134 2964 in
1167 2923 1307 2964 novo
1337 2907 1565 2973 findere,
1589 2909 1869 2976 evangelia
1896 2909 2050 2963 multi

2156 2910 2441 2982 προφήτης
2473 2909 2566 2962 καὶ
2598 2910 2626 2960 ὁ
2654 2906 3099 2979 ψευδοπροφήτης
3121 2924 3133 2936 ·
3168 2906 3310 2960 οὕτω
3337 2906 3432 2961 καὶ
3464 2907 3556 2959 νῦν
3583 2907 3641 2960 ἐν
3666 2909 3734 2977 τῇ

474 3001 718 3058 scribere
769 3006 1076 3056 voluerunt.
1135 3004 1205 3057 At
1256 3003 1468 3072 probati
1535 3003 1884 3058 nummularii
1948 3018 2053 3058 non

2157 3006 2316 3074 καινῇ
2365 3002 2615 3073 διαθήκῃ,
2648 3003 2716 3055 τὰ
2752 3001 3061 3071 Εὑαγγέλια
3090 3000 3274 3055 πολλοὶ
3305 3001 3574 3071 ⁴ἠθέλησαν
3603 3003 3738 3073 γρά-

476 3091 658 3144 omnia
680 3091 1072 3162 approbarunt,
1103 3092 1198 3148 sed
1228 3093 1474 3161 quaedam
1501 3108 1564 3148 ex
1592 3094 1724 3164 ipsis
1751 3094 2052 3164 elegerunt.

2156 3095 2274 3166 ψαι.
2331 3095 2468 3147 Ἀλλ’
2496 3096 2543 3148 οί
2577 3094 2788 3164 δόκιμοι
2829 3091 3152 3164 τραπεζῖται
3186 3093 3247 3146 οὺ
3283 3095 3462 3146 πάντα
3494 3092 3737 3164 ἔκριναν,

473 3181 640 3237 Forte
687 3184 850 3238 etiam
911 3184 1038 3250 hoc,
1093 3185 1327 3256 aggressi
1378 3195 1522 3250 sunt,
1573 3185 1832 3240 latentem
1891 3186 2057 3241 habet

2157 3187 2292 3241 ἀλλά
2315 3204 2434 3240 τινα
2477 3185 2538 3250 ἐξ
2584 3185 2764 3239 αὐτῶν
2814 3183 3143 3249 ἐξελέξαντο.
3203 3183 3357 3255 Τάχα
3401 3183 3457 3238 δὲ
3512 3183 3607 3238 καὶ
3654 3183 3738 3248 τὸ,

475 3275 879 3330 accusationem
910 3291 1125 3342 eorum,
1157 3278 1247 3346 qui
1276 3288 1480 3334 temere
1502 3288 1557 3333 et
1582 3281 1703 3334 sine
1727 3280 2056 3336 charismate
2089 3299 2122 3356 ε

2092 3299 2131 3356 Β
2157 3279 2580 3348 ἐπεχείρησαν,
2613 3275 2898 3347 λεληθυῖαν
2938 3276 3050 3346 ἔχει
3080 3277 3418 3347 κατηγορίαν
3461 3276 3568 3329 τῶν
3602 3294 3739 3348 προ-

475 3376 827 3422 accesserunt
855 3369 920 3422 ad
949 3370 1234 3425 scribenda
1261 3370 1574 3442 Evangelia.
1597 3372 1885 3428 Mattheus
1909 3373 2054 3428 enim

2159 3371 2340 3435 πετῶς
2393 3372 2487 3424 καὶ
2543 3371 2713 3442 χωρὶς
2770 3369 3108 3441 χαρίσματος
3164 3369 3428 3422 ἐλθόντων
3493 3369 3587 3424 ἐπὶ
3642 3367 3741 3440 τὴν

478 3469 588 3508 non
619 3463 700 3509 est
722 3459 1138 3526 aggressus.sed
1166 3461 1386 3530 scripsit
1415 3471 1591 3516 motus
1624 3477 1653 3514 a
1687 3459 1894 3528 Spiritu
1925 3479 2054 3517 sane

2156 3465 2482 3536 ἀναγραφὴν
2541 3466 2650 3517 τῶν
2695 3462 3062 3532 Εὑαγγελίων.
3127 3462 3406 3526 Ματθαῖος
3466 3461 3576 3533 γὰρ
3641 3461 3741 3514 οὐκ

475 3551 587 3596 clo.
623 3543 888 3600 Similiter
915 3555 972 3600 et
1001 3547 1235 3608 Marcus.
1255 3559 1321 3611 et
1346 3549 1587 3607 Joannes
1617 3552 1761 3606 haud
1791 3553 1972 3618 aliter,
2001 3563 2058 3609 et

2157 3557 2535 3627 ἐπεχείρησεν,
2567 3555 2680 3608 ἀλλ’
2706 3554 2942 3626 ἔγραψεν
2965 3551 3025 3618 ἐξ
3050 3554 3204 3622 ἁγίου
3229 3554 3546 3624 κινούμενος
3567 3551 3740 3605 Πνεῦ-

475 3631 671 3690 Lucas.
706 3636 778 3691 At
815 3636 958 3707 quod
1001 3632 1321 3695 inscribitur
1362 3640 1716 3715 Evangelium
1755 3647 2053 3700 secundum

2159 3667 2355 3721 ματος’
2387 3650 2589 3720 ὁμοίως
2613 3650 2706 3703 καὶ⁵
2732 3650 2958 3720 Μάρκος
2978 3691 2992 3715 ,
3032 3648 3126 3702 καὶ
3167 3646 3419 3716 Ἰωάννης
3453 3645 3741 3717 παραπλη-

475 3723 779 3795 .Egyptios,
816 3738 872 3783 et
921 3731 1065 3799 quod
1123 3732 1252 3785 item
1328 3733 1645 3789 inscribitur
1703 3735 2055 3806 Evangelium

2158 3740 2310 3805 σίως,
2340 3741 2436 3794 καὶ
2481 3741 2714 3804 Λουκᾶς.
2743 3739 2817 3793 Τὸ
2865 3739 3046 3810 μέντοι
3086 3736 3563 3807 ἐπιγεγραμμένον
3599 3734 3741 3789 κατὰ

478 3817 890 3885 duodenarum,
943 3823 976 3877 ii
1015 3823 1107 3893 qui
1165 3836 1533 3880 exaraverunt
1580 3826 1768 3896 utique
1811 3829 2053 3897 aggressi

2155 3831 2486 3901 Αἰγυπτίους
2517 3830 2871 3899 Εὑαγγέλιον,
2911 3829 3008 3883 καὶ
3037 3827 3100 3881 τὸ
3127 3825 3609 3897 ἐπιγεγραμμένον
3633 3822 3741 3877 τῶν

475 3919 620 3964 sunt.
655 3911 1050 3968 Circund’ertur
1081 3930 1300 3986 quoque
1344 3915 1697 3988 Evangelium
1753 3919 2054 3974 secundum

2154 3925 2362 3979 δώδεκα
2404 3923 2770 3991 Εὑαγγὲλιον,
2811 3923 2862 3975 οἱ
2897 3919 3313 3993 συγγράψαντες
3355 3917 3739 3989 ἐπεχείρησαν.

479 4000 765 4057 Thomam.
794 4003 912 4059 Jam
947 4022 1109 4070 porro
1135 4023 1302 4062 ausus
1330 4017 1417 4063 est
1441 4010 1605 4062 etiam
1629 4009 1898 4064 Basilides
1918 4010 2054 4064 scri—

2154 4015 2384 4087 Φέρεται
2411 4013 2468 4067 δὲ
2498 4014 2594 4067 καὶ
2625 4014 2686 4066 τὸ
2714 4012 2857 4066 κατὰ
2891 4011 3092 4082 Θωμᾶν
3125 4009 3472 4080 Εὐαγγέλιον.
3516 4008 3653 4079 Ἤδη
3685 4008 3739 4060 δὲ

479 4097 603 4150 bere
630 4094 977 4167 Evangeliqu
1005 4099 1300 4160 secundum
1329 4098 1799 4158 BasilidemJlulti
1827 4111 2053 4170 praeter-

2155 4107 2421 4179 ἐτόλμησε
2467 4108 2560 4161 καὶ
2603 4105 2919 4175 Βασιλείδης
2953 4105 3264 4176 συγγράψαι
3312 4103 3457 4158 κατὰ
3493 4102 3741 4156 Βασιλεί-

473 4204 540 4245 ea
576 4191 817 4260 aggressi
875 4202 1003 4246 sunt
1027 4190 1377 4262 Evangelium
1406 4193 1704 4248 secuudum
1749 4193 2053 4258 Matthiam,

2155 4199 2252 4270 δην
2277 4197 2629 4268 Εὑαγγέλιον.
2663 4197 2855 4251 Πολλοὶ
2883 4197 2981 4268 μὲν
3006 4193 3098 4250 οὖν
3131 4196 3495 4267 ἐπεχείρησαν
3542 4195 3637 4248 καὶ
3682 4193 3743 4246 τὸ

475 4290 529 4333 et
563 4279 666 4334 alia
699 4280 874 4352 plura.
927 4281 1033 4338 Sed
1065 4285 1208 4338 enim
1237 4293 1476 4354 quatuor
1511 4293 1721 4339 tantum
1770 4285 1926 4355 eligit
1961 4284 2054 4340 Dei

2156 4288 2296 4343 κατὰ
2321 4287 2592 4353 Ματθίαν,
2629 4288 2722 4342 καὶ
2761 4287 2897 4343 ἄλλα
2926 4286 3166 4341 πλείονα.
3216 4285 3377 4338 Ἀλλὰ
3414 4284 3483 4338 τά
3505 4285 3741 4354 τέσσαρα

475 4370 741 4427 Ecclesia.
788 4373 903 4429 Non
950 4376 1270 4446 simpliciter
1302 4386 1485 4432 autem
1538 4377 1726 4432 dicens
1779 4377 1848 4432 de
1893 4378 2055 4433 rebus

2159 4383 2297 4453 μόνα
2330 4382 2612 4452 προκρίνει
2638 4379 2781 4452 ἡτοῦ
2812 4379 2947 4433 Θεοῦ
2988 4378 3301 4450 Ἐκκλησία.
3325 4379 3437 4449 Οὐχ
3470 4377 3655 4440 ἁπλῶς
3686 4376 3741 4429 δὲ

473 4463 717 4524 creditis,
745 4464 838 4518 sed
868 4467 936 4519 de
965 4465 1128 4520 rebus
1153 4465 1350 4536 quibus
1373 4477 1528 4522 certa
1573 4477 1657 4523 est
1691 4467 1846 4523 nobis
1872 4467 2057 4523 scien-

2156 4470 2280 4529 εἷπε
2337 4473 2820 4544 πεπιστευμένων,
2874 4472 3012 4526 ἀλλὰ
3043 4470 3648 4542 πεπληροφορημένων,
3683 4468 3744 4521 τὸ

474 4557 567 4620 tia,
599 4558 973 4614 testimonium
1007 4561 1258 4629 perhibet
1295 4561 1536 4616 narratis
1588 4559 1774 4626 rebus,
1816 4576 1926 4631 quo
1966 4563 2052 4616 in-

2156 4566 2509 4639 ἀπαράϐατον
2535 4570 2647 4630 τοῖς
2678 4565 2991 4636 λεγομένοις
3027 4562 3343 4635 μαρτυρῶν.
3379 4560 3743 4631 "pag-pdth

471 4665 754 4708 concussae
775 4663 925 4708 steut
954 4655 1262 4710 certissima
1291 4658 1547 4712 veritate.
1588 4656 1668 4711 De
1704 4655 1858 4710 rebus
1887 4671 2051 4726 porro
2077 4661 2118 4720 C

2096 4661 2120 4720 ἶ.
2153 4661 2210 4713 δὲ
2234 4656 2406 4724 εἶπεν,
2451 4657 2686 4731 ἀναιρῶν
2731 4659 2828 4728 τὴν
2863 4659 3072 4728 αἵρεσιν
3104 4657 3213 4709 τῶν
3254 4655 3396 4709 κατὰ
3443 4652 3743 4723 φαντασίαν

471 4745 628 4807 dixit,
681 4760 792 4814 quo
842 4746 1058 4816 jugulat
1112 4746 1366 4802 haeresim
1435 4748 1675 4812 illorum,
1710 4748 1802 4818 qui
1863 4749 2050 4802 dicunt

2156 4752 2425 4820 λεγόντων
2469 4750 2538 4804 τά
2571 4749 2659 4804 διὰ
2703 4750 2797 4803 τοῦ
2832 4751 3082 4820 Σωτῆρος
3119 4745 3482 4818 γεγενῆσθαι,
3523 4744 3617 4798 καλ⁵
3643 4741 3741 4813 τὴν

470 4837 812 4905 pbantastice
841 4847 994 4908 gesta
1019 4839 1223 4894 Christi
1253 4840 1570 4911 contigisse,
1602 4841 1711 4895 imo
1765 4851 1820 4895 et
1871 4841 2053 4896 incar-

2155 4845 2432 4916 σάρκωσιν
2457 4843 2642 4896 αὑτοῦ.
2677 4843 2817 4911 Περὶ
2863 4841 2983 4896 τῶν
3023 4836 3646 4909 πεπληροφορημένων
3683 4835 3740 4887 δέ

474 4926 750 4982 nationem
798 4929 939 4996 ejus.
997 4928 1194 4984 Diceus
1248 4945 1399 4996 vero,
1444 4932 1510 4985 de
1555 4933 1744 5002 quibus
1783 4943 1927 4986 certa
1974 4945 2050 4986 est

2154 4934 2323 4990 εἰπὼν
2341 4976 2356 4999 ,
2385 4936 2484 5007 τὴν
2514 4935 2752 4988 διάθεσιν
2778 4933 2942 4988 αὐτοῦ
2972 4934 3243 5004 ἐμφαίνει.
3281 4927 3741 5001 Πεπληροφόρητο

472 5020 620 5074 nobis
665 5021 906 5088 scientia,
948 5037 1056 5092 quo
1086 5023 1246 5078 modo
1278 5023 1490 5079 animus
1536 5024 1651 5091 ejus
1699 5036 2052 5095 comparatus

2154 5029 2284 5100 γὰρ,
2316 5030 2410 5082 καὶ
2447 5027 2598 5082 οὐδὲν
2632 5025 2878 5088 ἐδίσταζε
2898 5066 2912 5089 ,
2952 5025 3178 5096 πότερον
3207 5022 3381 5085 οὕτως
3419 5020 3554 5090 ἔχει,
3587 5018 3620 5090 ἢ
3654 5016 3738 5072 οὔ.

471 5123 638 5178 esset,
663 5117 922 5172 ostendit.
951 5117 1268 5172 Certissime
1316 5119 1460 5172 enim
1510 5134 1830 5188 persuasum
1885 5121 2049 5176 hahe-

2158 5119 2298 5190 Ὅτιι
2326 5119 2384 5172 δὲ
2441 5117 2596 5190 παρὰ
2634 5116 2742 5170 τῶν
2791 5116 3024 5185 αὐτοψία
3073 5113 3427 5183 θεασαμένων
3472 5114 3567 5164 καὶ
3612 5110 3743 5165 αὑτ-

472 5210 585 5273 bal,
615 5209 856 5278 nihilque
885 5209 1190 5276 dubitabat,
1223 5218 1405 5264 utrum
1439 5211 1512 5266 ita
1545 5227 1605 5266 se
1639 5227 1725 5266 res
1756 5212 2047 5279 haberent,

2151 5211 2332 5280 ηκόων
2368 5209 2672 5282 παρέλαϐε,
2719 5208 2907 5278 σαφῶς
2932 5207 3282 5278 ὡμολόγησεν
3313 5203 3501 5257 εἰπών·
3533 5202 3740 5267 Καθὼς

474 5317 666 5356 uecue.
701 5301 854 5368 Quod
890 5312 1073 5357 autem
1127 5304 1194 5358 ab
1229 5303 1461 5360 oculatis
1507 5305 1739 5361 testibus
1767 5305 2045 5371 didicerit,

2153 5303 2501 5373 παρέδοσαν
2547 5302 2691 5372 ἡμῖν
2718 5305 2772 5356 οἱ
2801 5303 2898 5355 ἀπ’
2927 5299 3120 5369 ἀρχῆς
3144 5299 3434 5351 αὐτόπται
3474 5295 3572 5349 καὶ
3626 5296 3725 5347 ὐπ-

475 5395 765 5450 utauil'este
795 5396 1083 5450 conﬁtetur
1112 5396 1365 5465 inquiens
1390 5413 1404 5449 :
1433 5395 1893 5462 Quemadmodum
1940 5412 2050 5451 tra-

2151 5395 2355 5463 ηρέται
2385 5393 2691 5462 γενόμενοι
2717 5391 2822 5444 τοῦ
2851 5393 3062 5459 Λόγου.
3099 5386 3512 5442 Διαὸεϐαιοῦται
3541 5384 3620 5448 δὲ,
3657 5384 3740 5436 ὃτι

470 5488 718 5542 diderunt
754 5487 903 5542 nobis
937 5489 1028 5558 qui
1069 5488 1133 5540 ab
1167 5491 1320 5542 initio
1373 5489 1574 5543 oculati
1603 5497 1779 5554 testes,
1805 5500 1853 5544 et
1890 5491 2050 5544 mini-

2157 5487 2360 5541 ἄνωθεν
2382 5484 2880 5558 παρηκολούθησεν,
2907 5482 2966 5535 οὗ
2987 5499 3092 5535 τισι
3118 5479 3227 5535 τῶν
3253 5483 3372 5551 είρη
3383 5478 3582 5549 μένων,
3604 5472 3740 5529 ἀλλὰ

469 5579 564 5630 sm‘
593 5578 807 5640 [uerum
856 5575 1094 5632 Verbi".
1125 5578 1497 5635 Conﬁrmatur
1551 5589 1757 5648 autem,
1791 5580 1919 5652 quia
1966 5597 2055 5639 res

2160 5582 2312 5635 πᾶσι.
2349 5579 2511 5643 Είκδς
2537 5578 2591 5631 δέ
2619 5576 3022 5647 ὑπολαμϐάνειν
3046 5573 3217 5638 τινας,
3251 5574 3332 5626 ὅτι
3361 5567 3603 5638 Θεοφίλῳ
3635 5566 3741 5620 τινὶ

543 5691 588 5723 ³³
615 5692 742 5746 Luc.
785 5709 823 5754 ι.
855 5692 909 5749 9..

554 5786 668 5856 (59)
709 5789 780 5842 lix
815 5791 935 5845 cod.
971 5788 1172 5846 Vcncto
1201 5788 1290 5844 28.
