4172 6430
377 350 486 406 513

1671 345 1962 405 SCHOLIA
2006 347 2072 404 IN
2112 350 2372 410 LUCAM.

3552 351 3660 406 514

377 467 587 542 ἔγραψε
617 468 680 523 τὸ
709 467 1064 538 Εὖαγγέλιον,
1173 461 1255 533 εἷς
1277 463 1348 540 ἦν
1369 467 1479 522 τῶν
1500 470 1944 523 πεπιστευκότων

2081 474 2148 528 ab
2193 475 2424 530 exordio
2459 473 2764 531 continenti
2812 473 2959 530 serie
2998 473 3202 543 attigit,
3234 486 3340 526 non
3393 475 3655 542 quasdam

372 558 550 626 δΰτως
571 559 708 626 ζέων
722 561 800 632 τῷ
821 561 1112 633 πνεύματι,
1130 563 1224 616 καὶ
1243 561 1532 633 ἀπλήστως
1555 561 1695 634 ἔχων
1722 563 1849 634 περὶ
1871 562 1968 626 τὰς

375 653 470 708 τοῦ
517 655 727 726 Κυρίου
776 653 1004 727 πράξεις
1051 672 1112 708 τε
1157 656 1254 710 καὶ
1297 654 1526 724 λόγους·
1576 655 1746 726 ὅνπερ
1793 655 1967 709 ἐποίει

374 746 784 819 ἀσφαλέστερον
815 748 911 802 καὶ
943 747 1011 801 τὰ
1034 747 1128 802 νῦν
1157 748 1496 820 γραφόμενα.
1530 747 1725 812 ’Ἄλλος
1765 747 1822 802 δέ
1858 765 1965 818 φη-

377 855 496 893 σιν’
532 839 768 895 Ὅτιὲάν
803 841 1003 905 πάντες
1049 840 1280 894 τοιοῦτοι
1328 835 1509 912 ὦμεν,
1547 840 1623 905 ὡς
1646 841 1966 910 ἀγαπᾶσθαι

376 933 482 986 ὑπὸ
509 931 604 986 τοῦ
629 931 888 986 Θεοῦοκαὶ
920 931 1223 1004 φιλεῖσθαι,
1251 931 1502 1002 Θεόφιλοί
1535 932 1725 1003 ἐσμεν.
1762 931 1877 986 Οὐκ
1899 930 1965 985 ἂν

375 1023 433 1077 δέ
464 1041 548 1089 τις
572 1023 660 1097 εἴη
686 1024 946 1094 Θεόφιλος
981 1023 1214 1096 ἀσθενής
1231 1041 1244 1054 ·
1278 1026 1385 1088 πᾶς
1410 1023 1519 1096 γὰρ
1540 1023 1799 1095 Θεόφιλος
1824 1025 1963 1095 κρά-

373 1117 554 1182 τιστός
581 1119 730 1172 ἐστιν
759 1117 900 1190 ἔχων
928 1118 990 1172 τὸ
1012 1117 1215 1190 κράτος
1235 1118 1328 1171 καὶ
1347 1116 1446 1188 τὴν
1471 1117 1706 1188 δύναμιν
1729 1116 1830 1188 τὴν
1853 1115 1964 1170 ἀπὸ

373 1208 466 1264 τοῦ
497 1199 633 1263 Θεοῦ
671 1209 877 1264 καὶτοῦ
911 1209 1084 1278 Λόγου
1123 1208 1308 1273 αὑτοῦ,
1339 1210 1434 1264 καὶ
1460 1208 1633 1273 οὕτως
1659 1206 1960 1277 ἐπιγνώσε-

371 1315 461 1352 ται
509 1300 590 1364 είς
627 1298 726 1371 τὴν
774 1299 900 1370 περὶ
947 1291 1022 1352 ὧν
1071 1297 1356 1368 κατηχήθη
1408 1295 1584 1366 λόγων
1637 1294 1956 1363 ἀσφάλειαν.

2070 568 2231 623 modo
2265 582 2332 622 ex
2370 567 2436 621 iis
2461 581 2582 635 qua:
2611 566 2770 622 dictae
2799 573 2944 629 sunt,
2983 563 3076 619 sed
3107 564 3416 620 universas.
3443 561 3654 618 Forsan

2069 659 2233 727 aliqui
2283 658 2683 728 respondebunt
2719 657 2869 712 illum
2908 655 3210 725 Theophilo
3241 656 3450 710 cuidam
3478 653 3656 710 Evan—

2069 750 2266 821 gelium
2327 749 2618 820 scripsisse
2652 789 2668 816 ,
2717 749 2808 820 qui
2889 764 3028 802 unus
3085 757 3204 803 erat
3275 747 3649 812 credentium“,

2070 843 2211 897 idem
2255 842 2449 911 spiritu
2484 841 2722 907 fervens,
2752 857 2820 896 ac
2855 842 2921 896 de
2963 841 3174 896 Domini
3217 841 3387 910 gestis
3420 837 3653 894 dictisve

2068 934 2444 1001 insatiabilis;
2485 935 2690 1004 quippe
2737 950 2899 1006 quem
2955 937 3069 991 haec
3103 934 3306 1004 scripta
3350 932 3648 986 ﬁrmiorem

2066 1023 2391 1079 efﬁciebant.
2431 1023 2576 1080 Dicit
2621 1039 2755 1080 vero
2797 1025 3039 1094 aliquis:
3071 1022 3228 1092 Quod
3283 1023 3331 1078 si
3392 1035 3586 1077 omnes
3612 1020 3648 1074 ii

2066 1129 2277 1184 sumus,
2316 1116 2410 1185 qui
2463 1131 2495 1171 a
2549 1116 2662 1172 Deo
2704 1125 2956 1173 amentur
3003 1127 3058 1172 et
3113 1117 3432 1187 diligantur,
3468 1114 3651 1170 Theo-

2061 1209 2198 1281 phili
2245 1223 2456 1265 sumus.
2507 1207 2649 1264 Num
2696 1211 2822 1279 quis
2870 1209 3210 1281 Theophilus
3242 1208 3493 1263 infirmus
3525 1219 3650 1263 esse

2064 1299 2500 1371 potest?0mnis
2555 1300 2701 1357 enim
2755 1301 3093 1373 Theophilus
3153 1300 3488 1356 fortissimus
3539 1305 3647 1364 est,

382 1389 810 1460 Ἐπαγγέλλεται
846 1390 1025 1444 τοίνυν
1073 1390 1174 1460 τῆς
1214 1387 1465 1458 γνώσεως
1501 1387 1563 1442 τὸ
1598 1387 1835 1458 βέϐαιον,
1869 1386 1944 1439 ἴνα

2063 1395 2274 1450 habens
2305 1395 2416 1451 vim
2469 1405 2525 1450 et
2563 1395 2865 1466 potentiam
2918 1410 2950 1449 a
3004 1396 3138 1462 Deo,
3185 1393 3479 1465 Verboque
3527 1393 3648 1463 ejus

369 1482 514 1554 ὅπερ
547 1484 754 1547 ἐκεῖνος
779 1484 916 1555 ἀκοῇ
953 1481 1253 1553 παρέλαϐε,
1300 1481 1470 1534 ταῦτα
1501 1481 1596 1534 καὶ
1633 1480 1944 1553 γράμμασικ

2059 1487 2472 1557 procedentem.

368 1573 714 1645 ἐντυγχάνων
737 1572 1144 1646 ἀσφαλέστερον
1173 1571 1272 1644 τὴν
1305 1573 1488 1626 πίστιν
1521 1572 1774 1644 διατηρῇ.

438 1665 550 1737 (40)
621 1664 710 1718 Ἐν
767 1667 833 1737 τῇ
890 1663 1088 1735 Ἐξόδῳ
1135 1663 1469 1735 γέγραπται,
1547 1664 1665 1717 Ὅτι
1720 1666 1754 1718 ὁ
1804 1661 1944 1729 λαὸς

2132 1664 2187 1720 ln
2222 1663 2409 1721 Exodo
2439 1664 2702 1734 scrlptum
2735 1669 2846 1730 est,
2879 1662 3020 1729 Quia
3063 1663 3291 1734 papulas
3313 1663 3442 1718 vidit
3469 1677 3646 1717 vocent

363 1756 585 1826 ἑώρακε
618 1757 735 1826 τὴν
766 1755 978 1828 φωνὴν
1012 1755 1121 1811 τοῦ
1160 1757 1405 1824 Κυρίου,
1429 1755 1674 1824 καίτοιγε
1718 1754 1869 1825 φωνὴ
1890 1754 1944 1808 οὐ

2059 1755 2277 1812 Domini
2297 1758 2366 1825 ⁸⁵,
2402 1757 2623 1813 tametsi
2655 1772 2759 1811 vox
2789 1771 2898 1812 non
2931 1757 3204 1822 videatur,
3240 1756 3337 1811 scd
3365 1757 3640 1809 audiatur.

365 1848 652 1919 βλέπεται,
694 1848 809 1903 ἀλλ’
831 1849 1115 1903 ἀκούεται’
1149 1848 1238 1903 ἶνα
1265 1847 1477 1921 δηλωθῇ
1510 1846 1848 1921 παραδόξως,
1877 1847 1944 1900 ὅτι

2061 1849 2179 1914 Ouo
2224 1848 2479 1905 videlicet
2527 1850 2796 1919 stupende
2850 1849 3341 1914 demonstraretur,
3371 1851 3500 1918 quia
3548 1847 3644 1902 Dei

361 1942 395 2010 ἡ
435 1940 529 1994 τοῦ
582 1939 718 1994 θεοῦ
777 1941 928 2013 φωνὴ
963 1941 1218 2012 βλέπεται
1245 1935 1327 2005 οἷς
1361 1940 1636 2012 βλέπεται.
1684 1940 1776 1994 Ἐν
1806 1939 1863 1993 δὲ
1877 1938 1944 2009 τῷ

2056 1957 2160 1995 vox
2189 1941 2404 1996 videtur
2453 1942 2649 2011 quibus
2692 1941 2926 1998 videtur.
2977 1939 3036 1994 ln
3089 1939 3384 2008 Evangelia
3435 1948 3640 2001 autem,

361 2032 680 2102 Εὐαγγελίῳ
728 2033 827 2102 οὐχ
874 2035 909 2104 ή
969 2033 1121 2105 φωνὴ
1181 2033 1473 2104 βλέπεται,
1539 2031 1652 2087 ἀλλ’
1689 2033 1718 2084 6
1769 2030 1944 2102 κρείτ-

2057 2047 2164 2087 non
2215 2048 2319 2087 vox
2368 2031 2606 2098 videtur,
2648 2041 2705 2086 at
2737 2031 2882 2102 quod
2943 2046 3076 2088 voce
3118 2031 3476 2101 praestantius
3531 2041 3641 2094 εει,

360 2141 470 2177 των
493 2123 594 2194 τῆς
621 2109 806 2196 φωνῆς
827 2123 1020 2192 Λόγος.
1047 2123 1146 2177 Διὰ
1169 2123 1348 2187 τοῦτο,
1378 2122 1587 2190 Καθὼς
1606 2123 1944 2190 παρέδοσαν

2056 2123 2314 2178 Verbum.
2343 2121 2642 2192 Propterea
2669 2123 2746 2175 ait
2774 2121 3274 2188 :Quemadmodum
3300 2123 3642 2176 tradiderunt

359 2216 507 2287 ἡμῖν
537 2219 593 2271 ot
621 2218 722 2271 ἀπ’
748 2215 942 2287 ἀρχῆς
981 2218 1272 2271 αὐτόπται
1313 2216 1413 2271 καὶ
1452 2214 1743 2285 ὑπηρέται
1786 2219 1944 2286 γενό-

2053 2215 2226 2282 nobis,
2261 2215 2352 2285 qui
2384 2215 2448 2268 ab
2472 2215 2628 2269 initio
2659 2215 2862 2269 oculati
2889 2223 3046 2269 testes
3077 2225 3124 2269 et
3161 2214 3393 2268 ministri
3424 2215 3640 2283 fuerunt

353 2325 525 2377 μενοι
551 2308 655 2362 τοῦ
686 2309 904 2379 Λόγου.
947 2309 1012 2362 Εἰ
1049 2309 1159 2378 γὰρ
1189 2309 1251 2362 τὸ
1276 2308 1580 2380 ἑωρακέναι
1610 2308 1702 2362 τὸν
1742 2308 1948 2382 Κύριον

359 2401 503 2455 κατὰ
526 2400 686 2473 σῶμα
719 2401 997 2472 αὐτόπτην
1025 2400 1217 2455 τούτου
1238 2401 1497 2471 γενέσθαι
1526 2396 1594 2472 ἦν
1612 2419 1626 2432 ·
1664 2403 1759 2456 καὶ
1779 2403 1950 2457 Πιλά-

355 2508 450 2557 τος
477 2493 753 2566 αὐτόπτης
775 2488 844 2564 ἦν
867 2491 963 2550 τοῦ
993 2492 1170 2562 Λόγου
1192 2532 1207 2558 ,
1242 2493 1618 2559 καταδικάξων
1644 2493 1825 2561 αὐτὸν,
1853 2495 1949 2550 καὶ

368 2583 566 2649 Ἰούδας
609 2585 638 2637 6
680 2585 982 2657 προδότης,
1016 2587 1112 2639 καὶ
1155 2584 1357 2650 πάντες
1388 2586 1438 2638 οἱ
1461 2585 1731 2655 λέγοντες
1760 2590 1946 2642 Σταύ-

349 2692 570 2743 ρωσον,
606 2677 964 2744 σταύρωσον
996 2679 1203 2731 αὐτόν.
1239 2676 1313 2730 Τὸ
1346 2672 1439 2730 οὖν
1481 2677 1678 2732 εἰδέναι
1713 2679 1804 2732 τὸν
1841 2679 1945 2734 Λό-

353 2781 449 2834 γον
477 2767 595 2819 ἐκεῖ
617 2768 839 2833 ἐνοεῖτο,
865 2769 997 2822 ὅπου
1033 2767 1216 2837 ἔλεγεν
1243 2771 1272 2822 ὁ
1299 2769 1492 2841 Σωτήρ
1514 2787 1528 2800 ο
1572 2771 1636 2823 '0
1668 2771 1943 2840 ἑωρακὼς

350 2858 476 2927 ἐμὲ,
506 2859 727 2928 ἑώρακε
754 2859 862 2914 τὸν
898 2859 1161 2930 Πατέρα,
1203 2861 1311 2918 τὸν
1343 2863 1665 2932 πέμψαντά
1686 2881 1782 2933 με.
1832 2866 1942 2919 Καὶ

351 2948 656 3020 λεληθότως
681 2951 740 3005 δὲ
773 2951 938 3006 καλὸν
968 2954 1200 3026 μάθημα
1225 2954 1464 3010 διδάσκει
1486 2957 1634 3026 ἡμᾶς
1661 2957 1689 3008 6
1725 2957 1942 3021 Λουκᾶς

350 3041 607 3107 ἐνταῦθα,
638 3044 720 3098 ὅτι
747 3044 910 3099 τινῶν
942 3045 1039 3117 μὲν
1065 3045 1440 3118 θεωρημάτων
1481 3047 1543 3101 τὸ
1571 3047 1776 3121 τέλοςή
1807 3049 1941 3102 θεω-

353 3135 444 3208 ρία
461 3136 576 3188 ὲστί
595 3153 609 3166 ⁸
633 3137 796 3190 τινῶν
814 3137 870 3190 δὲ
888 3136 1259 3210 θεωρημάτων
1275 3140 1335 3193 τὸ
1351 3139 1503 3204 τέλος
1524 3142 1557 3212 ἡ
1579 3140 1776 3213 πρᾶξίς
1798 3144 1936 3198 ἐστι.

2062 2305 2236 2362 Verbi.
2264 2306 2324 2360 Si
2356 2307 2502 2361 enim
2529 2306 2732 2362 vidisse
2762 2307 3051 2361 Dominum
3077 2308 3378 2361 secundum
3415 2322 3636 2377 corpus,

2048 2395 2300 2464 eratejus
2324 2397 2494 2451 fuisse
2513 2397 2785 2450 oculatum
2809 2407 3000 2453 testem
3026 2416 3038 2452 :
3069 2408 3124 2452 et
3154 2397 3363 2451 Pilatus
3391 2399 3640 2452 oculatus

2049 2492 2208 2546 testis
2232 2489 2428 2546 luisset
2457 2487 2642 2553 Verbi,
2664 2490 2756 2560 qui
2789 2504 2914 2544 eum
2950 2490 3361 2557 condemnavit,
3387 2501 3442 2546 et
3466 2491 3639 2545 Judas

2046 2585 2314 2654 proditor,
2357 2594 2412 2640 et
2461 2586 2775 2654 quicunque
2823 2584 3102 2650 dicebant,
3145 2583 3427 2655 Cruciﬁge,
3460 2586 3639 2639 cruci-

2044 2678 2145 2748 ﬁge
2169 2693 2289 2731 eum
2312 2676 2381 2732 ”.
2412 2676 2600 2746 Itaque
2631 2677 2833 2732 vidisse
2857 2676 3097 2731 Verbum
3129 2691 3194 2731 eo
3229 2677 3334 2732 loci
3361 2677 3636 2746 intellige-

2044 2770 2225 2832 batur,
2252 2767 2343 2823 ubi
2378 2769 2591 2823 dicebat
2617 2767 2870 2823 Salvator
2898 2786 2911 2824 :
2941 2767 3046 2834 Qui
3077 2770 3204 2823 vidit
3231 2785 3333 2834 me,
3358 2770 3487 2823 vidit
3522 2767 3636 2822 Pa-

2045 2873 2178 2917 trem
2205 2878 2379 2916 meum
2408 2863 2497 2932 qui
2528 2862 2670 2916 misit
2703 2879 2785 2916 me
2804 2863 2870 2916 ¹⁶.
2902 2863 2979 2916 Ac
3015 2862 3182 2918 tacite
3213 2863 3633 2932 pulcherrimam

2044 2955 2352 3009 doctrinam
2382 2955 2580 3009 edocet
2607 2954 2695 3009 hic
2727 2969 2829 3008 nos
2861 2953 3058 3019 Lucas,
3093 2955 3221 3024 quia
3273 2971 3470 3025 nempe
3501 2972 3636 3025 quo-

2046 3047 2294 3102 rumdam
2329 3058 2727 3118 praeceptorum
2755 3048 2879 3102 linis
2920 3055 3004 3103 est
3042 3048 3276 3116 ipsamet
3314 3048 3632 3116 speculatio,

2043 3143 2406 3210 quorumdam
2437 3157 2570 3197 vero
2597 3151 2997 3214 praeceptorum
3027 3139 3154 3194 linis
3197 3149 3280 3195 est
3312 3142 3479 3194 actio.
3531 3140 3635 3195 Per

347 3228 448 3282 Διὰ
468 3227 578 3301 γὰρ
603 3227 697 3283 τοῦ
717 3270 732 3295 ,
761 3230 1050 3284 αὐτόπται
1069 3269 1086 3298 ,
1118 3229 1268 3301 δηλοῖ
1291 3232 1351 3286 τὸ
1372 3231 1705 3306 θεωρητικὸν
1725 3273 1740 3298 ,
1764 3235 1852 3289 διὰ
1883 3236 1940 3290 δὲ

2047 3234 2176 3289 illud
2203 3232 2373 3299 enim,
2406 3234 2610 3288 oculati
2659 3244 2812 3288 testes
2862 3231 3037 3286 innuit
3078 3231 3535 3302 speculationem,
3577 3243 3634 3286 at

346 3321 440 3376 τοῦ
502 3320 823 3390 ὑπηρέται,
865 3323 929 3378 τὸ
975 3324 1382 3394 πραγματικόν.
1456 3324 1695 3380 Δύνασαι
1736 3326 1794 3380 δὲ
1846 3328 1942 3382 καὶ

345 3414 550 3484 ἑτέρως
583 3413 834 3468 ἐκλαϐεῖν
873 3415 969 3481 τὸ,
1011 3417 1304 3488 ὑπηρέται
1337 3420 1647 3489 γενόμενοι
1689 3418 1796 3473 τοῦ
1825 3422 1940 3476 Λό-

345 3521 493 3575 γου·
531 3507 650 3576 ἢτοι
683 3505 786 3560 τοῦ
821 3506 1205 3562 διδασκαλικοῦ
1250 3509 1442 3579 λόγου,
1489 3509 1548 3564 ὃν
1591 3511 1880 3582 παρεδίδου
1911 3515 1940 3568 6

346 3597 539 3668 Σωτήρ
558 3614 571 3628 ·
600 3595 633 3668 ἢ
661 3599 756 3652 καὶ
787 3597 953 3652 αὑτοῦ
982 3600 1076 3658 τοῦ
1101 3600 1236 3660 Θεοῦ
1261 3602 1459 3673 Λόγου,
1482 3596 1527 3672 ᾧ
1549 3606 1644 3659 καὶ
1667 3604 1940 3678 ὲξυπηρέ-

346 3703 522 3755 τησαν
549 3688 819 3758 παρόντες
844 3692 894 3742 οἱ
933 3691 1192 3763 μαθηταί.

416 3778 529 3850 Τὴν
555 3778 798 3834 διάθεσιν
832 3781 1028 3835 ἑαυτοῦ
1073 3785 1101 3837 6
1135 3784 1352 3847 Λουκᾶς
1396 3785 1672 3857 ἐμφαίνει.
1714 3788 1936 3860 Πεπλη-

345 3869 616 3943 ροφόρητο
640 3871 770 3943 γὰρ,
803 3873 897 3926 καὶ
917 3875 976 3926 ὲν
1006 3874 1182 3927 οὐδενὶ
1209 3874 1475 3941 ὲδίσταζε,
1501 3878 1730 3950 πότερον
1762 3878 1938 3945 οὕτως

341 3962 476 4033 ἔχει,
509 3962 652 4033 ἣοῠ.
687 3963 859 4018 Τοῦτο
898 3965 958 4018 δὲ
995 3966 1205 4036 γίνεται
1253 3967 1381 4038 περὶ
1417 3969 1542 4032 τοὺς
1586 3969 1820 4040 βεϐαίως
1847 3990 1937 4026 πι-

269 4043 271 4046 ⁴
342 4053 652 4118 στεύοντας.
691 4056 804 4110 Καὶ
848 4056 960 4128 γὰρ
985 4059 1024 4112 6.
1049 4058 1375 4123 Ἀπόστολος
1408 4061 1537 4132 περὶ
1565 4061 1675 4116 τῶν
1701 4063 1934 4134 βεϐαίων

340 4146 538 4217 φησίν·
578 4147 716 4202 Ἵνα
753 4144 861 4218 ἦτε
901 4147 1271 4220 ἐρριζωμένοι
1312 4152 1934 4225 καὶίτεθεμελιωμένοι

337 4239 416 4308 τῇ
442 4237 665 4294 πίστει.
696 4241 860 4294 Οὐδὲν
891 4241 1002 4312 γὰρ
1023 4240 1166 4295 οὕτω
1201 4241 1564 4316 πληροφορεῒ,
1590 4248 1666 4312 ὡς
1690 4247 1815 4313 νοῦς
1839 4250 1934 4303 καὶ

337 4329 511 4398 λόγος.
551 4332 714 4403 Ὄφις
743 4333 853 4404 γὰρ
880 4334 941 4386 οὐ
969 4333 1335 4407 λικεληροερορεῖ⁸
1374 4337 1496 4390 ἐπεὶ
1544 4340 1643 4392 οὐκ
1683 4340 1792 4394 άπὸ
1831 4359 1930 4412 ση-

341 4423 510 4494 μείων
557 4425 655 4478 καὶ
699 4425 945 4495 τεράτων
976 4425 1190 4496 ὁρατῶν
1223 4429 1467 4497 κρίνεται
1493 4430 1563 4484 τὰ
1592 4431 1928 4504 πράγματα’

336 4516 473 4571 ἀλλὰ
499 4516 644 4587 λόγῳ
671 4518 938 4588 κρίνεται,
964 4522 1095 4573 ποῖα
1119 4519 1352 4590 τάληθῆ,
1376 4523 1471 4576 καὶ
1494 4525 1621 4576 ποῖα
1644 4523 1714 4577 τὰ
1733 4525 1927 4598 ψευδῆ.

335 4607 702 4677 Πραγμάτων
733 4609 790 4662 δέ
823 4625 1007 4681 φησιν,
1033 4611 1332 4682 ἐπειδήπερ
1355 4614 1416 4665 οὑ
1441 4614 1583 4669 κατὰ
1605 4619 1926 4686 φαντασίαν,

335 4699 476 4754 κατὰ
523 4699 649 4762 τοὺς
691 4699 801 4752 τῶν
854 4701 1150 4772 αἱρετικῶν
1200 4704 1429 4769 παῖδας,
1479 4706 1929 4785 ὲδραματούργη-

336 4807 427 4845 σεν
469 4791 677 4862 Ἰησοῦς
724 4791 823 4862 τὴν
872 4791 1138 4864 ἐνσαρκον
1186 4796 1352 4849 αὑτοῦ
1405 4801 1738 4869 παρουσίαν
1790 4804 1928 4860 ἀλλὰ

331 4883 618 4955 τυγχάνων
669 4885 937 4957 ἀλήθεια,
1003 4887 1142 4959 πρὸς
1197 4888 1458 4960 ἀλήθειαν
1525 4893 1797 4967 ἐνήργησε
1855 4897 1925 4952 τὰ

333 4978 658 5050 πράγματα.

329 5071 478 5142 Στίχ.
497 5070 568 5142 γ’.
588 5070 782 5137 Καθεξ
788 5071 822 5140 ἦ
829 5092 861 5137 ς
875 5085 975 5125 σοι
997 5071 1244 5142 γράψαι,
1269 5075 1548 5145 κράτιστε
1571 5081 1846 5151 Θεόφιλε.

328 5158 477 5235 Στίχ.
520 5164 562 5218 δ’
569 5207 584 5222 .
616 5165 751 5221 Ἵνα
785 5162 1044 5245 ἐπιγνῷς
1068 5165 1315 5245 περὶᾼῶν
1347 5171 1696 5241 κατηχήθης
1723 5176 1924 5245 λόγων

863 5234 980 5303 τὴν
1012 5235 1375 5306 ἀσφάλειαν.

511 5325 586 5407 ε’.Δ
607 5325 920 5407 ,Ἐτέτεετον
939 5325 1028 5407 si:
1052 5327 1468 5407 ταῖς-,ἡμέραις
1507 5332 1760 5407 Ἡρῴδου
1809 5337 1919 5392 τοῦ

390 5395 707 5473 ,βασιλέως
728 5395 840 5473 τῆς
880 5395 1382 5473 Ἰουδαίᾳςᾷὶερεὖς
1405 5395 1496 5469 τὶς
1532 5395 1776 5473 όὶθόματι
1807 5410 1922 5462 Ζα-

399 5468 612 5546 χαρίεις
637 5467 707 5530 ἐξ
738 5467 1066 5556 ἐφημερίας
1101 5468 1285 5555 Ἀβιά·
1327 5467 1425 5526 καὶ
1529 5467 1686 5543 rufi)
1721 5479 1910 5558 αὑτοῦ

393 5535 465 5608 ἐκ
490 5553 618 5608 των.
636 5537 972 5608 θυγατέρων
1019 5542 1250 5607 Ααρων,
1277 5542 1376 5596 καὶ
1409 5545 1473 5597 τὸ
1505 5544 1692 5608 ὄνομα
1716 5549 1910 5608 at)an

408 5561 971 5662 ⁸ἷωιᾶἕυγτιτιιιξιριιιν
1019 5561 1250 5607 nuptm“,
1277 5561 1376 5596 και
1409 5561 1473 5597 το
1505 5561 1692 5615 ονομα
1716 5561 1910 5617 αυτης

518 5623 582 5661 ισ
657 5624 743 5661 ετ.

401 5715 450 5749 ’δ
477 5717 647 5771 Exod.
679 5733 770 5782 xx,
811 5719 897 5775 18.
976 5719 1023 5753 ⁸⁸
1050 5718 1205 5777 Joan.
1244 5738 1358 5793 XIX,
1396 5725 1450 5784 6.
1529 5727 1750 5786 "Joan.
1803 5748 1913 5801 xw,
1953 5735 2003 5794 9.

397 5804 510 5876 (40)
555 5805 794 5875 ’Δνεπιγ.

2044 3337 2142 3392 per
2173 3322 2427 3386 ministri,
2475 3323 2747 3377 actionem
2803 3330 2860 3376 et
2912 3321 3130 3390 praxiu.
3163 3320 3329 3376 Potes
3371 3334 3428 3378 et
3473 3323 3635 3377 aliter

2042 3415 2295 3484 accipere
2323 3415 2475 3481 illud,
2504 3417 2597 3486 qui
2637 3415 2870 3468 ministri
2895 3413 3111 3484 fuerunt
3150 3411 3304 3468 Verbi
3332 3429 3351 3468 :
3375 3415 3489 3469 sive
3541 3416 3633 3469 do-

2041 3506 2288 3563 ctrinalis
2328 3506 2501 3572 verbi,
2532 3507 2675 3577 quod
2708 3507 2956 3560 tradebat
2993 3506 3286 3560 Salvator:
3318 3507 3401 3560 vel
3431 3508 3631 3577 ipsius-

2041 3609 2153 3654 met
2186 3599 2278 3654 Dei
2312 3597 2494 3666 Verbi,
2532 3599 2620 3654 cui
2645 3598 2812 3654 etiam
2848 3597 3304 3654 Ittinistraverunt
3331 3609 3628 3668 pra-sentes

2038 3691 2321 3761 discipuli.

2109 3785 2228 3851 Quo
2253 3784 2415 3840 modo
2440 3785 2512 3840 sit
2544 3783 2773 3840 aﬂ'ectus
2807 3782 2982 3840 Lucas
3011 3783 3274 3839 ostendit.
3307 3783 3629 3839 Certissime

2037 3877 2182 3933 enim
2215 3892 2510 3948 persuasus
2537 3887 2682 3942 erat,
2713 3877 2846 3932 etin
2879 3876 3024 3932 nullo
3056 3875 3361 3942 dubitabat,
3389 3894 3517 3931 num
3544 3877 3629 3932 sic

2035 3983 2095 4023 se
2119 3984 2207 4024 res
2241 3969 2490 4033 haberet,
2527 3985 2718 4024 necne.
2754 3968 2870 4022 Hoc
2925 3979 3108 4024 autem
3145 3971 3416 4039 contingit
3448 3970 3502 4023 in
3536 3969 3625 4034 iis,

2035 4061 2125 4128 qui
2165 4061 2396 4116 ﬁrmiter
2448 4061 2698 4116 credunt.
2752 4061 3044 4132 Apostolus
3087 4063 3232 4116 enim
3299 4064 3364 4116 de
3413 4062 3479 4116 iis
3529 4063 3624 4132 qui

2035 4151 2176 4214 ﬁrmi
2210 4160 2357 4216 sunt,
2389 4151 2524 4206 dicit
2553 4170 2567 4205 :
2600 4151 2668 4206 Ut
2695 4152 2814 4206 sitis
2847 4153 3077 4206 radicati
3103 4162 3152 4207 et
3184 4153 3398 4222 fundati
3423 4153 3530 4221 ﬁde
3553 4154 3622 4206 ’⁷.

2035 4242 2178 4296 Nihil
2213 4243 2360 4297 enim
2396 4245 2534 4300 adeo
2591 4255 2803 4300 certum
2857 4261 2924 4301 ac
2973 4261 3292 4314 persuasum
3340 4247 3540 4306 reddit.
3567 4255 3626 4300 ut

2034 4348 2191 4388 meus
2246 4341 2304 4388 et
2362 4336 2525 4390 ratio.
2588 4335 2752 4392 Visus
2811 4339 2959 4391 enim
3009 4347 3216 4391 certqu
3256 4351 3363 4390 non
3399 4338 3620 4392 reddit:

2032 4429 2236 4499 quippe
2263 4431 2390 4499 quia
2447 4446 2557 4485 non
2601 4447 2665 4486 ex
2713 4430 2884 4502 signis
2918 4441 2973 4485 et
3011 4430 3278 4500 prodigiis
3313 4429 3625 4484 visibilibus

2034 4535 2124 4575 res
2161 4520 2495 4591 judicantur.
2551 4522 2658 4589 Sed
2717 4523 2929 4578 ratione
2977 4523 3284 4594 judicatur,
3337 4538 3462 4592 quae
3515 4523 3626 4576 sint

2036 4630 2188 4680 vera.
2219 4631 2409 4686 Quaeve
2448 4615 2605 4675 falsa.
2643 4616 2719 4672 De
2749 4618 2904 4672 rebus
2943 4625 3123 4672 autem
3147 4617 3281 4672 dicit
3313 4634 3327 4670 :
3364 4617 3489 4684 quia
3516 4631 3622 4669 non

2034 4711 2404 4781 phantastice,
2454 4711 2608 4781 juxta
2665 4713 2984 4776 haereticos,
3039 4721 3300 4781 operatus
3339 4719 3421 4764 est
3466 4707 3625 4763 Jesus

2032 4803 2327 4856 adventrum
2381 4819 2539 4858 suum
2585 4804 2638 4858 in
2671 4818 2857 4859 carne.
2911 4803 3017 4858 Sed
3065 4818 3188 4858 cum
3224 4804 3430 4856 veritas
3474 4811 3619 4856 esset

2034 4895 2171 4968 ipse,
2206 4897 2260 4952 in
2290 4898 2518 4954 veritate
2542 4909 2798 4968 operatus
2821 4906 2906 4954 est
2928 4912 3048 4968 quae
3069 4897 3259 4967 gessit.

2111 5084 2175 5140 V.
2196 5087 2251 5144 5.
2286 5086 2589 5144 Ordinatim
2624 5088 2717 5142 tibi
2743 5087 2989 5150 scribere,
3019 5087 3212 5150 optime
3240 5081 3546 5149 Themi/cile.

2031 5181 2098 5238 V.
2126 5180 2183 5236 4.
2205 5179 2273 5236 Ut
2301 5199 2561 5254 agnoscas
2590 5182 2656 5254 de
2685 5181 3198 5254 quibusinstrurtus
3233 5176 3389 5244 fuisti
3415 5190 3619 5228 sermo--

2564 5253 2647 5305 nib
2657 5268 2737 5316 us,
2780 5251 3070 5304 veritatem.

2032 5341 2095 5397 V.
2123 5342 2178 5399 5.
2219 5341 2346 5396 Fuit
2368 5343 2424 5397 in
2458 5343 2643 5412 diebus
2678 5342 2905 5396 Herodis
2937 5343 3074 5412 regis
3103 5338 3334 5402 Juda’u’,
3366 5337 3616 5392 sacerdos

2099 5415 2318 5484 quidam
2368 5411 2939 5484 nominealaclmrias,
2972 5411 3038 5464 de
3067 5413 3174 5484 vice
3207 5411 3338 5484 Abiu
3359 5417 3454 5484 δἐι
3478 5423 3616 5484 uxor

2090 5478 2204 5554 ejus
2233 5483 2298 5538 de
2317 5485 2530 5553 ﬁliabus
2558 5483 2764 5552 Aaron,
2786 5495 2833 5540 et
2864 5478 3052 5538 namen
3081 5483 3194 5551 ejus
3229 5478 3522 5536 Etisabetn.

2108 5739 2151 5770 ’⁷
2182 5737 2390 5796 Ccloss.
2427 5756 2485 5809 ιι,
2517 5739 2572 5796 7.
