4172 6410
516 315 625 373 519

1402 309 1972 369 SUPPLEMENTUM
2010 307 2103 365 AD
2141 307 2472 370 ORIGENIS
2508 308 2919 369 EXEGETICA.

519 437 730 502 temp’us
763 443 1119 501 praecurrere,
1135 420 1242 484 sed
1270 429 1607 498 exspectavit
1635 428 1808 483 donec
1833 428 2082 483 ministe-

2188 428 2435 501 δραμεῖν,
2464 431 2580 486 ἀλλ’
2602 432 2785 504 ἔμεινε
2827 432 3114 505 πληρῶσαι
3142 432 3241 505 τὴν
3276 431 3651 507 λειτουργίανο
3682 438 3765 494 δι-

514 523 655 576 rium
683 521 992 577 absolveret
1031 540 1044 575 :
1074 520 1277 574 docens
1298 559 1313 584 ,
1345 519 1487 587 quod
1517 527 1768 588 oporteat
1796 519 1976 573 omnia
2008 533 2094 572 se-

514 614 693 669 cundo
721 614 840 669 loco
869 611 1092 678 habere,
1132 626 1244 679 pra:
1273 611 1365 666 Dei
1397 612 1628 667 honore.
1661 609 2092 667 Prudentissimo

513 715 694 761 autem
720 704 953 761 consilio
978 704 1273 760 occultavit
1300 717 1421 759 sese
1450 703 1749 768 Elisabeth,
1771 716 1943 773 usque
1964 705 2090 757 dum

513 796 814 866 graviditas
842 795 959 865 ejus
1001 798 1221 867 patuit,
1256 811 1359 852 nec
1398 795 1492 851 ulli
1526 798 1749 852 suberat
1793 812 1882 852 res
1925 799 2091 867 tergi-

512 885 811 940 versationi
847 904 859 940 :
894 893 956 942 ut
987 902 1055 942 ex
1087 887 1278 941 auditu
1328 886 1578 943 nolentes
1630 886 1948 954 persuaderi
1995 888 2089 957 qui

510 976 629 1032 haec
660 977 955 1033 audiebant
984 1018 1001 1041 ,
1034 979 1211 1034 eidem
1241 979 1415 1049 culpa:
1438 1019 1453 1046 ,
1480 993 1584 1049 qua
1616 977 1929 1045 Zacharias,
1963 980 2092 1035 sub-

503 1068 680 1137 jectos
705 1083 827 1124 sese
861 1071 1291 1140 suspicarentur.

581 1156 1074 1229 (69)"yperbaton,
1096 1175 1190 1215 seu
1212 1160 1478 1215 sermonis
1507 1160 1793 1216 translatio
1818 1160 1889 1214 ita
1910 1174 1969 1216 se
1993 1160 2093 1214 ha-

510 1252 604 1304 bet
639 1265 655 1304 :
689 1249 887 1304 Missus
914 1261 989 1306 est
1024 1250 1240 1321 angelus
1262 1252 1331 1305 ad
1359 1252 1608 1323 virginem
1630 1256 1695 1306 de
1721 1252 1875 1305 domo
1896 1252 2087 1321 Dauid,

509 1352 560 1395 et
587 1357 773 1396 nomen
795 1343 1014 1411 virginis
1034 1340 1288 1407 Mariam,
1314 1344 1680 1413 desponsatam
1710 1345 1842 1411 uiro,
1874 1347 1959 1397 cui
1992 1362 2057 1399 no
2076 1377 2088 1386 -

508 1449 627 1487 men
647 1432 869 1503 Ioseph.
902 1433 1017 1488 Non
1050 1443 1134 1489 est
1164 1442 1343 1489 autem
1371 1436 1570 1490 missus
1600 1435 1666 1490 ad
1690 1433 1888 1505 Joseph
1928 1450 2092 1506 ange-

509 1527 614 1593 lus,
644 1528 844 1597 quippe
872 1528 1006 1582 nihil
1041 1536 1161 1581 erat
1190 1543 1477 1583 commune
1525 1525 1763 1597 Joseplto
1793 1543 1916 1581 cum
1948 1528 2092 1581 nati-

507 1619 680 1674 vitate
714 1618 927 1673 Domini
957 1636 971 1673 :
996 1619 1122 1688 quia
1170 1619 1380 1675 scilicet
1414 1635 1540 1674 cum
1590 1620 1847 1690 coepisset
1898 1634 2090 1689 pecca-

510 1719 625 1766 tum
653 1725 684 1764 a
714 1712 941 1766 muliere
963 1752 978 1775 ,
1011 1712 1091 1767 sic
1122 1720 1177 1766 et
1203 1711 1339 1766 bona
1370 1713 1657 1783 oportebat
1684 1721 1744 1765 ut
1788 1725 1819 1764 a
1862 1710 2090 1766 muliere

506 1805 910 1859 exordirentur.

506 1892 573 1950 ν.
600 1895 690 1951 54.
733 1893 879 1949 Dixit
920 1905 1095 1948 autem
1144 1893 1322 1949 Maria
1378 1895 1448 1948 ad
1486 1894 1730 1966 angelum
1767 1911 1785 1950 :
1826 1893 2088 1964 quomodo

714 1968 811 2037 erit
835 1967 975 2021 hoc!
1003 1967 1249 2035 quoniam
1268 1967 1448 2037 pirum
1480 1982 1582 2019 non
1611 1981 1885 2037 cognosco.

507 2035 571 2092 Ἴ.
604 2036 696 2090 35.
732 2034 802 2089 Et
826 2034 1091 2103 respondit
1123 2036 1486 2105 angelus,etc.

573 2125 738 2192 Illud,
764 2127 1008 2180 invenisti
1041 2128 1295 2196 gratiam,
1337 2140 1625 2181 commune
1653 2137 1792 2182 erat.
1827 2126 2090 2184 Invenere

504 2232 744 2288 namque
788 2226 915 2272 ante
954 2218 1100 2272 illam
1129 2226 1185 2273 et
1218 2217 1340 2272 alia
1379 2219 1634 2287 gratiam.
1660 2218 1815 2297 Quod
1843 2234 1976 2275 vero
2007 2220 2090 2273 di-

504 2312 607 2375 xit,
638 2310 920 2380 concipies,
945 2325 1051 2365 non
1078 2309 1315 2378 amplius
1359 2324 1652 2365 commune
1678 2320 1799 2365 erat
1822 2350 1838 2375 ,
1872 2313 1968 2366 sed
1998 2326 2088 2367 res

504 2402 765 2458 inusitata
791 2441 807 2468 ,
847 2404 1066 2473 propria
1101 2418 1166 2457 ac
1215 2401 1506 2471 singularis
1555 2401 1610 2457 in
1664 2405 2085 2474 promissionem

502 2495 750 2566 virginis.
769 2494 795 2549 1
805 2496 1022 2550 nvenisti
1037 2494 1173 2549 enim
1189 2495 1416 2564 gratiam
1439 2496 1581 2564 apud
1610 2495 1799 2550 Deum.
1830 2496 2087 2567 Propter-

501 2600 590 2651 ea,
625 2603 689 2640 ne
728 2587 935 2641 timeas.
982 2585 1365 2656 Cujuscunque
1408 2587 1553 2642 enim
1610 2587 1822 2644 timoris
1881 2587 2089 2643 ablatio

500 2686 608 2743 est,
645 2676 946 2732 Salvatoris
981 2676 1273 2733 adventus.

683 2767 747 2825 Υ.
775 2768 864 2824 '56.
889 2768 954 2824 Et
980 2784 1096 2824 ecce
1116 2768 1390 2826 Elisabeth
1423 2778 1644 2841 cognata
1660 2782 1776 2835 tua,
1799 2777 1908 2826 etc.

572 2926 792 2982 Audivit
818 2927 1157 2994 Praecursor,
1185 2937 1367 2986 motus
1398 2929 1722 2999 operatione
1754 2927 1930 2985 sancti
1959 2928 2083 2998 Spi-

503 3019 667 3082 ritus,
700 3018 883 3075 Marize
915 3019 1326 3085 salutationem,
1356 3036 1519 3085 quam
1553 3021 1917 3091 interpellavit
1946 3018 2082 3075 Ver-

2190 521 2433 588 δάσκων,
2476 525 2559 579 ὅτι
2596 525 2678 580 δεῖ
2716 527 2894 581 πάντα
2937 526 3166 599 δεύτερα
3215 528 3484 583 ποιεῖσθαι
3532 531 3633 601 τῆς
3686 533 3767 596 είς

2190 613 2321 667 Θεὸν
2347 615 2541 687 τιμῆς.
2577 618 3054 690 Οίκονομικώτατα
3079 618 3136 672 δέ
3168 620 3532 691 περιέκρυϐεν
3567 622 3768 695 ἐαυτὴν

2191 709 2225 778 ή
2266 707 2567 775 Ἐλισάϐετ,
2600 711 2707 775 tm;
2735 708 2796 767 οὗ
2822 711 3068 785 ἐγνώσθη
3112 713 3146 783 ή
3190 711 3405 785 γαστὴρ
3444 713 3636 783 αὐτῆς,
3671 714 3767 767 καὶ

2190 801 2557 873 ἀναμφίϐολον
2584 800 2654 876 ἦν
2690 805 2753 859 τὸ
2792 808 3060 877 πρᾶγμα·
3100 807 3187 861 ἵνα
3211 806 3349 875 (49Ἴ
3381 807 3439 873 ἐξ
3473 805 3644 877 ἀκοῆς
3690 807 3765 878 μὴ

2192 892 2504 966 βουλόμενοι
2531 897 2819 969 πεισθῆναι
2854 901 2903 952 οἱ
2951 898 3241 963 ἀκούοντες
3260 898 3455 960 ταῦτα,
3515 899 3595 971 τῷ
3619 898 3767 972 αὐτῷ

2190 987 2495 1061 ἐγκλήματι
2517 991 2951 1061 ὑποπτεύσωσιν,
2991 986 3037 1062 ᾧ
3069 992 3164 1048 καὶ
3189 993 3484 1064 Ζαχαρίας.

2260 1168 2335 1224 T6
2367 1168 2673 1242 ὑπερϐατὸν
2694 1169 2868 1235 οὕτως
2893 1168 3006 1242 ἔχει
3028 1187 3042 1202 ·
3089 1168 3426 1239 Ἀπεοντὰλη
3453 1174 3487 1226 ό
3510 1170 3765 1242 ἅγγελος

2189 1261 2340 1331 πρὸς
2359 1263 2659 1331 παρθένον
2682 1263 2753 1327 ἐξ
2778 1264 2948 1318 οἴκου
2969 1263 3168 1328 Δαυῒδ,
3206 1264 3303 1317 καὶ
3337 1264 3405 1318 τὸ
3438 1264 3625 1334 ὄνομα
3657 1263 3765 1332 τῆς

2189 1350 2486 1421 παρθένου
2545 1353 2779 1422 Μαριὰμ
2799 1395 2815 1420 ,
2864 1354 3402 1423 μεμνηστευμένην
3454 1354 3626 1424 ἀνδρὶ
3656 1395 3671 1421 ,
3716 1347 3768 1423 ᾧ

2191 1443 2380 1514 ὄνομα
2432 1444 2665 1515 Ἰωσήφ.
2715 1446 2830 1499 Οὐκ
2878 1446 3159 1518 ἀπεστάλη
3211 1446 3269 1500 δέ
3316 1446 3455 1518 πρὸς
3497 1447 3693 1521 Ἰωσὴφ
3734 1448 3767 1503 6

2188 1534 2418 1605 ἄγγελος
2435 1553 2449 1567 ·
2485 1537 2671 1607 ἐπειδὴ
2697 1537 2850 1591 οὐδὲν
2874 1532 2943 1609 ἦν
2974 1537 3149 1590 κοινὸν
3173 1536 3252 1608 τῷ
3284 1537 3481 1609 Ἰωσὴφ
3507 1539 3643 1610 πρὸς
3666 1538 3766 1612 τὴν

2188 1627 2283 1682 τοῦ
2312 1628 2519 1701 Κυρίου
2547 1629 2822 1701 γέννησιν.
2870 1630 2960 1694 Ὧς
2990 1629 3054 1701 δή
3081 1629 3395 1702 ἀρξαμένης
3437 1631 3537 1701 τῆς
3580 1632 3763 1704 ἀμαρ-

2188 1722 2310 1785 τίας
2337 1720 2447 1775 ἀπὸ
2468 1721 2747 1790 γυναικὸς,
2772 1720 2915 1776 οὕτω
2941 1722 3035 1776 καὶ
3060 1722 3130 1775 τὰ
3160 1721 3340 1792 ἀγαθά
3379 1724 3489 1778 ἀπὸ
3509 1724 3765 1793 γυναικὸς

2119 1783 2162 1839 Β
2192 1783 2302 1867 ἔδει
2332 1783 2601 1885 ἄρξασθαι

2189 1906 2337 1979 Στίχ.
2367 1906 2462 1959 λδν.
2488 1903 2637 1979 Elite
2654 1907 2723 1960 δὲ
2746 1907 2981 1979 Μαριὰμ
3014 1907 3163 1979 πρὸς
3193 1908 3301 1963 τὸν
3325 1908 3605 1979 ἄγγελον·
3633 1907 3766 1979 Πῶς

2293 1977 2465 2050 ἕοζται
2495 1977 2709 2050 τοῦτος
2738 1978 2867 2032 ἐπεὶ
2902 1980 3012 2050 τὸν
3040 1977 3231 2050 ἄνδρα
3257 1982 3329 2034 οὐ
3363 1977 3656 2050 γινώσκω.

2187 2045 2337 2116 Στίχ.
2364 2046 2457 2099 λε’.
2501 2048 2611 2102 Καὶ
2654 2049 2997 2116 ἀποκριθεὶς
3025 2052 3058 2102 ό
3085 2045 3483 2118 ἇΤτ-ελοςίκαὶ
3514 2052 3583 2105 τὰ
3613 2049 3761 2121 ἐεῆς.

2256 2138 2351 2202 Τὸ,
2377 2134 2555 2208 εὗρες
2581 2139 2778 2209 χάριν,
2810 2141 2988 2196 κοινὸν
3011 2136 3101 2213 ἦν.
3136 2136 3307 2213 Εὗρον
3334 2141 3443 2213 γάρ
3465 2142 3573 2214 πρὸ
3594 2142 3766 2212 αὐτῆς

2188 2231 2281 2285 καὶ
2332 2231 2490 2286 ἀλλαι
2533 2233 2717 2303 χάριν.
2764 2231 2839 2286 Τὸ
2880 2232 2925 2287 δ’
2962 2235 3156 2299 εἰπεῖν,
3213 2232 3534 2302 cunmm,
3582 2232 3764 2286 οὐκέτι

2188 2322 2367 2374 κοινὸν
2388 2318 2480 2393 ἦν,
2511 2322 2625 2377 ἀλλ’
2658 2322 2859 2386 ἰδιάζον
2880 2323 2962 2386 είς
2984 2323 3318 2391 ἐπαγγελίαν
3339 2322 3592 2394 παρθένῳ
3615 2320 3766 2387 ξένον

2187 2415 2440 2486 πρᾶγμα.
2479 2410 2671 2484 Εὗρες
2699 2414 2809 2485 γὰρ
2842 2413 3017 2485 χάριν
3047 2414 3205 2483 παρὰ
3241 2412 3322 2479 τῷ
3349 2413 3490 2479 Θεῷ.
3522 2414 3633 2477 Διὸ,
3677 2412 3764 2484 μὴ

2185 2505 2392 2572 φοϐοῦ.
2432 2503 2642 2567 Παντὸς
2663 2503 2773 2575 γάρ
2801 2503 2967 2572 φόϐου
2998 2502 3289 2574 ἀφαίρεσις
3324 2505 3359 2575 ή
3391 2501 3485 2557 τοῦ
3512 2502 3764 2574 Σωτῆρος

2186 2593 2467 2665 ἐπιδημία.

2186 2772 2335 2843 Στίχ.
2360 2771 2470 2837 λς’.
2500 2772 2611 2826 Καὶ
2639 2770 2769 2827 ιδοὺ
2788 2771 2859 2895 x11
2859 2770 3197 2908 {Effigies
3219 2771 3259 2839 ἠ
3283 2769 3589 2841 συγγενής
3622 2782 3763 2834 σου,

3093 2882 3105 2908 ,
3142 2879 3159 2896 .

3093 2879 3159 2912 ιν

2260 2932 2372 3006 (51)
2404 2932 3069 3006 Ἦκουσενὸῐῐρόδρομος,
3103 2933 3171 3004 τῇ
3200 2932 3452 3004 ἐνεργείᾳ
3476 2931 3571 2985 τοῦ
3605 2931 3763 3000 ἁγίου

2186 3025 2505 3097 ῐῐνεύματος
2549 3025 2887 3097 κινούμενος,
2938 3025 3029 3078 τὸν
3077 3024 3371 3095 ἀσπασμὸν
3416 3024 3656 3095 Μαρίας,
3704 3023 3764 3077 δν

499 3109 628 3163 bum
662 3109 754 3165 Dei
788 3111 1063 3175 Christus,
1110 3120 1166 3167 et
1193 3111 1502 3167 exsultabat
1533 3111 1588 3166 in
1615 3113 1812 3182 gaudio
1838 3113 1891 3167 in
1926 3122 2082 3169 utere

2188 3115 2455 3169 ὑπέλαϐεν
2496 3117 2525 3167 6
2556 3115 2729 3184 Λόγος
2760 3114 2854 3170 τοῦ
2887 3114 3022 3169 Θεοῦ
3054 3117 3084 3169 6
3121 3115 3377 3187 Χριστὸς,
3418 3116 3511 3169 καὶ
3538 3115 3764 3186 ἐσκίρτα

500 3202 732 3267 matris,
785 3204 851 3258 ad
912 3205 1311 3259 ostendendam
1366 3204 1599 3274 gratiam
1647 3204 2087 3278 innuendamque

500 3293 867 3363 prophetiam.
899 3293 1071 3359 Quasi
1114 3297 1261 3349 enim
1292 3309 1358 3349 ex
1391 3310 1457 3350 co
1503 3296 1766 3365 temporis
1808 3307 2086 3353 momento

501 3385 668 3453 cmpit
690 3399 814 3439 eum
847 3386 1171 3454 prophetam
1208 3385 1391 3440 facere
1414 3385 1577 3441 Jesus
1601 3426 1617 3450 ,
1651 3386 1979 3443 intrinsecus
2008 3387 2083 3442 illi

502 3475 769 3529 exhibens
801 3475 1045 3545 mysterii
1073 3474 1524 3531 declarationem.
1550 3475 1817 3543 Quoniam
1847 3491 1978 3532 vero
1997 3478 2090 3532 da-

504 3575 619 3619 tum
650 3580 756 3621 nun
783 3575 868 3621 est
898 3565 1197 3623 infantibus
1230 3569 1283 3623 in
1317 3578 1473 3624 utero
1508 3568 1895 3626 exsistentibus
1917 3571 2086 3640 loqui,

504 3666 726 3723 propter
757 3658 1236 3726 immaturitatent;
1266 3660 1543 3715 festinanti
1601 3659 1855 3729 Baptista!
1876 3678 2090 3717 annun—

384 3813 393 3821 ο
504 3749 642 3804 tiare
661 3749 1073 3819 Redemptorem
1089 3752 1450 3807 commodavit
1466 3762 1641 3808 mater
1658 3753 1907 3824 corporis
1924 3769 2088 3824 orga—

505 3854 656 3895 num.
688 3839 806 3896 Non
853 3842 999 3897 enim
1047 3841 1253 3913 Spiritu
1289 3855 1479 3899 sancto
1527 3855 1683 3900 antea
1716 3845 1953 3915 repletus
1976 3856 2082 3911 est,

503 3947 665 4003 quam
681 3934 895 3990 adesset
909 3949 1028 4003 qua:
1042 3945 1200 3991 utero
1216 3937 1459 4005 gestabat
1471 3937 1936 3995 Christum.Prius
1955 3955 2088 3994 vero

505 4023 684 4080 infans
701 4024 934 4094 repletus
948 4036 1031 4081 est
1047 4026 1329 4095 Spiritu,et
1345 4028 1670 4095 exsultabat;
1690 4044 1756 4085 ac
1768 4045 1929 4100 porro
1946 4032 2090 4086 dein-

503 4130 632 4183 ceps
672 4118 831 4172 matri
868 4119 1304 4188 communicavit,
1337 4121 1785 4193 exclamabatque
1830 4125 2088 4179 vaticinia

504 4207 1037 4281 Blisabetb,propter
1059 4212 1338 4279 infantem,
1372 4229 1534 4284 quem
1566 4216 1620 4270 in
1653 4223 1809 4272 utero
1844 4218 2085 4287 gerebat.

576 4296 854 4368 Ejusdem.
901 4299 1138 4371 Populus
1192 4303 1409 4373 quidem
1443 4319 1547 4361 non
1593 4304 1815 4376 agnovit
1838 4305 2088 4361 Salvato-

2188 3211 2246 3262 ἐν
2269 3207 2592 3278 ἀγαλλιάσει
2619 3209 2677 3262 ἐν
2705 3211 2773 3279 τῇ
2803 3207 2982 3278 κοιλία
3009 3208 3108 3278 τῆς
3159 3208 3385 3279 μητρὸς,
3419 3209 3501 3272 είς
3525 3207 3765 3278 ἔμφασιν

2185 3298 2360 3367 χαρᾶς
2405 3296 2503 3349 καὶ
2545 3296 2885 3367 προφητείας
2923 3295 3175 3367 δήλωσιν.
3228 3296 3404 3351 Οίονεὶ
3436 3296 3546 3368 γὰρ
3578 3296 3765 3351 ἔκτοτε

2187 3382 2352 3437 αὐτὸν
2372 3382 2577 3454 ήρξατο
2612 3385 2902 3456 προφήτην
2919 3387 3093 3438 ποιεῖν
3120 3387 3149 3439 6
3186 3385 3413 3455 Ἰησοῦς,
3450 3385 3599 3441 ἔνδον
3615 3385 3766 3457 αὐτῷ

2188 3474 2487 3548 παρασχὼν
2527 3474 2621 3529 τοῦ
2681 3476 2981 3548 μυστηρίου
3023 3476 3121 3548 τὴν
3157 3478 3408 3550 δήλωσιν.
3452 3477 3671 3550 Ἐπειδὴ
3705 3476 3764 3533 δὲ

2188 3567 2289 3620 οὐκ
2313 3565 2482 3620 ἔδωκε
2508 3566 2689 3621 λαλεῖν
2708 3570 2822 3632 τοῖς
2846 3566 3111 3640 ἐμϐρύοις
3143 3568 3232 3622 διὰ
3252 3569 3312 3622 τὸ
3342 3570 3544 3640 ἀωρον,
3571 3567 3764 3626 ,σπεύ-

2186 3658 2328 3713 δοντι
2344 3658 2422 3731 τῷ
2449 3661 2723 3731 Βαπτιστῇ
2756 3660 2988 3732 κηρύξαι
3010 3661 3101 3714 τὸν
3126 3661 3439 3734 Δατρωτήν,
3469 3661 3699 3733 ἔχρησεν
3728 3662 3765 3734 ή

2192 3754 2375 3822 μήτηρ
2416 3750 2510 3804 τοῦ
2558 3751 2811 3823 σώματος
2860 3753 3121 3825 ὄργανον·
3169 3755 3232 3807 οὐ
3284 3754 3394 3826 γάρ
3452 3753 3766 3824 Πνεύματος

2190 3841 2344 3910 ἁγίου
2373 3843 2638 3914 πρότερον
2665 3843 2994 3915 ἐνεπλήσθη,
3028 3840 3160 3915 πρὶν
3184 3848 3468 3916 ἐπιστῆναι
3498 3846 3600 3916 τὴν
3639 3860 3768 3897 κυο-

2190 3932 2505 4002 φορήσασαν
2534 3932 2789 4004 Χριστόν.
2825 3933 3050 4005 Πρῶτον
3082 3933 3139 3988 δέ
3161 3935 3223 3988 τὸ
3244 3935 3442 4006 βρέφος
3464 3933 3768 4007 ἐττληροῦτο

2190 4021 2527 4091 Πνεύματος,
2569 4024 2663 4076 καὶ
2711 4024 2969 4095 ἐσκίρταο
3012 4025 3106 4079 καὶ
3142 4022 3239 4079 εἷθ’
3265 4024 3441 4090 οὕτως
3471 4029 3538 4098 τῇ
3596 4027 3766 4097 μητρὶ

2193 4114 2485 4185 μετεδίδου,
2521 4116 2615 4168 καὶ
2648 4114 2847 4169 ἀνεϐόα
2876 4117 3189 4187 προφητικά
3211 4119 3245 4188 ή
3278 4117 3560 4172 Ἐλισάϐετ
3593 4118 3682 4172 διά
3703 4118 3768 4172 τὸ

2190 4208 2624 4280 κυοφορούμενον
2655 4210 2713 4261 ἐν
2734 4210 2874 4280 αὐτῇ
2900 4209 3116 4280 βρέφος.

2264 4298 2375 4353 Τοῦ
2400 4298 2610 4356 αὐτοῦ.
2645 4301 2704 4353 Ὁ
2727 4301 2826 4371 μὲν
2853 4300 2979 4364 λαὸς
3007 4301 3108 4355 οὐκ
3136 4296 3245 4356 οἶδε
3275 4300 3368 4355 τὸν
3395 4301 3629 4375 Σωτῆρα
3648 4320 3770 4357 ποι-

504 4403 617 4445 rem
669 4390 958 4447 facientem
999 4396 1152 4464 signa
1191 4404 1355 4464 atque
1405 4397 1651 4467 prodigia
1684 4417 1697 4453 :
1734 4409 1794 4453 at
1842 4398 2084 4453 Joannes

2190 4389 2353 4443 οὖντα
2394 4393 2598 4461 σημεῖα
2630 4392 2724 4444 καὶ
2757 4391 2992 4462 τέραταο
3022 4393 3052 4445 6
3080 4391 3137 4445 δὲ
3183 4392 3434 4463 Ἰωάννης
3463 4392 3543 4446 ἐτι
3584 4395 3643 4447 ἐν
3695 4396 3765 4466 τῇ

504 4483 682 4537 adhuc
711 4483 764 4537 in
824 4494 982 4539 utero
1031 4460 1811 4558 positus-exstt-ltat,vqnando
1861 4492 2083 4547 advenit

2188 4481 2361 4555 κοιλίᾳ
2376 4460 2694 4554 ὣνσκιρτᾷ,
2715 4460 2877 4553 ήνίκα
2904 4477 3069 4554 ἦλθεν
3102 4484 3135 4555 ή
3163 4485 3347 4556 μήτηρ
3380 4460 3576 4556 Ἰησοῦ.
3609 4460 3766 4540 Ἰδοὗ

504 4582 680 4629 mater
704 4574 853 4630 Jesu.
885 4574 1019 4631 Ecce
1047 4578 1209 4643 enim,
1238 4579 1432 4648 inquit.
1467 4591 1519 4633 ut
1563 4580 1665 4650 fuit
1710 4582 1962 4637 salutalio
1986 4594 2081 4637 tua

503 4665 561 4719 in
594 4667 817 4721 auribus
848 4669 1001 4734 meis,
1028 4669 1311 4724 exsultavit
1343 4670 1522 4739 infans
1548 4673 1604 4726 in
1631 4674 1826 4741 gaudio
1847 4674 1903 4728 in
1932 4683 2081 4729 utero

499 4770 619 4810 meo
644 4754 711 4809 ⁸³.

575 4844 888 4917 Oportebat,
929 4848 1169 4906 utbeata
1202 4851 1319 4907 haec
1350 4851 1574 4909 Mariam
1601 4892 1620 4917 ,
1657 4862 1779 4923 post
1808 4853 2083 4912 Gabrielis

507 4937 823 5006 adventum,
878 4942 1222 4997 ascendendo
1266 4944 1587 4999 ascenderet
1636 4945 1691 4999 in
1745 4955 2079 5003 montanam.

506 5028 643 5082 Cum
677 5028 1030 5087 festinatione
1082 5042 1269 5089 autem
1311 5032 1790 5104 proﬁciscebatur,
1822 5036 1985 5091 ducta
2014 5040 2084 5093 ab

508 5133 601 5183 eo,
636 5121 727 5189 qui
762 5122 817 5176 in
862 5124 978 5192 ipsa
1029 5133 1150 5179 erat
1193 5124 1422 5195 Spiritu,
1451 5125 1544 5195 qui
1575 5137 1967 5195 supervenerat
2009 5128 2084 5196 ei,

509 5221 672 5282 atque
694 5232 724 5268 a
760 5217 958 5272 virtute
984 5217 1253 5274 Altissimi
1281 5219 1640 5273 obumbrante
1676 5219 1749 5276 ei.

581 5305 1041 5372 Quemadmodum
1083 5318 1323 5380 cmperat
1345 5319 1627 5380 peccatum
1660 5325 1693 5366 a
1724 5308 1952 5366 muliere
1974 5351 1992 5378 ,
2026 5323 2083 5369 et

589 5416 635 5449 ³³
664 5416 799 5473 Luc.
829 5434 870 5486 ι,
886 5419 977 5475 44.

573 5507 689 5582 (69)
706 5579 713 5582 Α
730 5509 900 5582 V_ulgo
927 5513 1187 5582 syntaxis,
1218 5517 1560 5581 constructio,
1585 5515 1875 5572 ordinatio.

750 5579 910 5668 Forte
936 5579 1237 5668 addendum
1258 5585 1359 5668 μή,
1390 5596 1444 5639 et
1469 5579 1628 5668 paulo
1655 5598 1776 5657 post
1798 5588 2082 5659 legendum

514 5648 861 5705 ὐποπίσωσιν
889 5651 1005 5707 loco
1033 5648 1483 5709 ὑποπτεῦσωσιν.’
1499 5648 1659 5710 Eutr.

593 5718 706 5793 (50)
742 5720 872 5780 Vide
898 5722 1037 5780 infra
1069 5726 1137 5780 ad
1161 5739 1298 5780 vers.
1336 5725 1404 5781 56
1432 5727 1486 5781 in
1517 5727 1641 5781 line.

2182 4573 2312 4643 γὰρ,
2347 4575 2533 4645 φησὶν,
2569 4574 2650 4642 ὡς
2690 4573 2927 4646 ἐγένετο
2961 4577 2994 4629 ὀ
3032 4575 3357 4645 ἀσπασμός
3394 4594 3512 4631 σου
3557 4581 3645 4645 εις
3691 4579 3765 4633 τὰ

2180 4661 2302 4721 ὧτά
2318 4683 2459 4735 μου,
2492 4666 2818 4737 ἐσκίρτησε
2849 4666 2915 4720 τὸ
2945 4666 3176 4737 ,ϐρέφος
3211 4668 3282 4722 ἐν
3313 4668 3668 4743 (ἀγαλλιάσει
3694 4670 3768 4724 ἐν

2182 4758 2258 4828 τῆ
2280 4760 2476 4827 κοιλίᾳ
2496 4777 2639 4829 μου.

2255 4852 2369 4924 (52)
2391 4852 2541 4906 Ἔδει
2574 4851 2673 4923 τὴν
2689 4850 2968 4924 μακαρίαν
2996 4850 3199 4923 ταύτην
3221 4851 3473 4925 Μαριὰμ,
3503 4853 3642 4924 μετά
3665 4853 3768 4925 τὴν

2188 4944 2281 4998 τοῦ
2320 4944 2560 5017 Γαϐριὴλ
2596 4945 2913 5016 ἐπιδημίαν,
2944 4946 3340 5001 ἀναϐαίνουσαν
3363 4946 3630 5019 ἀναϐῆναι
3670 4948 3769 5003 ἐπὶ

2188 5037 2287 5108 τὴν
2324 5037 2561 5109 ὀρεινήν.
2604 5036 2761 5089 Μετά
2809 5035 3043 5108 σπουδῆς
3088 5036 3146 5090 δὲ
3183 5037 3476 5109 ἐπορεύετο
3517 5039 3767 5110 ἀγομένη

2192 5128 2297 5181 ὑπὸ
2326 5126 2422 5182 τοῦ
2449 5129 2509 5180 ἐν
2540 5128 2678 5198 αὐτῇ
2708 5125 3042 5197 Πνεύματος,
3072 5126 3102 5182 δ
3126 5127 3449 5200 ἐπεληλύθει
3473 5130 3633 5201 αὐτῇ,
3670 5132 3768 5184 καὶ

2190 5219 2292 5291 τῆς
2337 5218 2623 5290 δυνάμεως
2652 5217 2749 5271 τοῦ
2782 5218 3064 5288 Ὑψίστου,
3098 5219 3199 5290 τῆς
3243 5221 3574 5291 ἐπισκιάσης
3600 5221 3765 5292 αὐτῇ.

2264 5312 2376 5383 (55)
2411 5311 2621 5381 Ὠσπερ
2648 5309 2906 5382 ήρξατοή
2934 5310 3177 5383 ἁμαρτία
3207 5310 3317 5366 ἀπὸ
3352 5312 3634 5380 γυναικὸς,
3667 5313 3770 5367 καὶ

2268 5520 2383 5590 (5|)
2424 5518 2664 5590 ’Δνεπιγ.
2699 5514 2900 5573 Confer
2930 5526 3167 5574 veterem
3198 5515 3262 5572 Ι).
3316 5514 3542 5574 Hieron.
3590 5516 3769 5573 inter-

2192 5589 2504 5665 pre_t_.‘0riAg.
2546 5589 2690 5642 hom.
2723 5603 2819 5643 vtt.

2258 5660 2373 5727 (52)
2413 5658 2583 5729 Ὠριγ.

2262 5726 2377 5801 (55)
2429 5726 2670 5797 ’Ᾱνεπιγκ
2700 5726 2832 5787 Vide
2854 5742 3017 5801 supra
3041 5727 3110 5787 ad
3132 5727 3335 5787 calcem
3366 5741 3511 5785 vers.
3536 5726 3629 5781 27.
