4172 6388
337 392 437 448 521

1621 386 1914 444 SCHOLIA
1957 387 2025 444 IN
2065 384 2326 443 LUCAM.

3533 393 3643 449 322

341 509 480 582 με.τά
513 507 673 564 τοῦτο
719 509 957 580 ἔφθασεν
1003 508 1098 562 ἐπὶ
1150 508 1244 562 τὸν
1288 507 1460 581 ἄνδρα
1486 525 1498 538 ·
1533 508 1678 562 οὓτω
1727 508 1822 562 καὶ
1867 507 1931 561 τὰ

2041 517 2229 578 postea
2273 505 2540 563 derivavit
2569 504 2624 560 in
2670 507 2849 562 virum
2885 525 2899 562 :
2935 506 3016 562 sic
3054 518 3112 562 et
3146 507 3290 564 bona
3327 523 3357 564 a
3387 507 3639 564 mulieri-

339 603 525 674 ἀγαθὰ
559 603 668 656 άπὸ
696 601 806 657 τῶν
835 602 1113 671 γυναικῶν
1142 599 1367 672 ήρξατο,
1403 601 1471 654 ἶν’
1501 602 1932 674 άπεντραπῶσιν

337 697 394 748 αἱ
425 696 684 764 γυναῖκες
713 693 810 764 τὴν
843 692 1126 746 ἀσθένειαν
1146 731 1161 755 ,
1197 692 1292 744 καὶ
1331 691 1400 745 τά
1425 693 1712 760 γυναικεῖα
1738 689 1937 743 ἀποθέ-

340 803 522 859 μεναι,
559 783 848 855 ζηλώσωσι
875 785 1002 847 τοὺς
1042 785 1192 854 βίους
1219 783 1327 837 τῶν
1375 783 1663 854 μακαρίων
1702 781 1930 836 τούτων.

337 879 488 952 Στίχ.
511 884 624 950 μγ’.
665 877 780 932 Καὶ
814 877 1003 952 πόρεν
1016 894 1120 946 μοι
1158 877 1336 952 τοῦτο
1354 874 1572 952 δῆλον,
1592 875 1695 928 ἵνα
1719 874 1870 944 ἔλθῃ
1895 875 1933 944 ή

835 947 1058 1016 μήτηρ.
1087 948 1181 1000 καὶ
1214 948 1284 1001 τὰ
1318 945 1464 1017 ἑξῆς.

415 1039 524 1095 Τοῦ
546 1039 755 1093 αὑτοῦ.
786 1038 1061 1109 Σύμφωνα
1087 1037 1166 1109 τῷ
1195 1037 1298 1109 υἱῷ
1326 1037 1623 1106 φθέγγεται
1647 1037 1681 1106 ἡ
1720 1035 1936 1089 Ἐλισά-

341 1133 470 1198 ὁετ,
512 1131 741 1196 ἀναξίαν
785 1132 986 1203 ἑαυτὴν
1033 1131 1132 1201 τῆς
1187 1129 1495 1200 παρουσίας
1531 1127 1634 1197 τῆς
1669 1127 1936 1180 Θεοτόκου

340 1223 594 1292 λέγουσα,
621 1223 811 1292 ὥσπερ
840 1221 935 1275 καὶ
975 1220 1232 1292 Ἰωάννης
1259 1220 1358 1290 τῆς
1393 1218 1532 1290 πρὸς
1569 1217 1664 1271 τὸν
1698 1217 1936 1288 Χριστὸν

341 1315 761 1386 παραστάσεως.
798 1313 862 1366 Τί
889 1314 999 1386 γάρ
1035 1330 1150 1384 μοι,
1188 1312 1343 1382 φησὶ,
1375 1309 1695 1382 τηλικοῦτον
1723 1310 1938 1381 πέπρα-

341 1423 466 1458 κται
502 1404 727 1474 ἀγαθὸν,
759 1404 847 1456 ἵνα
875 1405 908 1474 ἡ
941 1404 1123 1475 μήτηρ
1148 1402 1243 1455 τοῦ
1273 1401 1482 1472 Κυρίου
1515 1417 1616 1472 μου
1639 1400 1770 1474 ἔλθῃ
1798 1400 1937 1471 πρός

343 1513 445 1567 με;
479 1496 708 1566 Μητέρα
741 1493 896 1549 καλεῖ
919 1495 1018 1564 τὴν
1051 1493 1131 1546 ἔτι
1167 1491 1460 1562 παρθένον,
1493 1491 1771 1560 φθάνουσα
1805 1507 1938 1560 προ-

341 1588 556 1659 φητικῷ
600 1588 746 1658 λόγῳ
795 1586 896 1658 τὴν
953 1585 1201 1639 ἔκϐασιν.
1254 1584 1387 1637 Θεία
1416 1584 1513 1654 μὲν
1541 1579 1634 1636 οὖν
1655 1582 1939 1652 οἰκονομία

337 1681 438 1754 τὴν
476 1680 784 1752 μαρτυρίαν
826 1680 1000 1750 ἤγαγε
1050 1677 1187 1749 πρὸς
1235 1677 1334 1746 τὴν
1380 1675 1688 1739 Ἐλισάὸετ,
1721 1674 1808 1728 ἵνα
1843 1674 1938 1726 καὶ

339 1777 375 1848 ἠ
413 1775 690 1847 μαρτυρία
733 1774 984 1828 Ἰωάννου
1025 1773 1088 1824 ἐκ
1128 1771 1345 1842 μήτρας
1375 1771 1456 1833 είς
1485 1768 1578 1822 τὸν
1613 1768 1820 1840 Κύριον
1848 1766 1939 1820 διὰ

2037 601 2140 656 bus
2171 601 2444 671 incepere,
2473 608 2533 653 ut
2560 601 2906 670 despicerent
2939 601 3200 657 mulieres
3234 602 3634 670 infirmitatem,

2036 702 2093 748 et
2119 706 2240 762 qua:
2275 691 2558 746 muliebria
2586 701 2715 748 sunt
2739 693 3095 761 deponentes,
3134 692 3527 749 aemularentur
3555 695 3638 749 vi-

2038 792 2124 839 tas
2156 785 2346 838 horum
2377 785 2684 839 beatorum.

2111 875 2181 932 ν.
2210 875 2304 930 45.
2339 873 2406 930 Et
2438 877 2578 930 unde
2617 877 2715 930 hoc
2750 876 2882 930 mihi
2912 878 3276 948 manifestum,
3305 888 3360 933 ut
3388 877 3565 934 veniat

2671 958 2858 1012 mater,
2889 959 2997 1004 etc.

2114 1039 2392 1110 Ejusdem.
2439 1038 2810 1094 Consonantia
2859 1056 2982 1096 cum
3020 1042 3131 1097 lilio
3183 1043 3426 1111 loquitur
3458 1040 3637 1096 Elisa-

2039 1132 2192 1198 belli,
2222 1131 2496 1202 indignam
2545 1146 2605 1186 se
2647 1133 2882 1187 adventu
2919 1133 3157 1203 deiparaa
3189 1135 3410 1200 dicens;
3438 1149 3631 1204 quem-

2041 1225 2332 1280 admodum
2366 1234 2421 1278 et
2453 1222 2693 1278 Joannes
2727 1224 3003 1294 indignum
3033 1242 3093 1282 se
3113 1228 3331 1282 dicebat
3360 1228 3452 1296 qui
3481 1225 3637 1281 Chri-

2040 1327 2126 1372 sto
2151 1317 2450 1372 assisterel.
2485 1316 2771 1383 Quodnam
2803 1319 2948 1372 enim
2981 1320 3136 1384 mihi,
3168 1320 3263 1388 ait,
3295 1331 3403 1374 tam
3428 1321 3635 1391 grande

2041 1408 2242 1463 factum
2274 1419 2359 1464 est
2394 1409 2618 1472 bonum,
2649 1419 2705 1464 ut
2742 1419 2917 1463 mater
2962 1411 3177 1467 Domini
3214 1413 3318 1467 mei
3353 1413 3536 1466 veniat
3564 1412 3632 1466 ad

2041 1501 2176 1556 me?
2224 1499 2456 1556 Matrem
2488 1513 2688 1568 vocat,
2724 1518 2845 1573 quae
2877 1506 3057 1559 adhuc
3096 1505 3252 1573 virgo
3287 1513 3448 1570 erat,
3499 1514 3628 1558 ante

2039 1607 2309 1663 occupans
2348 1597 2671 1665 prephetico
2700 1611 2955 1651 sermone
2989 1606 3270 1651 eventum.
3302 1597 3496 1651 Divina
3525 1596 3629 1665 igi-

2041 1694 2131 1739 tur
2160 1687 2495 1754 dispensatio
2547 1687 2920 1742 testimonium
2956 1687 3087 1741 fecit
3138 1687 3279 1756 apud
3324 1686 3630 1748 Elisabeth.

2040 1783 2102 1827 ut
2126 1771 2293 1828 etiam
2344 1775 2714 1830 testiinonium
2757 1775 2984 1832 Joannis
3015 1792 3084 1830 ex
3120 1791 3276 1832 utero
3308 1779 3375 1831 de
3404 1778 3632 1833 Domino

337 1869 437 1940 τῆς
487 1868 621 1931 ἰδίας
656 1867 863 1938 μητρὸς
904 1863 1186 1918 Ἐλισάϐετ
1232 1861 1651 1934 πληροφορηθῇ,
1702 1861 1797 1914 καὶ
1849 1861 1931 1914 ἵνα

2038 1877 2135 1932 per
2187 1864 2464 1933 propriam
2526 1875 2757 1920 matrem
2830 1865 3200 1922 Elisabetham
3259 1867 3629 1924 certissimum

342 1959 482 2014 κατὰ
514 1960 613 2032 τὴν
639 1958 734 2012 τοῦ
765 1957 1000 2027 ἀγγέλου
1020 1955 1202 2027 φωνὴν
1227 1955 1469 2026 ὀψομένη
1490 1953 1590 2024 τὴν
1629 1952 1932 2016 Ἐλισάὸετ,

340 2052 435 2106 καὶ
466 2051 528 2104 τὸ
560 2051 618 2103 ἐν
649 2051 788 2120 αὐτῇ
821 2048 1124 2120 παράδοξον
1158 2046 1370 2117 κύημα,
1396 2045 1486 2098 διὰ
1526 2043 1720 2097 τούτου
1755 2043 1851 2096 καὶ
1874 2043 1936 2096 τὸ

341 2143 526 2214 μεῖζον
547 2142 832 2212 πιστεύσῃ,
848 2139 1096 2192 τουτέστι
1123 2139 1213 2193 τὸν
1235 2137 1293 2204 ἐξ
1316 2137 1486 2206 αὐτῆς
1510 2153 1652 2206 φημι
1673 2135 1776 2205 τῆς
1797 2151 1938 2206 παρ-

341 2233 496 2287 θένου
527 2233 768 2304 ἄσπορον
808 2231 1048 2284 τοκετόν.
1077 2230 1189 2282 Καὶ
1221 2227 1506 2298 συντρέχει
1539 2227 1679 2298 πρὸς
1709 2225 1809 2298 τὴν
1847 2227 1937 2279 πί-

341 2343 460 2380 στιν
484 2324 690 2396 ταύτην
721 2323 816 2377 καὶ
849 2325 878 2376 ό
910 2321 1066 2390 λόγος
1092 2323 1120 2375 ὁ
1140 2320 1239 2392 τῆς
1285 2318 1588 2381 Ἑλισάὸετ,
1634 2317 1930 2388 λεγούσης·

339 2419 450 2474 Καὶ
479 2417 745 2488 μακαρία
768 2417 804 2483 ἡ
852 2416 1261 2478 πιστεύσασα,
1295 2411 1385 2464 ὅτι
1423 2411 1596 2465 ἕσται
1626 2410 1936 2476 τελείωσις

339 2511 464 2577 τοῖς
485 2507 927 2577 λελαλημένοις
944 2506 1102 2574 αὐτῇ
1133 2503 1294 2572 παρὰ
1313 2503 1560 2572 Κυρίου.
1602 2501 1935 2572 Βεδαιοτέρα

337 2601 448 2672 γὰρ
473 2601 611 2672 πρὸς
634 2599 731 2671 τὴν
757 2599 943 2652 πίστιν
975 2600 1039 2651 ἐκ
1067 2596 1273 2650 τούτων
1294 2595 1505 2664 ἐγίνετο
1527 2595 1637 2648 τῶν
1671 2595 1936 2666 ῥημάτων

338 2694 373 2764 ὴ
409 2690 698 2764 παρθένος,
733 2689 1174 2762 μακαριζομένη,
1212 2689 1297 2741 ὅτι
1323 2687 1668 2751 ἐπίστευσεν,
1699 2686 1932 2755 ἀγγέλου

337 2800 398 2838 τε
420 2782 909 2856 προσημαίνοντος,
939 2780 1034 2834 καὶ
1063 2780 1164 2850 τῆς
1183 2777 1500 2848 συγγενίδος
1533 2778 1934 2849 παραπλησίως

338 2873 811 2948 προφητευούσης.

414 2967 526 3022 Τοῦ
563 2965 771 3021 αὐτοῦ.
804 2963 1032 3035 Ἴδωμεν
1081 2961 1270 3018 λοιπὸν
1327 2961 1666 3034 παρθενικὴν
1718 2978 1934 3034 προφη-

338 3060 510 3115 τείαν.

373 3152 523 3224 Στίχ.
563 3156 678 3223 μςδ.
712 3149 1050 3220 Μεγαλύνει
1080 3148 1118 3216 ἠ
1151 3146 1326 3218 ψυχή
1351 3164 1472 3217 μου
1513 3145 1623 3199 τὸν
1648 3146 1891 3214 Κυριον.

2037 1956 2290 2010 evaderet
2323 1995 2339 2019 ,
2369 1965 2424 2010 et
2447 1957 2675 2026 utjuxta
2703 1958 2880 2029 angeli
2936 1971 3124 2014 vocem
3174 1961 3483 2016 eontuitura
3517 1962 3634 2034 (55)

2036 2048 2414 2104 Elisabetbam
2442 2090 2458 2114 ,
2503 2059 2559 2105 et
2605 2053 2930 2120 stupendum
2956 2051 3076 2122 ejus
3100 2054 3503 2122 graviditatem,
3533 2070 3634 2124 per

2040 2142 2145 2196 hoc
2176 2144 2403 2210 etquod
2435 2141 2612 2212 majus
2643 2151 2764 2197 erat
2795 2142 3048 2198 crederet
3076 2183 3092 2206 .
3132 2159 3200 2198 ex
3230 2157 3404 2200 semet
3435 2159 3633 2216 nempe

2036 2232 2250 2302 virgine
2285 2233 2700 2299 conceptionem
2749 2233 2870 2288 sine
2899 2233 3129 2290 semine.
3171 2234 3466 2290 Concurrit
3496 2251 3636 2305 quo—

2037 2339 2144 2394 que
2177 2324 2244 2378 ad
2276 2310 2416 2378 hanc
2451 2324 2608 2379 ﬁdem
2641 2325 2948 2380 faciendam
2984 2339 3168 2381 sermo
3197 2326 3475 2382 Elisaheth
3497 2366 3514 2390 ,
3540 2327 3632 2382 di-

2035 2412 2249 2467 centis:
2294 2411 2359 2465 Et
2385 2416 2558 2478 beata,
2586 2429 2706 2483 qua:
2744 2413 3046 2480 credidisti,
3081 2415 3333 2485 quoniam
3359 2417 3460 2470 erit
3505 2432 3634 2485 per-

2037 2502 2194 2573 fectio
2227 2504 2382 2558 dictis
2416 2504 2510 2556 tibi
2544 2520 2578 2556 a
2620 2501 2852 2558 Domino
2882 2504 2950 2559 “.
2991 2505 3349 2560 Constantior
3381 2505 3528 2560 enim
3561 2507 3631 2560 ad

2035 2593 2362 2651 credendum
2388 2611 2455 2651 ex
2491 2595 2576 2650 his
2600 2595 2783 2651 verbis
2813 2595 2957 2651 facta
2986 2605 3070 2652 est
3096 2597 3274 2668 virgo,
3311 2599 3438 2651 dum
3467 2599 3630 2652 beata

2035 2688 2367 2756 przedicatur
2401 2697 2587 2757 utpote
2613 2703 2735 2757 qum
2763 2690 3082 2754 crediderit,
3119 2698 3229 2741 tum
3265 2689 3460 2758 angelo
3489 2704 3635 2759 prae-

2035 2780 2398 2851 signiﬁcante,
2431 2790 2546 2839 tum
2573 2783 2744 2840 etiam
2793 2790 3025 2852 cognata
3070 2781 3218 2836 haud
3253 2780 3414 2837 aliter
3441 2782 3632 2837 vatici-

2035 2883 2224 2928 naute.

2105 2962 2382 3032 Ejusdem.
2412 2963 2709 3024 Videamus
2733 2963 2848 3037 jam
2893 2964 3216 3034 virginalem
3247 2966 3623 3037 prophetiam.

2205 3143 2273 3200 ν.
2303 3143 2396 3200 46.
2432 3143 2747 3214 Magniﬁcat
2788 3144 2971 3200 anima
3005 3161 3123 3200 mea
3152 3145 3458 3201 Dominum.

406 3243 532 3307 Πῶς
559 3243 592 3312 ἡ
620 3241 766 3312 ψυχή
799 3257 898 3311 μου
924 3237 1217 3309 μεγαλύνει
1257 3237 1348 3290 τὸν
1394 3235 1622 3307 Κύριον,
1668 3252 1931 3306 κατανοη-

2105 3239 2392 3306 Quomodo
2421 3237 2601 3292 anima
2635 3251 2753 3292 mea
2800 3237 3115 3306 magniﬁcat
3145 3237 3457 3303 Dominum,
3492 3253 3627 3294 con-

336 3335 478 3390 τέον.
518 3333 645 3388 Ἐὰν
670 3333 836 3399 ἀξίως
866 3328 1277 3399 πολιτευώμεθα
1306 3329 1430 3380 κατ’
1459 3327 1646 3381 εἰκόνα
1681 3325 1776 3381 τοῦ
1816 3325 1935 3380 κτί-

339 3447 530 3492 σαντος
550 3429 720 3500 ἡμᾶς,
755 3424 851 3479 καὶ
884 3422 1248 3494 ὁμοιωθῶμεν
1277 3421 1356 3492 τῷ
1395 3419 1760 3491 πρωτοτύπῳ,
1793 3418 1935 3472 κατά

336 3523 398 3577 τὸ
416 3520 665 3586 δυνατὸν,
696 3519 767 3572 δι’
801 3517 1028 3583 ἀγαθῶν
1054 3515 1253 3586 ἔργων,
1287 3513 1667 3586 μεγαλύνομεν
1692 3512 1785 3565 τὸν
1816 3511 1933 3564 Κύ-

339 3631 456 3688 ριον
487 3613 692 3680 λόγοις,
720 3610 926 3681 ἔργοις,
954 3609 1214 3678 νοήμασι.
1243 3605 1542 3676 Σμικρύνει
1575 3604 1632 3657 δέ
1661 3621 1745 3668 τις
1771 3603 1933 3656 αὑτὸν

337 3703 638 3772 ἀναλόγως,
676 3702 820 3755 κατά
841 3701 942 3772 τὴν
972 3701 1175 3754 κακίαν
1196 3699 1297 3770 τὴν
1322 3698 1739 3768 ἐνυπάρχουσαν
1762 3695 1930 3766 αὐτῷ.

336 3796 450 3868 Τῆς
483 3791 575 3848 οὖν
599 3793 872 3864 Μαρίαςή
898 3790 1044 3862 ψυχὴ
1077 3789 1380 3861 ἐμεγάλυνε
1410 3789 1504 3842 τὸν
1526 3787 1754 3859 Κύριον,
1785 3787 1846 3839 τὸ
1875 3787 1933 3840 δὲ

336 3887 556 3959 πνεῦμα
589 3887 760 3957 αὐτῆς
791 3885 1162 3956 ἠγαλλιάσατο
1199 3883 1294 3935 ἐπί
1315 3880 1393 3952 τῷ
1427 3880 1548 3951 Θεῷ
1578 3881 1659 3952 τῷ
1693 3881 1929 3951 Σωτῆρι.

334 3981 559 4054 Πρῶτον
582 3979 915 4051 ἐμεγάλυνεν
944 3980 978 4050 ὴ
1005 3976 1154 4048 ψυχὴ
1191 3974 1384 4046 αὐτῆς,
1415 3969 1534 4028 εἷτα
1565 3972 1933 4045 ἠγαλλιάσατο

334 4072 398 4126 τὸ
423 4071 644 4144 πνεῦμα
670 4071 862 4142 αὐτῆς.

405 4247 916 4322 Παρατηρήσασθαι
933 4248 1015 4301 δεῖ
1037 4249 1094 4300 ἐν
1121 4247 1220 4318 ὅλῃ
1235 4247 1302 4318 τῇ
1325 4245 1538 4317 Παλαιᾷ
1561 4246 1653 4300 καὶ
1672 4247 1737 4316 τῇ
1754 4246 1927 4316 Καινῇ

334 4345 550 4418 Γραφῇ,
586 4345 640 4397 εί
662 4343 764 4396 πού
788 4345 937 4396 ἐστιν
967 4343 1151 4413 εὑρεῖν
1183 4341 1276 4393 ἐπὶ
1298 4337 1638 4411 ἁμαρτωλῶν
1665 4339 1930 4406 γενέσεως

336 4437 623 4510 εἰρημένον
658 4437 747 4490 τό·
799 4433 1110 4502 Ἐπλήσθη
1132 4435 1165 4486 ὁ
1191 4437 1412 4502 χρόνος
1439 4429 1546 4483 τοῦ
1565 4427 1780 4481 τεκεῖν.
1817 4427 1931 4480 Οὐκ

334 4531 401 4585 ἂν
433 4530 541 4598 γάρ
574 4546 659 4592 τις
690 4527 862 4600 εὖροι,
894 4527 970 4591 ὡς
1008 4522 1193 4598 οἶμαι·
1245 4523 1362 4578 ἀλλ’
1385 4524 1520 4577 ὅπου
1572 4519 1888 4590 ὠνόμασται
1909 4558 1924 4583 ,

2035 3331 2385 3386 siderandum
2416 3337 2520 3384 est.
2553 3327 2610 3384 Si
2641 3336 2700 3383 ut
2729 3342 2832 3398 par
2863 3337 2947 3383 est
2969 3327 3134 3383 vitam
3159 3328 3507 3384 traducamus
3541 3345 3628 3385 se-

2033 3421 2270 3476 cundum
2321 3419 2612 3490 imaginem
2670 3418 2788 3488 ejus
2846 3418 2937 3487 qui
2992 3422 3205 3474 ereavit
3265 3435 3406 3483 nos,
3461 3428 3627 3488 atque

2033 3511 2332 3584 exemplari
2377 3521 2570 3566 nostro
2599 3511 2992 3578 assimilemur,
3040 3520 3310 3580 quantum
3353 3511 3474 3568 ﬁeri
3527 3527 3628 3584 po-

2035 3613 2162 3668 test,
2200 3619 2298 3674 per
2328 3603 2469 3658 bona
2495 3617 2684 3672 opera,
2722 3612 2854 3657 tunc
2881 3602 3298 3674 magniﬁcamus
3338 3602 3624 3660 Dominum

2033 3695 2240 3761 verbis,
2286 3696 2568 3766 cperibus,
2606 3695 3059 3764 cogitationibus.
3116 3695 3390 3750 Extenuat
3437 3705 3621 3751 autem

2033 3786 2183 3841 illum
2209 3785 2354 3854 quis,
2394 3799 2516 3840 cum
2547 3784 2926 3855 proportione,
2960 3783 3114 3851 juxta
3145 3785 3469 3854 pravitatem
3499 3799 3622 3855 qua

2032 3881 2135 3935 sibi
2169 3878 2329 3932 inest.
2367 3876 2552 3931 Mariae
2593 3878 2758 3948 igitur
2805 3878 2988 3930 anima
3027 3877 3318 3930 Dominum
3370 3875 3622 3946 magniﬁ-

2032 3970 2194 4024 cabat
2217 4005 2235 4033 ,
2269 3975 2326 4022 et
2369 3967 2596 4037 spiritus
2623 3968 2744 4035 ejus
2788 3965 3104 4021 exsultabat
3139 3966 3192 4020 in
3227 3967 3338 4021 Deo
3371 3966 3620 4020 salutari.

2032 4060 2192 4114 Prius
2223 4056 2616 4129 magniﬁcabat
2646 4059 2841 4113 auima'
2876 4057 3055 4124 illius,
3096 4058 3292 4114 deinde
3321 4057 3620 4113 exsultavit

2031 4151 2257 4221 spiritus
2287 4151 2427 4220 ejus.

2101 4241 2656 4297 Animadvertendum
2701 4249 2787 4296 est
2841 4241 2894 4296 in
2951 4248 3064 4295 tota
3117 4240 3300 4297 Veteri
3357 4237 3622 4310 Novaque

2032 4333 2358 4404 Scriptura’,
2408 4334 2579 4390 sicubi
2633 4333 2880 4388 invenire
2912 4333 3078 4388 liceat
3115 4333 3171 4388 in
3220 4332 3622 4402 peccatricibus

2033 4425 2482 4498 generationibus
2511 4426 2719 4481 dictum
2746 4426 2913 4481 fuisse
2943 4442 2957 4479 :
2990 4424 3274 4494 [inpletum
3309 4433 3384 4478 est
3418 4432 3622 4489 tempus

2029 4519 2276 4590 pariendi
2301 4518 2370 4576 ³⁸.
2421 4517 2538 4574 Non
2569 4518 2715 4574 enim
2748 4519 2875 4589 quis
2905 4517 3151 4572 invenire
3181 4516 3416 4585 poterit,
3441 4525 3502 4570 ut
3526 4531 3620 4568 ar-

334 4624 416 4677 δτι
445 4577 656 4687 δίκαιός
688 4577 899 4675 ἐστινῐὸ
920 4577 1294 4690 γεννωμενος.
1332 4616 1444 4670 Καὶ
1475 4613 1636 4669 τοῦτο
1656 4577 1712 4666 δέ
1734 4613 1830 4665 καὶ
1859 4577 1929 4665 τά

2036 4577 2211 4667 bitror
2243 4627 2261 4666 :
2291 4611 2394 4666 nisi
2429 4611 2518 4666 ubi
2557 4577 2900 4678 nomina-tur,
2929 4610 3137 4680 justum
3163 4577 3288 4664 esse
3319 4607 3412 4678 qui
3442 4607 3620 4662 nasci-

334 4715 501 4770 λοιπά
523 4716 657 4788 (54).

419 4810 486 4862 Ἠ
531 4807 833 4872 Ἐλισάϐετ,
869 4805 1141 4877 προφῆτις
1169 4799 1325 4869 οὖσα,
1358 4801 1455 4856 καὶ
1493 4799 1592 4871 τὴν
1626 4797 1927 4870 γενομένην

335 4899 416 4970 τῷ
457 4900 613 4972 ἀνδρὶ
658 4899 1002 4968 ἀποκάλυψιν
1049 4899 1126 4971 μὴ
1167 4897 1468 4960 ἀκούσασα,
1517 4893 1596 4965 τῷ
1646 4892 1928 4964 Πνεύματι

338 4994 480 5066 ἀγίῳ
504 4995 602 5066 τὴν
643 4993 794 5068 παρὰ
824 4991 919 5046 τοῦ
957 4992 1191 5061 ἀγγέλου
1225 4989 1484 5062 ῥηθεῖσαν
1525 4985 1923 5059 προσηγορίαν,

336 5089 431 5142 καὶ
471 5089 726 5160 Ἰωάννην
755 5085 963 5156 ἔφασκε
986 5084 1048 5138 τὸ
1081 5083 1294 5136 παιδίον
1327 5078 1712 5151 ὀνομάσεσθαι.
1753 5079 1842 5141 Ὠς
1867 5075 1925 5129 δὲ

336 5183 430 5236 καὶ
461 5181 616 5253 παρὰ
647 5180 740 5234 τοῦ
789 5179 996 5250 πατρὸς
1029 5177 1214 5247 ἠξίουν
1260 5175 1474 5246 μαθεῖν,
1532 5171 1630 5225 καὶ
1685 5171 1924 5224 διένευον

335 5275 506 5347 αὐτῷ,
546 5274 622 5338 ὼς
654 5273 728 5344 μὴ
762 5271 1013 5326 ἀκούοντι
1053 5269 1086 5339 ἢ
1122 5267 1356 5338 λαλῆσαι
1384 5263 1671 5334 δυναμένῳ
1694 5279 1709 5293 ο
1739 5259 1925 5314 λαϐὼν

335 5367 539 5421 δέλτιον
585 5363 793 5436 ἔγραψε
847 5360 1168 5433 συμφώνως·
1202 5361 1269 5430 τῇ
1312 5355 1510 5412 ἑαυτοῦ
1555 5354 1778 5424 γυναικὶ
1826 5352 1922 5407 τοῦ

337 5460 526 5524 παιδὸς
559 5458 658 5530 τὴν
683 5454 1076 5530 προσηγορίαν,
1111 5453 1187 5517 ὡς
1218 5451 1429 5514 πάντας
1474 5449 1567 5502 ἐπὶ
1597 5446 1803 5500 τούτων
1827 5446 1908 5498 ἐκ·

2034 4710 2142 4756 tur.
2178 4702 2245 4756 Et
2269 4701 2374 4756 hoc
2406 4716 2557 4768 vero,
2584 4710 2690 4756 etc.
3669 4743 3675 4750 .

2103 4790 2378 4848 Elisabeth
2412 4807 2534 4846 cum
2569 4789 2847 4860 prophetis
2873 4797 3040 4854 esset,
3071 4801 3173 4844 nec
3197 4786 3498 4842 audivisset
3527 4799 3616 4840 re-
3671 4785 3679 4794 '

2030 4883 2354 4939 relationem
2405 4885 2527 4936 viro
2576 4897 2678 4937 suo
2707 4882 2946 4948 iactam,
3008 4895 3176 4950 quam
3231 4879 3468 4948 Spiritus
3496 4891 3618 4932 san-

2031 4985 2155 5030 ctus
2204 4990 2304 5045 per
2373 4974 2624 5044 angelum
2687 4973 3158 5029 nomenclaturam
3221 4972 3506 5036 ediderat,
3560 4981 3618 5027 et

2029 5069 2295 5123 Joannem
2325 5070 2630 5122 vocandum
2661 5080 2784 5122 esse
2813 5081 3066 5136 puerum,
3103 5063 3262 5118 dixit.
3296 5062 3394 5118 Ubi
3430 5073 3614 5118 autem

2028 5161 2195 5216 etiam
2245 5175 2277 5214 a
2325 5159 2488 5214 Patre
2536 5159 2681 5213 scire
2722 5157 3022 5221 volebant,
3053 5156 3215 5224 eique
3274 5153 3612 5215 innuebant,

2028 5251 2230 5321 quippe
2259 5264 2364 5304 non
2414 5248 2701 5314 audienti,
2739 5257 2832 5302 aut
2867 5247 3014 5316 loqui
3065 5245 3294 5310 valenti,
3337 5245 3616 5314 accipiens

2031 5343 2284 5400 tabellam
2311 5342 2556 5412 scripsit,
2584 5341 2742 5396 uxori
2773 5355 2888 5396 suae
2912 5339 3288 5404 concordans,
3316 5338 3467 5408 pueri
3515 5352 3612 5406 ap-

2029 5437 2377 5508 pellationem
2409 5452 2423 5488 :
2455 5448 2626 5502 usque
2660 5433 2798 5487 adeo
2836 5441 2897 5486 ut
2941 5442 3134 5486 omnes
3159 5430 3472 5503 ipropterea
3504 5436 3612 5484 stu-

338 5522 689 5619 πλήττεσθαι.
727 5522 885 5599 Ἐίτά
915 5522 1112 5613 φησιν·
1160 5539 1449 5610 Ἆνεῲχθη
1497 5536 1567 5591 δὲ
1613 5537 1677 5590 τὸ
1724 5536 1919 5603 στόμα

2036 5542 2157 5599 pore
2188 5525 2630 5597 percellerentur.
2679 5522 2883 5579 Deinde
2934 5523 3012 5577 ait
3056 5538 3076 5578 -:
3123 5523 3374 5592 Apertum
3404 5530 3480 5574 est
3515 5535 3612 5573 au-

337 5637 542 5694 αὐτοῦ.
565 5635 720 5691 Μετὰ
739 5635 800 5688 τὸ
819 5633 1028 5707 γράψαι
1053 5631 1297 5703 δηλονότι
1324 5631 1381 5682 ἐν
1397 5627 1590 5698 δέλτῳ,
1617 5628 1698 5680 ὅτι
1732 5624 1921 5679 Ἰωάν-

377 5774 424 5808 ⁸⁴
447 5773 579 5828 Luc.
622 5789 662 5836 ι,
701 5771 788 5827 45.
866 5770 913 5801 ⁸⁵
948 5769 1076 5822 ibid.
1109 5767 1200 5822 57.
1279 5765 1324 5797 ³⁸
1356 5763 1488 5819 ibid.
1514 5763 1606 5816 (ii.

418 5889 530 5956 (54)
574 5888 728 5946 llom.
760 5905 834 5954 is,
860 5888 1006 5944 circa
1045 5887 1230 5940 linem.

2026 5631 2128 5676 tem
2177 5636 2233 5673 os
2280 5618 2392 5685 ejus
2420 5617 2487 5672 ³⁸.
2538 5616 2840 5687 Postquam
2894 5615 3104 5673 scilicet
3132 5615 3186 5672 in
3223 5613 3420 5672 tabella
3469 5611 3611 5667 scri-

2235 5871 2432 5944 Supple
2463 5869 2660 5926 Maria.
