4172 6402
519 352 626 408 323

1404 351 1972 410 SUPPLEMENTUH
2005 353 2098 410 AD
2138 351 2465 412 ORIGENIS
2492 351 2903 408 EXEGETICA.

3689 358 3800 414 326

517 476 703 539 puerat
729 509 744 529 .
777 467 904 538 quia
961 483 1150 523 nomen
1199 467 1316 538 ejus
1347 480 1458 522 erat
1499 469 1736 523 Joannes
1760 508 1777 533 ,
1807 468 1982 524 soluta
2017 479 2101 525 est

2208 485 2318 535 νης
2334 468 2505 522 ἔσται
2535 469 2598 521 τὸ
2624 449 2810 538 ὄκομα
2837 466 3044 529 αὐτοῦ,
3078 467 3241 538 ἐλύθη
3269 470 3301 539 ή
3324 469 3585 542 δεδεμένη
3616 477 3792 546 φωνή.

520 575 668 624 vox,
720 575 842 630 qua:
893 559 1055 630 ligata
1091 560 1294 618 fuerat.
1352 559 1420 615 Et
1467 561 1812 630 recuperavit
1864 561 2103 632 linguam

521 668 697 717 suam,
723 670 827 707 non
847 653 1078 722 amplius
1111 663 1169 708 ut
1191 665 1352 709 antea
1373 655 1668 710 revinctam
1697 655 2103 720 incredulitate,

521 743 616 796 sed
649 743 1064 799 benedicentem
1093 745 1286 812 Deum,
1312 755 1366 800 et
1389 746 1785 802 vaticinantem
1817 762 1936 818 qua:
1965 747 2104 804 scri-

520 845 611 906 pta
643 847 791 890 sunt.

591 928 938 1000 Snperﬂuum
968 942 1052 986 est
1079 933 1284 999 dicere,
1315 943 1423 990 etc.

594 1020 668 1077 Ut
702 1033 830 1091 puto
859 1062 874 1087 ,
910 1023 1073 1077 etiam
1109 1033 1296 1093 patres
1327 1023 1497 1077 nostri
1529 1023 1807 1079 Abraham
1854 1032 1908 1077 et
1953 1019 2106 1080 Isaac

520 1123 576 1170 et
597 1111 791 1181 Iacob,
834 1124 1089 1185 totusque
1138 1115 1341 1170 chorus
1369 1124 1682 1169 sanctorum
1729 1114 1847 1183 ejus
1877 1117 2107 1186 prophe-

521 1217 697 1260 tarum
728 1223 792 1261 ac
819 1209 1118 1276 iustorum,
1157 1207 1306 1261 fruiti
1334 1219 1464 1261 sunt
1501 1209 1732 1262 adventu
1780 1208 2006 1262 Christi.
2044 1211 2102 1263 Si

519 1299 663 1352 enim
695 1300 993 1368 paciﬁcavit
1043 1315 1137 1368 per
1179 1301 1490 1367 sanguinem
1525 1299 1695 1353 crucis
1738 1300 1855 1368 ejus
1900 1309 1947 1354 et
1987 1317 2105 1370 qua!

519 1392 576 1444 in
609 1402 751 1446 terra
780 1402 828 1444 et
853 1409 969 1460 qua:
1007 1393 1062 1444 in
1086 1391 1214 1446 caelo
1252 1391 1294 1422 "
1336 1389 1491 1458 juxta
1520 1391 1702 1444 divum
1738 1392 2059 1459 Apostolum
2089 1411 2101 1446 :

520 1483 649 1549 quid
687 1483 964 1550 pigritaris
995 1482 1285 1537 admittere
1311 1522 1327 1547 ,
1360 1483 1503 1551 quod
1543 1491 1595 1537 et
1630 1483 1698 1536 ad
1745 1493 1930 1551 patres
1961 1484 2102 1538 facta

521 1567 688 1622 fuerit
736 1569 1016 1634 visitatio,
1071 1571 1231 1644 idque
1280 1571 1593 1640 praestiterit
1635 1571 1753 1640 ejus
1800 1573 1867 1626 ad
1898 1572 2106 1629 inferos

523 1661 816 1723 adventus,
856 1670 1080 1731 propter
1111 1663 1609 1731 ininvestigabilem
1641 1664 1761 1733 ejus
1804 1666 2108 1722 misericor-

519 1751 708 1805 diam?
737 1752 794 1807 ld
819 1767 982 1821 porro
1012 1755 1266 1823 quamvis
1303 1771 1446 1810 nunc
1465 1757 1752 1824 acciderit,
1781 1758 1892 1826 jam
1922 1768 2103 1813 tamen

2208 558 2320 612 Καὶ
2352 559 2589 611 ἀπέλαϐε
2622 560 2720 629 τὴν
2751 559 2945 613 ἐαυτοῦ
2987 559 3260 627 γλῶσσαν,
3299 561 3482 614 οὐκέτι
3517 563 3661 617 καθά
3689 568 3796 619 πα-

2205 649 2291 702 λαι
2318 650 2608 721 δεδεμένην
2640 653 2704 721 τῇ
2735 651 2986 722 ἀπιστίᾳ,
3018 652 3133 704 ἀλλ’
3159 653 3494 720 εύλογοῦσαν
3514 655 3604 708 τὸν
3629 655 3794 722 Θεὸν,
3827 719 3830 722 ,

2207 742 2300 795 καὶ
2331 742 2778 813 προφητεύουσαν
2804 743 2872 796 τὰ
2904 745 3388 816 ἀναγεγραμμένα..

2279 921 2546 993 Περισσόν
2579 923 2695 974 ἐστι
2727 922 2786 975 τὺ
2812 922 3011 991 λέγειν,
3053 923 3150 977 καὶ
3174 923 3242 976 τά
3275 923 3454 979 λοιπά.

2288 1012 2378 1076 Ὦς
2432 1009 2584 1083 οἶμαι
2643 1014 2736 1066 καὶ
2791 1015 2840 1066 οἱ
2894 1014 3125 1086 πατέρες
3160 1015 3316 1084 ήμῶν
3381 1017 3648 1092 Ἀϐραὰμ,
3701 1022 3795 1074 καὶ

2219 1101 2403 1155 Ἰσαάκ
2424 1105 2518 1155 καὶ
2546 1103 2760 1165 Ἰακὼϐ,
2780 1104 2874 1156 καὶ
2902 1104 3020 1166 ὅλος
3049 1106 3077 1157 6
3098 1105 3257 1175 χορὸς
3284 1104 3392 1158 τῶν
3422 1109 3592 1176 ἁγίων
3624 1111 3790 1164 αὑτοὺ

2209 1194 2502 1264 προφητῶν
2545 1195 2639 1248 καὶ
2679 1195 2936 1262 δικαίων,
2983 1197 3306 1267 ἀπήλαυσαν
3353 1201 3448 1270 τῆς
3492 1205 3792 1273 παρουσίας

2205 1284 2300 1337 τοῦ
2327 1285 2582 1357 Χριστοῦ.
2620 1287 2683 1339 Εἰ
2710 1288 2818 1358 γὰρ
2845 1290 3267 1356 είρηνοπο.ἠσε
3282 1290 3379 1344 διὰ
3405 1293 3509 1346 τοῦ
3543 1295 3792 1363 αἵματος

2206 1379 2313 1431 τοῦ
2340 1379 2606 1445 σταυροῦ
2642 1381 2828 1432 αὐτοῦ
2858 1380 2930 1432 τά
2970 1397 3032 1433 τε
3071 1381 3140 1432 ἐν
3180 1380 3253 1449 τῇ
3279 1382 3355 1452 τῇ
3386 1385 3484 1437 καὶ
3524 1387 3595 1439 τὰ
3619 1387 3689 1440 ὲν
3714 1388 3795 1454 τῷ

2207 1471 2462 1537 οἰφανῷ,
2481 1473 2622 1525 κατά
2660 1473 2751 1526 τὸν
2784 1472 2926 1526 θεῖον
2959 1474 3305 1538 Ἀπόστολον,
3334 1477 3386 1529 τί
3418 1478 3597 1543 ὀκνεῖς
3614 1497 3796 1551 παρα⁸

2206 1561 2482 1627 δέξασθαι,
2531 1564 2613 1616 ὅτι
2659 1564 2753 1616 καὶ
2788 1565 2923 1633 πρὸς
2974 1564 3098 1625 τοὺς
3133 1567 3376 1636 πατέρας
3409 1570 3442 1639 ή
3482 1569 3788 1643 ἐπισκοπὴ,

2209 1654 2303 1708 καὶ
2330 1655 2538 1725 τούτοή
2575 1657 2655 1718 είς
2689 1656 2781 1708 τὸν
2815 1657 2949 1727 ᾷδην
2980 1656 3146 1710 αὐτού
3182 1658 3365 1726 ἄφιξις
3411 1663 3798 1732 ἐπραγματεύ·⁹

2211 1763 2343 1799 σατο
2363 1746 2451 1799 διά
2481 1745 2540 1798 τὸ
2575 1747 2982 1818 ἀνεξιχνίαστον
3017 1749 3180 1802 αὑτοῦ
3205 1751 3352 1814 ἕλεος
3378 1769 3391 1816 ;
3427 1753 3598 1807 Τοῦτο
3635 1755 3714 1818 δὲ,
3744 1758 3794 1808 εἰ

519 1845 650 1899 οΙίηι
690 1846 741 1900 in
794 1856 1140 1902 antecessum
1188 1849 1585 1919 proclamatum
1636 1852 1814 1907 fuerat
1849 1867 1864 1906 :
1899 1867 1962 1906 ac
1989 1853 2102 1907 fieri

2209 1838 2304 1891 καὶ
2338 1837 2433 1890 νῦν
2463 1837 2708 1906 γέγονεν,
2779 1839 2894 1892 ἀλλ’
2927 1840 3158 1894 ἔκπαλαι
3191 1845 3625 1915 προανεφωνήθη
3645 1863 3657 1875 ·
3696 1849 3793 1900 καὶ

520 1951 631 1990 non
665 1945 897 2004 poterat,
927 1947 984 1989 ut
1011 1937 1262 1992 effectum
1291 1954 1398 1993 non
1445 1940 1775 1994 sortirentur
1806 1941 1955 1995 hisce
1985 1955 2104 1996 ser-

520 2041 732 2082 mones.
758 2025 1116 2095 Jurejurando
1148 2029 1292 2088 enim
1322 2031 1668 2086 confirmavit
1698 2033 2106 2100 promissiones,

519 2129 746 2189 pr0pter
777 2121 1236 2186 immobililatem,
1262 2124 1389 2192 quia
1419 2125 1644 2180 omnino
1671 2125 1840 2182 fiet".
1876 2126 1942 2181 Et
1962 2141 2109 2181 nunc

523 2211 712 2266 ﬁdeles
738 2212 858 2268 sine
899 2214 1095 2269 timore
1145 2214 1214 2270 de
1249 2231 1415 2271 manu
1452 2217 1822 2286 spiritualium
1857 2220 2108 2277 inimico-

523 2318 642 2357 rum
669 2302 972 2358 liberantur
994 2305 1060 2360 “.

595 2393 752 2464 Sa-pe
783 2396 1086 2451 liberantur
1116 2399 1361 2466 quidam,
1391 2409 1500 2456 etc.

593 2486 710 2542 Non
763 2488 832 2541 ad
879 2487 1190 2543 Judcnrnm
1223 2507 1553 2562 synagogam
1602 2495 1656 2548 in
1703 2494 2002 2551 Jerusalem
2037 2498 2105 2552 ad

520 2581 856 2643 sacerdotes,
891 2591 946 2636 et
979 2584 1190 2638 scribas
1217 2597 1274 2639 et
1308 2584 1619 2641 Pharisaeos
1653 2588 1803 2643 venit
1832 2589 2054 2659 angelus
2088 2608 2099 2642 :

520 2671 616 2726 sed
643 2682 879 2741 pastores
909 2677 1102 2742 reperit
1125 2676 1182 2728 in
1214 2693 1342 2746 agro
1373 2678 1639 2748 degentes,
1669 2689 1720 2732 et
1751 2682 2104 2735 custodientes

519 2766 793 2819 custodias
820 2767 988 2820 noctis
1029 2785 1188 2837 super
1217 2786 1421 2838 gregem
1465 2787 1621 2824 suum
1645 2772 1692 2803 “
1727 2791 1740 2826 :
1780 2773 1930 2828 hisce
1959 2787 2102 2828 enin

519 2857 857 2928 evangelizat
927 2859 1232 2916 Salvatoris
1301 2863 1666 2918 nativitatem.
1737 2862 1802 2918 ili
1866 2879 2105 2935 namque

520 2949 802 3020 simplices
851 2961 1048 3018 erant,
1083 2963 1326 3008 veterem
1369 2956 1587 3011 vivendi
1637 2959 1903 3012 rationem
1951 2974 2104 3028 qna-

522 3052 708 3097 rentes
773 3044 1231 3112 patriarcharum.
1290 3047 1548 3104 Pastores
1620 3051 1889 3118 siquidem
1949 3060 2105 3105 erant

520 3146 578 3188 et
629 3135 681 3189 hi
713 3175 730 3199 ,
781 3137 875 3204 qui
928 3137 1094 3190 etiam
1130 3149 1415 3195 currentes
1464 3141 1588 3196 aliis
1639 3158 1858 3213 quoque
1891 3158 2100 3197 annun-

2215 1929 2472 1983 ἀδύνατον
2501 1925 2569 2000 ἦν
2614 1931 2688 2000 μὴ
2729 1930 2957 2000 ἐκϐῆναι
3003 1933 3199 1996 αὐτοὺς
3231 1933 3422 2001 λόγους
3475 1939 3554 2000 εἰς
3597 1937 3788 2009 ἔργον.

2216 2021 2402 2091 ’Ὁρκῳ
2434 2022 2542 2093 γάρ
2591 2022 2883 2074 ἐϐεϐαίωσε
2927 2023 3026 2086 τάς
3063 2025 3396 2093 ἐπαγγελίας
3430 2026 3518 2080 διά
3564 2027 3624 2080 τὸ
3654 2032 3796 2082 ἁπα-

2213 2113 2468 2184 ράϐατον,
2499 2114 2578 2166 ὅτι
2601 2115 2815 2178 πάντως
2846 2115 3017 2168 ἔσται.
3040 2117 3147 2168 Καὶ
3172 2117 3263 2170 νῦν
3284 2119 3333 2170 οἱ
3368 2121 3548 2174 πιστοὶ
3579 2122 3797 2190 ἀφόϐως

2211 2207 2277 2260 ἐκ
2308 2207 2489 2278 χειρὸς
2521 2207 2628 2260 τῶν
2652 2207 2858 2278 νοητῶν
2889 2209 3099 2280 ἐχθρῶν
3135 2210 3375 2280 ῥύονται.

2281 2385 2394 2456 (57)
2436 2386 2706 2451 Πολλάκις
2731 2387 2951 2458 ρύονταί
2980 2405 3145 2452 τινες,
3180 2390 3275 2442 καὶ
3299 2389 3366 2443 τά
3398 2391 3581 2446 λοιπά.

2280 2479 2396 2548 (58)
2429 2481 2543 2532 Οὐκ
2563 2481 2642 2543 είς
2666 2481 2762 2552 τὴν
2779 2481 2884 2534 τῶν
2902 2482 3169 2535 Ἰουδαίων
3198 2487 3521 2557 συναγωγὴν
3543 2490 3623 2552 είς
3637 2485 3798 2560 Ἰερο-

2211 2573 2418 2642 σόλυμα
2449 2573 2586 2643 πρὸς
2620 2575 2746 2637 τοὺς
2774 2575 2940 2645 ίερεῖς
2983 2575 3078 2628 καὶ
3109 2581 3459 2648 γραμματεῖς
3505 2586 3597 2634 καὶ
3632 2584 3798 2654 Φαρι-

2210 2663 2390 2728 σαίους
2421 2665 2723 2735 ἀπέρχεται
2748 2667 2776 2718 6
2805 2666 3052 2734 ἄγγελος·
3069 2667 3203 2720 ἀλλά
3230 2670 3516 2739 ποιμένας
3529 2675 3797 2741 εὑρίσκει

2206 2757 2684 2825 ἀγραυλοῦντας,
2738 2758 2836 2811 καὶ
2878 2759 3316 2827 φυλάσσοντας
3359 2766 3638 2830 φυλακὰς
3685 2765 3796 2833 τῆς

2205 2849 2428 2914 νυκτός
2442 2849 2540 2902 ἐπὶ
2562 2849 2674 2928 rip“
2703 2852 2966 2918 ποίμνην
2991 2851 3210 2906 αὐτῶν·
3242 2853 3452 2918 τούτοις
3485 2857 3593 2928 γὰρ
3630 2859 3795 2927 εὐαγ-

2208 2941 2482 3010 γελίζεται
2513 2924 2607 2994 τοῧ
2639 2941 2891 3012 Σωτῆρος
2917 2943 3016 3013 τὴν
3049 2944 3325 3014 γέννησιν.
3362 2924 3524 3000 Οὗτοι
3558 2924 3656 3019 μὲν
3685 2924 3796 3023 γάρ

2205 3031 2470 3085 ἄπλαστοι
2492 3026 2651 3102 ἦσαν,
2680 3031 2778 3102 τὴν
2808 3031 3042 3086 παλαιάν
3068 3033 3345 3089 πολιτείαν
3377 3036 3664 3107 ζηλοῦντες
3687 3040 3796 3093 τῶν

2207 3122 2581 3193 πατριαρχῶν.
2628 3123 2894 3192 Ποιμένες
2940 3124 3048 3195 γὰρ
3073 3119 3214 3195 ἦσαν
3253 3127 3349 3180 καὶ
3377 3121 3544 3195 οὗτοι,
3593 3130 3644 3182 οἶ
3703 3133 3798 3185 καὶ

523 3226 818 3284 tiavernnt.
876 3225 960 3281 llli
995 3243 1230 3298 namque
1284 3232 1482 3302 quippe
1549 3205 2102 3289 invidia-tabescen-

2208 3213 2501 3286 δραμόντες
2533 3217 2646 3280 τοῖς
2671 3215 2883 3286 ἑτέροις
2906 3216 2998 3270 καὶ
3026 3219 3388 3288 ἀπήγγελθλον.
3439 3221 3665 3275 Ἐκεῖνοι
3688 3223 3798 3294 γὰρ

524 3326 607 3373 tes
643 3357 658 3380 ,
717 3317 1048 3373 occultaturi
1109 3318 1341 3376 fuissent
1393 3322 1578 3376 mundi
1636 3323 1832 3377 salutis
1887 3333 2104 3393 myste-

521 3409 686 3463 rium.

593 3499 754 3554 Solus
788 3500 988 3554 etenim
1031 3499 1134 3554 iste
1173 3501 1387 3570 aperuit
1415 3501 1632 3556 vulvam
1663 3517 1728 3557 ex
1760 3501 1980 3572 Virgine
2012 3518 2108 3556 na-

523 3602 629 3646 tns.
661 3591 804 3645 Nihil
842 3595 986 3646 enim
1015 3603 1139 3647 ante
1176 3594 1453 3648 Christum
1487 3595 1708 3648 vulvam
1743 3594 1891 3648 illius
1924 3595 2109 3662 tetige-

524 3692 627 3736 rat.
664 3680 857 3736 Omnia
886 3697 1020 3737 vero
1049 3683 1416 3753 primogenita
1444 3723 1459 3748 ,
1491 3685 1708 3738 tametsi
1741 3685 2105 3754 primogenita

521 3772 653 3836 sint,
687 3786 791 3824 non
829 3781 1008 3825 tamen
1040 3772 1291 3842 aperiunt
1323 3772 1498 3842 prima
1530 3771 1780 3836 vulvam,
1811 3773 1907 3827 sed
1940 3773 2108 3827 mari-

523 3868 627 3912 "IS.

594 3951 671 4005 Ne
702 3950 840 4007 forte
890 3953 1200 4022 reliquisset
1232 3967 1347 4008 eos.
1400 3953 1659 4009 Dolentes
1693 3953 1858 4023 igitur
1894 3968 2105 4018 quaere-

519 4044 652 4098 bant
690 4043 886 4098 Filium
921 4043 1014 4098 Dei
1050 4061 1063 4097 :
1097 4053 1151 4099 et
1176 4055 1485 4114 quazrentes
1519 4045 1693 4114 ipsum
1743 4058 1848 4098 non
1882 4045 2105 4098 invene-

521 4145 648 4190 runt
677 4137 828 4190 inter
851 4145 1114 4206 cognatos
1145 4154 1158 4189 :
1186 4143 1305 4189 erat
1335 4134 1481 4190 enim
1511 4150 1676 4205 supra
1723 4136 2103 4206 cognationem

517 4243 730 4284 eorum.

1207 4315 1361 4372 CAP.
1411 4315 1476 4370 ll.

2206 3307 2597 3378 διεφθαρμένοι
2641 3307 2794 3372 ὄντες
2821 3308 2901 3380 τῷ
2936 3310 3144 3382 φθόνῳ,
3178 3311 3404 3382 ἔμελλον
3433 3314 3695 3385 κρύπτειν
3733 3316 3798 3370 τὸ

2205 3398 2307 3469 τῆς
2338 3399 2433 3452 τοῦ
2455 3400 2664 3471 κόσμου
2699 3403 2977 3474 σωτηρίας
3012 3405 3331 3475 μυστήριον.

2280 3491 2392 3561 (59)
2415 3492 2593 3556 Μόνος
2624 3494 2734 3565 γὰρ
2763 3487 2916 3558 οὗτος
2937 3495 3168 3567 διήνοιεε
3195 3501 3407 3570 μήτραν
3434 3501 3500 3553 ἐκ
3528 3501 3796 3573 παρθένου

2206 3583 2436 3654 τεχθείς.
2470 3585 2634 3639 Οὐδὲν
2673 3587 2783 3658 γὰρ
2817 3587 2916 3657 τῆς
2964 3588 3178 3659 μήτρας
3211 3590 3428 3661 ἐκείνης
3459 3592 3639 3662 ἥψατο
3690 3593 3797 3664 πρὸ

2207 3674 2465 3744 Χριστοῦ.
2497 3676 2682 3730 Πάντα
2697 3677 2754 3730 δὲ
2775 3679 2842 3730 τὰ.
2874 3679 3227 3749 πρωτότοκα,
3262 3683 3310 3734 εἰ
3347 3683 3442 3736 καὶ
3476 3685 3798 3753 πρωτότοκά

2206 3766 2374 3833 ἐστιν,
2398 3768 2512 3822 ἀλλ’
2537 3769 2598 3822 ού
2635 3769 2996 3839 διανοίγουσιν
3025 3773 3164 3826 αὐτὰ
3193 3775 3385 3846 πρῶτα
3414 3774 3512 3847 τὴν
3545 3777 3760 3848 μήτραν
3779 3817 3794 3844 ,

2206 3858 2321 3913 ἀλλ’
2349 3862 2376 3912 6
2408 3861 2472 3913 σύ
2480 3861 2552 3931 μϐ
2561 3879 2656 3925 ιος.

2280 3949 2392 4021 (60)
2422 3953 2636 4023 Μήπως
2658 3954 3050 4009 καταλέλοιπεν
3071 3957 3291 4020 αὐτούς.
3311 3957 3668 4028 Ὀδυνώμενοι
3701 3955 3796 4014 οὖν

2207 4039 2431 4112 ἐζήτουν
2463 4044 2552 4096 τὸν
2585 4045 2710 4098 Υἱὸν
2742 4046 2836 4099 τοῦ
2871 4046 3007 4100 Θεοῦ
3025 4088 3040 4111 ,
3066 4049 3158 4101 καὶ
3183 4046 3466 4118 ζελτοῦντες
3493 4051 3672 4112 αὑτὸν,
3696 4052 3796 4122 οὺχ

2206 4128 2364 4206 εὗρον
2407 4137 2465 4187 ἐν
2492 4139 2605 4201 τοῖς
2631 4137 2949 4207 συγγενέσιν
2969 4157 2982 4169 ο
3024 4140 3164 4211 ὑπὲρ
3193 4140 3302 4210 γὰρ
3327 4139 3426 4211 τὴν
3473 4143 3795 4211 συγγένειαν

2205 4225 2384 4278 αὐτῶν
2414 4221 2501 4295 ἦν.

2868 4321 3024 4374 ΚΕΦ.
3057 4320 3132 4375 B'.

518 4409 585 4468 ν.
619 4411 707 4467 49.
746 4408 870 4465 Non
900 4408 1179 4474 noveratis,
1210 4409 1335 4478 quia
1372 4411 1428 4462 in
1460 4409 1549 4474 iis,
1591 4424 1710 4476 qua
1740 4406 1924 4462 Patris
1949 4418 2100 4476 sunt,

1009 4480 1281 4551 oportebat
1315 4496 1426 4533 esse
1465 4479 1594 4532 me?

591 4575 664 4632 Ut
697 4577 764 4632 ad
788 4577 1016 4631 verbum
1041 4589 1319 4630 armemur
1337 4574 1600 4627 adversus
1623 4571 1820 4641 impias
1840 4572 2098 4636 haereses,

2289 4581 2377 4643 Ὠς
2404 4579 2540 4650 πρὸς
2579 4577 2739 4649 ῥητὸν
2771 4575 3123 4647 όπλισώμεθα
3167 4574 3308 4628 κατά
3348 4575 3458 4630 τῶν
3500 4577 3673 4630 ἀθέων
3708 4580 3797 4646 at-

521 4669 764 4723 diecntcs
822 4669 936 4740 (56)
973 4667 1188 4722 Patrem
1225 4666 1352 4722 Jesu
1378 4667 1588 4722 Christi
1617 4679 1721 4718 non
1754 4678 1875 4719 esse
1899 4663 2098 4718 mundi

2210 4671 2431 4742 ρέσεων,
2473 4669 2771 4737 λεγουσῶν,
2802 4670 2884 4723 ὃτι
2913 4669 3010 4738 ούχ
3038 4671 3066 4720 6
3093 4667 3425 4738 δημιουργὸς
3457 4667 3647 4739 Πατὴρ
3687 4670 3796 4739 Ἰη-

517 4762 895 4826 conditorem;
931 4776 1105 4830 neque
1132 4760 1298 4816 Deum
1320 4759 1474 4831 legis,
1511 4773 1688 4827 neque
1714 4757 1879 4811 Deum
1908 4756 2096 4825 templi

2208 4760 2300 4814 σοῦ
2343 4759 2602 4831 Χριστοῦ,
2632 4760 2752 4814 οὐδὲ
2780 4763 2808 4812 6
2833 4759 2965 4821 Θεὸς
2992 4756 3086 4809 τοῦ
3120 4757 3306 4826 νόμου,
3347 4757 3464 4809 ούδέ
3492 4760 3521 4811 6
3539 4757 3670 4820 Θεὸς
3698 4756 3797 4810 τοῦ

517 4849 734 4904 Patrem
791 4867 916 4906 esse
951 4851 1174 4906 Christi.
1224 4850 1375 4907 lianc
1423 4851 1569 4906 enim
1605 4850 1721 4920 ejus
1767 4865 1952 4904 vocem
2000 4864 2093 4903 au-

2208 4851 2354 4916 ναοῦ,
2382 4847 2536 4914 οὗτός
2560 4853 2707 4904 ἐστιν
2736 4854 2764 4903 6
2790 4848 2976 4920 Πατὴρ
3001 4847 3094 4900 τοῦ
3123 4846 3376 4918 Χριστοῦ.
3411 4848 3524 4917 Τῆς
3547 4847 3654 4918 γὰρ
3684 4864 3800 4914 φω-

517 4945 726 5000 dientes
757 4943 1124 5000 Valentiniani
1151 4945 1509 5009 erubescant;
1548 4942 1623 4996 ait
1647 4942 1846 5011 quippe
1877 4939 1996 5004 ειη
2030 4942 2096 4995 iis

2208 4945 2300 5016 νῆς
2338 4944 2503 4998 αὐτοῦ
2537 4943 2827 5005 ἀκούοντες
2868 4945 2914 4994 οἱ
2951 4943 3058 4995 ἀπὸ
3090 4941 3465 5005 Οὐαλεντίνου,
3509 4939 3796 4994 αἰδείσθω-

513 5053 632 5106 qua:
667 5037 843 5090 Patris
870 5038 968 5091 mei
998 5046 1121 5092 sunt
1152 5046 1354 5105 oportet
1394 5051 1475 5090 nte
1511 5049 1621 5088 esse
1663 5049 1682 5087 :
1735 5033 1780 5088 si
1814 5033 1972 5088 modo
1998 5033 2097 5087 ad-

2208 5055 2324 5102 σαν,
2358 5038 2639 5106 λέγοντος·
2681 5037 2778 5088 Ἑν
2813 5034 2936 5101 τοῖς
2976 5034 3082 5087 τοῦ
3103 5035 3331 5101 Πατρός
3358 5050 3479 5101 μου
3518 5031 3614 5085 δεῖ
3638 5027 3796 5086 εἶναι

515 5128 760 5184 mittunt.
791 5127 1003 5197 Ergone
1053 5143 1223 5196 usque
1265 5128 1404 5182 adeo
1451 5135 1608 5180 erant
1646 5125 1852 5189 stolidi,
1898 5134 1957 5179 ut
1988 5140 2097 5180 non

2208 5146 2294 5201 με,
2332 5131 2381 5183 εἰ
2428 5128 2742 5202 προσίενται
2775 5127 2834 5179 τὸ
2872 5126 3054 5197 ῥητόν.
3092 5121 3236 5196 Ἀρα
3285 5124 3391 5196 γάρ
3439 5124 3611 5188 οὓτως
3650 5119 3795 5194 ἦσαν

515 5220 883 5290 intelligerent
924 5223 1069 5291 quod
1097 5223 1236 5277 dixit
1265 5241 1280 5278 :
1315 5221 1464 5277 Iniis
1495 5237 1612 5288 qua
1641 5220 1842 5284 Patris,
1879 5236 1998 5291 pro,
2031 5219 2088 5274 In

2208 5224 2471 5287 ἅσύνετοι,
2501 5223 2578 5286 ὡς
2611 5223 2686 5294 μὴ
2710 5223 2967 5285 συνιέναι,
3003 5222 3032 5276 ὅ
3052 5237 3105 5274 τι
3140 5220 3323 5289 ἔλεγεν
3346 5236 3359 5248 ·
3404 5220 3501 5273 Ἐν
3525 5219 3648 5284 τοῖς
3686 5217 3796 5270 τοῦ

515 5314 753 5384 templo?
783 5316 889 5368 Aut
919 5331 1046 5369 num
1067 5315 1382 5385 mysterium
1406 5315 1698 5385 quodpiam
1739 5314 2019 5380 innuitur;
2051 5313 2094 5368 sl

2208 5317 2457 5387 Πατρός,
2482 5318 2605 5370 ἀντὶ
2637 5316 2731 5371 τοῦ
2748 5333 2762 5347 ·
2803 5318 2890 5370 Ἐν
2910 5315 2987 5387 τῷ
3008 5315 3121 5386 ναῷ
3138 5358 3153 5382 ,
3178 5316 3246 5369 Ἦ
3271 5313 3480 5386 μήποτέ
3509 5331 3560 5368 τι
3584 5313 3795 5385 μυστή-

583 5427 629 5462 ⁸⁴¹
662 5428 874 5484 Coloss.
904 5445 946 5495 ι,
974 5429 1062 5483 20.
1160 5429 1205 5460 ³⁸
1239 5428 1404 5484 llebr.
1444 5445 1520 5496 vi,
1553 5428 1641 5494 16,
1672 5429 1761 5484 17.
1840 5428 1883 5459 ³⁸
1919 5427 2052 5482 Luc.
2086 5442 2101 5481 ι

2208 5425 2250 5480 1.
2330 5425 2376 5457 ⁸ο
2403 5425 2538 5482 Luc.
2572 5442 2634 5495 ti,
2670 5429 2726 5485 8.

587 5544 700 5626 (bii)
741 5545 878 5600 Hinc
907 5544 1119 5626 videtur
1167 5546 1415 5626 hausisse
1465 5546 1692 5626 _[_‘_hotius
1725 5545 1878 5626 plura
1909 5544 2101 5613 hujus—
2435 5547 2708 5626 ςᾼνεπιγ..
3041 5623 3049 5626 Α
3089 5615 3099 5626 ⁸
3153 5612 3174 5626 ﬁ
3274 5615 3287 5626 .
3457 5615 3471 5626 _
3553 5614 3616 5626 ..Α
3773 5571 3788 5626 .-

515 5612 1003 5687 modijrgunienta
1029 5617 1295 5687 adversus
1345 5612 1737 5679 Paullicianos,
1758 5617 1876 5669 sive
1934 5612 2103 5687 novos
2283 5612 2398 5687 (uo)
2430 5612 2652 5671 Confer.
2697 5616 2844 5671 hom.
2873 5631 2970 5670 XIX
3002 5623 3057 5671 et
3089 5612 3231 5670 infra
3273 5615 3326 5671 in
3370 5615 3492 5671 cod.
3551 5614 3676 5683 594,
3719 5613 3789 5667 ad

515 5678 861 5748 uanas-us.
883 5700 1042 5754 quem
1069 5686 1190 5742 vide
1213 5688 1426 5745 iutomo
1439 5678 1724 5757 Superiore
1745 5695 1946 5741 nostra:
1966 5685 2104 5740 Bibl.
2219 5678 2338 5754 cap.
2370 5678 2407 5752 ι’,
2446 5703 2584 5740 vers.
2613 5689 2702 5742 63.

587 5757 699 5826 (57)
736 5757 917 5829 ,Ὠριτ-

2270 5762 2377 5828 (nt)
2425 5760 2593 5829 Ὠριγ.

579 5829 690 5897 (58)
735 5826 974 5895 Ἀνεπιγ.

2207 4414 2322 4486 (61)
2355 4413 2503 4482 Στίχ.
2538 4410 2776 4486 9.0'.01')2§
2790 4411 3015 4486 ᾔδειτε,
3040 4412 3134 4486 ’ὅτι
3163 4412 3233 4464 ἐν
3268 4412 3392 4478 τοῖς
3426 4414 3532 4467 τοῦ
3565 4415 3799 4483 Πατρός

2743 4482 2864 4536 ἔδει
2893 4481 3048 4537 εἶναί
3078 4501 3155 4552 με
3171 4498 3189 4545 ;
