4172 6418
308 410 412 467 323

1582 411 1877 469 SCIIOLIA
1914 410 1978 467 IN
2021 407 2282 468 LUCAM.

3477 419 3582 474 526

309 545 423 602 ριον
453 525 783 580 αἰνίττεται·
817 525 886 579 Et
921 526 1016 590 τις
1043 525 1196 596 ὑμῶν
1226 526 1320 582 τοῦ
1342 527 1554 599 Πατρός
1579 529 1748 591 ἐστιν,
1785 527 1896 597 ἔχει

2005 527 2122 595 quis
2153 533 2395 582 vestrum
2422 521 2602 579 Patris
2631 532 2736 590 est.
2761 526 2929 582 habet
2956 525 3233 583 Christum
3267 529 3320 584 in
3357 531 3579 601 seipso?

305 619 398 674 τὸν
423 619 660 690 Χριστὸν
689 619 746 669 ὲν
776 617 988 688 ὲαυτῷ;
1021 618 1236 672 Μᾶλλον
1261 617 1370 688 γάρ
1388 617 1482 671 τοῦ
1517 617 1725 689 Πατρὸς
1753 617 1894 689 ὁρῶν

307 711 550 782 ἔμψυχόν
591 709 736 775 ναὸν,
772 707 865 762 τὸν
905 709 1069 762 καλόν
1101 726 1162 762 τε
1195 708 1290 761 καὶ
1321 709 1544 778 ἀγαθὸν,
1579 708 1732 780 ἢτὸν
1769 708 1896 762 ναὸν

308 807 530 858 ἐκεῖνον·
568 802 757 872 ἐξῆλθε
783 801 892 872 γὰρ
914 802 1022 855 άπὸ
1051 801 1143 856 τοῦ
1169 800 1296 854 ναοῦ
1322 802 1527 855 ἐκείνου
1562 799 1749 854 εἰπών·
1783 801 1895 871 (62)

321 898 570 966 Ἀςρίεται
595 895 738 963 ὑμῖν
772 899 804 950 ὁ
842 891 1009 961 οἶκος
1030 895 1217 963 ὑμῶν,
1271 895 1366 948 καὶ
1409 894 1649 965 ἀπῆλθεν
1682 895 1774 946 ἐπὶ
1805 893 1896 948 τὸν

309 991 434 1043 ναὸν
457 989 552 1043 τοῦ
583 989 817 1060 Πατρὸς,
843 988 941 1051 τὰς
970 987 1294 1057 Ἐκκλησίας
1325 987 1422 1051 τὰς
1458 986 1751 1057 πανταχοῦ.

310 1081 597 1150 Στίχ.·να¹.
640 1079 749 1132 Καὶ
777 1075 856 1149 ἦν
891 1078 1396 1201 ὑποὶτασῖόμενος
1440 1076 1659 1142 αὐτοῖς,
1700 1077 1793 1130 καὶ
1826 1077 1896 1130 τὰ

1005 1163 1130 1200 Αοιπ
1173 1187 1186 1200 .

1005 1163 1186 1200 Αοιπα.

387 1241 646 1315 (65)Ἑπὶ
680 1240 778 1310 μὲν
802 1238 881 1309 τῷ
917 1239 1070 1311 παρὰ
1110 1238 1382 1302 Ἰουδαίοις
1415 1239 1596 1309 μόνοις
1628 1253 1897 1310 κηρυσσο-

317 1335 460 1404 μένῳ
504 1331 827 1404 προφητικῷ
857 1330 1231 1402 άναγράφεται
1263 1330 1538 1400 βασιλείας
1564 1331 1722 1402 μόνον
1761 1331 1894 1384 Ἰου-

312 1424 470 1477 δαίων
491 1441 504 1453 ·
533 1426 784 1490 ’Ὀρασις
817 1420 947 1492 γὰρ,
983 1422 1169 1492 φησὶν,
1198 1419 1279 1488 ἣν
1302 1417 1461 1474 εἶδεν
1497 1421 1755 1486 Ἠσατας
1793 1437 1897 1474 κα-

313 1516 383 1569 τὰ
413 1513 522 1584 τῆς
563 1513 880 1578 Ἰουδαίας,
924 1512 1025 1565 καὶ
1067 1512 1217 1565 κατὰ
1256 1509 1368 1579 τῆς
1404 1512 1790 1580 Ἰερουσαλὴμ
1829 1511 1898 1564 ἐν

308 1605 824 1673 ,ϐασιλείᾳὈζίοω
861 1604 960 1658 καὶ
992 1603 1234 1658 Ἰωάθαν
1264 1604 1360 1657 καὶ
1405 1600 1583 1672 Ἇχὰζ,
1617 1602 1728 1674 καὶ(
1753 1601 1896 1662 Ἐζε-

313 1698 482 1766 κίουο
520 1697 614 1749 καὶ
656 1695 847 1748 οὐδένα
895 1693 1052 1747 ἄλλον
1083 1689 1199 1745 οἶδα
1228 1691 1449 1762 βασιλέα
1475 1693 1898 1764 ἀναγεγραμμέ-

311 1809 400 1844 νον
428 1794 486 1844 ὲν
515 1789 592 1859 τῷ
620 1788 798 1859 χρόνῳ
821 1787 920 1857 τῆς
947 1784 1282 1857 προφητείας
1309 1784 1453 1854 ἢτὸν
1477 1784 1578 1853 τῆς
1604 1784 1890 1848 Ἰουδαίαςο

1999 618 2187 674 Potius
2213 619 2360 673 enim
2410 616 2587 671 Patris
2633 627 2787 685 putat
2820 620 3076 690 templum
3112 636 3234 676 esse
3279 623 3575 680 animatum

2000 708 2272 765 hominem
2304 711 2530 779 probum
2564 724 2628 764 ac
2669 709 2893 777 bonum,
2924 727 3087 780 quam
3125 714 3381 783 templum
3418 717 3572 772 illud.

1997 800 2142 856 Exiit
2168 803 2312 856 enim
2345 803 2410 857 de
2442 801 2530 856 illo
2566 804 2766 871 templo
2794 805 2982 859 dicens
3010 823 3022 858 :
3064 801 3405 874 Relinquitur
3433 810 3575 863 vobis

1997 900 2186 950 domus
2220 905 2396 949 vestra
2420 897 2489 962 ιι,
2517 905 2572 951 et
2598 895 2734 950 abiit
2763 896 2829 949 ad
2864 895 3117 965 templum
3150 895 3353 964 Patris,
3381 897 3573 954 Eaeleu

1997 988 2110 1043 sias
2136 1001 2334 1056 nempe
2359 1001 2478 1056 quae
2515 987 2714 1056 ubique
2743 998 3006 1042 terrarum
3041 997 3188 1047 sunt.

2281 1080 2346 1135 ν.
2378 1081 2466 1136 Si.
2494 1081 2562 1134 Et
2592 1091 2703 1135 erat
2730 1082 2993 1150 subjectus
3022 1083 3149 1147 illis,
3184 1092 3288 1139 etc.

2069 1241 2296 1309 Quando
2349 1242 2490 1309 apud
2523 1239 2739 1297 Judaeos
2771 1241 2914 1297 solos
2958 1243 3334 1312 propheticum
3386 1244 3577 1298 vatici-

1998 1333 2147 1387 nium
2215 1333 2518 1403 evulgatur,
2571 1334 2897 1390 describitur
2943 1337 3207 1391 duntaxat
3263 1336 3572 1391 Judaeorum

1997 1439 2246 1493 regnum.
2290 1422 2447 1489 Puta,
2484 1421 2651 1485 Visio,
2699 1425 2896 1493 inquit,
2927 1442 3084 1494 quam
3114 1427 3241 1479 vidit
3275 1425 3452 1480 Isaias
3474 1427 3575 1479 ad-

1996 1533 2172 1571 versus
2196 1515 2442 1570 Judaeum
2465 1524 2512 1568 et
2532 1516 2780 1570 adversus
2810 1515 3103 1571 Jerusalem
3124 1519 3181 1571 in
3210 1534 3366 1588 regno
3403 1516 3570 1581 Oziw.

1996 1618 2042 1660 et
2070 1605 2323 1672 Joatlzan,
2341 1616 2390 1662 et
2411 1608 2607 1672 Achaz,
2639 1617 2688 1661 et
2708 1606 2945 1662 Ezechile
2963 1609 3007 1641 δ’
3027 1627 3040 1663 :
3062 1624 3160 1664 nec
3191 1610 3354 1664 alium
3379 1624 3573 1679 quem-

1997 1700 2144 1770 piam
2196 1700 2321 1755 novi
2372 1701 2668 1771 ascriptum
2722 1715 2901 1770 regem
2950 1711 3192 1770 tempore
3251 1703 3571 1772 prophetiae,

2000 1801 2365 1861 praeterquam
2411 1791 2634 1847 Iudaeae.
2673 1792 2730 1848 In
2761 1793 3087 1862 quibusdam
3115 1808 3244 1847 vero
3275 1795 3568 1860 vaticiniis,

313 1882 404 1935 ἐπί
441 1898 601 1935 τινων
641 1881 697 1932 δὲ
730 1877 1074 1950 προφητειῶν
1121 1877 1216 1930 καὶ
1247 1876 1338 1929 τὸν
1375 1875 1596 1946 βασιλέα
1638 1876 1733 1929 τοῦ
1787 1877 1891 1930 Ἰσ-

2005 1885 2163 1939 etiam
2203 1899 2381 1957 regem
2411 1883 2592 1939 Israel.
2625 1886 2694 1940 At
2725 1886 2939 1952 quando
2979 1883 3216 1940 Joannes
3252 1885 3574 1954 praedicatu-

316 1975 476 2045 ραήλ.
515 1975 644 2026 Ὅτε
685 1972 742 2025 δὲ
777 1970 968 2042 ἔμελλε
1004 1969 1066 2023 τὸ
1107 1970 1401 2041 μυστήριον
1434 1968 1528 2022 τοῦ
1561 1969 1894 2038 Εὐαγγελίου

328 2066 580 2136 Ἰωάννης
631 2062 953 2134 κηρύσσειν,
1007 2061 1420 2132 ἀναγέγραπται
1462 2061 1584 2131 οὐχὶ
1643 2061 1898 2125 Ἰουδαίας

319 2159 478 2230 μόνος
517 2156 768 2228 βασιλεὺς
806 2153 1070 2226 Ἡρώδης,
1131 2152 1251 2206 οὐδὲ
1289 2151 1574 2224 Ῥωμαίων
1617 2152 1776 2224 μόνος
1807 2153 1900 2205 Τι-

311 2250 519 2323 ϐέριος.

970 2338 1128 2390 ΚΕΦ.
1169 2338 1223 2389 Γ¹

392 2431 501 2503 (64)
535 2432 598 2484 Εἰ
621 2429 718 2501 μὲν
751 2431 799 2482 οί
828 2427 937 2482 ἀπὸ
960 2427 1066 2480 τῶν
1097 2425 1264 2480 ἐθνῶν
1300 2425 1448 2496 μόνοι
1476 2425 1696 2497 ἔμελλον
1736 2425 1900 2491 σώζε-

321 2525 466 2589 σθαι,
502 2523 679 2593 πάντη
712 2522 769 2575 δὲ
809 2522 1225 2576 ἀποκέκλεισται
1269 2523 1303 2592 ἡ
1336 2519 1578 2591 σωτηρία
1622 2517 1732 2571 τῶν
1769 2519 1900 2572 υἱῶν

329 2615 566 2688 Ἰσραὴλ,
592 2615 750 2686 ἤρκει
771 2613 852 2680 τὸ,
891 2615 986 2666 Ἐν
1021 2613 1138 2667 ἕτει
1168 2619 1232 2665 ιε’
1255 2610 1367 2680 τῆς
1394 2611 1716 2680 ἡγεμονίας
1753 2612 1902 2664 Τιϐε-

309 2709 448 2778 ρίου
467 2708 767 2776 Καίσαρος
786 2723 800 2737 ο
828 2704 1016 2776 ἐπειδὴ
1030 2705 1087 2758 δὲ
1107 2705 1186 2757 δεῖ
1230 2703 1325 2757 καὶ
1351 2705 1478 2767 τοὺς
1494 2703 1602 2756 ἀπὸ
1623 2703 1722 2774 τῆς
1743 2703 1902 2756 Γαλι-

316 2802 495 2864 λαίας,
529 2801 622 2854 καὶ
654 2801 782 2863 τοὺς
822 2799 930 2852 ἀπὸ
972 2799 1070 2870 τῆς
1115 2798 1414 2868 Ἰτουραίας
1445 2797 1540 2850 καὶ
1572 2795 1901 2868 Τραχωνίτι-

317 2893 425 2957 δος,
450 2894 543 2946 καὶ
575 2892 841 2963 Ἀϐιλινῆς
874 2891 1168 2955 πιστεύειν,
1202 2889 1289 2943 διὰ
1320 2888 1477 2942 τοῦτο
1498 2890 1901 2960 άναγράφονται

319 2986 412 3038 καὶ
438 2977 598 3038 αὗται
628 2984 684 3037 al
725 2983 1010 3054 βασιλεῖαι.
1067 2981 1342 3053 Ἐμνήσθη
1371 2981 1542 3034 δὲκαὶ
1573 2981 1681 3034 τῶν
1702 2981 1902 3051 λάρχιε-

323 3077 462 3149 ρέων
491 3077 659 3130 Ἀννα
690 3075 784 3128 καὶ
815 3074 1061 3142 Καῖὰφα,
1107 3074 1194 3126 ἴνα
1215 3072 1383 3146 δείξῃ,
1410 3073 1492 3125 ὅτι
1522 3071 1630 3125 ἀπὸ
1650 3069 1745 3123 τοῦ
1776 3087 1924 3123 και-ν

325 3167 440 3240 ροῦ,
478 3166 600 3220 καθ’
635 3166 692 3220 δν
713 3161 876 3237 ἦλθεν
897 3167 926 3219 ό
967 3165 1217 3235 Ἰωάννης
1251 3162 1561 3234 κηρύσσων,
1591 3157 1732 3233 ἦσαν
1757 3155 1901 3214 οὗτοι

2001 1991 2095 2032 rus
2125 1987 2244 2032 erat
2291 1979 2608 2050 mysterium
2642 1976 2943 2047 Evangelii,
2971 1979 3299 2032 describitur
3331 1994 3437 2032 non
3474 1978 3572 2034 Ju-

1999 2068 2129 2154 daza‘.
2171 2068 2322 2124 solus
2375 2085 2471 2125 rex
2518 2068 2784 2138 Herodes,
2822 2085 2994 2140 neque
3027 2068 3393 2125 Romanorum
3427 2069 3571 2126 solus

2000 2160 2275 2216 Tiberius.

2635 2340 2717 2395 CA
2731 2339 2788 2394 P.
2849 2339 2934 2394 Ill.

2073 2432 2131 2488 Si
2160 2433 2392 2504 gentiles
2427 2432 2526 2488 soli
2556 2433 2801 2488 salvandi
2833 2443 3008 2497 erant,
3039 2442 3094 2487 et
3115 2448 3341 2502 prorsus
3367 2435 3572 2492 exclusi

2002 2525 2248 2580 fuissent.
2274 2540 2304 2579 a
2336 2523 2508 2579 salute
2545 2523 2640 2578 ﬁlii
2680 2523 2869 2588 Israel,
2916 2524 3049 2578 satis
3083 2523 3272 2579 fuisset
3307 2525 3475 2580 illud:
3506 2526 3573 2581 In

2000 2631 2139 2670 anno
2168 2629 2236 2668 xv
2265 2613 2472 2682 imperii
2506 2612 2701 2666 Tiberii
2743 2610 2975 2666 Cwsaris
3011 2613 3080 2665 “.
3103 2615 3174 2668 At
3210 2616 3337 2684 quia
3361 2625 3576 2685 oportet

2003 2717 2060 2762 ut
2088 2707 2318 2762 credant
2345 2717 2400 2762 et
2419 2707 2456 2760 ii
2487 2707 2584 2776 qui
2607 2713 2734 2760 sunt
2763 2721 2830 2761 ex
2855 2704 3068 2770 lturaaa,
3101 2716 3157 2761 et
3186 2706 3576 2763 Trachonitide

2000 2808 2055 2852 et
2105 2797 2365 2863 Abilina;
2414 2804 2702 2866 propterea
2731 2803 2788 2851 et
2832 2797 2948 2851 haec
2997 2810 3163 2866 regna
3205 2798 3572 2852 ascribuntur.

2002 2888 2170 2943 Facta
2197 2897 2280 2944 est
2322 2896 2504 2945 autem
2547 2888 2751 2941 mentio
2779 2887 2942 2940 etiam
2976 2885 3292 2956 pontiﬁcum
3323 2889 3491 2942 Anna:
3521 2897 3578 2942 et

2002 2981 2240 3050 Caiphae,
2281 2993 2389 3050 quo
2413 2978 2746 3041 ostenderet,
2784 2979 2911 3046 quia
2947 2994 2976 3030 a
3019 2988 3262 3047 tempore
3292 2993 3402 3048 quo
3427 2978 3577 3032 venit

2003 3070 2238 3127 Joannes
2287 3070 2623 3140 praedicans,
2655 3069 2710 3122 in
2737 3083 2824 3130 ,eo
2859 3079 3100 3138 tempore
3135 3079 3420 3138 cmperunt
3453 3084 3577 3124 esse

1998 3140 2111 3214 isti.
2134 3158 2442 3228 pontiﬁces,
2469 3158 2561 3228 qui
2596 3159 2650 3212 in
2682 3157 3005 3228 pontiﬁcatu
3047 3168 3370 3215 manserunt
3406 3175 3578 3230 usque

319 3259 595 3331 ἀρχιερεῖς
631 3259 688 3311 ὲν
731 3257 924 3328 ἐκείνῳ
947 3256 1025 3328 τῷ
1053 3255 1230 3327 καιρῷ
1268 3255 1586 3327 ἀρξάμενοι,
1622 3253 1901 3325 μείναντες

2005 3251 2087 3324 ad_
2097 3251 2401 3323 passionem
2435 3250 2680 3306 Domini.»

320 3349 379 3405 δὲ
417 3351 522 3414 ἓως
553 3349 648 3403 τοῦ
686 3349 891 3412 πάθους
919 3347 1012 3402 τοῦ
1044 3347 1251 3418 Κυρίου
1295 3349 1354 3400 ὲν
1387 3348 1454 3418 τῇ
1501 3344 1898 3417 ἀρχιερωσύνη.

397 3440 506 3497 Τοῦ
538 3441 744 3496 αὑτοῦ.
784 3441 1052 3494 Οὐδέποτε
1085 3439 1277 3508 γέγονε
1307 3439 1458 3509 ῥῆμα
1496 3438 1632 3491 Θεοῦ
1663 3437 1754 3491 ἐπί
1785 3454 1903 3490 τινα

320 3535 430 3589 τῶν
464 3532 757 3605 προφητῶν
784 3535 843 3585 ὲν
863 3535 930 3603 τῇ
961 3533 1174 3602 ἐρήμῳ.
1217 3531 1434 3603 Ἐπειδὴ
1462 3530 1520 3584 δὲ
1541 3531 1748 3602 ἔμελλε
1779 3531 1906 3585 πολ-

322 3628 392 3680 λὰ
418 3626 583 3678 τέκνα
602 3625 700 3695 τῆς
726 3626 931 3696 ἐρήμου
962 3624 1158 3693 μᾶλλον
1183 3617 1323 3676 εἷναι
1350 3623 1384 3693 ἢ
1416 3623 1516 3693 τῆς
1559 3623 1788 3694 ὲχούσης
1814 3621 1906 3674 τὸν

324 3713 511 3782 ἄνδρα,
539 3711 626 3764 διὰ
660 3711 818 3765 τοῦτο
846 3712 1061 3780 ἐγένετο
1100 3712 1250 3783 ῥῆμα
1271 3711 1405 3764 Θεοῦ
1445 3712 1537 3765 ὲπὶ
1569 3712 1819 3783 Ἰωάννην
1847 3714 1906 3766 ὲν

325 3805 390 3874 τῇ
423 3804 632 3872 ἐρήμῳ.
671 3804 734 3855 Εἰ
769 3801 878 3872 γὰρ
913 3802 988 3874 μὴ
1021 3802 1179 3856 τοῦτο
1201 3800 1292 3874 ἦν,
1337 3804 1402 3856 ὲκ
1428 3801 1692 3874 περισσοῦ
1733 3804 1907 3856 ἐποίει

325 3891 616 3963 κηρύσσων
645 3891 702 3942 ὲν
731 3893 797 3961 τῇ
832 3891 1042 3962 ἐρήμῳ.
1089 3889 1197 3944 Καὶ
1235 3886 1423 3960 ἦλθεν
1449 3891 1536 3954 εὶς
1563 3887 1768 3942 πᾶσαν
1796 3887 1910 3955 τὴν

2074 3430 2350 3500 Ejusdem.
2381 3430 2632 3487 Nondum
2680 3431 2860 3488 fuerat
2891 3433 3116 3488 verbum
3159 3433 3252 3489 Dei
3284 3435 3350 3488 ad
3382 3449 3578 3504 qucm-

2006 3523 2148 3592 piam
2186 3524 2578 3594 propbetarum
2622 3524 2966 3579 in‘deserto.
3001 3527 3072 3580 At
3111 3527 3200 3580 ubi
3248 3529 3423 3594 plures
3457 3540 3580 3580 esse

2005 3615 2271 3670 debebant
2286 3617 2383 3685 ﬁlii
2399 3617 2636 3682 desertae,
2657 3633 2813 3685 quam
2828 3618 2940 3687 ejus
2956 3633 3072 3687 qua:
3087 3620 3305 3672 habebat
3329 3621 3375 3673 vi
3380 3635 3494 3672 rum
3510 3619 3579 3686 “,

2005 3721 2288 3778 propterea
2335 3727 2349 3763 :
2396 3706 2626 3762 Factum
2669 3719 2744 3762 est
2790 3709 3004 3763 verbum
3057 3709 3153 3763 Dei
3196 3712 3264 3763 ad
3319 3709 3581 3766 Joannem

2005 3801 2061 3853 in
2089 3799 2294 3853 deserto
2320 3799 2388 3853 “.
2423 3798 2538 3854 Nisi
2571 3799 2717 3853 enim
2745 3799 2847 3853 hoc
2877 3798 3094 3863 fuisset,
3131 3800 3403 3855 incassum
3439 3803 3582 3871 egis-

2009 3900 2090 3944 set
2118 3891 2419 3960 praadicans
2445 3890 2497 3944 in
2521 3890 2760 3945 deserto.
2782 3888 2848 3942 Et
2875 3891 3010 3944 venit
3040 3890 3095 3942 in
3125 3906 3328 3945 onmem
3355 3893 3606 3945 circum-—

325 3983 659 4052 περίχωρον
687 3981 792 4035 τοῦ
809 3980 1121 4049 Ἰορδάνου·
1151 3980 1264 4050 (65)
1302 3977 1406 4031 ποῦ
1438 3978 1547 4050 γὰρ
1571 3978 1676 4032 ἔδει
1699 3979 1788 4032 τὸν
1811 3979 1904 4032 Βα-

2005 3984 2267 4051 iacentem
2301 3983 2564 4050 regionem
2620 3981 2876 4036 Iordanis
2903 3983 2970 4035 ιο.
3011 3983 3132 4049 Quo
3173 3985 3317 4038 enim
3356 3984 3584 4038 debebat

326 4072 555 4144 πτιστὴν
588 4071 969 4144 προέρχεσθαι,
1003 4071 1035 4142 ἦ
1068 4072 1147 4134 είς
1178 4070 1275 4142 τὴν
1300 4071 1606 4140 περίχωρον
1637 4067 1732 4121 τοῦ
1780 4070 1911 4140 Ἰορ-

325 4165 506 4231 δάνου,
540 4165 648 4229 ἵνα,
687 4163 783 4217 ἐάν
815 4180 898 4227 τις
931 4162 1186 4234 βούληται
1231 4164 1531 4233 μετανοεῖν,
1580 4159 1785 4224 εὐθέως
1823 4161 1912 4212 εὑ-

327 4259 541 4329 πορήσῃ
573 4255 667 4309 τοῦ
689 4254 934 4326 ποταμοῦ
963 4271 978 4320 ;
1013 4254 1368 4308 Καταϐαίνων
1389 4253 1496 4325 γάρ
1515 4253 1660 4306 ἐστιν
1681 4251 1756 4315 ὡς
1777 4251 1908 4322 ἀλη-

329 4346 437 4410 θῶς
461 4349 488 4399 ὁ
522 4345 766 4416 ποταμός
793 4344 887 4397 τοῦ
917 4343 1075 4406 Θεοῦ,
1108 4342 1167 4396 τὸ
1203 4342 1348 4414 ὕδωρ
1378 4341 1438 4394 τὸ
1460 4340 1733 4412 ἀληθινὸν,
1766 4339 1828 4394 τό
1855 4339 1914 4392 ῦ-

327 4439 438 4510 δωρ
465 4438 526 4491 τό
549 4439 832 4508 σωτήριον.
864 4436 974 4490 Καὶ
998 4436 1316 4503 κηρύσσει,
1353 4434 1538 4503 φησὶν,
1572 4434 1658 4498 εὶς
1695 4431 1914 4501 ἄφεσιν

327 4529 627 4601 ἁμαρτιῶν
653 4529 988 4597 βάπτισμα.
1017 4528 1113 4590 Είς
1137 4526 1330 4596 ἄφεσιν
1354 4525 1410 4580 δὲ
1438 4522 1742 4596 ἁμαρτιῶν,
1770 4523 1873 4576 τίνι
1896 4539 1910 4588 ;

329 4622 362 4692 ἢ
395 4621 472 4692 τῷ
525 4619 719 4692 μηκέτι
749 4619 1139 4691 ἁμαρτάνοντι.
1189 4613 1322 4671 Εἶτα
1354 4615 1443 4670 τόν
1486 4616 1712 4670 Ἡσαΐαν
1762 4631 1904 4686 παρ-

333 4713 510 4784 ίστησι
540 4713 696 4766 τοῦτο
725 4712 857 4764 αὐτὸ
890 4710 1134 4781 βοῶντα;
1168 4710 1233 4763 Τί
1275 4709 1417 4781 γάρ;
1448 4725 1581 4780 φησι
1607 4707 1777 4775 Φωνὴ
1799 4708 1910 4773 ,βου

329 4801 520 4868 ῶντος
539 4804 609 4857 ἐν
629 4801 704 4870 τῇ
723 4801 937 4871 ἐρήμῳ.
964 4801 1134 4857 Τοῦτο
1164 4800 1222 4853 δέ
1255 4817 1418 4870 φησιν
1437 4818 1450 4831 ·
1479 4801 1555 4863 ὡς
1583 4798 1652 4852 ἂν
1693 4799 1911 4851 Ἡσαΐου

330 4894 496 4947 αὐτοῦ
541 4893 830 4958 ἀκούοντος
889 4894 999 4948 τῶν
1045 4893 1222 4962 λόγων
1274 4894 1542 4947 Ἰωάννου.
1601 4890 1913 4953 Ἐπίλεκτος

331 4985 440 5057 γὰρ
472 4981 540 5056 ἦν
573 4988 652 5050 εἰς
679 4985 981 5062 ἀποστολὴν
1028 4985 1298 5055 Ἰωάννης,
1344 4985 1438 5038 καὶ
1469 4983 1673 5047 τέλειος
1705 5000 1915 5055 προφη-

329 5079 458 5132 τῶν.
507 5078 720 5150 Ἐπειδὴ
753 5079 809 5132 δὲ
832 5081 860 5133 ό
895 5079 1146 5150 Ἰωάννης
1175 5077 1480 5150 πρόδρομος
1505 5071 1572 5147 ἦν
1599 5075 1693 5128 τοῦ
1716 5075 1912 5144 Λόγου,

331 5172 555 5232 εἰκότως
574 5172 726 5242 φωνὴ
753 5171 1087 5242 ὠνόμασται,
1121 5170 1182 5222 οὒ
1204 5168 1377 5238 λόγος.
1401 5167 1778 5240 Προλαμϐάνει
1806 5165 1916 5237 γὰρ

331 5262 368 5334 ή
417 5262 568 5332 φωνὴ
618 5263 707 5316 τὸν
743 5260 922 5330 λόγον.
975 5261 1048 5314 Τὸ
1080 5259 1136 5313 δέ
1155 5277 1170 5291 ·
1219 5258 1602 5329 Ἑτοιμάσατε
1633 5257 1749 5326 τὴν
1773 5257 1918 5312 ὁδὸν

404 5423 446 5457 δ’
489 5424 679 5481 Matth.
724 5441 881 5492 χχιιι,
912 5423 999 5480 58.
1115 5424 1160 5456 ⁴²
1191 5422 1292 5480 lsa.
1329 5438 1367 5489 ι,
1411 5423 1463 5480 Ι.

332 5494 529 5557 "ibid.
600 5495 884 5552 “ibid.4.
958 5494 1158 5551 “ibid.

407 5642 522 5782 ξω)
547 5641 681 5698 Vide
703 5643 850 5698 bom.
885 5656 979 5696 xx.

428 5715 517 5782 65)
560 5715 730 5782 Ὠριγ.
760 5713 892 5770 Vide
919 5713 979 5767 in

410 5707 517 5782 (65)
560 5715 730 5838 ’?pt7.
760 5713 892 5770 Vide
919 5711 1062 5767 infra
1101 5712 1154 5768 in
1184 5711 1306 5769 cod.
1331 5707 1459 5776 294,
1506 5707 1573 5763 ad
1631 5719 1750 5778 cap.
1818 5721 1905 5775 ιιι,

410 5800 535 5839 vers
615 5825 627 5838 .

1571 5422 1618 5456 ⁸³
1657 5422 1792 5480 Luc.
1825 5439 1908 5492 ιιι,
1950 5424 2002 5479 1.

2009 4071 2224 4140 prodire
2247 4068 2514 4139 Baptista,
2531 4085 2695 4140 quam
2721 4072 2772 4125 in
2799 4071 3276 4139 circumjacentem
3305 4073 3581 4143 regionem

2009 4160 2284 4225 Jordanis,
2317 4170 2375 4214 ut
2400 4160 2446 4214 si
2481 4176 2642 4231 quem
2672 4161 2832 4216 vellet
2867 4163 3158 4232 paenitere,
3177 4165 3359 4217 statim
3389 4162 3585 4218 ﬂuvius

2011 4253 2063 4306 in
2088 4265 2336 4323 promptu
2373 4253 2552 4307 esset?
2583 4253 2877 4308 Descendit
2909 4253 3053 4307 enim
3083 4268 3210 4307 vere
3238 4251 3436 4308 ﬂumen
3466 4256 3581 4321 Dei,

2012 4359 2149 4412 aqua
2180 4359 2368 4411 verax,
2397 4358 2537 4414 aqua
2569 4343 2848 4399 salutaris.
2889 4343 2954 4398 Et
2980 4346 3258 4414 praedicat,
3295 4345 3394 4410 ait,
3423 4347 3476 4399 in
3504 4363 3586 4399 re-

2013 4435 2308 4490 missionem
2351 4445 2684 4504 peccatorum
2731 4434 2992 4503 baptisma
3022 4435 3090 4491 "'.
3118 4434 3174 4490 In
3206 4436 3582 4490 remissionem

2014 4535 2382 4596 peccatorum,
2411 4527 2497 4582 cui
2518 4527 2541 4580 ?
2561 4527 2664 4582 nisi
2697 4541 2800 4580 non
2836 4526 3066 4596 amplius
3087 4528 3354 4596 peccanti.
3381 4527 3585 4581 Deinde

2009 4617 2201 4671 Isaiam
2235 4617 2458 4670 adducit
2491 4617 2594 4671 hoc
2643 4617 2818 4686 ipsum
2864 4616 3208 4672 clamantem.
3243 4617 3381 4684 Quid
3415 4617 3581 4681 enim,
3665 4647 3668 4650 ~

2015 4707 2226 4778 inquit?
2263 4706 2380 4762 Vox
2409 4708 2690 4764 clamantis
2722 4711 2779 4764 in
2825 4713 3030 4765 deserto
3055 4707 3123 4764 ⁸⁸.
3149 4709 3263 4764 Hoc
3293 4724 3455 4778 porro
3487 4709 3582 4773 ait,

2015 4799 2240 4869 perinde
2286 4811 2450 4870 atque
2497 4799 2665 4855 Isaias
2715 4802 3000 4872 ipsiusmet
3043 4800 3268 4856 Jonnnis
3311 4814 3588 4856 sermones

2015 4897 2334 4951 audivisset.
2358 4896 2577 4952 Electus
2603 4897 2747 4951 enim
2780 4907 2897 4953 erat
2929 4897 2984 4951 in
3016 4895 3375 4967 apostolatum
3418 4893 3587 4949 Joan-

2015 5000 2136 5050 nes,
2166 4996 2218 5040 et
2259 4985 2696 5042 absolutissimus
2721 4988 3128 5058 prophetarum.
3166 4987 3231 5040 Et
3273 4987 3396 5056 quia
3427 4983 3590 5040 Joan-

2017 5089 2112 5132 nes
2165 5090 2471 5147 praecursor
2499 5086 2619 5131 erat
2665 5075 2849 5143 Verbi,
2894 5079 3088 5133 merito
3135 5093 3235 5133 vox
3289 5076 3590 5146 appellatus

2017 5175 2124 5232 est,
2163 5183 2274 5223 non
2304 5170 2552 5226 verbum.
2599 5168 2782 5224 Primo
2813 5169 2955 5223 enim
3003 5176 3257 5224 censetur
3297 5183 3399 5223 vox
3425 5184 3586 5238 quam

2022 5259 2272 5314 verbum.
2307 5258 2439 5314 Illud
2479 5274 2680 5330 porro:
2712 5257 2911 5314 Parate
2940 5260 3080 5314 viam
3115 5259 3328 5314 Domini
3355 5259 3422 5325 ",
3459 5259 3587 5328 quid

2144 5423 2192 5456 δι
2235 5423 2340 5479 Isa.
2383 5439 2493 5492 uv,
2545 5425 2599 5478 ‘I.

2709 5425 2755 5457 “
2797 5424 2923 5481 [.nc.
2982 5440 3065 5492 ιιι,
3123 5425 3177 5480 2.
3278 5423 3326 5457 δ’
3357 5423 3482 5479 ibid.
3533 5422 3589 5479 5.

2086 5612 2207 5708 (64).
2244 5639 2426 5692 Ἀνεπ.

2091 5707 2201 5781 (65)
2235 5708 2368 5768 Vide
2398 5707 2537 5768 inira
2559 5711 2628 5768 ad
2653 5725 2773 5784 cap.
2801 5727 2886 5782 Ill,
2916 5728 3056 5771 vers.
3092 5715 3148 5782 5,
3173 5715 3227 5771 in
3257 5716 3376 5772 cod.
3406 5711 3530 5770 ⁸594.
