4172 6452
541 374 648 430 δῖ]

1403 366 1970 424 SliPPLEMENTUM
2004 367 2095 424 AD
2126 363 2454 459 ORIGENIS
2489 364 2900 422 EXECETICA.

3710 366 3816 422 528

537 503 645 559 est,
676 492 778 548 nisi
810 505 928 562 pro,
966 491 1248 561 Disponite
1278 506 1375 547 vos
1414 494 1481 546 ad
1521 491 1871 561 suscipienda
1905 505 1969 545 ea
2001 505 2108 558 qua

2224 489 2468 557 Κυρίου,
2496 488 2548 542 τί
2582 490 2750 545 ἐστιν.
2779 488 2829 540 εί
2857 486 2931 558 μὴ
2958 486 3078 540 ἀντὶ
3096 485 3212 550 τοῦ,
3242 486 3646 559 Εύτρεπίσθητε
3680 485 3817 558 πρὸς

537 587 655 655 lege
682 584 1201 640 sancireevoluerit?
1242 583 1429 637 Rectus
1464 584 1624 654 facite
1648 585 1863 638 semitas
1896 585 2011 654 ejus
2036 585 2120 639 "z

537 692 660 748 pro,
692 675 935 730 Desinite
966 691 1130 746 agere
1162 690 1443 746 perversa.

611 853 785 910 Vallis
809 856 855 888 ⁸¹
892 866 973 911 est
1021 855 1288 925 profunda
1337 864 1394 910 et
1437 869 1594 918 cava,
1633 855 1814 911 omnis
1865 854 2120 922 inﬁdelis,

534 949 626 1018 qui
652 951 882 1004 credens
907 948 960 1001 in
985 949 1282 1012 Christum,
1303 947 1546 1016 repletur
1571 947 1837 1002 fructibus
1863 948 2118 1018 Spiritus,

537 1039 588 1093 id
629 1051 713 1094 est
745 1041 1062 1094 virtutibus.
1097 1038 1252 1093 Mons
1299 1049 1349 1093 et
1379 1039 1530 1092 collis
1558 1039 1892 1104 humiliatus,
1917 1049 2000 1095 est
2022 1039 2119 1096 Ju-

535 1133 774 1186 dzeorum
815 1135 1047 1200 superbe
1092 1131 1311 1200 sapiens
1342 1131 1668 1200 p0pulus....
1707 1130 1803 1184 Vel
1833 1141 2036 1185 montes
2070 1139 2121 1185 et

534 1223 714 1290 colles,
751 1235 874 1278 sunt
905 1223 1200 1278 contrariae
1238 1223 1493 1288 virtutes,
1519 1238 1642 1292 quae
1669 1238 1768 1291 per
1796 1223 1997 1278 Christi
2025 1239 2119 1278 cu-

534 1330 650 1368 ram
684 1314 982 1369 bumiliatze
1021 1324 1149 1367 sunt
1179 1333 1194 1369 :
1233 1325 1289 1368 et
1325 1313 1510 1377 valles,
1555 1321 1682 1367 sunt
1727 1313 1993 1377 homines,
2026 1315 2119 1384 qui

534 1407 728 1478 repleti
756 1415 884 1462 sunt
910 1406 1169 1476 operibus
1201 1405 1380 1460 bouis.

600 1585 808 1654 Aspera
829 1593 950 1638 erat
973 1583 1080 1637 vita
1108 1592 1317 1651 nostra,
1336 1594 1391 1638 et
1415 1583 1601 1654 iniqua
1623 1583 1783 1638 ratio.
1802 1581 2116 1639 Adveniens

540 1692 671 1732 vero
714 1675 977 1732 Dominus
1019 1688 1206 1731 noster
1246 1676 1396 1731 lmvia
1433 1675 1560 1731 fecit
1598 1677 1874 1732 universa.
1908 1677 1970 1731 Et
2001 1678 2115 1734 hzec

538 1769 760 1838 quidem
798 1769 852 1821 in
884 1769 1122 1823 ethnicis
1167 1767 1355 1823 fuere:
1389 1780 1443 1822 at
1479 1770 1530 1824 in
1565 1768 1761 1838 populo
1806 1770 2106 1838 repudiato,

2231 575 2546 647 παραδοχὴν
2596 569 2672 630 ὧν
2726 576 2793 630 ἂν
2851 575 3090 646 βούλοιτο
3153 575 3504 646 νομοθετεῖν;
3562 578 3816 642 Εὐθείας

2228 666 2446 722 ποιεῖτε
2485 667 2591 734 τὰς
2639 669 2877 736 τρίϐους
2919 668 3126 734 αὐτοῦ,
3171 668 3293 722 ἀντὶ
3323 666 3416 721 τοῦ
3441 707 3456 733 ,
3522 666 3813 722 Παύσασθε

2226 762 2402 812 ποιεῖν
2434 758 2504 812 τὰ
2528 759 2957 830 διεστραμμένα.

2301 849 2417 920 (66)
2453 849 2690 918 Φάραγξ
2725 850 2852 918 ,ἐστὶ
2899 851 3086 921 βαθεῖα
3119 852 3214 905 καὶ
3245 852 3398 923 κοίλη
3434 854 3541 915 πᾶς
3565 853 3812 916 ἄπιστος,

2223 939 2302 1005 ὃς,
2333 940 2630 1006 πιστεύσας
2658 943 2736 1006 είς
2767 945 3021 1014 Χριστὸν,
3060 944 3358 1015 πληροῦται
3387 945 3494 997 τῶν
3517 943 3610 996 τοῦ
3646 944 3815 997 Πνεύ-

2226 1055 2394 1108 ματος
2428 1037 2678 1109 καρπῶν,
2716 1039 2962 1093 τουτέστι
2996 1039 3103 1092 τῶν
3153 1038 3383 1111 ἀρετῶν.
3419 1040 3594 1106 Ὅρος
3621 1039 3677 1091 δὲ
3713 1039 3809 1091 καὶ

2217 1129 2449 1196 βουνὸς
2489 1132 2872 1196 ταπεινωθείς
2907 1132 3054 1183 ἐστιν
3087 1133 3116 1184 6
3157 1130 3263 1183 τῶν
3307 1131 3578 1184 Ἰουδαίων
3612 1131 3811 1201 ὑψηλὸ-

2222 1237 2372 1292 φρων
2395 1221 2524 1284 λαός
2723 1221 2834 1292 (67)
2868 1223 2938 1275 Ἦ
2971 1223 3078 1290 ὄρη
3111 1222 3209 1275 καὶ
3238 1222 3455 1286 ,ϐουνοί
3495 1224 3551 1275 αἱ
3579 1223 3811 1276 ἀντικεί-

2224 1329 2382 1382 μεναι
2411 1311 2689 1383 δυνάμεις,
2725 1314 2782 1367 αἳ
2813 1312 2898 1366 διὰ
2937 1314 3036 1384 τῆς
3067 1313 3302 1385 Χριστοῦ
3329 1313 3642 1386 ἐπιμελείας
3672 1318 3800 1368 ἑτα-

2223 1403 2598 1474 πεινώθησανο
2629 1403 2930 1474 φάραγγες
2970 1404 3027 1458 δὲ
3059 1405 3109 1457 oi
3149 1404 3444 1476 ἄνθρωποι,
3497 1403 3548 1457 οἳ
3596 1404 3809 1476 πεπλήο

2221 1510 2424 1564 ρωνται
2457 1495 2636 1566 ἔργοις
2665 1494 2912 1564 ἀγαθοῖς.

2289 1585 2402 1655 (68)
2421 1587 2639 1656 Τραχὺς
2663 1581 2732 1656 ἦν
2749 1587 2948 1657 ἡμῶνὸ
2973 1584 3105 1656 βίος,
3140 1585 3232 1638 καὶ
3256 1584 3542 1655 ἀνώμαλος
3569 1589 3598 1640 6
3625 1587 3800 1656 λόγος.

2230 1675 2428 1729 Ἐλθὼν
2459 1675 2516 1728 δὲ
2549 1678 2577 1729 6
2610 1676 2816 1747 Κύριος
2844 1675 3000 1746 ἡμῶν
3027 1675 3144 1729 λεῖα
3172 1676 3348 1728 πάντα
3377 1677 3664 1747 πεποίηκε.
3693 1679 3806 1732 Καὶ

2215 1767 2309 1819 ἐπὶ
2334 1767 2434 1838 μὲν
2467 1767 2574 1819 τῶν
2606 1765 2774 1820 ἐθνῶν
2798 1766 2969 1820 ταῦτα
3002 1768 3292 1838 γεγένηται
3311 1784 3324 1798 ο
3354 1768 3447 1821 ἐπὶ
3469 1768 3525 1821 δὲ
3551 1769 3646 1823 τοῦ
3674 1770 3803 1824 λαοῦ

529 1834 697 1912 omnis
735 1875 882 1911 mons
912 1869 959 1910 et
993 1859 1140 1914 callis
1173 1834 1579 1915 Itumiliabitur;
1616 1834 1774 1920 Mons
1819 1834 1963 1921 enim
2011 1868 2108 1922 fuit

2215 1834 2628 1930 καθαιρεθέντος
2654 1858 2714 1911 τὸ
2731 1856 2854 1914 πᾶν
2865 1860 3003 1927 ὄρος
3018 1834 3113 1913 καὶ
3122 1834 3350 1925 ,βουνὸς
3365 1863 3802 1931 ταπεινωθήσε-

529 1950 822 2019 aliquando
863 1959 921 2004 et
969 1952 1126 2006 collis
1159 1973 1171 2006 :
1202 1952 1296 2008 sed
1340 1954 1610 2026 proﬂigati
1657 1966 1785 2012 sunt
1827 1968 1882 2013 et
1930 1961 2111 2015 humi-

405 2094 419 2106 ,
529 2041 671 2096 liati.

603 2133 794 2188 Merito
847 2135 1113 2203 genimina
1165 2135 1462 2199 viperarum
1506 2138 1574 2204 5’,
1623 2153 1814 2194 omnes
1869 2139 2113 2199 inﬁdeles

526 2239 708 2282 vocat.
760 2226 861 2294 Qui
906 2227 1052 2281 enim
1092 2227 1521 2283 consuetudines
1560 2245 1688 2286 suas
1735 2248 1841 2287 non
1887 2233 2109 2298 deserit,

528 2335 636 2374 non
664 2320 805 2374 bene
841 2319 1043 2386 accipit
1076 2320 1365 2388 baptisma.
1415 2321 1509 2376 sed
1545 2323 1726 2378 adhuc
1753 2324 2003 2394 genimen
2030 2326 2112 2382 vi-

525 2427 671 2483 perae
691 2421 795 2476 est,
827 2413 881 2468 in
911 2414 1095 2484 seipso
1123 2429 1392 2468 venenum
1423 2415 1718 2484 pravitatis
1750 2417 1980 2471 habens.

597 2499 875 2569 Ejusdem.
904 2500 1130 2570 Lapides
1163 2501 1212 2535 ⁸⁸
1249 2503 1494 2558 nominat
1540 2504 1796 2574 gentiles,
1841 2507 1931 2574 qui
1977 2507 2111 2577 lapi-

527 2593 686 2648 deum
745 2596 946 2652 habent
997 2612 1113 2664 cor,
1153 2608 1317 2668 atque
1360 2614 1426 2654 ex
1470 2600 1634 2654 nimia
1693 2601 2112 2658 insensibilitate

527 2696 796 2742 creaturae
823 2689 1066 2744 serviunt
1085 2704 1196 2758 prae
1223 2690 1504 2754 Creatore.
1525 2690 1834 2763 lapidesque
1857 2692 2110 2751 adorant.

532 2774 869 2831 Vaticinatur
911 2793 1042 2846 ergo
1087 2779 1379 2834 delendum
1413 2783 1667 2850 pupulum
1709 2783 1880 2846 illum,
1915 2796 1971 2840 et
2015 2800 2112 2840 ro-

527 2866 729 2920 caudas
750 2877 960 2935 gentes.
1003 2869 1112 2924 Illis
1146 2870 1292 2924 enim
1339 2871 1406 2926 de
1434 2873 1707 2926 Abraham
1747 2873 2110 2943 gloriantibus

528 2957 704 3011 dixit:
744 2954 828 3011 Ne
862 2958 1158 3022 inceperitis
1194 2961 1368 3015 dicere
1411 2963 1466 3017 in
1503 2964 1648 3018 vobis
1683 2963 1812 3032 ipsis
1839 2981 1858 3018 :
1889 2963 2110 3022 Patrem

525 3047 777 3103 habemus
807 3049 1077 3104 Abraham
1101 3067 1121 3115 ,°
1151 3068 1300 3121 posse
1328 3068 1447 3108 vero
1481 3053 1652 3109 Deum
1681 3055 1879 3126 eﬁicere
1924 3069 2106 3128 gentes

524 3137 666 3205 ﬁlios
694 3140 984 3195 Abrahami
1006 3141 1075 3198 ".

599 3228 676 3283 Ex
708 3231 906 3300 quibus
944 3232 1257 3302 lapidibus?
1290 3234 1406 3290 Non
1439 3235 1650 3306 lapides
1687 3239 1952 3295 innuebat
1987 3241 2106 3296 ina-

526 3321 709 3377 nimos
729 3361 746 3386 ,
781 3323 873 3377 sed
901 3325 1150 3380 homines
1181 3327 1553 3396 insensibiles,
1574 3331 1666 3400 qui
1701 3332 1908 3401 lapides
1928 3345 2105 3401 erant,

527 3423 811 3483 propterea
851 3417 996 3484 quod
1031 3416 1236 3486 lapides
1266 3420 1585 3475 adorabant.
1623 3423 1702 3478 Ac
1731 3423 1800 3478 de
1827 3425 1935 3480 illis
1962 3424 2109 3481 obti-

527 3507 687 3561 nebat
720 3509 866 3576 quod
907 3509 1172 3578 scriptum
1216 3519 1339 3564 est:
1373 3508 1588 3566 Similes
1617 3529 1801 3568 eorum
1823 3516 1977 3584 'ﬁant
2017 3519 2108 3585 qui

528 3597 733 3667 faciunt
760 3617 844 3665 ea,
879 3609 928 3655 et
967 3617 1148 3654 omnes
1169 3603 1490 3671 confidentes
1517 3606 1571 3657 in
1606 3605 1712 3660 illis
1733 3606 1801 3662 ⁵⁸.
1840 3607 2105 3666 Praeterea

527 3693 594 3745 de
631 3691 908 3761 lapidibus
938 3694 1200 3762 scriptum
1231 3705 1317 3750 est
1357 3697 1410 3749 in
1453 3698 1666 3753 cantico
1699 3700 1867 3756 Exodi
1897 3718 1913 3756 :
1948 3701 2105 3772 Lapi-

525 3782 741 3836 descant
773 3793 970 3851 gentes,
998 3785 1162 3862 donec
1194 3797 1526 3854 pertranseat
1555 3797 1778 3859 populus
1803 3794 1922 3860 iste,
1950 3811 2105 3863 quem

525 3874 852 3942 acquisiaisti
882 3875 951 3929 '°.
984 3877 1149 3942 Quasi
1182 3879 1328 3934 clare
1358 3882 1612 3950 postulet,
1645 3884 1784 3953 quod
1816 3895 2103 3956 postquam

526 3965 756 4033 populus
787 3969 1086 4032 transierit,
1119 3985 1226 4025 non
1263 3974 1500 4044 amplius
1528 3974 1890 4044 lapidescant.

529 4052 592 4109 V.
622 4055 710 4113 10.
741 4055 812 4111 Et
841 4060 1236 4130 interrogabant
1256 4079 1397 4137 Aeum
1425 4066 1612 4137 turbat,
1654 4067 1884 4124 dicentes
1908 4087 1927 4125 :
1961 4069 2103 4137 Quid

1087 4148 1210 4202 ergo
1244 4133 1499 4201 faciemus
1519 4135 1544 4188 ?

529 4213 592 4271 V.
623 4216 713 4273 ll.
750 4216 1090 4293 Respondeas
1114 4231 1291 4276 autem
1315 4224 1443 4278 dicit
1471 4225 1579 4278 illis
1604 4239 1624 4278 :
1656 4225 1760 4293 Qui
1783 4227 1938 4282 habet
1968 4229 2102 4284 duas

892 4292 1118 4355 tunicas,
1144 4295 1337 4347 tradito
1368 4311 1472 4350 non
1499 4292 1730 4350 habenti.

595 4376 752 4444 Quod
784 4378 975 4436 dicunt
1006 4383 1111 4437 tale
1144 4393 1226 4438 est
1257 4399 1271 4438 :
1312 4383 1566 4441 Traditos
1589 4387 1752 4443 nobis
1779 4403 1810 4443 a
1836 4387 2019 4461 Moyse
2049 4400 2103 4447 et

2213 1967 2328 2003 ται.
2362 1951 2526 2020 Ὄρος
2561 1951 2669 2020 γὰρ
2699 1945 2768 2020 ἦν
2798 1967 2927 2004 ποτε
2965 1950 3060 2004 καὶ
3085 1950 3270 2021 βουνός
3289 1967 3302 1980 ·
3336 1951 3719 2026 καθῃρέθησαν
3746 1955 3802 2008 δὲ

2217 2043 2312 2096 καὶ
2343 2042 2675 2096 τεταπείνων
2688 2059 2786 2096 ..αι.

2284 2132 2377 2202 (69
2381 2131 2653 2203 )Είκότως
2681 2131 3020 2202 γεννήματα
3039 2132 3294 2204 ἐχιδνῶν
3315 2134 3522 2198 πάντας
3536 2136 3663 2200 τοὺς
3681 2137 3804 2191 ἀπί-

2215 2237 2372 2287 στους
2415 2221 2586 2278 καλεῖ.
2635 2224 2692 2276 ὐ
2725 2223 2834 2296 γὰρ
2883 2225 2956 2296 μὴ
2991 2225 3419 2297 καταλιμπάνων
3444 2226 3513 2280 τὰ
3557 2228 3613 2280 ὲν
3653 2228 3802 2300 αὐτῷ

2211 2314 2330 2385 ἔθη,
2359 2314 2420 2368 οὐ
2443 2314 2706 2385 λαμϐάνει
2735 2315 2916 2379 καλῶς
2944 2315 3004 2368 τὸ
3031 2315 3332 2389 βάπτισμα·
3364 2317 3478 2371 ἀλλ’
3507 2317 3585 2372 ἔτι
3607 2321 3800 2392 γέννη-

2214 2421 2292 2475 μα
2312 2406 2550 2478 ἐχίδνης,
2579 2407 2637 2459 ὲν
2661 2405 2839 2476 ἑαυτῷ
2861 2407 2952 2459 τὸν
2985 2406 3060 2459 ίὸν
3085 2410 3184 2478 τῆς
3210 2409 3473 2480 πονηρίας
3495 2410 3655 2481 ἔχων.

2289 2495 2398 2550 Τοῦ
2417 2495 2624 2550 αὑτοῦ.
2649 2495 2844 2559 Λίθους
2863 2495 3116 2567 ὀνομάζει
3135 2498 3260 2560 τοὺς
3289 2497 3553 2564 ὲθνικοὺς,
3582 2500 3706 2562 τοὺς
3729 2497 3800 2552 λι-

2213 2585 2368 2658 θίνην
2389 2586 2610 2658 ἔχοντας
2639 2587 2884 2658 καρδίαν,
2911 2589 3006 2641 καὶ
3032 2589 3096 2642 ὲκ
3129 2587 3327 2659 πολλῆς
3352 2590 3707 2661 ἀναισθησίας
3730 2593 3796 2662 τῇ

2211 2677 2546 2749 κτίσειπαρά
2556 2677 2644 2731 τὸν
2661 2677 2924 2732 κτίσαντα
2942 2677 3310 2742 δουλεύοντας,
3329 2681 3421 2732 καὶ
3441 2680 3618 2744 λίθους
3634 2697 3799 2753 προσ·

2209 2768 2523 2832 κυνοῦντας.
2555 2769 2894 2841 Προφητεύει
2917 2770 3098 2823 τοίνυν
3125 2770 3224 2842 τὴν
3253 2769 3570 2842 καθαίρεσιν
3589 2773 3798 2826 ἐκείνου

2207 2863 2302 2916 τοῦ
2322 2862 2452 2917 λαοῦ
2478 2862 2571 2916 καὶ
2590 2863 2689 2934 τὴν
2715 2862 2906 2932 κλῆσιν
2930 2861 3038 2916 τῶν
3060 2861 3248 2916 ἐθνῶν.
3292 2863 3548 2926 Ἐκείνοις
3575 2864 3682 2935 γὰρ
3703 2865 3798 2918 αύ-

2208 2956 2365 3028 χοῢσι
2380 2955 2472 3010 τὸν
2485 2955 2737 3028 Ἀϐραάμ
2753 2970 2886 3027 φησι
2905 2969 2920 2984 σ
2954 2954 3051 3022 Μὴ
3071 2954 3336 3023 ἄρξησθε
3352 2955 3553 3026 λέγειν
3574 2955 3643 3008 ὲν
3663 2955 3798 3008 ἐαυ-

2207 3048 2334 3116 τοῒς
2353 3066 2367 3080 ·
2407 3049 2640 3117 Πατέρα
2662 3048 2882 3116 ἔχομεν
2904 3046 3012 3100 τὸν
3045 3046 3296 3118 Ἀϐραάμ
3315 3065 3329 3078 ·
3360 3047 3433 3101 τὰ
3459 3047 3526 3102 δέ
3554 3064 3620 3118 γε
3650 3048 3794 3116 ἔθνη

2132 3170 2176 3229 c
2207 3140 2503 3197 δύνασθαι
2525 3142 2633 3194 τὸν
2658 3138 2808 3194 Θεὸν
2839 3136 3084 3206 ποιῆσαι
3117 3137 3299 3192 τέκνα
3323 3137 3431 3193 τοῦ
3459 3139 3722 3208 Ἀϐραάμ.

2280 3233 2394 3305 (70)
2453 3230 2630 3285 Ποίων
2661 3231 2854 3296 λίθων;
2899 3232 2974 3286 Ού
3009 3231 3188 3294 λίθους
3235 3230 3504 3285 ἐδείκνυεν
3532 3231 3792 3302 ἀψύχους,

2209 3324 2325 3380 ἀλλ’
2351 3320 2677 3394 ἀνθρώπους
2701 3322 3060 3394 ἀναισθήτους
3092 3321 3250 3385 ὄντας
3273 3321 3475 3387 λίθους,
3497 3322 3796 3395 ἐπειδήπερ

2207 3414 2377 3480 λίθοις
2421 3411 2812 3486 προσεκύνουν.
2857 3415 2968 3468 Καὶ
3013 3413 3229 3482 ἐγένετο
3269 3413 3356 3467 ἐπ’
3392 3413 3575 3467 αὐτῶν
3599 3413 3662 3467 τὸ
3699 3430 3794 3482 γε·

2177 3503 2527 3576 -γραμμένον
2550 3518 2565 3534 ο
2601 3502 2834 3572 Ὅμοιοι
2853 3499 3052 3555 αὐτῶν
3095 3499 3362 3571 γένοιντο
3393 3503 3447 3554 ol
3481 3497 3796 3565 ποιοῦντες

2207 3593 2380 3656 αὐτὰ,
2415 3589 2516 3645 καί
2554 3590 2777 3658 πάντες
2809 3593 2863 3645 οἱ
2903 3591 3254 3657 πεποιθότες
3293 3590 3387 3643 ἐπ’
3413 3589 3635 3656 αὐτοῖς.
3673 3590 3795 3658 Ἔτι

2205 3678 2262 3732 δὲ
2288 3679 2381 3732 καὶ
2413 3679 2540 3750 περὶ
2571 3677 2679 3732 τῶν
2714 3677 2878 3732 λίθων
2914 3677 3223 3750 γέγραπται
3256 3679 3314 3733 ὲν
3362 3682 3432 3750 τῇ
3479 3678 3590 3750 ᾠδῇ
3633 3681 3697 3750 τῇ
3734 3682 3792 3731 ἐν

2203 3773 2270 3843 τῇ
2308 3769 2500 3842 Ἐξόδῳ
2518 3787 2533 3801 ο
2564 3770 3122 3840 Ἀπολιθωθήτωσαν
3145 3772 3215 3826 τὰ
3236 3773 3402 3840 ἔθνη,
3422 3773 3532 3839 ἕως
3551 3768 3622 3828 οὗ
3648 3789 3795 3840 παρ-

2204 3863 2355 3930 ἐλθῃ
2405 3865 2437 3917 ό
2468 3863 2620 3929 λαὸς
2647 3857 2846 3928 οὗτος,
2877 3861 2948 3916 ὃν
2971 3861 3206 3932 ἐκτήσω
3225 3880 3237 3894 ⁸
3273 3863 3348 3928 ὼς
3373 3863 3552 3933 δῆλον,
3583 3865 3665 3916 ὅτι
3706 3879 3797 3933 με·

2203 3953 2275 4008 τὰ
2299 3954 2363 4008 τὸ
2391 3953 2682 4027 παρελθεῖν
2701 3952 2793 4006 τὸν
2821 3952 2948 4007 λαδν
2981 3953 3178 4024 μηκέτι
3206 3954 3696 4026 ἀπολιθωθείησαν.

2204 4044 2354 4116 Στίχ.
2385 4051 2438 4100 ι’.
2481 4044 2591 4100 Καί
2619 4042 2937 4114 ἐπηρώτων
2955 4045 3143 4099 αὑτὸν
3171 4048 3225 4098 οί
3259 4044 3450 4114 ὄχλοι,
3472 4043 3754 4115 λέγοντες
3771 4060 3786 4073 ο

2735 4136 2799 4192 Τί
2822 4131 2937 4193 οὖν
2958 4137 3290 4208 ποιήσομεν
3315 4153 3335 4202 ;

2204 4231 2352 4304 Στίχ.
2389 4228 2479 4304 tui.
2531 4231 2896 4304 Ἀπρκριθεὶς
2926 4228 3202 4304 eadem
3242 4228 3473 4304 αυτρῖς·
3532 4230 3586 4283 Ὁ
3634 4227 3794 4299 ἔχων

2387 4300 2496 4355 δύο
2518 4299 2775 4370 χιτῶνας
2799 4298 3099 4369 μεταδότω
3124 4298 3204 4364 τῷ
3227 4299 3314 4368 μὴ
3345 4299 3567 4369 ἔχοντι.

2273 4394 2325 4464 (7
2334 4394 2387 4464 1)
2420 4395 2486 4446 '0
2503 4392 2740 4462 λέγουσι,
2765 4392 3002 4447 τοιοῦτόν
3030 4392 3265 4456 ἐστι’,Τά
3288 4391 3542 4462 δεδομένα
3567 4393 3697 4463 ἡμῖν
3728 4393 3794 4446 ὲκ

525 4470 776 4538 patribus
815 4487 997 4526 mores
1032 4475 1175 4527 circa
1208 4476 1502 4539 sacriﬁcia,
1531 4486 1622 4530 aut
1643 4477 1791 4532 circa
1823 4479 2100 4550 aspersio-

2210 4483 2484 4547 Μωῡσέως
2514 4484 2608 4536 κα)⁵
2636 4482 2744 4536 τῶν
2784 4483 3037 4554 πατέρων
3064 4483 3162 4554 ἔθη
3190 4483 3318 4556 περὶ
3343 4483 3561 4548 θυσιῶν,
3592 4485 3627 4540 ἃ
3663 4485 3794 4556 περὶ

525 4577 624 4617 nes
679 4564 1115 4628 observabimus,
1158 4565 1241 4620 vel
1283 4566 1418 4622 alias
1481 4568 1639 4623 nobis
1687 4569 1814 4625 vita:
1863 4571 2104 4626 rationes

2211 4575 2604 4646 ραντιστηρίων
2621 4575 2938 4646 ποιήσομεν,
2961 4575 2995 4648 ἢ
3022 4575 3210 4647 ἐτέρας
3231 4577 3364 4646 ἡμῖν
3386 4575 3656 4640 πολιτείας
3681 4578 3794 4630 είσο

525 4655 748 4724 agenda:
797 4656 1046 4712 inducis?
1075 4647 1132 4712 Si
1179 4658 1324 4712 enim
1360 4657 1586 4713 Judaica
1618 4659 1754 4714 nihil
1788 4661 1946 4718 nobis
1980 4676 2106 4730 pro-

525 4753 671 4805 sunt,
731 4743 819 4799 dic
873 4746 1052 4814 nobis,
1092 4748 1222 4816 quid
1273 4749 1458 4806 facere
1499 4750 1749 4820 oportet?
1789 4750 1908 4806 Non
1957 4753 2102 4807 enim

524 4836 844 4903 agnovimus
870 4836 1030 4892 aliam
1063 4839 1186 4894 vitae
1213 4841 1502 4897 rationem.
1522 4843 1660 4910 Quid
1685 4859 1816 4914 ergo
1841 4844 2107 4914 Baptista?

521 4927 658 4980 Cum
684 4944 790 4984 non
814 4933 1056 4997 auderet,
1076 4935 1276 5004 quippe
1299 4949 1514 5000 servus,
1534 4951 1814 4992 removere
1829 4939 2100 5005 umbram,

521 5019 840 5091 cultumque
874 5024 1220 5081 introducere
1263 5026 1315 5080 in
1355 5027 1560 5098 Spiritu
1602 5038 1658 5084 et
1690 5029 1923 5086 veritate
1954 5050 1968 5087 :
2002 5032 2100 5087 ad-

524 5108 670 5160 ducit
687 5123 780 5163 eos
799 5113 864 5165 ad
883 5113 1274 5180 plenitudinem
1301 5115 1460 5182 legis,
1485 5117 1536 5171 id
1558 5127 1644 5172 est
1669 5119 1734 5174 ad
1753 5120 2098 5187 charitatem,

521 5198 676 5267 cujus
705 5199 915 5260 fructus
941 5215 1046 5270 est,
1082 5217 1143 5261 ut
1173 5208 1243 5262 sit
1276 5209 1404 5277 quis
1444 5210 1724 5265 sociabilis
1751 5221 1804 5265 et
1837 5211 2097 5280 liberalis,

521 5303 585 5341 ac
612 5305 906 5360 pauperum
950 5305 1181 5351 amator.
1214 5295 1606 5352 Gloriabautur
1643 5300 1789 5353 enim
1821 5298 1994 5356 Judaei
2035 5303 2102 5360 de

522 5381 756 5435 fratrum
782 5382 1092 5452 dilectione,
1123 5398 1177 5444 et
1225 5389 1292 5444 de
1331 5391 1590 5445 sectanda
1629 5391 1864 5447 maxime
1898 5408 2101 5464 paupe-

592 5542 641 5576 ”
669 5547 901 5613 Lue.ut,
925 5549 980 5602 4.
1052 5551 1096 5582 ⁸¹
1128 5551 1259 5607 ibid.
1295 5553 1349 5608 5.
1425 5553 1620 5611 "ibid.
1664 5554 1719 5608 7.

591 5675 708 5748 (66)
754 5677 996 5748 ῖΑνεπιγ.
1033 5682 1098 5737 Et
1126 5685 1315 5739 confer
1343 5686 1490 5740 hom.
1524 5703 1660 5742 xxn.

592 5746 708 5824 {by
749 5747 879 5824 _V_ide
905 5746 1045 5806 inira
1068 5757 1136 5810 ad
1165 5770 1283 5824 cap.
1311 5773 1345 5821 I,
1374 5771 1514 5813 vers.
1551 5758 1619 5812 63
1646 5774 1712 5814 ex
1744 5759 1866 5816 eod.
1895 5759 2020 5816 ὅθί.

593 5817 711 5887 (68)
751 5818 924 5888 Ὠριγ.

2209 4669 2365 4737 άγεις
2407 4667 2559 4732 ὁδόν;
2595 4668 2658 4720 El
2687 4667 2816 4740 ,γὰρ
2845 4667 2997 4721 οὐδὲν
3033 4670 3180 4739 ἡμᾶς
3225 4668 3296 4723 τὰ
3341 4668 3606 4723 Ἰουδαϊκὰ
3645 4669 3791 4738 ὠφε-

2207 4758 2309 4823 λεῖ,
2349 4758 2470 4812 είπὲ
2497 4758 2650 4829 ἡμῖν,
2691 4757 2744 4810 τί
2776 4759 2882 4829 χρὴ
2920 4762 3123 4826 ποιεῖν;
3151 4760 3226 4812 Ού
3267 4759 3375 4831 γὰρ
3400 4759 3556 4830 ῐσμεν
3593 4759 3788 4831 ἑτέρας

2209 4847 2485 4912 πολιτείας
2513 4847 2650 4901 ὁδόν.
2686 4846 2751 4900 Τί
2785 4843 2877 4900 οὖν
2903 4849 2935 4902 6
2970 4849 3313 4920 Βαπτιστήςς
3350 4848 3441 4920 Μὴ
3472 4849 3684 4920 τολμῶν
3711 4851 3789 4914 ὡς

2209 4940 2426 5010 οἰκέτης
2463 4941 2793 5012 ἀποκινῆσαι
2829 4941 2930 5012 τὴν
2975 4940 3152 5005 σκιὰν,
3187 4942 3280 4996 καὶ
3309 4941 3403 5014 τὴν
3435 4945 3492 4996 ἐν
3519 4942 3789 5014 πνεύματι

2213 5035 2309 5088 καὶ
2340 5033 2569 5105 ἀληθείᾳ
2595 5033 2849 5105 λατρείαν
2871 5036 3202 5104 εἰσαγαγεῖν,
3227 5036 3348 5106 ἄγει
3379 5038 3577 5102 αὐτοὺς
3608 5039 3699 5091 ἐπὶ
3727 5039 3788 5090 τὸ

2214 5126 2486 5198 πλήρωμα
2506 5125 2599 5178 τοῦ
2623 5125 2809 5197 νόμου,
2828 5127 3072 5180 τουτέστι
3099 5129 3197 5199 τὴν
3217 5129 3456 5201 ἀγάπην,
3508 5125 3578 5203 ἦς
3604 5134 3632 5184 6
3660 5148 3788 5202 καρ-

2213 5218 2314 5282 πὸς
2343 5218 2406 5271 τὸ
2437 5218 2749 5272 κοινωνικὸν
2783 5213 2921 5272 εἶναι
2961 5220 3055 5273 καὶ
3091 5220 3462 5291 εύμετάδοτον,
3506 5221 3602 5274 καὶ
3632 5221 3787 5290 φιλό-

2213 5325 2449 5378 πτωχον.
2478 5304 2588 5362 Ἦν
2618 5310 2726 5378 γὰρ
2758 5311 2870 5372 τοῖς
2901 5310 3171 5374 Ἰουδαίοις
3195 5311 3286 5363 ἐπὶ
3311 5311 3552 5380 ἀδελφῶν
3573 5313 3788 5384 ἀγαπή⁴

2208 5415 2292 5452 σει
2316 5401 2606 5469 καύχησις,
2637 5397 2732 5451 καὶ
2758 5399 2820 5451 τὸ
2849 5398 2950 5469 τῆς
2978 5398 3343 5471 φιλοπτωχίας
3371 5400 3647 5472 ἐξαίρετον
3670 5419 3685 5435 ο
3723 5400 3786 5455 τὸ

1818 5556 2084 5615 "ibid.8.
2161 5560 2208 5593 ”
2236 5559 2368 5616 ibid.
2444 5560 2490 5592 ⁸³
2515 5560 2658 5615 Psal.
2696 5577 2916 5628 cxxxtv,
2947 5563 3033 5617 l8.
3111 5563 3154 5595 "
3184 5563 3336 5620 Exod
3392 5580 3480 5631 xv,
3515 5563 3600 5619 16.

2287 5692 2400 5762 (69)
2443 5693 2624 5746 ’Δνεπ.
2660 5693 2793 5750 Vide
2818 5697 2963 5750 hom.
2998 5713 3132 5754 xxu.

2283 5763 2394 5833 (70)
2434 5763 2604 5833 Ὠριγ.

2283 5833 2393 5905 (71;
2424 5833 2555 5888 Siue
2584 5835 2819 5891 auctoris
2840 5835 3076 5892 nomine.
