4172 6438
346 397 453 453 3:29

1618 387 1907 444 SCHOLIA
1947 387 2013 442 lN
2052 385 2284 442 LUCAM
2297 429 2309 440 .

3513 378 3616 431 550

350 517 447 586 μὲν
475 513 767 585 ὁλόκληρον
799 512 890 566 τοῦ
915 511 1246 580 Εὑαγγελίου
1272 513 1372 565 οὐκ
1419 510 1634 581 ἔχουσα,
1667 511 1839 581 ἀρχὴν
1873 511 1930 563 δὲ

2057 524 2157 564 -υιιι
2199 521 2402 562 amore.
2429 505 2559 573 Quae
2583 505 2805 575 quidem
2832 503 3074 559 charitas
3095 516 3201 556 non
3236 502 3470 556 habebat
3494 515 3618 565 prn-

346 611 446 680 τῆς
478 606 688 676 Καινῆς
708 604 982 676 Διαθήκης
1014 604 1328 671 εἰσάγουσα.

419 787 559 860 Τρία
583 786 883 858 πράγματα
911 785 1140 854 εἰσάγει,
1174 786 1267 839 καὶ
1297 785 1365 839 τὰ
1393 783 1572 838 λοιπά.

2040 599 2182 655 fecto
2209 599 2479 668 integram
2509 596 2782 666 Evangelii
2814 596 3211 665 perfectionem
3245 612 3258 646 :
3287 593 3501 648 initium
3535 600 3619 646 ta—
3677 599 3682 606 '

2041 705 2162 744 men
2199 689 2583 745 introducebat
2610 689 2740 743 Novi
2773 687 3133 743 Testamenti.

2110 781 2240 836 Tria
2269 781 2582 846 introducit,
2622 792 2731 836 etc.

362 932 3627 968 Μ

1364 1103 1910 1195 EJUSDEM
1988 1104 2113 1193 IN
2189 1103 2624 1194 LUCAM.

1506 1296 1608 1369 [Ex
1641 1299 1762 1353 cod.
1802 1295 1989 1351 Venet.
2015 1296 2122 1354 594
2148 1295 2426 1370 (ts-75).]

1001 1598 1160 1651 ΚΕΦ.
1206 1597 1280 1649 A'.

425 1693 571 1764 Στίχ.
609 1692 711 1746 κδ’.

432 1789 546 1860 (74)
583 1786 757 1839 Βλέπε
789 1783 878 1838 τὸν
907 1782 1076 1837 τύπον
1103 1783 1160 1836 ὲν
1183 1779 1262 1852 τῷ
1287 1781 1551 1853 Ζαχαρία.
1591 1780 1945 1844 Ἑκϐαλὸντες

358 1877 470 1949 γὰρ
488 1878 579 1931 τὸν
605 1877 762 1944 λόγον
789 1874 872 1943 ἐφ’
897 1873 1123 1930 ἑαυτῶν.
1146 1873 1242 1926 καὶ
1273 1871 1349 1943 μὴ
1376 1872 1664 1943 δυνάμενοι
1687 1873 1815 1942 περὶ
1849 1889 1943 1942 μη-

359 1970 509 2034 δενὸς
546 1969 704 2037 λόγον
733 1965 1027 2021 ἀποδοῦναι
1059 1963 1282 2036 νομικοῦ
1316 1963 1351 2034 ἢ
1393 1961 1734 2035 προφητικοῦ
1763 1961 1945 2030 λόγου,

365 2061 541 2130 κωφοί
575 2061 670 2112 καὶ
711 2058 893 2126 ἄλογοι
931 2058 1171 2128 μένουσι.

395 2151 546 2222 Στίχ.
600 2151 699 2222 Et.
764 2149 874 2222 Καὶ
931 2148 1192 2222 αἰτήσας
1237 2145 1579 2222 πινακίδιον
1611 2146 1910 2222 fry-patiar,

658 2218 933 2286 Ἰωάννης
961 2219 1134 2272 ἐστὶν
1157 2219 1421 2286 τοῦνομα
1451 2216 1660 2271 αὑτοῦ.

444 2309 662 2381 Ἐπειδὴ
709 2308 817 2380 γὰρ
869 2307 1230 2380 ἑρμηνεύεται
1280 2307 1556 2380 Ζαχαρίας
1607 2307 1705 2378 μὲν
1742 2304 1948 2375 μνήμη

366 2400 516 2456 θεοῦ
541 2442 556 2466 ,
598 2401 851 2471 Ἰωάννης
878 2401 936 2454 δὲ
964 2405 997 2455 ό
1023 2401 1294 2468 δεικνύς·
1335 2400 1608 2472 μέμνηται
1645 2399 1703 2452 δέ
1742 2417 1827 2463 τις
1857 2398 1949 2452 τοῦ

364 2493 632 2560 ἀπόντος,
669 2493 908 2546 δείκνυσι
943 2493 1000 2546 δὲ
1034 2493 1104 2546 τὰ
1134 2493 1376 2564 παρόντα
1401 2509 1414 2522 ·
1459 2492 1549 2545 διὰ
1579 2491 1738 2544 τοῦτο
1771 2492 1820 2544 οἰ
1857 2489 1950 2543 τοῦ

367 2584 558 2646 παιδὸς
605 2583 795 2636 τούτου
840 2583 1162 2654 γεννήτορες
1195 2583 1295 2635 οὐκ
1326 2581 1552 2651 ἀνέσχον
1581 2580 1741 2634 αὑτὸν
1771 2579 1953 2634 καλεῖν

365 2677 642 2746 Ζαχαρίαν
667 2715 682 2739 ,
717 2674 854 2728 ἀλλὰ
895 2675 1094 2746 μᾶλλον
1135 2673 1387 2744 Ἰωάννην
1419 2672 1706 2742 ὀνομάζειν
1744 2671 1949 2743 ἤθελον.

367 2769 511 2822 Διότι
549 2768 772 2839 ἔμελλεν
813 2768 1092 2840 μονονουχὶ
1129 2767 1488 2838 μνημονεύειν
1513 2765 1648 2820 Θεοῦ
1683 2766 1760 2829 ὡς
1785 2765 1953 2818 ἀπόν-

366 2880 492 2928 τος,
538 2863 650 2916 ἀλλ’
678 2862 842 2916 αὐτὸν
870 2864 1075 2915 ἐκεῖνον
1107 2859 1186 2930 τῷ
1219 2859 1466 2931 δακτύλῳ
1508 2857 1772 2912 δεικνύειν
1819 2875 1956 2930 παρ-

367 2953 497 3008 όντα
528 2953 620 3006 καὶ
647 2951 824 3021 λέγειν
850 2968 865 2983 ·
899 2951 1022 3006 Ἴδε
1053 2954 1086 3004 ό
1127 2949 1332 3020 Ἁμνός
1363 2949 1469 3004 τοῦ
1501 2950 1670 3004 Θεοῦ.

443 3043 594 3116 ’ῌδει
632 3042 730 3114 μὲν
773 3043 806 3113 ἡ
853 3042 1092 3111 παναγία
1122 3040 1428 3113 Παρθένος,
1465 3041 1540 3113 μὴ
1571 3041 1759 3095 τέκνον
1791 3041 1953 3095 αὐτὸν

370 3132 508 3190 εἶναι
534 3135 628 3189 τοῦ
669 3132 885 3206 Ἰωσὴφ,
916 3134 1030 3188 ἀλλ’
1061 3135 1140 3197 εἰς
1177 3133 1443 3204 πρόσωπα
1467 3132 1672 3187 τούτων
1704 3133 1796 3187 τὸν
1825 3135 1954 3188 ἐαυ-

365 3227 469 3297 τῆς
497 3225 737 3296 ἐγκρίνει
781 3225 1068 3296 μνηστῆρα
1108 3224 1198 3278 διὰ
1237 3224 1335 3295 τὴν
1377 3223 1486 3277 τῶν
1532 3224 1804 3279 Ἰουδαίων
1850 3227 1957 3279 ὑπ-

368 3319 531 3390 οψίαν
555 3358 570 3383 ,
623 3318 886 3390 οἰομένων
941 3316 1105 3370 αὐτὸν
1162 3317 1227 3369 ὲκ
1271 3316 1526 3387 πορνείας
1577 3317 1953 3388 γεγεννῆσθαι.

382 3410 776 3480 ’Δπλούστερον
812 3409 910 3480 μὲν
943 3404 1035 3462 οὖν
1068 3407 1278 3476 λέγοιτο
1312 3407 1411 3471 ἂν,
1457 3409 1538 3461 ὅτι
1571 3408 1828 3479 ἐτίμησεν
1862 3409 1955 3461 αὺ-

369 3503 464 3556 τὸν
493 3503 556 3556 τὸ
598 3501 821 3572 Πνεῦμα
869 3502 930 3554 τὸ
965 3501 1119 3570 ἆγιον
1147 3503 1213 3572 τῇ
1251 3499 1345 3553 τοῦ
1378 3501 1584 3571 πατρὸς
1619 3501 1960 3573 προσηγορίᾳ

371 3596 467 3649 καὶ
516 3593 585 3648 τά
636 3593 870 3646 λοιπά...
930 3591 1041 3662 (75)
1071 3631 1084 3655 ,
1150 3594 1345 3663 μήπως
1405 3593 1603 3655 αὐτοὺς
1651 3593 1962 3646 καταλέλοι-

372 3702 494 3738 πεν.
543 3685 601 3736 ’0
646 3684 702 3736 δὲ
735 3683 974 3753 Κύριος,
1016 3683 1176 3751 ἀφεὶς
1220 3683 1568 3756 ἀνθρωπίνην
1613 3683 1796 3737 δοῦναι
1832 3685 1963 3737 ἀπό-

374 3793 592 3848 κρισιν,
640 3774 790 3828 θείαν
840 3773 1054 3838 δίδωσι,
1099 3774 1528 3845 παρεμφαίνων,
1580 3774 1828 3839 ὅτιθεὸς
1873 3775 1961 3843 εἴη

377 3885 631 3939 σεσαρκω
639 3866 815 3937 μένος.
1817 3912 1819 3914 .

451 3958 520 4010 Ἢ
555 3957 730 4010 τοίνυν
761 3957 904 4009 οὕτω
931 3957 1172 4028 νοήσεις·
1214 3956 1296 4008 ὅτι
1331 3955 1436 4024 ὅρη
1490 3957 1586 4026 μὲν
1617 3957 1717 4010 καί
1743 3957 1960 4021 ,ϐουνοί

372 4052 428 4103 αἱ
455 4049 826 4119 άντικείμεναι
859 4047 1119 4118 δυνάμεις
1145 4047 1234 4100 διὰ
1269 4047 1369 4116 τῆς
1395 4046 1633 4118 Χριστοῦ
1663 4047 1960 4118 ἐπιδημίας

373 4141 816 4212 ἐταπεινώθησαν
839 4156 854 4171 ·
906 4143 966 4194 αὶ
1007 4139 1064 4192 δὲ
1112 4137 1415 4208 φάραγγες
1456 4139 1504 4191 οἰ
1545 4137 1821 4206 ἄνθρωποι
1867 4155 1964 4190 πε-

375 4233 687 4305 πλήρωνται
733 4234 818 4284 ἐπ’
851 4230 1034 4302 ἔργοις
1065 4229 1309 4299 ἀγαθοῖς.
1365 4230 1662 4302 Γεγένηται
1693 4230 1750 4282 δὲ
1784 4230 1962 4284 πάντα

2718 1591 2870 1649 CAP.
2907 1592 2948 1649 l.

2116 1688 2181 1743 ν.
2209 1687 2301 1742 22.
2819 1690 2821 1692 ’

2119 1781 2254 1837 Vide
2290 1780 2516 1850 ﬁguram
2547 1778 2600 1835 in
2628 1777 2912 1833 Zacharia.
2947 1777 3300 1834 Proferentes
3329 1778 3473 1841 enim
3503 1791 3626 1836 ser-

2048 1889 2262 1930 monem
2295 1884 2487 1929 contra
2515 1873 2744 1942 seipsos,
2787 1888 2891 1929 nec
2930 1874 3179 1928 valentes
3203 1873 3470 1928 rationem
3503 1875 3627 1928 reit-

2049 1968 2176 2022 dere
2204 1967 2272 2021 de
2323 1965 2433 2020 ullo
2471 1980 2726 2022 sermone
2753 1983 2818 2022 ex
2853 1966 2969 2038 lege
3019 1975 3115 2021 aut
3157 1966 3458 2036 prOphetis,
3489 1967 3624 2020 muti

2049 2069 2104 2113 et
2126 2057 2359 2113 infantes
2390 2065 2630 2112 manent.

2049 2150 2114 2206 ν.
2145 2149 2236 2206 65.
2285 2151 2352 2205 Et
2395 2149 2671 2220 postulans
2699 2150 2946 2232 tabellam
2991 2152 3247 2218 scripsit:
3273 2151 3510 2206 Joannes
3550 2164 3626 2207 est

2658 2238 2845 2276 nomen
2889 2238 3026 2291 ejus.

2123 2311 2258 2380 Quia
2319 2313 2712 2383 interpretatur
2754 2312 3056 2368 Zacharias
3098 2313 3352 2366 memoria
3397 2313 3520 2380 Dei,
3569 2323 3628 2366 ct

2051 2407 2307 2472 Joannes,
2335 2406 2423 2472 qui
2447 2406 2717 2470 ostendit;
2749 2419 2813 2459 ac
2840 2405 3168 2460 recordatur
3204 2405 3327 2475 quis
3359 2405 3625 2469 absentis,

2052 2497 2292 2552 ostendit
2346 2511 2473 2551 vero
2529 2495 2860 2564 prasentia:
2902 2493 3110 2552 idcirco
3167 2505 3418 2565 parentes
3470 2497 3630 2568 hujus

2053 2589 2217 2658 puelli
2250 2604 2356 2644 non
2397 2588 2636 2642 tulerunt
2668 2586 2944 2657 appellare
2977 2602 3102 2652 eum
3150 2587 3496 2655 Zachariam,
3532 2591 3630 2642 sed

2053 2683 2232 2752 potius
2276 2682 2538 2737 Joannem
2578 2681 2860 2735 nominare
2914 2679 3222 2735 voluerunt.
3283 2679 3493 2750 Quippe
3537 2680 3628 2748 qui

2057 2787 2162 2826 non
2192 2781 2398 2826 tantum
2429 2779 2954 2826 commemoraturus
2976 2779 3096 2824 erat
3125 2768 3294 2824 Deum
3327 2767 3628 2832 absentem,

2057 2862 2152 2918 sed
2202 2862 2351 2917 illum
2401 2862 2577 2932 ipsum
2615 2862 2782 2934 digito
2831 2869 3156 2916 ostensurus
3201 2869 3544 2929 praesentem,
3577 2869 3634 2914 et

1979 2944 2022 3004 C
2056 2954 2298 3009 dicturus
2327 2973 2340 3008 :
2377 2953 2510 3009 Ecce
2537 2955 2718 3025 Agnus
2743 2952 2839 3007 Dei
2869 2953 2936 3008 ⁸⁷.

2131 3043 2351 3099 Sciebat
2377 3045 2595 3114 quidem
2622 3043 2967 3099 sanctissima
2991 3041 3158 3112 Virgo
3183 3057 3289 3097 non
3318 3041 3488 3096 filium
3511 3055 3632 3097 esse

2056 3153 2179 3193 eum
2211 3136 2456 3207 Josephi,
2501 3138 2596 3194 sed
2628 3138 2679 3192 in
2711 3137 2903 3193 faciem
2943 3151 3131 3192 eorum
3177 3135 3441 3206 approbat
3467 3150 3632 3203 spon-

2057 3245 2203 3295 sum,
2246 3239 2470 3300 propter
2502 3229 2866 3298 suspicionem
2905 3227 3222 3282 Judaaorum
3260 3226 3631 3296 reputantium

2057 3336 2179 3377 eum
2213 3335 2281 3375 ex
2320 3321 2683 3376 fornicatione
2713 3332 2898 3374 natum
2934 3318 3124 3375 fuisse.
3159 3318 3474 3388 Simplicius
3503 3333 3635 3373 vero

2062 3413 2165 3468 dici
2195 3422 2400 3484 posset,
2420 3414 2564 3483 quod
2591 3412 2967 3468 honestaverit
2992 3427 3113 3465 eum
3143 3408 3382 3480 Spiritus
3407 3421 3635 3465 sanctus

2060 3503 2232 3572 patris
2269 3492 2650 3572 appellatione,
2675 3511 2807 3566 etc.,
2841 3515 2910 3554 ne
2937 3499 3078 3554 forte
3115 3497 3236 3552 illos
3278 3496 3632 3552 deseruisset.

2059 3597 2132 3650 At
2162 3595 2420 3650 Dominus
2453 3610 2574 3649 cum
2599 3594 2791 3650 liceret
2819 3596 3118 3649 humanum
3142 3589 3374 3645 reddere
3405 3602 3603 3658 respon

2061 3699 2204 3750 sum,
2244 3686 2485 3740 divinum
2536 3687 2717 3756 potius
2766 3684 3031 3749 reddidit,
3079 3682 3290 3754 liquido
3348 3681 3639 3736 ostendens

2062 3777 2206 3847 quod
2240 3777 2380 3831 Dens
2409 3788 2526 3830 crat
2566 3778 2902 3832 incarnatus.

2133 3954 2232 4010 Vel
2277 3956 2442 4026 igitur
2483 3956 2563 4011 sic
2609 3955 2922 4026 intelliges:
2959 3953 3166 4009 Montes
3207 3963 3255 4010 et
3288 3953 3468 4016 colles,
3514 3967 3638 4006 esse

2063 4047 2405 4102 adversarias
2440 4047 2688 4112 virtutes,
2739 4063 2860 4118 quae
2913 4062 3010 4117 per
3051 4045 3252 4102 Christi
3293 4046 3634 4116 praesentiam

2064 4139 2363 4194 bumiliatzn
2407 4149 2550 4195 sunt.
2595 4138 2790 4203 Valles,
2829 4156 2949 4196 esse
2984 4141 3251 4203 homines,
3299 4139 3393 4208 qui
3443 4137 3634 4205 repleti

2063 4243 2193 4290 sunt
2223 4233 2481 4304 operibus
2531 4234 2712 4293 bonis.
2762 4235 3068 4290 Evaserunt
3112 4247 3276 4302 porro
3305 4245 3640 4300 quacunque

377 4322 568 4377 σκολιὰ
600 4325 680 4385 εἰς
705 4321 942 4375 εὐθεῖαν.
973 4322 1240 4384 Ἕκαστος
1275 4319 1379 4392 γὰρ
1412 4320 1568 4392 ἡμῶν
1614 4321 1823 4384 σκολιὸς
1851 4317 1918 4392 ἦν
1943 4361 1955 4374 .

2063 4333 2220 4381 erant
2240 4325 2459 4396 obliqua
2492 4327 2544 4379 in
2580 4336 2812 4380 rectum.
2847 4324 3035 4392 Quivis
3057 4324 3201 4379 enim
3229 4331 3476 4378 nostrum
3501 4320 3640 4375 obli-

388 4415 477 4468 Ἐν
525 4415 622 4486 μὲν
663 4414 840 4467 τοίνυν
882 4416 948 4485 τῇ
979 4411 1217 4485 Χριστοῦ
1271 4412 1536 4484 ἐπιδημίᾳ
1580 4416 1646 4484 τῇ
1693 4413 1957 4484 γενομένῃ

375 4509 456 4571 εἰς
503 4509 603 4578 τὴν
651 4506 829 4577 ψυχὴν
871 4506 1078 4574 γίνεται
1110 4504 1181 4558 τὰ
1220 4503 1406 4558 σκολιὰ
1447 4507 1528 4569 εἰς
1572 4504 1805 4558 εὐθεῖαν.
1849 4507 1960 4559 Kal

377 4599 541 4653 πάλιν
565 4601 773 4671 τραχὺς
795 4593 864 4669 ἦν
891 4596 1049 4669 ἡμῶν
1071 4600 1099 4650 ὁ
1135 4597 1267 4668 βίος,
1301 4597 1396 4650 καὶ
1419 4599 1448 4650 ό
1470 4597 1627 4664 λόγος
1653 4595 1956 4666 ἀνώμαλος·

375 4692 547 4748 ἐλθὼν
577 4693 633 4745 δὲ
669 4695 696 4746 ό
727 4691 952 4762 Κύριος,
984 4690 1100 4743 λεῖα
1132 4691 1310 4744 πάντα
1342 4688 1632 4759 πεποίηκε.

1041 4784 1200 4838 ΚΕΦ.
1231 4783 1304 4836 Γ’.

379 4880 527 4950 Στίχ.
565 4884 634 4932 α’.
693 4879 796 4932 Ἐν
822 4877 1168 4950 ἔτει-πέντε
1197 4876 1294 4930 καὶ
1333 4875 1566 4950 ,δεκάτῳ
1614 4873 1723 4944 τῆς
1755 4877 1960 4945 ἡγεμο-

776 4948 911 5014 νίας
945 4947 1207 5016 Τιϐερίου
1230 4948 1549 5014 Καίσαρος.

458 5043 580 5096 Ἐπὶ
615 5041 712 5112 μὲν
741 5037 833 5094 οὖν
866 5040 944 5112 τῷ
975 5040 1124 5112 παρὰ
1161 5039 1430 5104 Ἰουδαίοις
1464 5039 1645 5110 μόνοις
1687 5055 1958 5110 κηρυσσο-

379 5135 528 5206 μένῳ
551 5134 694 5205 λόγῳ
725 5132 1048 5205 προφητικῷ
1077 5132 1322 5203 βασιλεία
1356 5133 1515 5204 μόνον
1551 5130 1805 5194 Ἰουδαίας
1837 5131 1963 5184 ἀνα-

375 5226 666 5297 γράφεται.
701 5224 942 5291 Ὅρασις
968 5223 1098 5295 γὰρ,
1128 5223 1312 5293 φησὶν,
1341 5220 1422 5290 ἢν
1451 5219 1610 5275 εἶδεν
1642 5224 1675 5274 ό
1715 5221 1960 5286 Ἡσαΐας

373 5319 444 5371 ἐν
471 5316 716 5387 ἡμέραις
749 5314 936 5374 Ὀζῖου
961 5315 1060 5369 καὶ
1107 5314 1342 5369 Ἰωάθαν
1369 5315 1467 5368 καὶ
1506 5313 1702 5382 Ἆχὰζ,
1737 5313 1794 5368 οἳ
1827 5314 1959 5367 ἐϐα-

376 5410 680 5464 σίλευσαν
722 5406 831 5476 τῆς
880 5406 1086 5461 Ἰούδα.
1146 5407 1268 5460 Ἐπὶ
1311 5407 1368 5459 δὲ
1412 5405 1491 5476 τῷ
1533 5406 1814 5478 μυστηρίῳ
1863 5402 1957 5458 τοῦ

459 5527 504 5559 ⁸⁷
533 5525 690 5580 Joan.
737 5541 777 5590 I,
824 5525 916 5593 29,
958 5525 1048 5579 '56.
1125 5525 1172 5557 ⁸⁸
1211 5525 1340 5580 lsai.
1386 5540 1426 5587 l,
1481 5525 1532 5578 l.

449 5663 650 5737 (72-75)
684 5663 1384 5737 lnscribitttr:Eanyé)ttov
1413 5663 1555 5737 natat
1589 5665 1959 5737 ᾼουκᾶνηήρ-

383 5733 718 5806 μηνευμένον
743 5737 806 5788 ἐκ
833 5734 1104 5805 διαφόρων
1131 5733 1504 5806 ,ἑρμηνευτῶῃ
1540 5733 1630 5787 τοῦ
1659 5733 1962 5804 τετραὸαγ-

377 5803 537 5875 ¹γέλου
562 5803 672 5877 ’τὴν
697 5803 1004 5877 ἑρμηνείαν
1026 5803 1272 5872 εἰσάγων
1289 5803 1454 5857 ἔνδον.

658 5897 933 5957 ΡΑτιιοι..
982 5894 1102 5955 Gn.
1150 5893 1351 5953 XVII.

2061 4432 2202 4488 quus
2247 4429 2385 4472 erat.
2435 4417 2490 4472 In
2537 4419 2768 4473 adventu
2815 4417 2999 4486 itaque
3035 4416 3236 4472 Christi
3285 4415 3338 4468 in
3375 4413 3635 4476 animam,

2063 4511 2199 4566 ﬁunt
2249 4512 2470 4581 obliqua
2505 4510 2555 4564 in
2592 4520 2823 4565 rectum.
2867 4509 3100 4574 Rursus,
3144 4523 3333 4577 aspera
3375 4516 3492 4559 erat
3529 4505 3636 4558 vita

2065 4613 2272 4669 nostra,
2298 4612 2353 4656 et
2384 4602 2525 4656 ratio
2542 4602 2727 4672 iniqua
2752 4621 2765 4654 :
2792 4615 2846 4656 at
2878 4602 3172 4656 adveniens
3204 4598 3464 4654 Dominus
3481 4597 3636 4664 plana

2064 4695 2191 4750 fecit
2221 4694 2494 4750 universa.

2709 4784 2861 4840 CAP.
2905 4782 2992 4838 ιιι.

2101 4873 2165 4928 ν.
2200 4874 2252 4931 1.
2304 4873 2373 4928 In
2423 4891 2563 4930 anno
2601 4875 2788 4998 quinéo
2833 4886 2880 4928 et
2915 4873 3122 4958 .decimo
3165 4868 3370 4938 imperii
3415 4865 3610 4920 Tiberii

2771 4960 2977 4998 maris.

2771 4961 2875 4999 azsa
2883 4960 2977 4998 1⁵18.

2139 5033 2196 5088 ln
2246 5034 2564 5105 prophetico
2599 5048 2870 5098 sermone,
2919 5033 3007 5103 qui
3053 5031 3195 5099 apud
3238 5029 3456 5084 Judmos
3493 5028 3640 5082 solus

2069 5127 2458 5196 evulgabatur,
2511 5141 2741 5196 regnum
2789 5126 3055 5179 duntaxat
3087 5122 3289 5177 .ludteae
3322 5120 3635 5176 ascribitur.

2078 5218 2250 5286 Visio,
2300 5229 2426 5288 puta
2472 5219 2667 5284 inquit,
2715 5234 2873 5287 quant
2918 5217 3048 5270 vidit
3123 5215 3299 5269 Isaias
3351 5214 3407 5266 in
3456 5213 3639 5266 diebus

2066 5311 2232 5377 οιίαυ,
2261 5319 2312 5365 ιι
2343 5311 2580 5366 Joalltan
2607 5322 2657 5367 et
2687 5313 2888 5377 Achaz,
2921 5312 3012 5377 qui
3041 5316 3386 5379 regnaverunt
3431 5307 3486 5359 in
3532 5304 3638 5356 Ju-

2063 5404 2134 5458 da
2161 5405 2229 5457 ⁸⁸.
2257 5405 2327 5459 At
2364 5403 2420 5458 in
2471 5403 2732 5474 mysterio
2763 5402 3066 5472 Evangelii,
3106 5399 3251 5470 quod
3303 5413 3400 5469 per
3447 5397 3637 5452 orbein

2135 5655 2246 5728 (74)
2286 5654 2605 5728 Pin-cedunt
2633 5672 2752 5726 qua:
2789 5671 2951 5726 supra
2975 5654 3226 5724 leguntur
3284 5665 3349 5704 ex
3372 5644 3495 5702 cod.
3546 5640 3641 5695 28'

2066 5727 2369 5796 desinitque
2403 5727 2504 5781 hoc
2532 5728 2709 5784 modo.

2136 5797 2247 5864 I75)
2282 5791 2417 5852 V'ide
2455 5813 2617 5868 supra
2659 5799 2778 5854 cod.
2803 5797 2895 5862 9.8,
2931 5799 2985 5852 in
3015 5797 3118 5851 ﬁne
3151 5791 3346 5863 capitis
3379 5824 3420 5841 ..

3361 5883 3431 5942 11
