4172 6410
560 351 662 407 351

1454 340 2014 399 SUPPLEMENTUM
2052 340 2144 395 AD
2173 339 2500 397 ORIGENIS
2527 341 2940 399 EXEGETICA.

3696 351 3803 410 332

563 469 875 522 universum
919 461 1318 534 praedicandum
1377 469 1533 524 erat,
1585 461 1871 530 imperium
1922 458 2124 512 Tiberii

2232 457 2560 527 Εὑαγγελίου
2589 458 2834 530 μέλλοντι
2857 461 2915 513 ἐν
2939 461 3047 532 ὅλῳ
3070 462 3259 534 κόσμῳ
3283 463 3650 535 κηρύσσεσθαι
3681 469 3805 540 ἡγε-

561 560 792 616 Cazsaris
825 556 1137 618 ascribitur,
1165 555 1254 622 qui
1286 554 1449 608 totius
1480 553 1662 607 mundi
1697 553 1980 606 videbatur
2006 565 2127 604 esse

559 669 678 708 rex.
709 653 786 706 Ac
818 651 862 705 si
899 650 1115 719 quidem
1153 647 1382 717 gentiles
1416 647 1573 702 modo
1596 645 1842 699 salvandi
1875 644 2125 705 fuissent,

556 745 808 800 omnibus
840 757 968 796 vero
1002 741 1128 795 ﬁliis
1153 739 1314 793 Israel
1340 739 1486 792 salus
1517 737 1701 792 clausa
1733 736 1959 802 fuisset;
1995 736 2128 790 satis

556 846 1148 892 eratcommemorasse
1176 832 1334 885 modo
1349 829 1646 882 Tiberium.
1676 828 1743 881 At
1766 827 1889 897 quia
1915 834 2126 894 oportet

559 939 618 982 ut
653 928 876 980 credant
923 933 980 980 et
1041 923 1287 986 Galilaei,
1333 935 1386 976 et
1439 920 1613 973 Iturazi
1657 928 1710 973 et
1749 917 2122 981 Trachonitaa;

557 1028 843 1089 propterea
872 1017 1221 1072 ascribuntur
1249 1014 1362 1067 haec
1389 1027 1574 1082 regna,
1604 1021 1696 1063 aut
1723 1009 1902 1078 potius
1926 1017 2128 1061 tetrar-

556 1108 712 1162 chiae.
750 1105 1034 1175 Nunquam
1091 1118 1218 1157 vero
1247 1101 1421 1156 fuerat
1450 1101 1671 1154 verbum
1704 1098 1797 1152 Dei
1831 1098 1898 1151 ad
1935 1110 2128 1166 quem-

555 1197 704 1268 piam
732 1197 1120 1267 prophetarum
1151 1197 1202 1248 in
1233 1194 1476 1257 deserto,
1518 1191 1622 1245 nisi
1675 1204 1820 1245 nunc
1861 1190 2128 1242 duntaxat

555 1301 778 1361 propter
821 1289 1111 1359 quamdam
1160 1286 1448 1356 mysticam
1500 1283 1934 1353 intelligentiam.
1986 1280 2124 1347 Quia

557 1396 748 1451 nempe
767 1381 940 1449 plures
963 1379 1128 1448 futuri
1156 1387 1304 1431 erant
1325 1376 1425 1445 ﬁlii
1453 1374 1753 1439 desertw,id
1777 1383 1858 1429 est
1877 1371 2127 1428 Ecclesia

556 1472 832 1543 gentium,
884 1486 1040 1540 quam
1097 1469 1210 1538 ejus
1245 1483 1363 1537 quce
1401 1466 1622 1520 habebat
1663 1466 1829 1520 virum
1857 1465 1926 1532 ”,
1953 1464 2122 1533 legem

555 1563 677 1618 volo
747 1563 927 1617 dicere
995 1559 1298 1630 Syuagogaa
1348 1557 1681 1613 Judzeorum.
1731 1555 1884 1622 Quod
1955 1554 2123 1608 dicit:

556 1651 783 1706 Factum
839 1662 912 1706 est
951 1652 1162 1705 verbum
1210 1648 1306 1702 Dei
1348 1650 1415 1702 ad
1457 1645 1717 1700 Joannem
1769 1647 1837 1712 ‘°,
1886 1645 2128 1714 intellige

553 1755 904 1815 przeceptum.

555 1923 620 1980 ν.
661 1925 716 1980 3.
761 1923 829 1976 Et
863 1923 999 1976 vertit
1029 1921 1087 1973 in
1121 1935 1333 2042 amyci:
1357 1919 1818 1999 circuntjacentem
1857 1916 2119 1986 regionem

1240 2007 1298 2042 or
1337 2005 1476 2042 anis.

1240 2005 1476 2043 oraants.

631 2086 728 2142 Ubi
762 2084 1044 2155 oportebat
1074 2081 1377 2150 Baptistam
1429 2077 1948 2140 circumambulare,
2005 2075 2114 2130 nisi

556 2180 609 2234 in
646 2179 1026 2247 circumposita
1050 2175 1305 2231 Jorilanis
1323 2174 1560 2243 regione,
1594 2170 1720 2226 utsi
1754 2185 1913 2240 quem
1944 2169 2120 2237 paeni-

551 2280 674 2324 tere
714 2268 893 2331 vellet,
921 2268 1104 2321 statim
1136 2265 1330 2320 lluvius
1359 2266 1412 2318 in
1449 2270 1698 2333 promptu
1739 2259 2121 2315 essetlluter-

553 2368 798 2429 prctatur
860 2373 1024 2429 porro
1074 2356 1375 2421 Jordanis,
1448 2355 1750 2408 decurrens.
1819 2351 2122 2405 Decurrens

553 2453 698 2506 enim
726 2461 812 2508 est
843 2467 972 2508 vere
996 2452 1199 2508 ﬂumen
1237 2450 1350 2509 Dei.
1399 2463 1541 2518 aqua
1586 2462 1776 2512 verax,
1808 2460 1947 2514 aqua
1973 2445 2122 2500 salu-

551 2543 708 2597 tat-is.

628 2634 695 2689 ν.
735 2634 785 2688 7.

626 2725 846 2791 Dicunt,
877 2724 1117 2796 viperam
1142 2725 1267 2780 dum
1294 2725 1537 2795 concipit
1560 2724 1869 2778 interﬁcere
1889 2732 2121 2782 marem,

550 2829 623 2870 ex
654 2829 762 2884 quo
779 2815 1032 2884 .concipit
1062 2832 1078 2869 :
1113 2814 1269 2884 cujus
1314 2830 1500 2871 semen
1543 2816 1936 2869 incrementum
1979 2809 2123 2864 acci-

556 2904 734 2971 piens,
789 2903 1190 2972 concipientem
1231 2904 1452 2968 occidit,
1502 2912 1667 2972 atque
1713 2903 1792 2957 sic
1842 2901 1895 2954 in
1946 2898 2121 2954 lucem

552 2995 756 3064 prodit.
773 2995 1069 3049 dilacerato
1087 2993 1274 3048 matris
1295 3005 1472 3060 utero,
1487 2994 1640 3062 quasi
1668 3006 1881 3063 poenam
1899 3003 2123 3045 sumens

557 3086 824 3140 interfecti
855 3085 1112 3156 parentis.
1141 3085 1300 3140 Tales
1343 3095 1396 3140 et
1435 3084 1625 3140 Judaei.
1661 3081 1983 3154 Spirituales
2021 3095 2120 3150 pa-

559 3189 667 3232 tres
695 3190 822 3230 suos
850 3190 916 3231 ac
959 3176 1208 3232 doctores
1235 3177 1482 3230 manibus
1526 3173 1862 3231 occiderunt.
1905 3171 2118 3226 Dictum
2148 3171 2191 3229 C

554 3278 640 3324 est
668 3268 736 3323 de
758 3267 843 3323 his
870 3267 923 3322 in
951 3265 1204 3322 Matthaao
1232 3266 1416 3322 latius.

1206 3461 1358 3518 CAP.
1387 3461 1478 3517 Ν.

557 3556 699 3612 v.9.
736 3555 804 3609 Et
844 3555 1156 3610 duxiteum
1201 3555 1259 3608 in
1303 3551 1624 3616 Jerusalem,
1679 3559 1730 3604 et
1774 3549 1957 3605 statuit
2003 3565 2123 3603 eum

971 3641 1128 3693 super
1156 3626 1500 3691 pinnaculum
1525 3623 1722 3689 templi.

624 3715 861 3770 Attende
897 3727 1062 3783 porro
1103 3710 1373 3780 quomodo
1415 3708 1686 3763 malitiose
1722 3717 2003 3776 astuteque
2029 3721 2125 3776 per

553 3805 862 3861 testimonia
893 3804 1298 3872 Scripturarum
1347 3799 1475 3854 velit
1519 3801 1867 3869 pessumdare
1899 3797 2123 3868 gloriam

553 3899 791 3965 Domini,
825 3907 1082 3963 tanquam
1106 3895 1196 3962 qui
1230 3892 1497 3960 indigeret
1518 3891 1762 3960 elige-lica
1785 3905 1909 3960 ope,
1941 3897 2125 3958 utpote

550 3989 882 4052 offensurus,
916 3989 960 4041 si
993 3985 1041 4038 ei
1070 3983 1245 4052 angeli
1279 3982 1548 4037 auxilium
1597 3997 1702 4036 non
1747 3981 1973 4036 ferrent.
2002 3978 2118 4034 Non

551 4081 694 4134 enim
721 4080 790 4133 de
815 4077 1038 4133 Christo
1077 4075 1284 4128 dictum
1332 4072 1431 4126 l'uit
1479 4070 1851 4125 testimonium
1901 4067 2118 4138 psalmi.

550 4169 706 4223 Haud
750 4181 986 4237 namque
1031 4181 1170 4234 opus
1208 4164 1374 4218 habet
1413 4161 1645 4230 angelis,
1680 4160 1770 4230 qui
1802 4160 2121 4229 angelorum

551 4260 812 4315 Dominus
846 4268 950 4314 est.
998 4257 1110 4328 Ego
1151 4271 1280 4311 vero
1320 4265 1536 4316 contra,
1572 4253 1694 4306 dico
1731 4251 1849 4314 tibi,
1883 4250 2118 4314 diabole,

549 4354 694 4423 quod
752 4352 858 4406 nisi
890 4351 1046 4406 Jesus
1083 4349 1292 4418 angelis
1335 4345 1650 4416 opituletur,
1686 4341 1978 4397 oﬂertdent.
2010 4340 2121 4394 Tu-

2231 550 2390 618 μονία
2433 550 2684 621 Τιβερίου
2729 551 3006 624 Καίσαρος
3054 554 3464 625 ἀναγράφεται,
3519 557 3579 620 ὃς
3627 559 3802 613 ἐδόκει

2227 641 2349 694 ὅλου
2382 641 2474 695 τοῦ
2515 644 2720 712 κόσμου
2760 638 2898 696 εἶναι
2949 644 3222 714 βασιλεύς.
3259 647 3372 699 Καὶ
3404 649 3453 699 εί
3490 648 3589 718 μὲν
3619 652 3667 703 οί
3695 652 3803 706 άπὸ

2226 733 2393 787 ἐθνῶν
2423 735 2575 806 μόνοι
2603 734 2835 805 ἧμελλον
2868 734 3153 804 σῶζεσθαι,
3189 739 3350 792 παντὶ
3381 740 3437 791 δὲ
3480 742 3801 796 ἀπεκέκλει-

2228 828 2386 897 στοή
2437 827 2678 896 σωτηρία
2715 826 2822 879 τῶν
2873 827 3003 880 υἱῶν
3057 829 3311 900 Ἰσραὴλ,
3353 832 3513 902 ἤρκει
3559 833 3619 886 τὺ
3667 853 3803 906 μνη-

2228 914 2418 986 σθῆναι
2456 916 2615 986 μόνον
2642 916 2913 988 Τιϐερίου.
2961 919 3178 991 Ἐπειδὴ
3210 921 3265 972 δὲ
3303 921 3383 974 δεῖ
3416 925 3508 976 καὶ
3538 925 3662 989 τοὺς
3689 926 3800 979 ἀπὸ

2224 1007 2325 1076 τῆς
2372 1006 2659 1071 Γαλιλαίας
2701 1011 2795 1062 καὶ
2838 1010 3133 1082 Ἰτουραίας
3169 1011 3261 1064 καὶ
3287 1013 3680 1084 Τραχωνίτιδος
3712 1037 3801 1072 πι-

2228 1097 2456 1161 στεύειν,
2483 1097 2571 1151 διὰ
2608 1098 2764 1152 τοῦτο
2789 1100 3194 1173 ἀναγράφονται
3222 1099 3380 1158 αὗται
3413 1107 3470 1158 αἰ
3514 1106 3796 1176 βασιλεῖαι,

2225 1190 2344 1261 ἦτοι
2379 1191 2716 1262 τετραρχίαι.
2752 1192 3017 1270 Οὐδέποτε
3057 1193 3114 1248 δὲ
3140 1195 3330 1264 γέγονε
3364 1196 3517 1268 ῥῆμα
3541 1199 3674 1254 Θεοῦ
3707 1200 3799 1254 έπί

2223 1299 2346 1336 τινα
2376 1282 2484 1335 τῶν
2526 1283 2818 1353 προφητῶν
2859 1287 2916 1338 ὲν
2954 1289 3020 1356 τῇ
3069 1287 3294 1358 ἐρήμῳ,
3328 1292 3375 1341 εί
3410 1289 3484 1361 μὴ
3515 1290 3609 1344 νῦν
3640 1293 3798 1363 μόνον

2223 1373 2328 1428 διά’
2359 1390 2480 1427 τινα
2533 1375 2797 1446 μυστικὴν
2847 1375 3097 1448 Θεωρίαν.
3163 1379 3378 1450 Ἐπειδὴ
3424 1381 3534 1452 γὰρ
3583 1383 3800 1452 ἔμελλε

2226 1464 2424 1518 πολλὰ
2460 1464 2532 1518 τὰ
2562 1463 2742 1518 τέκνα
2782 1465 2893 1534 τῆς
2919 1467 3141 1537 ἐρήμου
3162 1468 3404 1538 μᾶλλον
3430 1467 3611 1539 εἶναι,
3647 1492 3799 1528 τουτ-

2227 1557 2341 1609 έστι
2370 1557 2469 1626 τῆς
2507 1557 2566 1621 ἐξ
2605 1556 2772 1611 ὲθνῶν
2814 1559 3170 1630 Ἐκκλησίας,
3215 1561 3368 1630 ἤπερ
3401 1561 3508 1631 τῆς
3535 1565 3800 1634 ἐχούσης

2225 1648 2334 1702 τὸν
2381 1649 2602 1717 ἄνδρα,
2655 1651 2745 1704 τὸν
2790 1652 2953 1722 νόμον
2995 1652 3098 1722 τῆς
3154 1654 3424 1709 Ἰουδαίων
3477 1656 3800 1725 συναγωγῆς

2227 1755 2388 1810 φημι.
2425 1738 2497 1792 Τὸ
2525 1739 2580 1794 δὲ
2612 1742 2814 1808 εἰπεῖν,
2851 1743 2933 1795 ὅτι
2978 1742 3244 1811 Ἐγένετο
3271 1743 3438 1815 ῥῆμα
3470 1745 3619 1801 Θεοῦ
3650 1746 3799 1815 πρὸς

2153 1819 2196 1874 Β
2236 1829 2541 1900 Ἰωάννην,
2572 1833 2823 1887 τουτέστι
2853 1835 3198 1906 πρόσταγμα.

2268 1923 2415 1993 Στίχ.
2443 1929 2512 1991 γ’.
2557 1925 2666 1978 Καὶ
2712 1920 2898 1998 ἦλθεν
2928 1929 3016 1992 είς
3039 1995 3053 1998 Α
3077 1926 3283 1998 πᾶσαν
3319 1928 3434 1997 τὴν
3469 1930 3798 1998 περίχωρον

2755 1997 2861 2050 τοῦ
2921 1995 3236 2063 Ἰορδάνου.

2256 2157 2262 2166 ι
2297 2087 2408 2160 (76)
2436 2087 2546 2141 Ποῦ
2569 2087 2672 2140 ἔδει
2699 2088 2787 2141 τὸν
2803 2088 3111 2159 Βαπτιστὴν
3138 2089 3520 2161 περιέρχεσθαι
3543 2090 3576 2159 ἢ
3599 2094 3677 2154 είς
3698 2109 3796 2164 την

2226 2181 2530 2253 περίχωρον
2571 2179 2664 2232 τοῦ
2706 2180 3000 2252 Ἰορδάνου,
3035 2181 3154 2246 ἵνα,
3191 2182 3284 2236 ἐάν
3322 2199 3404 2245 τις
3438 2181 3676 2252 βούλοιτο
3707 2201 3799 2254 με·

2226 2276 2454 2337 τανοείν,
2482 2272 2682 2336 εὐθέως
2702 2273 2986 2346 εὐπορήσῃ
3009 2272 3102 2326 τοῦ
3126 2274 3371 2345 παταμοῦ
3395 2292 3410 2340 ;
3438 2275 3796 2346 ἑρμηνεύεται

2226 2363 2282 2416 δὲ
2329 2362 2595 2434 Ἰορδάνης
2639 2362 3029 2416 καταϐαίνων.
3088 2363 3444 2419 Καταϐαίνων
3493 2367 3618 2437 γάρ.
3648 2368 3797 2420 ἐστιν

2227 2451 2439 2523 άληθῶς
2460 2455 2489 2506 ό
2519 2453 2760 2522 ποταμὸς
2784 2451 2878 2505 τοῦ
2905 2451 3060 2517 Θεοῦ,
3080 2454 3141 2507 τὸ
3171 2453 3315 2528 ὕδωρ
3347 2457 3409 2510 τὸ
3435 2457 3714 2529 ἀληθινὸν,
3737 2457 3797 2510 τὸ

2229 2542 2373 2614 ὕδωρ
2399 2541 2459 2595 τὸ
2494 2543 2780 2614 σωτήριον.

2300 2633 2446 2704 Στίχ.
2478 2632 2542 2698 ζ’.

2298 2723 2409 2792 (77)
2437 2722 2571 2775 Φασὶ
2591 2722 2648 2774 δὲ
2675 2723 2772 2794 τὴν
2798 2723 3006 2794 ἔχιδναν
3038 2725 3096 2777 ὲν
3120 2725 3198 2795 τῷ
3223 2725 3613 2798 συλλαμϐάνειν
3644 2732 3797 2784 ἀναι-

2229 2818 2342 2886 ρεῖν
2370 2815 2457 2874 τὸν
2484 2813 2544 2878 ἐξ
2575 2806 2636 2868 οὗ
2665 2813 3028 2885 συλλαμϐάνει
3055 2816 3290 2890 ἄρρεναο
3319 2814 3379 2872 οὗ
3413 2821 3448 2890 ἡ
3480 2821 3658 2890 σπορὰ
3695 2807 3804 2874 αὺέ

2229 2904 2479 2971 ξάνουσα,
2509 2906 2608 2976 τὴν
2629 2904 2995 2959 συλλαϐοῦσαν
3019 2908 3232 2977 ἀναιρεῖ
3256 2909 3350 2962 καὶ
3373 2909 3543 2973 οὕτως
3581 2913 3660 2974 είς
3681 2912 3794 2979 φῶς

2227 2997 2524 3068 ἐξέρχεται,
2556 2996 2892 3066 διαρρήξασα
2915 2997 3012 3068 τῆς
3048 2998 3250 3069 μητρὸς
3273 3000 3370 3070 τὴν
3395 3000 3650 3071 γαστέρα,
3677 3018 3795 3054 ποι-

2227 3088 2323 3160 νὴν
2347 3088 2535 3157 ὥσπερ
2572 3086 2666 3140 τοῦ
2705 3087 3092 3158 διαφθαρέντος
3136 3090 3342 3159 πατρός
3382 3129 3396 3143 .
3422 3131 3434 3144 .
3453 3132 3467 3146 .
3488 3127 3502 3143 .
3519 3131 3532 3143 .
3556 3131 3569 3144 .
3587 3131 3600 3144 .
3620 3130 3635 3144 .
3671 3093 3793 3145 Τοι-

2223 3182 2368 3236 οῦτοι
2397 3181 2490 3234 καὶ
2513 3182 2561 3233 οἱ
2601 3179 2866 3244 Ἰουδαῖοι,
2893 3181 3018 3243 τοὺς
3050 3184 3450 3251 πνευματικοὺς
3481 3183 3660 3237 αὐτῶν
3693 3201 3796 3238 πα-

2224 3271 2388 3342 τέρας
2412 3269 2506 3323 καὶ
2525 3268 2874 3331 διδασκάλους
2900 3268 3301 3340 διαφθείροντες
3330 3271 3535 3342 χερσίν.
3567 3273 3795 3344 Εἴρηται

2225 3364 2354 3435 περὶ
2377 3363 2582 3416 τούτων
2615 3363 2673 3415 έν
2701 3361 2778 3433 τῷ
2803 3361 3068 3432 Ματθαίῳ
3096 3362 3447 3434 πλατύτερον.

2879 3455 3038 3506 ΚΕΦ.
3077 3455 3151 3507 Δ’.

2223 3545 2370 3617 Στίχ.
2419 3543 2483 3599 θ’.
2541 3544 2652 3600 Kal
2676 3545 2897 3617 ἤγαγεν
2923 3546 3109 3617 αὐτὸν
3143 3547 3231 3612 είς
3263 3547 3666 3617 Ἰερουσαλὴμ,
3694 3550 3794 3604 καὶ

2281 3615 2544 3684 ἔστησεν
2574 3618 2759 3669 αὑτὸν
2793 3615 2892 3668 ἐπὶ
2935 3615 2999 3668 τὸ
3035 3618 3350 3686 πτερύγιον
3400 3617 3506 3670 τοῦ
3551 3615 3731 3687 ἱεροῦ.

2296 3707 2438 3777 Ὅρα
2480 3705 2540 3758 δὲ
2585 3705 2704 3769 πῶς
2750 3705 3072 3778 κακούργως
3112 3706 3200 3760 διὰ
3242 3709 3340 3778 τῆς
3393 3710 3641 3780 χρήσεως
3685 3709 3794 3764 τῶν

2224 3797 2455 3868 Γραφῶν
2504 3797 2648 3850 θέλει
2670 3797 2915 3851 καθελεῖν
2940 3798 3040 3869 τὴν
3067 3797 3225 3865 δόξαν
3253 3799 3478 3870 Κυρίου,
3509 3801 3582 3863 ('0;
3608 3800 3796 3872 δεομέ-

2223 3906 2314 3942 νου
2339 3889 2635 3962 ἀγγελικῆς
2667 3890 2916 3961 βοηθείας
2939 3930 2954 3955 ,
2982 3891 3059 3954 ὡς
3088 3891 3369 3962 μέλλοντος
3411 3892 3791 3961 προσκόπτειν,

2224 3982 2272 4033 εἰ
2307 3979 2381 4052 μὴ
2412 3980 2631 4050 ἄγγελοι
2660 3981 2808 4053 αὐτῷ
2834 3976 3096 4053 βοηθεῖεν.
3138 3983 3212 4035 Οὐ
3243 3983 3350 4054 γὰρ
3380 3983 3507 4054 περὶ
3535 3982 3629 4036 τοῦ
3654 3985 3793 4054 Χρι-

2225 4073 2350 4126 στοῦ
2386 4074 2598 4145 εἴρηται
2641 4075 2674 4145 ἡ
2721 4077 2915 4146 χρῆσις
2955 4073 3051 4127 τοῦ
3097 4073 3335 4145 ψαλμοῦ.
3379 4075 3453 4127 Οὐ
3485 4074 3594 4144 γὰρ
3622 4075 3792 4128 δεῖται

2222 4166 2466 4235 ἀγγέλων
2497 4169 2525 4219 ὁ
2553 4167 2660 4220 τῶν
2692 4167 2936 4236 ἀγγέλων
2959 4166 3242 4236 δεσπότης.
3287 4164 3426 4234 Ἐγὼ
3463 4166 3518 4218 δὲ
3562 4167 3624 4219 τὸ
3659 4167 3791 4221 ἀνά-

2225 4258 2382 4312 παλίν
2411 4275 2551 4330 φημι
2584 4260 2720 4330 πρὸς
2749 4259 2844 4323 σὲ,
2879 4253 2924 4312 ὦ
2953 4257 3198 4321 διάὸολε,
3231 4259 3280 4309 εί
3311 4258 3384 4328 μὴ
3426 4256 3632 4329 Ἰησοῦς
3662 4257 3792 4329 βοη-

2224 4347 2376 4420 θήσει
2402 4353 2514 4413 τοῖς
2541 4350 2811 4418 ἀγγέλοις,
2845 4348 3267 4420 προσκόπτουσι.
3301 4348 3407 4399 Καὶ
3434 4347 3498 4400 σὺ
3531 4347 3617 4401 διὰ
3637 4347 3795 4401 τοῦτο

549 4462 656 4516 que
686 4455 969 4514 propterea
999 4443 1241 4497 cecidisti
1287 4443 1355 4496 de
1393 4441 1556 4504 casio,
1606 4436 1732 4506 quia
1777 4445 1829 4490 te
1868 4435 1962 4491 tibi
2003 4447 2121 4488 esse

2225 4438 2518 4502 πέπτωκας
2574 4438 2634 4502 ἐξ
2681 4438 2909 4508 οὐρανοῦ
2937 4477 2953 4501 ,
3002 4435 3191 4507 ἐπειδὴ
3238 4436 3486 4508 αὐτάρκη
3537 4437 3795 4508 ἐνόμισας

549 4538 899 4592 stillicieutem
965 4535 1258 4588 arbitratus
1303 4549 1402 4598 es,
1474 4547 1576 4585 nec
1623 4531 1867 4598 indigere
1918 4527 2120 4580 auxilio

2225 4529 2414 4582 ἑαυτὸν
2440 4527 2595 4594 εἶναι,
2624 4530 2716 4582 καὶ
2739 4503 2814 4600 μὴ
2839 4528 3044 4581 δεῖσθαι
3066 4530 3164 4599 τῆς
3179 4503 3282 4580 -τοῢ
3317 4503 3490 4598 Ἰησοῦ
3519 4503 3790 4599 βοηθείας.

549 4629 698 4684 Jesu.
758 4630 874 4692 Quo
935 4641 1064 4678 vero
1137 4639 1420 4694 agnoscas,
1486 4623 1908 4690 haudquaquam
1969 4617 2118 4672 dicta

548 4725 720 4779 fuisse
759 4724 825 4776 de
862 4720 989 4775 Jcsu
1025 4733 1088 4772 ca
1131 4733 1250 4787 qua:
1292 4717 1492 4783 scripta
1521 4725 1644 4769 sunt
1671 4731 1684 4778 ;
1714 4714 1809 4768 sed
1859 4712 1910 4764 in
1946 4710 2118 4764 homi-

550 4833 671 4872 nem
705 4817 908 4886 justum
933 4815 1046 4867 haec.
1069 4810 1288 4875 referri,
1319 4809 1440 4862 audi
1469 4825 1482 4860 :
1518 4807 1790 4875 Scriptum
1818 4814 1900 4858 est
1929 4802 2114 4867 enim;

549 4911 653 4974 Qui
675 4907 874 4961 habitat
908 4906 961 4958 in
989 4903 1254 4965 adiutorio
1309 4898 1594 4961 Altissimi,
1647 4898 1700 4949 in
1742 4894 1969 4964 tegmine
2017 4891 2116 4946 Dei

547 4999 665 5054 εοειὶ
690 4997 1017 5052 domicilium
1049 4993 1251 5046 habebit
1281 4991 1347 5042 ⁸¹.
1383 4989 1496 5044 lluc
1531 4989 1646 5040 viro
1689 4988 1838 5052 justo
1868 4981 2117 5050 congruit

548 5093 746 5161 potius,
776 5107 936 5158 quam
969 5087 1107 5142 Filio
1136 5084 1253 5138 Dei.
1289 5082 1353 5136 Et
1397 5096 1618 5135 rursus:
1647 5076 1851 5132 Cadent
1883 5089 1947 5128 ea:
1989 5073 2119 5126 lwva

549 5194 644 5237 tua
674 5183 897 5248 milleni,
919 5191 968 5236 et
993 5183 1166 5233 decem
1201 5175 1425 5240 milleni,
1457 5182 1564 5229 etc.
1587 5171 1653 5235 “,
1678 5185 1796 5240 qua:
1817 5181 2030 5238 quoque
2055 5163 2119 5217 ad

549 5279 724 5332 virum
745 5275 948 5345 justum
989 5273 1323 5328 referuntur.

562 5391 624 5444 V.
654 5389 745 5444 40.
780 5389 911 5442 Cum
952 5390 1226 5442 occidisset
1257 5402 1375 5442 vero
1408 5383 1508 5450 sol,
1534 5397 1708 5435 omnes
1737 5385 1985 5450 quotquot
2018 5377 2117 5450 Ιιητ

619 5443 804 5515 bebant
833 5465 1145 5529 wgrotanks
1172 5458 1367 5511 morbis
1397 5443 1578 5518 variis,
1607 5443 1865 5504 ducebant
1890 5445 2009 5499 illos
2046 5443 2113 5496 ad

2228 4621 2344 4672 Ἵνα
2375 4619 2432 4672 δὲ
2462 4619 2603 4691 γνῷς
2636 4619 2710 4691 μὴ
2746 4619 2874 4690 περὶ
2912 4617 3005 4672 τοῦ
3045 4618 3217 4692 Ἰησοῦ
3261 4617 3506 4688 λελέχθαι
3551 4619 3618 4672 τὰ
3667 4621 3795 4686 ἁνα-

2223 4711 2615 4784 γεγραμμένα,
2663 4710 2775 4764 ἀλλ’
2808 4713 2887 4774 είς
2927 4710 3130 4764 δίκαιον
3171 4709 3338 4781 ἄνδρα
3383 4709 3554 4764 ταῦτα
3595 4711 3795 4781 ἀναφέ-
3889 4729 3898 4736 ·

2226 4796 2432 4869 ρεσθαι,
2487 4797 2684 4852 ἄκουεο
2741 4798 3053 4869 Γέγραπται
3095 4798 3204 4870 γάρ
3229 4815 3242 4828 ο
3293 4799 3354 4850 '0
3391 4799 3683 4854 κατοικῶν
3726 4802 3798 4854 ἐν

2216 4889 2468 4958 βοηθείᾳ
2509 4889 2613 4946 τοῦ
2649 4890 2940 4957 Ὑψίστου
2959 4929 2974 4954 ,
3016 4890 3087 4943 ἐν
3113 4888 3324 4944 σκέπει
3351 4890 3460 4944 τοῦ
3493 4891 3642 4946 Θεοῦ
3688 4893 3795 4946 τοῦ

2218 4980 2476 5048 οὐρανοῦ
2519 4979 2978 5046 αὑλισθήσεται.
3025 4980 3197 5034 Τοῦτο
3233 4981 3423 5054 δικαίῳ
3471 4982 3669 5054 μᾶλλον
3697 4985 3796 5055 ἁρ-

2225 5071 2378 5142 μόζει
2421 5071 2454 5141 ἢ
2487 5070 2564 5140 τῷ
2593 5069 2707 5141 Υἱῷ
2743 5071 2836 5124 τοῦ
2866 5071 3001 5124 Θεοῦ
3025 5088 3038 5102 ·
3075 5075 3168 5126 καὶ
3195 5069 3349 5136 αὖθις
3371 5091 3383 5103 ·
3420 5075 3694 5128 Πεσεῖται
3723 5075 3793 5128 ὲκ

2217 5161 2328 5218 τοῦ
2359 5162 2604 5228 κλίτους
2627 5178 2743 5217 σου
2771 5162 2989 5232 χιλιὰς,
3014 5165 3112 5219 καὶ
3138 5166 3375 5234 μυριὰς,
3415 5167 3511 5220 καὶ
3541 5165 3611 5219 τὰ
3646 5163 3793 5236 ἑξῆς,

2221 5254 2257 5308 ἃ
2286 5255 2380 5308 καὶ
2409 5253 2549 5307 αὐτὰ
2575 5255 2668 5308 ἐπὶ
2693 5256 2784 5308 τὸν
2809 5257 3016 5311 δίκαιον
3043 5257 3322 5326 ἀνάγεται.

2222 5368 2368 5436 Στίχ.
2413 5373 2485 5438 μ’.
2532 5369 2833 5434 Δύναντος
2885 5368 2953 5420 δὲ
2995 5368 3102 5422 τοῦ
3143 5370 3322 5438 ἡλίου
3347 5412 3362 5433 ,
3409 5369 3629 5434 πάντες
3661 5368 3795 5422 ὅσοι

2293 5437 2458 5506 εἶχον
2499 5438 2906 5504 ἀσθενοῦντας
2943 5440 3153 5506 νόσοις
3176 5437 3524 5507 ποικίλαις,
3566 5439 3795 5509 ἤγαγον

612 5637 659 5671 ⁸³
697 5636 816 5693 Gal.
851 5651 922 5702 Iv,
950 5635 1040 5690 27.
1117 5635 1164 5668 ⁸⁸
1194 5633 1325 5688 Luc.
1364 5649 1447 5699 ιιι,
1478 5631 1534 5688 ‘2.
1611 5629 1652 5660 ⁶¹
1689 5627 1830 5683 l‘sal.
1857 5641 1945 5691 xc,
1991 5625 2041 5679 1.
2117 5629 2164 5660 ⁸⁸
2196 5625 2323 5682 ibid.
2351 5623 2407 5677 7.

619 5757 730 5829 (ῖῦ)
763 5757 895 5813 Vide
928 5771 1088 5825 supra
1118 5754 1185 5809 ad
1226 5768 1344 5823 cap.
1385 5752 1447 5815 ll,
1481 5751 1571 5817 51,
1609 5763 1671 5804 ex
1708 5748 1829 5804 cod.
1857 5746 1950 5818 28.
2012 5772 2016 5779 ·

2116 5746 2227 5817 (τι)
2261 5744 2508 5815 Origenis
2523 5755 2578 5800 et
2599 5742 2844 5815 Gregorii
2863 5740 3147 5812 Thcologi.
