4172 6388
425 355 531 411 533

1684 354 1976 412 SCHOLIA
2014 355 2083 411 ΙΝ
2122 355 2381 412 LUCAM.

3564 353 3669 408 ’534

497 475 725 548 αὐτοὺς⁸
759 475 910 548 πρὸς
946 477 1172 548 auctir.
1207 477 1269 528 '0
1307 475 1376 548 δὲ
1411 476 1500 529 ἑνὶ
1546 475 1782 548 ἑκάστῳ
1808 476 1999 530 αὐτῶν

2180 494 2320 531 eum.
2351 478 2416 530 At
2445 478 2554 546 ipse
2583 478 2864 548 unicuique
2906 492 3087 531 eorum
3136 492 3325 530 manus
3375 473 3668 544 importem,

495 546 601 610 τὰς
636 545 836 614 χεῖρας
867 546 1116 609 ἐπιθεὶο,
1147 545 1552 614 ἐθεράπευσεν
1583 547 1825 611 αὐτούς.

497 637 633 707 Περὶ
663 635 872 706 δυσμάς
895 636 952 688 δὲ
975 635 1192 700 τούτους
1221 636 1494 707 προσῆγον
1513 676 1529 699 ,
1563 637 1681 708 ἤτοι
1710 636 1826 706 μεθ’
1861 636 2000 708 ἡμέ-

429 743 550 798 ραν,
605 726 1015 797 αἰσχυνόμενοι,
1062 728 1097 798 ἢ
1142 727 1268 791 τοὺς
1292 729 1614 800 Φαρισαίους
1657 727 1999 798 φοϐούμενοι,

428 820 521 870 καὶ
547 817 656 888 (78)
687 819 814 890 περὶ
835 819 997 890 ’ἐτερα
1031 819 1432 890 ἀσχολούμενοι,
1471 820 1503 890 ἢ
1527 821 1666 890 τάχα
1693 819 2003 890 νομίζοντες

427 911 626 974 ἐξεῖναι
662 910 986 981 θεραπεύειν
1037 912 1314 983 Σαϐϐάτῳ.
1368 915 1782 985 Ἐπεσημήνατο
1822 913 1931 985 γὰρ
1974 916 2002 965 ὁ

427 1005 850 1076 εύαγγελιστὴς,
893 1005 974 1057 ὅτι
1027 1000 1096 1074 ἦν
1150 1005 1416 1058 διδάσκων
1485 1005 1683 1068 αὐτοὺς
1741 1005 1812 1058 ἐν
1857 1006 2003 1058 Σαϐ-

430 1094 606 1158 ϐάτῳ.
651 1095 751 1146 Διά
781 1094 942 1147 τοῦτο
971 1095 1097 1166 περὶ
1121 1093 1271 1148 δύσιν
1296 1095 1448 1165 ἡλίου
1474 1095 1600 1157 τοὺς
1637 1094 1822 1158 κακῶς
1850 1094 2000 1165 έχον-

426 1201 524 1247 τας
557 1185 890 1255 προσέφερον
924 1186 975 1236 οἱ
1003 1186 1402 1255 προσήκοντεςο
1425 1187 1454 1238 ὁ
1480 1185 1537 1238 δὲ
1576 1185 1771 1248 αὐτοὺς
1810 1183 2002 1256 ἐθερά-

426 1293 616 1331 πευσε.

1093 1370 1251 1425 ΚΕΦ.
1301 1368 1375 1424 Z'.

499 1458 648 1528 Στίχ.
685 1455 792 1510 κδ’.

501 1549 613 1620 (79)
653 1551 964 1623 Ἰστορικῶς
992 1551 1050 1604 δέ
1071 1563 1085 1580 ⁸
1116 1552 1269 1606 Μετὰ
1291 1552 1388 1624 τὴν
1415 1552 1716 1624 ἀποστολὴν
1740 1553 1832 1607 τοῦ
1857 1554 2001 1624 ὀρνι-

425 1640 562 1703 θίου,
593 1641 807 1712 πρῶτον
834 1642 902 1695 τὰ
935 1643 1124 1714 ἱμάτια
1148 1643 1407 1697 πλύνεται
1435 1646 1464 1697 ὁ
1486 1644 1854 1716 καθαρισθεὶς,
1881 1643 1999 1700 εἶτα

423 1735 606 1786 πᾶσαν
636 1734 796 1806 τρίχα
829 1735 1080 1807 ξυρᾶται,
1105 1738 1198 1791 καὶ
1233 1740 1324 1792 ἐπὶ
1345 1739 1550 1804 τούτοις
1584 1740 1798 1794 λούεται
1825 1741 1995 1807 ὕδατι,

2179 548 2399 600 curabat
2437 563 2542 601 eos.

2173 638 2328 694 Circa
2378 654 2633 694 occasum
2671 639 2941 694 serobes
2983 637 3364 702 adducebant,
3392 635 3506 690 sive
3551 645 3673 703 post

2109 731 2279 795 diem,
2321 731 2562 793 reveriti,
2585 739 2674 784 aut
2714 728 3019 784 Pharisaeos
3052 737 3380 792 metuentes,
3405 733 3500 780 aut
3527 725 3671 778 circa

2105 820 2210 874 alia
2248 822 2495 890 occupati
2543 822 2778 891 negotia,
2830 831 2928 876 aut
2976 821 3139 876 facile
3189 819 3290 873 rati
3341 832 3446 871 non
3507 817 3672 870 licere

2104 910 2345 966 Sabbato
2365 926 2582 967 curare.
2611 913 2953 967 lndicaverat
2988 911 3132 965 enim
3162 909 3518 978 evangelista,
3546 922 3673 960 eum

2103 1002 2353 1058 docuisse
2382 1003 2502 1058 illos
2524 1005 2578 1058 in
2597 1002 2826 1058 Sabbato
2843 1003 2907 1058 ⁸³.
2939 1003 3226 1072 Propterea
3249 1001 3393 1055 circa
3419 1013 3672 1052 occasum

2103 1093 2240 1148 solis
2266 1109 2360 1149 eos
2383 1096 2474 1165 qui
2506 1096 2648 1150 male
2677 1098 2972 1162 habebant,
3001 1095 3344 1151 adducebant
3371 1091 3580 1158 amnes,
3616 1098 3673 1144 et

2104 1183 2227 1239 illos
2258 1185 2372 1253 ipse
2398 1183 2630 1240 curavit.

2725 1364 2881 1421 CAP.
2935 1363 3045 1420 VII.

2178 1455 2242 1509 V.
2279 1455 2371 1510 22.

2176 1545 2444 1603 llistorice
2467 1531 2599 1605 ver'o
2627 1567 2641 1604 :
2675 1549 2971 1620 Postquam
3004 1547 3214 1604 avicula
3239 1548 3435 1603 emissa
3470 1545 3667 1610 fuerat,

2101 1639 2334 1706 primum
2367 1641 2692 1697 vestimenta
2738 1642 2886 1698 lavat
2927 1643 3017 1711 qni
3072 1640 3443 1711 purificaturs
3475 1639 3669 1692 deinde

2104 1745 2296 1784 omnes
2320 1730 2458 1799 pilos
2487 1732 2626 1786 radit
2655 1751 2669 1785 :
2710 1734 2947 1802 posthaec
2976 1732 3216 1788 abluitur
3253 1746 3415 1800 aqua,
3445 1729 3663 1784 tandem

427 1824 547 1894 μεθ’
586 1824 614 1877 ὃ
657 1827 978 1898 ἐπιφέρεται
1019 1829 1119 1893 τὸ,
1169 1831 1439 1900 Καθαρὸς
1480 1833 1670 1888 ἐσται.
1709 1833 1808 1906 Είη
1851 1834 1894 1887 δ’
1934 1833 1999 1888 ἂν

2101 1821 2448 1891 sulijnngitur
2491 1822 2620 1879 illud
2659 1824 2934 1879 :Mundus
2958 1825 3056 1878 erit
3089 1823 3158 1881 “.
3190 1821 3310 1878 Jam
3342 1822 3664 1877 vestimenta

423 1913 496 1968 τὰ
537 1915 728 1986 ἱμάτια
772 1919 1013 1973 πολιτεία
1059 1920 1134 1992 μὴ
1185 1921 1401 1986 πάντως
1453 1923 1637 1988 κακῶς
1689 1925 1995 1997 ὑφασμένη,

425 2008 550 2061 ἐπεὶ
600 2009 704 2062 κᾶν
746 2011 976 2064 ἀπέθετο
1012 2013 1202 2068 ταῦτα.
1238 2015 1410 2085 Τρίχα
1437 2015 1495 2068 δὲ
1527 2015 1596 2068 τὰ
1635 2015 2000 2087 ὲξανθήσαντα

425 2098 595 2170 νεκρά
621 2102 685 2170 τῇ
715 2099 856 2172 ψυχῇ
909 2102 1046 2172 (80),
1096 2098 1186 2167 αἷς
1209 2103 1445 2158 ἐναντίαι
1484 2104 1692 2158 αἰτοῦσι
1727 2106 1996 2176 Σαμουὴλ,

423 2190 518 2242 καὶ
549 2191 658 2243 τῶν
685 2192 997 2264 Ναζιραίων
1031 2195 1124 2248 καὶ
1165 2195 1343 2249 αὐτῶν
1381 2195 1636 2267 μαθητῶν
1681 2196 1996 2268 ἠριθμημέ-

424 2300 533 2336 ναι.
579 2283 700 2338 Τῶν
731 2285 838 2356 γάρ
874 2285 1189 2358 Ναζιραίων
1233 2287 1450 2360 σίδηρος
1491 2291 1583 2342 ἐπὶ
1625 2289 1722 2362 τὴν
1761 2291 1999 2362 κεφαλὴν

421 2375 523 2428 οὐκ
577 2376 845 2430 ἀνέϐαινε.
920 2378 1086 2432 Πάνθ’
1128 2380 1228 2432 ὅσα
1283 2378 1348 2434 ἂν
1399 2381 1625 2434 ποιῶσιν
1677 2382 1999 2452 εύοδούμενα

423 2467 791 2538 πραττόντων,
823 2468 900 2532 ὡς
934 2469 1064 2540 μηδὲ
1099 2468 1274 2538 φύλλα
1300 2469 1480 2524 αὐτῶν
1512 2473 1999 2544 καρποφορούντων

421 2558 705 2627 ἀπορῤεῖν.
745 2556 883 2626 Ἤδη
931 2556 987 2610 δὲ
1027 2558 1136 2611 ἀπὸ
1171 2557 1263 2610 τοῦ
1307 2557 1556 2628 σώματος
1591 2556 1745 2612 ὕδατι
1777 2558 1867 2612 τὸν
1901 2575 2000 2629 μο-

421 2647 626 2718 λυσμὸν
663 2648 995 2711 ἀποτίθεται,
1024 2647 1118 2701 τοῦ
1168 2648 1544 2719 βαπτίσματος
1585 2650 1642 2701 ὲν
1694 2648 1866 2719 τούτῳ
1913 2649 2000 2720 δη-

421 2735 702 2805 λουμένου.
745 2735 900 2789 Μετά
931 2736 988 2789 δὲ
1017 2736 1174 2789 τοῦτο
1200 2737 1301 2807 τῆς
1336 2737 1434 2808 μὲν
1477 2737 1828 2809 παρεμϐολῆς
1853 2736 2000 2803 ἄξιος

420 2826 650 2894 γίνεται,
681 2829 762 2890 εἰς
789 2827 846 2879 δὲ
882 2828 973 2882 τὸν
1005 2827 1134 2881 ῐδιον
1163 2823 1311 2880 οἷκον
1350 2828 1451 2881 οὐκ
1480 2829 1704 2896 εἴσεισιν
1732 2829 1837 2892 ἕως
1861 2833 2001 2900 ἠμε-

424 2919 534 2989 ρῶν
563 2919 701 2972 ἑπτὰ
726 2959 740 2983 ,
779 2920 873 2972 καὶ⁸
917 2919 1014 2972 τοῦ
1059 2920 1221 2974 πάλιν
1255 2920 1578 2993 ξυρανθῆναι
1605 2921 1705 2992 τὴν
1736 2923 1995 2994 κεφαλήν.

420 3009 519 3064 Διά
558 3010 626 3064 τὰ
664 3011 772 3064 τῶν
796 3011 1082 3081 δογμάτων
1113 3012 1552 3083 κεραιωδέστερα
1599 3011 1736 3083 (81),
1775 3014 1872 3068 καὶ
1899 3016 2000 3086 τὴν

419 3099 622 3168 γνῶσιν
661 3100 980 3164 ἀποθέσθαι,
1022 3101 1092 3155 τὰ
1120 3101 1213 3155 τοῦ
1245 3101 1440 3174 ἀνδρὸς
1474 3103 1846 3175 ἁμαρτήματα
1866 3121 1880 3136 ·
1909 3105 1998 3160 διά

419 3189 478 3242 δὲ
503 3189 612 3244 τῶν
639 3191 876 3262 ὀφρύων,
911 3192 1128 3246 ἃπασαν
1156 3192 1350 3264 οίησιν.

491 3366 603 3445 (82)
634 3367 734 3421 Διά
765 3367 817 3421 τί
845 3368 901 3422 δὲ
934 3367 1029 3422 τοῦ
1048 3367 1249 3441 λεπροῦ
1277 3369 1586 3424 ἀκάλυπτον
1613 3366 1750 3424 εἶναι
1778 3370 1876 3442 τὴν
1904 3386 1998 3424 κε-

421 3457 626 3529 φαλήνς
655 3460 772 3512 Ἵνα
799 3459 1074 3531 γνώριμος
1107 3455 1162 3533 ᾗ,
1190 3461 1286 3514 καὶ
1314 3461 1388 3532 μὴ
1423 3461 1872 3532 μεταλαγχάνωσι
1897 3461 1998 3531 τῆς

421 3551 758 3623 ἀκαθαρσίας
805 3553 855 3605 οἱ
897 3549 1191 3617 πλάζοντες
1237 3551 1372 3624 (8'5).
1407 3553 1480 3606 Τὸ
1517 3553 1573 3606 δὲ
1623 3553 1796 3624 στόμα
1825 3569 1996 3606 κεκα-

419 3642 616 3712 λύφθαι
639 3643 807 3714 δηλοῖ,
831 3645 912 3698 ὅτι
935 3643 1041 3716 χρὴ
1068 3644 1260 3698 ἑαυτὸν
1289 3643 1674 3709 καταδικάζειν
1701 3647 1768 3716 τῇ
1794 3647 1993 3715 σιωπῇ,

423 3733 616 3805 μέχρις
645 3733 711 3788 ἂν
746 3735 1097 3806 ὑποστρέψας
1134 3735 1464 3807 καθαρισθῇ.

487 3911 646 3965 Κατὰ
685 3911 741 3965 δέ
770 3930 922 3976 τινας
948 3913 1129 3977 πάλιν,
1160 3910 1250 3965 τὸν
1284 3911 1372 3964 ὁλὸ
1400 3909 1516 3981 (84)
1557 3909 1756 3979 λεπρὸν
1799 3909 1996 3980 ὀνομά-

418 4019 540 4070 σας,
575 4003 889 4076 καθαρίζει’
925 4006 1157 4068 δεικνὺς,
1192 4004 1267 4067 ὡς
1305 4004 1333 4056 ὁ
1366 4003 1498 4065 Θεὸς
1529 4003 1588 4055 τὸ
1629 4001 1872 4054 ποικίλον
1903 4018 1993 4071 μι-

419 4098 520 4148 σεῖ.
555 4096 896 4169 Σαφέστερον
933 4097 991 4150 δὲ
1027 4095 1231 4167 προῖὼν
1260 4093 1418 4148 τοῦτο
1449 4092 1598 4164 δηλοῖ
1626 4093 1684 4146 ὲν
1722 4092 1801 4164 τῷ
1821 4111 1834 4123 ·
1885 4092 1996 4147 Τὸν

416 4187 740 4257 ἁμπελῶνά
797 4204 915 4242 σου
969 4189 1041 4242 οὐ
1088 4185 1482 4255 κατασπερεῒς
1542 4183 1816 4254 διάφορα.
1881 4185 1989 4238 Kal

414 4275 646 4346 ἱμάτιον
675 4278 742 4331 ἐκ
768 4277 877 4333 δύο
905 4277 1278 4348 ὑφασμένον.
1311 4278 1420 4333 Καὶ
1451 4276 1523 4330 τὰ
1552 4275 1741 4344 κτήνη
1774 4291 1890 4330 σου
1919 4278 1990 4330 οὐ

417 4370 868 4438 κατοχετεύσεις
894 4369 1227 4440 ἐτεροζύγῳ.
1257 4367 1540 4440 Πανταχοῦ
1570 4367 1851 4439 προτιμῶν
1882 4369 1979 4440 τὴν

415 4460 711 4532 ἁπλότητα,
748 4463 870 4533 ἥτις
896 4463 954 4515 ὲν
985 4461 1065 4534 τῷ
1090 4461 1365 4533 ὁλολέπρῳ
1400 4461 1701 4531 θεωρεῖται.

1071 4637 1228 4691 ΚΕΦ.
1270 4637 1353 4689 H'.

414 4724 563 4796 Στίχ.
607 4734 702 4790 ις’.
741 4726 952 4793 Οὐδεὶς
996 4728 1230 4796 λύχνον
1265 4725 1761 4796 ἄψαςίκαλύπτει
1797 4723 1986 4796 αὐτὸν

485 4793 712 4860 άᾶιεύει,
749 4798 786 4866 ἣ
829 4793 1113 4851 ὑποκάτῶ
1152 4793 1366 4862 κλινής
1396 4795 1654 4866 τίθησιν,
1695 4793 1838 4866 ἀλλ’
1883 4794 1983 4866 ἐπί

483 4862 782 4947 λυχνίας-ί
807 4868 909 4921 ἵνα
959 4870 1014 4921 οὶ
1062 4862 1545 4935 εισπορευόμενοίι
1589 4864 1867 4930 βλέπωσι
1918 4862 1985 4917 τὸ

483 4956 630 5006 φωςο

413 5028 561 5098 Στίχ.
603 5026 690 5098 ιζ’.
721 5029 803 5082 Οὐ
854 5027 969 5098 γάρ
998 5028 1138 5098 ,ἐστι
1179 5026 1486 5098 κρυπτὸν,
1521 5025 1670 5098 ὅςού
1719 5021 1983 5098 φανερὸν

484 5093 801 5168 γξὲνήσεται
820 5115 833 5125 ·
863 5093 1016 5151 ὀὐδὲ
1049 5093 1420 5168 ἀπόκρυφον,
1462 5095 1493 5149 ὃ
1522 5097 1593 5149 οὐ
1637 5093 1980 5164 γνωσθήσε-

483 5167 598 5234 ται,
627 5169 728 5223 καὶ
761 5172 850 5233 εὶς
876 5167 1138 5236 φανερὸν
1167 5167 1337 5236 ἔλθῃ.

413 5259 561 5331 Στίχ.
594 5267 683 5331 ιη’.
726 5259 986 5314 Βλέπετε
1018 5254 1132 5314 οὖν
1169 5257 1294 5324 πῶς
1337 5257 1604 5312 ἀκούετε.
1644 5257 1742 5321 Ὃς
1767 5254 1877 5324 γὰρ
1909 5254 1985 5309 ἂν

484 5421 530 5453 ⁸³
559 5418 691 5476 Luc.
711 5435 784 5485 tv,
817 5419 902 5486 l6,
932 5417 1021 5475 3|.
1099 5418 1144 5450 “
1176 5415 1347 5471 Levit.
1376 5431 1448 5470 xu
1469 5457 1482 5471 .
1562 5415 1606 5447 “
1637 5415 1810 5472 Levit.
1843 5429 1957 5480 xu,
1997 5409 2084 5467 l9.

479 5535 593 5606 (78)
623 5534 1096 5592 Omninovidetur
1116 5537 1304 5593 deesse
1334 5537 1416 5590 οὐ.

500 5607 589 5673 79)
621 5607 674 5660 In
711 5609 831 5660 cod.
863 5621 985 5675 pag.
1013 5607 1104 5660 M.

501 5676 590 5741 80)
628 5676 802 5730 Locus
831 5677 1066 5733 vitiatus.

487 5745 598 5818 (81)
625 5745 741 5802 Vox
770 5745 980 5802 vitiata.

2101 1917 2412 1986 signiﬁcare
2465 1927 2691 1987 possunt
2745 1918 2873 1974 vita:
2930 1929 3174 1974 tenorem
3247 1917 3390 1972 baud
3446 1931 3668 1986 prorsus

2099 2007 2240 2062 male
2281 2015 2620 2075 contextum,
2665 2009 2791 2078 quia
2817 2023 3010 2078 nempe
3041 2008 3130 2064 illa
3171 2008 3496 2078 deponebat.
3566 2004 3662 2061 Pili

2100 2101 2327 2156 innuere
2394 2111 2622 2171 possunt
2687 2100 2963 2156 mortifera
3040 2100 3287 2171 quaedam
3361 2101 3412 2153 in
3482 2099 3664 2153 anima

2101 2192 2530 2255 succrescentia,
2570 2190 2768 2259 quibus
2812 2189 3392 2258 contrariaepostulant
3420 2187 3664 2254 Samuel,

2101 2292 2156 2336 et
2185 2281 2575 2346 Nazirazorum,
2614 2283 2962 2353 ipsorumque
3009 2281 3396 2351 discipulorum
3423 2295 3656 2336 enume-

2102 2383 2251 2427 ratae.
2271 2373 2498 2428 Ferrum
2522 2388 2756 2444 namque
2777 2383 2936 2443 caput
2958 2371 3320 2428 Nazirtnorum
3337 2387 3443 2428 non
3467 2387 3662 2428 ascen-

2101 2465 2280 2519 debat.
2336 2465 2680 2536 Quazcunque
2747 2465 3156 2521 enim'l’aciant
3194 2481 3448 2536 prospera
3505 2475 3667 2522 erunt

2100 2553 2450 2618 facientibus,
2485 2555 2623 2610 adeo
2652 2563 2711 2608 ut
2737 2569 2804 2608 ne
2826 2552 3064 2610 deﬂuant
3095 2555 3227 2625 ipsis
3269 2554 3400 2608 folia
3441 2554 3659 2623 quidem

2101 2646 2543 2714 producentibus.
2579 2643 2698 2700 1am
2737 2661 2867 2702 vero
2901 2661 2932 2700 a
2969 2660 3197 2716 corpore
3231 2660 3370 2716 aqua
3417 2645 3666 2716 coinqui-

2103 2747 2413 2792 namentum
2469 2737 2736 2806 deponit:
2779 2738 3104 2808 baptismate
3149 2737 3207 2792 in
3253 2739 3354 2792 hoc
3400 2737 3662 2792 indicato.

2100 2828 2294 2884 Postea
2339 2841 2468 2884 vero
2509 2827 2707 2884 castris
2745 2830 2937 2900 dignus
2975 2828 3250 2884 habetur:
3288 2837 3344 2882 at
3389 2828 3662 2898 propriam

2101 2921 2317 2976 domum
2344 2936 2452 2976 non
2479 2923 2780 2993 ingreditur
2813 2929 2940 2976 ante
2975 2920 3103 2976 dies
3138 2929 3366 2990 septem,
3410 2929 3466 2974 et
3508 2929 3662 2974 ante-

2100 3025 2260 3080 quam
2283 3022 2472 3067 rursus
2492 3012 2778 3067 tondeatur
2791 3011 2988 3080 capite.
3010 3008 3116 3065 Per
3137 3011 3445 3079 dagmatum
3462 3024 3663 3079 oppor-

2103 3103 2388 3158 tunitatem
2422 3113 2477 3158 et
2503 3103 2892 3173 depositiouem
2923 3101 3184 3165 scientia,
3217 3100 3452 3155 hominis
3481 3115 3666 3170 pecca-

2026 3168 2069 3226 C
2111 3202 2200 3246 ta:
2224 3209 2323 3263 per
2351 3168 2636 3264 supercilia
2660 3207 2813 3256 vero.
2839 3205 3054 3248 omnem
3074 3191 3156 3246 sui
3179 3168 3657 3254 existimationem,

2099 3283 2315 3337 imruere
2335 3286 2519 3352 possit.

2169 3371 2370 3440 thuid
2397 3387 2527 3428 vero
2558 3373 2752 3442 Ieprosi
2793 3379 2956 3441 caput
2988 3377 3232 3440 apertum
3289 3383 3410 3426 esse
3439 3381 3659 3440 Oporte-

2097 3465 2232 3520 bat?
2262 3463 2333 3520 Ut
2361 3466 2744 3530 innotesceret,
2779 3472 2836 3518 et
2864 3461 3056 3536 reliqui
3085 3461 3378 3532 participes
3411 3477 3514 3516 non
3564 3465 3660 3517 tie-

2098 3567 2222 3613 rent
2248 3558 2604 3628 impuritatis,
2637 3557 2729 3626 qui
2775 3555 2845 3612 ad
2880 3570 3004 3611 eum
3043 3565 3250 3611 temere
3279 3555 3658 3610 accessissent.

2097 3649 2248 3716 Quod
2277 3659 2454 3704 autem
2485 3665 2547 3704 os
2573 3648 2932 3704 obvelandum
2963 3647 3171 3714 fuerit,
3209 3647 3481 3713 declarat,
3515 3650 3660 3716 quod

2096 3751 2349 3810 oporteat
2407 3743 2644 3812 seipsum
2696 3741 2959 3796 damnare
3007 3740 3248 3804 silentio,
3308 3738 3663 3810 quoadusque

2095 3845 2400 3885 conversus
2439 3829 2758 3900 puriﬁcetur
2786 3829 2927 3899 quis.

2162 3920 2324 3976 Juxta
2351 3923 2486 3978 alios
2515 3937 2724 3986 rursus,
2769 3936 2930 3990 quem
2975 3929 3149 3976 totum
3180 3920 3450 3990 leprosum
3486 3921 3662 3976 nomi-

2095 4021 2346 4078 naverat,
2375 4013 2632 4078 mundat;
2661 4012 2977 4077 ostendens,
3009 4012 3150 4082 quod
3178 4012 3390 4066 varium
3435 4013 3506 4067 sit
3553 4013 3663 4067 Deo

2093 4105 2218 4160 odio
2243 4117 2383 4160 esse.
2440 4103 2787 4158 Manilestius
2813 4111 2992 4156 autem
3021 4103 3302 4172 aliquanto
3347 4102 3485 4156 infra
3517 4103 3658 4156 istud

2093 4198 2352 4262 declarat,
2383 4196 2662 4267 inquiens:
2698 4193 2916 4248 Vineam
2937 4204 3087 4249 tuam
3114 4210 3216 4248 non
3241 4195 3521 4250 seminabis
3553 4195 3660 4250 alia

2091 4297 2247 4358 atque
2276 4287 2385 4341 alia
2429 4287 2614 4355 specie.
2657 4281 2726 4338 Et
2773 4293 2962 4338 uestem
3001 4300 3067 4338 ex
3095 4284 3298 4337 duobus
3332 4293 3546 4340 textam.
3590 4285 3660 4340 Et

2091 4378 2334 4446 jumenta
2360 4388 2451 4432 tua
2475 4392 2576 4430 non
2604 4375 2765 4446 facies
2791 4373 2932 4428 coire
2977 4390 3094 4430 cum
3121 4377 3337 4432 alterius
3369 4378 3556 4444 speciei
3591 4375 3658 4430 ⁸⁸.

2103 4467 2314 4536 Ubique
2375 4467 2670 4537 praeferens
2721 4465 3125 4536 simplicitatem
3162 4507 3178 4532 ,
3263 4483 3382 4538 qua:
3431 4468 3484 4522 in
3517 4477 3662 4535 ιιοιο

2095 4562 2305 4632 leproso
2343 4562 2694 4632 conSpicitur.

2818 4657 2834 4685 ι

2096 4722 2160 4777 V.
2206 4723 2292 4782 l6.
2329 4721 2522 4776 Nullus
2557 4725 2648 4788 qui
2673 4651 3230 4786 lfétaatxlfttcettdit,
3256 4722 3486 4776 occultat
3508 4723 3654 4778 illam

2165 4809 2302 4860 uase,
2346 4793 2420 4846 vel
2457 4793 2599 4860 infra
2631 4793 2820 4847 lectum
2849 4793 3030 4861 ponit,
3079 4794 3168 4845 sed
3217 4808 3374 4846 suver
3409 4793 3658 4848 candela-

2165 4866 2278 4928 bro,
2304 4875 2358 4916 ut
2381 4863 2729 4932 ingredientes
2753 4865 2960 4918 uideant
2985 4861 3204 4917 lumeu.‘

2093 5019 2157 5074 V.
2206 5019 2288 5074 I7.
2348 5020 2470 5073 Non
2501 5029 2575 5072 est
2601 5020 2737 5072 enim
2769 5018 3031 5072 occultum
3057 5059 3072 5083 ,
3101 5016 3240 5087 quod
3283 5033 3382 5070 non
3422 5019 3662 5086 manife-

2161 5101 2300 5144 stum
2334 5090 2420 5157 ﬁet
2455 5103 2473 5140 :
2501 5105 2664 5158 neque
2702 5090 2952 5154 celatum,
2982 5093 3120 5158 quod
3161 5105 3263 5142 non
3292 5099 3658 5156 cognoscatur,

2162 5170 2211 5214 et
2243 5161 2296 5212 in
2324 5160 2662 5228 manifestum
2690 5159 2883 5211 veniat.

2095 5249 2163 5306 ν’.
2214 5251 2300 5306 18.
2350 5252 2617 5305 Attendite
2649 5250 2814 5320 igitur
2853 5248 3370 5321 quomodojaudttis.
3418 5247 3658 5314 Quicun-

2174 5528 2264 5592 82)
2293 5525 2618 5582 Tlteodoret.
2643 5532 2698 5577 et
2725 5521 2947 5590 Origen.

2174 5531 2264 5592 82)
2293 5531 2618 5582 Theodoret.
2643 5532 2698 5577 et
2725 5531 2947 5590 Urigen.

2149 5531 2453 5671 E83)_Eorte
2480 5592 2968 5667 προσπελάζοντες,
3033 5597 3126 5645 aut
3171 5588 3515 5656 πελάζοντες,
3572 5595 3654 5644 vel

2087 5666 2532 5742 πλησιάζοντες...
2562 5732 2594 5742 η
2864 5739 2872 5742 Δ
2913 5731 2924 5742 .

2156 5729 2268 5811 (Si)
2300 5737 2460 5794 Forte
2488 5732 2800 5804 ὁλόλεπρον,
2822 5739 2880 5786 ut
2912 5729 3077 5786 inira.
