4172 6400
487 348 594 404 ’5ἶῦ
1376 347 1934 406 SUPPLEMENTUM
1969 349 2061 404 AD
2099 346 2423 406 ORIGENIS
2458 347 2875 405 EXEGETICA.

3638 354 3742 408 556

549 480 650 536 que
696 463 835 518 enim
887 464 1074 536 habet.
1121 465 1332 518 dabitur
1371 468 1420 517 ei
1453 483 1473 519 :
1506 476 1553 519 et
1598 467 1897 532 quicunque
1951 485 2051 520 non

2224 467 2358 534 ἔχῃ,
2383 464 2703 532 δοθήσεται
2725 463 2886 536 αὐτῷ
2905 481 2918 494 ·
2963 465 3062 518 καὶ
3097 464 3171 531 ,ὃς
3200 464 3278 518 ἂν
3299 461 3387 534 μὴ
3410 463 3543 533 ἔχῃ,
3580 467 3677 519 καὶ
3710 467 3742 521 6

549 535 722 596 habet,
743 545 790 588 et
821 535 960 602 quod
986 539 1194 588 videtur
1219 537 1426 596 habere,
1454 537 1670 589 tolletur
1691 541 1754 589 ab
1775 539 1909 605 ipsa.

549 626 651 693 Qui
685 637 865 680 tamen
894 627 1008 681 vult
1042 630 1320 681 lucernam
1345 630 1605 697 adaptare
1646 630 2058 698 perfectissimis

479 720 871 789 discipulorum
917 719 1068 786 Jesu,
1120 721 1379 790 percellet
1432 736 1532 775 nos
1577 736 1645 776 ex
1699 722 1766 776 iis
1818 738 1942 791 quae
1990 724 2058 777 de

477 811 688 867 Joanne
712 813 856 866 dicta
887 821 1019 867 sunt
1057 830 1072 866 :
1105 813 1228 880 quia
1243 810 1350 866 ille
1377 821 1492 866 erat
1524 817 1740 866 lucerna
1773 815 1966 867 ardens
2005 823 2056 867 et

480 904 786 958 illuminans
832 904 898 958 “.
929 904 1037 960 Sed
1071 914 1125 958 et
1152 904 1370 957 lucerna
1398 905 1657 971 corporis,
1683 915 1759 958 est
1783 905 1963 958 oculus
1986 904 2055 966 ⁸⁷.

483 995 686 1050 relatus
717 997 782 1048 ad
817 1004 1053 1050 mentem
1100 995 1387 1062 cujusque.
1441 994 1587 1060 Quin
1638 1006 1693 1050 et
1732 995 1858 1048 illud
1891 1015 1903 1048 :
1938 994 2056 1049 Sint

480 1097 665 1142 uestri:
697 1089 926 1141 lucerna
975 1088 1216 1142 ardentes
1242 1087 1286 1118 ⁸⁸
1350 1087 1416 1140 ad
1468 1102 1657 1141 omnes
1719 1088 1930 1142 dictum
1973 1097 2057 1142 est

482 1175 779 1244 discipulos
839 1175 991 1232 Jesu.
1039 1174 1155 1230 Non
1190 1177 1348 1230 debet
1408 1176 1571 1245 igitur
1631 1177 1720 1245 qui
1780 1178 2056 1232 lucernam

482 1270 757 1334 accendit,
790 1269 843 1323 in
881 1270 1062 1323 anima
1115 1269 1369 1322 rationali
1428 1269 1701 1323 occultare
1752 1269 1920 1334 iHam,
1961 1271 2056 1326 sed

481 1363 926 1432 superimponere
949 1360 1311 1416 candelabro:
1335 1360 1492 1430 cujus
1517 1362 1816 1433 symbolum
1848 1361 2057 1435 Moyses

481 1455 722 1526 reposuit
759 1455 812 1509 in
863 1453 1215 1508 tabernaculo
1261 1454 1576 1508 testimonii.
1623 1453 1798 1508 Modio
1836 1457 2055 1524 quidem

480 1544 754 1599 frumenta
820 1552 1135 1599 mensurata
1195 1544 1468 1612 accipiant
1525 1559 1554 1597 a
1593 1527 1762 1599 'servo
1811 1545 1971 1599 fidele
2003 1555 2059 1600 et

482 1637 769 1707 prudente,
833 1636 1080 1690 conservi
1112 1653 1124 1688 ε
1153 1644 1207 1687 at
1255 1636 1475 1688 videant
1528 1635 1768 1704 fulgores
1821 1635 2056 1691 lucerna:

482 1724 750 1793 imposita:
777 1724 1126 1788 candelabro,
1153 1723 1202 1776 id
1236 1734 1318 1777 est
1354 1723 1608 1779 Ecclesia:
1652 1726 1915 1780 omnium.
1945 1728 2053 1781 Sed

2230 535 2397 590 δοκεῖ
2415 538 2600 604 ἐχειν,
2645 535 2967 604 ἀρθήσεται
2991 537 3092 589 ἀπ’
3123 537 3328 590 αὑτοῦ.

2232 627 2300 680 ’0
2328 643 2391 695 γε
2423 628 2529 699 μὴν
2568 627 2890 698 βουλόμενος
2920 627 3010 680 τὸν
3041 626 3232 696 λύχνον
3266 629 3597 700 έςραρμόζειν
3632 632 3743 692 τοῖς

2161 717 2493 782 πλειοτάτοις
2545 719 2653 771 τῶν
2717 718 2972 789 μαθητῶν
3031 719 3126 772 τοῦ
3207 720 3380 790 Ἰησοῦ
3433 722 3742 791 δυσωπήσει

2161 807 2307 878 ἡμᾶς
2345 809 2453 861 ἀπὸ
2475 809 2582 862 τῶν
2612 809 2742 880 περὶ
2787 810 3031 862 Ἰωάννου
3061 810 3386 881 εἰρημένωνο
3425 813 3553 864 Ὀτι
3586 811 3738 864 ἐκεῖ-

2157 915 2263 965 νος
2303 896 2381 969 ἦν
2406 905 2438 953 ὁ
2467 903 2719 968 λύχνος,
2745 904 2778 954 ό
2803 903 3118 970 καιόμενος
3142 903 3237 954 καὶ
3267 903 3516 971 φαίνων.
3569 904 3742 958 Ἀλλὰ

2172 995 2206 1044 ὀ
2238 995 2470 1062 λύχνος
2511 995 2618 1048 τοῦ
2658 996 2932 1064 σώματός
2958 995 3132 1048 ἐστιν
3163 999 3195 1048 ό
3241 995 3571 1064 ὀφθαλμὸς,
3607 999 3739 1050 ἀνα-

2159 1086 2459 1156 φερόμενος
2490 1087 2584 1141 ἐπὶ
2623 1087 2714 1140 τὸν
2757 1090 2815 1141 έν
2860 1088 3076 1160 ἑκάστῳ
3123 1089 3264 1143 νοῦν.
3321 1089 3482 1142 Ἀλλὰ
3514 1092 3608 1144 καὶ
3645 1092 3736 1144 τόο

2162 1179 2482 1230 Ἔστωσαν
2511 1177 2676 1247 ὑμῶν
2706 1183 2759 1233 οἱ
2790 1181 3006 1249 λύχνοι
3053 1184 3381 1249 καιόμενοι,
3421 1181 3557 1252 πρὸς
3601 1183 3738 1235 παν-

2156 1284 2253 1331 τας
2296 1269 2507 1339 εἴρηται
2536 1270 2662 1332 τοὺς
2693 1269 2940 1341 μαθητὰς
2971 1271 3064 1324 τοῦ
3111 1272 3307 1342 Ἰησοῦ.
3344 1273 3418 1325 Ού
3449 1273 3531 1325 δεῖ
3561 1274 3739 1326 τοίνυν

2156 1355 2248 1408 τὸν
2283 1355 2494 1425 ἆψαντα
2536 1356 2728 1427 λύχνον
2758 1359 2816 1411 ὲν
2849 1359 2996 1430 ψυχῇ
3032 1359 3224 1431 λογικῇ
3260 1361 3524 1431 κρύπτειν
3555 1364 3737 1428 αὑτὸν,

2161 1446 2274 1499 ἀλλ’
2301 1449 2596 1503 ἐπιτιθέναι
2626 1449 2817 1522 λυχνίᾳ
2841 1468 2853 1481 ο
2883 1448 2951 1524 ἦς
2973 1452 3240 1522 σύμϐολον
3270 1455 3475 1525 Μωσῆς
3507 1455 3740 1510 ἀπέθετο

2158 1539 2216 1590 ὲν
2246 1542 2311 1609 τῇ
2347 1543 2517 1611 σκηνῇ
2575 1542 2896 1612 μαρτυρίου.
2929 1543 3118 1614 Μοδίῳ
3152 1546 3250 1615 μὲν
3279 1545 3388 1616 γὰρ
3419 1550 3739 1619 σιτομετρή-

2159 1628 2374 1683 σθωσαν
2403 1631 2508 1683 ὑπὸ
2534 1630 2629 1684 τοῦ
2661 1632 2853 1686 πιστοῦ
2880 1635 2974 1687 καὶ
2988 1635 3253 1704 φρονίμου
3285 1636 3496 1688 οίκέτου
3531 1639 3580 1690 οἱ
3613 1638 3738 1691 σύν-

2156 1721 2366 1775 δουλοιο
2404 1723 2750 1792 βλεπέτωσαν
2793 1724 2849 1777 δὲ
2881 1724 2982 1789 τὰς
3030 1725 3205 1793 αὐγὰς
3243 1725 3338 1779 τοῦ
3372 1727 3567 1798 λύχνου
3612 1732 3736 1782 ἑπι-

482 1831 646 1884 neque
663 1816 758 1869 sub
780 1814 909 1869 lecto
937 1827 1134 1884 ponunt
1165 1816 1456 1880 lucernam,
1474 1817 1565 1871 ubi
1589 1818 1712 1885 quis
1746 1818 2052 1887 requiescit,

2159 1813 2410 1883 κειμένου
2455 1817 2520 1885 τῇ
2572 1814 2794 1886 λυχνίᾳ,
2838 1816 3005 1887 ἤγουν
3044 1820 3110 1887 τῇ
3160 1817 3455 1889 Ἐκκλησία
3498 1819 3735 1876 πάντων.

480 1922 581 1961 nec
603 1907 794 1962 subtus
821 1906 928 1962 alio
961 1908 1218 1977 quopiam
1250 1923 1399 1962 vase.
1430 1907 1532 1974 Qui
1559 1909 1702 1962 enim
1738 1909 1878 1964 istud
1903 1909 2053 1975 facit,

481 2013 588 2052 non
628 1998 863 2053 consulit
888 1998 1319 2065 ingredientibus
1348 2001 1569 2055 domum
1597 2019 1611 2055 :
1639 2001 1834 2069 quibus
1859 2002 2056 2056 debent

480 2105 683 2160 ponere
712 2091 989 2145 lucernam
1025 2092 1340 2162 quicunque
1381 2094 1559 2147 veraci
1621 2093 1821 2148 lumine
1855 2103 1910 2148 et
1947 2093 2054 2148 ful-

482 2193 642 2253 gente
658 2182 890 2250 ratione,
921 2194 976 2240 et
1005 2184 1174 2240 radiis
1199 2185 1478 2254 sapientiai
1508 2185 1560 2238 in
1592 2185 1784 2254 seipsis
1820 2196 2052 2239 mentem

481 2291 635 2330 suam
671 2276 990 2340 accendunt,
1023 2291 1087 2330 ea
1120 2285 1312 2330 natura
1347 2287 1738 2344 comparatam,
1765 2292 1871 2346 qna
1906 2277 2051 2331 illam

479 2364 726 2419 condidit
762 2365 946 2434 opifex
973 2380 1156 2421 rerum
1185 2409 1198 2430 ,
1235 2367 1473 2420 lucernae
1503 2367 1720 2434 inquam
1758 2367 2054 2435 indigentis

484 2455 688 2510 habere
721 2456 774 2508 in
817 2455 994 2508 anima
1033 2464 1269 2510 mentem
1324 2457 1392 2510 de
1446 2456 1512 2509 iis
1555 2471 1674 2524 quae
1722 2456 2053 2512 consulendo

481 2554 609 2600 sunt
656 2543 1181 2614 perspicacissimam
1211 2585 1229 2609 ,
1296 2557 1352 2600 et
1400 2547 1716 2615 participem
1771 2547 1890 2616 ejus
1961 2551 2053 2618 qui

480 2637 622 2692 dixit
655 2655 669 2692 :
706 2635 819 2707 Ego
875 2637 1049 2692 lumen
1079 2638 1134 2691 in
1164 2639 1420 2692 mundum
1471 2640 1588 2692 ueni
1638 2640 1706 2693 “.
1747 2638 1848 2706 Qui
1906 2642 2053 2695 enim

480 2730 784 2784 accendunt
812 2728 1094 2783 lucernam
1127 2739 1182 2783 et
1204 2738 1416 2799 ponunt
1438 2743 1603 2798 supra
1632 2730 2050 2796 candelabrum,

483 2831 541 2874 ut
573 2818 779 2890 fulgeat
809 2820 1064 2875 omnibus
1108 2821 1201 2890 qui
1253 2829 1382 2874 sunt
1413 2821 1470 2875 in
1499 2821 1665 2875 domo
1689 2862 1704 2884 ,
1737 2822 2056 2876 excitabant

479 2921 537 2966 et
563 2926 657 2966 eos
678 2911 770 2980 qui
801 2912 853 2967 lu
882 2912 1044 2966 domo
1074 2913 1254 2966 vident
1305 2914 1538 2966 lucerna:
1570 2912 1911 2982 splendorem
1936 2952 1952 2977 ,
1995 2924 2054 2968 ut

479 3014 536 3059 et
577 3004 675 3074 ipsi
700 3019 857 3060 suum
882 3004 1270 3060 candelabrum
1303 3006 1624 3059 accendant.

485 3181 554 3236 Υ.
592 3181 682 3239 38.
727 3184 941 3236 Dimisit
972 3192 1146 3237 autem
1193 3184 1348 3238 illum
1377 3184 1555 3251 Iesus,
1597 3188 1822 3242 dicens:

488 3252 680 3324 v.39.
726 3253 857 3306 Redi
875 3257 951 3324 _in
993 3255 1205 3324 domum
1250 3264 1418 3320 tuam,
1452 3266 1501 3309 et
1536 3275 1696 3311 narra
1726 3275 2051 3324 quwcunque

547 3323 671 3392 fecit
715 3324 808 3376 tibi
858 3322 1020 3377 Deus.
1070 3321 1133 3376 Et
1191 3325 1359 3388 abiit,
1435 3343 1526 3391 per
1575 3321 1747 3380 totam'
1789 3321 2052 3383 ciuitatem

554 3393 832 3463 divulgans
861 3410 1184 3463 quwcunque
1206 3394 1326 3462 fecit
1357 3395 1437 3449 illi
1466 3397 1643 3450 Jesus.

551 3551 716 3606 Mittit
740 3567 864 3608 eum
898 3553 1138 3606 domum.
1169 3551 1284 3607 Non
1320 3554 1468 3608 enim
1502 3564 1704 3609 tantam
1739 3571 2052 3610 mensuram

481 3645 718 3700 habebat
744 3646 828 3698 vir
861 3644 968 3707 ille,
997 3653 1056 3700 ut
1097 3643 1319 3700 indutus
1345 3645 1622 3701 conferret
1663 3663 1725 3702 se
1758 3650 1826 3702 ad
1862 3651 2056 3704 seden-

480 3739 606 3792 dum
641 3737 706 3791 ad
747 3739 910 3807 pedes
941 3735 1093 3792 Jesu.
1155 3738 1218 3791 Et
1265 3739 1392 3792 dum
1427 3754 1552 3792 cum
1587 3740 1678 3794 illo
1730 3754 1892 3807 esset,
1947 3759 2052 3800 non

480 3830 818 3902 capientibus
865 3831 954 3899 qui
1009 3846 1073 3884 ex
1127 3828 1550 3898 circumjacente
1603 3834 1826 3902 regione
1872 3845 2052 3901 erant,

479 3925 766 3978 adventum
799 3920 948 3982 Jesu,
981 3921 1151 3975 nihilo
1183 3931 1360 3975 tamen
1408 3922 1591 3976 minus
1631 3924 1866 3992 providit
1890 3925 2052 3980 saluti

478 4030 666 4068 eorum
694 4015 786 4082 qui
819 4013 892 4067 ibi
943 4013 1086 4066 istud
1133 4021 1406 4081 poterant,
1452 4013 1736 4070 dimittens
1789 4030 1910 4069 enm
1962 4020 2052 4082 qui

479 4108 614 4162 satis
640 4109 707 4160 ad
744 4105 908 4174 pedes
940 4106 1240 4165 assederat.
1283 4115 1344 4160 ut
1377 4109 1604 4161 doceret
1633 4121 1752 4175 qua:
1777 4107 1880 4162 sibi
1913 4107 2056 4163 fece-

481 4210 564 4253 rat
607 4200 766 4254 Dens.
815 4197 1043 4253 Fuerint
1082 4212 1215 4253 vero
1236 4198 1456 4268 quidam
1510 4198 1668 4252 istius
1698 4199 1976 4253 auditores
2000 4209 2055 4253 et

477 4287 753 4360 discipuli,
789 4290 944 4359 plura
983 4289 1202 4358 quidem
1249 4304 1356 4344 non
1405 4289 1792 4359 distinguentis
1825 4305 1890 4343 ex
1923 4306 2056 4358 pau-

476 4385 590 4447 cis,
639 4390 843 4450 etquae
874 4379 1067 4435 didicit
1099 4380 1466 4449 praedicantis.
1524 4380 1594 4434 At
1641 4379 1847 4435 referre
1877 4382 2054 4449 possis

477 4488 784 4528 sermonem
822 4474 986 4526 etiam
1039 4473 1104 4525 ad
1153 4471 1388 4524 hominis
1420 4480 1709 4536 naturam,
1764 4471 2053 4524 exterioris

2175 1904 2310 1956 Ἀλλ’
2347 1905 2490 1959 οὐδὲ
2519 1906 2640 1959 ὑπὸ
2669 1906 2784 1974 τὴν
2815 1908 3036 1974 κλίνην
3072 1909 3301 1963 τιθέασι
3335 1908 3442 1962 τὸν
3479 1912 3735 1980 λύχνον,

2160 1992 2289 2046 ἔνθα
2314 2011 2399 2058 τις
2425 1995 2786 2063 ἀναπαύεται,
2820 1997 2940 2050 οὐδὲ
2970 1997 3129 2051 ἄλλου
3166 1999 3312 2062 τινὸς
3343 2000 3570 2064 σκεύους
3603 2003 3737 2054 ὑπο-

2160 2085 2328 2139 κάτω.
2359 2085 2530 2142 Τοῦτο
2556 2087 2664 2160 γὰρ
2688 2091 2716 2141 6
2747 2089 2916 2144 ποιῶν
2954 2091 3014 2143 ού
3055 2097 3362 2162 προνοεῖται
3403 2096 3517 2157 τοῖς
3556 2095 3740 2148 εἰσπο-

2164 2173 2470 2244 ρευομένοις
2495 2177 2573 2238 είς
2601 2177 2700 2246 τὴν
2727 2177 2905 2230 οἰκίαν
2925 2195 2938 2207 ·
2971 2174 3053 2240 οἷς
3082 2179 3162 2232 δεῖ
3192 2180 3400 2234 τιθέναι
3427 2184 3519 2235 τὸν
3549 2183 3739 2255 λύχνον

2158 2267 2206 2317 oi
2239 2264 2318 2335 τῷ
2348 2265 2585 2336 ἀληθινῷ
2610 2269 2748 2336 φωτὶ
2785 2268 2879 2321 καὶ
2908 2269 3053 2340 λόγῳ
3083 2271 3161 2342 τῷ
3195 2271 3454 2346 λαμπρῷ,
3493 2276 3587 2328 καὶ
3618 2281 3739 2340 ταῖς

2159 2356 2342 2409 ἀκτῖσι
2379 2357 2479 2428 τῆς
2523 2358 2714 2427 σοφίας
2756 2361 3089 2425 ἀνάπτοντες
3130 2363 3220 2418 τὸν
3257 2365 3314 2416 ὲν
3360 2365 3543 2430 αὐτοῖς
3588 2367 3735 2432 νοῦν,

2160 2448 2322 2516 φύσιν
2350 2447 2541 2518 ἔχοντα
2593 2449 2716 2503 καθ’
2759 2453 2825 2520 ἣν
2868 2453 3274 2508 κατεσκεύασεν
3319 2456 3484 2510 αὑτὸν
3515 2459 3544 2510 6
3578 2457 3738 2530 δημι-

2157 2541 2372 2611 ουργὸς,
2405 2540 2595 2611 λύχνου
2633 2542 2885 2612 δεομένου
2928 2545 3026 2614 τῆς
3080 2546 3188 2599 ἀπὸ
3249 2547 3357 2600 τῶν
3406 2552 3738 2622 προνοουμέ-

2159 2649 2262 2685 νων
2292 2631 2434 2703 εχειν
2459 2633 2516 2685 ὲν
2552 2636 2618 2704 τῇ
2655 2634 2799 2705 ψυχῇ
2835 2634 2925 2686 τὸν
2963 2635 3089 2688 νοῦν
3127 2637 3599 2708 διορατικιὶντατον,
3645 2644 3737 2696 καὶ

2163 2723 2456 2795 μετέχοντα
2488 2724 2582 2777 τοῦ
2613 2726 2857 2789 εἰπόντος
2875 2742 2888 2756 ·
2934 2727 3080 2796 Ἐγὼ
3105 2727 3231 2797 φῶς
3257 2731 3345 2795 είς
3376 2729 3482 2783 τὸν
3506 2733 3738 2800 κόσμον

2157 2815 2447 2884 ἐλήλυθα.
2479 2819 2542 2870 Ol
2572 2818 2680 2889 γὰρ
2709 2819 2952 2884 καίοντες
2982 2820 3074 2873 τὸν
3111 2819 3323 2890 λύχνον,
3362 2821 3456 2873 καὶ
3497 2821 3737 2888 τιθέντες

2159 2906 2250 2959 ἐπὶ
2280 2906 2378 2978 τὴν
2396 2907 2615 2979 λυχνίαν
2644 2909 2730 2962 ἴνα
2747 2909 2936 2983 λάμπῃ
2958 2913 3090 2964 πᾶσι
3105 2914 3216 2974 τοῖς
3245 2913 3304 2965 έν
3325 2916 3390 2984 τῇ
3414 2913 3578 2985 οἰκίᾳ,
3604 2931 3738 2984 προ-

2159 2998 2444 3069 τρέψονται
2471 3001 2594 3064 τοὺς
2623 3003 2682 3054 έν
2704 3003 2771 3072 τῇ
2794 3002 2939 3073 οἰκίᾳ
2965 3002 3260 3072 βλέποντας
3284 3004 3382 3075 τὴν
3415 3005 3508 3057 τοῦ
3541 3005 3732 3074 λύχνου

2158 3090 2514 3162 λαμπρότητα
2563 3093 2656 3144 καὶ
2698 3092 2894 3155 αὐτοὺς
2923 3093 3098 3146 καίειν
3127 3093 3224 3164 τὴν
3255 3093 3462 3146 ἑαυτῶν
3489 3094 3732 3164 λυχνίαν.

2080 3187 2122 3242 C
2157 3180 2270 3256 (_85_)
2297 3182 2446 3256 Στίχ.
2474 3183 2573 3256 λη’.
2607 3184 2894 3256 ᾎπέλυσε
2909 3184 2978 3237 δὲ
2997 3184 3230 3256 uiittith
3260 3187 3497 3253 Ἰησοῦς
3521 3186 3730 3256 λέγων’

2157 3251 2306 3322 Στίχ.
2338 3251 2449 3328 ὶὶθ¹ἒ
2476 3251 2843 3328 ’Υπόστρεξε
2869 3258 2954 3320 εὶς
2987 3257 3092 3307 τὸν
3130 3252 3311 3328 οἶκόν
3331 3251 3481 3328 σού,
3511 3251 3611 3310 καί
3650 3257 3736 3328 διτ

2228 3322 2380 3394 ῃτοῦ
2415 3322 2532 3394 ὅσα
2554 3323 2806 3392 ἐποίησέ
2831 3342 2928 3378 σοι
2960 3327 2992 3378 ό
3024 3327 3186 3390 Θεός.
3211 3325 3588 3394 Καὶὰπῆλθε,
3606 3327 3735 3379 καθ’

2225 3392 2378 3516 ἓλῧν
2409 3391 2522 3475 τὴν
2547 3394 2727 3447 πόλιν
2755 3391 3080 3463 κηρύσσων
3114 3394 3231 3448 ὅσα
3256 3391 3547 3464 ἐποίησεν
3571 3395 3734 3463 αὐτῷ

2344 3478 2555 3530 ησους.

2224 3550 2442 3620 Πέμπει
2484 3550 2647 3604 αὑτὸν
2688 3553 2768 3616 είς
2799 3553 2891 3606 τὸν
2919 3550 3084 3606 οἶκον.
3117 3553 3191 3606 Οὐ
3222 3553 3332 3625 γὰρ
3372 3554 3596 3608 τοσοῦτο
3639 3554 3736 3625 μέ·-

2155 3657 2282 3713 τρον
2311 3637 2452 3711 εἶχεν
2493 3642 2522 3693 6
2563 3643 2722 3715 ἀνὴρ,
2758 3645 2844 3697 ἵνα
2874 3644 3012 3716 πρὸς
3039 3645 3100 3698 τὸ
3137 3645 3404 3716 καθῆσθαι
3433 3645 3583 3718 παρὰ
3609 3647 3736 3710 τοὺς

2157 3733 2322 3794 πόδας
2363 3735 2538 3805 Ἰησοῦ
2577 3735 2928 3806 ίματισμένος
2951 3737 3198 3808 χωρήσῃ.
3231 3739 3339 3790 Καὶ
3369 3737 3447 3808 τῷ
3471 3734 3607 3791 εἶναι
3637 3738 3734 3790 σὺν

2157 3825 2323 3895 αὐτῷ,
2355 3825 2464 3879 τῶν
2493 3827 2600 3880 ἀπὸ
2628 3828 2726 3897 τῆς
2751 3826 3058 3900 περιχώρου
3091 3828 3189 3900 τὴν
3230 3828 3400 3899 Ἰησοῦ
3434 3829 3734 3900 παρουσίαν

2155 3918 2217 3970 ού
2245 3917 2583 3990 χωρούντων,
2619 3919 2772 3972 οὐδὲν
2797 3915 2958 3989 ἦττον
2989 3920 3353 3990 προενοήσατο
3379 3919 3480 3989 τῆς
3507 3919 3617 3972 τῶν
3649 3919 3732 3971 δυ-

2155 4009 2402 4079 ναμένων
2447 4011 2563 4064 ἐκεῖ
2610 4011 2903 4081 σωτηρίας,
2951 4011 3042 4063 τὸν
3088 4011 3378 4082 αὐτάρκως
3423 4010 3732 4082 παρακαθί-

2158 4118 2326 4155 σαντα
2365 4105 2477 4166 τοῖς
2532 4104 2688 4155 ποσὶν
2738 4101 2900 4155 αὐτοῦ
2949 4102 3244 4166 ἀπολύσας,
3300 4103 3386 4155 ἶνα
3433 4103 3656 4174 διδάσκῃ
3687 4101 3724 4156 ἃ

2156 4193 2408 4264 ἐποίησεν
2444 4193 2594 4263 αὐτῷ
2617 4195 2645 4246 6
2679 4193 2829 4257 Θεός.
2867 4189 2992 4247 Εἶεν
3017 4193 3061 4245 δ’
3089 4193 3155 4246 ἄν
3183 4209 3331 4256 τινες
3359 4193 3454 4246 τοῦ
3490 4194 3734 4248 τοιούτου

2156 4285 2458 4357 ἀκροαστα)⁵
2500 4286 2595 4338 καὶ
2639 4286 2898 4356 μαθηταὶ,
2947 4284 3162 4338 πλείονα
3210 4284 3309 4354 μὲν
3356 4285 3416 4337 ού
3453 4287 3735 4356 χωρήσαν-

2154 4393 2246 4439 τος
2269 4375 2453 4444 (86)ὲξ
2479 4376 2673 4444 ὀλίγων
2697 4369 2772 4431 ὧν
2802 4376 2989 4448 εἴληφε
3016 4375 3400 4447 κηρύσσοντος.
3420 4376 3735 4448 Ἀναφέροις

2155 4466 2199 4519 δ’
2227 4466 2292 4520 ἂν
2325 4467 2414 4520 τὸν
2442 4466 2598 4535 λόγον
2624 4468 2718 4520 καὶ
2745 4469 2836 4520 ἐπὶ
2863 4468 2961 4538 τὴν
2988 4466 3079 4520 τοῦ
3113 4465 3399 4542 ἀνθρώπου
3427 4467 3608 4538 φύσιν,
3635 4469 3732 4522 τοῦ

477 4561 694 4615 lsraelis
723 4577 737 4611 :
766 4576 860 4628 per
880 4575 1039 4629 quem
1089 4561 1303 4626 navigat
1331 4558 1490 4613 Jesns
1537 4560 1590 4612 in
1623 4560 1896 4630 regionem
1944 4561 2051 4616 Gn-

2156 4557 2260 4624 ἐξω
2297 4557 2531 4628 Ἰσραὴλ,
2565 4558 2630 4610 δι’
2665 4558 2725 4610 ὃν
2760 4557 3027 4610 καταπλεῖ
3075 4537 3281 4628 Ἰησούς
3310 4537 3525 4628 ἐπὶ,τὴν
3550 4558 3731 4628 χώραν

477 4658 823 4716 darenorum,
881 4661 936 4708 et
970 4654 1035 4707 ad
1061 4667 1222 4722 quem
1269 4651 1381 4706 exit
1419 4651 1577 4708 Jesus
1623 4654 1674 4706 in
1727 4662 1924 4708 terram
1980 4655 2048 4707 "°.

478 4745 795 4800 Indumenta
827 4755 1027 4813 autem,
1077 4744 1274 4814 inquit,
1335 4761 1438 4799 non
1488 4744 1805 4799 vestiebatur
1837 4746 1925 4802 ille
1957 4747 2052 4800 ho-

478 4854 568 4892 mo
591 4839 658 4890 ".
690 4837 806 4892 Non
845 4839 988 4893 enim
1022 4839 1272 4892 induerat
1297 4837 1442 4906 quod
1487 4846 1696 4905 tegeret
1731 4836 1849 4905 ejus
1880 4841 2048 4905 turpi-

479 4930 742 4986 tudinem.
775 4930 840 4984 Et
892 4935 945 4986 in
985 4933 1138 4985 domo
1166 4948 1270 4986 non
1308 4931 1552 4984 manebat
1613 4931 1679 4983 τ’.
1742 4928 1858 4983 Νοη
1902 4930 2044 4983 enim

475 5032 615 5087 erat,
640 5024 782 5078 velut
818 5025 1008 5086 Jacob,
1041 5026 1203 5079 homo
1243 5023 1474 5094 simplex
1518 5023 1765 5078 incolens
1803 5023 2044 5076 domum.

479 5114 770 5184 Propterea
803 5126 859 5170 et
889 5117 1040 5170 hunc
1095 5117 1268 5186 ipsum
1307 5116 1552 5178 dimisit,
1589 5114 1838 5182 inquiens
1868 5133 1881 5166 :
1920 5112 2049 5166 Redi

478 5210 532 5263 in
551 5210 761 5262 domum
786 5220 949 5263 tuam.
992 5210 1038 5263 Is
1065 5225 1224 5279 porro
1261 5218 1308 5262 et
1333 5211 1388 5262 in
1425 5207 1674 5272 sepulcris
1708 5207 1949 5259 manebat
1980 5206 2045 5258 "z

479 5315 585 5352 non
614 5314 734 5353 cum
765 5299 924 5364 vivis,
966 5304 1058 5354 sed
1091 5316 1209 5354 cum
1244 5300 1491 5354 mortuis.
1537 5296 1667 5351 Erat
1699 5309 1872 5352 autem
1898 5338 1912 5358 ,
1963 5298 2047 5351 in»

479 5391 615 5459 quit,
663 5406 790 5460 grex
837 5407 1115 5458 porcorum
1175 5393 1308 5445 bono
1352 5407 1586 5451 numero,
1619 5390 1943 5457 pascentium
1991 5390 2046 5440 in

478 5491 650 5536 monte
705 5483 772 5536 ".
831 5481 983 5536 Haud
1033 5484 1148 5538 scio
1200 5499 1267 5537 an
1321 5483 1532 5538 soleant
1573 5481 1723 5550 porci
1773 5481 1919 5552 pasci
1989 5481 2042 5534 in

549 5644 594 5675 “
641 5642 795 5697 Joan.
836 5657 886 5707 ν,
916 5642 1008 5695 '55.

477 5714 566 5768 9.7.
644 5715 689 5745 ⁷¹
722 5713 848 5767 ibid.
926 5713 972 5743 ⁷⁸
998 5711 1130 5766 ibid.
1191 5710 1239 5741 ’δ
1271 5709 1404 5763 ibid.
1431 5709 1518 5765 52.

544 5806 656 5878 (85)
685 5805 793 5861 ΙΙος
822 5805 1176 5875 fragmentum
1205 5813 1286 5856 est
1313 5816 1375 5855 ex
1413 5802 1529 5856 cod.
1561 5801 1654 5866 27,
1686 5817 1736 5871 p.
1779 5800 1898 5854 195.

1084 5642 1126 5672 ⁸⁷
1161 5639 1351 5694 Matth.
1395 5656 1470 5698 Vt.
1513 5639 1603 5694 22.
1681 5639 1725 5669 ⁸⁸
1757 5637 1888 5694 Luc.
1937 5655 2032 5707 XLI,
2073 5643 2164 5698 53.

2152 4650 2260 4702 τῶν
2305 4648 2651 4721 Γαδαρηνῶν,
2689 4651 2781 4704 καὶ
2827 4650 2964 4722 πρὸς
2990 4650 3048 4701 ὃν
3084 4649 3278 4714 ἔξεισιν
3322 4651 3350 4702 6
3391 4650 3596 4718 Ἰησοῦς
3640 4651 3732 4702 ἐπὶ

2149 4742 2248 4811 τὴν
2283 4742 2404 4812 γῆν.
2445 4741 2702 4810 Ἰμάτιον
2732 4740 2830 4804 δὲ,
2866 4743 3050 4812 φησὶν,
3096 4743 3206 4794 οὐκ
3254 4741 3672 4796 ἐνεδιδύσκετο
3705 4744 3732 4794 6

2149 4833 2452 4904 ἄνθρωπος.
2507 4836 2621 4888 Οὐκ
2667 4835 2952 4889 ἐνεδύσατο
2997 4834 3105 4904 γὰρ
3144 4833 3205 4886 τὸ
3251 4832 3522 4887 καλύπτον
3567 4833 3731 4886 αὐτοῦ

2148 4929 2246 4999 τὴν
2275 4928 2678 5000 ἀσχημοσύνην.
2713 4929 2822 4983 Καὶ
2843 4929 2913 4981 ἐν
2937 4930 3096 4995 οἰκίᾳ
3125 4930 3237 4982 οὐκ
3267 4928 3496 4996 ἔμενεν.
3524 4928 3600 4981 Οὐ
3622 4927 3731 4998 γὰρ

2149 5019 2238 5094 ἦν,
2286 5023 2362 5085 ὼς
2414 5021 2626 5085 Ἰακὼϐ,
2673 5023 2957 5094 ἄνθρωπος
3011 5019 3282 5082 ἄπλαστος
3321 5019 3484 5072 οἰκῶν
3529 5019 3725 5072 οἰκίαν.

2152 5115 2244 5168 Διὸ
2270 5115 2362 5168 καὶ
2390 5114 2551 5168 αὑτὸν
2582 5114 2769 5168 τοῦτον
2803 5114 3038 5167 ἀπέλυσε
3058 5153 3072 5176 ,
3105 5112 3306 5180 λέγων·
3360 5112 3729 5179 ’Υπόστρεφε

2150 5209 2236 5271 εἰς
2275 5205 2381 5258 τὸν
2407 5201 2576 5259 οἶκόν
2602 5223 2739 5263 σου.
2770 5207 2880 5259 Kal
2907 5206 2978 5258 ἐν
3005 5204 3127 5270 τοῖς
3157 5203 3463 5272 μνήμασιν
3493 5204 3726 5272 ἔμενεν,

2151 5301 2211 5352 ού
2255 5300 2391 5370 μετὰ
2425 5299 2660 5364 ζώντων,
2709 5297 2846 5368 μετὰ
2894 5297 3102 5368 νεκρῶν
3140 5295 3214 5348 δέ.
3256 5292 3366 5348 Ἦν
3408 5294 3495 5359 δὲ,
3541 5294 3723 5363 φησὶν,

2151 5391 2339 5461 ἀγέλη
2381 5393 2600 5461 χοίρων
2646 5389 2867 5444 ἱκανῶν
2909 5387 3303 5457 βοσκομένων
3344 5387 3414 5439 ἐν
3467 5385 3547 5452 τῷ
3585 5385 3724 5453 ὄρει.

2151 5486 2379 5556 Μήποτε
2407 5484 2463 5537 δὲ
2488 5486 2659 5554 χοῖροι
2701 5485 2762 5536 ού
2800 5484 3079 5555 βόσκονται
3109 5484 3166 5534 ὲν
3193 5479 3268 5550 τῷ
3295 5479 3428 5550 ὄρει.
3474 5478 3597 5540 Πῶς
3635 5473 3728 5530 οὖν

2276 5642 2320 5672 ⁸³
2371 5639 2527 5695 Joan.
2556 5655 2653 5706 xit,
2691 5638 2778 5694 46.
2894 5641 2938 5670 ⁷ο
2973 5638 3102 5693 Luc.
3163 5654 3288 5700 vin,
3334 5633 3425 5690 57.
3499 5635 3544 5668 "
3588 5633 3722 5689 ibid.

2222 5797 2333 5868 (86)
2367 5795 2525 5854 Forte
2553 5795 2928 5866 χωρήσαντας.
