4172 6414
455 371 560 427 357

1731 363 2030 422 SCHOLIA
2069 364 2134 419 IN
2176 363 2428 422 LUCAM.

3609 362 3712 416 '53?

461 489 598 560 μετά
627 487 721 542 τοῦ
751 486 997 560 κρημνοῦ
1028 487 1285 559 ὥρμησεν
1313 489 1346 558 ἡ
1374 487 1573 556 άγέλη;
1607 486 1834 557 Μήποτε
1865 482 1958 540 οῦν
1987 489 2027 539 oi

2140 494 2340 542 monte.
2389 485 2668 554 Quomodo
2727 500 2856 554 ergo
2917 484 3316 555 praecipitanter
3371 483 3582 537 delatus
3629 489 3703 538 rat

457 582 730 653 φιλήδονοι
751 623 765 646 ,
797 583 890 635 καὶ
926 580 1162 651 γαστρὸς
1196 581 1287 632 καὶ
1313 579 1422 632 τῶν
1457 578 1562 633 ὐπὸ
1587 579 1829 648 γαστέρα
1872 579 2034 646 φίλοι,

455 677 593 729 ὅπου
621 674 690 728 τά
723 676 960 746 μνημεῖα
999 674 1094 726 καὶ
1124 671 1350 744 πλησίον
1382 670 1476 725 τοῦ
1505 670 1768 738 λεγεῶνος
1796 670 1902 724 τῶν
1934 671 2041 724 δαι-

462 767 640 837 μόνων
666 765 970 838 βόσκονται·
1002 763 1299 834 ἀγαθότητι
1323 763 1378 815 δὲ
1417 761 1623 832 Ἰησοῦς
1655 761 1752 832 τὴν
1784 761 1892 813 τῶν
1925 761 2040 814 δαι-

465 859 641 928 μόνων
666 857 919 922 ἀφανίζει
949 857 1045 910 σῦν
1067 858 1178 918 τοῖς
1207 854 1411 926 χοίροις
1440 856 1496 908 ὲν
1525 854 1603 925 τῷ
1632 853 1784 906 ῦδατι
1814 852 2036 924 ἀγέλην,

461 950 556 1003 καὶ
587 949 694 1003 τῶν
736 947 1030 1019 φιληδόνων
1068 947 1163 1000 καὶ
1213 945 1604 1017 φιλοσωμάτων
1639 947 1823 998 κακῶν
1870 947 2040 1016 εμπο-

459 1039 594 1104 δίζει
627 1041 692 1110 τῇ
725 1040 968 1110 ἀναπνοῇ
1003 1037 1092 1091 διὰ
1133 1037 1399 1108 δαιμόνων
1440 1037 1614 1108 τάχα,
1647 1037 1740 1092 καὶ
1774 1039 2040 1108 σωφρονεῖ

459 1131 490 1182 6
549 1127 815 1192 τοιοῦτος;
868 1128 936 1180 Et
977 1127 1060 1189 τίς
1093 1144 1153 1179 τε
1203 1129 1491 1198 σωφρονεῖ,
1541 1126 1690 1198 παρά
1726 1125 1806 1196 τῷ
1861 1125 2034 1195 Ἰησοῦ

461 1220 608 1272 ἐστιν
629 1235 643 1250 ο
679 1217 794 1271 ἀλλ’
827 1217 856 1270 ό
893 1217 1192 1288 ἀρχόμενος
1224 1219 1520 1290 σωφρονεῖν
1548 1216 1696 1288 παρά
1719 1217 1846 1280 τοὺς
1871 1216 2035 1276 πόδας

460 1309 628 1362 αὐτοῦ
671 1311 838 1362 ἐστιν.

459 1486 609 1558 Στίχ.
639 1492 748 1558 μηθ.
785 1482 934 1558 Εἷπε
967 1485 1035 1558 δε
1064 1486 1213 1554 πρὸς
1244 1484 1365 1558 τὴν,
1387 1482 1643 1558 γυναῖκα
1663 1484 1790 1558 ’.Ἦ
1831 1483 2036 1549 πίστις

649 1552 765 1611 σου
794 1555 1028 1610 σέσωκέ
1064 1552 1157 1610 σε.
1185 1552 1448 1622 Πορεύου
1471 1557 1559 1619 εις
1577 1552 1845 1622 εἰρήνην.

541 1649 604 1701 Ἦ
635 1648 732 1719 μὲν
757 1642 850 1701 οῦν
879 1646 1166 1718 πλειοτέρα
1195 1646 1364 1716 ψυχὴ,
1389 1645 1569 1709 καλῶς
1593 1644 1936 1715 λατρεύσασα
1955 1644 2034 1714 τῷ

457 1740 617 1811 Λόγῳ
643 1739 737 1793 τοῦ
770 1738 928 1803 Θεοῦ,
962 1737 1273 1810 παρρησίαν
1296 1737 1410 1808 ἔχει
1435 1738 1521 1790 ἐπ’
1547 1735 1714 1807 αὐτὴν
1741 1737 1840 1807 τὴν
1869 1753 2036 1806 κεφα-

2141 578 2312 647 grex?
2371 578 2450 631 An
2501 576 2642 632 forte
2689 576 2852 646 igitur
2891 575 3140 630 homines
3197 573 3522 643 voluptuosi,
3582 586 3682 624 vcn

2143 669 2346 737 trisque
2376 676 2433 722 et
2463 681 2649 722 eorum
2675 682 2794 735 quae
2818 664 2958 720 infra
2980 673 3221 720 ventrem
3245 671 3395 727 sunt,
3417 670 3708 723 amatores,

2140 758 2230 814 ubi
2261 765 2398 812 sunt
2421 768 2793 820 monumenta,
2819 764 2875 810 et
2901 770 3070 826 prope
3097 753 3399 808 daemonum
3440 751 3708 820 legionem

2139 849 2287 919 pasci
2310 848 2524 903 dicendi
2559 847 2707 913 sint;
2742 845 2993 900 bonitate
3015 859 3145 900 vero
3171 859 3266 898 sua
3293 841 3449 898 Jesus
3487 858 3707 912 gregem

2139 939 2445 994 daemonum
2480 952 2605 992 cum
2642 936 2822 1005 porcis
2868 935 3048 1005 perdit
3083 935 3138 989 in
3171 946 3410 1002 aquam:
3445 946 3510 986 ac
3554 931 3706 984 volu-

2139 1038 2457 1099 ptuosorum
2486 1038 2541 1082 et
2571 1042 2769 1096 corpus
2804 1025 3100 1080 amantium
3147 1024 3432 1089 malorum,
3469 1024 3707 1091 respira-

2141 1122 2274 1176 tioni
2303 1121 2745 1192 impedimentum
2774 1119 2925 1188 ponit
2964 1132 3061 1188 per
3083 1117 3352 1172 daemones
3384 1116 3612 1181 scilicet,
3645 1131 3707 1170 ac

2136 1213 2227 1281 qui
2271 1211 2580 1281 huiusmodi
2627 1218 2712 1265 est
2743 1209 2808 1263 ad
2842 1209 3037 1264 bonam
3083 1207 3292 1277 frugem
3333 1206 3518 1261 redit?
3551 1205 3614 1260 Et
3659 1205 3706 1260 si

2135 1305 2259 1374 quis
2286 1307 2354 1358 ad
2393 1304 2589 1357 bonam
2619 1303 2759 1355 redit
2787 1301 3024 1371 frugem,
3048 1315 3215 1370 penes
3238 1297 3420 1353 Jesutn
3455 1308 3538 1353 est
3568 1317 3580 1352 :
3613 1298 3707 1368 qui

2137 1405 2318 1447 tamen
2347 1392 2538 1461 incipit
2567 1391 2912 1461 resipiscere,
2941 1392 3008 1445 ad
3039 1391 3200 1460 pedes
3223 1391 3340 1458 ejus
3363 1389 3532 1460 jacet.

2137 1484 2202 1540 V.
2242 1484 2334 1539 48.
2373 1484 2462 1538 Ait
2501 1492 2675 1538 autem
2705 1484 2775 1537 ad
2805 1484 3074 1537 mulierem
3107 1499 3127 1536 :
3158 1480 3322 1536 Fides
3365 1491 3454 1535 tua
3487 1480 3707 1535 suleavit

2623 1565 2692 1607 te.
2747 1552 2892 1606 Vade
2919 1554 2973 1606 in
3006 1568 3207 1621 pacem.

2206 1645 2398 1700 Anima
2428 1661 2550 1714 qua:
2590 1647 2884 1714 perfectior
2908 1656 3013 1708 est,
3053 1647 3191 1700 bene
3231 1645 3486 1700 famulata
3530 1645 3704 1699 Verbo

2134 1739 2250 1803 Dei,
2299 1738 2548 1793 fiduciam
2610 1739 2775 1792 habet
2821 1737 3072 1792 veniendi
3129 1737 3196 1791 ad
3255 1747 3418 1807 caput
3475 1737 3701 1807 ipsum:

456 1832 554 1904 λὴν
596 1832 769 1886 ἐλθεῖν
786 1849 800 1862 ·
843 1829 1078 1900 κεφαλὴ
1107 1829 1176 1882 δὲ
1199 1828 1459 1896 Χριστοῦ
1485 1831 1518 1882 ὁ
1560 1830 1704 1894 Θεός
1723 1845 1736 1858 ο
1764 1827 1905 1880 ὥστε
1933 1844 2027 1881 κα-

2136 1833 2305 1899 Uaput
2337 1843 2454 1883 vero
2480 1827 2700 1895 Christi,
2745 1827 2884 1882 Deus
2923 1828 2968 1858 ⁷⁸
2995 1843 3010 1890 ;
3043 1827 3177 1882 adeo
3205 1836 3264 1881 ut
3296 1827 3541 1882 infundat
3572 1827 3702 1882 illud

456 1924 646 1995 ταχέαι
677 1922 846 1994 μύρον
885 1922 1074 1991 αὐτῆς,
1109 1920 1204 1973 καὶ
1241 1919 1465 1972 εὐωδίαν
1505 1921 1572 1989 τῇ
1617 1918 1742 1990 δόξῃ
1773 1917 1866 1970 τοῦ
1898 1917 2034 1971 Θεοῦ

456 2015 808 2086 πεποιῆσθαι.
839 2012 1129 2079 Δοξάςεται
1156 2012 1214 2066 δὲ
1240 2014 1269 2064 6
1292 2011 1423 2074 Θεὸς
1448 2010 1537 2064 διὰ
1563 2011 1662 2080 τῆς
1687 2010 1912 2074 εὐωδίας
1939 2009 2034 2064 τοῦ

459 2106 573 2178 βίου
604 2106 714 2160 τῶν
757 2105 1003 2160 δικαίων.
1056 2104 1122 2156 'H
1148 2102 1205 2156 δὲ
1241 2101 1569 2173 ἁτελεστέρα
1599 2102 1736 2171 γυνὴ
1772 2100 2036 2171 καὶψυχὴ

455 2198 608 2270 παρά
635 2199 762 2261 τοὺς
793 2198 962 2260 πόδας
1002 2197 1097 2250 καὶ
1128 2194 1198 2248 τά
1232 2193 1587 2265 ταπεινότερα
1619 2192 1932 2264 στρέφεται,
1967 2187 2035 2262 ἦς

455 2289 623 2358 ἐγγύς
650 2290 817 2359 ἐσμεν
842 2289 1023 2358 ἡμεῖς.
1056 2285 1188 2338 Οὐδὲ
1217 2282 1326 2354 γὰρ
1354 2283 1757 2352 μετενοήσαμεν
1785 2279 1896 2334 ἀπὸ
1924 2278 2033 2331 τῶν

453 2381 866 2453 ἁμαρτημάτων
906 2377 1084 2450 ἡμῶν.
1121 2376 1232 2430 Ποῦ
1271 2374 1432 2446 ἡμῶν
1481 2373 1550 2428 τά
1591 2374 1842 2442 δάκρυα;
1872 2371 1974 2426 ποῦ
2003 2374 2032 2425 6

451 2475 762 2545 κλαυθμόςς
795 2472 883 2524 ἵνα
923 2470 1030 2525 κᾶν
1064 2469 1216 2540 παρά
1252 2471 1380 2532 τοὺς
1413 2467 1578 2530 πόδας
1635 2465 1811 2537 Ἰησοῦ
1857 2465 2031 2518 ὲλθεῖν

451 2565 788 2635 δυνηθῶμεν.
831 2562 946 2616 Ἐπ’
978 2562 1147 2632 αὐτὴν
1172 2561 1282 2632 γὰρ
1317 2558 1470 2613 οὔπω
1509 2555 1788 2628 δυνάμεθα
1829 2556 2030 2626 φθάσαι

449 2657 549 2728 τὴν
601 2656 865 2727 κεφαλήν.
927 2653 1235 2723 ’Λγαπητὸν
1281 2651 1338 2704 δὲ
1377 2649 1515 2722 μετά
1549 2649 1615 2703 τὰ
1659 2651 2030 2721 ἁμαρτήματα

451 2750 640 2821 φέρειν
673 2748 961 2819 μετανοίας
991 2745 1239 2808 εὐωδίαν,
1269 2743 1356 2796 ῖνα
1379 2760 1462 2806 τις
1483 2741 1735 2813 δυνηθείη
1765 2739 2031 2811 δευτέρως

450 2837 591 2895 εἶναι
621 2841 654 2912 ή
680 2840 807 2902 τοὺς
833 2837 999 2900 πόδας
1027 2836 1342 2906 ἀλείφουσα,
1364 2833 1498 2888 ἀλλά
1529 2834 1603 2904 μὴ
1632 2833 1731 2905 τὴν
1763 2832 2025 2903 κεφαλήν·

449 2931 724 2984 τουτέστιν
751 2931 786 3001 ἡ
829 2928 904 3001 μὴ
933 2927 1213 2998 ἁπτομένη
1249 2926 1357 2980 τῶν
1383 2925 1725 2997 τελεωτέρων
1761 2927 1853 2979 καὶ
1893 2924 2030 2996 ὑψη-

446 3023 706 3094 λοτέρων,
732 3019 869 3074 ἀλλά
891 3021 1002 3074 τῶν
1025 3020 1210 3092 ἄκρων
1231 3020 1325 3075 καὶ
1346 3017 1690 3073 τελευταίων.

448 3157 596 3226 Στίχ.
625 3155 726 3212 νϐ’.
756 3157 1044 3226 Ἕκλαιον
1076 3153 1144 3208 δὲ
1175 3154 1418 3226 πάντες,
1449 3152 1548 3206 καὶ
1567 3151 1895 3226 ἐκόπτοντο
1921 3153 2026 3205 αὺ-

2137 1929 2435 1987 unguento,
2477 1931 2533 1974 et
2579 1920 2934 1990 fragrantiam
2967 1918 3164 1976 eﬂiciat
3201 1920 3455 1988 Opinione
3495 1919 3610 1975 Dei.
3646 1920 3700 1974 |n

2135 2012 2444 2080 opinionem
2479 2027 2608 2068 vero
2637 2011 2787 2066 venit
2827 2010 2968 2066 Deus
2991 2049 3008 2074 ,
3053 2025 3150 2080 per
3191 2009 3547 2080 fragrantiam
3580 2011 3704 2070 vita:

2130 2104 2420 2174 iustorum.
2461 2103 2533 2156 At
2590 2103 2782 2158 mulier
2822 2117 2942 2172 quae
2983 2102 3352 2171 imperfectior
3402 2111 3532 2168 est,
3587 2105 3707 2174 sive

2133 2199 2341 2262 anima,
2371 2200 2518 2254 circa
2550 2200 2715 2270 pedes
2736 2207 2794 2254 et
2821 2199 3110 2253 humiliora
3137 2209 3409 2264 versatur,
3439 2200 3505 2257 ad
3539 2213 3699 2267 quam

2134 2293 2360 2362 propius
2402 2293 2663 2347 absumus
2699 2305 2819 2346 nos.
2862 2290 3109 2346 Nondum
3141 2292 3285 2346 enim
3320 2291 3570 2360 pmuituit
3603 2305 3704 2344 nos

2133 2392 2480 2453 peccatorum
2507 2393 2841 2440 nostrorum.
2891 2382 2990 2440 Ubi
3017 2393 3146 2441 sunt
3180 2385 3432 2455 lacrymte
3469 2382 3710 2439 nostrae?

2133 2475 2224 2530 ubi
2272 2475 2546 2545 ejulatus‘t
2584 2483 2641 2528 ut
2679 2474 2871 2530 saltem
2927 2475 2996 2530 ad
3042 2475 3210 2546 pedes
3267 2474 3394 2530 Jesu
3445 2475 3702 2529 accedere

2130 2567 2427 2621 valeamus.
2462 2566 2703 2622 Necdum
2744 2569 2888 2623 enim
2921 2569 2986 2622 ad
3017 2575 3179 2634 caput
3209 2567 3384 2635 ipsum
3417 2565 3702 2627 pervenire

2129 2658 2373 2727 quimus.
2413 2657 2562 2713 Satis
2587 2673 2752 2727 porro
2783 2660 2858 2713 sit
2879 2657 3037 2712 nobis
3059 2665 3178 2726 post
3203 2665 3450 2725 peccata,
3484 2665 3542 2709 ut
3582 2671 3700 2725 pcn-

2131 2751 2371 2805 nitentiaa
2418 2747 2776 2820 fragrantiam
2829 2749 3122 2804 all‘eramus
3152 2764 3169 2802 :
3199 2763 3305 2818 quo
3355 2748 3476 2818 quis
3529 2748 3707 2818 possit

2128 2844 2367 2897 secundo
2397 2841 2514 2896 loco
2541 2857 2664 2897 esse
2691 2843 2760 2896 ab
2795 2857 2858 2898 ea
2886 2856 3006 2911 qua:
3038 2842 3202 2912 pedes
3233 2841 3406 2910 ungit,
3431 2855 3537 2894 non
3570 2853 3706 2892 vero

2127 2941 2322 3003 caput;
2358 2933 2410 2988 id
2433 2942 2516 2988 est
2543 2949 2662 3002 quae
2687 2949 2794 2988 non
2822 2935 3041 3003 attingit
3078 2933 3401 3004 perfectiora
3441 2940 3496 2986 et
3530 2929 3696 2986 subli-

2127 3026 2322 3092 miora,
2353 3025 2448 3080 sed
2477 3026 2584 3079 ima
2612 3034 2667 3078 et
2699 3035 2968 3082 extrema.

2130 3156 2330 3228 V._52.
2371 3155 2596 3212 Flebant
2625 3166 2802 3228 autem
2832 3174 3028 3222 omnes,
3078 3168 3128 3212 et
3171 3157 3489 3228 plangebant
3526 3157 3694 3214 illam.

711 3196 888 3280 ’Ὅυδὲ
908 3222 1050 3297 εἶπε
1071 3243 1084 3255 ⁸
1113 3223 1210 3293 Μὴ
1253 3196 1492 3278 κλαίετε
1511 3240 1524 3253 ·
1550 3225 1674 3277 Οὐκ
1700 3222 2021 3285 ἀπέθανεν,

2203 3225 2325 3294 Ipse
2358 3244 2480 3281 vero
2523 3230 2656 3282 dixit
2689 3244 2707 3282 :
2738 3227 2821 3282 Ne
2862 3199 3112 3297 ﬂever’itis
3135 3196 3328 3283 δίνου,
3355 3239 3429 3282 est
3465 3241 3696 3292 mortua,

520 3298 682 3354 ἀλλὰ
708 3295 1008 3352 καθεύδει.

447 3391 724 3515 Erigat:
752 3388 862 3443 Καὶ
889 3387 1224 3456 κατεγέλων
1260 3385 1470 3450 αὑτοῦ,
1505 3384 1730 3452 ειδότες
1770 3383 1859 3437 ὅτι
1913 3383 2026 3438 ἀπ-

594 3476 700 3516 ανε
705 3497 720 3511 .

507 3589 629 3662 ⁸(87)
669 3589 817 3662 Πλὴν
848 3588 985 3643 ἀλλά
1019 3589 1240 3661 τοιαύτη
1273 3590 1370 3661 μὲν
1395 3591 1428 3661 ἡ
1459 3589 1553 3643 τοῦ
1578 3587 1855 3660 θαύματος
1887 3588 2027 3640 ἱστο-

449 3682 557 3752 ρία.
585 3681 706 3753 Χρὴ
734 3681 792 3735 δὲ
821 3681 952 3745 ἴσως
974 3682 1068 3736 καὶ
1095 3681 1402 3753 ἰσχνότερον
1429 3681 1599 3752 αὐτὴν
1625 3680 1900 3754 θεωρῆσαι
1929 3679 2025 3733 καὶ

445 3769 797 3842 ὑψηλότερον.
829 3772 890 3824 Οἱ
928 3771 1027 3841 μὲν
1058 3765 1151 3824 οῦν
1187 3768 1545 3840 ἁπλούστεροι
1575 3770 1670 3822 καὶ
1709 3768 2025 3841 ἀκεραιότε-

449 3878 532 3932 ροι
560 3860 990 3932 θαυμαζέτωσαν
1011 3862 1078 3916 τά
1103 3862 1366 3932 μεγαλεῖα
1387 3860 1482 3915 τοῦ
1510 3860 1646 3914 Θεοῦ
1672 3859 1812 3914 κατά
1831 3860 2021 3914 ταῦτα’

443 3952 719 4022 οἰκοδομεῖ
745 3951 856 4024 γὰρ
900 3952 994 4005 καὶ
1033 3950 1359 4022 σωματικῶς
1385 3949 1674 4020 νοούμενα’
1701 3951 1750 4002 οἱ
1781 3949 1838 4004 δὲ
1867 3949 2026 4004 δυνά-

449 4058 600 4114 μενοι
627 4041 924 4096 διαϐαίνειν
961 4044 1054 4096 ἐπὶ
1081 4043 1144 4097 τὸ
1193 4042 1428 4114 βλέπειν,
1475 4043 1558 4096 ὅτι
1596 4042 1692 4096 καὶ
1717 4041 1892 4095 ταῦτα
1931 4058 2026 4096 τυ-

447 4131 635 4199 πικῶς
661 4135 1019 4188 συνέϐαινεν
1058 4134 1340 4200 ἐκείνοις,
1378 4131 1607 4202 ἐγράφη
1635 4131 1704 4185 δὲ
1735 4132 1809 4186 δι’
1844 4129 2021 4200 ἡμᾶς,

444 4224 732 4296 εὐξάμενοι
763 4225 843 4296 τῷ
877 4225 1018 4297 Θεῷ,
1044 4226 1355 4298 αἰτήσωμέν
1387 4223 1545 4293 λόγον
1571 4223 1664 4276 τὸν
1701 4222 2024 4293 σαφηνίζον-

443 4334 513 4370 τα
535 4318 632 4370 καὶ⁹
662 4316 858 4370 ταῦτα.

517 4408 641 4473 Πῶς
673 4411 702 4461 6
746 4409 954 4480 Ἰησοῦς
978 4409 1115 4480 πρὸς
1141 4409 1238 4480 τὴν
1266 4406 1718 4481 ἀρχισυναγώγου
1748 4405 2023 4478 θυγατέρα

2200 3298 2293 3351 sed
2322 3300 2536 3351 dormit.

2131 3389 2193 3445 ν.
2245 3389 2335 3511 5'5;
2386 3387 2454 3442 Et
2508 3389 2816 3445 deridebant
2867 3407 3026 3458 eum,
3090 3391 3321 3447 videntes
3386 3391 3525 3445 auod
3583 3400 3702 3444 erat

2198 3475 2312 3511 mor
2338 3475 2424 3511 ua.

2198 3475 2424 3513 mortua.

2197 3594 2344 3649 Talis
2374 3595 2560 3664 utique
2581 3605 2665 3652 est
2695 3597 2940 3653 miraculi
2968 3597 3220 3654 historia.
3238 3597 3311 3652 At
3331 3603 3546 3668 oportet
3573 3595 3699 3665 for—

2128 3696 2274 3742 tasse
2303 3688 2450 3744 illam
2485 3696 2542 3743 et
2573 3689 2826 3744 subtilius
2863 3691 3221 3760 contemplari
3275 3701 3332 3749 et
3385 3689 3695 3745 sublimius.

2123 3779 2478 3835 Admirentur
2523 3780 2884 3850 simpliciores
2945 3790 3003 3838 et
3053 3782 3364 3838 hebetiores
3427 3782 3698 3852 magnalia

2127 3872 2218 3928 Dei
2268 3887 2364 3942 per
2402 3874 2541 3930 haec.
2600 3875 2894 3931 Edilicant
2941 3875 3087 3930 enim
3134 3878 3297 3931 etiam
3340 3877 3700 3946 corporaliter

2125 3964 2421 4019 intellecta.
2445 3966 2630 4034 Atqui
2664 3980 2954 4036 possumus
2979 3979 3044 4020 eo
3073 3967 3406 4037 contingere,
3431 3977 3488 4021 ut
3516 3967 3702 4022 vidca-

2129 4071 2272 4120 mus,
2303 4057 2432 4127 quia
2460 4067 2516 4112 et
2545 4058 2659 4113 haec
2696 4074 2789 4127 per
2825 4059 3055 4128 figuram
3086 4059 3386 4112 acciderunt
3419 4057 3527 4111 illis
3549 4097 3567 4124 ,
3605 4058 3696 4111 sed

2126 4157 2339 4217 propter
2396 4165 2490 4204 nos
2547 4151 2744 4218 scripta
2807 4161 2928 4206 sunt
2959 4152 3005 4184 ⁷⁸
3036 4166 3052 4204 :
3088 4151 3445 4220 deprecantes
3520 4150 3699 4206 Deum

2126 4238 2459 4307 postulemus
2487 4254 2792 4297 sermonem
2831 4241 3024 4298 isthaac
3047 4241 3441 4296 declarantem.

2193 4419 2476 4485 Quomodo
2507 4417 2664 4475 Iesus
2706 4418 2773 4473 ad
2820 4419 3236 4491 arcltisynagogi
3274 4421 3442 4476 tiliam
3486 4421 3696 4492 princi-

443 4498 870 4569 προηγουμένως
914 4500 1150 4578 ἄπεισιν,
1181 4501 1243 4552 οὐ
1289 4499 1422 4570 πρὸς
1449 4497 1546 4569 τὴν
1577 4494 1981 4568 αἱμοῤῥοοῦσαν
2002 4513 2015 4526 ·

2129 4510 2324 4580 paliter
2354 4511 2508 4575 abiit,
2552 4525 2658 4565 non
2686 4511 2814 4566 item
2855 4511 2923 4567 ad
2963 4526 3085 4567 eam
3120 4527 3240 4581 qum
3267 4513 3530 4582 sanguine
3559 4511 3694 4569 flue-

443 4588 539 4640 καὶ
567 4590 626 4641 ὲν
662 4591 728 4660 τῇ
761 4589 864 4659 όδῷ
905 4589 1053 4660 αὐτῷ
1101 4587 1398 4642 ἀπαντῶσα
1445 4585 1635 4660 πρώτη
1684 4586 1824 4658 αὐτὴ
1855 4586 2019 4657 θερα-

443 4676 704 4743 πεύεται;
738 4674 870 4748 ἦλθε
917 4677 1026 4749 γὰρ
1063 4680 1092 4732 6
1132 4678 1257 4741 Υἱὸς
1299 4677 1392 4730 τοῦ
1423 4675 1558 4730 Θεοῦ
1595 4675 2022 4746 προηγουμένως

443 4769 526 4832 εἰς
556 4769 656 4839 τὴν
701 4768 964 4822 Ἰουδαίων
1011 4767 1362 4839 συναγωγὴν,
1401 4769 1493 4822 καὶ
1529 4761 1687 4840 εὗρεν
1729 4765 1897 4838 αὐτὴν
1929 4783 2018 4819 νο-

445 4861 648 4916 σοῦσαν
673 4862 766 4914 καὶ
794 4860 1194 4914 ἀποθανοῦσαν.
1229 4859 1310 4913 Τά
1335 4860 1445 4932 γὰρ
1474 4858 1898 4934 παραπτώματα
1923 4858 2018 4912 τοῦ

456 4935 674 5024 Ἰσραὴλ
707 4952 1006 5022 πεποίηκεν
1043 4951 1212 5024 αὐτὴν
1256 4953 1566 5007 ἀποθανεῖν.
1621 4953 1684 5006 Ἡ
1725 4952 1784 5006 δὲ
1826 4953 2022 5023 αἱμορ-

443 5043 660 5115 ροοῦσα,
689 5045 722 5115 ή
758 5045 816 5098 ὲν
848 5046 913 5115 τῇ
942 5043 1066 5114 ὁδῷ,
1093 5046 1126 5114 ἡ
1153 5043 1494 5116 ἀκαθαρσίας
1527 5044 1952 5116 πεπληρωμένη,
1985 5045 2018 5115 ὴ

444 5135 644 5206 ῥέουσα
665 5137 766 5191 οὐκ
792 5137 850 5188 ὲν
880 5136 1057 5208 καιρῷ
1090 5136 1344 5206 ἀφέδρου,
1384 5135 1499 5189 ἀλλ’
1533 5137 1620 5190 ἀεὶ
1649 5136 2018 5209 αἱμορροοῦσα

439 5229 535 5280 καὶ
577 5227 829 5292 νοσοῦσα,
874 5229 1012 5299 αὐτὴ
1057 5228 1164 5299 πρὸ
1202 5229 1415 5300 ἐκείνης
1465 5228 1742 5282 πιστεύσει
1778 5228 1856 5300 τῷ
1900 5229 2014 5300 Υίῴ

437 5319 533 5373 τοῦ
561 5318 718 5376 Θεοῦ.
752 5320 864 5373 Καὶ
905 5322 1022 5374 ἐκεῖ
1063 5321 1160 5391 μὲν
1203 5312 1358 5384 οὗτος
1404 5320 1726 5391 ἀπέρχεται,
1775 5320 1913 5391 αὐτὴ
1957 5321 2016 5375 δὲ

436 5409 532 5464 τοῦ
581 5413 886 5484 κρασπέδου
935 5412 1027 5465 τοῦ
1080 5412 1295 5483 ἱματίου
1347 5411 1587 5482 ἅψασθαι
1639 5411 1802 5466 θέλει.
1861 5413 1918 5465 '0
1958 5411 2016 5466 δὲ

438 5503 654 5565 Λουκᾶς
691 5503 720 5555 ὃ
756 5501 831 5574 μὴ
869 5497 989 5555 εἷπε
1032 5501 1309 5566 Ματθαῖος
1346 5502 1704 5574 προσέθηκεν,
1743 5503 1825 5556 ὅτι
1855 5503 2016 5557 δωδε-

437 5594 640 5665 καετὴς
670 5591 739 5665 ἦν
772 5596 806 5666 ἡ
833 5595 928 5648 τοῦ
961 5595 1408 5666 ἀρχισυναγώγου
1444 5595 1708 5668 θυγάτηρ,
1740 5596 1835 5652 καὶ
1863 5598 1901 5668 ἡ
1926 5597 2012 5652 αἱ·

508 5689 554 5720 "
585 5688 604 5742 l
633 5689 760 5753 Cor,
797 5703 874 5753 xl,
903 5689 957 5743 '5.
1033 5690 1078 5721 ⁷⁸
1108 5687 1127 5741 Ι
1154 5689 1280 5742 Cor.
1325 5703 1380 5754 Χ,
1418 5688 1503 5742 Η.

501 5780 612 5851 (87)
664 5782 833 5850 Ὠριγ.
878 5783 968 5835 καὶ
995 5781 1283 5853 Κυρίλλου.

2125 4605 2219 4659 bat
2249 4621 2265 4659 :
2295 4614 2460 4674 atque
2509 4620 2576 4660 ex
2642 4607 2838 4661 itinere
2893 4620 3190 4661 occurrens
3243 4605 3292 4659 ei
3349 4605 3468 4660 haec
3521 4605 3694 4675 prima

2124 4703 2352 4749 curatur
2370 4695 2399 4747 2
2421 4694 2558 4760 Quia
2586 4696 2736 4750 venit
2770 4694 2940 4750 Filius
2977 4694 3070 4750 Dei
3105 4695 3368 4765 primario
3384 4696 3452 4750 ad
3477 4693 3695 4750 Judzeo-

2123 4799 2244 4838 rum
2293 4799 2648 4855 synagogam,
2679 4797 2734 4841 et
2769 4786 2977 4842 invenit
2997 4801 3116 4841 eam
3163 4795 3513 4856 aegrotantem
3536 4825 3553 4852 ,
3578 4772 3695 4841 fimo

2121 4875 2454 4931 defunctam.
2502 4879 2718 4935 Scelera
2757 4895 2996 4950 namque
3045 4878 3260 4934 lsraelis
3291 4877 3588 4934 cﬂecerant
3635 4887 3695 4932 ut

2123 4977 2427 5021 moreretur
2459 4967 2572 5022 illa.
2622 4969 2695 5023 At
2730 4967 3123 5039 sanguiniﬂua,
3168 4983 3288 5038 qua:
3330 4972 3380 5022 in
3409 4967 3497 5022 via
3531 4975 3691 5032 erat,

2121 5072 2241 5125 quae
2276 5057 2434 5126 plena
2467 5068 2587 5114 erat
2637 5061 2970 5130 impuritate,
3006 5075 3126 5130 quae
3175 5059 3416 5115 stillabat
3469 5075 3576 5115 non
3636 5061 3688 5113 in

2123 5154 2360 5215 tempore
2402 5150 2672 5220 puerperii
2721 5160 2816 5205 aut
2848 5152 3132 5216 menstrui,
3175 5151 3270 5206 sed
3315 5163 3527 5218 semper
3557 5164 3690 5203 san-

2122 5237 2283 5306 guine
2312 5236 2512 5294 fluebat
2538 5250 2594 5295 et
2613 5241 2914 5311 aegrotabat
2943 5259 2960 5294 :
2991 5242 3105 5298 haec
3146 5250 3270 5296 ante
3316 5241 3459 5295 illam
3503 5241 3693 5294 credet

2121 5326 2258 5384 Filio
2277 5329 2392 5384 Dei.
2423 5330 2488 5384 Et
2518 5331 2592 5386 ibi
2627 5334 2844 5402 quidem
2871 5333 2987 5403 ipSe
3018 5333 3234 5398 incedit,
3269 5333 3381 5402 ipsa
3414 5346 3542 5385 vero
3571 5331 3690 5384 [ἰηι-

2121 5421 2298 5474 briam
2325 5423 2632 5478 vestimenti
2684 5425 2957 5495 attingere
2990 5425 3158 5496 cupit.
3209 5423 3280 5479 At
3313 5424 3490 5480 Lucas
3542 5422 3687 5492 quod

2121 5511 2404 5569 Mattlttnus
2443 5531 2553 5569 non
2594 5516 2750 5582 dixit,
2795 5517 2988 5588 adjecit
3015 5557 3030 5583 ,
3091 5518 3372 5573 duodecim
3419 5528 3686 5570 annorum

2119 5602 2292 5662 fuisse
2313 5606 2723 5680 arcbisynagogi
2757 5608 2946 5677 tiliam,
2998 5621 3053 5665 et
3096 5608 3508 5682 sanguinilluam
3548 5609 3684 5663 duo-
