4172 6388
493 313 597 366 Ξ59
1341 310 1897 372 SUPPLEMENTUM
1932 315 2024 370 AD
2057 312 2382 370 ORIGENIS
2411 315 2820 372 EXEGETICA.

3613 315 3720 370 560

487 429 660 484 decim
686 442 1034 484 enumerasse
1070 427 1423 490 'mﬁrmitatis
1462 444 1658 487 annos.
1711 431 1878 503 lgitur
1929 433 2035 487 hrec

2150 430 2456 502 μορροοῦσα
2497 430 2701 484 δώδεκα
2737 430 2830 500 ἔτη
2884 423 3029 501 εἶχεν
3074 427 3471 500 αἱμορροοῦσαο
3521 427 3719 483 οὐκοῦν

487 517 655 586 coepit
685 518 948 586 sanguine
990 516 1158 572 ﬂuere
1187 533 1294 587 quo
1323 517 1410 570 illa
1446 533 1591 575 anno
1619 519 1672 573 in
1700 519 1875 576 lucem
1902 523 2045 577 edita

485 616 588 662 est.
620 607 750 661 Sine
777 607 1064 662 affectione
1092 611 1239 664 enim
1271 618 1356 665 est
1381 609 1467 663 illa
1495 612 1731 679 quandiu
1770 627 2046 683 synagoga

487 695 619 748 vivit
651 711 668 751 :
711 705 766 749 et
793 712 932 752 unus
957 697 1208 768 idemque
1239 709 1326 754 est
1348 704 1610 754 terminus
1643 703 1905 771 temporis
1931 742 1947 768 ,
1990 712 2046 757 et

486 785 612 840 ﬁnis
645 785 809 852 illius,
846 794 905 841 et
956 787 1095 842 initii
1137 789 1330 844 salutis
1357 791 1534 846 istius.
1585 791 1894 848 Duodennis
1955 793 2043 848 illa

485 877 733 940 moritur,
782 886 839 932 et
888 878 1003 933 haec
1050 888 1174 948 post
1227 880 1509 935 duodecim
1551 895 1661 935 sure
1715 881 2044 938 inﬁrmitatis

483 982 655 1022 annos
675 969 902 1024 credens
946 979 1194 1035 sanatur,
1257 986 1378 1040 qua:
1427 987 1458 1025 a
1516 971 1661 1026 nullo
1714 973 2041 1028 medicorum

483 1059 662 1112 sanari
692 1068 959 1128 potuerat.
1002 1059 1151 1116 Multi
1178 1063 1323 1116 enim
1357 1073 1484 1117 sunt
1519 1063 1755 1130 medici,
1788 1063 1880 1133 qui
1913 1079 2042 1134 gen-

481 1147 625 1201 tibus
671 1149 894 1228 salutem
939 1164 1001 1206 se
1050 1150 1312 1207 allaturos
1351 1153 1697 1223 pollicentur.
1759 1153 1817 1209 Si
1841 1154 2040 1210 videris

479 1238 831 1308 philosophos
886 1241 1172 1296 veritatem
1229 1243 1596 1312 proﬁtentes:
1639 1245 1828 1300 medici
1878 1256 2037 1310 sunt,

477 1329 568 1391 qui
616 1343 812 1384 sanare
867 1332 1132 1388 nituntur.
1192 1333 1264 1388 At
1313 1335 1572 1405 impensis
1621 1337 1871 1391 omnibus
1917 1352 2041 1406 quae

477 1420 710 1475 habebat
735 1423 787 1475 in
815 1422 967 1485 illos.
1019 1424 1439 1495 haudquaquam
1475 1427 1649 1496 potuit
1682 1429 1750 1482 ab
1786 1429 1897 1482 ullo
1927 1445 2038 1483 me-

474 1511 717 1566 dicorum
749 1515 957 1568 sanari.
1000 1515 1202 1583 Tetigit
1230 1531 1298 1572 ex
1331 1519 1436 1571 ﬁde
1481 1517 1749 1572 ﬁmbriam
1784 1517 1935 1583 Jesu,
1984 1529 2040 1574 et

475 1603 772 1658 convaluit.
800 1606 854 1660 Si
879 1606 1286 1662 consideremus
1320 1607 1478 1663 ﬁdem
1501 1617 1744 1662 nostram
1773 1609 1824 1663 in
1852 1609 2035 1665 Jesum

473 1692 772 1760 Christum,
798 1705 854 1750 et
899 1699 1199 1766 cogitemus
1251 1708 1482 1767 quantus
1511 1709 1595 1754 est
1627 1698 1795 1755 Filius
1827 1700 1952 1766 Dei,
1983 1712 2037 1757 et

473 1799 761 1853 quemnam
808 1788 978 1857 ipsum
1014 1797 1336 1859 tangamus:
1378 1792 1724 1858 videbimus,
1774 1795 1919 1862 quod
1966 1793 2032 1848 ad
2067 1780 2110 1836 Β

473 1882 929 1950 comparationem
966 1883 1298 1939 ﬁmbriarum
1329 1900 1451 1955 quze
1490 1886 1544 1940 in
1580 1887 1697 1958 ipso
1727 1898 1874 1955 sunt,
1912 1888 2036 1942 ﬁm-

471 1972 646 2027 briam
673 1989 834 2027 unam
857 1975 1147 2042 tetigimus.
1181 1974 1307 2032 Haec
1337 1977 1551 2032 ﬁmbria
1583 1979 1829 2034 medetur
1858 1981 2033 2045 nobis,

469 2073 524 2118 et
559 2064 691 2120 facit
724 2075 782 2120 ut
809 2065 877 2121 ab
903 2065 1026 2123 lesu
1053 2069 1338 2124 audiamus
1371 2089 1385 2124 :
1419 2067 1591 2135 Filia,
1629 2069 1761 2138 ﬁdes
1796 2080 1889 2125 tua
1928 2073 2038 2126 ωι-

469 2160 605 2213 uaeit
633 2169 681 2213 te
702 2161 772 2222 ⁷⁷.
797 2171 853 2216 et
876 2176 1152 2216 curemur.
1179 2161 1248 2216 Et
1275 2163 1692 2233 arcbisyuagogi
1717 2163 1827 2217 ﬁlia
1854 2179 2037 2218 resur-

471 2261 577 2315 get.
607 2251 832 2318 Quando
861 2257 1004 2309 enim
1028 2255 1310 2309 multitudo
1333 2257 1564 2324 gentium
1591 2257 1827 2326 ingressa
1850 2257 2029 2326 fuerit,

468 2355 593 2396 tunc
622 2346 791 2399 omnis
822 2345 996 2402 Israel
1034 2347 1322 2402 saluabilur
1348 2351 1395 2399 7'

1106 2525 1260 2581 CAP.
1301 2525 1393 2580 IX.

472 2615 536 2667 ν.
575 2614 680 2688 27.
706 2615 839 2688 Dico
874 2625 1048 2670 autem
1071 2617 1211 2688 vobis
1239 2633 1356 2672 vere
1387 2631 1406 2669 :
1439 2617 1576 2672 Sunt
1605 2619 1824 2688 quidam
1850 2635 2031 2675 eorum

533 2685 626 2752 qui
661 2686 746 2738 hic
788 2687 1186 2758 ειειενιιηι-,ηιιί
1223 2703 1547 2758 nequaquam
1579 2685 1860 2758 gustabunt
1888 2707 2031 2745 mor-

535 2763 660 2818 tem,
694 2770 962 2824 quousque
999 2756 1206 2809 videant
1239 2756 1457 2824 regnum
1487 2756 1601 2811 Dei.

534 2843 660 2900 Haec
684 2845 751 2900 ad
771 2843 989 2900 Petrum
1017 2855 1072 2900 et
1104 2843 1364 2900 Jacobum
1398 2855 1454 2902 et
1492 2845 1757 2904 Joannem
1789 2849 2030 2905 nonnulli

467 2933 728 2998 referunt,
774 2935 868 3004 qui
915 2950 1021 2988 una
1055 2950 1175 2990 cum
1223 2935 1439 2992 Christo
1471 2938 1522 2992 in
1561 2940 1836 2994 excelsum
1877 2956 2031 2996 mon-

470 3031 576 3076 tem
603 3024 1007 3077 ascenderunt:
1049 3024 1139 3092 qui
1165 3034 1220 3078 et
1250 3034 1476 3081 mortem
1520 3042 1626 3082 non
1652 3039 2025 3099 gustaverunt,

2147 523 2266 592 ἀμα
2299 525 2363 593 τῇ
2393 523 2603 589 γενέσει
2632 523 2816 594 ἐκείνῃ
2848 521 2986 590 αὕτη
3015 523 3316 592 αίμορροεῖ.
3359 521 3446 573 Ἐν
3482 521 3717 593 ἀπαθείᾳ

2147 612 2255 683 γάρ
2285 615 2432 665 ἐστιν
2465 613 2646 680 ἐκείνη
2677 613 2800 664 ὅσον
2829 611 3018 681 χρόνον
3059 611 3126 681 ζῇ
3170 613 3204 680 ἡ
3256 612 3543 680 συναγωγή
3569 628 3581 640 ·
3618 611 3716 664 καὶ

2145 704 2174 754 6
2200 702 2359 765 αὐτὸς
2391 702 2516 773 ὄρος
2549 702 2642 754 τοῦ
2685 702 2876 772 χρόνου
2914 699 3008 753 τοῦ
3041 701 3226 764 τέλους
3256 701 3469 772 ἐκείνης
3494 700 3587 755 καὶ
3613 700 3716 770 τῆς

2143 795 2315 865 ἀρχῆς
2340 795 2438 866 τῆς
2466 794 2734 865 σωτηρίας
2753 793 2956 862 ταύτης
2976 794 3110 846 ἐστί.
3135 792 3349 846 Δώδεκα
3369 793 3504 845 ἐτῶν
3529 792 3712 863 ἐκείνη

2143 883 2497 954 ἀποθνήσκει,
2528 885 2621 937 καὶ
2649 881 2856 936 δώδεκα
2892 883 3028 936 ἐτῶν
3061 883 3201 953 αὕτη
3241 883 3335 936 τοῦ
3379 882 3582 945 πάθους
3619 900 3711 935 πι-

2145 976 2416 1030 στεύσασα
2445 976 2824 1048 θεραπεύεται,
2857 977 2977 1046 ἥτις
2997 976 3096 1028 οὐκ
3126 976 3344 1046 ἴσχυσεν
3376 976 3467 1028 ὑπ’
3501 975 3712 1038 οὐδενὸς

2141 1066 2250 1119 τῶν
2289 1067 2486 1139 ίατρῶν
2525 1066 2944 1138 θεραπευθῆναι.
2991 1065 3182 1119 Πολλοὶ
3235 1066 3342 1136 γὰρ
3389 1067 3562 1136 ἰατροὶ
3583 1066 3710 1129 τοὺς

2141 1157 2249 1210 ἀπὸ
2297 1157 2463 1211 ἐθνῶν
2508 1157 2804 1228 ὑπέσχοντο
2847 1156 3202 1228 θεραπεῦσαι.
3259 1156 3384 1208 Έάν
3425 1155 3541 1228 ἴδῃς
3581 1156 3708 1218 τοὺς

2141 1248 2559 1318 φιλοσοφοῦντας
2584 1249 3081 1319 ἐπαγγελλομένους
3107 1249 3379 1318 ἀλήθειαν,
3407 1249 3579 1318 ἰατροί
3601 1249 3710 1300 εἱσι

2141 1338 2467 1410 θεραπεῦσαι
2482 1339 2829 1411 πειρώμενοι.
2848 1340 2985 1392 Ἀλλ’
3009 1339 3120 1410 (89)
3135 1341 3330 1402 αὐτοὺς
3353 1339 3708 1409 δαπανήσασα

2139 1431 2208 1484 τὰ
2237 1432 2364 1501 παρ’
2397 1433 2596 1503 ἑαυτῆς
2626 1434 2820 1496 πάντα,
2853 1432 2952 1484 ούκ
2978 1429 3194 1500 ἴσχυσεν
3226 1433 3318 1483 ὑπ’
3345 1430 3559 1492 οὐδενὸς
3597 1429 3708 1482 τῶν

2143 1523 2339 1592 ἰατρῶν
2375 1523 2797 1594 θεραπευθῆναι.
2824 1523 3038 1590 Ἥψατο
3063 1522 3119 1575 δὲ
3140 1522 3232 1574 τοῦ
3275 1520 3580 1592 κρασπέδου
3611 1520 3707 1573 τοῦ

2151 1613 2322 1684 Ἰησοῦ
2351 1613 2438 1667 διὰ
2466 1614 2718 1677 πίστεως,
2749 1615 2843 1666 καὶ
2873 1612 3014 1683 ίάθη.
3076 1611 3201 1664 Ἐὰν
3243 1611 3441 1681 ἴδωμεν
3479 1611 3578 1682 τὴν
3613 1610 3706 1663 πί-

2139 1721 2256 1756 στιν
2287 1704 2439 1775 ἡμῶν
2472 1705 2569 1774 τὴν
2611 1707 2691 1768 εἰς
2739 1703 2944 1774 Ἰησοῦν
2982 1703 3248 1774 Χριστὸν,
3288 1702 3382 1754 καὶ
3422 1702 3706 1772 νοήσωμεν

2138 1795 2363 1865 πηλίκος
2393 1796 2540 1847 ἐστὶν
2573 1797 2601 1847 6
2640 1795 2766 1858 Υἱὸς
2796 1794 2890 1848 τοῦ
2937 1794 3095 1856 Θεοῦ,
3128 1793 3221 1846 καὶ⁵
3262 1793 3405 1857 τίνος
3447 1792 3705 1862 ἡψάμεθα

2137 1887 2323 1952 αὑτοῦ,
2361 1886 2622 1958 ὀψόμεθα,
2671 1889 2752 1940 ὅτι
2798 1887 2935 1958 πρὸς
2984 1886 3269 1957 σύγκρισιν
3314 1884 3421 1937 τῶν
3455 1888 3511 1938 ἐν
3556 1883 3706 1954 αύτῷ

2137 1975 2454 2050 κρασπέδων
2482 1977 2785 2047 κρασπέδου
2819 1977 3096 2048 ἡψάμεθα.
3121 1975 3289 2028 Τοῦτο
3309 1976 3369 2028 τὸ
3398 1975 3703 2046 κράσπεδον

2137 2065 2432 2138 θεραπεύει
2471 2069 2638 2138 ἡμᾶς,
2684 2067 2779 2120 καὶ
2811 2071 2952 2120 ποιεί
2980 2067 3195 2130 ἀκούειν
3226 2065 3334 2120 ἀπὸ
3362 2065 3453 2118 τοῦ
3491 2066 3663 2136 Ἰησοῦ
3684 2081 3698 2093 ·

2139 2159 2416 2226 Θύγατερ,
2460 2160 2500 2227 ἡ
2532 2159 2735 2225 πίστις
2767 2174 2881 2212 σου
2913 2157 3147 2213 σέσωκέ
3177 2174 3269 2218 σε,
3307 2158 3399 2209 καὶ
3435 2156 3705 2227 θεραπευ-

2137 2247 2336 2319 θῶμεν.
2367 2248 2529 2321 Kal!)
2561 2249 2805 2321 θυγάτηρ
2828 2249 3187 2319 ἀναστήσεται
3208 2247 3299 2300 τοῦ
3328 2245 3702 2318 ἀρχισυναγώ-

2135 2355 2252 2407 γου.
2300 2339 2482 2393 Ὅταν
2516 2340 2626 2408 γὰρ
2666 2340 2732 2394 τὸ
2764 2339 2995 2408 πλῆθος
3026 2338 3147 2394 τῶν
3195 2337 3386 2393 ἐθνῶν
3429 2338 3697 2405 εἰσέλθῃ,

2135 2429 2266 2480 τότε
2300 2424 2417 2494 πᾶς
2453 2427 2686 2497 Ἰσραὴλ
2715 2428 3068 2496 σωθήσεται.

2785 2519 2942 2572 ΚΕΦ.
2983 2518 3058 2571 Θ’.

2141 2609 2238 2662 Στί
2282 2650 2295 2663 .
2333 2607 2434 2674 κζ’.
2471 2607 2633 2678 Λέγω
2659 2607 2725 2662 δὲ
2755 2611 2792 2663 ὐ
2839 2609 2896 2661 ἲν
2917 2610 3190 2675 ἀληθῶς·
3227 2609 3364 2662 Εἰσί
3395 2624 3554 2676 τινες
3584 2606 3703 2663 τῶν

2201 2627 2316 2732 ὧέε
2353 2679 2711 2732 ἑστηκότων.
2751 2627 2909 2731 afaf;
2943 2678 3022 2732 ui)
3059 2681 3386 2732 γεύσωνται
3414 2678 3697 2732 θανάτου.

2201 2673 2316 2732 ὦδε
2353 2673 2711 2745 ἐστηκὸτων,
2751 2673 2808 2730 οἳ
2838 2681 2909 2731 οὺ
2937 2673 3031 2747 μὴ
3059 2673 3386 2746 γεύσωνται
3414 2673 3697 2745 θανᾶτου,

2201 2748 2312 2815 ἕως
2336 2747 2414 2802 ἂν
2439 2748 2607 2801 ίδωσι
2647 2747 2760 2816 τὴν
2782 2749 3110 2812 ,βασιλείαν
3141 2748 3248 2801 τοῦ
3281 2748 3451 2802 Θεοῦ.

2200 2839 2385 2894 Ταῦτα
2417 2840 2509 2892 ἐπὶ
2535 2839 2738 2911 Πέτρον
2768 2840 2861 2892 καὶ
2903 2839 3156 2894 Ἰάκωϐον
3193 2840 3286 2893 καὶ
3337 2839 3588 2910 Ἰωάννην
3615 2855 3698 2892 τι-

2130 2932 2219 2996 νές
2255 2931 2614 3004 ἀναφέρουσι,
2661 2931 3054 2994 συναναϐάντες
3103 2933 3181 2994 είς
3225 2931 3288 2984 τὸ
3331 2915 3530 3001 ὑψηλὸν
3572 2921 3696 3001 ὅρος

2128 3025 2367 3096 Χριστῷ,
2392 3024 2442 3078 οἳ
2473 3023 2565 3077 καὶ
2587 3023 2816 3077 θανάτου
2843 3025 2943 3077 οὐκ
2970 3023 3281 3089 ἐγεύσαντο,
3312 3024 3418 3094 πρὸ
3442 3022 3536 3090 τοῦ
3569 3023 3696 3075 ἰδεῖν

465 3121 756 3182 antequam
807 3113 1062 3168 viderunt
1098 3114 1296 3169 Filium
1349 3116 1585 3173 hominis
1641 3120 1928 3176 advenisse
1972 3121 2025 3175 in

2129 3118 2220 3170 τὸν
2258 3117 2386 3170 Υίὸν
2421 3115 2517 3169 τοῦ
2556 3115 2842 3186 ἀνθρώπου
2870 3114 3088 3168 ἐλθόντα
3119 3116 3176 3167 ἐν
3214 3117 3280 3186 τῇ
3324 3114 3568 3186 βασιλεία
3599 3114 3698 3167 αύ-

466 3217 631 3270 regno
663 3219 782 3268 suo,
816 3205 930 3258 sive
957 3205 1010 3259 in
1039 3207 1209 3275 gloria
1245 3208 1737 3274 transﬁgurationis
1763 3211 1900 3280 ejus.

531 3293 683 3361 Quod
707 3296 750 3349 si
780 3295 906 3365 quid
934 3297 1200 3354 curiosius
1232 3299 1414 3355 dicere
1439 3301 1583 3366 licet,
1611 3312 1666 3357 et
1699 3303 1764 3356 de
1797 3317 1860 3356 eo
1884 3303 2026 3372 quod

461 3387 531 3441 sit
559 3395 702 3442 stare
729 3403 852 3443 cum
877 3387 1129 3453 Christo,
1175 3400 1231 3446 et
1265 3391 1331 3448 de
1364 3407 1430 3448 eo
1473 3395 1615 3463 quod
1669 3397 1742 3449 sit
1790 3405 2022 3449 mortem

461 3486 678 3542 gustare
711 3479 964 3534 :l'uerunt
998 3482 1216 3551 quidam
1264 3485 1356 3554 qui
1406 3494 1675 3540 steterunt
1722 3485 1812 3538 ubi
1841 3484 2022 3549 Jesus,

459 3569 644 3623 anima
685 3569 852 3624 innixi
878 3585 1040 3641 super
1063 3573 1193 3641 illo;
1241 3584 1469 3644 eratque
1503 3589 1689 3630 eorum
1721 3574 1887 3630 statio
1916 3591 2022 3629 non

463 3661 748 3716 admodum
793 3662 1055 3719 abludens
1117 3679 1147 3718 a
1211 3664 1411 3736 Moysis
1481 3664 1738 3722 statione.
1810 3665 2022 3720 Etenim

461 3751 634 3822 inquit
656 3753 869 3826 Moyses
895 3772 909 3808 :
936 3755 1158 3826 Egoque
1180 3758 1305 3813 steti
1330 3757 1384 3811 in
1420 3765 1602 3811 monte
1637 3757 1754 3812 dies
1786 3759 2024 3826 quadra-

455 3844 600 3910 ginta
623 3853 678 3899 et
702 3856 887 3902 noctes
915 3847 1295 3917 quadraginta,
1319 3849 1512 3918 dignus
1533 3849 1786 3904 audiendi
1810 3849 2020 3904 factus:

458 3942 538 3998 Tu
567 3958 697 3999 vero
724 3945 795 4000 ibi
835 3954 917 3999 sta
953 3959 1168 4000 mecum
1202 3932 1270 3997 ".
1303 3940 1470 3995 Pauci
1514 3955 1678 4010 porro
1707 3949 1835 3995 sunt
1863 3942 2021 3996 amici

457 4033 572 4098 Dei,
601 4033 688 4101 qui
724 4035 1012 4089 stationem
1062 4033 1265 4087 habent
1300 4031 1356 4085 in
1395 4031 1536 4086 bono
1563 4069 1580 4096 ,
1611 4030 1748 4084 sicut
1779 4028 2020 4099 Baptista

457 4124 570 4187 ipse
596 4123 661 4176 de
689 4137 750 4176 se
777 4124 905 4178 dicit
929 4138 944 4176 :
972 4123 1040 4177 At
1073 4123 1274 4177 amicus
1297 4121 1473 4190 sponsi
1503 4129 1648 4172 stans
1675 4119 1868 4188 gaudio
1891 4135 2024 4189 gau-

454 4215 539 4264 det
578 4210 646 4264 ⁸⁰.
692 4211 759 4265 Ει
798 4212 834 4266 ii
874 4213 1039 4282 igitur
1079 4212 1174 4282 qui
1227 4217 1496 4266 steterunt
1553 4207 1694 4277 apud
1761 4205 2021 4271 Verbum,

457 4301 656 4356 habent
682 4303 980 4357 stationum
1016 4303 1382 4358 diversitates.
1420 4299 1599 4368 Quare
1645 4300 1789 4355 haud
1831 4315 2022 4355 omnes

453 4393 544 4462 qui
575 4408 743 4465 penes
771 4393 1108 4450 Salvatorem
1135 4405 1358 4459 stetere,
1393 4395 1488 4450 sed
1514 4393 1735 4464 quidam
1761 4406 1827 4447 ex
1861 4391 2013 4460 ipsis,

2128 3207 2244 3270 τοῦ,
2275 3209 2392 3279 ῆτοι
2417 3209 2474 3261 ἐν
2497 3211 2564 3279 τῇ
2593 3208 2719 3281 δόξῃ
2750 3207 2848 3278 τῆς
2878 3206 3350 3278 μεταμορφώσεως
3386 3206 3574 3260 αὑτοῦ.

2195 3301 2258 3353 Ei
2283 3301 2340 3353 δὲ
2366 3302 2468 3371 χρή
2496 3319 2548 3354 τι
2574 3301 2664 3353 καὶ
2694 3299 3110 3371 περιεργότερον
3146 3301 3318 3352 εἰπεῖν
3354 3298 3480 3370 περί
3511 3315 3572 3350 τε
3599 3297 3694 3350 τοῦ

2126 3391 2343 3444 ἑστάναι
2370 3389 2508 3461 μετὰ
2544 3389 2738 3460 Ἰησοῦ,
2763 3390 2856 3442 καὶ
2881 3390 3008 3460 περὶ
3035 3389 3133 3441 τοῦ
3161 3389 3416 3458 γεύεσθαι
3441 3388 3694 3442 θανάτου⁶

2123 3479 2263 3554 ἦσάν
2296 3501 2440 3548 τινες
2484 3483 2715 3546 ἑστῶτες
2747 3485 2878 3537 ὃπου
2925 3483 3164 3553 Ἰησοῦς,
3207 3482 3587 3554 ἐρηρεισμένοι
3624 3484 3692 3552 τῇ

2121 3577 2267 3647 ψυχῇ
2298 3576 2428 3647 παρ’
2453 3573 2616 3645 αὐτῷ.
2651 3571 2760 3627 ’Ἦν
2801 3575 2984 3638 αὐτοῖς
3023 3576 3057 3645 ὴ
3099 3575 3286 3638 στάσις
3324 3575 3591 3646 συγγενὴς
3625 3577 3692 3646 τῇ

2122 3669 2216 3722 τοῦ
2256 3670 2446 3740 Μωσῆ.
2482 3667 2650 3737 Κάγὼ
2686 3669 2814 3739 γὰρ,
2851 3667 3014 3738 φησὶν
3044 3669 3073 3719 6
3116 3666 3378 3736 Μωῡσῆς,
3419 3665 3582 3736 ἔστην
3633 3666 3694 3717 ἐν

2122 3759 2200 3831 τῷ
2226 3761 2341 3832 ὄρει
2370 3761 2581 3831 ἡμέρας
2615 3759 3021 3830 τεσσαράκοντα
3050 3759 3144 3812 καὶ
3185 3759 3385 3821 νύκτας
3423 3756 3694 3826 τεσσαρά-

2123 3868 2306 3912 κοντα,
2338 3850 2586 3916 ἀξιωθεὶς
2609 3850 2864 3904 ἀκοῦσαν
2895 3851 2988 3903 καὶ
3021 3853 3083 3903 σὺ
3108 3851 3164 3903 δέ
3196 3849 3358 3902 αὑτοῦ
3391 3849 3544 3920 στῆθι
3577 3848 3694 3917 μετ’

2122 3940 2272 4011 ἐμοῦ.
2321 3939 2518 4008 Ὀλίγοι
2543 3940 2599 3993 δὲ
2629 3941 2724 3994 καὶ
2763 3940 2906 4010 φίλοι
2928 3941 3084 4003 Θεοῦ,
3127 3942 3240 3994 ὅσοι
3276 3940 3374 4010 τὴν
3417 3939 3604 3991 στάσιν
3634 3938 3695 3990 ἐν

2120 4031 2199 4102 τῷ
2227 4031 2377 4102 καλῷ
2410 4032 2645 4103 ἔχουσιν,
2679 4034 2757 4096 ὼς
2781 4036 2809 4086 6
2839 4032 3147 4103 Βαπτιστὴς
3178 4031 3338 4094 αὐτὸς
3372 4029 3499 4100 περὶ
3530 4027 3693 4081 αὑτοῦ

2120 4122 2266 4190 λέγει
2287 4138 2302 4151 ·
2337 4121 2399 4176 '0
2425 4121 2496 4174 δὲ
2523 4123 2701 4190 φίλος
2729 4122 2836 4176 τοῦ
2875 4123 3135 4191 νυμφίου
3167 4119 3356 4185 ἑστὼς
3384 4116 3537 4188 χαρᾷ
3566 4117 3694 4185 χαί-

2111 4233 2226 4284 ρει.
2271 4217 2380 4269 Καὶ
2413 4217 2462 4268 oi
2506 4215 2796 4284 ἑστηκότες
2841 4213 2971 4282 γοῦν
3021 4213 3171 4283 παρά
3202 4211 3280 4282 τῷ
3318 4211 3475 4280 Λόγῳ
3513 4208 3690 4278 ἔχουσί

2119 4305 2259 4360 κατά
2296 4305 2394 4376 τὴν
2435 4304 2620 4357 στάσιν
2651 4303 2933 4373 διαφοράς.
2972 4301 3062 4354 Διὸ
3101 4301 3162 4353 οὐ
3207 4299 3405 4362 πάντες
3441 4298 3491 4350 οἱ
3522 4295 3694 4349 ἐστῶι

2118 4414 2209 4460 τες
2248 4395 2396 4468 παρά
2421 4395 2499 4466 τῷ
2530 4394 2762 4465 Σωτῆρι,
2793 4392 2929 4446 ἀλλά
2958 4409 3102 4454 τινες
3135 4390 3334 4453 αὐτῶν,
3363 4388 3439 4451 ὡς
3487 4387 3692 4457 βέλτιον

451 4455 708 4552 tanquam
732 4483 824 4551 qui
849 4483 1041 4538 melius
1073 4485 1343 4551 steterint,
1372 4455 1603 4538 mortem
1633 4498 1740 4538 non
1773 4491 2011 4552 gustant,

2129 4455 2431 4555 ἑστηκότες,
2471 4455 2532 4536 οὐ
2580 4455 2832 4552 γεύονται
2870 4482 3123 4542 θανάτου,
3160 4478 3265 4543 ἐως
3307 4477 3372 4531 ἂν
3415 4455 3565 4531 ἴδωσι
3600 4476 3694 4528 τὸν

425 4572 624 4642 donec
661 4574 881 4630 videant
927 4575 1165 4630 Verbum
1196 4591 1320 4630 cum
1369 4576 1683 4630 hominibus
1721 4589 2018 4629 conversa-

451 4675 588 4734 tum,
651 4677 707 4722 et
762 4677 1050 4738 pr0pterea
1118 4666 1316 4722 Filium
1372 4669 1607 4723 hominis
1664 4669 2014 4738 appellatum,

451 4760 758 4816 venientem
784 4763 836 4816 in
869 4775 1038 4831 regno
1070 4775 1190 4816 suo.
1222 4759 1338 4814 Non
1363 4763 1510 4814 enim
1537 4759 1738 4830 jugiter
1770 4761 1822 4814 in
1848 4774 2016 4828 regno

447 4864 546 4903 suo
599 4851 793 4915 venit,
859 4859 1118 4922 quantum
1192 4852 1259 4905 ad
1338 4865 1434 4905 eos
1503 4850 1594 4918 qui
1661 4850 2016 4904 introducun-

446 4949 534 4992 tur
591 4940 702 5010 (88)
758 4942 992 5008 attinet,
1045 4942 1135 5011 qui
1199 4940 1358 4996 facile
1421 4941 1703 5005 dicerent,
1771 4957 1872 4994 non
1919 4943 2018 4995 Ita-

445 5031 567 5084 bere
586 5048 704 5085 eum
727 5034 971 5101 speciem,
1004 5049 1164 5104 neque
1196 5031 1646 5100 pulchritudinem
1674 5031 1740 5086 ⁸⁸.
1771 5032 1840 5085 At
1868 5032 2012 5086 enim

444 5125 584 5195 apud
614 5139 708 5180 eos
748 5125 840 5193 qui
878 5126 986 5193 jam
1023 5124 1247 5195 perfecti
1298 5133 1457 5189 sunt,
1492 5121 1786 5177 secundum
1818 5123 2008 5186 David.

445 5224 670 5282 apparet
700 5215 961 5282 speciosus
1001 5216 1172 5284 forma
1212 5230 1324 5283 pra:
1355 5214 1482 5281 filiis
1511 5213 1785 5266 hominum
1813 5214 1882 5267 δ’.
1911 5211 2012 5266 Ha-

446 5303 537 5357 bet
579 5304 741 5375 igitur
784 5306 987 5374 regiam
1045 5306 1333 5361 admodum
1378 5303 1696 5370 dignitatem
1749 5300 2012 5367 Verbum,

442 5395 572 5449 dum
635 5396 847 5451 videtur
907 5399 1234 5466 quibusdam
1288 5396 1549 5451 stantium
1614 5394 1754 5464 apud
1801 5391 2009 5460 Iesum,

2125 4575 2430 4646 ἀνθρώποις
2456 4575 2870 4645 ἐπιδημήσαντα
2907 4572 3095 4640 Λόγον,
3133 4571 3227 4625 καὶ
3257 4569 3346 4623 διὰ
3381 4568 3536 4622 τοῦτο
3566 4567 3696 4620 Υἱὺν

2123 4667 2408 4738 ἀνθρώπου
2438 4666 2860 4738 χρηματίζοντα,
2899 4666 3188 4738 ἐρχόμενον
3225 4663 3282 4715 ἐν
3307 4665 3371 4732 τῇ
3396 4659 3562 4713 αὑτοῦ
3601 4659 3696 4729 βα-

2124 4759 2314 4830 σιλείᾳ.
2341 4760 2417 4812 Ού
2450 4759 2557 4830 γὰρ
2581 4758 2667 4811 ἀεὶ
2690 4759 2749 4811 ἐν
2768 4760 2834 4828 τῇ
2861 4757 3028 4810 αὑτοῦ
3060 4754 3303 4826 βασιλείᾳ
3337 4753 3588 4823 ἔρχεται,
3617 4749 3695 4813 ὼς

2115 4851 2210 4904 ἐπὶ
2231 4853 2343 4914 τοῖς
2369 4849 2762 4920 εἰσαγομένοις,
2791 4849 2840 4902 οἳ
2868 4849 2962 4902 καὶ
2993 4848 3078 4917 μὴ
3113 4847 3279 4915 ἔχειν
3307 4845 3495 4900 αὐτὸν
3532 4839 3694 4908 εἶδος

2117 4943 2156 5010 ἢ
2204 4943 2430 5009 κάλλος
2477 4941 2688 5007 λέξαιεν
2732 4941 2817 4995 ἄν.
2862 4943 2986 5003 Τοῖς
3031 4939 3088 4992 δὲ
3128 4939 3372 5000 τελείοις,
3419 4934 3559 4988 κατὰ
3601 4933 3692 4986 τὸν

2117 5032 2298 5096 Δαυῖδ,
2335 5031 2548 5101 ὡραῖος
2579 5032 2848 5100 φαίνεται
2881 5030 3092 5085 κάλλει
3137 5028 3296 5096 παρὰ
3334 5026 3474 5091 τοὺς
3521 5023 3694 5088 υἱοὺς

2117 5123 2235 5176 τῶν
2275 5124 2617 5192 ἀνθρώπων.
2663 5125 2848 5176 Ἔστιν
2884 5118 2978 5176 οὖν
3013 5120 3432 5192 βασιλικώτατον
3473 5115 3692 5186 ἀξίωμα

2117 5214 2195 5284 τῷ
2228 5217 2406 5285 Λόγῳ,
2437 5215 2764 5286 βλεπόμενόν
2803 5233 2913 5268 τισι
2950 5214 3058 5267 τῶν
3087 5212 3392 5282 ἑστηκότων
3421 5208 3576 5280 παρὰ
3612 5206 3693 5278 τῷ

2131 5304 2328 5377 Ἰησοῦ,
2358 5306 2667 5361 ἀκολουθεῖν
2705 5305 2852 5376 αὐτῷ
2882 5304 3204 5376 δυνηθεῖσιν,
3241 5301 3582 5356 ἀναϐαίνοντι
3610 5299 3689 5362 είς

2118 5397 2180 5457 τὸ
2201 5398 2403 5469 ὑψηλὸν
2419 5397 2520 5469 τῆς
2541 5397 2896 5470 φανερώσεως
2920 5396 3086 5452 αὑτοῦ
3115 5395 3238 5459 boot;
3258 5411 3271 5425 '
3299 5386 3360 5447 οὗ
3394 5410 3480 5458 τις
3511 5387 3692 5458 ἀξιοῦ-

513 5581 559 5612 "
587 5579 776 5635 Matth.
810 5593 888 5638 ιι,
921 5575 1013 5631 εει.
1085 5576 1130 5607 ⁷⁸
1159 5575 1316 5630 Rom.
1349 5588 1423 5638 χι,
1449 5572 1540 5637 25,
1569 5571 1660 5626 26.
1739 5571 1784 5603 7°
1806 5571 1960 5626 Deut.
2001 5587 2035 5628 ι]

2149 5578 2196 5610 ⁸⁸
2237 5579 2394 5638 Joan.
2421 5594 2507 5649 ιιι,
2531 5578 2616 5636 29.
2669 5577 2888 5655 f‘mlsa.
2912 5592 3033 5647 Lm,
3063 5575 3132 5658 2..
3210 5573 3417 5632 "Psal.
3446 5586 3595 5638 μιν,
3628 5569 3685 5626 5.

510 5698 624 5767 (88)
657 5697 966 5766 Rcspicitur
1005 5695 1070 5749 ad
1132 5695 1402 5767 lsagogas,
1457 5693 2204 5766 primasque"institutiones.

514 5771 626 5840 (89)
655 5768 817 5825 Forte
850 5769 1003 5825 deest
1033 5767 1133 5830 εἰς.
