4172 6394
400 365 498 420 541

1681 346 1975 403 SCHOLIA
2015 346 2083 401 IN
2122 345 2378 402 LUCAM.

3556 330 3660 386 342

398 493 494 530 ται
520 471 726 543 Πέτρος
763 468 859 536 ὣν,
898 469 992 522 καὶ
1022 467 1084 521 τὸ
1117 467 1367 521 ἄσειστον
1401 462 1540 534 ἔχων
1587 463 1644 515 έν
1673 463 1742 532 τῇ
1773 459 1980 513 πίστει·

2105 461 2191 528 Ini
2237 474 2360 513 eum
2409 456 2560 524 sequi
2601 453 2788 509 valent
2840 450 3225 506 ascendentem
3277 446 3330 501 in
3382 443 3662 500 excelsum

401 570 436 641 ἢ
463 569 569 622 υἱοὶ
601 564 792 637 ίροτῶν
821 562 957 634 (90),
984 560 1043 614 οἳ
1062 559 1161 614 καὶ
1179 557 1440 614 θανάτου
1465 558 1537 610 οὐ
1561 555 1855 625 γεύονται,
1873 552 1984 617 ἕως

403 661 482 715 ἂν
518 659 686 712 τδωσι
727 656 835 709 τόν
875 653 1014 708 Υῑὸν
1058 653 1166 709 τοῦ
1206 648 1522 719 ἀνθρώπου
1550 647 1878 718 ἐρχόμενον
1917 644 2006 699 ἐν·

403 750 480 820 τῇ
495 748 787 816 βασιλείᾳ
811 745 1019 801 αὑτοῦ.

483 1038 602 1108 Ζωὴ
636 1036 693 1088 δὲ
723 1037 752 1088 ὁ
789 1030 1042 1105 Χριστός.
1095 1028 1154 1081 '0
1187 1027 1244 1080 δὲ
1282 1025 1486 1095 ταύτης
1518 1020 1712 1108 ἐχθρός
1743 1018 1987 1080 θάνατος,

412 1132 509 1185 καὶ
528 1133 555 1183 ὁ
577 1103 645 1181 δι’
678 1103 974 1196 ἁμαρτίας,
1010 1120 1044 1192 ἢ
1079 1119 1281 1189 ἑτέρως
1311 1113 1617 1184 νοούμενος.
1653 1103 1755 1162 ’Ὧν
1787 1109 1848 1161 τὸ
1875 1109 1997 1160 Era:

413 1239 508 1293 ρον
532 1220 597 1275 δι’
627 1212 702 1273 ὧν
724 1220 954 1279 ἕκαστος
985 1211 1142 1285 ἡμῶν
1175 1209 1402 1282 πράττει
1437 1205 1741 1274 ἐκλέγεται.
1781 1204 1991 1272 Ὥσπερ

411 1292 504 1366 οὖν
553 1314 581 1366 ό
625 1309 860 1381 Χριστὸς
901 1305 1065 1377 ἄρτος
1104 1301 1222 1355 ἐστὶ
1259 1297 1387 1364 ζῶν,
1415 1295 1588 1357 οὕτως
1621 1297 1649 1348 ὁ
1673 1292 1867 1364 ἐχθρὸς
1901 1292 1992 1344 αύ-

410 1405 507 1459 τοῦ
559 1403 788 1464 Θάνατος
837 1399 1000 1468 ἄρτος
1046 1396 1162 1448 ἐστί
1207 1391 1416 1463 νεκρός.
1469 1389 1627 1442 Πᾶσα
1679 1385 1737 1438 δὲ
1799 1381 1992 1454 λογικὴ

411 1495 560 1568 ψυχὴ
591 1495 804 1566 θατέρῳ
833 1490 1037 1544 τούτων
1074 1486 1365 1559 τρέφεταιο
1399 1483 1434 1553 ἡ
1457 1482 1554 1552 μὲν
1578 1477 1848 1549 γευομένη
1877 1475 1994 1529 τού-

412 1609 522 1644 των
567 1587 758 1660 μόνον,
790 1585 825 1655 ἡ
872 1583 929 1636 δὲ
976 1581 1071 1634 καὶ
1119 1580 1211 1632 ἐπὶ
1262 1575 1514 1628 πλεῖστον
1560 1571 1832 1625 ἐσθίουσα.
1883 1569 1994 1622 Καὶ

416 1657 634 1748 τάχα-οἱ
664 1674 763 1746 μὲν
796 1670 1036 1733 σπανίως
1066 1669 1160 1723 καὶ
1195 1663 1368 1738 μικρά
1402 1660 1806 1734 ἁμαρτάνοντες
1835 1657 1993 1729 μόνον

415 1769 667 1838 γεύονται
709 1763 970 1818 θανάτου·
1020 1762 1068 1814 οἱ
1119 1759 1175 1812 δὲ
1225 1756 1426 1828 ἀρετὴν
1475 1752 1824 1823 ἀνειληφότες
1871 1750 1991 1803 οὐδὲ

2089 563 2328 609 montem
2389 545 2844 604 manifestationis
2898 558 3010 598 suae
3066 559 3081 595 :
3133 554 3240 610 quo
3290 537 3418 608 quis
3465 535 3662 604 dignus

2087 643 2319 698 habetur
2358 639 2404 695 si
2455 637 2654 694 Petrus
2699 635 2887 701 fuerit,
2917 633 3226 701 habeatque
3283 630 3660 684 inconcussam

2088 734 2249 790 ﬁdem
2285 732 2413 788 :vel
2457 730 2548 785 lilii
2593 729 2888 784 tonitruum
2911 765 2926 789 ,
2963 727 3052 795 qui
3092 724 3250 778 etiam
3287 729 3509 774 mortem
3557 733 3663 771 non

2088 827 2396 897 gustabunt,
2425 825 2587 878 donec
2622 821 2829 876 videant
2873 816 3078 872 Filium
3108 814 3339 870 hominis
3373 816 3664 870 uenientem

2089 922 2144 975 in
2179 935 2336 989 regno
2356 933 2471 972 suo.

2163 1013 2286 1067 Vita
2317 1025 2482 1079 porro
2512 1017 2598 1061 est
2627 1006 2896 1062 Christus.
2931 1001 3104 1070 Hujus
3136 1000 3332 1064 hostis,
3362 1015 3511 1055 mors
3547 998 3679 1054 sive

2092 1119 2214 1176 qua:
2246 1117 2342 1173 per
2376 1109 2684 1171 peccatum,
2709 1097 2823 1152 sive
2863 1094 3018 1150 aliter
3048 1091 3389 1159 intelligitur.
3424 1090 3503 1144 Ex
3540 1091 3666 1160 qui-

2092 1200 2193 1252 bus
2222 1195 2564 1252 alterutrum.
2604 1203 2702 1258 per
2731 1203 2793 1244 ea
2823 1201 2942 1256 quae
2973 1185 3203 1256 quisque
3233 1192 3478 1238 nostrum
3511 1181 3663 1247 facit,

2091 1289 2334 1357 eligitur.
2363 1285 2518 1341 Sicut
2549 1284 2713 1354 igitur
2740 1279 2994 1336 Christus
3017 1286 3103 1331 est
3132 1277 3285 1342 panis
3315 1275 3462 1328 rivus
3492 1273 3562 1338 ⁸³,
3589 1273 3670 1329 sic

2093 1382 2268 1438 hostis
2293 1381 2410 1451 ejus
2444 1393 2622 1444 mors,
2663 1374 2820 1446 panis
2845 1381 2929 1428 est
2963 1379 3236 1426 mortuus.
3301 1367 3495 1424 Omnis
3538 1380 3667 1421 vero

2094 1472 2383 1530 rationalis
2435 1471 2621 1524 anima
2687 1467 2955 1520 alterutro
3011 1463 3202 1516 horum
3254 1465 3537 1516 nutritur:
3571 1457 3668 1512 sed

2094 1565 2337 1636 quaedam
2389 1563 2608 1632 quidem
2660 1559 2762 1613 hos
2823 1557 3089 1610 duntaxat
3140 1560 3343 1621 gustat,
3421 1547 3668 1620 quaedam

2093 1671 2228 1712 vero
2259 1655 2464 1725 largius
2517 1649 2775 1706 comedit.
2805 1643 3176 1700 Plausibiliter
3202 1642 3366 1712 igitur
3414 1639 3668 1700 dixerim,

2096 1748 2240 1818 quod
2286 1745 2380 1816 qui
2423 1757 2550 1798 raro
2588 1752 2642 1796 et
2686 1753 2854 1809 parva
2911 1743 3177 1806 peccant,
3231 1740 3452 1804 gustant
3497 1730 3672 1785 solum

418 1821 673 1932 γεύονται
700 1855 886 1919 αὑτοῦ,
913 1853 1026 1908 ἀλλ’
1049 1853 1136 1906 ἀεὶ
1162 1821 1324 1920 ἄρτον
1347 1821 1862 1920 τρέφονταινζῶντα.
1893 1841 1996 1894 Πέ-

2105 1850 2330 1895 mortem
2366 1855 2378 1890 :
2405 1845 2461 1890 at
2491 1835 2582 1904 qui
2613 1833 2874 1887 virtutem
2904 1835 3186 1891 exercent,
3209 1839 3278 1880 ne
3310 1831 3530 1894 gustant
3552 1821 3676 1892 qui-

416 1931 532 2024 τρῳ
561 1947 676 2014 οὖν,
698 1945 770 2004 οὗ
794 1947 978 2001 πύλαι
998 1942 1085 2013 μὴ
1104 1941 1487 2009 κατίσχυσαν
1507 1935 1677 2003 ᾅδου,
1704 1931 1995 1987 ἀκόλουθον

513 2041 703 2094 τούτου
734 2037 808 2109 μὴ
834 2034 1110 2106 γεύεσθαι.
1156 2031 1291 2083 Τότε
1321 2029 1430 2100 γάρ
1458 2045 1544 2090 τις
1577 2025 1798 2095 γεύεται
1837 2022 2000 2076 θανά-

419 2155 538 2200 του,
566 2137 654 2188 ὅτε
686 2132 852 2186 πύλαι
880 2129 1005 2201 ᾅδου
1035 2123 1456 2196 κατισχύσουσιν
1485 2119 1673 2174 αὐτοῦ.
1717 2115 1877 2171 Ἀλλά
1903 2117 1998 2169 καὶ

418 2230 533 2290 τοῖς
555 2225 657 2295 τῆς
689 2221 916 2296 βροντῆς
950 2219 1105 2282 υἱοῖς,
1135 2213 1470 2286 γεννηθεῖσιν
1508 2210 1616 2264 ἀπὸ
1651 2208 1877 2280 βροντῆς
1908 2209 2000 2260 ἀν-

421 2312 694 2387 θρωπίνου
720 2295 822 2382 χρή
831 2325 1019 2380 ματος,
1044 2305 1303 2359 ἀδύνατον
1325 2298 1393 2373 ἦν
1421 2301 1654 2354 θανάτου
1677 2295 1996 2368 γεύσασθαι,

420 2405 516 2461 τοῦ
554 2402 760 2476 σφόδρα
794 2399 984 2473 πόρρω
1009 2399 1106 2469 τῆς
1136 2395 1344 2468 μητρὸς
1385 2393 1564 2448 αὐτῶν
1591 2390 1839 2462 βροντῆς.

493 2667 568 2721 Τὸ
598 2667 674 2732 δὲ,
712 2665 844 2732 ἕως,
889 2661 1124 2717 ἐνταῦθα
1154 2659 1305 2732 δηλοῖ
1325 2659 1418 2713 τὸν
1448 2656 1844 2724 κατεπείγοντα
1874 2654 2002 2727 περὶ

421 2759 518 2813 τοῦ
549 2756 882 2830 δηλουμένου
914 2755 1133 2826 χρόνον,
1160 2754 1220 2806 ού
1253 2750 1718 2824 περιοριζόμενον,
1743 2747 1884 2801 ὥστε
1912 2764 2004 2816 γε·

425 2850 610 2904 νέσθαι
665 2848 806 2921 μετά
851 2847 912 2902 τὸ
958 2847 1062 2910 tu;
1112 2846 1174 2899 τὸ
1221 2846 1281 2898 ὲν
1336 2843 1485 2914 αύτῷ
1529 2841 1607 2913 τῷ
1655 2839 1998 2912 δηλουμένῳ·

423 2942 502 3006 ὼς
540 2942 602 2996 τό
619 2959 633 2972 ’
667 2941 777 2995 Καὶ
800 2939 928 2994 ἰδοὺ
953 2939 1068 3010 ἐγὼ
1097 2938 1226 3009 μεθ’
1252 2936 1418 3007 ὑμῶν
1447 2937 1563 3005 ειμι
1585 2934 1695 3000 ἕως
1717 2931 1828 3002 τῆς
1853 2947 2004 2985 συν-

425 3031 662 3098 τελείας
704 3029 811 3084 τοῦ
853 3028 1086 3094 αἰῶνος.
1135 3027 1250 3080 Οὐκ
1296 3024 1591 3094 ἐγεύσαντο
1633 3022 1762 3092 γοῦν
1812 3021 1918 3074 οὐδ’
1955 3021 2004 3073 oi.

427 3123 716 3177 ἀπόστολοι
771 3120 867 3174 τοῦ
901 3118 1286 3192 προηρημένου
1321 3118 1458 3186 (90‘)
1518 3113 1711 3186 νοητοῦ
1773 3112 2003 3167 θανάτου

432 3215 570 3287 μετά
604 3215 667 3268 τὸ
703 3214 828 3267 ἰδεῖν
863 3211 960 3282 τὴν
992 3211 1100 3264 τῶν
1129 3209 1462 3282 τηλικούτων
1488 3205 1707 3276 ἀγαθῶν
1751 3205 2003 3276 θεωρίαν.

511 3307 665 3361 Ἐπεὶ
708 3305 766 3358 δὲ
822 3305 880 3357 ἐν
930 3305 1043 3365 τοῖς
1086 3302 1340 3373 Ψαλμοῖς
1391 3299 1636 3372 εἴρηταιο
1685 3298 1783 3364 Τίς
1838 3296 2011 3350 ἐστιν

426 3397 738 3466 ἅνθρωπος
784 3394 852 3461 ὃς
900 3393 1084 3460 ζήσει,
1133 3393 1235 3446 καὶ
1286 3394 1398 3446 οὐκ
1459 3391 1670 3462 ὄψεται
1715 3387 2011 3451 admiror;

430 3491 544 3555 καὶ,
610 3486 854 3542 Ὲλθέτω
880 3485 956 3555 δὴ
986 3485 1241 3551 θάνατος
1273 3484 1365 3537 ἐπ’
1390 3483 1640 3550 αὐτούς·
1686 3481 1780 3535 καὶ
1817 3480 1874 3536 ἕν
1905 3497 2012 3533 τινι

430 3581 538 3634 τῶν
566 3578 900 3652 προφητῶνο
940 3577 1234 3632 Κατέπιεν
1265 3579 1297 3630 ὁ
1339 3574 1598 3640 θάνατος
1628 3573 1919 3642 ἰσχύσας·
1955 3571 2013 3624 ἐν

428 3673 490 3726 δὲ
527 3674 594 3744 τῇ
653 3669 1019 3740 Ἀποκαλύψει
1040 3687 1052 3699 ·
1100 3669 1162 3722 '0
1204 3667 1457 3733 θάνατος
1491 3665 1590 3720 καὶ
1622 3668 1654 3719 ό
1686 3663 1838 3732 ᾅδης
1873 3663 2016 3716 ἀκο-

430 3763 643 3819 λουθεῖ
672 3778 797 3818 τισι
817 3780 830 3793 ’
885 3763 1095 3834 μήποτε
1139 3759 1357 3813 ἔλαττον
1405 3759 1574 3812 κακόν
1610 3759 1727 3810 ἐστι
1778 3755 1839 3809 τὸ
1888 3756 2016 3808 ἰδεῖν

431 3856 683 3916 θάνατον,
725 3853 918 3908 τούτου
943 3854 1000 3907 δὲ
1035 3852 1220 3924 μεῖξον
1249 3852 1309 3906 τὸ
1333 3849 1632 3920 γεύσασθαι
1666 3847 1854 3912 αὐτοῦ,
1894 3847 2018 3900 τού-

432 3965 526 4000 του
550 3947 608 4000 δὲ
648 3946 728 3999 ἔτι
761 3948 940 4017 χεῖρον
967 3945 1028 3998 τὸ
1056 3943 1371 3998 ἀκολουθεῖν
1408 3958 1512 3994 τινι
1540 3940 1797 4005 θάνατον;
1832 3939 1928 3992 καὶ
1955 3939 2015 3990 ού

437 4038 600 4109 μόνον
647 4038 960 4092 ἀκολουθεῖν
979 4080 994 4105 ,
1047 4036 1185 4090 ἀλλά
1228 4036 1324 4089 καὶ
1352 4033 1454 4105 ἤδη
1494 4032 1666 4086 ἐλθεῖν
1701 4031 1788 4084 ἐπ’
1832 4031 2014 4094 αὐτὸν,

433 4132 532 4186 καὶ
567 4132 894 4184 καταλαϐεῖν
940 4132 1167 4194 ἐκεῖνον,
1197 4121 1242 4197 ᾧ
1283 4127 1548 4198 πρότερον
1585 4123 1907 4196 ήκολούθει;
1945 4123 2019 4176 Τὸ

433 4223 492 4277 δὲ
534 4223 913 4294 καταποθῆναι
943 4221 1049 4275 ὑπὸ
1083 4221 1178 4274 τοῦ
1211 4220 1445 4274 θανάτου
1482 4217 1702 4271 πάντων
1740 4216 1888 4270 δοκεί
1929 4231 2019 4284 μοι

437 4313 739 4386 βαρύτερον
767 4311 909 4368 εἶναι
933 4313 1044 4367 τῶν
1071 4315 1191 4385 εἰρη
1201 4313 1399 4384 μένων.
1436 4309 1546 4362 Καὶ
1575 4308 1874 4379 ἐπιστήσας
1907 4307 2020 4369 τοῖς

435 4408 748 4480 λεγομένοις
787 4409 880 4462 κα)⁵
905 4409 970 4478 τῇ
1000 4406 1232 4477 διαφορᾷ
1265 4404 1374 4458 τῶν
1404 4398 1890 4473 ἁμαρτανομένων,
1922 4399 2022 4452 ούκ

2098 1931 2219 1984 dem
2259 1937 2518 1991 mortem,
2565 1925 2660 1980 sed
2701 1939 2918 1994 semper
2969 1934 3109 1991 pane
3160 1919 3285 1971 vivo
3335 1915 3670 1970 nutriuntur.

2097 2022 2453 2091 Consequens
2480 2019 2646 2088 igitur
2672 2026 2811 2083 erat,
2860 2026 2919 2070 ut
2958 2013 3172 2075 Petrus,
3221 2011 3472 2064 adversus
3521 2021 3674 2090 quem

2099 2121 2266 2180 parite
2285 2112 2448 2182 inferi
2480 2126 2586 2165 non
2616 2109 3006 2179 prwvaluerunt
3037 2105 3104 2168 ⁸⁵,
3122 2119 3241 2158 eam
3276 2117 3382 2156 non
3411 2107 3673 2169 gustaret.

2102 2203 2254 2258 Tunc
2301 2201 2449 2256 enim
2499 2203 2622 2270 quis
2675 2211 2904 2254 mortem
2957 2205 3183 2268 gustat,
3235 2193 3452 2263 quando
3505 2201 3677 2260 portae

2102 2293 2263 2349 inferi
2295 2295 2559 2348 adversus
2586 2306 2710 2348 eum
2741 2288 3137 2360 praevalebunt.
3176 2287 3315 2352 Quin
3347 2285 3510 2340 etiam
3538 2285 3678 2338 ﬁlios

2105 2386 2331 2440 tonitrui
2357 2419 2373 2450 ,
2405 2384 2622 2455 genitos
2662 2399 2689 2436 a
2741 2383 2946 2437 tonitru
2975 2380 3248 2435 incarnati
3278 2378 3545 2442 vaticinii,
3577 2380 3681 2430 im-

2102 2477 2369 2546 possibile
2395 2488 2514 2532 erat
2538 2487 2759 2545 gustare
2781 2485 3034 2538 mortem,
3060 2487 3181 2541 quae
3207 2471 3496 2526 admodum
3524 2469 3683 2538 longe

2102 2569 2269 2624 distat
2304 2582 2334 2620 a
2368 2577 2544 2623 matre
2573 2581 2759 2621 eorum
2803 2565 3032 2620 tonitru.

2173 2661 2449 2716 Particula
2505 2661 2695 2725 donec,
2763 2657 2866 2712 hoc
2907 2656 3026 2711 loco
3087 2654 3328 2708 declarat
3390 2650 3687 2706 imminens

2108 2754 2186 2810 rei
2228 2752 2617 2808 demonstratae
2676 2760 2890 2822 tempus
2921 2789 2939 2817 ,
2981 2765 3089 2804 non
3135 2747 3415 2802 deﬁnitum
3467 2754 3527 2799 ut
3573 2746 3682 2811 sit,

2105 2854 2394 2917 postquam
2431 2844 2486 2898 id
2521 2842 2803 2907 evenerit,
2833 2841 2978 2912 quod
3023 2840 3462 2905 demonstratur;
3523 2846 3584 2891 ut
3625 2837 3680 2892 in

2107 2939 2198 2993 illo
2233 2953 2248 2990 :
2281 2936 2419 2990 Ecce
2452 2951 2546 3006 ego
2592 2935 2859 2989 vobiscum
2897 2948 3038 2997 sum,
3086 2931 3253 2984 donec
3291 2937 3686 2983 consummatur

2109 3028 2366 3084 swculum
2395 3027 2463 3078 ⁸⁵.
2498 3025 2614 3081 Non
2655 3032 3019 3095 gustaverunt
3040 3022 3205 3093 igitur
3233 3019 3465 3090 apostoli
3491 3018 3686 3088 praedi-

2108 3132 2249 3179 ctam
2271 3119 2605 3192 spiritualem
2624 3127 2875 3181 mortem,
2891 3122 3174 3186 postquam
3194 3109 3543 3181 contemplati
3558 3120 3687 3166 sunt

2111 3214 2376 3269 visionem
2405 3220 2682 3266 tantorum
2714 3209 2999 3263 bonorum.

2180 3302 2318 3371 Quia
2343 3316 2477 3356 vero
2516 3301 2570 3356 in
2605 3297 2838 3355 Psalmis
2863 3296 3067 3352 dictum
3113 3303 3197 3350 est
3221 3312 3235 3349 :
3260 3292 3390 3359 Quis
3423 3303 3497 3348 est
3534 3293 3688 3347 homo

2110 3396 2200 3467 qui
2248 3395 2404 3458 uiuet,
2458 3401 2507 3446 et
2562 3407 2667 3445 non
2704 3388 2900 3443 uidebit
2943 3399 3165 3440 mortem
3216 3385 3300 3440 3°?
3329 3385 3397 3441 Et
3435 3403 3448 3440 :
3505 3383 3687 3438 Veniat

2112 3490 2295 3560 utique
2331 3501 2474 3539 more
2513 3483 2583 3538 ad
2632 3499 2720 3537 eos
2744 3482 2812 3534 "’..
2844 3480 2908 3536 Et
2965 3480 3019 3533 in
3077 3479 3314 3548 quodam
3376 3478 3687 3548 propheta:

2113 3577 2398 3650 Deglutivit
2429 3591 2570 3630 more
2609 3571 2901 3644 pra’ualens
2926 3571 2993 3626 ⁸⁸.
3030 3571 3210 3640 Atque
3243 3571 3295 3624 in
3324 3569 3644 3642 Apocalypsi
3670 3606 3689 3634 ,

2114 3687 2258 3726 more
2303 3680 2353 3724 et
2396 3667 2636 3738 infernus
2691 3665 2931 3732 sequitur
2977 3663 3231 3733 quosdam
3261 3662 3348 3718 3’:
3382 3661 3566 3716 nescio
3621 3675 3690 3713 an

2114 3777 2224 3817 non
2251 3761 2431 3815 minus
2461 3757 2661 3812 malum
2711 3756 2784 3810 sit
2830 3754 3016 3810 videre
3055 3763 3324 3820 mortem,
3372 3753 3474 3808 hoc
3517 3751 3692 3821 majus

2114 3867 2236 3907 eam
2287 3857 2545 3917 gustare;
2580 3855 2635 3901 et
2678 3847 2780 3901 hoc
2811 3859 3001 3900 rursus
3042 3844 3218 3915 pejus,
3261 3844 3307 3898 si
3348 3859 3507 3912 quem
3545 3857 3691 3895 mors

2116 3945 2232 4011 ipsa
2263 3953 2525 4011 sequatur
2552 3956 2567 3992 :
2600 3949 2654 3994 et
2683 3953 2790 3992 non
2812 3947 3072 4006 sequatur
3100 3937 3282 4003 modo,
3311 3951 3498 3990 verum
3527 3935 3690 3990 etiam

2117 4037 2184 4091 ad
2215 4036 2391 4106 ipsum
2416 4033 2620 4095 veniat,
2648 4040 2704 4085 et
2725 4029 3156 4100 comprehendat
3179 4044 3324 4094 eum,
3359 4043 3518 4096 quem
3543 4027 3695 4095 prius

2119 4127 2470 4197 sequebatur.
2520 4121 2784 4192 Deglutiri
2829 4134 2958 4175 vero
2991 4134 3020 4174 a
3055 4129 3264 4185 morte,
3304 4119 3520 4173 videtur
3560 4118 3691 4172 mihi

2119 4215 2500 4286 gravissimum
2529 4212 2798 4276 omnium,
2830 4225 2950 4280 qua:
2973 4210 3115 4264 dicta
3138 4217 3287 4262 sunt.
3341 4206 3510 4263 Porro
3533 4207 3695 4262 dictis

2121 4307 2405 4371 insistens,
2431 4313 2488 4359 et
2510 4301 2834 4358 diﬁ‘erentiae
2871 4309 3242 4370 peccatorum,
3280 4299 3424 4354 haud
3467 4313 3691 4353 recusa-

2119 4400 2321 4466 bis,,ut
2355 4396 2618 4458 arbitror,
2644 4393 2957 4457 admittere,
2985 4391 3112 4446 talia
3140 4391 3388 4460 quaedam
3422 4390 3475 4445 in
3511 4391 3696 4445 animo

435 4499 708 4571 ὀκνήσεις,
727 4494 902 4572 οἶμαι,
924 4496 1330 4570 παραδέξασθαι
1349 4492 1577 4548 τοιαῦτὰ
1596 4507 1716 4545 τινα
1738 4489 2000 4560 νενοῆσθα

2127 4490 2395 4547 habuisse.
2417 4487 2721 4558 Spiritum,
2776 4487 2870 4556 qui
2911 4484 3043 4540 fecit
3065 4493 3144 4554 ιιιι
3174 4483 3300 4538 talia
3328 4483 3698 4539 scriberentur

435 4591 517 4663 τῷ
552 4593 909 4664 ἐνεργήσαντι
931 4590 1106 4644 ταῦτα
1139 4589 1417 4661 γραφῆναι
1448 4591 1505 4642 ἐν
1536 4590 1652 4650 τοῖς
1690 4584 1892 4654 λογίοις
1922 4582 2016 4635 τοῦ

437 4680 574 4735 Θεοῦ
612 4681 914 4752 Πνεύματι.

507 4775 573 4828 Τί
600 4774 658 4830 δὲ
687 4772 938 4845 δηλοῦται
968 4773 1026 4824 ἐν
1054 4770 1131 4841 τῷ
1161 4771 1290 4824 ἰδεῖν
1319 4770 1410 4825 τὸν
1445 4769 1572 4823 Υἱὸν
1597 4765 1692 4819 τοῦ
1727 4764 2016 4837 ἀνθρώπου

439 4867 732 4940 ἐρχόμενον
761 4867 819 4919 ἐν
843 4868 909 4935 τῇ
951 4864 1194 4936 βασιλείᾳ
1221 4863 1408 4927 αὐτοῦ,
1438 4863 1532 4916 καὶ
1576 4864 1633 4914 ἐν
1665 4863 1732 4932 τῇ
1768 4859 1897 4931 δόξῃ
1922 4857 2020 4910 αύ-

437 4958 566 5024 τοῦ;
599 4959 693 5013 καὶ
714 4959 768 5011 τί
794 4957 1046 5028 σημαίνει
1076 4955 1158 5018 τὸ,
1197 4953 1599 5023 Ἐληλυθυῐαν
1632 4954 1703 5006 ἐν
1744 4948 2015 5019 δυνάμει,

439 5048 592 5122 παρά
608 5047 838 5119 Μάρκου
856 5045 1019 5118 ῥηθέν
1040 5061 1055 5112 ;
1088 5045 1170 5098 Τά
1195 5044 1304 5097 εἴτε
1327 5041 1722 5116 ἐκλαμπόμενα
1740 5041 1858 5101 ταῖς
1877 5054 2016 5108 καρ-

2128 4584 2180 4638 in
2214 4581 2453 4638 oraculis
2484 4579 2702 4636 divinis.

2196 4759 2334 4826 Quid
2384 4769 2563 4814 autem
2594 4756 2864 4828 signiﬁcat
2895 4756 3080 4812 videre
3118 4753 3314 4809 Filium
3339 4751 3574 4806 hominis
3607 4767 3704 4806 ve-

2125 4853 2363 4908 nientem
2419 4852 2474 4906 in
2531 4866 2699 4920 regno
2737 4865 2858 4915 suo,
2884 4858 2940 4904 et
2990 4848 3044 4902 in
3089 4847 3257 4917 gloria
3290 4861 3388 4898 sua
3427 4845 3450 4898 ’Ξ
3483 4853 3541 4899 et
3572 4846 3708 4913 quid

2125 4944 2232 5000 sibi
2254 4944 2366 4999 vult
2409 4943 2560 5005 illud.
2595 4943 2809 4998 Venisse
2839 4943 2893 4995 in
2921 4941 3114 4996 uirtute
3143 4939 3189 4971 '°
3225 4957 3240 4994 :
3272 4941 3415 5010 quod
3455 4954 3485 4993 a
3520 4937 3712 4993 Marco

2129 5037 2332 5092 dictum
2363 5046 2448 5092 est
2483 5037 2506 5090 ?
2544 5035 2759 5091 Clarius
2820 5048 3154 5105 exponemus
3205 5046 3542 5102 quaecunque
3589 5031 3705 5085 sive

438 5143 581 5205 δίαις
594 5144 628 5212 ἡ
638 5141 775 5212 μῶν,
796 5139 905 5192 εἴτε
919 5135 1176 5210 ζητοῦσιν
1191 5137 1576 5208 εὑρισκόμενα,
1595 5133 1706 5187 εἴτε
1729 5131 2005 5184 ύποσιόντο

2125 5129 2384 5200 aﬂ‘ulgent
2413 5128 2668 5184 cordibus
2709 5126 2946 5194 nostris,
2976 5127 3093 5181 sive
3124 5125 3493 5196 quaerentibus
3547 5125 3707 5179 nobis

442 5233 554 5304 (9i)
610 5233 750 5312 rei);
812 5231 1106 5301 λογισμοὺς
1172 5221 1340 5299 ξήμῶν
1366 5267 1382 5290 ,
1465 5225 1795 5296 σαφέστερον
1860 5221 2005 5293 ἐκθηι

2129 5231 2344 5289 reperta
2381 5229 2530 5285 sunt,
2557 5221 2674 5274 sive
2695 5217 3308 5287 subeuntcogitationes
3341 5226 3575 5270 nostras.
3599 5214 3708 5268 ιω-

442 5322 669 5393 σόμεθα.
707 5307 768 5377 ’ὁ
793 5320 1014 5393 θεωρῶν
1035 5320 1132 5375 καὶ
1159 5319 1594 5390 καταλαμϐάνων
1615 5319 1712 5389 τὴν
1740 5315 1835 5370 τοῦ
1865 5314 2005 5383 λόγοι

2130 5327 2237 5381 que
2264 5311 2512 5382 quisquis
2558 5312 2958 5381 contemplatur
2992 5320 3047 5365 et
3093 5309 3404 5379 assequitur
3438 5307 3709 5363 excellen-

441 5415 718 5486 ὑπεροχὴν
749 5412 968 5477 λύοντος
1013 5412 1108 5467 καὶ
1138 5411 1504 5482 διελέγχοντος
1546 5409 1723 5472 πάσας
1777 5405 1875 5471 τὰς
1922 5405 2005 5459 ύπὲ

2134 5407 2264 5460 tiam
2299 5405 2450 5460 verbi
2492 5406 2749 5460 solventis
2797 5421 2862 5460 ac
2919 5403 3208 5459 refutantis
3251 5401 3496 5472 speciosa
3541 5415 3706 5470 argu-

514 5572 562 5604 ⁸³
590 5569 749 5627 Juan.
801 5589 876 5639 νι,
938 5571 1030 5628 5i.
1104 5572 1150 5604 ⁸⁸
1181 5570 1373 5626 Matth.
1413 5585 1528 5630 xvi.
1556 5569 1642 5624 l8.
1717 5568 1764 5600 ⁸⁸
1792 5569 1981 5623 Matth.

2105 5582 2213 5636 rm,
2251 5566 2342 5621 ΞΟ.
2417 5566 2464 5598 ⁸⁸
2509 5564 2653 5620 Psal.
2693 5579 2956 5630 LXXXVIII,
2993 5562 3084 5616 49.
3157 5560 3201 5591 ⁸⁷
3245 5557 3384 5614 Psal.
3439 5572 3551 5625 ων,
3620 5557 3709 5619 ιο,

443 5641 492 5674 ⁸⁸
516 5641 622 5696 lsa.
653 5659 785 5708 xxv,
823 5643 878 5698 8.
953 5643 999 5675 ⁸⁸
1037 5643 1206 5712 Apoc.
1248 5657 1323 5705 vi,
1351 5641 1403 5696 8.
1497 5641 1542 5672 9°
1573 5640 1738 5695 Marc.
1764 5655 1844 5704 Ix,
1875 5641 1925 5693 1.

511 5735 626 5805 (90)
665 5735 829 5793 Forte
862 5735 1122 5808 βροντῶν,
1160 5738 1472 5802 tonitruum,
1528 5751 1594 5792 ex
1627 5734 1791 5795 Marc.
1829 5752 1912 5805 ιιι,
1948 5737 2012 5792 l7

448 5735 829 5862 “($253.10
862 5735 1122 5808 βροντῶν,
1160 5738 1472 5802 tonitruum,
1528 5751 1594 5792 ex
1627 5734 1791 5795 Marc.
1829 5752 1912 5805 ιιι,
1948 5737 2005 5792 Π

2193 5733 2326 5809 (90⁹)
2365 5730 2808 5802 Προηρημένου.
2857 5729 2998 5802 Lege
3061 5725 3480 5802 προειρημένου.
3535 5723 3702 5781 Eutr.

2202 5806 2314 5862 l9ll
2357 5805 2493 5862 Lcue
2521 5804 2854 5857 ύπεισιόντα.

2202 5806 2314 5876 (91)
2357 5805 2493 5874 Lege
2521 5804 2854 5857 ύπεισιόντα.
