4172 6390
519 291 624 346 343

1376 297 1934 356 δυΡΡιΕΜΕΝΤυΜ
1970 298 2062 353 AD
2101 299 2428 356 ORIGENIS
2458 301 2869 356 EXEGETICA.

3666 299 3771 354 5M

519 423 701 468 menta
733 415 935 476 omnia.
987 431 1108 487 qua:
1139 419 1275 474 ﬁunt
1320 435 1352 475 a
1390 419 1671 479 fallacibus
1720 425 1960 494 quidem,
1993 442 2063 484 sei

2189 423 2296 478 τῶν
2321 423 2537 495 ψευδῶν
2562 426 2684 495 μὲν,
2716 423 3199 494 ἐπαγγελλομένων
3226 426 3283 476 δέ
3325 421 3581 493 ἀλήθειαν
3609 419 3768 476 πιθα-

515 506 608 574 (ιυί
635 515 812 562 tamen
841 506 1124 564 veritatem
1150 511 1472 578 proﬁtentur
1496 532 1510 581 ;
1543 515 1588 569 is
1608 516 1739 570 vidit
1772 517 1965 572 Filium
1992 519 2089 574 hn-

516 597 681 651 minis
731 599 1034 656 venientem
1068 602 1120 655 in
1180 617 1346 675 regno
1381 621 1482 660 suo
1513 623 1527 658 :
1555 618 1612 660 at
1647 609 1692 664 si
1729 611 1945 678 propria
1975 613 2088 664 evi-

514 687 732 744 dentius
787 691 1198 748 conﬁrmantem
1259 707 1488 763 cernat;
1527 700 1706 754 videat
1756 713 1951 771 prmter
2003 721 2088 760 rc-

511 795 676 845 guum
702 821 717 842 ,
749 781 914 836 etiam
953 783 1178 854 gloriam
1216 787 1382 843 illius.
1410 789 1548 856 Quin
1586 795 1747 847 etiam
1780 795 1862 847 vir
1899 795 2088 864 liuius-

513 870 653 923 modi
687 872 865 926 videat
923 875 976 929 in
1023 878 1226 946 seipso,
1272 880 1363 934 Dei
1415 896 1640 952 regnum
1694 887 1910 942 venisse
1961 902 2084 942 cum

511 961 714 1017 Virtute
746 979 759 1014 :
791 964 951 1035 idque
975 968 1154 1023 videat
1190 979 1442 1042 tanquam
1475 977 1544 1040 is,
1578 976 1628 1029 in
1647 993 1804 1048 quem
1831 995 1936 1033 non
1969 996 2083 1034 am-

510 1053 651 1118 plius
675 1063 955 1123 peccatum
999 1069 1207 1130 regnet,
1247 1066 1391 1130 quod
1423 1078 1613 1135 regnat
1641 1068 1692 1122 in
1726 1070 1936 1123 mortali
1963 1086 2084 1126 cor-

509 1161 639 1214 pore
664 1155 1036 1218 peccantium;
1069 1156 1163 1211 sed
1197 1172 1411 1229 semper
1433 1162 1710 1232 subjectus
1729 1166 1838 1236 regi
1866 1167 2083 1221 univer-

509 1251 692 1292 sorum
747 1240 859 1296 Deo
897 1262 910 1296 :
945 1244 1101 1314 cujus
1133 1260 1357 1316 regnum
1406 1251 1609 1306 virtute
1655 1253 1796 1308 intra
1839 1270 1938 1310 nos
1973 1265 2078 1318 est.

506 1329 819 1393 operatione
852 1347 1001 1397 vero,
1035 1343 1091 1387 ut
1145 1339 1447 1394 nominavit
1482 1339 1718 1410 Marcus,
1762 1345 1902 1400 intra
1957 1362 2080 1418 per-

509 1415 677 1471 fectos
699 1419 981 1479 duntaxat.

511 1506 570 1564 V.
605 1508 693 1565 28.
738 1508 867 1586 Fuit
888 1526 1002 1577 post
1027 1517 1120 1571 Icos
1161 1535 1446 1586 sermones,
1472 1533 1529 1576 ut
1556 1525 1666 1580 dies
1709 1537 1824 1581 octo
1859 1547 1877 1583 :
1920 1541 1966 1582 et
1992 1548 2076 1583 as-

575 1595 784 1658 sumens
828 1579 1040 1637 Petrum
1073 1598 1121 1639 et
1161 1579 1498 1648 Juannemvet
1529 1579 1816 1664 Iacobum,
1840 1579 2076 1654 asc—endit

573 1665 626 1700 tu
658 1660 883 1704 titantem
915 1670 1085 1709 orare.

2189 511 2436 583 νότητας,
2491 512 2675 582 βλέπει
2710 513 2799 567 τὸν
2830 513 2957 569 Υίὸν
2986 512 3080 565 τοῦ
3139 511 3428 584 ἀνθρώπου
3475 513 3766 584 ἐρχόμενον

2188 605 2246 656 ἐν
2272 607 2336 675 τῇ
2389 604 2493 677 ἰδία
2548 604 2810 677 βασιλείᾳ.
2862 607 2925 659 Εἰ
2964 606 3021 659 δὲ
3068 607 3258 661 καὶτὰ
3299 605 3403 658 ῐδια
3427 605 3766 677 τρανώτερον

2189 696 2614 765 παραστήσαντα
2656 695 2861 764 βλέπει,
2921 694 3106 765 βλέποι
3162 695 3227 748 ἂν
3276 694 3439 749 αὐτοῦ
3486 694 3620 765 πρὸς
3668 695 3764 766 τὴν

2189 784 2466 854 βασιλείαν
2491 788 2584 840 καὶ
2598 787 2696 858 τὴν
2724 787 2898 852 δόξαν.
2935 788 3043 841 Καὶ
3074 789 3102 840 6
3130 787 3370 850 τοιοῦτός
3417 803 3480 855 γε
3509 788 3566 841 ἐν
3589 787 3763 858 ἐαυτῷ

2188 875 2371 945 βλέποι
2423 876 2488 930 ἂν
2515 877 2614 948 τὴν
2645 876 2740 930 τοῦ
2779 877 2915 931 Θεοῦ
2948 877 3224 947 βασιλείαν
3248 877 3566 948 ἐληλυθυῖαν
3594 880 3651 931 ἐν
3672 879 3762 931 δυ-

2184 966 2366 1038 νάμειο
2393 969 2486 1020 καὶ
2521 968 2679 1022 τοῦτο
2736 967 2923 1038 βλέποι
2971 967 3059 1033 ἂν,
3120 967 3195 1031 ὡς
3239 967 3490 1038 οὐδαμῶς
3531 967 3611 1021 ἔτι
3655 969 3760 1021 ὑπὸ

2184 1057 2456 1130 ἁμαρτίας
2490 1059 2920 1130 βασιλευόμενος,
2957 1059 3055 1130 τῆς
3087 1057 3472 1130 βασιλευούσης
3501 1060 3558 1112 ἐν
3582 1059 3759 1130 θνητῷ

2184 1148 2396 1219 σώματι
2427 1149 2534 1202 τῶν
2568 1149 3006 1221 ἁμαρτανόντων,
3043 1148 3156 1202 ἀλλ’
3195 1149 3278 1202 ἀεὶ
3300 1149 3626 1220 τεταγμένος
3653 1150 3758 1202 ὑπὸ

2182 1241 2394 1310 βασιλεῖ
2416 1241 2494 1312 τῷ
2526 1241 2634 1294 τῶν
2655 1241 2791 1296 ὅλων
2821 1241 2958 1311 Θεῷ·
2987 1234 3049 1295 οῦ
3075 1243 3108 1312 ἡ
3133 1241 3376 1311 βασιλεία
3403 1241 3626 1313 δυνάμει
3660 1242 3756 1314 μὲν

2181 1333 2329 1396 ἐντὸς
2357 1334 2513 1404 ἡμῶν
2543 1335 2712 1398 ἐστιν,
2752 1333 3000 1403 ἐνεργείᾳ
3040 1333 3115 1399 δὲ,
3144 1333 3220 1396 ὡς
3243 1333 3525 1404 ὠνόμασεν
3551 1335 3579 1388 6
3603 1336 3756 1407 Μάρ-

2179 1443 2295 1489 κος,
2327 1426 2476 1490 ἐντὸς
2501 1427 2608 1479 τῶν
2631 1425 2849 1478 τελείων
2882 1425 3060 1496 μόνον.

2180 1517 2326 1603 Στίχ.
2370 1525 2472 1603 an".
2514 1517 2776 1603 Ἐγένετο
2802 1514 2870 1568 δὲ
2891 1516 3041 1603 μετὰ
3073 1515 3213 1603 fcile
3234 1517 3460 1603 Li‘drogg:
3483 1519 3751 1603 τούτους3

2247 1585 2327 1653 ὡζι
2357 1585 2585 1657 ἡμέραιν
2607 1585 2776 1640 ὀκτώ”
2830 1587 2930 1657 καὶ
2984 1586 3345 1657 παραλαϐὼν
3374 1587 3600 1656 Πέτρον
3655 1591 3751 1643 καὶ

2261 1654 2546 1723 Ἰωάννην
2596 1658 2695 1711 καὶ
2761 1654 3074 1721 Ἰάκωϐον,
3107 1655 3286 1724 ἀνέϐη
3342 1660 3429 1722 είς
3480 1654 3544 1712 τὸ
3619 1658 3756 1727 ὄρος

2249 1726 2716 1795 προσεύξασθαι.

507 1801 567 1854 ν.
604 1803 715 1894 292.
742 1805 806 1860 Ει
829 1807 952 1894 fait,
988 1812 1114 1894 dum
1153 1814 1264 1880 ipse
1303 1827 1507 1894 οταν-ει,
1542 1824 1737 1885 species
1767 1824 1921 1891 faciei
1957 1826 2063 1894 eiut

2177 1820 2325 1894 Στίχ.
2477 1819 2585 1873 Καὶ
2600 1818 2856 1894 ἐγένετο,
2968 1817 3048 1884 τῷ
3070 1817 3520 1894 προσεύξασθαι
3544 1820 3750 1894 αὐτὸν,

643 1876 750 1930 alia
770 1917 786 1943 ,
813 1889 862 1933 et
895 1876 1252 1939 vestimentum
1282 1904 1397 1956 ejus
1432 1876 1632 1956 album,
1660 1876 1929 1963 effu'lgens.

500 2026 562 2080 ιτ.
599 2029 688 2084 30.
725 2029 793 2085 Et
844 2050 962 2089 ecce
1012 2037 1251 2123 viriguo
1303 2041 1647 2123 loqueb_m_t_tur
1704 2066 1822 2104 cum
1854 2068 1933 2116 eo,
1985 2055 2072 2123 qui

925 2119 1072 2160 erant
1125 2107 1335 2179 Moyses
1367 2107 1434 2166 'et
1474 2117 1644 2171 Elias.

498 2185 562 2240 V.
595 2188 685 2244 5|.
729 2191 835 2279 qui
857 2193 958 2247 visi
984 2197 1038 2248 in
1063 2198 1520 2279 gloriandicelgant
1543 2205 1735 2259 exitum
1767 2208 2069 2279 ejus,quem

756 2264 964 2329 futurus
1005 2264 1118 2320 erat
1150 2267 1363 2337 implere
1403 2273 1458 2326 in
1485 2264 1802 2334 Jerusalem:

568 2349 633 2404 Et
663 2352 761 2407 hoc
790 2355 1007 2424 quidem
1044 2355 1245 2412 factum
1273 2371 1328 2414 et
1359 2362 1676 2419 miraculum
1716 2369 2065 2426 transforma-

490 2441 659 2498 tionis
683 2443 804 2503 fuit.
824 2445 893 2500 At
915 2449 961 2502 si
992 2447 1119 2503 licet
1141 2450 1513 2509 sublimiorem
1531 2460 1838 2514 seruionem
1860 2463 2065 2530 dicere,

495 2533 634 2586 haud
658 2537 926 2592 incassum
942 2549 1060 2607 post
1081 2557 1172 2595 sea:
1192 2542 1302 2597 dies
1328 2543 1542 2602 Marcos
1559 2558 1612 2603 et
1631 2549 1914 2608 Mattheus
1935 2555 2067 2610 dicit

493 2628 794 2682 escendisse
816 2627 999 2684 Iesum
1026 2634 1081 2685 in
1120 2646 1346 2688 montem
1379 2653 1497 2691 cum
1537 2641 1811 2710 discipulis
1838 2646 1903 2698 ⁹¹.
1931 2648 2062 2702 Cum

490 2715 743 2772 enimscx
771 2718 994 2786 diebus,
1030 2724 1272 2791 perfecto
1295 2727 1517 2799 inquam
1547 2748 1805 2800 numero,
1836 2741 2065 2795 mundus

490 2808 777 2863 universus
798 2809 1022 2870 eliectus
1046 2816 1151 2882 sit;
1182 2818 1273 2886 qui
1315 2834 1402 2873 res
1433 2835 1624 2878 omnes
1649 2826 1947 2882 mundiales
1972 2843 2063 2883 su-

490 2901 851 2967 pergreditur,
879 2913 935 2956 et
953 2906 1180 2974 respicit
1199 2916 1406 2964 tantum
1421 2912 1634 2967 stabilia
1657 2925 1819 2985 atque
1837 2927 2060 2986 aeterna,

491 2989 536 3041 is
551 2989 667 3058 ipse
691 3001 808 3053 post
825 2995 1073 3061 sesdies,
1094 3011 1124 3050 a
1139 2996 1592 3072 Jesuassumptus
1614 3009 1936 3063 ostenditur.
1959 3009 2060 3077 Qui

2245 1886 2310 1944 τὸ
2352 1886 2512 1955 εἶδος
2566 1889 2670 1942 τοῦ
2721 1891 3042 1956 προσώπου
3091 1889 3277 1942 αὑτοῦ
3303 1889 3527 1956 ἕτερον,
3571 1890 3665 1942 καὶ
3719 1893 3752 1943 ό

2244 1960 2559 2030 ἱματισμὸς
2590 1959 2776 2013 αὑτοῦ
2805 1958 3022 2024 λευκὸς
3049 1959 3493 2026 ἐξαστράπτων.

2173 2054 2319 2123 Στίχ.
2350 2053 2414 2106 λ’.
2451 2052 2563 2132 _Kal
2602 2051 2730 2132 ἰδοὺ
2769 2050 2983 2132 ἄνδρες
3005 2051 3128 2132 ,δύο
3152 2050 3536 2132 συζενξᾴλουν
3566 2050 3748 2118 αὐτῷ,

2418 2125 2632 2189 οἵτινες
2658 2119 2822 2192 ἦσαν
2845 2121 3067 2190 Μωσῆς
3099 2123 3195 2174 καὶ
3242 2120 3452 2186 Ἠλίας.

2169 2219 2326 2298 Στίχ..
2345 2217 2444 2297 λα’,ε
2479 2215 2546 2298 ρῖ
2565 2213 2850 2298 ὀφθέντες
2967 2212 3118 2294 δόξῃ
3147 2212 3362 2298 glarea-
3385 2211 3501 2280 τὴν
3528 2212 3751 2298 ἔξοδον

2260 2283 2466 2352 ἀὺτοῦ,
2489 2284 2571 2353 ἣν
2601 2283 2820 2354 ἔμελλε
2848 2283 3124 2352 πληροῦν
3149 2283 3221 2336 ἐν
3244 2283 3654 2352 Ἰερουσαλήμ.

2253 2380 2415 2434 Ἀλλὰ
2445 2378 2682 2433 τοιοῦτον
2725 2378 2824 2448 μὲν
2851 2378 2912 2430 τὸ
2944 2377 3172 2446 πρᾶγμα
3203 2375 3297 2428 καὶ
3319 2373 3523 2446 θαῦμα,
3557 2375 3620 2429 τὸ
3645 2376 3745 2446 τῆς

2172 2471 2666 2544 μεταμορφώσεως.
2708 2471 2772 2522 Εἰ
2792 2469 2850 2522 δὲ
2881 2468 2985 2540 χρὴ
3021 2467 3469 2539 ἐπαναϐεϐηκότα
3488 2469 3644 2537 λόγον
3671 2469 3748 2520 εί-

2167 2566 2308 2626 πεῖν,
2326 2563 2386 2616 οὑ
2412 2563 2588 2634 μάτην
2610 2561 2736 2631 μεθ’
2757 2560 2826 2624 ἐξ
2851 2558 3072 2629 ἡμέρας
3096 2561 3124 2611 6
3153 2559 3376 2628 Μάρκος
3415 2559 3510 2611 καὶ
3542 2561 3571 2612 6
3596 2561 3747 2612 Ματ-

2167 2653 2319 2718 θαῖός
2365 2669 2529 2724 φησιν
2590 2650 2868 2706 ἀνελθεῖν
2925 2650 3033 2704 τὸν
3081 2648 3324 2716 Ἰησοῦν
3369 2652 3457 2715 εὶς
3496 2649 3564 2703 τὸ
3608 2649 3746 2719 ὄρος

2163 2746 2286 2799 σὺν
2315 2744 2439 2811 τοῖς
2465 2743 2773 2813 μαθηταῖς.
2821 2741 2959 2794 Ἀλλ’
2982 2741 3103 2793 ἐπεὶ⁵
3131 2741 3187 2793 ἐν
3220 2739 3277 2806 ἓξ
3299 2740 3536 2810 ἡμέραις
3557 2739 3746 2808 τελείῳ

2163 2835 2382 2910 ἀριθμῷ
2409 2838 2438 2890 6
2469 2836 2690 2906 σύμπας
2718 2835 2919 2904 κόσμος
2950 2832 3267 2930 γεγένηται-⁸
3299 2832 3328 2884 ὁ
3359 2829 3623 2930 πάντατὰ
3641 2828 3741 2930 τοῦ

2163 2928 2366 2998 κόσμου
2421 2925 2769 2997 ὑπερϐαίνων
2807 2924 3126 2994 πράγματα,
3179 2920 3389 2990 βλέπων
3434 2919 3490 2973 δὲ
3536 2919 3745 2972 ἐστ-ὦτα

2165 3019 2326 3089 μόνον
2360 3019 2454 3072 καὶ
2483 3017 2696 3080 αἰώνια,
2717 3011 2870 3078 οὗτος
2899 3013 3017 3085 μεθ’
3041 3013 3099 3080 ἓξ
3137 3012 3348 3084 ἡμέρας
3377 3010 3742 3083 παρειλῆφθαι

486 3082 633 3136 etiim
667 3083 766 3141 hos
809 3087 926 3143 dies
955 3093 1384 3162 supergreditur,
1407 3099 1538 3152 vidit
1559 3099 1743 3158 Jesum
1769 3104 1912 3160 hunc
1929 3107 2058 3163 nulli

2164 3082 2412 3180 δηλοῦται
2449 3109 2544 3162 τοῦ
2581 3106 2777 3178 Ἰησοῦ.
2817 3107 2873 3160 '0
2899 3082 3008 3176 γὰρ
3033 3082 3258 3168 ταύτας
3279 3082 3522 3174 ὑπερϐάς
3557 3102 3742 3172 βλέπει

490 3173 802 3232 inferiorum
843 3183 1286 3240 transiormatum
1303 3188 1439 3258 jam,
1465 3193 1911 3252 transformatum
1937 3209 2061 3256 ante

2164 3173 2252 3255 τόν
2296 3201 2500 3272 Ἰησοῦν
2523 3173 2660 3252 τόνδζ
2697 3198 2868 3252 οὐδενὶ
2893 3173 3001 3252 τῶν
3028 3196 3178 3250 κάτω
3206 3173 3739 3268 μεταμορφούμενον,

487 3282 564 3321 se.
592 3267 847 3325 Cernitur
864 3273 1007 3327 enim
1027 3273 1259 3332 Verbum
1289 3295 1318 3335 a
1339 3283 1576 3351 quolibet
1598 3286 1840 3344 diversas
1865 3290 2061 3346 habere

486 3361 690 3416 formas
719 3378 816 3432 pro
853 3374 1011 3436 captu
1047 3368 1211 3434 illius,
1239 3381 1295 3426 et
1321 3389 1420 3444 pro
1447 3375 1568 3432 aliis
1595 3378 1810 3446 quidem
1835 3397 1938 3435 non
1965 3384 2060 3438 lia-

488 3463 580 3507 oet
606 3455 866 3523 speciem,
894 3474 994 3526 pro
1018 3461 1139 3515 aliis
1169 3465 1449 3532 speciosus
1486 3480 1569 3524 est
1604 3471 1800 3528 forma.
1824 3475 1892 3528 At
1917 3478 2058 3544 apud

486 3559 581 3599 eos
609 3546 700 3616 qui
724 3562 829 3602 non
869 3555 1170 3608 ascendunt
1202 3571 1299 3625 per
1317 3557 1633 3617 sublimiora
1662 3578 1848 3632 opera,
1879 3578 1934 3622 et
1962 3584 2059 3640 per

486 3651 549 3689 ea
577 3637 644 3690 ad
672 3640 945 3696 excelsum
980 3645 1257 3714 sapientiae
1293 3659 1554 3714 montem,
1579 3653 1894 3726 simpliciori
1922 3637 2057 3728 quo-

484 3726 608 3781 dam
641 3730 800 3785 modo
835 3732 1172 3805 intelligitur,
1205 3745 1260 3792 ct
1290 3740 1588 3796 secundum
1611 3758 1829 3798 carnem
1858 3726 2058 3818 cogno-

483 3818 678 3873 scitur.
717 3819 823 3874 Sed
853 3823 993 3892 a'pud
1033 3824 1304 3894 perfectos
1338 3829 1391 3882 in
1428 3830 1730 3888 divinitatis
1762 3851 1922 3890 sensu
1959 3840 2056 3893 ha-

482 3907 658 3974 betur,
698 3921 756 3966 et
798 3913 849 3966 in
886 3915 1060 3971 forma
1112 3917 1206 3972 Dei
1255 3919 1408 3989 juxta
1449 3936 1636 3980 eorum
1687 3927 2054 3996 cognitionem

480 4002 897 4071 contemplatur,
933 4005 1206 4078 fulgetque
1232 4009 1402 4068 facies
1423 4013 1569 4068 illius
1597 4024 1853 4086 tanquam
1884 4021 1963 4074 sol
1995 4019 2058 4073 ﬁ-

484 4090 575 4146 liis
614 4092 749 4149 lucis
787 4105 844 4150 et
874 4098 1002 4166 diei,
1028 4100 1256 4170 justitiae
1301 4105 1467 4161 solem
1493 4122 1615 4164 esse
1645 4104 1935 4167 manifesto
1961 4128 2055 4182 ιιι)-

482 4198 699 4251 parens.
733 4185 840 4241 Sed
885 4197 941 4242 et
983 4191 1303 4248 vestimenta
1332 4195 1472 4263 ejus,
1510 4199 1576 4254 iis
1609 4201 1701 4269 qui
1744 4203 1893 4257 ducti
1927 4213 2055 4257 sunt

479 4276 546 4327 ab
571 4289 636 4330 eo
665 4275 718 4329 in
765 4287 1000 4332 montem
1042 4281 1336 4351 excelsum,
1370 4287 1623 4343 videntur
1656 4291 1776 4345 alba
1819 4300 1879 4346 ut
1925 4291 2048 4357 lux;

479 4379 598 4432 quae
629 4374 758 4419 sunt
791 4368 950 4423 verba
976 4407 992 4433 ,
1033 4383 1088 4424 et
1125 4372 1267 4427 dicta
1301 4377 1609 4446 evangelica
1643 4382 1840 4450 quibus
1862 4383 2052 4438 indue-

2163 3293 2658 3366 μεταμορφωθέντα
2682 3291 2989 3362 ἔμπροσθεν
3035 3289 3220 3344 αὑτοῦ.
3259 3289 3508 3342 Φαίνεται
3556 3289 3665 3362 γὰρ
3713 3291 3743 3342 6

2160 3387 2332 3456 Λόγος
2361 3385 2648 3454 διαφόρους
2671 3384 2811 3454 ἔχων
2837 3381 3069 3453 μορφὰς,
3090 3381 3304 3451 ἐκάστῳ
3334 3380 3409 3443 ὡς
3429 3383 3612 3450 χωρεῖ·
3648 3380 3742 3432 καὶ

2159 3481 2270 3543 τοῖς
2305 3479 2402 3549 μὲν
2422 3479 2522 3531 οὐκ
2569 3476 2682 3547 ἔχει
2709 3472 2870 3539 εἶδος,
2916 3478 3028 3540 τοῖς
3071 3476 3127 3528 δέ
3169 3473 3366 3544 ὡραῖός
3389 3473 3504 3525 ἐστι
3533 3472 3737 3524 κάλλει.

2158 3571 2282 3633 Τοῖς
2317 3569 2418 3640 μὲν
2454 3568 2528 3640 μὴ
2570 3567 2915 3622 ἀναϐαίνουσι
2964 3567 3052 3620 διὰ
3092 3565 3201 3619 τῶν
3253 3564 3740 3634 ἐπαναϐεϐηκότων

2157 3661 2354 3732 ἔργων,
2381 3660 2476 3714 καὶ
2507 3660 2572 3714 δι’
2591 3658 2770 3713 αὐτῶν
2805 3660 2898 3712 ἐπὶ
2937 3657 2998 3711 τὸ
3026 3657 3228 3728 ὑψηλὸν
3251 3657 3353 3725 τῆς
3387 3657 3576 3726 σοφίας
3593 3655 3737 3728 ὅρος,

2158 3754 2524 3825 ἁπλούστερον
2580 3756 2802 3819 νοεῖται,
2839 3752 2935 3806 καὶ
2980 3751 3122 3804 κατὰ
3169 3750 3348 3822 σάρκα
3388 3749 3736 3818 γινώσκεται.

2157 3845 2282 3906 Τοῖς
2309 3843 2533 3907 τελείοις
2565 3842 2916 3910 θεολογεῖται,
2951 3842 3045 3895 καὶ
3066 3842 3126 3894 ἐν
3149 3842 3215 3911 τῇ
3249 3838 3343 3892 τοῦ
3391 3839 3526 3892 Θεοῦ
3554 3842 3734 3910 μορφῇ

2157 3933 2297 3988 κατὰ
2327 3933 2426 4004 τὴν
2451 3935 2652 4004 γνῶσιν
2683 3932 2862 3989 αὐτῶν
2897 3932 3200 4003 θεωρεῖται,
3237 3930 3444 4001 λάμπει
3475 3930 3530 3983 δὲ
3557 3931 3650 3984 καὶ
3677 3929 3739 3984 τδ

2157 4028 2445 4099 πρόσωπον
2489 4027 2655 4080 αὐτοῦ
2691 4026 2767 4090 ὡς
2793 4029 2823 4080 6
2851 4026 3001 4096 ἥλιος
3029 4027 3142 4089 τοῖς
3180 4023 3390 4088 τέκνοις
3419 4023 3595 4092 φωτὸς
3642 4023 3736 4076 καὶ

2154 4120 2388 4192 ἡμέρας,
2417 4118 2761 4190 δικαιοσύνης
2791 4118 2944 4188 ἥλιος
2971 4113 3542 4187 εἷναιφανερούμενος.
3578 4113 3736 4168 Ἀλλὰ

2153 4211 2248 4265 κα)⁵
2267 4211 2336 4264 τὰ
2365 4211 2556 4282 ίμάτια
2587 4208 2750 4263 αὐτοῦ
2783 4211 2894 4272 τοῖς
2923 4207 3231 4278 ἀναχθεῖσιν
3265 4209 3355 4260 ὑπ’
3385 4206 3548 4261 αὑτοῦ
3572 4205 3651 4270 είς
3673 4205 3735 4258 τὸ

2154 4303 2356 4374 ὑψηλὸν
2391 4303 2517 4374 ὅρος
2547 4302 2797 4373 φαίνεται
2838 4300 3006 4354 λευκὰ
3037 4301 3113 4362 ὡς
3144 4300 3204 4352 τὸ
3234 4299 3369 4368 φῶς·
3417 4300 3562 4369 άπερ
3595 4298 3734 4352 εἰσιν

2151 4393 2208 4444 αἱ
2227 4391 2418 4458 λέξεις,
2443 4392 2538 4445 καὶ
2554 4391 2588 4446 ἃ
2607 4391 2896 4444 ἐνεδύσατο
2912 4389 3021 4441 τῶν
3041 4389 3387 4456 Εὑαγγελίων
3407 4389 3729 4460 γράμματα,

481 4458 657 4521 batur,
681 4457 808 4525 quin
838 4468 892 4512 et
919 4473 1007 4524 ea,
1032 4476 1151 4530 qua:
1177 4477 1245 4517 ex
1276 4468 1590 4532 apostolicis
1621 4470 1918 4541 Scripturis
1954 4473 2049 4528 de-

2164 4479 2308 4554 ιῖμαι
2338 4483 2383 4536 δ’
2411 4484 2494 4536 ὅτι
2523 4482 2617 4534 καὶ
2654 4481 2722 4534 τὰ
2753 4479 2862 4534 ἀπὸ
2893 4479 2991 4548 τῆς
3024 4477 3246 4549 Γραφῆς
3285 4478 3394 4531 τῶν
3422 4457 3734 4532 άποστόλων

476 4543 774 4601 «lat-antur.
827 4548 924 4604 Ubi
977 4552 1139 4618 igitur
1175 4554 1377 4610 videris
1423 4560 1730 4627 quempiam
1761 4563 2050 4632 diligenter

477 4637 814 4721 proﬁtentem
869 4657 1175 4699 sermonem
1231 4647 1298 4704 de
1337 4647 1464 4704 Jesu
1524 4651 1669 4718 Deo,
1723 4669 2048 4728 omnemque

478 4717 896 4811 l‘lvangeljorum
939 4735 1234 4794 dictionem
1284 4753 1668 4811 exponentem,
1711 4762 1779 4802 ne
1828 4764 2046 4806 recuses

478 4820 601 4875 huic
629 4804 831 4885 dicere,
859 4825 1026 4880 inisse
1068 4829 1393 4886 vestimenta
1426 4831 1553 4888 Jesu
1590 4835 1708 4891 alba
1751 4837 1891 4892 sicut
1929 4839 2041 4895 lux.

471 4912 614 4968 Atei
642 4915 736 4983 qui
756 4917 836 4972 sic
860 4917 1054 4973 viderit
1072 4918 1276 4986 Jesum,
1295 4927 1635 4993 apparebunt
1661 4943 1792 4994 sane
1813 4929 2042 5001 Moyses,

477 5003 560 5057 lex
602 5020 823 5074 nempe,
857 5019 914 5061 et
971 5008 1134 5075 Elias,
1183 5015 1535 5082 propheticus
1578 5018 1797 5087 inquatn
1847 5036 2048 5085 sermo,

473 5099 835 5154 communiter
889 5117 1009 5156 cum
1056 5101 1182 5158 Jesu
1229 5119 1531 5162 sermonem
1575 5110 1940 5168 conferentes.
1983 5115 2049 5170 Et

475 5187 566 5256 qui
604 5189 800 5246 viderit
826 5190 1028 5262 Moysis
1051 5195 1274 5263 gloriam
1294 5236 1311 5262 ,
1343 5201 1650 5265 recogitans
1676 5201 1847 5272 legem
1889 5206 2052 5274 spiri-

477 5278 708 5342 tualem,
745 5289 999 5350 tanquam
1052 5300 1219 5338 ttnttm
1270 5305 1391 5342 cum
1422 5287 1547 5343 .Iesu
1599 5306 1930 5359 sermonem,
1962 5310 2050 5350 sa-

473 5372 733 5440 pientiam
759 5373 909 5438 item,
936 5391 1055 5443 qute
1077 5377 1129 5432 in
1156 5382 1438 5450 prophetis
1459 5385 1727 5440 occultata
1752 5387 1904 5440 estin
1929 5403 2045 5457 my-

473 5463 678 5529 sterio;
712 5464 757 5518 is
787 5466 920 5518 vidit
963 5468 1179 5539 Moysen
1214 5481 1267 5524 et
1313 5472 1481 5528 Eliam
1513 5477 1566 5530 in
1591 5477 1756 5548 gloria
1783 5519 1797 5545 ,
1829 5481 2045 5548 quando

473 5557 607 5611 vidit
634 5572 728 5612 eos
752 5573 876 5613 cum
900 5558 1045 5615 Jesu.

549 5742 591 5771 "
622 5740 810 5799 Matth.
843 5757 977 5810 xm,
1009 5743 1026 5796 l
1060 5762 1072 5810 ;
1101 5742 1262 5798 Marc.
1294 5759 1345 5830 is
1369 5785 1382 5812 ,
1410 5745 1464 5798 2.

2153 4574 2475 4645 δηλούμενα.
2526 4572 2694 4626 Ἐπὰν
2735 4567 2829 4624 οὖν
2879 4571 2994 4642 ἴδῃς
3023 4570 3142 4623 τινὰ
3163 4568 3397 4640 τὴνπερὶ
3424 4569 3518 4622 τοῦ
3557 4567 3731 4640 Ἰησοῦ

2153 4664 2428 4734 θεολογίαν
2462 4661 2812 4736 ἀκριϐοῦντα,
2843 4662 2936 4715 καὶ
2961 4661 3060 4732 τὴν
3080 4660 3222 4726 λέξιν
3251 4660 3359 4713 τῶν
3388 4660 3734 4728 Εὐαγγελίων

2153 4758 2334 4810 πᾶσαν
2384 4755 2768 4826 σαφηνίζοντα,
2805 4754 2878 4825 μὴ
2912 4753 3060 4806 ὄκνει
3079 4751 3156 4822 τῷ
3197 4753 3425 4824 τοιούτῳ
3477 4752 3730 4820 φάσκειν,

2151 4847 2429 4916 γεγονέναι
2452 4847 2522 4900 τὰ
2548 4847 2740 4918 ἱμάτια
2774 4846 2867 4900 τοῦ
2905 4845 3078 4915 Ἰησοῦ
3106 4843 3272 4897 λευκὰ
3292 4844 3368 4907 ὠς
3394 4843 3455 4896 τὸ
3486 4842 3620 4912 φῶς.
3641 4841 3732 4910 Τῷ

2146 4941 2192 4993 δ’
2217 4939 2388 5004 οὕτως
2444 4940 2604 4992 ἰδόντι
2633 4939 2722 4992 τὸν
2765 4937 2970 5009 Ἰησοῦν
3002 4936 3216 5005 ὀφθεῖεν
3251 4935 3316 4989 ἂν
3345 4934 3552 5004 Μωσῆς
3586 4935 3616 4986 6
3647 4932 3730 4986 νό-

2148 5050 2265 5102 μος,
2310 5032 2406 5085 καὶ
2455 5031 2640 5095 Ἠλίας
2672 5033 2701 5084 6
2736 5029 3070 5102 προφητικὸς
3103 5028 3278 5096 λόγος,
3311 5024 3726 5095 κοινολογούμε-

2145 5141 2224 5178 νοι
2269 5124 2406 5196 πρὸς
2430 5124 2524 5177 τὸν
2571 5123 2798 5194 Ἰησοῦν.
2832 5125 2888 5176 '0
2913 5122 2969 5174 δὲ
2999 5119 3122 5174 ἰδὼν
3153 5119 3251 5190 τὴν
3280 5117 3521 5180 Μωσέως
3545 5117 3724 5181 δόξαν,

2145 5217 2344 5287 νοήσας
2366 5215 2456 5268 τὸν
2487 5215 2852 5286 πνευματικὸν
2887 5214 3070 5284 νόμον,
3104 5213 3180 5276 ὡς
3205 5212 3299 5264 ἐνα
3334 5210 3470 5280 πρὸς
3495 5208 3584 5262 τὸν
3617 5209 3724 5277 Ἰη-

2147 5307 2272 5361 σοῦν
2304 5309 2481 5378 λόγον,
2523 5309 2618 5362 καὶ
2646 5307 2744 5379 τὴν
2783 5308 2842 5359 ἐν
2869 5310 2979 5369 τοῖς
3010 5305 3314 5376 προφήταις
3353 5303 3410 5354 ἐν
3443 5298 3726 5372 μυστηρίῳ

2154 5397 2650 5470 ἀποκεκρυμμένην
2676 5397 2886 5467 σοφίαν,
2916 5392 3023 5448 εἶδε
3056 5393 3259 5463 Μωσῆν
3301 5392 3393 5444 καὶ
3432 5387 3615 5444 Ἠλίαν
3665 5388 3724 5440 ἐν

2151 5489 2295 5562 δόξῃ,
2335 5489 2424 5542 ὅτε
2457 5483 2594 5541 εἶδεν
2623 5488 2818 5551 αὐτοὺς
2858 5486 2993 5558 μετᾶ
3044 5484 3266 5554 Ἰησοῦν.
