4172 6406
321 336 432 392 545

1595 333 1894 390 SCHOLIA
1932 334 2001 388 ΙΝ
2039 334 2297 392 LUCAM.

3477 341 3582 395 546

321 455 474 525 Στίχ.
510 453 600 507 λε’.
634 454 742 528 Ka}
770 456 940 528 φωνὴ
970 457 1206 528 ἐγένετο
1241 457 1311 510 ἐκ
1345 455 1456 522 τῆς
1486 454 1770 528 νεφέλης,
1798 452 1897 528 λ-ἐ-

2007 453 2070 508 ν.
2097 455 2185 511 '55.
2219 456 2287 528 Et
2317 472 2416 512 vos:
2447 457 2590 525 facta
2615 467 2696 512 est
2712 475 2778 512 ea:
2816 459 2968 520 nube,
2995 459 3210 514 dicens:
3241 459 3342 514 Hic
3374 471 3446 514 est
3489 460 3584 515 Εἰ·

391 521 609 595 ⁸χέουσα·
651 521 840 591 Οὖτός
883 521 1051 580 eam
1083 531 1116 582 ό
1171 528 1302 591 Υἱός
1332 521 1450 595 μου
1499 527 1531 578 d
1558 521 1898 594 ’ἀγαπητός-

393 593 586 648 αὑτοῦ
618 595 885 649 ἀκούετε.

321 686 472 756 Στίχ.
503 687 610 750 λς’.
645 687 752 740 Καὶ
781 688 851 743 ἐν
869 687 948 754 τῷ
981 688 1258 758 γενέσθαι
1283 687 1396 756 τὴν
1416 685 1645 756 φωνὴν,
1685 683 1902 754 εὑρέθη

891 758 1118 826 Ἰησοῦς
1138 761 1350 828 μόνος.

404 849 472 902 Ἡ
502 850 560 904 δὲ
585 851 650 906 ὲκ
675 851 775 922 τῆς
808 851 1038 924 νεφέλης
1073 851 1224 922 φωνὴ
1254 852 1392 921 τάχα
1425 849 1524 921 μὲν
1559 849 1784 902 Μωῡσεῖ
1810 847 1906 902 καὶ

331 940 490 1012 Ἠλίᾳ.
521 941 688 1010 λέγει’
712 938 900 1008 Οὗτός
928 943 1078 997 ἐστι·
1112 944 1249 1012 τάχα
1275 942 1332 995 δὲ
1363 941 1458 996 καὶ
1482 944 1591 1003 τοῖς
1616 939 1902 1010 μαθηταῖς.

318 1023 427 1092 ἿΙς
461 1029 816 1095 ἀκούσαντες,
844 1033 937 1084 καὶ
966 1031 1173 1102 ταύτην
1203 1029 1301 1101 τὴν
1330 1029 1487 1096 δόξαν
1514 1029 1588 1100 μὴ
1624 1027 1900 1098 φέροντες,

318 1121 514 1176 ἔπεσον
550 1124 642 1176 ἐπὶ
675 1123 964 1194 πρόσωπον
995 1122 1422 1184 ταπεινωθέντες
1467 1120 1573 1174 ὑπὸ
1619 1120 1719 1190 τὴν
1765 1136 1902 1192 κρα-

315 1211 478 1264 ταιὰν
506 1215 662 1283 χεῖρα
693 1211 784 1264 τοῦ
807 1211 964 1277 Θεοῦ,
997 1212 1197 1283 σφόδρα
1232 1210 1578 1280 φοϐηθέντες,
1603 1209 1802 1272 εἰδότες
1844 1208 1904 1260 τὸ

317 1304 508 1374 λεχθὲν
527 1305 663 1375 πρὸς
693 1305 952 1375 Μωῦσῆνο
991 1307 1072 1359 Οὐ
1107 1305 1219 1374 γὰρ
1249 1304 1458 1372 ὄψεται
1497 1300 1806 1368 ἅνθρωπος
1835 1299 1902 1352 τὸ

316 1393 648 1461 πρόσωπόν
687 1411 829 1462 μου,
877 1394 976 1447 καὶ
1010 1393 1267 1462 ζήσεται.
1308 1393 1643 1462 Ἐπάραντες
1681 1390 1738 1443 δὲ
1776 1390 1903 1452 τοὺς

315 1484 656 1555 ὀφθαλμοὺς,
697 1485 855 1556 μόνον
887 1481 1025 1538 εἶδον
1047 1485 1138 1539 τὸν
1176 1483 1402 1556 Ἰησοῦν.
1444 1484 1540 1536 Ἕν
1574 1482 1704 1552 γὰρ,
1725 1478 1899 1552 οἶμαι,

315 1574 508 1643 γέγονε
537 1577 745 1647 Μωσῆς
767 1579 794 1630 6
816 1577 998 1648 νόμος,
1025 1578 1120 1630 καὶ
1157 1577 1343 1640 Ἠλίας
1371 1578 1404 1647 ἡ
1443 1576 1768 1646 προφητεία,
1800 1577 1903 1646 Ἰη-

316 1665 410 1718 σοῦ
441 1667 526 1736 τῷ
579 1669 916 1738 Εὐαγγελίῳ.
969 1671 1078 1722 Καὶ
1111 1671 1206 1738 οὐχ
1237 1667 1425 1739 ὥσπερ
1467 1663 1606 1738 ἦσαν
1639 1668 1901 1738 πρότερον

313 1759 464 1826 τρεῖς
501 1760 868 1830 μεμενήκασι.
901 1758 1085 1812 Ταῦτα
1117 1759 1174 1812 δέ
1212 1777 1300 1829 μοι
1337 1759 1444 1812 νόει
1475 1756 1895 1829 μυστικώτερον.

315 1845 460 1916 Πρὸς
493 1847 604 1920 γὰρ
624 1849 686 1901 τὸ
718 1849 920 1920 ὑψηλὸν
952 1851 1047 1903 τοῦ
1080 1851 1402 1921 γράμματος
1437 1849 1704 1920 βούλημα,
1737 1851 1902 1902 Matii-

316 1937 413 2007 σῆς
453 1939 553 1991 καὶ
600 1939 787 2004 Ἠλίας
815 1941 1073 2010 ὀφθέντες
1131 1943 1189 1994 ἐν
1223 1941 1370 2014 δόξῃ,
1409 1941 1502 1994 καὶ
1533 1939 1902 2010 συλλαλήσαν-

313 2046 402 2092 τες
433 2029 516 2100 τῷ
549 2031 744 2102 Ἰησοῦ,
777 2033 1178 2104 ἀπεληλύθασιν
1211 2032 1332 2085 ὅθεν
1367 2029 1739 2102 ἐληλύθεισαν.
1769 2030 1902 2084 υῦδὲ

312 2119 420 2190 γὰρ
441 2121 702 2192 βλέπεται
729 2125 758 2176 ὁ
793 2124 999 2195 Ἰησοῦς
1025 2123 1282 2193 λεχθῆναι
1309 2123 1380 2184 τὰ
1409 2123 1507 2193 τῆς
1527 2121 1684 2193 δόξης
1713 2121 1896 2176 αὐτοῦ·

315 2211 624 2284 ἐϐλάϐησαν
685 2215 796 2288 γὰρ
847 2217 912 2270 ἂν
965 2219 1012 2272 οἱ
1051 2217 1360 2282 ἀκούοντες,
1419 2218 1513 2270 καὶ
1565 2216 1800 2288 μάλιστα
1851 2219 1900 2270 οἱ

312 2301 476 2372 ὄχλοι,
521 2305 614 2358 τὸν
646 2305 790 2360 οὕτω
839 2306 1228 2379 δεδοξασμένον
1273 2307 1602 2380 θεωροῦντες
1649 2308 1902 2380 σταυρού-

316 2409 494 2462 μενον.
530 2396 604 2448 Οὐ
629 2395 812 2450 τοίνυν
838 2397 1208 2469 φθονήσαντες
1243 2397 1508 2468 ἔκρυψαν,
1545 2397 1659 2451 ἀλλ’
1691 2398 1768 2462 ὡς
1797 2415 1892 2467 φο-

313 2481 569 2554 ϐηθέντες
594 2485 669 2556 μὴ
701 2487 1062 2558 ἀπιστηθῶσι.
1089 2489 1222 2542 Τότε
1245 2485 1338 2544 οὖν
1371 2489 1729 2560 ἀπήγγειλαν,
1763 2488 1900 2560 μετά

313 2571 409 2642 τὴν
447 2575 735 2646 ἀνάληψιν,
775 2577 912 2648 μετά
947 2577 1045 2648 τὴν
1093 2579 1186 2632 τοῦ
1217 2579 1531 2650 Πνεύματος
1573 2578 1895 2649 παρουσίαν.

318 2661 442 2718 Ὅτε
491 2667 604 2738 γὰρ
651 2669 1004 2740 ἐπλήσθησαν
1043 2672 1378 2743 παρρησίας,
1440 2673 1531 2724 καὶ
1576 2670 1900 2742 -Πνεύματος

315 2755 646 2828 ἠξιώθησαν,
683 2761 776 2814 καὶ
827 2761 924 2833 τὴν
960 2763 1070 2816 ἀπὸ
1111 2763 1218 2815 τῶν
1253 2761 1498 2834 σημείων
1534 2757 1678 2832 εἶχον
1717 2761 1897 2833 φωνὴν

317 2851 720 2922 συνηγοροῦσαν
745 2853 950 2918 αὐτοῖς,
979 2855 1074 2906 καὶ
1099 2855 1278 2908 πάντα
1301 2855 1400 2908 ὅσα
1429 2854 1633 2922 ἔλεγον,
1661 2854 1900 2924 εὐπαρά-

313 2935 474 2994 δεκτα
497 2936 586 3013 ἦν.

317 3028 459 3106 Σιτίχζ
503 3033 614 3106 μϐν,
661 3033 1018 3106 Ἐπετίμησε
1042 3033 1120 3106 ,δὲ
1166 3039 1200 3089 ό
1242 3035 1474 3104 Ἰησοῦς
1503 3035 1582 3106 τῷ
1609 3036 1899 3106 πνεύματι

2270 527 2373 582 lius
2412 544 2558 582 meus
2589 529 2810 583 dilectus
2851 546 2870 584 :
2903 531 2951 584 ei
2991 530 3307 584 auscultate.

2006 687 2070 744 γ.
2105 686 2195 742 56.
2230 685 2298 740 Et
2331 702 2449 740 cum
2485 687 2627 756 facta
2659 687 2842 810 fuisslet
2869 701 2986 752 vox,
3025 689 3262 741 inventus
3313 698 3389 741 est
3424 685 3580 740 Iesus

2718 775 2774 810 so
2801 775 2884 810 us.

2718 775 2884 810 εοιιιδ.

2076 847 2192 901 Vox
2225 861 2290 902 ex
2333 848 2475 903 nube
2505 848 2663 904 facile
2689 847 2855 918 Moysi
2888 857 3049 916 atque
3091 848 3224 903 Elite
3251 848 3384 905 dicit
3419 863 3435 900 :
3473 847 3580 900 Hic

2003 952 2076 996 est
2102 958 2120 994 :
2149 940 2290 994 forte
2317 949 2496 994 tamen
2529 941 2696 994 etiam
2744 941 3044 1011 discipulis.
3073 941 3244 1007 Quam
3274 941 3577 1002 audientes,

2005 1043 2062 1087 et
2103 1034 2246 1087 hanc
2291 1031 2520 1101 gloriam
2575 1033 2724 1086 ferre
2765 1047 2870 1086 non
2911 1031 3150 1086 valentes
3184 1030 3496 1086 ceciderunt
3523 1033 3577 1085 iu

2005 1125 2219 1186 faciem,
2251 1123 2516 1178 hamiliati
2545 1123 2640 1176 sub
2669 1125 2870 1192 potenti
2892 1139 3052 1176 manu
3080 1123 3174 1176 Dei
3187 1124 3256 1184 ⁸⁸.
3279 1123 3437 1178 valde
3471 1139 3571 1177 me-

2007 1225 2245 1278 tuentes,
2282 1215 2406 1268 dum
2457 1214 2638 1268 sciunt
2663 1217 2805 1284 quod
2839 1215 2906 1268 ad
2943 1215 3166 1286 Moysen
3191 1217 3393 1271 dictum
3427 1215 3526 1269 fuit
3557 1233 3572 1267 :

2007 1305 2132 1360 Non
2181 1307 2318 1360 enim
2361 1306 2554 1360 uidebit
2600 1308 2754 1360 Ιιοιηο
2799 1307 2988 1376 faciem
3037 1324 3241 1371 meam,
3283 1317 3330 1361 et
3360 1307 3573 1362 viret”.

2002 1394 2120 1449 1am
2153 1405 2330 1450 autem
2385 1395 2614 1450 sublatis
2640 1396 2813 1450 oculis
2869 1395 3042 1450 solum
3091 1399 3340 1452 viderunt
3370 1397 3576 1454 Jesum.

2003 1485 2180 1542 Unum
2202 1488 2369 1552 enim,
2400 1497 2459 1539 ut
2492 1487 2768 1550 existimo,
2805 1488 2906 1542 fuit
2951 1487 3184 1560 Moyses,
3212 1491 3329 1544 sive
3367 1489 3450 1544 lex
3477 1530 3494 1556 ,
3523 1500 3583 1545 et

2001 1576 2146 1632 Elias
2183 1576 2298 1632 sive
2328 1580 2642 1647 prophetia,
2675 1594 2797 1633 cum
2841 1581 3130 1652 Evangelio
3162 1580 3310 1636 Jesu.
3344 1579 3486 1644 Nec,
3520 1589 3580 1635 ut

2003 1669 2223 1724 fuerunt
2250 1671 2423 1739 prius,
2457 1688 2709 1728 mansere
2745 1682 2875 1730 tres.
2909 1674 3034 1730 Haec
3069 1689 3232 1743 porro
3257 1686 3310 1730 tu
3341 1675 3472 1730 mihi
3495 1689 3580 1730 se-

2002 1760 2204 1816 cretius
2225 1762 2530 1816 considera.
2555 1763 2634 1817 Ad
2655 1763 2936 1820 sublimem
2958 1766 3100 1818 enim
3125 1764 3319 1820 litterae
3339 1779 3580 1830 sensum,

2005 1854 2216 1925 Moyses
2263 1865 2318 1910 et
2345 1855 2492 1910 Elias
2529 1856 2582 1909 in
2623 1855 2794 1924 gloria
2826 1857 2959 1922 visi,
2991 1867 3046 1909 et
3093 1871 3216 1911 cum
3249 1855 3375 1912 Jesu
3411 1855 3582 1910 collo-

2002 1948 2116 2002 cuti
2141 1948 2392 2002 abierunt
2413 1963 2502 2010 eo,
2529 1947 2671 2002 unde
2711 1957 3002 2002 venerant.
3027 1946 3216 2015 Neque
3247 1948 3390 2002 enim
3423 1945 3582 2004 Jesus

2001 2046 2181 2102 curat,
2216 2045 2274 2092 ut
2295 2038 2546 2091 dicantur
2567 2053 2688 2108 qua:
2723 2046 2852 2092 sunt
2880 2037 3066 2106 gloria:
3093 2037 3267 2104 illius;
3298 2036 3408 2092 lmsi
3434 2035 3578 2091 enim

2003 2129 2554 2195 l'uissentauditores,
2582 2140 2638 2184 et
2673 2128 2908 2186 maxime
2943 2129 3134 2193 turbm,
3172 2128 3418 2183 videntes
3454 2143 3580 2182 cru-

2001 2220 2220 2276 ciﬁxum
2269 2220 2540 2276 hominem
2590 2231 2872 2292 tantopere
2893 2205 3280 2290 gloriﬁcatnm.
3311 2218 3428 2272 Non
3451 2231 3582 2288 ergo

2000 2327 2065 2370 ex
2096 2313 2294 2368 invidia
2319 2313 2739 2376 occultaverant,
2759 2311 2854 2366 sed
2891 2321 3147 2381 tanquam
3173 2310 3353 2372 veriti,
3385 2323 3452 2362 ne
3475 2309 3578 2367 sibi

2004 2403 2135 2459 ﬁdes
2163 2420 2269 2460 non
2307 2405 2619 2462 haberetur.
2640 2403 2792 2458 Tunc
2823 2417 2952 2474 ergo
2973 2404 3026 2458 iu
3058 2401 3248 2470 vulgus
3273 2401 3579 2464 ediderunt,

1999 2508 2122 2566 post
2163 2499 2533 2552 ascensionem
2573 2496 2798 2559 scilicet,
2825 2505 2946 2564 post
2986 2494 3223 2561 Spiritus
3264 2494 3578 2547 adventum.

1999 2588 2228 2656 Quando
2267 2603 2458 2658 nempe
2497 2587 2684 2658 repleti
2729 2599 2854 2642 sunt
2889 2587 3236 2653 conﬁdentia,
3273 2594 3329 2639 et
3373 2585 3579 2654 Spiritu

2000 2681 2146 2751 digni
2197 2680 2326 2734 facti
2363 2689 2520 2744 sunt,
2547 2689 2602 2734 et
2642 2679 3029 2734 miraculorum
3071 2693 3258 2732 vocem
3311 2675 3582 2732 habebant

2001 2772 2430 2844 patrocinantem
2480 2772 2620 2835 sibi,
2647 2779 2700 2825 et
2743 2785 3082 2840 quaecunque
3115 2770 3402 2834 dicebant,
3435 2767 3580 2821 haud

1999 2880 2142 2934 aegre
2175 2864 2633 2934 suscipiebantur.

2001 3045 2068 3102 V.
2093 3047 2181 3102 42.
2222 3047 2516 3115 Increpavit
2556 3053 2729 3098 autem
2769 3043 2927 3099 Iesus
2963 3043 3202 3112 spiritum
3230 3042 3578 3115 immundum,

385 3102 466 3194 ξιξ)
493 3102 834 3194 ἀκαθάρτῳ,
858 3102 960 3185 καὶ
997 3105 1226 3194 idaea-0.
1253 3102 1361 3187 :63»
1395 3105 1597 3170 παῖδα,
1646 3102 1897 3160 καϊὰπ-

2070 3129 2118 3173 et
2168 3102 2386 3172 sanavit,
2407 3132 2628 3184 puerum
2649 3156 2664 3182 ,
2697 3127 2745 3169 et
2781 3102 3009 3168 reddidit
3051 3129 3170 3168 eum
3200 3113 3340 3182 putri
3370 3111 3506 3182 ejus.

388 3168 618 3230 ἔδωκεν
647 3168 836 3230 αὖτὸν
855 3175 936 3242 τῷ
956 3177 1130 3244 πατρὶ
1159 3177 1366 3230 αὐτοῦ.

382 3269 497 3342 (92)
533 3267 918 3322 Ἐπιϐλεπτέον
952 3268 1008 3322 δὲ
1051 3261 1261 3334 τούτοις
1304 3265 1655 3341 ὑψηλότερον,
1681 3269 1776 3322 καὶ
1805 3287 1902 3342 ση-

319 3362 598 3434 μειωτέον,
633 3361 716 3414 ὅτι
765 3361 815 3413 οἱ
846 3359 1226 3432 πάσχοντες,’ἦ
1256 3361 1306 3415 οἱ
1334 3362 1446 3414 τῶν
1479 3363 1792 3433 πασχόντων
1825 3363 1903 3416 oi-

314 3457 468 3520 κεῖοι,
489 3453 631 3526 μετὰ
648 3452 755 3507 τῶν
781 3452 953 3522 ὄχλων
976 3453 1134 3518 εἰσὶν,
1159 3454 1244 3522 ἐφ’
1259 3451 1352 3516 οὒς
1368 3454 1610 3508 κάτεισιν
1642 3459 1670 3510 6
1693 3456 1900 3528 Ἰησοῦς

315 3549 422 3602 ἀπὸ
441 3547 552 3602 τῶν
587 3544 827 3616 ὑψηλῶν,
859 3544 930 3598 τά
961 3544 1102 3616 ὑπὲρ
1136 3545 1356 3609 τούτους
1399 3549 1782 3620 οἰκονομήσας,
1807 3549 1900 3601 ἐπὶ

313 3639 404 3693 τοῦ
447 3640 608 3711 ὅρους
651 3637 915 3708 ἀναϐῆναι
961 3637 1035 3708 μὴ
1087 3636 1419 3708 δυναμένους
1460 3638 1596 3710 πρὸς
1626 3639 1786 3692 αὐτὸν
1813 3639 1900 3693 διά

315 3733 652 3805 κατεχούσας
703 3731 800 3794 τὰς
846 3729 1022 3800 ψυχὰς
1065 3729 1244 3782 αὐτῶν
1287 3730 1494 3794 νόσους,
1545 3729 1900 3802 θεραπεύσων

316 3825 532 3890 αὐτούς.
605 3822 955 3888 Ἐξεταστέον
1011 3821 1068 3874 δὲ
1123 3822 1215 3874 ἐπὶ
1264 3822 1426 3875 τίνων
1471 3822 1796 3892 νοσημάτων
1849 3823 1897 3875 οἱ

315 3917 616 3987 πάσχοντες
651 3913 882 3980 ἀξιοῦσι,
903 3910 1252 3974 πιστεύοντες
1307 3910 1437 3982 περὶ
1462 3911 1562 3980 τῆς
1599 3909 1778 3964 αὐτῶν
1806 3909 1900 3964 Os-

318 4008 569 4079 ραπείας,
619 4007 654 4077 ἢ
706 4004 894 4072 αὐτοῦ,
927 4005 962 4074 ἢ
1022 4001 1116 4055 τοῦ
1164 4001 1474 4074 κρασπέδου
1529 4001 1623 4054 τοῦ
1682 4003 1896 4073 ἱματίου

315 4099 604 4172 ἁψάμενοι.
653 4097 776 4152 Ἐπὶ
809 4096 968 4150 τίνων
993 4095 1049 4148 δὲ
1082 4093 1294 4160 ἀξιοῦσι
1322 4096 1447 4168 περὶ
1473 4093 1652 4147 αὐτῶν
1697 4094 1894 4166 ἕτεροι·

313 4192 386 4257 ὡς
415 4195 446 4248 6
493 4191 888 4262 ἑκατόνταρχος
937 4189 966 4242 6
1019 4190 1150 4260 περὶ
1194 4189 1402 4252 παιδὸς,
1441 4189 1535 4242 καὶ
1563 4191 1590 4242 ὁ
1619 4189 1898 4260 βασιλικὸς

315 4286 441 4358 περὶ
469 4283 610 4348 υἱοῦ,
648 4285 744 4338 καὶ
779 4283 808 4335 6
837 4281 1282 4351 ἀρχισυνάγωγος
1325 4279 1452 4352 περὶ
1485 4280 1770 4352 θυγατρόςο
1805 4283 1898 4334 καὶ

315 4373 676 4446 ἡΧαναναία,
723 4372 818 4426 καὶ
860 4371 956 4426 νῦν
1000 4373 1028 4422 ὁ
1068 4369 1382 4440 γονυπετῶν
1421 4370 1582 4424 αὑτὸν
1614 4369 1898 4441 ἄνθρωπος

2074 3275 2542 3334 Considerandum
2576 3281 2659 3328 est
2683 3274 2735 3327 in
2773 3272 2858 3327 his
2893 3269 3180 3328 sublimius
3209 3271 3581 3341 Quidpiam,et

2001 3368 2320 3432 notandum,
2355 3365 2496 3436 quod
2526 3365 2820 3435 patientes,
2851 3371 2944 3417 aut
2991 3361 3308 3432 patientium
3349 3359 3580 3415 familia-

2003 3475 2089 3515 res
2142 3475 2264 3515 cum
2299 3458 2474 3514 turbis
2508 3449 2680 3522 sunt,
2705 3454 2770 3510 ad
2805 3469 2940 3524 quos
2992 3453 3271 3509 descendit
3318 3449 3477 3507 Jesus
3511 3451 3586 3505 ab

2001 3552 2158 3607 editis
2185 3551 2346 3618 locis,
2367 3549 2688 3618 dispensans
2720 3560 2780 3600 ea
2807 3561 2925 3616 quae
2949 3545 3232 3616 superiora
3263 3543 3371 3599 illis
3400 3554 3578 3602 erant,

2002 3659 2106 3698 non
2128 3642 2435 3697 valentibus
2482 3639 2774 3694 ascendere
2824 3636 2879 3692 in
2923 3647 3160 3691 montem
3183 3635 3248 3690 ad
3279 3650 3433 3700 eum,
3463 3649 3584 3705 pro-

1999 3746 2119 3801 pter
2149 3736 2498 3791 inﬁrmitates
2532 3751 2651 3807 quae
2679 3749 2865 3791 eorum
2889 3733 3099 3788 animas
3125 3727 3578 3789 obsidebant,cu-

2002 3835 2221 3881 raturus
2286 3825 2428 3882 illos.
2461 3825 2848 3896 lnquirendum
2888 3824 3048 3878 etiam
3089 3835 3188 3890 pro
3215 3817 3410 3888 quibus
3437 3817 3582 3872 inﬁr-

2003 3917 2283 3971 mitatibus
2312 3915 2581 3986 patientes
2616 3925 2799 3980 orent,
2817 3915 2976 3968 ﬁdem
3009 3913 3272 3968 habentes
3299 3910 3366 3964 de
3391 3923 3578 3964 eorum

2003 4009 2310 4074 curatione,
2342 4009 2388 4064 si
2421 4008 2506 4064 vel
2537 4009 2708 4078 ipsum
2732 4007 2818 4062 vel
2849 4007 3116 4064 ﬁmbriam
3140 4003 3445 4059 vestimenti
3465 4002 3581 4071 ejus

2000 4099 2292 4170 attingant.
2329 4097 2462 4154 Item
2502 4114 2601 4167 pro
2642 4099 2840 4167 quibus
2874 4107 3032 4152 orent
3075 4111 3174 4165 pro
3213 4093 3318 4148 illis
3351 4093 3478 4158 alii;
3521 4102 3581 4146 nt

1999 4191 2245 4246 centurio
2281 4191 2374 4260 qui
2411 4205 2506 4259 pro
2543 4205 2713 4261 puero
2753 4189 2952 4253 oravit,
2982 4197 3037 4242 et
3072 4187 3292 4258 regulus
3324 4199 3420 4254 pro
3443 4183 3576 4247 ﬁlio,

1997 4293 2055 4339 et
2093 4283 2562 4354 archisynagogus
2595 4297 2694 4351 pro
2725 4279 2855 4346 ﬁlia,
2885 4280 3192 4335 Chananaea
3218 4279 3370 4342 item,
3399 4285 3453 4330 et
3486 4276 3576 4345 qui

1999 4391 2144 4430 nunc
2172 4375 2240 4429 ad
2273 4388 2447 4442 genua
2479 4373 2597 4444 ejus
2623 4389 2681 4429 se
2705 4373 2920 4442 projicit
2953 4373 3115 4426 homo
3154 4384 3252 4439 pro
3281 4368 3390 4422 ﬁlio
3421 4367 3578 4420 luna-

316 4469 442 4540 περὶ
470 4466 588 4520 υἱοῦ
642 4462 1113 4533 σεληνιαζομένου.
1168 4461 1278 4515 Καὶ
1313 4461 1444 4514 πότε
1488 4463 1580 4531 ἀφ’
1619 4460 1811 4514 ἑαυτοῦ
1867 4463 1894 4515 ὁ

2001 4465 2130 4520 tico.
2160 4463 2418 4519 Similiter
2438 4463 2654 4532 quando
2689 4477 2718 4516 a
2756 4463 2934 4530 seipso
2962 4457 3209 4513 Salvator
3243 4473 3348 4512 non
3382 4471 3580 4509 exora-

314 4559 504 4631 Σωτὴρ
529 4559 604 4630 μὴ
649 4556 898 4624 ἀξιωθεὶς
933 4555 1095 4608 ἰᾶται·
1135 4554 1210 4617 ὡς
1244 4555 1333 4607 τὸν
1366 4554 1675 4625 παράλυτον
1699 4554 1792 4606 ἐπὶ
1823 4557 1889 4626 τῇ

315 4651 642 4721 προϐατικῇ.
699 4640 868 4701 Αὖται
932 4644 1054 4716 γὰρ,
1102 4643 1344 4717 ἀλλήλων
1399 4644 1891 4713 ἀπεξετασθεῖσαι,

317 4743 484 4796 πολλά
511 4742 588 4814 τῷ
617 4741 898 4810 δυναμένῳ
951 4738 1169 4794 ἀκούειν
1205 4739 1304 4808 τῆς
1343 4739 1402 4791 ἐν
1437 4737 1719 4809 μυστηρίῳ
1759 4737 1892 4790 Θεοῦ

313 4831 702 4906 κεκρυμμένης
736 4831 928 4901 σοφίας
959 4831 1367 4903 παραστήσουσι
1398 4828 1640 4900 δόγματα
1677 4829 1800 4900 περί
1833 4847 1894 4882 τε

313 4925 416 4978 τῶν
463 4924 736 4996 διαφόρων
783 4923 912 4993 περὶ
949 4923 1050 4986 τὰς
1090 4921 1267 4992 ψυχὰς
1305 4921 1745 5000 συμπτωμάτων,
1799 4919 1894 4974 καὶ

312 5019 436 5089 περὶ
457 5015 552 5070 τοῦ
582 5015 782 5086 τρόπου
810 5015 910 5086 τῆς
943 5015 1238 5087 θεραπείας
1271 5012 1470 5066 αὐτῶν.

392 5110 481 5172 Ὡς
508 5107 616 5179 γὰρ
645 5109 825 5162 πᾶσαν
860 5109 1014 5162 νόσον
1052 5105 1147 5160 κειιὶ⁸
1191 5103 1483 5177 μαλακίαν,
1509 5103 1574 5166 ἃς
1601 5104 1630 5154 ὁ
1660 5100 1893 5173 Χριστὸς

315 5198 368 5252 ὲν
411 5203 526 5263 τοῖς
569 5201 745 5270 ὄχλοις
777 5201 907 5271 πρὶν
943 5199 1149 5261 ἱὰσατο,
1201 5195 1494 5268 ἀναφέρεις
1535 5195 1770 5264 εὐλόγως
1799 5195 1892 5248 ἐπὶ

313 5285 378 5338 τὰ
408 5287 556 5358 πάθη
586 5287 655 5341 τὰ
682 5289 740 5340 ὲν
771 5291 892 5352 ταῖς
913 5286 1130 5357 ψυχαῖς,
1151 5284 1323 5349 οὓτως
1343 5283 1551 5348 τούτοις
1571 5283 1890 5354 ἀναλογίζου

313 5379 420 5442 τοῖς
459 5396 518 5431 τε
557 5379 750 5448 χωλοῖς
803 5379 898 5434 καὶ
931 5380 1132 5447 κωφοῖς
1168 5375 1518 5448 ἐξετασθῆναι
1543 5377 1637 5430 καὶ
1663 5376 1731 5429 τὰ
1763 5376 1890 5447 περὶ

316 5467 406 5522 τοῦ
439 5469 907 5542 σεληνιαζομένου.
942 5470 1096 5522 Ἔστι
1115 5467 1223 5538 γάρ
1247 5463 1394 5520 τουτί
1423 5466 1484 5520 τὸ
1521 5467 1693 5530 πάθος
1719 5469 1891 5520 ἐπιτι-

317 5555 538 5631 θέμενον
569 5563 662 5633 μὲπ,
698 5562 755 5611 ἓν
787 5577 918 5616 τισιν
945 5561 1136 5633 ὥραις,
1157 5558 1522 5628 ἀφιστέμενον
1543 5558 1600 5612 δὲ
1629 5561 1686 5612 ἐν
1711 5557 1890 5611 πλείο-

383 5651 426 5682 ⁹²
449 5653 466 5706 l
492 5651 636 5708 Petr.
667 5669 714 5716 ι’,
746 5651 801 5710 6.
875 5650 1102 5705 "Exod.
1123 5665 1311 5715 sum,
1344 5648 1434 5704 20.

389 5767 500 5840 (9:2)
530 5769 730 5827 Confer
753 5769 892 5824 edita
925 5769 1032 5824 hic.

1999 4565 2084 4611 tus
2107 4564 2295 4621 sanet;
2339 4553 2770 4625 utparalyticum
2797 4553 2850 4607 in
2879 4551 3178 4620 probatica.
3205 4549 3296 4603 Hae
3344 4562 3578 4617 namque

1999 4647 2310 4701 sanationes
2343 4646 2484 4700 inter
2506 4660 2562 4701 se
2590 4657 2775 4700 mutuo
2796 4643 3025 4706 collatae,
3041 4641 3088 4695 ei
3115 4642 3206 4712 qui
3231 4639 3578 4695 valetaudire

1949 4730 1957 4739 ’
2000 4737 2319 4810 sapientiam
2339 4737 2430 4791 Dei
2450 4737 2782 4792 occultatam
2810 4736 2864 4789 in
2887 4733 3166 4806 mysterio,
3193 4732 3360 4786 multa
3374 4743 3572 4800 suppe-

2001 4831 2256 4886 ditabunt
2278 4829 2776 4894 documenta,etde
2791 4827 3022 4882 diversis
3051 4824 3227 4893 quoad
3254 4823 3466 4877 animas
3493 4821 3575 4875 af-

2000 4921 2342 4988 fectionibus,
2369 4929 2424 4976 et
2468 4919 2534 4975 de
2567 4919 2727 4974 modo
2766 4915 3134 4974 curandarum
3167 4929 3375 4968 earum.

2069 5101 2172 5158 Ubi
2225 5101 2370 5156 enim
2417 5115 2634 5154 omnem
2681 5101 2930 5154 morbum
2970 5105 3025 5152 et
3073 5095 3420 5165 languorem,
3454 5105 3573 5161 quae

1995 5195 2246 5250 Christus
2293 5195 2346 5248 in
2382 5191 2554 5246 turbis
2587 5201 2746 5245 antea
2784 5189 3024 5253 sanavit,
3062 5203 3184 5243 cum
3224 5185 3575 5256 proportione

1997 5287 2246 5341 retuleris
2291 5287 2358 5341 ad
2407 5285 2688 5356 passiones
2726 5283 2943 5346 animm,
2985 5291 3112 5336 tunc
3136 5293 3201 5334 ex
3247 5279 3332 5334 his
3353 5277 3574 5332 ratioci-

1995 5393 2148 5446 nare,
2173 5393 2292 5433 cum
2323 5377 2530 5432 claudis
2545 5387 2601 5432 et
2622 5375 2782 5429 mntis
2808 5374 3037 5428 conferri
3065 5372 3227 5427 etiam
3257 5386 3375 5441 qua:
3404 5369 3470 5425 de
3495 5368 3586 5422 lu--

1995 5467 2172 5522 natico
2193 5476 2335 5522 sunt.
2359 5467 2452 5521 Est
2470 5466 2612 5520 enim
2635 5463 2854 5528 morbus
2873 5464 2976 5518 iste
2997 5462 3286 5530 ejusmodi,
3312 5469 3368 5516 ut
3392 5474 3576 5530 aggre-

1993 5557 2171 5614 diatur
2209 5558 2372 5616 certis
2395 5558 2578 5630 boris,'_
2600 5556 2720 5614 aliis
2758 5570 2887 5612 vero
2921 5553 3162 5626 pluribus
3191 5551 3586 5622 rcccdat,qui--
