4172 6412
541 339 648 394 347

1432 345 1997 406 SUPPLEMENTUM
2032 352 2125 406 AD
2164 352 2490 411 ORlGENIS
2523 353 2936 416 EXEGETICA.

3701 364 3804 419 548

542 456 644 511 bus
682 457 818 512 nihil
853 457 1070 514 diﬂ'erre
1124 461 1310 517 videas
1345 465 1489 520 hunc
1527 479 1814 538 aegrotum,
1850 482 1907 526 et
1943 473 2120 526 virum

2229 492 2330 540 σιν,
2358 478 2414 530 ἐν
2453 474 2540 541 αῖς
2562 478 2714 531 οὐδὲν
2743 480 2987 552 διαφέρει
3034 482 3063 532 ό
3101 481 3384 546 πεπονθὼς
3413 484 3670 553 ὑγιαίνων
3721 501 3801 537 τε.

542 549 681 604 bene
722 551 1012 605 valentem.
1063 552 1128 606 Et
1159 555 1354 609 anima:
1389 557 1550 626 igitur
1577 561 1824 630 quaedam
1869 564 2006 618 bene
2037 580 2120 618 va-

541 638 656 695 lere
701 645 1056 712 temperantia
1104 645 1335 702 fortasse
1389 651 1810 718 existimantur,
1839 663 1894 710 et
1941 656 2122 711 vivere

541 743 701 803 prout
746 736 890 790 ratio
921 738 1198 807 postulat:
1239 750 1297 794 at
1330 741 1559 797 subinde
1601 747 1963 801 succumbunt
1996 763 2122 815 pas-

539 825 805 890 sionibus,
828 841 954 882 cum
985 838 1134 884 stare
1157 832 1494 896 viderentur,
1521 834 1710 891 fraude
1732 838 1913 894 saeculi
1937 838 2115 910 hujus,

539 915 768 986 aliisque
790 920 1242 988 concupiscentiis
1285 923 1371 987 Hi,
1404 925 1795 994 utspiritaliter
1812 928 2118 998 loquamur,

540 1005 759 1062 lunatici
786 1021 934 1077 sunt,
958 1013 1221 1084 proﬂigati
1252 1030 1281 1068 a
1308 1017 1674 1086 spiritualibus
1710 1024 1984 1090 nequitia,
2004 1039 2122 1092 quae

538 1098 936 1158 delitescuntin
973 1107 1332 1175 passionibus,
1367 1111 1566 1165 cadunt
1593 1113 1646 1166 in
1681 1113 1853 1184 ignem
1896 1116 2122 1170 combu-

539 1197 803 1264 stionum,
823 1197 1113 1267 aliquando
1135 1202 1185 1254 in
1219 1217 1413 1270 aquam
1435 1223 1446 1256 :
1466 1205 1682 1274 quando
1698 1221 1791 1260 rex
1823 1208 2120 1262 draconum

537 1285 779 1340 oumium
811 1290 1151 1357 aquatilium,
1182 1292 1430 1361 proﬂigat
1458 1309 1552 1348 eos
1576 1295 1642 1350 de
1665 1296 1817 1363 ﬂatu,
1847 1315 1952 1368 quo
1975 1301 2123 1354 vide-

539 1377 982 1437 banturliberius
1027 1386 1335 1452 perspirare
1357 1424 1373 1449 ,
1418 1397 1477 1440 ut
1513 1387 1804 1442 deveniant
1839 1390 1894 1444 in
1922 1391 2123 1447 altissi-

539 1485 658 1525 mos
678 1481 841 1527 aestus
870 1475 1040 1529 maris
1073 1477 1323 1532 humana:
1346 1479 1490 1534 vitae.

610 1673 668 1728 In
698 1676 800 1730 hac
822 1676 1157 1745 expositione
1189 1679 1566 1750 asﬁpulabitur
1595 1684 1752 1739 nobis
1777 1686 1868 1755 qui
1899 1688 2029 1742 dicit
2070 1689 2123 1744 in

540 1768 814 1838 Sapientia
866 1770 934 1822 de
986 1769 1115 1840 justi
1164 1775 1532 1843 mquabilitate
1568 1791 1582 1828 :
1615 1775 1876 1832 Narratio
1919 1781 2018 1833 viri
2049 1782 2122 1848 pii

536 1873 738 1925 semper
768 1858 1028 1923 sapientia
1055 1860 1101 1891 ’δ
1129 1879 1143 1926 ;
1167 1872 1222 1916 et
1251 1863 1318 1918 de
1357 1866 1646 1934 oppositis,
1681 1865 1889 1921 Stultus
1917 1885 2039 1922 vero
2068 1878 2124 1922 ut

539 1949 668 2003 luna
701 1962 940 2004 mutatur
971 1952 1037 2007 ".
1071 1951 1223 2008 Licet
1257 1970 1474 2026 quoque
1507 1958 1560 2012 in
1596 1958 1792 2013 talibus
1827 1959 2015 2016 videre
2042 1962 2125 2015 ar-

539 2040 803 2096 lectiones
849 2045 1112 2112 quasdam
1170 2045 1418 2101 valentes
1466 2048 1534 2102 ad
1590 2049 2124 2106 commendationem

536 2133 815 2188 attrahere
841 2149 934 2190 eos
962 2136 1055 2205 qui
1105 2150 1214 2191 non
1260 2138 1583 2194 incumbunt
1630 2141 1816 2196 animo
1857 2143 2126 2199 instabili-

539 2225 636 2279 tati
664 2239 876 2292 eorum,
905 2241 1079 2296 usque
1109 2228 1246 2284 adeo
1275 2237 1339 2284 ut
1374 2229 1458 2285 fas
1501 2233 1574 2286 sit
1599 2233 1782 2288 dicere
1809 2233 1990 2290 inesse
2022 2235 2130 2290 illis

537 2317 934 2386 plenilunium,
982 2328 1074 2372 aut
1121 2318 1235 2375 fere
1273 2320 1648 2390 plenilunium.
1693 2321 1906 2379 Videris
1959 2327 2126 2379 etiam

536 2421 725 2462 rursus
765 2407 1075 2462 simulatum
1107 2411 1252 2479 quod
1308 2411 1384 2465 illi
1424 2413 1642 2468 videtur
1681 2415 1862 2471 inesse
1901 2415 2127 2482 lumen;

538 2499 744 2564 lumen,
790 2499 1033 2568 inquam,
1070 2514 1175 2553 non
1222 2501 1512 2569 diurnum,
1542 2503 1638 2557 sed
1686 2515 2014 2560 nocturnum
2046 2507 2128 2560 lu-

539 2603 686 2656 men,
711 2590 838 2645 etin
871 2599 1077 2645 tantum
1113 2591 1400 2658 deﬁciens,
1425 2596 1602 2648 donec
1634 2610 1742 2649 non
1791 2597 2024 2666 amplius
2047 2598 2130 2652 vi-

539 2685 731 2737 deatur
777 2697 898 2737 esse
930 2682 1135 2747 lumen,
1167 2683 1310 2752 quod
1359 2684 1414 2738 in
1473 2684 1582 2741 illis
1637 2687 1788 2742 cerni
1839 2690 2028 2757 possit.
2066 2685 2126 2744 Si

536 2791 667 2844 ergo
695 2776 875 2830 omnis
903 2777 1084 2830 anima
1112 2777 1305 2847 angelo
1332 2778 1583 2846 subjecta
1619 2794 1726 2845 est,
1763 2783 1991 2852 angelus
2017 2783 2130 2838 fue-

542 2869 613 2920 rit
654 2868 757 2922 iste
809 2867 1033 2922 lunatici
1067 2879 1243 2937 pater,
1281 2885 1445 2925 orans
1473 2880 1732 2942 tanquam
1764 2889 1860 2942 pro
1900 2875 2010 2928 lilio
2039 2874 2129 2930 1ο-

537 2975 682 3024 sum,
708 2968 894 3028 utpote
915 2975 1020 3015 non
1051 2961 1268 3016 valente
1298 2961 1368 3016 ab
1411 2962 1660 3019 inferiori
1692 2967 1860 3022 verbo
1895 2967 2130 3037 discipu-

539 3054 716 3106 lorum
753 3053 936 3106 curari
959 3052 1028 3106 ab
1062 3053 1396 3112 inlirmitate.

609 3142 815 3197 Mutum
853 3159 918 3198 ac
941 3145 1166 3200 surdum
1211 3147 1566 3215 daamonium,
1611 3160 1741 3206 sunt
1781 3152 2124 3210 irrationales
2150 3167 2194 3225 α

538 3233 856 3291 aﬂ‘ectiones
885 3237 1386 3309 propensionesque
1420 3240 1487 3294 ad
1513 3242 1590 3306 id,
1619 3244 1762 3312 quod
1793 3245 2008 3299 videtur
2029 3246 2126 3298 bo-

539 3343 692 3393 num,
741 3342 773 3382 a
811 3329 1026 3384 ratione
1061 3332 1429 3401 depromptae,
1475 3348 1612 3402 quas
1659 3335 1777 3404 ipsa
1828 3337 2128 3394 irrationali

541 3425 746 3492 impetu
789 3423 1142 3492 producebat,
1167 3438 1395 3495 quisque
1422 3440 1452 3478 a
1481 3428 1782 3483 videntibus
1800 3430 2129 3498 putabantur

541 3514 732 3568 istbtec
776 3512 956 3568 facere
1003 3515 1300 3570 secundum
1345 3517 1609 3572 rationem
1673 3520 1938 3574 doctrina:
1979 3519 2126 3574 Jesu.

545 3607 772 3664 Diﬂicile
794 3622 922 3662 vero
947 3611 1132 3664 curari
1171 3619 1348 3680 potest
1371 3611 1682 3679 hujusmodi
1709 3615 1952 3677 morbus,
1981 3613 2130 3668 vide-

542 3713 743 3774 turque
795 3721 1051 3778 magnum
1081 3707 1234 3777 quid,
1271 3721 1392 3776 qua:
1441 3706 1581 3761 bene
1612 3721 1719 3760 non
1757 3706 1962 3761 habent
1988 3707 2128 3762 bene

541 3793 712 3850 fuisse
736 3795 899 3864 facta,
939 3806 1131 3866 estque
1162 3797 1298 3851 adeo
1328 3797 1384 3852 in
1429 3797 1550 3852 istis
1584 3813 1774 3868 magna
1820 3799 2125 3868 hujusmodi

539 3882 849 3954 ellicientia,
886 3896 944 3941 ut
974 3887 1144 3942 monti
1175 3901 1298 3941 eam
1334 3902 1657 3957 comparare
1693 3888 1875 3954 liceat,
1905 3903 2025 3960 qua:
2054 3891 2129 3943 in-

545 3977 693 4046 (liget
736 3987 796 4031 ut
837 3979 1251 4035 transferatura
1281 3981 1522 4050 patiente
1561 3996 1658 4050 per
1705 3995 1920 4037 omnem
1966 3981 2126 4036 ﬁdem

543 4073 807 4124 curantis.
860 4072 955 4126 Est
999 4087 1164 4142 porro
1209 4074 1391 4129 omnis
1434 4071 1570 4128 ﬁdes
1612 4082 1927 4142 comparata
1960 4087 2130 4143 grano

543 4162 817 4232 sinapeos.
851 4163 984 4229 Quia
1015 4165 1168 4219 nihili
1200 4166 1419 4234 quidem
1467 4175 1750 4235 reputatur
1787 4165 1923 4219 lides
1950 4167 2016 4219 ab
2041 4166 2132 4219 ho-

544 4252 806 4320 minibus,
850 4265 906 4310 et
940 4257 1310 4312 modicissima
1353 4272 1440 4311 res
1471 4266 1555 4312 est
1601 4256 1742 4324 apud
1775 4256 1896 4310 illos
1920 4297 1935 4320 ,
1967 4267 2130 4326 atque

543 4343 667 4398 vilis
713 4359 832 4399 esse
875 4345 1125 4414 videtur;
1154 4357 1210 4402 at
1257 4349 1346 4401 ubi
1374 4348 1569 4402 sortita
1607 4347 1771 4401 fuerit
1805 4355 2006 4401 terram
2043 4349 2131 4401 ho-

544 4449 669 4490 nam
694 4476 710 4501 ,
737 4435 789 4489 id
823 4446 906 4491 est
944 4439 1203 4501 animam,
1241 4438 1300 4491 lit
1340 4439 1504 4491 arbor
1527 4451 1754 4506 procera
1787 4451 1958 4506 usque
1993 4438 2130 4490 adeo

2222 568 2330 621 Καὶ
2361 568 2529 639 ψυχαὶ
2557 571 2687 638 γοῦν
2736 590 2880 636 τινες
2916 573 3176 641 ὑγιαίνειν
3237 576 3336 645 μὲν
3376 578 3432 628 ὲν
3483 576 3805 649 σωφροσύνῃ

2220 661 2361 730 τάχα
2384 661 2712 732 νομίζονται,
2747 665 2841 718 καὶ
2875 664 3025 735 βιοῦν
3059 664 3135 728 ὡς
3159 665 3359 735 ὁλόγος
3394 666 3662 736 βούλεταγ
3688 663 3804 721 εἶτα

2221 753 2332 806 ἐσθ’
2381 755 2470 808 ὅτε
2530 757 2965 812 καταπίπτουσιν
3017 759 3122 812 ὑπὸ
3166 759 3274 813 τῶν
3309 761 3496 815 παθῶν
3553 762 3662 816 ἀπὺ
3711 763 3805 816 τοῦ

2222 847 2510 919 έπηκέναι
2565 849 2861 904 δοκεῖν.....
2908 852 3035 922 περὶ
3067 851 3167 923 τὴν
3215 853 3430 925 ἀπάτην
3471 854 3564 908 τοῦ
3611 855 3807 919 αἰῶνος

2219 936 2410 990 τούτου
2430 940 2523 991 καὶ
2560 942 2676 1002 ταῖς
2701 939 2911 1003 λοιπαῖς
2934 939 3267 1011 ἐπιθυμίαις.
3305 938 3483 1006 Οὗτοι,
3503 960 3804 1014 πνευματι-

2223 1029 2335 1093 κῶς
2364 1031 2557 1094 εἰπεῖν,
2591 1032 3016 1103 σεληνιάζονται,
3051 1031 3510 1104 καταϐαλλόμενοι
3554 1035 3659 1087 ὑπὸ
3696 1035 3806 1087 τῶν

2222 1121 2280 1171 ὲν
2311 1123 2424 1183 τοῖς
2455 1120 2808 1192 ὲνδομυχοῦσι
2853 1123 3048 1176 πάθεσι
3083 1125 3464 1193 πνευματικῶν
3505 1125 3605 1196 τῆς
3635 1143 3805 1195 πονη-

2227 1211 2363 1283 ρίας,
2400 1213 2688 1266 πίπτουσιν
2718 1216 2796 1278 είς
2823 1215 2883 1268 τὸ
2915 1216 3025 1287 πῦρ
3050 1217 3158 1271 τῶν
3188 1219 3501 1289 πυρώσεων·
3541 1219 3712 1271 ἐνίοτε
3748 1219 3806 1272 δὲ

2224 1305 2302 1365 εἰς
2327 1304 2386 1356 τὸ
2416 1303 2579 1376 ὕδωρ,
2601 1305 2690 1357 ὅτε
2725 1307 2751 1357 ὁ
2777 1304 3030 1374 βασιλεὺς
3060 1308 3275 1362 πάντων
3303 1309 3412 1361 τῶν
3433 1309 3490 1360 ὲν
3519 1311 3632 1371 τοῖς
3651 1306 3807 1361 ὕδασι

2223 1393 2553 1464 δρακόντων,
2597 1396 2946 1450 καταϐάλλων
2988 1399 3187 1462 αὐτοὺς
3242 1399 3351 1452 ἀπὸ
3381 1399 3474 1453 τοῦ
3523 1399 3808 1471 ἐλεύθερον

2223 1484 2398 1538 δοκεῖν
2419 1487 2696 1552 ἀναπνεῖν,
2740 1490 2833 1542 ἐπὶ
2870 1489 2932 1542 τὺ
2957 1491 3124 1544 είκειν
3157 1493 3268 1564 (9'5)
3301 1494 3378 1556 είς
3411 1490 3480 1545 τά
3509 1492 3648 1562 βάθη
3697 1492 3811 1545 τῶν

2225 1578 2485 1648 κυμάτων
2524 1578 2624 1648 τῆς
2655 1580 2929 1653 θαλάσσης
2960 1583 3054 1636 τοῦ
3086 1584 3195 1636 τῶν
3228 1585 3529 1656 ἀνθρώπων
3565 1584 3700 1654 βίου.

2295 1672 2479 1743 Ταύτῃ
2510 1676 2576 1744 τῇ
2600 1673 2846 1745 διηγήσει
2873 1674 3228 1745 συμϐαλεῖται
3251 1678 3382 1747 ἡμῖν
3409 1678 3437 1729 ὁ
3465 1675 3638 1744 λέγων
3659 1677 3715 1728 ὲν
3743 1678 3810 1746 τῇ

2228 1764 2435 1831 Σοφίᾳ,
2473 1765 2600 1835 περὶ
2635 1765 2734 1836 μὲν
2764 1766 2861 1834 τῆς
2909 1765 3004 1818 τοῦ
3047 1767 3256 1820 δικαίου
3294 1767 3646 1838 όμαλότητος·
3683 1766 3815 1834 Διή-

2229 1871 2406 1924 γησις
2434 1855 2726 1922 εὐσεϐοῦς
2760 1856 2859 1910 διὰ
2900 1857 3128 1924 παντὸς
3171 1861 3377 1927 σοφία·
3428 1860 3558 1930 περὶ
3602 1859 3660 1912 δὲ
3704 1858 3815 1912 τῶν

2229 1948 2654 2020 ἀποδεδομένων
2681 1950 2736 2002 '0
2761 1949 2830 2002 δὲ
2857 1949 3061 2018 ἄφρων
3083 1951 3162 2017 ὡς
3185 1949 3416 2017 σελήνη
3445 1949 3811 2004 ἀλλοιοῦται.

2229 2042 2339 2094 Καὶ
2379 2040 2493 2094 ἐστι
2540 2043 2634 2094 κει)⁸
2666 2043 2724 2094 ἐν
2756 2043 2869 2105 τοῖς
2910 2043 3170 2106 τοιούτοις
3206 2043 3334 2096 ίδεῖν
3363 2042 3540 2113 ὁρμὰς
3591 2057 3814 2094 συνεπι-

2231 2133 2467 2187 σπᾶσθαι
2496 2133 2799 2204 δυναμένας
2833 2133 2970 2206 πρὸς
2991 2134 3209 2187 ἔπαινον
3230 2134 3354 2197 τοὺς
3388 2133 3462 2205 μὴ
3487 2134 3816 2203 ἐφιστάντας

2229 2225 2496 2296 αὐτῶντῷ
2521 2226 2922 2298 ἀνερματίστῳ,
2958 2225 3100 2279 ὥστε
3125 2228 3300 2279 είπεῖν
3333 2225 3400 2279 ἂν
3422 2226 3583 2279 οἱονεὶ
3615 2225 3816 2278 πανσέ-

2229 2319 2388 2388 ληνον
2430 2313 2570 2373 εἶναι
2619 2321 2676 2371 ὲν
2720 2320 2924 2382 αὐτοῖς,
2970 2319 3003 2390 ἢ
3039 2321 3168 2391 παρ’
3225 2319 3406 2388 ὀλίγον
3457 2319 3813 2390 πανσέληνον.

2233 2412 2395 2475 Ἰδοις
2420 2412 2465 2464 δ’
2487 2411 2552 2465 ἂν
2577 2411 2740 2466 πάλιν
2765 2411 3102 2482 μιμούμενον
3133 2411 3190 2464 τὸ
3213 2410 3368 2476 δόξαν
3393 2407 3527 2466 εἶναι
3547 2415 3602 2465 ὲν
3631 2412 3816 2475 αὐτοῖς

2231 2505 2365 2574 φῶς·
2395 2505 2516 2574 οὐχὶ
2541 2503 2656 2574 φῶς
2676 2505 2930 2574 ἡμερινὸν
2962 2505 3250 2574 τυγχάνον,
3273 2504 3407 2557 ἀλλά
3427 2505 3542 2572 φῶς
3566 2520 3815 2574 νυκτερι-

2231 2599 2341 2661 νὸν,
2396 2599 2489 2651 καὶ
2523 2597 2616 2650 ἐπὶ
2647 2597 2903 2650 τοσοῦτον
2959 2595 3144 2666 λῆγον,
3185 2595 3293 2659 ἕως
3325 2596 3460 2668 μηδὲ
3485 2596 3661 2649 δοκεῖν
3700 2594 3818 2664 φῶς

2231 2689 2369 2744 εἶναι
2415 2689 2844 2761 ὲπιϐλεπόμενον
2886 2688 2998 2761 (94)
3026 2691 3084 2742 ὲν
3127 2688 3310 2752 αὐτοῖς
3343 2689 3584 2759 γένηται.
3622 2689 3686 2742 El
3723 2682 3818 2740 οὖν

2232 2783 2380 2836 πᾶσα
2427 2782 2571 2853 ψυχὴ
2617 2782 2708 2834 ὑπ’
2744 2781 2960 2851 ἀγγέλῳ
2999 2781 3278 2844 τέτακται,
3309 2782 3338 2832 ὁ
3381 2779 3475 2832 τοῦ
3502 2778 3820 2850 σεληνιαζο-

2235 2875 2399 2946 μένου
2434 2874 2617 2946 πατὴρ
2642 2875 2707 2928 ἂν
2757 2867 2911 2936 οὗτος
2961 2871 3125 2936 ἀξιῶν
3156 2873 3232 2936 ὡς
3250 2872 3378 2943 περὶ
3411 2870 3526 2925 υἱοῦ
3568 2871 3659 2924 τὸν
3715 2873 3819 2941 Ἰη-

2233 2967 2381 3030 σοῦν,
2418 2968 2495 3030 ὡς
2530 2967 2605 3038 μὴ
2637 2966 2934 3038 δυνηθέντα
2969 2965 3078 3037 (95)
3110 2965 3217 3019 ἀπὸ
3241 2965 3630 3036 ὑποδεεστέρου
3657 2965 3816 3034 λόγου

2230 3060 2340 3112 τῶν
2367 3058 2625 3129 μαθητῶν
2655 3058 3061 3131 θεραπευθῆναι
3095 3058 3200 3111 ὑπὸ
3232 3057 3324 3111 τοῦ
3353 3057 3575 3120 πάθους.

2302 3152 2456 3204 Ἔστι
2471 3151 2527 3204 δὲ
2549 3150 2745 3204 ἄλαλον
2771 3152 2862 3203 καὶ
2879 3149 3062 3218 κωφὸν
3089 3149 3366 3220 δαιμόνιον
3394 3151 3449 3201 αἱ
3479 3149 3662 3217 ἄλογοι
3679 3147 3818 3219 πρὸς

2229 3245 2289 3298 τὸ
2308 3243 2499 3297 δοκοῦν
2529 3243 2692 3297 καλὸν
2724 3243 2917 3315 ὁρμαὶ,
2949 3242 3054 3296 ὑπὸ
3076 3241 3170 3294 τοῦ
3205 3242 3363 3311 λόγου
3397 3241 3817 3312 ἐκϐαλλόμεναι,

2229 3336 2296 3400 ἃς
2321 3337 2484 3400 αὐτὸς
2523 3337 2698 3389 ἐποίει
2747 3336 2927 3406 ἀλόγῳ
2963 3337 3124 3406 φορᾷ,
3170 3334 3519 3406 νομιζόμεναι
3559 3334 3663 3387 ὑπὸ
3709 3332 3820 3386 τῶν

2232 3427 2534 3498 βλεπόντων
2569 3427 2710 3481 κατά
2763 3427 2920 3496 λόγον
2965 3426 3142 3480 ταῦτα
3194 3426 3455 3497 πράττειν
3485 3424 3585 3496 τῆς
3643 3425 3818 3497 Ἰησοῦ

2228 3518 2593 3582 διδασκαλίας.
2626 3519 2882 3572 Δυσίατον
2911 3519 2967 3572 δὲ
2990 3518 3148 3572 τοῦτο
3167 3517 3226 3571 τὸ
3259 3517 3449 3581 πάθος,
3474 3535 3567 3571 και
3603 3519 3821 3589 ἰσχυρὸν

2227 3611 2376 3664 δοκεῖ
2397 3608 2575 3672 καλῶς
2602 3608 2999 3682 πεπρᾶχθαιτά
3019 3609 3093 3680 μὴ
3121 3608 3321 3672 καλῶς,
3349 3609 3442 3662 καὶ
3471 3609 3615 3661 ἔστιν
3646 3607 3820 3672 οῦτως

2229 3703 2288 3755 ὲν
2326 3704 2441 3764 τοῖς
2490 3699 2753 3764 τοιούτοις
2790 3700 3001 3771 μεγάλη
3034 3699 3320 3771 ἡτοιαύτη
3366 3700 3634 3770 ἐνέργεια,
3675 3699 3819 3753 ὥστε

2229 3791 2432 3864 ταύτην
2466 3792 2582 3864 ὄρει
2637 3791 3102 3864 παραϐάλλεσθαι,
3142 3791 3374 3863 δεομένη
3430 3793 3516 3844 ἵνα
3550 3790 3818 3863 μετατεθῇ

2229 3883 2338 3937 ἀπὸ
2370 3883 2466 3954 τοῦ
2512 3885 2812 3955 πάσχοντος
2863 3883 2954 3937 διά
2987 3884 3170 3954 πάσης
3229 3883 3466 3946 πίστεως
3509 3884 3602 3936 τοῦ
3656 3882 3820 3955 θερα-

2231 3973 2505 4037 πεύοντος.
2544 3975 2697 4027 Ἔστι
2750 3974 2807 4027 δὲ
2850 3977 2882 4044 ἡ
2939 3975 3089 4026 πᾶσα
3134 3973 3315 4036 πίστις
3363 3971 3817 4043 παραϐαλλομένη

2230 4064 2412 4135 κόκκῳ
2441 4065 2732 4130 σινάπεως·
2780 4065 2903 4118 ἐπεὶ
2948 4065 3307 4129 ἐξουθενεῖται
3361 4065 3459 4134 μὲν
3513 4063 3661 4134 παρὰ
3710 4065 3820 4117 τῶν

2229 4156 2533 4228 ἀνθρώπων
2565 4160 2597 4228 ή
2648 4158 2850 4220 πίστις,
2882 4156 2976 4211 καὶ
3003 4154 3341 4227 βραχύτατόν
3366 4158 3503 4217 ἐστι,
3539 4154 3632 4206 καὶ
3667 4153 3819 4205 εὐτε-

2229 4246 2320 4310 λὲς
2354 4243 2492 4300 εἶναι
2525 4247 2795 4317 φαίνεται·
2831 4245 3071 4316 τυχοῦσα
3093 4246 3150 4298 δὲ
3174 4247 3278 4316 γῆς
3312 4245 3544 4315 ἀγαθῆς,
3575 4246 3820 4298 τουτέστι

2230 4339 2429 4409 ψυχῆς,
2483 4339 2694 4406 γίνεται
2745 4338 2962 4409 δένδρον
3004 4337 3166 4408 μέγαθ
3202 4337 3342 4390 ὥστε
3395 4337 3546 4390 οὐδὲν
3583 4337 3682 4408 μὲν
3713 4337 3822 4390 τῶν

2234 4431 2511 4501 ἀπτέρων,
2543 4430 2608 4483 τά
2659 4430 2717 4482 δὲ
2763 4429 3122 4500 ἐπτερωμένα
3173 4429 3556 4500 πνευματικῶς
3599 4429 3824 4482 πετεινά

545 4537 606 4580 ut
640 4526 846 4580 nullum
880 4527 983 4582 alis
1013 4530 1311 4582 carentium
1335 4570 1349 4594 ,
1377 4529 1564 4598 utique
1593 4544 1721 4584 vero
1743 4528 1881 4583 alata
1911 4529 2127 4598 spirita-

2229 4522 2322 4575 τοῦ
2352 4520 2582 4592 ούρανοῦ
2603 4522 2981 4593 κατασκηνοῦν
3004 4520 3262 4575 δύνασθαι
3292 4523 3347 4574 ὲν
3363 4523 3473 4584 τοῖς
3487 4521 3699 4586 κλάδοις
3721 4521 3823 4592 τῆς

544 4616 669 4671 liter
690 4616 933 4673 volucria
964 4620 1109 4687 caeli,
1141 4621 1391 4676 habitare
1424 4621 1636 4690 possint
1672 4620 1726 4676 in
1771 4621 1938 4675 ramis
1966 4630 2128 4675 tanta:

544 4708 705 4777 hujus
727 4708 872 4764 lidei.

548 4794 733 4850 v.45.
778 4797 1035 4855 Omnibus
1085 4811 1260 4865 autem
1315 4802 1702 4856 admirantibus
1756 4803 1820 4856 de
1883 4803 2123 4858 omnibus

687 4869 872 4936 quibus
903 4872 1022 4940 fecit
1057 4871 1214 4926 Jesus
1239 4916 1253 4940 ,
1292 4875 1429 4925 dixit
1455 4873 1523 4925 ad
1545 4874 1830 4941 discipulos
1852 4891 1975 4927 suos
2011 4889 2033 4926 :

555 5018 594 5074 V
655 5022 746 5076 ιι.
785 5023 974 5080 Ponite
1001 5044 1088 5081 vos
1121 5028 1173 5081 in
1204 5029 1424 5081 auribus
1462 5030 1642 5082 vestris
1682 5045 1945 5084 sermones
1977 5032 2122 5086 istos.

627 5090 670 5142 F
675 5092 796 5146 ilius
830 5099 966 5149 enim
993 5099 1218 5152 hominis
1244 5101 1529 5152 tradendus
1555 5110 1628 5152 est
1659 5099 1712 5152 in
1741 5117 1928 5154 manus
1956 5101 2126 5155 Itami-

622 5178 766 5218 nunt

622 5253 668 5307 Δ
702 5269 939 5324 quonam
975 5261 1268 5315 tradendus
1302 5261 1435 5316 est?
1474 5261 1766 5332 Apostolus
1799 5263 2015 5332 quidem
2050 5263 2132 5317 di-

551 5345 649 5410 cit,
673 5349 930 5404 traditum
977 5353 1144 5408 fuisse
1196 5354 1393 5409 Filium
1441 5370 1470 5408 a
1518 5354 1667 5418 Deo,
1699 5355 1952 5423 inquiens
1985 5371 1998 5406 :
2027 5356 2132 5422 Qui

549 5441 768 5506 praprio
801 5439 944 5496 Filio
982 5461 1076 5498 suo
1112 5462 1217 5498 non
1258 5448 1620 5514 pepercit,sed
1649 5463 1744 5514 pro
1781 5447 1926 5500 nobis
1960 5452 2132 5502 cumi-

551 5530 646 5583 bus
668 5533 891 5587 tradidit
913 5534 1063 5588 illuni
1093 5536 1160 5603 “,
1186 5552 1472 5606 passurum
1499 5552 1691 5609 neutpe
1720 5552 1818 5608 pro
1842 5545 1954 5593 toto
1981 5555 2137 5594 mutt-

623 5647 671 5679 ”
693 5646 860 5707 Et-cli.
901 5664 1068 5714 xxvn,
1111 5650 1200 5705 12.
1274 5651 1321 5684 "
1343 5650 1473 5708 ibid.
1548 5653 1595 5685 "
1627 5652 1783 5709 Rom.
1813 5667 1932 5720 vm,
1966 5651 2057 5709 32.

621 5740 736 5883 (93;
772 5741 931 5796 Forte
956 5742 1133 5812 ἥκειν.

621 5812 711 5883 (95
767 5812 925 5867 Forte
951 5815 1133 5868 deestt‘

619 5811 734 5884 (95)
767 5812 925 5867 Forte
951 5811 1097 5868 deest
1124 5811 1209 5868 ᾶν.

2229 4613 2486 4684 τοιαύτης
2520 4612 2778 4676 πίστεως.

2231 4791 2376 4862 Στίχ.
2436 4807 2542 4862 μγ.
2581 4788 2834 4862 Πάντων
2873 4789 2942 4842 δὲ
2966 4788 3395 4862 ⁸θαυμαζόντων
3444 4789 3546 4862 ἐπὶ
3608 4790 3818 4855 πᾶσιν,

2302 4857 2390 4952 of?
2412 4857 2701 4943 ἐποίησεν
2719 4864 2752 4914 ό
2796 4859 3019 4928 Ἰησοῦς
3033 4901 3046 4924 ,
3079 4857 3209 4915 εἷπε
3231 4861 3381 4929 πρὸς
3396 4860 3538 4927 τοὺς
3550 4865 3821 4931 μαθητὰς

2305 4950 2512 4990 αυτου.

2235 5028 2383 5098 Στίχ.
2415 5025 2514 5098 μδ.
2545 5023 2734 5080 Θέσθε
2769 5024 2938 5098 ὑμεῖς
2979 5027 3080 5098 εἰςΔ
3100 5023 3172 5078 τὰ
3198 5019 3319 5098 (bra
3347 5023 3515 5098 ὑμῶν
3535 5023 3683 5098 τοὺς.
3715 5026 3822 5078 λό-

2303 5094 2449 5166 γὸυξ
2465 5098 2734 5160 τούτους.
2777 5096 2839 5148 '0
2862 5095 2979 5166 γὰρ
2995 5095 3124 5161 Υὶὸς
3145 5096 3250 5148 τοῦ
3274 5094 3589 5164 ἀνθρώπου
3607 5094 3823 5164 μέλλει

2303 5165 2738 5235 παραδίδοσθαι
2769 5169 2856 5232 εὶς
2893 5165 3096 5234 χεῖρας
3119 5167 3462 5234 ἀνθρώπων.

2315 5261 2452 5314 Ὑπὸ
2502 5260 2645 5323 τίνος
2695 5259 2804 5331 ἄρα
2859 5259 3042 5330 μέλλει
3106 5257 3527 5327 παραδίδοσθαι;
3596 5255 3655 5309 '0
3720 5256 3821 5326 μὲν

2243 5351 2563 5416 Ἀπόστολός
2598 5368 2730 5421 φησι
2792 5351 3188 5420 παραδεδόσθαι
3253 5352 3356 5405 ὑπὸ
3393 5352 3486 5405 τοῦ
3540 5350 3675 5405 Θεοῦ
3729 5351 3821 5403 τὸν

2233 5445 2380 5508 Υίὸν,
2409 5443 2549 5506 ὲκώς
2568 5442 2699 5514 (96)·
2712 5445 2810 5508 "Oc
2827 5460 2891 5512 γε
2908 5443 3012 5496 τοῦ
3032 5443 3188 5497 ἰδίου
3221 5443 3360 5497 Υἱοῦ
3380 5446 3491 5498 οὐκ
3514 5441 3820 5513 ἐφείσατο,

2243 5539 2378 5594 ἀλλ’
2415 5537 2569 5607 ὑπὲρ
2597 5535 2766 5608 ἡμῶν
2804 5537 3045 5594 πάντων
3081 5537 3424 5608 παρέδωκεν
3445 5537 3652 5602 αὑτὸν,
3679 5534 3824 5606 ὑπὲρ

2303 5745 2416 5819 (95:)
2446 5743 2609 5819 [orte
2635 5745 2971 5818 δυνηθέντος.

2309 5815 2422 5886 (νϐ)
2451 5814 2652 5873 Εἰπὼν.
