4172 6404
310 351 422 408 549

1598 351 1892 408 SCHOLIA
1929 351 1996 407 IN
2035 349 2296 410 LUCAM.
2345 402 2349 406 _

3467 347 3574 426 ssc

305 469 432 521 ὅλου
486 465 580 520 τοῦ
627 465 834 537 κόσμου
883 468 1223 538 πεισόμενον,
1275 469 1362 523 ἵνα
1406 468 1522 538 ἄρῃ
1570 469 1734 523 αὐτοῦ
1780 467 1884 532 τὴν

1999 469 2090 536 do,
2123 475 2182 522 ιιι
2211 468 2330 538 ejus
2381 464 2586 521 tolleret
2611 473 2878 534 peccatum
2903 464 2970 518 ’⁷.
3007 463 3163 519 Dices
3189 471 3367 519 autem
3401 465 3568 519 etiam

307 559 628 628 ἁμαρτίαν·
662 560 807 635 ἐρεῖς
837 559 895 612 δὲ
941 559 1036 612 καὶ
1069 559 1173 613 ὑπὸ
1200 559 1293 613 τοῦ
1332 560 1578 614 διαϐόλου
1601 561 1896 635 παραδεδό-

310 651 436 704 σθαι
465 649 648 714 αὑτὸν,
679 629 769 718 ύςρζ
797 645 858 704 06
883 651 1260 720 παραδίδονται
1285 654 1399 716 τοῖς
1421 629 1896 724 αἰχμαλωτεύσασι

304 741 380 794 τὰ
400 741 570 811 ζεύγη
603 742 698 795 καὶ
729 743 778 794 οἱ
811 741 920 795 ὄνοι
942 742 1034 796 τοῦ
1082 741 1224 808 Ἰὼϐ,
1254 740 1371 798 εἶτα
1406 748 1520 808 τοῖς
1551 745 1807 798 ἱππεῦσιν
1838 747 1895 798 αἱ

307 833 571 903 κάμηλοι,
605 833 685 904 τῷ
726 833 861 904 πυρὶ
886 833 957 888 τὰ
985 835 1257 906 πρόϐατα,
1290 835 1368 907 τῷ
1402 836 1461 904 ἐξ
1496 838 1702 909 ἐρήμου
1732 837 1897 890 πνεύ-

310 942 446 995 ματι
501 927 558 980 αἱ
593 928 783 980 τούτου
837 925 1134 999 θυγατέρες
1181 929 1276 982 καὶ
1321 930 1371 982 οἱ
1426 930 1550 983 υἱοί.
1592 931 1772 983 Ἔστω
1801 925 1894 984 οὖν

308 1017 528 1090 πρῶτον
561 1018 668 1072 ὑπὸ
712 1017 806 1072 τοῦ
862 1019 1076 1090 Πατρὸς
1127 1021 1562 1092 παραδεδομένος
1599 1023 1629 1074 6
1657 1023 1782 1086 Υἱὸς
1815 1025 1894 1087 είς

307 1115 502 1182 χεῖρας
537 1109 859 1183 ἀνθρώπων⁸
890 1107 1010 1165 εἶτα
1047 1113 1152 1166 ὑπὸ
1181 1113 1276 1167 τοῦ
1325 1115 1516 1179 Ἰούδα,
1546 1116 1626 1179 εἰς
1656 1115 1720 1169 ὃν
1757 1116 1895 1188 μετά

305 1202 374 1255 τὸ
396 1203 609 1274 ψωμίον
638 1203 885 1273 εἰσῆλθεν
899 1205 928 1256 6
949 1206 1193 1269 Σατανᾶς
1209 1206 1574 1278 ἀρχικώτερον
1596 1208 1688 1262 τοῦ
1724 1209 1894 1263 Ἰούδα

307 1296 641 1366 παραδιδοὺς
691 1296 871 1350 αὐτόν.
944 1297 1081 1350 Ἀλλ’
1125 1299 1154 1350 6
1211 1299 1309 1369 μὲν
1354 1300 1544 1371 Πατὴρ
1600 1301 1706 1354 τοῦ
1741 1301 1892 1355 ἰδίου

317 1387 460 1441 Υίοῦ
481 1389 591 1441 οὐκ
617 1388 904 1457 ἐφείσατο
934 1389 1312 1462 φιλανθρωπίᾳ
1338 1394 1404 1462 τῇ
1447 1392 1583 1462 πρὸς
1613 1393 1761 1462 ἡμᾶς
1797 1394 1892 1447 καὶ

305 1480 660 1552 χρηστότητι·
719 1483 747 1534 6
795 1481 852 1534 δὲ
918 1481 1116 1546 Ἰούδας
1178 1484 1446 1556 μοχθηρίᾳ
1499 1485 1885 1556 προαιρέσεως.

305 1573 656 1638 Θανατωθεὶς
670 1574 748 1641 δὲ,
777 1573 888 1628 τὸν
908 1575 973 1628 τὸ
1001 1575 1218 1644 κράτος
1237 1577 1456 1647 ἔχοντα
1478 1578 1584 1632 τοῦ
1607 1577 1886 1644 θανάτου,

303 1665 428 1736 ἦτοι
479 1667 579 1736 τῆς
619 1667 914 1738 ἁμαρτίας,
942 1667 1221 1724 διάϐολον
1262 1670 1620 1740 κατήργησε.
1649 1671 1890 1736 Θάνατος

304 1757 418 1829 γὰρ
443 1759 477 1829 ἡ
499 1759 744 1831 ἁμαρτία
769 1761 992 1832 κυρίως,
1022 1762 1165 1816 κατά
1195 1763 1274 1814 τό·
1312 1763 1487 1832 Ψυχὴ
1515 1762 1886 1833 ἁμαρτάνου-

1999 577 2029 614 a
2078 559 2293 614 diabolo
2335 558 2592 612 traditum
2631 556 2800 611 fuisse
2844 555 2991 610 illum
3019 596 3034 619 ,
3064 572 3092 609 a
3122 571 3231 626 quo
3285 558 3573 611 traduntur

1997 653 2399 725 captivantibus
2436 652 2600 706 etiam
2625 649 2758 724 juga
2784 659 2840 705 et
2884 651 3022 704 asini
3047 648 3170 714 Job,
3199 659 3383 718 postea
3416 653 3572 719 equi-

1999 749 2140 802 tibus
2192 744 2408 810 cameli,
2444 743 2553 815 igni
2598 758 2758 808 oves,
2805 748 2968 796 vento
3007 742 3208 798 deserti
3249 743 3409 810 hujus
3448 742 3573 796 lilia:

1995 849 2051 894 et
2074 839 2188 894 lilii.
2213 837 2344 893 Esto
2384 837 2584 907 igitur;
2622 836 2858 904 primum
2883 852 2912 888 a
2937 834 3097 888 Patre
3122 834 3350 889 traditus
3381 844 3464 889 est
3483 832 3575 889 Fi-

1998 927 2102 983 lius
2147 928 2202 982 in
2234 940 2426 981 manus
2470 925 2779 989 hominum,
2805 924 2999 979 deinde
3035 925 3104 978 ab
3135 923 3294 990 Juda,
3327 925 3380 978 In
3408 938 3568 992 quem

1996 1029 2118 1090 post
2169 1017 2470 1074 buccellam
2510 1016 2788 1086 ingressus
2839 1027 2933 1072 est.
2969 1014 3241 1082 Satanas,
3277 1015 3372 1086 qui
3416 1016 3573 1087 longe

1994 1120 2121 1166 ante
2151 1108 2344 1165 Judam
2371 1110 2668 1164 tradiderat
2695 1125 2840 1165 eum.
2880 1109 2950 1163 At
2985 1109 3145 1164 Pater
3171 1109 3383 1177 proprio
3426 1109 3571 1163 Filio

1993 1220 2088 1258 suo
2120 1219 2223 1257 non
2257 1204 2503 1273 pepercit,
2536 1202 2870 1257 humanitate
2908 1217 2971 1256 ac
3006 1202 3338 1270 benignitate
3390 1217 3486 1257 sua
3519 1203 3572 1257 in

1994 1309 2136 1348 nos:
2169 1291 2338 1348 Judas
2387 1308 2552 1361 vero,
2592 1293 2795 1348 malitia
2836 1293 3150 1348 voluntatis.
3199 1292 3359 1348 Morti
3411 1307 3574 1362 porro

1991 1386 2170 1449 datus,
2187 1401 2306 1438 eum
2327 1385 2417 1455 qui
2441 1386 2718 1454 imperium
2741 1386 2959 1439 habebat
2986 1387 3190 1450 mortis,
3209 1386 3321 1440 sive
3343 1385 3572 1455 peccati,

1990 1475 2258 1529 diabolum
2316 1476 2768 1530 exauctoravit".
2814 1474 3104 1530 Peccatum
3161 1476 3306 1530 enim
3359 1474 3576 1544 proprie

1992 1583 2139 1622 mors
2163 1575 2272 1631 est,
2297 1567 2451 1636 juxta
2495 1567 2624 1623 illud
2674 1585 2687 1621 :
2730 1566 2920 1621 Anima
2954 1583 3194 1636 peccans,
3226 1568 3340 1635 ipsa
3378 1566 3572 1619 morie-

1991 1670 2079 1714 tur
2107 1663 2174 1718 ”.
2205 1663 2282 1717 Ac
2303 1664 2564 1731 principes
2597 1663 2812 1732 quidem
2842 1665 3124 1718 astiterunt
3145 1664 3398 1717 adversus
3416 1661 3576 1715 Chri-

1989 1762 2126 1807 stum
2155 1755 2172 1784 ¹
2209 1769 2223 1805 :
2249 1769 2348 1808 nos
2373 1769 2502 1808 vero
2532 1754 2654 1808 inde
2696 1754 2862 1822 adjuti
2893 1756 3036 1824 quod
3075 1755 3190 1824 ipse
3214 1755 3428 1808 occisus
3457 1752 3575 1807 fue-

303 1827 412 1914 σα,
443 1827 597 1918 αὑτὴ
625 1827 1032 1906 ἀποθανεῖται.
1061 1854 1171 1906 Kal
1198 1856 1252 1906 οἱ
1298 1854 1394 1923 μὲν
1409 1827 1709 1922 αρχοντες
1735 1867 1884 1923 παρ-

1988 1847 2080 1909 rit,
2108 1845 2336 1900 dicimus
2369 1845 2498 1901 illud
2528 1847 2920 1914 :dirumpamus
2955 1845 3162 1900 vincula
3197 1862 3377 1899 eorum
3412 1847 3452 1899 ².
3480 1845 3572 1899 Et-

299 1940 581 2010 ἐστησαν
619 1944 767 1998 κατὰ
801 1943 1211 2013 τοῦ-Χριστοῦ,
1243 1947 1406 2017 ἡμεῖς
1432 1945 1488 1998 δὲ
1515 1945 1888 2017 ὠφεληθέντες

299 2034 383 2104 τῷ
414 2035 620 2089 ἐκεῖνον
636 2036 996 2102 ἀπεκτάσθαι,
1023 2038 1202 2109 φαμὲν
1217 2038 1296 2090 τό·
1317 2039 1728 2109 Διαρρήξωμεν
1747 2039 1890 2106 τοὺς

300 2124 567 2196 δεσμοὺς
583 2127 800 2182 αὐτῶν.
832 2131 1172 2199 Σύμμορςροι
1206 2129 1315 2202 γὰρ
1347 2131 1658 2200 γεγονότες
1689 2130 1769 2197 τῷ
1785 2136 1888 2186 θα-

298 2217 464 2282 νάτῳ
489 2220 600 2274 τοῦ
636 2223 918 2290 Χριστοῦ,
947 2223 1130 2276 οὐκέτι
1165 2223 1330 2294 ἐσμὲν
1376 2223 1480 2277 ὑπὸ
1503 2227 1630 2288 τοὺς
1657 2227 1890 2298 δεσμοὺς

299 2311 411 2366 τῶν
437 2313 710 2368 ἐναντίων·
745 2315 861 2369 ἀλλ’
900 2316 1054 2369 αὐτοὶ
1089 2315 1289 2388 μᾶλλον
1327 2316 1685 2386 ἐκτελῶν-ται
1728 2322 1891 2390 παρὰ

299 2403 410 2458 τοῦ
442 2404 868 2472 κατοικοῦντος
908 2407 977 2460 ὲν
1018 2406 1297 2476 οὐρανοῖς
1348 2409 1600 2478 Πατρός,
1633 2411 1734 2466 καὶ
1766 2413 1888 2468 ὑπὸ

300 2494 411 2549 τοῦ
436 2497 658 2564 Κυρίου
675 2495 1149 2565 μυκτηρίζονται.
1207 2497 1469 2562 Ἀναστὰς
1509 2498 1617 2572 γὰρ
1646 2502 1890 2574 συμμόρ-

1991 1939 2136 1992 enim
2169 1938 2464 2006 conformes
2515 1939 2646 2008 facti
2685 1941 2846 1993 morti
2893 1938 3092 1993 Christi
3113 1939 3132 1970 ³
3155 1979 3171 2005 ,
3205 1953 3309 1992 non
3343 1937 3572 2006 amplius

1995 2045 2183 2084 sumus
2217 2030 2319 2085 sub
2353 2031 2580 2086 vinculis
2626 2031 3079 2094 adversariorum,
3121 2030 3216 2086 sed
3263 2031 3362 2099 ipsi
3394 2029 3577 2100 potius

1989 2122 2286 2175 irridentur
2319 2123 2381 2176 ab
2425 2139 2484 2176 eo
2512 2124 2606 2192 qui
2639 2124 2840 2177 habitat
2865 2126 2921 2178 in
2948 2123 3091 2178 caelis
3115 2121 3296 2188 Patre,
3315 2134 3363 2176 et
3391 2139 3424 2176 a
3461 2121 3566 2176 Do-

1991 2216 2134 2268 mino
2157 2216 2607 2273 subsannantur‘.
2631 2216 2940 2282 Resurgens
2959 2217 3101 2272 enim
3123 2216 3430 2272 conformes
3475 2229 3574 2270 nos

1991 2302 2119 2358 fecit
2147 2306 2312 2360 etiam
2343 2308 2760 2363 resurrectionis
2789 2324 2899 2364 sua“:
2923 2349 2940 2373 ,
2978 2323 3083 2362 non
3118 2306 3352 2375 amplius
3382 2307 3574 2361 seden-

1992 2402 2074 2448 tes
2116 2395 2444 2453 intenebris
2475 2409 2532 2452 et
2579 2397 2766 2452 umbra
2817 2399 3051 2464 mortis,
3095 2405 3380 2467 prepterea
3426 2399 3573 2465 quod

1992 2494 2172 2540 ortum
2211 2488 2284 2543 sit
2312 2503 2476 2560 super
2503 2505 2600 2545 nos
2629 2489 2808 2544 lumen
2841 2487 2954 2544 Dei.

303 2605 438 2657 φους
471 2589 618 2660 ἡμᾶς
650 2591 916 2662 πεποίηκε
949 2591 1161 2662 καὶτῆς
1189 2592 1354 2646 αὑτοῦ
1388 2594 1756 2661 ἀναστάσεως,
1825 2598 2009 2653 οὐκέτι
2057 2602 2458 2677 καθεζομένους
2509 2607 2567 2662 ὲν
2615 2607 2794 2660 σκότει
2852 2609 2948 2661 καὶ
2995 2607 3123 2677 σκιᾷ
3189 2605 3442 2672 θανάτου,
3481 2604 3575 2660 διὰ

300 2681 366 2734 τὸ
389 2683 666 2737 ἀνατεῖλαι
691 2685 777 2753 ἐφ’
806 2685 955 2756 ἡμᾶς
993 2685 1108 2754 φῶς
1140 2684 1236 2738 τοῦ
1269 2685 1424 2739 Θεοῦ.

301 2773 598 2852 Στίῃμζηι
637 2774 905 2852 Ἐγένετο
932 2775 1002 2852 δὲ
1041 2777 1460 2852 πορευομένοψ
1490 2777 1698 2852 αὐτῶν
1718 2780 1790 2834 ἐν
1816 2781 1891 2852 τῇ

374 2840 512 2916 όδῷ,
540 2840 671 2916 εἶπέ
698 2840 805 2916 τις
865 2846 1015 2914 πρὸς
1069 2840 1277 2901 αὖτόνῖ
1330 2848 1742 2916 Ἀκολουθήσω
1791 2840 1892 2906 σὸὶ

373 2913 527 2968 ὅπου
545 2914 653 2967 ἐὰν
677 2913 930 2985 ἀπέρχῃ⁷
948 2918 1143 2985 Κύριε.

299 3004 448 3075 Στίχ.
478 3011 589 3078 νηκῄ
615 3003 907 3078 καὶεῖπεν
931 3006 1092 3073 αὐτῷ
1116 3009 1150 3078 ό
1190 3007 1446 3075 Ἰησοῦςο
1472 3011 1543 3062 Al
1580 3009 1886 3078 ἀλώπεκες

2000 2782 2065 2838 V.
2100 2783 2190 2838 57.
2232 2786 2436 2840 Accidit
2461 2795 2658 2854 autem,
2693 2786 3088 2840 ambulantibus
3113 2786 3188 2840 eis
3220 2787 3276 2840 in
3313 2786 3396 2839 via
3423 2827 3440 2851 ,
3481 2786 3571 2839 di-

2067 2858 2148 2978 ἵὶι
2185 2857 2399 2938 quidam
2432 2863 2502 2910 ad
2527 2859 2677 2910 illum
2707 2873 2726 2911 :
2758 2856 2965 2927 Sequar
2993 2867 3062 2922 te,
3095 2872 3406 2927 quocunque
3433 2857 3570 2920 ubis,

2120 2943 2310 2982 omine.

1993 3013 2060 3072 ν.
2095 3016 2186 3071 58.
2220 3016 2288 3070 Ει
2323 3017 2460 3070 dixit
2501 3019 2550 3071 ei
2584 3017 2780 3072 Jesus:
2824 3017 3018 3087 Vulpes
3060 3019 3228 3070 lustra
3265 3017 3491 3082 habent,
3519 3027 3569 3072 et

372 3076 642 3165 ξωλεοὺς
669 3075 903 3143 ἔχουσι,
951 3078 1047 3163 καὶ
1094 3077 1166 3131 τὰ
1180 3081 1446 3165 facta}.
1462 3078 1570 3131 τοῦ
1610 3075 1883 3165 ρύφατοῇ

2062 3087 2295 3165 volucres
2321 3089 2435 3165 caeli
2468 3088 2666 3165 habent
2701 3075 3003 3165 habitacula
3037 3105 3056 3142 :
3079 3087 3250 3143 Filius
3285 3099 3458 3142 autem
3478 3075 3576 3142 Ἰιο-

369 3145 584 3219 ἔχουσι
614 3146 1125 3219 κατασκηνώσειςο
1160 3151 1192 3202 ὀ
1242 3148 1313 3219 δὲ
1359 3148 1490 3216 Υἱὸς
1532 3151 1639 3204 τοῦ
1672 3145 1888 3219 ἀνθρώ-

370 3230 489 3268 που
512 3218 624 3270 οὐκ
658 3216 780 3286 ἔχει
808 3218 926 3271 ποῦ
947 3217 1063 3284 τὴν
1097 3218 1374 3288 κεφαλὴν
1404 3221 1606 3289 κλίνῃ.

368 3308 433 3361 El
468 3309 566 3379 μὲν
589 3305 683 3362 οὖν
714 3308 935 3380 ἕτοιμος
953 3305 1004 3362 εἶ
1028 3310 1190 3375 αὐτὸς
1215 3311 1415 3382 ὁμοίως
1451 3313 1572 3383 ἐμοὶ
1605 3313 1706 3366 οὐκ
1736 3313 1880 3385 ἔχον·

297 3415 352 3451 τι
387 3398 489 3452 ποῦ
515 3399 615 3470 τὴν
649 3399 890 3470 κεφαλὴν
929 3399 1128 3464 κλῖναι,
1173 3403 1377 3474 αἱρήσῃ
1406 3402 1494 3456 διά
1518 3403 1619 3474 τὴν
1645 3405 1785 3477 ἐμὴν
1802 3405 1882 3458 δι-

295 3487 591 3542 δασκαλίαν
639 3489 700 3542 τὸ
727 3489 1098 3544 ἀκατάστατον
1127 3491 1361 3546 ἐνταῦθα
1417 3493 1590 3548 ἐλπίδι
1625 3496 1724 3567 τῆς
1774 3497 1884 3552 τῶν

296 3578 540 3652 οὐρανῶν
573 3579 870 3649 βασιλείας,
896 3583 982 3635 ἐπ’
1005 3582 1178 3637 οὐδενὶ
1196 3585 1294 3656 τὴν
1321 3585 1624 3640 ἀνάπαυσιν
1648 3588 1884 3644 ἐνταῦθα

300 3669 374 3741 μή
400 3670 737 3741 προσδοκῶν,
763 3671 876 3724 ἀλλ’
899 3673 958 3727 έν
981 3671 1060 3744 τῷ
1086 3673 1346 3744 μέλλοντι.
1383 3676 1445 3727 Οἱ
1473 3675 1582 3747 γὰρ
1613 3677 1738 3746 ἐμοὶ
1779 3695 1882 3748 μα..

298 3760 476 3831 θηται,
530 3763 874 3835 δικαιοσύνην
917 3764 1232 3830 ἀσκοῦντες,
1261 3766 1320 3819 ὲν
1349 3765 1427 3836 τῷ
1465 3767 1657 3838 κόσμῳ
1706 3768 1882 3840 τούτῳ

296 3852 476 3924 θλίψιν
505 3855 708 3920 ἕξουσισ
758 3857 984 3929 πονηροὶ
1011 3857 1068 3909 δὲ
1112 3859 1206 3910 καὶ
1242 3858 1458 3930 γόητες,
1494 3858 1735 3926 ἀλώπεξι
1786 3863 1880 3915 καὶ

295 3953 561 4012 πετεινοῖς
579 3949 811 4022 ούρανοῦ
858 3949 1352 4022 παραϐαλλόμενοι,
1384 3952 1443 4004 ὲν
1469 3951 1546 4021 τῷ
1577 3951 1676 4022 βίῳ
1707 3953 1882 4026 τούτῳ

294 4040 628 4112 προκόψουσι
664 4041 972 4105 πλανῶντες
996 4035 1090 4096 καὶ
1111 4042 1471 4114 πλανώμενοι.

375 4132 737 4205 Ὑψηλότερον
788 4134 864 4187 δέ’
923 4136 1050 4189 Ὅτε
1093 4135 1369 4207 ἐτεθνήκει
1415 4134 1493 4207 τῷ
1541 4135 1806 4207 νεανίσκῳ
1849 4137 1878 4189 6

293 4225 476 4296 πατὴρ
528 4228 624 4278 καὶ
651 4222 718 4298 ἦν
747 4226 960 4298 νεκρὸς,
1010 4227 1132 4280 τότε
1168 4227 1276 4281 ἀπὸ
1306 4227 1399 4280 τοῦ
1439 4226 1613 4298 Ἰησοῦ
1646 4227 1873 4299 ἐκλήθη.

2060 3158 2221 3212 minis
2251 3174 2356 3212 non
2389 3158 2539 3212 habet
2564 3159 2654 3212 ubi
2683 3170 2834 3230 caput
2860 3159 3096 3214 reclinet.

2059 3314 2118 3371 Si
2143 3297 2312 3385 igitur
2338 3325 2561 3387 paratus
2590 3331 2651 3371 es
2699 3325 2779 3383 tu,
2827 3317 3050 3387 perinde
3093 3327 3257 3388 atque
3285 3333 3426 3390 ego,
3459 3334 3566 3376 non

1985 3407 2190 3465 habens
2215 3409 2306 3464 ubi
2329 3421 2490 3480 caput
2521 3409 2753 3465 reclines
2781 3425 2798 3476 ;
2831 3409 2998 3480 eliges
3025 3425 3120 3480 per
3150 3425 3322 3465 meam
3345 3411 3565 3467 doctri-

1983 3513 2111 3553 nam
2146 3498 2550 3556 instabilitatem
2577 3500 2686 3565 hic,
2713 3515 2810 3570 spe
2841 3485 2990 3570 regni
3041 3500 3327 3568 caelorum,
3348 3501 3402 3556 in
3423 3501 3568 3557 nulla

1984 3606 2043 3646 re
2069 3592 2305 3662 quietem
2347 3593 2438 3646 hic
2484 3602 2841 3662 exspectans,
2887 3593 2982 3647 sed
3038 3593 3090 3647 in
3126 3592 3307 3648 l'uturo
3345 3593 3566 3652 saeculo.

1984 3683 2242 3753 Discipuli
2278 3699 2516 3753 namque
2546 3685 2650 3739 mei
2683 3683 2949 3752 justitiam
2991 3695 3338 3750 exercentes,
3373 3686 3427 3740 in
3458 3686 3565 3742 hoc

1983 3774 2184 3829 mundo
2215 3772 2559 3830 alﬁictionem
2579 3775 2875 3831 habebunt.
2904 3775 3165 3833 Homines
3191 3793 3320 3833 vero
3361 3779 3487 3834 mali
3510 3790 3565 3834 et

1982 3867 2359 3934 fascinatores,
2380 3869 2630 3936 vulpibus
2657 3879 2714 3925 et
2741 3870 3052 3926 volucribus
3088 3870 3211 3925 οωΙί
3241 3873 3562 3942 comparati,

1980 3959 2035 4014 in
2060 3959 2164 4016 hac
2196 3961 2304 4015 vita
2334 3961 2639 4030 proﬁcient,
2666 3962 2997 4031 decipientes
3039 3972 3095 4017 et
3127 3963 3360 4034 decepti.

2052 4138 2348 4195 Sublimins
2377 4153 2504 4195 vero
2525 4158 2540 4195 :
2561 4139 2789 4209 Quando
2824 4149 3074 4198 mortuus
3109 4150 3193 4197 est
3228 4143 3559 4198 adolescenti

1978 4243 2138 4303 pater
2176 4242 2403 4303 eratque
2452 4233 2720 4298 cadaver,
2762 4241 2889 4288 tunc
2935 4249 2963 4285 a
3003 4231 3130 4288 Jesu
3179 4243 3402 4290 vocatus
3453 4245 3554 4289 est.

290 4317 592 4388 Νομιστέον
607 4318 683 4383 δὲ,
709 4321 811 4382 ὅτι,
835 4319 1023 4389 ῶσπερ
1041 4322 1069 4374 6
1089 4321 1294 4391 κόσμος
1314 4319 1510 4390 Παύλῳ
1534 4319 1876 4390 ἐσταύρωται

1986 4322 2408 4378 Existimandum
2441 4331 2525 4378 est
2545 4337 2706 4388 vero,
2733 4324 2875 4393 quod
2905 4322 3359 4391 quemadmodum
3401 4339 3558 4376 mun-

290 4410 384 4462 καὶ
433 4410 628 4481 νεκρὸς
658 4406 748 4482 ἦν,
795 4411 916 4464 ἐπεὶ
963 4411 1214 4484 τεθνήκει
1259 4411 1409 4484 αὐτῷ
1436 4412 1506 4466 τά
1536 4413 1632 4466 τοῦ
1665 4413 1872 4484 κόσμου

1986 4417 2080 4470 dus
2111 4414 2278 4471 Paulo
2320 4413 2616 4470 cruciﬁxus
2655 4423 2778 4480 est,
2808 4423 2862 4469 et
2897 4424 3143 4468 mortuus
3190 4425 3350 4482 erat;
3386 4415 3556 4484 siqui-

289 4501 616 4573 πράγματα,
649 4504 846 4574 μηκέτι
875 4503 1014 4557 αύτά
1047 4502 1427 4568 σκοποῦντιὼς
1452 4503 1758 4576 βλεπόμενα
1779 4507 1874 4559 καὶ

1986 4508 2100 4563 dem
2132 4516 2363 4562 mortuae
2394 4516 2550 4563 erant
2573 4509 2621 4562 ei
2645 4507 2934 4562 mundana:
2967 4521 3071 4573 res,
3101 4507 3298 4576 quippe
3327 4509 3417 4578 qui
3449 4523 3553 4562 non

288 4593 622 4666 πρόσκαιρα·
647 4593 820 4658 οὕτως
852 4595 1067 4666 ἑκάστῳ
1093 4594 1287 4666 δικαίῳ
1309 4595 1538 4667 τέθνηκε
1558 4598 1586 4650 6
1607 4595 1871 4661 διάϐολος,

1986 4596 2210 4667 amplius
2238 4597 2362 4653 illas
2413 4598 2763 4668 respiciebat,
2809 4605 3000 4667 utpote
3031 4605 3350 4667 apparentes
3395 4599 3555 4653 modo

285 4686 436 4750 ὅστις
458 4685 609 4757 αὒτῷ
642 4685 736 4758 ἔζη
761 4687 1146 4758 ἁμαρτάνοντι.
1184 4686 1310 4752 Πᾶς
1339 4686 1448 4757 γὰρ
1467 4690 1500 4740 ό
1524 4686 1711 4741 ποιῶν
1759 4688 1874 4756 τὴν

1986 4699 2031 4744 et
2057 4689 2398 4744 transitorias
2434 4703 2449 4739 :
2479 4689 2559 4744 sic
2598 4689 2796 4758 cuique
2833 4687 2986 4756 justo
3020 4697 3266 4742 mortuus
3302 4697 3384 4743 est
3435 4688 3553 4741 dia-

286 4777 582 4847 ἀμαρτίαν
605 4779 674 4832 ἐκ
715 4779 821 4833 τοῦ
864 4779 1147 4834 διαϐόλου
1201 4781 1567 4848 γεγέννηταιο
1607 4780 1767 4833 παντὶ
1815 4781 1873 4834 δὲ

1986 4780 2167 4848 holus,
2225 4780 2319 4850 qui
2373 4780 2423 4834 ei
2463 4780 2678 4836 vivebat
2727 4780 2998 4850 peccanti.
3055 4777 3241 4832 Omnis
3274 4779 3411 4831 enim
3459 4777 3554 4847 qui

286 4869 656 4940 ἁμαρτάνοντι
710 4872 804 4924 καὶ
858 4871 1150 4924 σκοποῦντι
1205 4872 1274 4925 τά
1303 4871 1432 4942 τῇδε
1464 4871 1530 4942 ζῇ
1573 4872 1602 4923 6
1636 4871 1870 4942 πονηρὸς

283 4962 493 5032 πατήρ.
530 4962 702 5015 Παντὶ
739 4962 816 5026 δὲ,
851 4955 895 5031 ᾧ
935 4963 1166 5034 τέθνηκε
1197 4966 1226 5016 6
1280 4963 1536 5036 πονηρὸς,
1575 4963 1770 5032 λέγοιτ’
1803 4962 1870 5016 ἂν

283 5051 392 5105 ὑπὸ
414 5051 509 5106 τοῦ
529 5053 766 5124 Χριστοῦ
794 5055 875 5119 τὸ,
908 5055 1250 5110 Ἀκολούθει
1265 5072 1388 5124 μοι.
1418 5055 1528 5108 Καὶ
1545 5054 1683 5125 τάχα
1701 5055 1871 5108 τοιοῦ-

279 5145 374 5199 τόν
415 5146 847 5217 ἐστι-μυστικῶς
884 5147 1171 5218 νοούμενον
1212 5147 1273 5200 τὸ
1316 5148 1426 5201 δεῖν
1470 5148 1743 5219 μισεῖσθαι
1777 5149 1868 5217 ὑφ’

280 5237 440 5308 ἡμῶν
487 5239 580 5292 τὸν
629 5240 860 5310 πατέρα,
912 5243 960 5294 εί
996 5240 1284 5312 μέλλοιμεν
1332 5239 1471 5305 ἄξιοι
1509 5240 1729 5294 ἔσεσθαι
1772 5239 1867 5293 τοῦ

294 5329 489 5401 Ἰησοῦ.
509 5333 583 5386 Τὸ
603 5332 680 5398 δὲ,
707 5333 852 5401 Τοὺς
879 5332 1134 5401 νεκροὺς
1163 5332 1349 5401 θάψαι
1363 5331 1506 5397 τοὺς
1523 5331 1753 5386 ἑαυτῶν
1775 5348 1868 5385 νε-

280 5426 485 5492 κροὺς,
509 5426 891 5498 ἀλληγορεῖται
912 5428 1093 5497 μόνον.
1120 5427 1396 5481 Θάπτουσι
1407 5426 1516 5497 γάρ
1541 5443 1657 5490 πως
1679 5425 1864 5495 νεκροὶ

278 5515 408 5579 τοὺς
448 5517 656 5570 ἑαυτῶν
687 5519 914 5589 νεκροὺς
945 5520 1002 5570 ἐν
1022 5519 1251 5582 ἑαυτοῖς,
1289 5518 1449 5587 τάφοι
1483 5517 1576 5570 καὶ
1625 5519 1864 5587 μνημεῖα

352 5721 399 5752 ’⁷
421 5721 580 5776 Joan.
613 5737 653 5780 t.
683 5720 770 5776 29.
849 5722 896 5754 ³⁸
929 5721 1091 5776 Hebr.
1130 5739 1190 5786 ll,
1228 5724 1314 5776 14.
1391 5724 1436 5755 ⁹⁹
1473 5724 1670 5778 Ezech.
1737 5740 1884 5785 xvm,

352 5792 488 5848 ’rov.
516 5809 555 5851 ι,
583 5792 674 5847 26.
751 5793 815 5847 ⁸Ι
855 5791 1010 5849 Joan.
1046 5809 1126 5851 ιιι.
1161 5794 1214 5848 8.
1295 5793 1314 5824 ⁸
1346 5793 1478 5849 Luc.
1531 5809 1614 5851 Ix.
1647 5795 1733 5851 59.
1811 5795 1829 5825 ⁷
1871 5796 1884 5850 i

2020 5724 2111 5777 20.
2204 5725 2219 5756 ⁸
2255 5721 2401 5780 Psal.
2427 5737 2489 5789 ιι,
2516 5720 2572 5778 9..

1989 5835 2002 5850 .
2045 5794 2134 5850 60.

1815 5811 1824 5825 '
1871 5811 2002 5850 ωια.
2045 5811 2134 5850 ου.

279 5794 303 5822 ⁸
331 5790 488 5848 Prov.
516 5809 555 5858 ι,
583 5792 674 5847 26.
751 5793 815 5847 ⁸Ι
855 5791 1010 5849 Joan.
1046 5809 1126 5862 In,
1161 5794 1214 5848 8.
1295 5793 1314 5824 ‘
1346 5793 1478 5849 Luc.
1531 5809 1614 5862 ix,
1647 5795 1733 5851 59.

1972 4873 2100 4942 facit
2148 4879 2451 4941 peccatum,
2495 4887 2560 4925 ea:
2604 4871 2814 4926 diabolo
2844 4884 2998 4925 natus
3025 4881 3102 4926 est
3130 4871 3152 4902 ⁸
3187 4888 3201 4925 ε
3238 4885 3385 4924 οιιιιιι
3421 4884 3552 4924 vero

1971 4966 2238 5036 peccanti,
2265 4973 2322 5019 et
2349 4964 2660 5033 respicienti
2700 4967 2814 5020 haec
2865 4966 3120 5019 citeriora
3156 4973 3211 5018 ct
3241 4965 3508 5017 mundana
3531 5000 3547 5025 ,

1973 5053 2108 5107 vivit
2133 5055 2305 5109 malus
2335 5063 2511 5122 pater.
2544 5052 2618 5107 At
2642 5054 2946 5124 cuicunque
2969 5062 3216 5110 mortuus
3241 5053 3403 5108 luerit
3434 5067 3550 5106 ma-

1970 5142 2055 5198 lus
2100 5153 2286 5213 pater,
2319 5141 2534 5198 dicetur
2577 5157 2606 5196 a
2643 5143 2862 5198 Christo
2887 5182 2902 5208 ,
2936 5143 3162 5213 Sequere
3208 5161 3289 5197 me
3311 5143 3352 5200 ⁸.
3384 5143 3547 5200 Forte

1971 5236 2134 5290 etiam
2187 5235 2414 5306 mystice
2465 5235 2794 5291 intellectum
2845 5238 3176 5291 tantumdem
3222 5237 3362 5292 valet
3388 5237 3541 5303 illud,

1969 5338 2220 5399 oportere
2246 5328 2372 5382 odio
2401 5327 2586 5382 haberi
2628 5343 2656 5380 a
2682 5328 2839 5382 nobis
2875 5337 3104 5397 patrem,
3131 5329 3175 5383 si
3211 5329 3545 5385 voluerimus

1969 5420 2119 5492 digni
2177 5417 2398 5475 Christo
2450 5434 2589 5475 esse.
2632 5418 2766 5474 Illud
2810 5436 3008 5492 porro,
3037 5421 3278 5476 Mortuos
3327 5423 3545 5489 sepelire

1969 5525 2201 5568 mortuos
2231 5529 2354 5568 suos
2371 5515 2415 5582 ⁷,
2435 5513 2723 5583 allegorice
2751 5523 2956 5569 tantum
2987 5514 3183 5585 exponi
3218 5524 3412 5586 potest.
3443 5514 3546 5570 Se-

2679 5722 2700 5754 ⁸
2727 5721 2856 5779 ibid.
2890 5722 2944 5780 5.
3017 5721 3038 5754 ³
3070 5720 3228 5777 Rom.
3277 5735 3408 5788 vui,
3445 5720 3537 5776 29.
