4172 6398
301 348 408 403 555

1579 341 1872 400 SCHOLIA
1911 341 1977 395 IN
2017 341 2251 399 LUCAM
2263 388 2276 400 .

3466 349 3575 405 554

299 469 452 539 Στίχ.
492 468 604 540 με’.
649 471 843 538 Μαρία
889 469 958 522 δὲ
1003 467 1118 536 τὴν
1162 467 1409 540 ἀγαθὴν
1433 466 1656 540 μερίδαΔ
1685 463 1887 533 ἐξελέ-

1994 462 2058 518 γ.
2090 465 2182 540 ιε.
2221 464 2604 540 Mariaautem
2648 465 2835 518 bonam
2873 473 3074 533 partem
3105 463 3289 536 elegit,
3319 483 3438 537 qua:
3469 485 3576 522 non

370 537 541 604 ξάτὸ,
581 540 712 607 ἥτις
741 543 853 594 οὐκ
884 537 1352 609 ἀφαιρεθήσεται
1381 538 1484 594 ἀπ’
1512 537 1722 606 αὐτῆς.

374 630 472 693 Εἰς
501 631 599 700 μὲν
623 626 715 684 οὖν
737 631 820 694 τὸ,
858 632 1022 696 Ἐνός
1037 630 1167 683 ἐστι
1196 629 1387 699 χρεία,
1411 630 1473 682 τὸ
1507 627 1886 700 Ἀγαπήσεις,

304 722 575 792 χρήσιμον
611 721 746 791 (98),
793 722 899 776 τὸν
944 722 1212 789 πλησίον
1242 736 1356 775 σου
1399 722 1480 786 ὡς
1509 720 1760 774 ἑαυτόν·
1811 723 1890 783 εἰς

301 810 361 862 δὲ
410 811 491 874 τὸ,
554 813 804 880 Ὀλίγων
849 812 981 866 ἐστὶ
1036 812 1226 881 χρεία,
1279 811 1618 883 παραθήσεις
1668 813 1764 864 τό·
1807 815 1888 866 Οὺ

301 901 576 970 κλέψεις,
605 905 676 956 σὺ
726 903 1343 972 ψευδομαρτυρήσεις,
1399 905 1492 958 καὶ
1558 904 1612 956 εί
1659 921 1711 956 τι
1762 904 1890 959 ἄλλο

302 995 510 1064 ὁμοίως
561 993 793 1066 εἴρηται.
842 994 1076 1067 Ἑκλάϐῃ
1125 995 1183 1048 δὲ
1228 993 1456 1065 Μάρθαν
1511 995 1611 1064 μὲν
1666 995 1746 1056 εἰς
1791 992 1889 1065 τὴν

305 1086 528 1157 πρᾶξιν,
559 1085 777 1156 Μαρίαν
821 1087 876 1139 δὲ
911 1088 990 1150 εἰς
1022 1086 1119 1156 τὴν
1151 1086 1399 1158 θεωρίαν.
1450 1087 1522 1138 Ἦ
1549 1086 1647 1156 τὴν
1685 1085 1783 1156 μὲν
1809 1087 1890 1148 εἰς

307 1270 381 1322 "H
410 1269 640 1340 Μάρθαν
668 1269 767 1340 μὲν
801 1272 880 1334 εἰς
908 1271 1033 1334 τοὺς
1059 1272 1124 1323 ὲκ
1169 1269 1468 1342 περιτομῆς
1498 1269 1890 1330 πιστεύσαντας

305 1361 403 1414 καί
439 1361 804 1428 φυλάττοντας
845 1361 1154 1425 Ἰουδαϊκῶς
1201 1362 1270 1416 τὰ
1313 1362 1407 1415 τοῦ
1453 1363 1638 1433 νόμου,
1671 1361 1889 1434 Μαρίαν

302 1450 361 1503 δὲ
389 1453 515 1514 τοὺς
538 1450 742 1505 τούτων
773 1453 1245 1524 ἀπηλλαγμένους,
1296 1455 1390 1508 καὶ
1419 1454 1597 1525 μόνοις
1625 1457 1739 1517 τοῖς
1785 1456 1891 1525 Ἰη-

306 1541 404 1593 σοῦ
439 1543 566 1594 ποσὶ
598 1541 1159 1614 προσκαθεζομένους.
1211 1545 1492 1616 Διαφόρως
1526 1545 1636 1617 γὰρ
1667 1543 1890 1598 ἐπιϐάλ-

303 1632 434 1697 λων,
459 1634 710 1705 εὑρήσεις
737 1633 968 1706 Μάρθαν
993 1638 1090 1706 μὲν
1123 1637 1610 1709 σωματικωτέραν,
1639 1639 1733 1691 καὶ
1760 1638 1888 1709 περὶ

303 1725 479 1778 πολλὰ
521 1726 859 1798 είλουμένην,
903 1728 1122 1799 Μαρίαν
1156 1728 1212 1780 δὲ
1254 1731 1320 1799 τῇ
1356 1728 1559 1800 θεωρίᾳ
1605 1727 1763 1800 μόνῃ,
1795 1729 1888 1783 καὶ

303 1821 422 1882 τοῖς
455 1823 846 1890 πνευματικοῖς
875 1821 1340 1893 προσ-ανέχουσαν.

945 2083 1103 2136 ΚΕΦ.
1148 2085 1243 2138 IA'.

304 2170 460 2257 Esix;
486 2168 552 2257 β’.
602 2171 794 2257 Πᾴζερ
824 2172 1014 2257 ἡμῶν,
1041 2177 1090 2227 -ό
1233 2174 1357 2257 τοῖς
1380 2174 1689 2257 -ορἱανοιῖςς
1722 2176 1889 2244 ἁγια-

379 2243 583 2308 σθήτω
612 2243 676 2295 τὸ
708 2243 898 2311 ὄνομά
928 2262 1044 2297 σου
1063 2261 1076 2273 ·
1109 2244 1330 2298 ἐλθέτω
1362 2247 1398 2314 ἡ
1430 2246 1722 2310 ,βασιλεία
1750 2243 1886 2300 σου.

378 2325 547 2403 Οἶμαι
575 2333 652 2396 δὲ,
687 2333 768 2386 ὅτι
815 2333 990 2397 οὐδεὶς
1019 2334 1165 2401 λέγοι
1201 2332 1279 2404 τῷ
1305 2333 1424 2404 Θεῷ
1466 2333 1526 2386 τὸ
1553 2333 1764 2402 Πάτερ,
1815 2335 1888 2407 μὴ

307 2424 736 2497 πεπληρωμένος
749 2424 844 2478 τοῦ
861 2425 962 2496 τῆς
986 2425 1254 2489 υἱοθεσίας
1282 2424 1616 2496 πνεύματος·
1643 2427 1736 2479 καὶ
1760 2425 1890 2489 Υἱὸς

305 2515 548 2582 δοξάζων
583 2516 803 2587 Πατέρα
841 2515 989 2585 λέγοι
1031 2517 1097 2570 ἂν
1144 2516 1366 2585 Πάτερ·
1407 2516 1649 2586 φυλάξας
1690 2517 1746 2570 δὲ
1791 2517 1890 2588 τὴν

305 2607 549 2678 ἐντολὴν,
594 2607 692 2678 τὴν
751 2605 1014 2676 λέγουσαν
1034 2623 1049 2637 ·
1113 2605 1404 2676 Ἀγαπᾶτε
1451 2606 1594 2673 τοὺς
1636 2607 1889 2677 ἐχθροὺς

304 2699 495 2772 ὑμῶν,
529 2702 941 2771 προσεύχεσθε
970 2699 1121 2767 ὑπὲρ
1167 2698 1287 2752 τῶν
1334 2699 1670 2754 διωκόντων
1710 2697 1887 2769 ὑμᾶς,

305 2789 468 2857 ὅπως
497 2791 752 2862 γένησθε
782 2791 900 2845 υἱοὶ
928 2791 1036 2846 τοῦ
1064 2789 1296 2858 Πατρὸς
1321 2789 1508 2860 ὑμῶν,
1538 2791 1644 2846 τοῦ
1672 2791 1742 2845 ἐν
1765 2792 1889 2859 τοῖς

305 2882 608 2951 οὐρανοῖς.

392 2975 644 3029 Ἐλθέτω
683 2975 722 3041 ἡ
751 2973 1042 3039 ,ϐασιλεία
1075 2989 1211 3030 σου,
1252 2976 1368 3029 ’Ἰνα
1415 2975 1736 3048 καταργηθῇ
1791 2975 1891 3047 μὲν

307 3066 462 3118 πᾶσα
489 3065 632 3136 ἀρχὴ
661 3065 756 3118 καὶ
779 3065 998 3132 ἐξουσία
1026 3066 1118 3120 καὶ
1148 3065 1398 3138 δύναμις,
1430 3066 1587 3119 ἔτιδὲ
1619 3067 1713 3119 καὶ
1740 3067 1888 3119 πᾶσα

2063 535 2336 603 auferetur
2361 537 2425 588 ab
2456 552 2538 588 ea.

2060 625 2139 677 Ad
2167 624 2566 694 explanandum
2601 624 2729 680 illud
2758 642 2772 680 :
2810 623 2926 680 Uno
2952 642 3081 696 opus
3116 636 3218 691 est,
3244 626 3379 681 utile
3413 626 3575 683 luerit

1991 717 2130 784 quod
2208 716 2403 770 dicitur
2451 730 2466 769 :
2515 716 2713 786 Diliges
2777 719 3073 786 proximum
3129 729 3278 771 tuum
3331 720 3464 772 sicut
3525 729 3577 772 te

1991 809 2180 874 ipsum.
2231 807 2368 864 Cum
2407 810 2495 864 illo
2545 821 2749 874 autem,
2807 809 3000 864 Paucis
3049 822 3124 865 est
3179 828 3330 875 opus,
3382 810 3576 866 confer

1993 901 2171 956 illud:
2223 900 2346 955 Non
2396 901 2682 970 furaberis,
2738 918 2840 956 non
2899 904 3038 961 dices
3090 904 3286 970 falsum
3337 903 3574 956 testimo-

1992 993 2133 1046 nium
2166 993 2232 1057 ι’,
2262 1002 2319 1046 et
2351 993 2396 1046 si
2435 994 2564 1061 quid
2599 994 2744 1049 aliud
2793 995 3046 1050 similiter
3077 995 3278 1048 dictum
3329 1005 3433 1048 est.
3471 994 3575 1047 Ac-

1990 1082 2156 1152 cipies
2201 1097 2416 1152 quoque
2450 1081 2716 1136 Martham
2767 1082 2833 1137 ad
2876 1083 3205 1137 innuendam
3257 1083 3527 1136 actionem
3555 1123 3572 1144 ,

1991 1173 2212 1228 Mariam
2253 1188 2382 1228 vero
2415 1175 2482 1228 ad
2520 1174 2850 1228 innuendam
2903 1173 3442 1242 contemplationem.
3474 1171 3572 1224 Vel

1989 1265 2136 1318 illam
2165 1265 2380 1334 quidem
2411 1266 2462 1319 in
2494 1265 2793 1336 symbolum
2827 1263 3044 1329 Judtnae,
3077 1267 3218 1320 hanc
3251 1265 3302 1318 in
3343 1264 3572 1331 ligurum

1992 1355 2246 1410 Ecclesiae
2275 1357 2536 1426 gentium.
2573 1356 2700 1410 Sive
2728 1356 2937 1411 Martha
2967 1356 3294 1428 signiﬁcabit
3325 1372 3442 1419 eos,
3478 1356 3568 1422 qui

1989 1461 2056 1498 ex
2107 1446 2524 1501 circumcisione
2585 1447 2967 1510 crediderunt,
3016 1455 3070 1499 et
3121 1445 3292 1514 legem
3347 1443 3571 1500 Judaice

1989 1538 2312 1604 observant;
2344 1537 2512 1591 Maria
2545 1539 2732 1592 innuet
2761 1554 2855 1593 eos
2879 1539 2968 1606 qui
2999 1555 3029 1591 a
3060 1537 3323 1607 legalibus
3358 1537 3570 1590 liberati

1991 1642 2136 1695 sunt,
2167 1640 2220 1684 et
2258 1633 2324 1685 ad
2366 1632 2513 1686 solos
2541 1630 2670 1686 Jesu
2711 1631 2874 1702 pedes
2905 1631 3166 1685 assident.
3200 1630 3574 1684 Diversimmle

1990 1723 2133 1776 enim
2171 1737 2283 1776 rem
2340 1723 2701 1792 perpendens,
2750 1723 2992 1776 invenies
3028 1721 3300 1775 Martham
3350 1720 3575 1790 quidem

1917 1811 1963 1870 Β
1993 1814 2152 1868 rebus
2198 1814 2477 1882 corporeis
2529 1813 2756 1867 nimium
2809 1814 3090 1882 aliquanto
3137 1814 3468 1878 obnoxiam,
3517 1823 3573 1866 et

1995 1905 2141 1960 circa
2177 1908 2343 1959 multa
2379 1917 2683 1960 versantem
2711 1945 2726 1970 ,
2759 1905 2980 1960 Mariam
3012 1922 3143 1960 vero
3190 1905 3290 1960 soli
3330 1914 3574 1960 contem-

1996 1996 2244 2066 plationi,
2271 2006 2324 2052 et
2353 1997 2518 2052 rebus
2549 1997 2924 2066 spiritualibus
2953 2005 3261 2052 vacantem.

2635 2087 2789 2143 CAP.
2832 2086 2923 2143 XI.

1997 2175 2062 2230 V.
2093 2178 2148 2232 2.
2175 2178 2334 2232 Pater
2370 2187 2567 2241 noster,
2595 2179 2769 2258 quiin
2798 2179 2973 2244 caelis;
2999 2181 3362 2242 sanetilicetur
3391 2198 3574 2236 nomen

2364 2259 2510 2301 tuum
2541 2263 2559 2301 :
2587 2259 2758 2302 veniat
2799 2266 3012 2318 regnum
3044 2260 3212 2305 tuum.

2068 2339 2225 2406 Puto,
2257 2341 2382 2410 quia
2415 2357 2574 2395 nemo
2598 2341 2804 2395 diceret
2843 2342 2951 2395 Deo
2976 2340 3163 2409 Pater,
3192 2343 3292 2398 nisi
3340 2345 3574 2413 repletus

1996 2432 2189 2500 spiritu
2246 2432 2550 2501 adoptionis
2592 2449 2607 2486 :
2657 2447 2722 2488 ac
2770 2431 2937 2488 Filius
2967 2432 3278 2504 gloriﬁcans
3323 2432 3574 2500 Patrem,

1997 2525 2138 2580 dicet
2167 2523 2377 2592 utique,
2413 2521 2595 2590 Pater,
2624 2534 2680 2578 at
2709 2526 3023 2580 custodiens
3061 2526 3394 2591 mandatum,
3429 2529 3574 2595 quod

1997 2616 2120 2671 ait:
2167 2615 2384 2685 Diligile
2436 2617 2679 2671 inimicos
2752 2627 2969 2681 vestros,
3027 2629 3173 2672 orate
3242 2634 3337 2687 pro
3404 2634 3577 2687 perse-

1994 2707 2269 2776 quentibus
2300 2722 2408 2772 vos,
2442 2716 2497 2760 ut
2530 2707 2650 2762 sitis
2680 2706 2783 2772 ﬁlii
2814 2705 2993 2762 Patris
3024 2710 3200 2773 vestri,
3232 2710 3323 2778 qui
3351 2710 3405 2762 in
3435 2708 3577 2763 cretis

1995 2808 2068 2853 est
2097 2798 2141 2831 “

2076 2975 2267 3032 Veniat
2304 2991 2522 3045 regnum
2553 2984 2726 3031 tuum.
2767 2974 2839 3031 Ut
2881 2984 3172 3030 evacuetur
3203 2975 3382 3029 omnis
3425 2984 3579 3043 pote-

1997 3079 2111 3126 stas
2154 3079 2209 3123 et
2241 3068 2440 3132 virtus,
2495 3068 2735 3136 itemque
2785 3082 2945 3122 omne
2996 3082 3218 3137 regnum
3261 3066 3481 3130 mundi,
3525 3076 3580 3121 et

310 3155 557 3227 βασιλεία
583 3154 678 3209 τοῦ
701 3156 926 3227 κόσμου,
960 3157 1054 3210 καὶ
1090 3159 1122 3228 ή
1158 3156 1514 3227 βασιλεύουσα
1538 3160 1595 3211 ὲν
1619 3161 1732 3222 τοῖς
1758 3157 1887 3229 θνη-

1994 3159 2130 3233 quod
2161 3169 2350 3231 regnat
2399 3160 2450 3214 in
2485 3159 2802 3213 mortalibus
2847 3160 3167 3227 corporibus
3207 3159 3412 3212 nostris
3441 3173 3571 3227 pec-

306 3252 419 3313 τοῖς
444 3247 598 3320 ήμῶν
631 3247 876 3319 σώμασιν
905 3248 1182 3319 ἁμαρτία·
1220 3249 1438 3303 πάντων
1470 3248 1526 3301 δὲ
1556 3246 1761 3302 τούτων
1791 3247 1890 3319 βα-

311 3342 533 3414 σιλεύσῃ
546 3343 584 3404 ,ὁ
613 3341 764 3406 Θεός.

311 3436 460 3505 Στίχ.
499 3435 568 3504 γ’.
617 3435 728 3489 Τὸν
765 3435 948 3504 ἄρτον
988 3434 1158 3504 ἡμῶν
1203 3434 1309 3489 τὸν
1348 3434 1664 3488 ἐπιούσιον
1699 3433 1892 3486 δίδου.

395 3524 732 3594 ’Δναγκαίως
770 3523 828 3576 δὲ
874 3524 969 3577 καὶ
1000 3522 1060 3576 τὸ
1103 3524 1234 3577 καθ’
1279 3523 1510 3591 ἡμέραν
1550 3519 1890 3591 πρόσκειται.

311 3615 490 3668 Οίονεὶ
517 3612 624 3685 γὰρ
649 3613 1015 3684 ὲπισκευαστή
1040 3613 1187 3664 ἐστιν
1213 3611 1368 3681 ἡμῶν
1392 3612 1426 3682 ή
1451 3608 1564 3681 ζωὴ
1585 3611 1618 3680 ἡ
1643 3607 1891 3680 ἀληθινὴ,

311 3710 400 3763 ἵνα
430 3708 570 3762 κατὰ
597 3708 731 3762 Θεὸν
765 3708 906 3781 ζήσῃ
931 3709 959 3761 ὁ
987 3705 1095 3760 ἔσω
1118 3705 1430 3778 ἄνθρωπος.

311 3801 460 3872 Στίχ.
500 3807 561 3868 ε’,
591 3806 666 3866 ς’,
701 3800 765 3865 ζ’.

384 3893 457 3945 Τὸ
495 3893 593 3965 μὲν
621 3889 733 3958 οὖν,
777 3893 870 3958 Τίς
898 3893 967 3958 ἐξ
993 3889 1180 3962 ὑμῶν,
1212 3887 1347 3960 πρὸς
1376 3887 1502 3950 τοὺς
1533 3884 1778 3957 μαθητὰς
1805 3883 1894 3936 λέ-

312 4001 502 4055 γεταιο
543 3985 605 4039 τὸ
643 3985 722 4050 δὲ,
760 3984 882 4050 ἕξει
922 3985 1128 4054 φίλον,
1156 3983 1244 4035 ἵνα
1274 3980 1402 4051 εἴπῃ
1437 3979 1528 4032 τὸν
1569 3977 1702 4031 Θεὸν
1743 3975 1894 4045 φίλον

313 4080 649 4151 τυγχάνοντα
673 4081 785 4142 τοῖς
824 4079 1019 4147 ἁγίοις,
1048 4075 1124 4139 ὡς
1145 4075 1352 4144 Μωῦσῇ
1382 4072 1476 4126 καὶ
1500 4069 1578 4140 τῷ
1621 4068 1891 4138 Ἀϐραάμ.

315 4175 469 4243 Τάχα
493 4173 550 4226 δὲ
579 4173 674 4225 καὶ
704 4169 1053 4242 μεσονύκτιον
1076 4169 1104 4221 ὁ
1135 4163 1564 4235 συνεσταλμένος
1591 4155 1746 4223 οὗτός
1778 4161 1895 4213 ἐστι

316 4263 506 4335 καιρὸς
532 4263 627 4316 τοῦ
661 4262 796 4333 βίου,
830 4263 916 4315 ὅτε
939 4258 1265 4332 ὀλοθρευτὴς
1286 4257 1591 4327 εἰσέρχεται
1613 4255 1692 4317 είς
1714 4254 1896 4306 πᾶσαν

316 4355 494 4408 οἰκίαν
514 4355 616 4426 τῆς
646 4356 703 4406 ὲν
727 4354 917 4425 κόσμῳ
954 4352 1253 4421 Αἰγύπτου,
1283 4347 1410 4402 ἔνθα
1448 4348 1522 4420 μὴ
1551 4347 1834 4418 κέχρισται
1858 4345 1892 4415 ἡ

319 4446 450 4517 φλιὰ
482 4446 560 4518 τῷ
584 4445 679 4499 τοῦ
708 4443 945 4517 Χριστοῦ
975 4445 1186 4516 αἵματι.
1217 4443 1369 4494 Αίτεῖ
1397 4441 1453 4493 δὲ
1483 4442 1510 4494 ὁ
1539 4437 1781 4511 μαθητὴς
1804 4437 1894 4489 τὸν

1995 3264 2174 3308 catum
2200 3267 2216 3317 ;
2245 3264 2406 3319 super
2437 3250 2522 3305 his
2554 3259 2736 3305 autem
2763 3250 3016 3305 onmibus
3051 3261 3238 3322 regnet
3271 3254 3432 3306 Deus.

2067 3428 2135 3486 ν.
2162 3430 2215 3488 5.
2253 3430 2448 3484 Panem
2486 3440 2720 3484 nostrum
2747 3429 3082 3501 sufﬁcientem
3109 3431 3200 3483 da.

2077 3521 2404 3578 Necessario
2480 3521 2791 3592 adiungitur
2845 3524 3101 3592 quotidie.
3168 3521 3580 3589 Quodammodo

1994 3615 2138 3669 enim
2174 3615 2528 3670 instaurativa
2561 3623 2644 3669 est
2683 3622 2928 3668 nostrum
2965 3615 3108 3668 vera'
3136 3615 3265 3679 vita,
3296 3622 3353 3668 ut
3381 3629 3581 3668 secun-

1995 3707 2120 3759 dum
2151 3706 2318 3761 Deum
2351 3707 2498 3761 vivat
2531 3707 2759 3761 interior
2791 3707 2973 3760 homo.

2066 3795 2133 3850 V.
2165 3795 2224 3860 5.
2248 3797 2303 3861 6,
2331 3797 2384 3853 7.

2065 3885 2197 3942 lllud
2221 3887 2412 3957 igitur,
2443 3886 2576 3953 Quis
2603 3903 2667 3941 ea:
2705 3888 2870 3952 vobis,
2902 3887 2967 3940 ad
3013 3887 3310 3957 discipulos
3345 3887 3577 3952 dicitur;

1995 3991 2050 4035 at
2082 3980 2249 4046 illud,
2297 3979 2506 4034 habebit
2554 3981 2816 4044 amicum,
2860 3979 2936 4032 ait
2986 3993 3097 4046 quo
3141 3987 3348 4033 asserat
3411 3977 3576 4032 Deum

1997 4074 2229 4128 amicum
2273 4086 2394 4128 esse
2433 4079 2774 4132 sanctorum,
2823 4079 2880 4124 ut
2920 4070 3121 4143 Moysis
3169 4081 3224 4124 et
3273 4070 3572 4124 Abraham.

1999 4160 2393 4217 Verosimiliter
2457 4159 2879 4223 medinoctium,
2930 4169 3013 4214 est
3080 4161 3244 4216 breve
3299 4161 3398 4214 hoc
3453 4161 3580 4213 vitae

2000 4265 2207 4324 tempus
2257 4253 2475 4323 quando
2537 4251 2938 4307 exterminatur
2995 4251 3301 4317 ingreditur
3366 4268 3580 4306 onmem

2001 4350 2216 4401 domum
2269 4343 2555 4399 mundana:
2617 4341 2872 4414 Egypti,
2920 4342 3011 4396 ubi
3047 4359 3152 4397 non
3204 4343 3303 4397 fuit
3352 4355 3575 4398 unctum

2001 4437 2163 4492 limen
2233 4435 2499 4507 sanguine
2565 4434 2794 4490 Christi.
2858 4432 3102 4489 Postulat
3174 4434 3468 4503 discipulus
3515 4436 3583 4487 ab

318 4538 471 4609 φίλον
508 4541 658 4610 τρεῖς
682 4538 900 4608 ἄρτους,
927 4535 1249 4607 βουλόμενος
1270 4532 1466 4604 θρέψαι
1489 4533 1555 4602 τῇ
1589 4531 1716 4602 περὶ
1738 4529 1897 4601 Τριά-

2005 4529 2182 4583 amico
2217 4539 2327 4582 tres
2366 4541 2553 4595 panes,
2603 4525 2790 4582 volens
2831 4526 3042 4580 nutrire
3083 4524 3327 4580 doctrina
3373 4525 3438 4578 de
3485 4523 3579 4578 Dei

318 4634 406 4696 δος
435 4631 684 4703 θεολογίᾳ
709 4631 801 4685 τὸν
821 4630 1110 4702 γενόμενον
1139 4628 1274 4699 πρὸς
1297 4627 1458 4681 αὑτὸν
1483 4625 1590 4679 ἀπὸ
1625 4625 1726 4695 τῆς
1749 4621 1893 4689 ὁδοῦ,

321 4723 466 4776 καθά
509 4740 706 4794 φησιν’
769 4722 980 4789 Ἐκτύς
1024 4720 1170 4790 ἐμοῦ
1220 4722 1292 4774 οὺ
1336 4718 1602 4772 δύνασθε
1647 4713 1896 4784 ποιῆσαι

319 4805 519 4870 οὐδέν.
563 4813 724 4867 Ἀλλά
751 4814 870 4877 πῶς
915 4812 1267 4883 ἀποκρίνεται
1309 4809 1511 4863 ἔσωθεν
1548 4809 1576 4862 ὁ
1621 4807 1773 4876 φίλος
1810 4806 1899 4859 λέ-

319 4921 462 4972 γων·
493 4903 590 4971 Μή
622 4922 725 4974 μοι
753 4905 944 4958 κόπον
987 4902 1243 4971 πάρεχε;
1272 4902 1534 4972 Ζητήσεις
1573 4897 1650 4960 δὲ,
1689 4897 1898 4968 μήποτε

323 4999 373 5050 οἱ
405 4997 704 5061 κοπιῶντες
737 4997 830 5050 καὶ
864 4996 1283 5069 πεφορτισμένοι
1310 4994 1436 5057 τοὺς
1465 4989 1672 5046 ἑαυτῶν
1699 4988 1900 5051 κόπους

324 5091 605 5163 παρέχωσι
631 5089 709 5161 τῷ
739 5090 969 5162 Σωτῆρι.
1001 5089 1092 5142 Διὸ
1125 5089 1229 5154 τὰς
1253 5087 1570 5150 ἀσθενείας
1600 5079 1769 5150 ἡμῶν
1799 5077 1902 5148 φέ-

316 5201 432 5252 ρει,
451 5183 550 5238 καί
571 5183 704 5250 περὶ
719 5181 888 5251 ἡμῶν
910 5180 1213 5235 ὀδυνᾱται.
1240 5179 1312 5232 Ἦ
1333 5178 1521 5247 ὥσπερ
1535 5173 1672 5244 τῷδε
1693 5171 1766 5243 μὴ
1789 5169 1898 5240 (99)

327 5275 486 5327 ὑπνοῖ
506 5275 534 5326 6
559 5273 712 5337 Θεὸς,
750 5273 895 5341 ἄλλῳ
921 5272 976 5325 δὲ
1014 5271 1379 5343 ἁμαρτάνοντι
1408 5263 1721 5339 ὀργίζεσθαι
1748 5261 1900 5329 λέγε-

323 5381 442 5417 ται’
471 5363 614 5416 οὕτω
642 5364 736 5417 καὶ
769 5363 934 5416 κόπον
953 5361 1096 5433 ἔχειν
1121 5362 1229 5414 ἀπὸ
1252 5359 1346 5414 τοῦ
1370 5359 1699 5432 παρέχοντος
1730 5354 1896 5426 αύτῷ.

397 5454 470 5507 Σὺ
499 5453 555 5506 δὲ
588 5454 711 5526 δρα,
751 5454 800 5506 εί
839 5453 1017 5521 ἄρτος
1057 5451 1156 5522 μὲν
1192 5453 1225 5523 ή
1275 5447 1549 5518 ἀναγκαία
1589 5447 1690 5518 τῆς
1724 5445 1901 5517 ψυχῆς

403 5617 446 5648 ¹²
483 5616 601 5672 Jac.
646 5632 719 5680 ιι,
752 5615 820 5682 8;
856 5615 1013 5670 Rom.
1061 5628 1193 5677 xm,
1245 5613 1299 5667 9.
1380 5610 1422 5641 "
1459 5607 1650 5663 Matth.
1697 5624 1750 5673 γ,
1783 5606 1873 5661 44.

1994 5605 2188 5661 'Joan.
2237 5621 2325 5669 xv,
2382 5603 2433 5661 5.

2007 4621 2246 4677 trinitate
2275 4623 2580 4677 venientem
2615 4621 2680 4676 ad
2713 4634 2773 4676 se
2803 4620 2871 4674 de
2905 4619 3119 4681 itinere,
3156 4627 3213 4671 ut
3251 4618 3322 4671 ait
3353 4633 3366 4669 :
3411 4617 3580 4670 Extra

2003 4730 2084 4767 me
2117 4731 2221 4770 non
2275 4717 2490 4783 potestis
2539 4714 2710 4782 facere
2770 4713 3055 4784 quidquam
3081 4711 3143 4764 “.
3191 4711 3258 4764 At
3311 4711 3582 4778 quomodo

2009 4809 2296 4878 respondet
2327 4808 2394 4863 de
2424 4809 2570 4862 intus
2603 4808 2829 4873 amicus,
2861 4806 3048 4861 dicens
3086 4824 3099 4859 :
3135 4803 3218 4858 Ne
3258 4804 3386 4857 mihi
3426 4819 3582 4871 nego-

2007 4899 2138 4952 tium
2178 4897 2447 4967 facessas?
2477 4895 2700 4964 Quaeres
2735 4911 2885 4959 vero,
2918 4910 2986 4950 an
3023 4895 3159 4949 forte
3199 4893 3290 4962 qui
3334 4892 3584 4946 laborant

2008 4999 2062 5045 et
2107 4989 2314 5043 onerati
2359 4987 2665 5054 sunt,.suis
2704 4987 2983 5042 laboribus
3017 5003 3123 5040 non
3173 4983 3445 5040 lacessant
3481 4999 3581 5036 ne-

2007 5081 2210 5148 gotium
2277 5078 2568 5133 Salvatori.
2623 5077 2918 5148 Propterea
2990 5077 3320 5144 inﬁrmitates
3377 5084 3582 5128 nostras

2005 5179 2209 5238 portat,
2253 5179 2301 5224 et
2348 5184 2440 5236 pro
2476 5168 2620 5222 nobis
2673 5168 2811 5221 dolet
2851 5169 2916 5222 ⁸⁵.
2953 5168 3049 5222 Vel
3101 5168 3242 5222 sicut
3296 5165 3422 5219 huic
3477 5180 3582 5219 non

2009 5261 2209 5314 dormit
2248 5260 2408 5328 Deus,
2458 5260 2612 5315 alteri
2648 5275 2782 5314 vero
2830 5261 3077 5330 peccanti
3134 5261 3293 5316 irasci
3340 5259 3584 5315 dicitur:

2009 5352 2081 5406 ita
2111 5353 2277 5408 etiam
2303 5351 2608 5408 molestiam
2640 5353 2841 5408 habere
2862 5352 2929 5407 ab
2961 5349 3220 5406 aﬂ'et‘ente
3245 5350 3369 5406 sibi.

2076 5443 2156 5499 Tu
2190 5462 2351 5518 porro
2379 5445 2682 5512 considera,
2711 5459 2887 5497 annon
2914 5445 3090 5511 panis,
3121 5443 3191 5498 sit
3217 5441 3584 5500 necessarium

2537 5603 2582 5642 ι¹⁵
2621 5602 2723 5660 Isa.
2777 5617 2870 5658 Llll
2897 5641 2911 5668 ,
2953 5601 3005 5657 4.

397 5727 510 5796 (98)
544 5727 804 5796 Videtur
847 5725 1190 5782 scribendum
1249 5723 1514 5794 χρήσιμον
1561 5721 1622 5772 τὸ
1651 5758 1665 5786 ,
1728 5699 2096 5790 Ἇγαπήσεις.

402 5799 515 5868 (99)
551 5797 712 5852 Forte
745 5795 861 5866 μέν.
