4172 6442
384 378 496 436 537

1675 374 1968 430 SCHOLIA
2007 375 2076 430 IN
2113 374 2375 432 LUCAM.

3549 384 3656 441 358

378 498 480 552 καὶ
527 495 670 569 ὐπὲρ
723 495 1009 569 ἄνθρωπον
1051 491 1418 558 αἰσθάνονται,
1469 496 1675 568 ὁρῶσαι
1711 494 1780 549 τὰ
1827 495 1942 548 θεῖα

2074 495 2348 551 hominem
2411 496 2591 566 posita
2651 495 2930 560 sentiunt,
2981 497 3232 554 videntes
3291 499 3506 569 divina,
3557 517 3656 555 au-

377 587 676 641 ἀκούουσαι
724 587 907 658 φωνῆς
958 585 1115 651 Θεοῦ,
1172 586 1466 656 γενόμεναι
1524 586 1726 650 ζῶντος
1775 587 1964 658 ἄρτου,

376 679 805 752 όσφραινόμεναι
835 678 1074 750 Χριστοῦ
1105 680 1292 751 μύρων
1316 679 1565 744 εὐωδίας,
1592 677 1774 732 ἐλαίου
1805 677 1968 746 ἀγαλ-

377 772 630 837 λιάσεως,
661 772 962 843 ἁπτόμεναι
992 772 1152 840 λόγου
1183 772 1411 836 ζῶντος·
1435 772 1656 835 αἵτινες,
1691 771 1965 838 ἐξευτελι-

377 860 604 932 ζὸμεναι
637 860 743 913 ὐπὸ
780 859 888 914 τῶν
916 860 984 914 τὰ
1012 860 1322 931 πνεύματος
1367 860 1578 932 μωρίαν
1616 861 1710 913 καὶ
1743 859 1853 912 εῦω
1885 858 1962 930 ('5)

375 950 694 1022 κρινόντων,
753 948 854 1002 οὐκ
907 950 1044 1002 εἰσιν
1094 949 1513 1021 ἑπιλελησμέναι
1584 949 1815 1003 ἐνώπιον
1867 950 1962 1003 τοῦ

373 1036 533 1091 Θεοῦ.
565 1038 638 1090 Τὸ
683 1037 865 1108 μέντοι
898 1038 1159 1108 ἐμφαῖνον
1201 1039 1382 1110 ῥητὸν,
1419 1040 1553 1110 μηδὲ
1581 1041 1654 1092 τὸ
1685 1039 1962 1111 ἐλάχιστον

375 1130 659 1203 στρουθίον
715 1129 1138 1201 ἐπιλελησμένον
1189 1129 1328 1185 εἶναι
1376 1131 1607 1186 ἐνώπιον
1655 1133 1752 1186 τοῦ
1802 1132 1958 1196 Θεοῦ,

373 1219 730 1287 συνεξέτασον
757 1223 871 1284 τοῖς
902 1222 1228 1292 ἐμφαίνουσι
1260 1225 1464 1295 ῥητοῖς,
1508 1223 1960 1278 ἐπιλανθάνεσθαι

368 1328 534 1365 τινων
564 1311 655 1365 τὸν
684 1311 818 1365 Θεὸν
858 1313 926 1366 δι’
957 1315 1234 1386 ἁμαρτίαν
1262 1316 1459 1370 αὐτῶν.
1503 1317 1709 1387 Ῥητῶς
1741 1318 1839 1388 μὲν
1867 1313 1960 1370 οὖν

366 1403 431 1458 rb
460 1403 796 1477 λεπτομερὲς
813 1406 911 1477 τῆς
940 1407 1224 1476 Προνοίας,
1249 1409 1344 1461 καὶ
1365 1411 1398 1478 ἡ
1431 1409 1594 1480 μέχρι
1615 1411 1723 1462 τῶν
1745 1409 1958 1464 λεπτῶν

366 1497 592 1566 γνῶσις,
624 1500 681 1551 ὲν
721 1499 932 1562 τούτοις
959 1499 1242 1571 δηλοῦται·
1296 1502 1504 1572 νοητῶς
1547 1503 1605 1555 δὲ
1649 1502 1836 1555 πίπτει
1865 1503 1959 1556 ἐπὶ

365 1591 468 1661 τῆς
495 1590 621 1660 γῆς,
666 1586 756 1645 οἷα
792 1591 1069 1664 στρουθία,
1109 1593 1169 1646 rb
1198 1593 1480 1664 φρόνιμον.
1539 1594 1710 1647 Ἐπὰν
1741 1595 1800 1648 δὲ
1844 1595 1958 1649 ἄνω

366 1681 603 1753 φέρεσθε
634 1680 733 1752 (4),
782 1681 850 1736 τὰ
881 1683 1034 1736 κάτω
1074 1682 1230 1754 ζητεῖ
1256 1687 1369 1748 τοῖς
1395 1685 1496 1754 τῆς
1538 1685 1742 1756 σαρκὸς
1770 1686 1954 1755 ἐνεχο-

367 1774 555 1844 μένοις
586 1776 798 1838 κακοῖς,
831 1774 1136 1847 παραδοθὲν
1179 1776 1260 1838 είς
1288 1775 1458 1839 πάθος
1495 1776 1736 1847 ἀτιμίας,
1772 1777 1867 1830 καὶ
1894 1776 1954 1829 rb

2069 587 2277 643 dientes
2316 602 2506 643 vocem
2539 589 2656 654 Dei,
2701 597 2982 658 gustantes
3020 605 3213 660 panem
3251 593 3466 658 vivum,-
3515 592 3656 648 olfa-

2067 680 2273 735 cientes
2301 677 2663 752 fragrantiam
2695 691 3094 748 unguentorum
3143 683 3368 748 Christi,
3400 684 3503 740 olei
3553 699 3653 740 ex-

2067 772 2408 836 sultationis,
2456 783 2510 827 et
2544 781 2954 828 contrectantes
2997 774 3237 830 Verbum
3281 777 3486 830 vivum.
3521 777 3647 846 (Qui

2067 880 2260 920 sensus
2315 866 2414 919 viri
2443 865 2624 934 ’josti)
2672 869 2936 920 attenuati
2979 866 3048 919 ab
3095 867 3163 922 iis
3197 869 3286 938 qui
3339 870 3645 939 spiritualis

2064 957 2226 1012 stulta
2273 966 2326 1012 et
2359 958 2486 1011 vilia
2526 967 2798 1027 reputant,
2831 973 2936 1013 non
2976 968 3104 1013 sunt
3148 961 3201 1014 in
3249 961 3520 1016 oblivione
3568 971 3647 1016 ta-

2065 1060 2187 1099 men
2230 1061 2415 1100 coram
2467 1046 2597 1101 Deo.
2649 1047 2953 1103 Dictionem
3005 1049 3362 1105 nihilominus
3399 1066 3522 1120 quae
3568 1053 3646 1106 si-

2062 1137 2317 1206 gnificat,
2370 1151 2438 1192 ne
2493 1139 2776 1193 minimam
2829 1139 3044 1209 quidem
3081 1141 3344 1196 aviculam
3396 1142 3447 1196 in
3503 1145 3643 1198 obli-

2062 1226 2223 1280 vione
2275 1241 2397 1280 esse
2428 1242 2612 1281 coram
2656 1227 2796 1293 Deo,
2836 1232 3107 1300 perpende
3150 1247 3272 1286 cum
3319 1231 3645 1288 dictionibus

2063 1317 2518 1386 significantibus,
2563 1320 2731 1376 Deum
2795 1323 3155 1391 quorumdam
3223 1323 3471 1378 oblivisci
3519 1340 3646 1393 pro-

2060 1417 2178 1478 pter
2210 1419 2428 1478 peccata
2461 1426 2668 1466 eorum.
2720 1411 3058 1468 Litteraiiter
3092 1429 3224 1484 ergo
3264 1417 3314 1468 in
3349 1415 3498 1470 hisce
3547 1417 3647 1472 de-

2063 1499 2304 1553 claratur
2348 1500 2414 1554 ad
2448 1500 2668 1555 minima
2708 1517 2936 1573 quaeque
2968 1505 3172 1574 porrigi
3217 1505 3641 1574 Providentiam,

2056 1601 2110 1642 et
2141 1605 2309 1660 usque
2330 1591 2396 1646 ad
2424 1593 2666 1646 notitiam
2693 1608 2872 1648 rerum
2904 1596 3365 1653 tenuissimarum.
3387 1596 3646 1667 Spiritua-

2058 1677 2179 1734 liter
2203 1695 2372 1735 vero:
2405 1680 2550 1733 cadit
2579 1681 2631 1734 in
2683 1690 2909 1748 terram,
2941 1683 3089 1739 velut
3120 1686 3365 1754 aviculae,
3399 1688 3640 1757 pruden-

2057 1771 2152 1824 tia.
2185 1771 2318 1824 Dum
2367 1773 2512 1826 enim
2543 1773 2780 1828 sublime
2815 1772 3011 1839 fertur,
3053 1786 3172 1844 quae
3206 1776 3471 1832 inferiora
3515 1791 3643 1834 sunt

362 1862 650 1935 ἐλεύθερον
686 1862 825 1934 μετὰ
855 1863 948 1916 τοῦ
981 1864 1166 1934 τιμίου
1197 1864 1558 1928 άπολελωκός.
1608 1863 1863 1928 Τοιοῦτος
1891 1864 1942 1916 δὲ

2052 1863 2204 1932 petit,
2235 1873 2455 1933 propter
2486 1865 2783 1920 obtinentia
2825 1865 3008 1920 carnis
3049 1867 3211 1934 vitia;
3246 1869 3551 1938 traditaque
3583 1871 3636 1924 in

361 1959 394 2008 ό
437 1955 543 2008 ὑπὸ
568 1955 664 2009 τοῦ
698 1956 856 2025 λόγου
891 1957 1301 2030 μετεωρισθεὶς,
1335 1959 1428 2011 καὶ
1463 1958 1532 2011 τὰ
1558 1958 1724 2030 γήϊνα
1750 1959 1950 2030 φρονή-

364 2067 486 2113 σας.
521 2050 680 2104 Κατὰ
719 2051 776 2105 δὲ
815 2052 876 2105 τὸ
897 2051 1058 2123 ῥητὸν
1105 2052 1288 2115 πάλιν,
1314 2052 1375 2105 τό
1400 2069 1414 2082 ο
1451 2055 1532 2106 Οὐ
1556 2050 1823 2105 πεσεῖται
1847 2051 1945 2106 ἐπὶ

361 2141 480 2211 τὴν
508 2141 623 2213 γῆν
653 2142 799 2197 ἄνευ
831 2144 938 2198 τοῦ
967 2145 1196 2212 Πατρός
1229 2144 1416 2214 ὑμῶν,
1460 2145 1522 2197 οὐ
1566 2143 1664 2216 τὴν
1696 2143 1948 2215 βούλησιν

359 2236 654 2301 δείκνυσιν,
682 2236 818 2290 ἀλλὰ
843 2237 940 2309 τὴν
980 2238 1310 2309 πρόγνωσιν.
1339 2237 1458 2290 Τῶν
1487 2237 1597 2309 γὰρ
1625 2237 1944 2309 γινομένων,

359 2327 400 2381 ἃ.
424 2329 522 2398 μὲν
546 2327 684 2381 κατὰ
712 2328 964 2400 βούλησιν
993 2330 1224 2400 γίνεται,
1249 2330 1285 2384 ἃ.
1309 2330 1365 2384 δὲ
1386 2332 1505 2384 κατ’
1531 2330 1800 2394 εὐδοκίαν,
1822 2329 1858 2385 ἃ
1887 2329 1945 2384 δὲ

359 2419 504 2472 κατὰ
530 2419 899 2493 συγχώρησιν.

1007 2685 1164 2737 ΚΕΦ.
1201 2685 1294 2740 II".

358 2773 531 2851 Στίχη
553 2782 620 2851 κζ.
677 2776 872 2851 Πάλιν
905 2773 1019 2851 οὖν
1052 2775 1214 2832 εἴπεο
1251 2780 1371 2834 Τίνι
1396 2781 1665 2851 ὁμοιώσω
1693 2780 1808 2851 τὴν
1827 2783 1940 2848 βαρ

430 2847 674 2900 σιλείαν
707 2848 813 2902 τοῦ
844 2848 992 2903 Θεοῦ
1009 2866 1028 2912 ;

356 2915 510 2994 Στίχ.
557 2923 664 2994 κα’.
719 2918 924 2994 Ὡμοία
962 2920 1104 2994 Δἐστὶ
1137 2919 1304 2994 ζύμῃ,
1354 2919 1434 2994 ἣν
1466 2920 1755 2994 ⁸,λαϐοῇσα
1780 2923 1936 2994 γυνὴ

428 2987 696 3108 «Ξκιρυψεν
716 2991 803 3056 εὶς
825 2989 1086 3059 ἀλεύρου
1107 2987 1435 3059 σάῒαίτρία,
1456 2991 1567 3058 ἕως
1584 2988 1654 3048 οὗ
1675 2987 1936 3063 ἐζυλιιίιθὴ

428 3071 433 3075 ’
510 3076 601 3108 ΟΥ.

467 3062 601 3112 λον.

437 3147 672 3218 Ἑτέρως
704 3148 822 3202 ἐστὶ
871 3148 1078 3214 λαϐεῖν,
1119 3149 1234 3220 τὴν
1283 3151 1382 3223 μὲν
1426 3153 1680 3222 γυναῖκα
1719 3155 1801 3218 είς
1836 3155 1935 3224 τὴν

367 3238 716 3312 Ἐκκλησίαν,
747 3241 864 3310 τὴν
888 3241 944 3295 δὲ
970 3241 1157 3312 ζύμην
1199 3246 1280 3309 εἰς
1316 3245 1378 3298 τὸ
1404 3245 1633 3316 Πνεῦμα
1659 3246 1721 3299 τὸ
1747 3245 1929 3315 ἁγιον.

352 3329 512 3384 Σάτα
535 3331 592 3384 δὲ
618 3332 770 3400 τρία,
803 3332 982 3404 σῶμα,
1015 3333 1251 3406 πνεῦμα,
1287 3337 1484 3410 ψυχήν.
1533 3337 1836 3407 Ἀγιάζεται
1879 3337 1936 3390 δὲ

351 3423 526 3476 ταῦτα
565 3427 630 3496 τῇ
661 3423 808 3499 ζύμῃ
834 3425 930 3480 τοῦ
958 3426 1113 3496 ἁγίου
1147 3428 1482 3499 Πνεύματος,
1513 3428 1654 3482 ὥστε
1683 3430 1934 3498 γενέσθαι

350 3515 494 3586 πρὸς
533 3515 593 3568 rb
625 3515 779 3585 ἆγιον
813 3518 1037 3590 Πνεῦμα
1073 3517 1133 3571 ἓν
1176 3517 1422 3592 φύραμα.
1457 3519 1579 3572 Ἔτι
1619 3518 1798 3592 ζύμην
1836 3522 1934 3592 τὴν

350 3607 461 3660 ἀπὸ
488 3606 584 3660 τοῦ
615 3607 818 3677 σπόρου
854 3608 1397 3681 τελεσιουργηθεῖσαν
1422 3608 1650 3680 δύναμιν
1687 3611 1716 3661 ό
1745 3610 1935 3681 Σωτὴρ

347 3697 610 3770 ὀνομάζει
635 3698 695 3752 rb
720 3698 948 3772 Πνεῦμα
971 3699 1033 3754 rb
1056 3700 1231 3770 ἆγιον,
1253 3699 1443 3753 τοῦτον
1469 3698 1815 3771 αἰνιξάμενος
1843 3700 1934 3754 τὸν

349 3789 573 3859 τρόπον.
631 3788 690 3842 '0
712 3790 842 3860 γοῦν
870 3792 970 3863 τῆς
995 3791 1251 3861 οὐρανίου
1281 3791 1558 3862 βασιλείας
1579 3792 1764 3863 ῗλόγος,
1796 3793 1934 3864 μετὰ

349 3879 451 3952 τὴν
484 3880 709 3953 πρώτην
747 3885 804 3936 ὲν
833 3881 1144 3956 ἀνθρώποις
1185 3883 1392 3956 σποράν
1417 3883 1692 3955 αὐξηθεὶς,
1723 3885 1933 3958 καρπὸν

351 3973 586 4037 ἀποδοὺς
623 3973 832 4046 ἐντελῆ,
880 3975 974 4030 τοῦ
1010 3976 1167 4045 ἁγίου
1197 3975 1516 4046 Πνεύματος
1551 3976 1650 4049 τὴν
1676 3978 1934 4049 ἐπιχορη-

349 4067 477 4136 γίαν
526 4071 640 4132 τοῖς
679 4067 768 4122 διὰ
812 4070 920 4123 τῶν
962 4075 1194 4144 πρώτων
1237 4069 1638 4140 ὠφελουμένοις
1679 4071 1930 4140 παρέχει,

350 4159 530 4231 ζύμης
565 4159 721 4231 δίκην
766 4162 995 4233 φύραμα
1030 4160 1328 4232 ζυμούσης.
1371 4160 1514 4232 Γυνὴ
1543 4160 1599 4214 δὲ
1635 4161 1858 4232 ταύτην,
1897 4163 1931 4232 ἡ

351 4252 512 4322 σοφία
543 4252 638 4306 τοῦ
678 4253 836 4318 Θεοῦ,
874 4257 953 4318 είς
986 4254 1218 4328 ἀλεύρου
1262 4255 1399 4309 σάτα
1437 4253 1565 4324 τρία
1609 4253 1927 4326 ὲγκρύπτει.

348 4347 475 4410 Τοῖς
494 4344 624 4414 γοῦν
652 4345 1037 4417 πορισαμένοις
1060 4348 1124 4400 ὲκ
1151 4345 1349 4417 πολλῆς
1371 4345 1690 4416 ἐπιμελείας
1713 4346 1806 4398 καὶ
1831 4345 1932 4415 τῆς

348 4436 443 4489 τοῦ
459 4437 678 4509 σσπόρου
716 4438 990 4511 γεωργίας
1031 4437 1260 4510 ἀλεύρου
1303 4439 1439 4492 σάτα
1474 4437 1618 4510 τρία,
1662 4438 1927 4509 δόγματα,

352 4527 503 4582 θείαν
535 4528 737 4597 γνῶσιν
781 4529 882 4601 τὴν
914 4530 1041 4601 περὶ
1069 4529 1284 4600 Πατρὸς
1322 4529 1418 4583 καὶ
1461 4528 1592 4582 Υίοῦ
1636 4529 1732 4583 καὶ
1773 4528 1928 4598 ἁγίου
1960 4547 2005 4602 ι)

350 4617 686 4689 Πνεύματος,
730 4619 762 4690 ή
799 4618 890 4672 τοῦ
929 4618 1064 4673 Θεοῦ
1105 4621 1264 4690 σοφία
1285 4619 1347 4672 rb
1391 4619 1544 4688 ἆγιον
1580 4619 1805 4690 Πνεῦμα
1840 4635 1930 4690 χο-

351 4713 529 4779 ρηγεῖ.
570 4710 634 4762 Ἠ
672 4710 716 4763 δ’
754 4709 913 4781 αὐτὴ,
943 4710 1066 4764 καθ’
1095 4710 1288 4782 ἑτέραν
1320 4711 1579 4776 διάνοιαν,
1624 4711 1802 4765 πάντα
1837 4709 1928 4764 τὸν

348 4802 414 4853 ὲκ
441 4800 583 4854 Θεοῦ
612 4801 897 4873 ἄνθρωπον
927 4803 991 4855 ὲκ
1022 4799 1273 4872 σώματος
1299 4803 1392 4855 καὶ
1416 4801 1593 4873 ψυχῆς
1625 4803 1720 4855 καὶ
1762 4800 1928 4854 πνεύ-

350 4910 518 4963 ματος
542 4893 873 4957 συνεστῶτα,
912 4895 978 4964 τῇ
1013 4893 1342 4966 ὲπιχορηγίᾳ
1382 4894 1481 4965 τῆς
1508 4892 1660 4957 θείας
1687 4893 1926 4962 ἐμπνεύ-

348 5000 508 5047 σεως,
548 4982 725 5055 ζύμην
765 4985 1169 5056 ὲγκρύπτουσα,
1196 4983 1295 5055 τὴν
1324 4982 1385 5048 ἐξ
1423 4983 1593 5054 αὐτῆς
1635 4983 1922 5052 ὠφέλειαν,

347 5078 427 5139 εἰς
451 5077 679 5149 ἀλεύρου
709 5079 844 5132 σάτα
877 5078 1001 5150 τρία
1040 5075 1110 5130 τὰ
1134 5075 1452 5146 νενοημένα,
1483 5074 1588 5137 ἕως
1609 5069 1670 5128 οὗ
1697 5073 1922 5146 ζυμωθῇ

345 5167 486 5219 ὅλον.
535 5160 705 5231 Οὗτος
748 5165 906 5245 γοῦν,
955 5169 1022 5238 τῇ
1071 5167 1270 5237 μετοχῇ
1313 5165 1412 5236 τῆς
1454 5163 1704 5235 οὐρανίου
1748 5163 1926 5235 ζύμης

343 5258 602 5324 ποιωθεὶς
647 5264 742 5314 καὶ
782 5259 1072 5332 ζυμωθεὶς,
1123 5258 1374 5329 οὐράνιος
1416 5258 1510 5310 καὶ
1557 5257 1925 5327 πνευματικὸς

344 5354 744 5426 χρηματίσεται
782 5353 1086 5425 ἄνθρωπος,
1127 5351 1220 5404 καὶ
1264 5349 1405 5404 νέον
1444 5350 1703 5419 φύραμα,
1748 5349 1824 5412 ὡς
1865 5349 1924 5402 ὃν

347 5445 478 5514 μιᾶς
507 5445 755 5516 κράσεως
777 5444 1076 5515 γενομένης
1116 5441 1224 5495 τῶν
1259 5439 1425 5511 τριῶν
1457 5439 1699 5510 ἀλεύρων
1728 5438 1924 5491 ἀποδεο

2051 1951 2356 2024 ρῖιεείοηεηι
2403 1955 2735 2024 ignominiaa,
2765 1957 2930 2011 etiam
2967 1955 3275 2012 libertatem
3307 1975 3430 2013 cum
3459 1963 3634 2029 pretio

2051 2041 2271 2096 amittit.
2320 2041 2638 2112 llujusmodi
2678 2059 2841 2114 porro
2879 2053 2964 2100 est
3005 2046 3097 2116 qui
3131 2061 3161 2100 a
3195 2047 3364 2102 verbo
3409 2050 3475 2103 ad
3505 2050 3634 2104 sub-

2049 2130 2196 2185 limia
2241 2131 2503 2198 elevatus,
2558 2134 2723 2187 etiam
2764 2149 2887 2204 quae
2936 2144 3155 2190 terrena
3195 2147 3326 2191 sunt
3356 2139 3518 2207 sapit.
3552 2139 3633 2192 Ad

2048 2223 2283 2279 litteram
2315 2241 2541 2291 rursus,
2576 2225 2731 2289 illud,
2778 2241 2882 2280 non
2918 2227 3073 2281 cadet
3111 2244 3267 2297 super
3297 2239 3491 2282 terram
3521 2231 3635 2285 sine

2050 2315 2214 2370 Patre
2251 2327 2419 2372 uestro
2445 2318 2512 2381 ",
2541 2333 2646 2372 non
2681 2317 3010 2372 voluntatem
3057 2319 3314 2384 ostendit,
3359 2321 3452 2374 sed
3495 2335 3631 2390 prae-

2045 2407 2351 2463 scientiam.
2401 2409 2602 2464 Eorum
2655 2411 2800 2463 enim
2851 2425 2971 2478 qua:
3005 2410 3358 2479 contingunt,
3403 2411 3511 2465 alia
3560 2426 3630 2466 ex

2045 2497 2327 2552 voluntate
2368 2497 2529 2566 fiunt,
2577 2502 2684 2555 alia
2722 2515 2790 2555 ex
2842 2499 3203 2569 beneplacito,
3254 2500 3358 2554 alia
3397 2515 3464 2556 ex
3503 2517 3628 2572 per-

2044 2603 2326 2645 misswne.

2680 2678 2833 2738 CAP.
2874 2680 3013 2736 Xlll.

2044 2770 2256 2895 132.9
2273 2771 2477 2826 Iterum
2524 2790 2646 2844 ergo
2691 2776 2825 2828 dixit
2859 2790 2879 2828 :
2922 2773 3026 2828 Cui
3057 2774 3626 2846 auimilaboregnum

2043 2860 2457 2985 V.léelt..Si_mile
2487 2922 2565 2967 est
2596 2914 2874 2984 fermento,
2909 2932 3014 2985 quo
3045 2925 3258 2982 accepto
3286 2913 3475 2968 mulier
3504 2915 3627 2968 abs-

2112 2984 2287 3036 condit
2315 2982 2374 3035 in
2412 2982 2606 3052 farinaé
2642 2993 2762 3038 sata
2790 2982 3107 3052 Irim—donec
3136 2986 3505 3054 fermentatum
3543 2993 3626 3038 est

2111 3062 2298 3106 totum.

2108 3147 2230 3202 Alio
2263 3148 2423 3203 modo
2451 3148 2580 3204 licet
2622 3150 2892 3220 accipere,
2929 3151 3207 3206 mulierem
3253 3150 3472 3220 quidem
3522 3164 3624 3219 pro

2043 3239 2312 3307 Ecclesia,
2352 3250 2408 3296 et
2456 3241 2770 3309 fermentum
2809 3258 2912 3312 pro
2971 3242 3174 3313 Spiritu
3232 3254 3445 3298 sancto.
3497 3242 3624 3297 Tria

2041 3341 2180 3400 sata,
2227 3341 2354 3387 sunt
2395 3347 2615 3402 corpus,
2643 3333 2888 3401 spiritus,
2938 3335 3142 3388 anima.
3199 3334 3626 3390 Sanctificantur

2040 3424 2153 3478 bzec
2187 3423 2450 3479 fermento
2489 3424 2725 3496 Spiritus
2759 3428 2960 3490 sancti,
2993 3435 3051 3481 ut
3087 3427 3220 3482 fiant
3257 3442 3376 3481 cum
3417 3424 3622 3496 Spiritu

2035 3525 2224 3570 sancto
2259 3531 2364 3572 una
2393 3517 2730 3588 conspersio.
2777 3517 3050 3573 Praeterea
3089 3517 3340 3573 Salvator
3379 3517 3626 3572 nominat

2038 3606 2300 3676 Spiritum
2362 3619 2639 3676 sanctum,
2694 3611 2810 3666 sive
2857 3612 3112 3666 virtutem
3161 3625 3280 3680 qua:
3329 3625 3360 3664 a
3415 3609 3624 3664 semine

2035 3702 2342 3771 perficitur,
2402 3703 2762 3769 fermentum,
2821 3706 3157 3761 subinnuens
3223 3706 3326 3760 hoc
3411 3704 3616 3760 modo:

2035 3792 2226 3849 Sermo
2243 3809 2436 3864 nempe
2457 3796 2606 3866 regni
2633 3795 2917 3863 caelorum,
2949 3807 3069 3866 post
3094 3795 3322 3867 primam
3346 3798 3612 3851 sationem

2045 3885 2188 3941 inter
2244 3886 2492 3941 homines
2552 3897 2779 3956 accepto
2851 3890 3223 3954 incremento,
3295 3886 3619 3956 redditaque

2035 3976 2212 4031 fructu
2246 3977 2512 4046 perfecto,
2560 3976 2799 4046 Spiritus
2828 3978 3005 4032 sancti
3051 3976 3616 4033 subministrationem

2035 4067 2101 4120 iis
2141 4067 2232 4136 qui
2267 4081 2365 4137 per
2392 4067 2506 4122 haec
2541 4069 2714 4137 prima
2745 4066 2915 4136 adjuti
2965 4076 3114 4134 sunt,
3159 4067 3410 4137 largitur,
3443 4068 3619 4121 instar

2035 4154 2283 4211 fermenti
2329 4155 2579 4211 videlicet
2628 4171 2863 4211 massam
2911 4156 3314 4212 fermentantis.
3349 4153 3463 4208 Hoc
3508 4155 3619 4208 fer-

2035 4257 2273 4302 mentum
2321 4247 2535 4314 mulier,
2587 4247 2682 4302 Dei
2735 4261 2932 4316 ncmpe
2985 4246 3290 4316 sapientia,
3337 4247 3387 4298 in
3425 4243 3618 4298 farina

2037 4347 2156 4392 sata
2203 4339 2307 4393 tria
2358 4340 2617 4394 occultat.
2666 4338 2738 4392 lis
2772 4337 3029 4392 videlicet
3059 4338 3150 4407 qui
3199 4335 3302 4392 sibi
3333 4351 3616 4406 compara-

2031 4438 2252 4496 verunt,
2294 4444 2358 4484 ex
2412 4430 2581 4484 multa
2631 4429 2994 4485 sollicitudine
3025 4439 3080 4483 et
3117 4426 3326 4482 cultura
3353 4426 3610 4490 seminis,

2033 4514 2224 4575 farina:
2271 4530 2386 4576 sata
2415 4522 2544 4587 tria,
2578 4523 2680 4577 hoc
2705 4530 2791 4578 est
2835 4521 3087 4589 dogmata
3128 4527 3184 4573 et
3223 4517 3465 4571 divinam
3517 4531 3614 4570 cn-

2036 4615 2330 4686 gnitionem
2363 4616 2428 4672 de
2446 4615 2628 4686 Patre,
2649 4618 2789 4674 Filio
2815 4630 2881 4672 ac
2909 4614 3114 4683 Spiritu
3142 4622 3354 4677 sancto,
3382 4609 3612 4679 ipsamet

2036 4707 2132 4761 Dei
2178 4707 2439 4778 sapientia
2484 4709 2748 4779 Spiritum
2800 4717 3049 4762 sanctum
3100 4701 3434 4772 suppeditat.
3485 4698 3612 4753 Haec

2033 4800 2219 4854 eadem
2247 4840 2262 4866 ,
2307 4799 2462 4867 juxta
2511 4801 2673 4856 aliam
2722 4797 3054 4870 intelligendi
3110 4795 3399 4856 rationem,
3437 4799 3608 4844 totum

2032 4905 2100 4942 ex
2142 4889 2250 4944 Deo
2280 4890 2552 4945 hominem
2579 4905 2647 4946 ex
2676 4905 2925 4960 corpore,
2952 4888 3130 4943 anima
3157 4893 3212 4940 et
3252 4882 3450 4952 spiritu
3485 4895 3610 4935 con-

2032 4990 2266 5035 stantem
2288 5020 2305 5043 ,
2334 4981 2619 5052 largitione
2649 4982 2846 5037 divinae
2884 4978 3253 5049 inSpirationis
3283 4975 3604 5030 fermentum

2031 5073 2299 5137 occultat,
2349 5089 2504 5128 suam
2551 5088 2744 5142 nempe
2776 5073 3096 5136 utilitatem,
3144 5070 3200 5124 in
3251 5066 3439 5121 farinae
3491 5071 3605 5118 sata

2035 5165 2135 5218 tria
2177 5165 2497 5233 spiritaliter
2544 5166 2844 5230 intellecta,
2893 5166 3066 5219 donec
3118 5161 3474 5229 fermentetur
3524 5165 3606 5207 to-

2033 5267 2168 5310 tum.
2196 5254 2294 5311 Vir
2336 5257 2503 5328 igitur
2550 5257 2860 5326 huiusmodi
2907 5253 3323 5326 participatione
3366 5245 3605 5304 caelestis

2032 5347 2286 5402 frumenti
2334 5348 2678 5418 qualificatus
2724 5359 2781 5404 et
2821 5347 3196 5410 fermentatus,
3246 5339 3486 5398 caelestis
3539 5351 3605 5390 ac

2028 5439 2326 5507 spiritualis
2371 5440 2538 5495 homo
2572 5441 2742 5505 audit,
2785 5447 2841 5494 et
2879 5454 3010 5492 nova
3042 5434 3340 5503 conspersio
3363 5432 3429 5494 η.
3462 5432 3602 5484 facta

343 5533 604 5605 δομένων,
654 5536 748 5588 καὶ
777 5535 878 5606 τῆς
921 5537 978 5588 ἐν
1025 5535 1209 5595 αὐτοῖς
1243 5530 1596 5603 ὲμπνεύσεως
1633 5528 1732 5583 τοῦ
1759 5530 1918 5600 ἁγίου

2045 5531 2425 5602 luodammodo
2455 5547 2558 5586 una
2605 5532 2840 5586 mixtura
2883 5529 3048 5585 trium
3081 5525 3380 5583 fariuarum
3420 5522 3604 5576 diver-

420 5667 460 5697 ³⁷
503 5665 692 5720 Matth.
740 5681 804 5728 ι,
842 5663 932 5720 29.
1032 5663 1076 5697 ⁸⁸
1113 5663 1130 5717 Ι
1173 5662 1297 5718 Cor.
1325 5677 1374 5726 v,
1411 5662 1462 5719 7.

420 5805 432 5861 ί
439 5803 494 5874 5)
524 5801 687 5857 Forte
713 5799 907 5856 εὐωνα.

2045 5799 2260 5872 [Forte
2292 5797 2513 5870 φέρεται
