  <div class='ocr_page' id='page_1' title='image "/cluster/home/n/w/nwhite01/storage/ocr_20150623/17:no.7/coo.31924054872977/191.png"; bbox 0 0 4172 6412; ppageno 0'>
   <div class='ocr_carea' id='block_1_1' title="bbox 523 350 632 407">
    <p class='ocr_par' dir='ltr' id='par_1_1' title="bbox 523 350 632 407">
     <span class='ocr_line' id='line_1_1' title="bbox 523 350 632 407; baseline 0.018 -2"><span class='ocrx_word' id='word_1_1' title='bbox 523 350 632 407; x_wconf 76' lang='lat'><strong>359</strong></span> 
     </span>
    </p>
   </div>
   <div class='ocr_carea' id='block_1_2' title="bbox 1382 344 2877 403">
    <p class='ocr_par' dir='ltr' id='par_1_2' title="bbox 1382 344 2877 403">
     <span class='ocr_line' id='line_1_2' title="bbox 1382 344 2877 403; baseline -0.001 -3"><span class='ocrx_word' id='word_1_2' title='bbox 1382 346 1941 403; x_wconf 74' lang='lat' dir='ltr'><strong>SUPPLEMENTUM</strong></span> <span class='ocrx_word' id='word_1_3' title='bbox 1984 345 2073 400; x_wconf 74' lang='lat' dir='ltr'><strong>AD</strong></span> <span class='ocrx_word' id='word_1_4' title='bbox 2109 344 2433 402; x_wconf 73' lang='lat' dir='ltr'><strong>ORIGENIS</strong></span> <span class='ocrx_word' id='word_1_5' title='bbox 2467 345 2877 402; x_wconf 57' lang='lat' dir='ltr'><strong>EXEGETICA.</strong></span> 
     </span>
    </p>
   </div>
   <div class='ocr_carea' id='block_1_3' title="bbox 3685 351 3794 405">
    <p class='ocr_par' dir='ltr' id='par_1_3' title="bbox 3685 351 3794 405">
     <span class='ocr_line' id='line_1_3' title="bbox 3685 351 3794 405; baseline 0.009 -1"><span class='ocrx_word' id='word_1_6' title='bbox 3685 351 3794 405; x_wconf 74' lang='lat'><strong>360</strong></span> 
     </span>
    </p>
   </div>
   <div class='ocr_carea' id='block_1_4' title="bbox 523 463 2107 536">
    <p class='ocr_par' dir='ltr' id='par_1_4' title="bbox 523 463 2106 534">
     <span class='ocr_line' id='line_1_4' title="bbox 523 463 2106 534; baseline -0.002 -13"><span class='ocrx_word' id='word_1_7' title='bbox 523 483 708 521; x_wconf 87' lang='lat' dir='ltr'><strong>sarum</strong></span> <span class='ocrx_word' id='word_1_8' title='bbox 759 473 813 520; x_wconf 91' lang='lat' dir='ltr'><strong>et</strong></span> <span class='ocrx_word' id='word_1_9' title='bbox 867 463 1241 534; x_wconf 72' lang='lat' dir='ltr'><strong>inspirationis</strong></span> <span class='ocrx_word' id='word_1_10' title='bbox 1299 466 1476 518; x_wconf 83' lang='lat' dir='ltr'><strong>satu-ti</strong></span> <span class='ocrx_word' id='word_1_11' title='bbox 1542 464 1780 533; x_wconf 76' lang='lat' dir='ltr'><strong>Spiritus</strong></span> <span class='ocrx_word' id='word_1_12' title='bbox 1843 466 1896 519; x_wconf 91' lang='lat' dir='ltr'><strong>in</strong></span> <span class='ocrx_word' id='word_1_13' title='bbox 1954 466 2106 534; x_wconf 82' lang='lat' dir='ltr'><strong>ipsis.</strong></span> 
     </span>
    </p>
   </div>
   <div class='ocr_carea' id='block_1_5' title="bbox 2208 463 3796 536">
    <p class='ocr_par' dir='ltr' id='par_1_5' title="bbox 2215 464 3796 536">
     <span class='ocr_line' id='line_1_5' title="bbox 2215 464 3796 536; baseline 0.003 -20"><span class='ocrx_word' id='word_1_14' title='bbox 2215 464 2550 534; x_wconf 87' lang='grc' dir='ltr'>Πνεύματος.</span> <span class='ocrx_word' id='word_1_15' title='bbox 2584 465 2695 517; x_wconf 72' lang='grc' dir='ltr'><strong>Καὶ</strong></span> <span class='ocrx_word' id='word_1_16' title='bbox 2724 465 2792 535; x_wconf 81' lang='grc' dir='ltr'><strong>δὴ</strong></span> <span class='ocrx_word' id='word_1_17' title='bbox 2837 464 2956 528; x_wconf 85' lang='grc' dir='ltr'>νέος</span> <span class='ocrx_word' id='word_1_18' title='bbox 2987 465 3149 536; x_wconf 81' lang='grc' dir='ltr'><strong>ἄρτος</strong></span> <span class='ocrx_word' id='word_1_19' title='bbox 3185 466 3277 518; x_wconf 80' lang='grc' dir='ltr'><strong>καὶ</strong></span> <span class='ocrx_word' id='word_1_20' title='bbox 3303 465 3673 536; x_wconf 80' lang='grc' dir='ltr'>πνευματικὸς</span> <span class='ocrx_word' id='word_1_21' title='bbox 3701 483 3796 535; x_wconf 77' lang='grc' dir='ltr'>γε·</span> 
     </span>
    </p>
   </div>
   <div class='ocr_carea' id='block_1_6' title="bbox 522 556 2106 628">
    <p class='ocr_par' dir='ltr' id='par_1_6' title="bbox 522 556 2106 628">
     <span class='ocr_line' id='line_1_6' title="bbox 522 556 2106 628; baseline -0.003 -15"><span class='ocrx_word' id='word_1_22' title='bbox 522 561 700 628; x_wconf 79' lang='lat' dir='ltr'><strong>Atqne</strong></span> <span class='ocrx_word' id='word_1_23' title='bbox 731 557 802 612; x_wconf 89' lang='lat' dir='ltr'><strong>ita</strong></span> <span class='ocrx_word' id='word_1_24' title='bbox 832 556 1078 626; x_wconf 84' lang='lat' dir='ltr'><strong>profecto</strong></span> <span class='ocrx_word' id='word_1_25' title='bbox 1102 571 1274 610; x_wconf 90' lang='lat' dir='ltr'><strong>novus</strong></span> <span class='ocrx_word' id='word_1_26' title='bbox 1303 556 1460 625; x_wconf 87' lang='lat' dir='ltr'><strong>panis</strong></span> <span class='ocrx_word' id='word_1_27' title='bbox 1482 566 1538 610; x_wconf 90' lang='lat' dir='ltr'><strong>et</strong></span> <span class='ocrx_word' id='word_1_28' title='bbox 1568 557 1874 626; x_wconf 87' lang='lat' dir='ltr'><strong>spiritualis</strong></span> <span class='ocrx_word' id='word_1_29' title='bbox 1902 556 2106 621; x_wconf 69' lang='lat' dir='ltr'><strong>effecti,</strong></span> 
     </span>
    </p>
   </div>
   <div class='ocr_carea' id='block_1_7' title="bbox 523 650 2107 721">
    <p class='ocr_par' dir='ltr' id='par_1_7' title="bbox 523 650 2107 721">
     <span class='ocr_line' id='line_1_7' title="bbox 523 650 2107 721; baseline -0.003 -12"><span class='ocrx_word' id='word_1_30' title='bbox 523 655 818 709; x_wconf 89' lang='lat' dir='ltr'><strong>secundum</strong></span> <span class='ocrx_word' id='word_1_31' title='bbox 846 653 1188 721; x_wconf 79' lang='lat' dir='ltr'><strong>Apostolum,</strong></span> <span class='ocrx_word' id='word_1_32' title='bbox 1221 652 1313 720; x_wconf 89' lang='lat' dir='ltr'><strong>qui</strong></span> <span class='ocrx_word' id='word_1_33' title='bbox 1358 651 1433 704; x_wconf 90' lang='lat' dir='ltr'><strong>ait</strong></span> <span class='ocrx_word' id='word_1_34' title='bbox 1464 669 1476 704; x_wconf 91' lang='lat'><strong>:</strong></span> <span class='ocrx_word' id='word_1_35' title='bbox 1510 650 1660 705; x_wconf 77' lang='lat' dir='ltr'><strong>Unus</strong></span> <span class='ocrx_word' id='word_1_36' title='bbox 1688 652 1843 721; x_wconf 81' lang='lat' dir='ltr'><strong>panis</strong></span> <span class='ocrx_word' id='word_1_37' title='bbox 1873 662 1918 705; x_wconf 89' lang='lat' dir='ltr'><strong>et</strong></span> <span class='ocrx_word' id='word_1_38' title='bbox 1944 668 2107 704; x_wconf 84' lang='lat' dir='ltr'><strong>unum</strong></span> 
     </span>
    </p>
   </div>
   <div class='ocr_carea' id='block_1_8' title="bbox 523 743 2106 814">
    <p class='ocr_par' dir='ltr' id='par_1_8' title="bbox 523 743 2106 814">
     <span class='ocr_line' id='line_1_8' title="bbox 523 743 2106 814; baseline -0.003 -16"><span class='ocrx_word' id='word_1_39' title='bbox 523 761 714 814; x_wconf 80' lang='lat' dir='ltr'><strong>corpus</strong></span> <span class='ocrx_word' id='word_1_40' title='bbox 753 760 934 797; x_wconf 78' lang='lat' dir='ltr'><strong>sumus</strong></span> <span class='ocrx_word' id='word_1_41' title='bbox 969 743 1123 796; x_wconf 78' lang='lat' dir='ltr'><strong>multi</strong></span> <span class='ocrx_word' id='word_1_42' title='bbox 1150 743 1216 807; x_wconf 62' lang='lat' dir='ltr'><strong>l’,</strong></span> <span class='ocrx_word' id='word_1_43' title='bbox 1247 743 1538 810; x_wconf 76' lang='lat' dir='ltr'><strong>imaginem</strong></span> <span class='ocrx_word' id='word_1_44' title='bbox 1587 758 1650 798; x_wconf 89' lang='lat' dir='ltr'><strong>ac</strong></span> <span class='ocrx_word' id='word_1_45' title='bbox 1698 743 2106 797; x_wconf 73' lang='lat' dir='ltr'><strong>similitudinem</strong></span> 
     </span>
    </p>
   </div>
   <div class='ocr_carea' id='block_1_9' title="bbox 527 835 2108 907">
    <p class='ocr_par' dir='ltr' id='par_1_9' title="bbox 527 835 2108 907">
     <span class='ocr_line' id='line_1_9' title="bbox 527 835 2108 907; baseline -0.003 -15"><span class='ocrx_word' id='word_1_46' title='bbox 527 853 864 892; x_wconf 88' lang='lat' dir='ltr'><strong>resumemus</strong></span> <span class='ocrx_word' id='word_1_47' title='bbox 899 838 1054 906; x_wconf 89' lang='lat' dir='ltr'><strong>panis</strong></span> <span class='ocrx_word' id='word_1_48' title='bbox 1092 836 1417 890; x_wconf 84' lang='lat' dir='ltr'><strong>viviﬁcantis</strong></span> <span class='ocrx_word' id='word_1_49' title='bbox 1458 836 1732 894; x_wconf 86' lang='lat' dir='ltr'><strong>universa.</strong></span> <span class='ocrx_word' id='word_1_50' title='bbox 1762 835 1852 907; x_wconf 82' lang='lat' dir='ltr'><strong>qui</strong></span> <span class='ocrx_word' id='word_1_51' title='bbox 1886 838 1951 888; x_wconf 87' lang='lat' dir='ltr'><strong>de</strong></span> <span class='ocrx_word' id='word_1_52' title='bbox 1980 839 2108 888; x_wconf 70' lang='lat' dir='ltr'><strong>caelo</strong></span> 
     </span>
    </p>
   </div>
   <div class='ocr_carea' id='block_1_10' title="bbox 525 927 2109 998">
    <p class='ocr_par' dir='ltr' id='par_1_10' title="bbox 525 927 2109 998">
     <span class='ocr_line' id='line_1_10' title="bbox 525 927 2109 998; baseline -0.001 -16"><span class='ocrx_word' id='word_1_53' title='bbox 525 931 786 983; x_wconf 74' lang='lat' dir='ltr'><strong>descendit</strong></span> <span class='ocrx_word' id='word_1_54' title='bbox 813 931 883 995; x_wconf 80' lang='lat'><strong>&#39;°,</strong></span> <span class='ocrx_word' id='word_1_55' title='bbox 935 944 1144 998; x_wconf 84' lang='lat' dir='ltr'><strong>nosque</strong></span> <span class='ocrx_word' id='word_1_56' title='bbox 1175 929 1380 982; x_wconf 86' lang='lat' dir='ltr'><strong>similes</strong></span> <span class='ocrx_word' id='word_1_57' title='bbox 1429 929 1531 982; x_wconf 84' lang='lat' dir='ltr'><strong>sibi</strong></span> <span class='ocrx_word' id='word_1_58' title='bbox 1580 927 1782 982; x_wconf 66' lang='lat' dir='ltr'><strong>eﬂ‘ecit.</strong></span> <span class='ocrx_word' id='word_1_59' title='bbox 1811 927 2109 982; x_wconf 83' lang='lat' dir='ltr'><strong>Commode</strong></span> 
     </span>
    </p>
   </div>
   <div class='ocr_carea' id='block_1_11' title="bbox 524 1020 2105 1090">
    <p class='ocr_par' dir='ltr' id='par_1_11' title="bbox 524 1020 2105 1090">
     <span class='ocr_line' id='line_1_11' title="bbox 524 1020 2105 1090; baseline -0.002 -14"><span class='ocrx_word' id='word_1_60' title='bbox 524 1031 703 1076; x_wconf 83' lang='lat' dir='ltr'><strong>autem</strong></span> <span class='ocrx_word' id='word_1_61' title='bbox 760 1023 973 1077; x_wconf 86' lang='lat' dir='ltr'><strong>mulieri</strong></span> <span class='ocrx_word' id='word_1_62' title='bbox 1027 1021 1342 1077; x_wconf 80' lang='lat' dir='ltr'><strong>assimilabo</strong></span> <span class='ocrx_word' id='word_1_63' title='bbox 1381 1022 1471 1074; x_wconf 85' lang='lat' dir='ltr'><strong>Dei</strong></span> <span class='ocrx_word' id='word_1_64' title='bbox 1519 1021 1839 1090; x_wconf 84' lang='lat' dir='ltr'><strong>sapientiam</strong></span> <span class='ocrx_word' id='word_1_65' title='bbox 1886 1020 1940 1073; x_wconf 92' lang='lat' dir='ltr'><strong>in</strong></span> <span class='ocrx_word' id='word_1_66' title='bbox 1989 1020 2105 1085; x_wconf 88' lang='lat' dir='ltr'><strong>his;</strong></span> 
     </span>
    </p>
   </div>
   <div class='ocr_carea' id='block_1_12' title="bbox 525 1110 2110 1178">
    <p class='ocr_par' dir='ltr' id='par_1_12' title="bbox 525 1110 2110 1178">
     <span class='ocr_line' id='line_1_12' title="bbox 525 1110 2110 1178; baseline -0.003 -10"><span class='ocrx_word' id='word_1_67' title='bbox 525 1114 765 1168; x_wconf 79' lang='lat' dir='ltr'><strong>Christus</strong></span> <span class='ocrx_word' id='word_1_68' title='bbox 798 1131 916 1168; x_wconf 78' lang='lat' dir='ltr'><strong>vero</strong></span> <span class='ocrx_word' id='word_1_69' title='bbox 947 1124 1019 1167; x_wconf 79' lang='lat' dir='ltr'><strong>est</strong></span> <span class='ocrx_word' id='word_1_70' title='bbox 1052 1113 1145 1166; x_wconf 92' lang='lat' dir='ltr'><strong>Dei</strong></span> <span class='ocrx_word' id='word_1_71' title='bbox 1189 1114 1376 1175; x_wconf 80' lang='lat' dir='ltr'><strong>virtus,</strong></span> <span class='ocrx_word' id='word_1_72' title='bbox 1405 1122 1452 1164; x_wconf 90' lang='lat' dir='ltr'><strong>et</strong></span> <span class='ocrx_word' id='word_1_73' title='bbox 1483 1111 1577 1164; x_wconf 88' lang='lat' dir='ltr'><strong>Dei</strong></span> <span class='ocrx_word' id='word_1_74' title='bbox 1613 1110 1868 1177; x_wconf 75' lang='lat' dir='ltr'><strong>sapientia</strong></span> <span class='ocrx_word' id='word_1_75' title='bbox 1893 1110 1960 1174; x_wconf 79' lang='lat'><strong>“,</strong></span> <span class='ocrx_word' id='word_1_76' title='bbox 1989 1123 2110 1178; x_wconf 73' lang='lat' dir='ltr'><strong>quae</strong></span> 
     </span>
    </p>
   </div>
   <div class='ocr_carea' id='block_1_13' title="bbox 529 1203 2110 1274">
    <p class='ocr_par' dir='ltr' id='par_1_13' title="bbox 529 1203 2110 1274">
     <span class='ocr_line' id='line_1_13' title="bbox 529 1203 2110 1274; baseline -0.003 -15"><span class='ocrx_word' id='word_1_77' title='bbox 529 1208 820 1274; x_wconf 88' lang='lat' dir='ltr'><strong>respomlet</strong></span> <span class='ocrx_word' id='word_1_78' title='bbox 865 1204 1205 1261; x_wconf 89' lang='lat' dir='ltr'><strong>similitudini</strong></span> <span class='ocrx_word' id='word_1_79' title='bbox 1242 1204 1515 1258; x_wconf 75' lang='lat' dir='ltr'><strong>let-menti.</strong></span> <span class='ocrx_word' id='word_1_80' title='bbox 1553 1204 1707 1258; x_wconf 84' lang='lat' dir='ltr'><strong>Sicut.</strong></span> <span class='ocrx_word' id='word_1_81' title='bbox 1737 1203 1881 1256; x_wconf 86' lang='lat' dir='ltr'><strong>enim</strong></span> <span class='ocrx_word' id='word_1_82' title='bbox 1921 1203 1973 1255; x_wconf 90' lang='lat' dir='ltr'><strong>in</strong></span> <span class='ocrx_word' id='word_1_83' title='bbox 2015 1218 2110 1271; x_wconf 87' lang='lat' dir='ltr'><strong>pa-</strong></span> 
     </span>
    </p>
   </div>
   <div class='ocr_carea' id='block_1_14' title="bbox 527 1295 2110 1366">
    <p class='ocr_par' dir='ltr' id='par_1_14' title="bbox 527 1295 2110 1366">
     <span class='ocr_line' id='line_1_14' title="bbox 527 1295 2110 1366; baseline -0.001 -15"><span class='ocrx_word' id='word_1_84' title='bbox 527 1299 708 1353; x_wconf 86' lang='lat' dir='ltr'><strong>rabola</strong></span> <span class='ocrx_word' id='word_1_85' title='bbox 763 1299 1010 1362; x_wconf 86' lang='lat' dir='ltr'><strong>seminis,</strong></span> <span class='ocrx_word' id='word_1_86' title='bbox 1055 1297 1228 1352; x_wconf 89' lang='lat' dir='ltr'><strong>coloni</strong></span> <span class='ocrx_word' id='word_1_87' title='bbox 1283 1312 1568 1366; x_wconf 76' lang='lat' dir='ltr'><strong>personam</strong></span> <span class='ocrx_word' id='word_1_88' title='bbox 1608 1306 1663 1350; x_wconf 91' lang='lat' dir='ltr'><strong>et</strong></span> <span class='ocrx_word' id='word_1_89' title='bbox 1706 1298 1902 1350; x_wconf 85' lang='lat' dir='ltr'><strong>satoris</strong></span> <span class='ocrx_word' id='word_1_90' title='bbox 1941 1295 2110 1349; x_wconf 84' lang='lat' dir='ltr'><strong>intro-</strong></span> 
     </span>
    </p>
   </div>
   <div class='ocr_carea' id='block_1_15' title="bbox 523 1387 2109 1460">
    <p class='ocr_par' dir='ltr' id='par_1_15' title="bbox 523 1387 2109 1460">
     <span class='ocr_line' id='line_1_15' title="bbox 523 1387 2109 1460; baseline -0.001 -17"><span class='ocrx_word' id='word_1_91' title='bbox 523 1391 701 1454; x_wconf 83' lang='lat' dir='ltr'><strong>duxit,</strong></span> <span class='ocrx_word' id='word_1_92' title='bbox 733 1391 821 1443; x_wconf 90' lang='lat' dir='ltr'><strong>ubi</strong></span> <span class='ocrx_word' id='word_1_93' title='bbox 857 1390 997 1444; x_wconf 85' lang='lat' dir='ltr'><strong>haud</strong></span> <span class='ocrx_word' id='word_1_94' title='bbox 1026 1391 1278 1460; x_wconf 84' lang='lat' dir='ltr'><strong>equidem</strong></span> <span class='ocrx_word' id='word_1_95' title='bbox 1311 1389 1708 1444; x_wconf 84' lang='lat' dir='ltr'><strong>rationabiliter</strong></span> <span class='ocrx_word' id='word_1_96' title='bbox 1740 1388 1879 1442; x_wconf 81' lang='lat' dir='ltr'><strong>facta</strong></span> <span class='ocrx_word' id='word_1_97' title='bbox 1917 1387 2109 1442; x_wconf 84' lang='lat' dir='ltr'><strong>fuisset</strong></span> 
     </span>
    </p>
   </div>
   <div class='ocr_carea' id='block_1_16' title="bbox 531 1478 2110 1536">
    <p class='ocr_par' dir='ltr' id='par_1_16' title="bbox 531 1478 2110 1536">
     <span class='ocr_line' id='line_1_16' title="bbox 531 1478 2110 1536; baseline -0.001 -2"><span class='ocrx_word' id='word_1_98' title='bbox 531 1482 772 1536; x_wconf 85' lang='lat' dir='ltr'><strong>mulieris</strong></span> <span class='ocrx_word' id='word_1_99' title='bbox 823 1483 1063 1536; x_wconf 89' lang='lat' dir='ltr'><strong>mentio:</strong></span> <span class='ocrx_word' id='word_1_100' title='bbox 1090 1482 1163 1534; x_wconf 89' lang='lat' dir='ltr'><strong>ita</strong></span> <span class='ocrx_word' id='word_1_101' title='bbox 1195 1483 1282 1535; x_wconf 91' lang='lat' dir='ltr'><strong>hic</strong></span> <span class='ocrx_word' id='word_1_102' title='bbox 1311 1481 1494 1536; x_wconf 89' lang='lat' dir='ltr'><strong>delato</strong></span> <span class='ocrx_word' id='word_1_103' title='bbox 1544 1480 1811 1535; x_wconf 77' lang='lat' dir='ltr'><strong>fermento</strong></span> <span class='ocrx_word' id='word_1_104' title='bbox 1846 1479 1900 1534; x_wconf 90' lang='lat' dir='ltr'><strong>in</strong></span> <span class='ocrx_word' id='word_1_105' title='bbox 1922 1478 2110 1532; x_wconf 63' lang='lat' dir='ltr'><strong>farinae</strong></span> 
     </span>
    </p>
   </div>
   <div class='ocr_carea' id='block_1_17' title="bbox 529 1573 2109 1644">
    <p class='ocr_par' dir='ltr' id='par_1_17' title="bbox 529 1573 2109 1644">
     <span class='ocr_line' id='line_1_17' title="bbox 529 1573 2109 1644; baseline 0.001 -18"><span class='ocrx_word' id='word_1_106' title='bbox 529 1582 646 1626; x_wconf 86' lang='lat' dir='ltr'><strong>sata</strong></span> <span class='ocrx_word' id='word_1_107' title='bbox 685 1575 807 1638; x_wconf 89' lang='lat' dir='ltr'><strong>tria,</strong></span> <span class='ocrx_word' id='word_1_108' title='bbox 841 1575 1222 1644; x_wconf 82' lang='lat' dir='ltr'><strong>apprOpriatur</strong></span> <span class='ocrx_word' id='word_1_109' title='bbox 1243 1574 1521 1644; x_wconf 85' lang='lat' dir='ltr'><strong>parabola,</strong></span> <span class='ocrx_word' id='word_1_110' title='bbox 1544 1585 1600 1628; x_wconf 92' lang='lat' dir='ltr'><strong>ut</strong></span> <span class='ocrx_word' id='word_1_111' title='bbox 1618 1573 1830 1627; x_wconf 89' lang='lat' dir='ltr'><strong>mulieri</strong></span> <span class='ocrx_word' id='word_1_112' title='bbox 1862 1573 2109 1642; x_wconf 72' lang='lat' dir='ltr'><strong>panillcat</strong></span> 
     </span>
    </p>
   </div>
   <div class='ocr_carea' id='block_1_18' title="bbox 527 1666 1963 1736">
    <p class='ocr_par' dir='ltr' id='par_1_18' title="bbox 527 1666 1963 1736">
     <span class='ocr_line' id='line_1_18' title="bbox 527 1666 1963 1736; baseline 0 -18"><span class='ocrx_word' id='word_1_113' title='bbox 527 1666 794 1722; x_wconf 82' lang='lat' dir='ltr'><strong>assimilct</strong></span> <span class='ocrx_word' id='word_1_114' title='bbox 840 1683 998 1736; x_wconf 89' lang='lat' dir='ltr'><strong>quem</strong></span> <span class='ocrx_word' id='word_1_115' title='bbox 1045 1669 1098 1722; x_wconf 90' lang='lat' dir='ltr'><strong>in</strong></span> <span class='ocrx_word' id='word_1_116' title='bbox 1152 1668 1236 1720; x_wconf 79' lang='lat' dir='ltr'><strong>illa</strong></span> <span class='ocrx_word' id='word_1_117' title='bbox 1283 1678 1518 1722; x_wconf 88' lang='lat' dir='ltr'><strong>satorem</strong></span> <span class='ocrx_word' id='word_1_118' title='bbox 1570 1669 1963 1720; x_wconf 70' lang='lat' dir='ltr'><strong>notuit-atterat.</strong></span> 
     </span>
    </p>
   </div>
   <div class='ocr_carea' id='block_1_19' title="bbox 527 1755 2108 1829">
    <p class='ocr_par' dir='ltr' id='par_1_19' title="bbox 527 1755 2108 1829">
     <span class='ocr_line' id='line_1_19' title="bbox 527 1755 2108 1829; baseline -0.001 -18"><span class='ocrx_word' id='word_1_119' title='bbox 527 1755 592 1812; x_wconf 82' lang='lat' dir='ltr'><strong>V.</strong></span> <span class='ocrx_word' id='word_1_120' title='bbox 619 1759 706 1813; x_wconf 74' lang='grc'><strong>29.</strong></span> <span class='ocrx_word' id='word_1_121' title='bbox 745 1757 811 1812; x_wconf 84' lang='lat' dir='ltr'><strong>Et</strong></span> <span class='ocrx_word' id='word_1_122' title='bbox 842 1761 1044 1813; x_wconf 78' lang='lat' dir='ltr'><strong>venient</strong></span> <span class='ocrx_word' id='word_1_123' title='bbox 1073 1760 1138 1812; x_wconf 85' lang='lat' dir='ltr'><strong>ab</strong></span> <span class='ocrx_word' id='word_1_124' title='bbox 1181 1761 1379 1813; x_wconf 84' lang='lat' dir='ltr'><strong>oriente</strong></span> <span class='ocrx_word' id='word_1_125' title='bbox 1406 1771 1452 1814; x_wconf 92' lang='lat' dir='ltr'><strong>et</strong></span> <span class='ocrx_word' id='word_1_126' title='bbox 1485 1761 1748 1813; x_wconf 72' lang='lat' dir='ltr'><strong>occidente</strong></span> <span class='ocrx_word' id='word_1_127' title='bbox 1779 1772 1826 1812; x_wconf 85' lang='lat' dir='ltr'><strong>et</strong></span> <span class='ocrx_word' id='word_1_128' title='bbox 1858 1761 1923 1829; x_wconf 71' lang='lat' dir='ltr'><strong>ab</strong></span> <span class='ocrx_word' id='word_1_129' title='bbox 1957 1761 2108 1829; x_wconf 82' lang='lat' dir='ltr'><strong>aqui-</strong></span> 
     </span>
    </p>
   </div>
   <div class='ocr_carea' id='block_1_20' title="bbox 651 1827 1977 1900">
    <p class='ocr_par' dir='ltr' id='par_1_20' title="bbox 651 1827 1977 1900">
     <span class='ocr_line' id='line_1_20' title="bbox 651 1827 1977 1900; baseline -0.001 -18"><span class='ocrx_word' id='word_1_130' title='bbox 651 1830 770 1883; x_wconf 83' lang='lat' dir='ltr'><strong>lone</strong></span> <span class='ocrx_word' id='word_1_131' title='bbox 797 1841 844 1883; x_wconf 90' lang='lat' dir='ltr'><strong>et</strong></span> <span class='ocrx_word' id='word_1_132' title='bbox 887 1831 1127 1896; x_wconf 77' lang='lat' dir='ltr'><strong>meridie,</strong></span> <span class='ocrx_word' id='word_1_133' title='bbox 1154 1841 1201 1884; x_wconf 87' lang='lat' dir='ltr'><strong>et</strong></span> <span class='ocrx_word' id='word_1_134' title='bbox 1238 1831 1534 1884; x_wconf 80' lang='lat' dir='ltr'><strong>recumbent</strong></span> <span class='ocrx_word' id='word_1_135' title='bbox 1569 1831 1625 1882; x_wconf 86' lang='lat' dir='ltr'><strong>in</strong></span> <span class='ocrx_word' id='word_1_136' title='bbox 1667 1845 1826 1900; x_wconf 88' lang='lat' dir='ltr'><strong>regno</strong></span> <span class='ocrx_word' id='word_1_137' title='bbox 1858 1827 1977 1882; x_wconf 83' lang='lat' dir='ltr'><strong>Dei.</strong></span> 
     </span>
    </p>
   </div>
   <div class='ocr_carea' id='block_1_21' title="bbox 591 1986 2106 2059">
    <p class='ocr_par' dir='ltr' id='par_1_21' title="bbox 591 1986 2106 2059">
     <span class='ocr_line' id='line_1_21' title="bbox 591 1986 2106 2059; baseline -0.001 -16"><span class='ocrx_word' id='word_1_138' title='bbox 591 1989 746 2059; x_wconf 88' lang='lat' dir='ltr'><strong>Apud</strong></span> <span class='ocrx_word' id='word_1_139' title='bbox 788 1986 1101 2041; x_wconf 73' lang='lat' dir='ltr'><strong>Malthzeum</strong></span> <span class='ocrx_word' id='word_1_140' title='bbox 1130 1996 1186 2042; x_wconf 92' lang='lat' dir='ltr'><strong>et</strong></span> <span class='ocrx_word' id='word_1_141' title='bbox 1229 1987 1488 2058; x_wconf 83' lang='lat' dir='ltr'><strong>parabola</strong></span> <span class='ocrx_word' id='word_1_142' title='bbox 1539 1987 1821 2058; x_wconf 76' lang='lat' dir='ltr'><strong>complexa</strong></span> <span class='ocrx_word' id='word_1_143' title='bbox 1852 1997 1967 2051; x_wconf 89' lang='lat' dir='ltr'><strong>est,</strong></span> <span class='ocrx_word' id='word_1_144' title='bbox 2012 2004 2106 2056; x_wconf 87' lang='lat' dir='ltr'><strong>per</strong></span> 
     </span>
    </p>
   </div>
   <div class='ocr_carea' id='block_1_22' title="bbox 521 2078 2104 2151">
    <p class='ocr_par' dir='ltr' id='par_1_22' title="bbox 521 2078 2104 2151">
     <span class='ocr_line' id='line_1_22' title="bbox 521 2078 2104 2151; baseline -0.001 -18"><span class='ocrx_word' id='word_1_145' title='bbox 521 2095 684 2151; x_wconf 83' lang='lat' dir='ltr'><strong>quam</strong></span> <span class='ocrx_word' id='word_1_146' title='bbox 748 2091 1012 2135; x_wconf 80' lang='lat' dir='ltr'><strong>vocantur</strong></span> <span class='ocrx_word' id='word_1_147' title='bbox 1063 2079 1228 2134; x_wconf 88' lang='lat' dir='ltr'><strong>veluti</strong></span> <span class='ocrx_word' id='word_1_148' title='bbox 1276 2080 1343 2134; x_wconf 88' lang='lat' dir='ltr'><strong>ad</strong></span> <span class='ocrx_word' id='word_1_149' title='bbox 1398 2079 1656 2144; x_wconf 87' lang='lat' dir='ltr'><strong>vineam,</strong></span> <span class='ocrx_word' id='word_1_150' title='bbox 1708 2078 1776 2133; x_wconf 90' lang='lat' dir='ltr'><strong>ad</strong></span> <span class='ocrx_word' id='word_1_151' title='bbox 1835 2089 2104 2149; x_wconf 68' lang='lat' dir='ltr'><strong>praecepta</strong></span> 
     </span>
    </p>
   </div>
   <div class='ocr_carea' id='block_1_23' title="bbox 524 2169 2107 2243">
    <p class='ocr_par' dir='ltr' id='par_1_23' title="bbox 524 2169 2107 2243">
     <span class='ocr_line' id='line_1_23' title="bbox 524 2169 2107 2243; baseline -0.003 -15"><span class='ocrx_word' id='word_1_152' title='bbox 524 2188 737 2243; x_wconf 86' lang='lat' dir='ltr'><strong>nempe,</strong></span> <span class='ocrx_word' id='word_1_153' title='bbox 765 2173 1002 2242; x_wconf 87' lang='lat' dir='ltr'><strong>operarii</strong></span> <span class='ocrx_word' id='word_1_154' title='bbox 1034 2171 1170 2226; x_wconf 87' lang='lat' dir='ltr'><strong>varii</strong></span> <span class='ocrx_word' id='word_1_155' title='bbox 1207 2171 1371 2225; x_wconf 87' lang='lat' dir='ltr'><strong>variis</strong></span> <span class='ocrx_word' id='word_1_156' title='bbox 1404 2169 1692 2236; x_wconf 69' lang='lat' dir='ltr'><strong>aetatibus;</strong></span> <span class='ocrx_word' id='word_1_157' title='bbox 1737 2180 1796 2224; x_wconf 92' lang='lat' dir='ltr'><strong>ut</strong></span> <span class='ocrx_word' id='word_1_158' title='bbox 1834 2173 1886 2224; x_wconf 91' lang='lat' dir='ltr'><strong>in</strong></span> <span class='ocrx_word' id='word_1_159' title='bbox 1934 2181 2107 2225; x_wconf 88' lang='lat' dir='ltr'><strong>matu-</strong></span> 
     </span>
    </p>
   </div>
   <div class='ocr_carea' id='block_1_24' title="bbox 521 2265 2110 2331">
    <p class='ocr_par' dir='ltr' id='par_1_24' title="bbox 521 2265 2110 2331">
     <span class='ocr_line' id='line_1_24' title="bbox 521 2265 2110 2331; baseline -0.003 -10"><span class='ocrx_word' id='word_1_160' title='bbox 521 2267 658 2331; x_wconf 89' lang='lat' dir='ltr'><strong>tino,</strong></span> <span class='ocrx_word' id='word_1_161' title='bbox 689 2275 746 2321; x_wconf 93' lang='lat' dir='ltr'><strong>et</strong></span> <span class='ocrx_word' id='word_1_162' title='bbox 773 2267 921 2321; x_wconf 87' lang='lat' dir='ltr'><strong>circa</strong></span> <span class='ocrx_word' id='word_1_163' title='bbox 956 2265 1198 2328; x_wconf 88' lang='lat' dir='ltr'><strong>tertiam,</strong></span> <span class='ocrx_word' id='word_1_164' title='bbox 1226 2273 1283 2319; x_wconf 90' lang='lat' dir='ltr'><strong>et</strong></span> <span class='ocrx_word' id='word_1_165' title='bbox 1314 2273 1547 2329; x_wconf 76' lang='lat' dir='ltr'><strong>sextam,</strong></span> <span class='ocrx_word' id='word_1_166' title='bbox 1585 2273 1640 2318; x_wconf 89' lang='lat' dir='ltr'><strong>et</strong></span> <span class='ocrx_word' id='word_1_167' title='bbox 1693 2279 1891 2317; x_wconf 90' lang='lat' dir='ltr'><strong>nonam</strong></span> <span class='ocrx_word' id='word_1_168' title='bbox 1920 2274 1976 2318; x_wconf 87' lang='lat' dir='ltr'><strong>et</strong></span> <span class='ocrx_word' id='word_1_169' title='bbox 2018 2279 2110 2316; x_wconf 89' lang='lat' dir='ltr'><strong>un-</strong></span> 
     </span>
    </p>
   </div>
   <div class='ocr_carea' id='block_1_25' title="bbox 523 2354 2106 2426">
    <p class='ocr_par' dir='ltr' id='par_1_25' title="bbox 523 2354 2106 2426">
     <span class='ocr_line' id='line_1_25' title="bbox 523 2354 2106 2426; baseline -0.006 -10"><span class='ocrx_word' id='word_1_170' title='bbox 523 2360 787 2416; x_wconf 85' lang='lat' dir='ltr'><strong>decimam</strong></span> <span class='ocrx_word' id='word_1_171' title='bbox 852 2358 1062 2413; x_wconf 90' lang='lat' dir='ltr'><strong>horam.</strong></span> <span class='ocrx_word' id='word_1_172' title='bbox 1117 2355 1370 2410; x_wconf 88' lang='lat' dir='ltr'><strong>Forsitan</strong></span> <span class='ocrx_word' id='word_1_173' title='bbox 1425 2356 1590 2426; x_wconf 80' lang='lat' dir='ltr'><strong>igitur</strong></span> <span class='ocrx_word' id='word_1_174' title='bbox 1659 2364 1772 2410; x_wconf 87' lang='lat' dir='ltr'><strong>tota</strong></span> <span class='ocrx_word' id='word_1_175' title='bbox 1829 2354 2106 2408; x_wconf 86' lang='lat' dir='ltr'><strong>hominum</strong></span> 
     </span>
    </p>
   </div>
   <div class='ocr_carea' id='block_1_26' title="bbox 520 2445 2105 2518">
    <p class='ocr_par' dir='ltr' id='par_1_26' title="bbox 520 2445 2105 2518">
     <span class='ocr_line' id='line_1_26' title="bbox 520 2445 2105 2518; baseline -0.004 -13"><span class='ocrx_word' id='word_1_176' title='bbox 520 2450 658 2515; x_wconf 83' lang='lat' dir='ltr'><strong>vita,</strong></span> <span class='ocrx_word' id='word_1_177' title='bbox 701 2458 786 2504; x_wconf 90' lang='lat' dir='ltr'><strong>est</strong></span> <span class='ocrx_word' id='word_1_178' title='bbox 829 2451 988 2504; x_wconf 91' lang='lat' dir='ltr'><strong>istius</strong></span> <span class='ocrx_word' id='word_1_179' title='bbox 1031 2448 1302 2518; x_wconf 61' lang='lat' dir='ltr'><strong>parabolae</strong></span> <span class='ocrx_word' id='word_1_180' title='bbox 1333 2448 1472 2503; x_wconf 87' lang='lat' dir='ltr'><strong>dies.</strong></span> <span class='ocrx_word' id='word_1_181' title='bbox 1517 2447 1656 2501; x_wconf 92' lang='lat' dir='ltr'><strong>Sunt</strong></span> <span class='ocrx_word' id='word_1_182' title='bbox 1687 2445 1778 2514; x_wconf 91' lang='lat' dir='ltr'><strong>qui</strong></span> <span class='ocrx_word' id='word_1_183' title='bbox 1823 2445 1891 2499; x_wconf 91' lang='lat' dir='ltr'><strong>ab</strong></span> <span class='ocrx_word' id='word_1_184' title='bbox 1920 2446 2105 2498; x_wconf 91' lang='lat' dir='ltr'><strong>adole-</strong></span> 
     </span>
    </p>
   </div>
   <div class='ocr_carea' id='block_1_27' title="bbox 521 2535 2109 2606">
    <p class='ocr_par' dir='ltr' id='par_1_27' title="bbox 521 2535 2109 2606">
     <span class='ocr_line' id='line_1_27' title="bbox 521 2535 2109 2606; baseline -0.005 -8"><span class='ocrx_word' id='word_1_185' title='bbox 521 2543 729 2598; x_wconf 89' lang='lat' dir='ltr'><strong>scentia</strong></span> <span class='ocrx_word' id='word_1_186' title='bbox 760 2551 816 2597; x_wconf 90' lang='lat' dir='ltr'><strong>et</strong></span> <span class='ocrx_word' id='word_1_187' title='bbox 851 2542 921 2596; x_wconf 92' lang='lat' dir='ltr'><strong>ab</strong></span> <span class='ocrx_word' id='word_1_188' title='bbox 954 2543 1175 2596; x_wconf 88' lang='lat' dir='ltr'><strong>ineunte</strong></span> <span class='ocrx_word' id='word_1_189' title='bbox 1221 2548 1381 2594; x_wconf 63' lang='lat' dir='ltr'><strong>astate</strong></span> <span class='ocrx_word' id='word_1_190' title='bbox 1433 2539 1609 2592; x_wconf 87' lang='lat' dir='ltr'><strong>vocati</strong></span> <span class='ocrx_word' id='word_1_191' title='bbox 1647 2546 1792 2602; x_wconf 90' lang='lat' dir='ltr'><strong>sunt,</strong></span> <span class='ocrx_word' id='word_1_192' title='bbox 1833 2535 1870 2590; x_wconf 92' lang='lat' dir='ltr'><strong>ii</strong></span> <span class='ocrx_word' id='word_1_193' title='bbox 1918 2551 2109 2606; x_wconf 89' lang='lat' dir='ltr'><strong>nempe</strong></span> 
     </span>
    </p>
   </div>
   <div class='ocr_carea' id='block_1_28' title="bbox 522 2627 2106 2704">
    <p class='ocr_par' dir='ltr' id='par_1_28' title="bbox 522 2627 2106 2704">
     <span class='ocr_line' id='line_1_28' title="bbox 522 2627 2106 2704; baseline -0.004 -15"><span class='ocrx_word' id='word_1_194' title='bbox 522 2636 615 2704; x_wconf 91' lang='lat' dir='ltr'><strong>qui</strong></span> <span class='ocrx_word' id='word_1_195' title='bbox 647 2635 996 2690; x_wconf 85' lang='lat' dir='ltr'><strong>illucescente</strong></span> <span class='ocrx_word' id='word_1_196' title='bbox 1026 2647 1248 2697; x_wconf 88' lang='lat' dir='ltr'><strong>aurora,</strong></span> <span class='ocrx_word' id='word_1_197' title='bbox 1279 2647 1306 2685; x_wconf 91' lang='lat' dir='ltr'><strong>a</strong></span> <span class='ocrx_word' id='word_1_198' title='bbox 1338 2631 1566 2685; x_wconf 87' lang='lat' dir='ltr'><strong>Domino</strong></span> <span class='ocrx_word' id='word_1_199' title='bbox 1592 2630 1841 2684; x_wconf 88' lang='lat' dir='ltr'><strong>mercede</strong></span> <span class='ocrx_word' id='word_1_200' title='bbox 1857 2627 2106 2684; x_wconf 85' lang='lat' dir='ltr'><strong>conducti</strong></span> 
     </span>
    </p>
   </div>
   <div class='ocr_carea' id='block_1_29' title="bbox 522 2721 2110 2791">
    <p class='ocr_par' dir='ltr' id='par_1_29' title="bbox 522 2721 2110 2791">
     <span class='ocr_line' id='line_1_29' title="bbox 522 2721 2110 2791; baseline -0.008 -5"><span class='ocrx_word' id='word_1_201' title='bbox 522 2740 665 2788; x_wconf 87' lang='lat' dir='ltr'><strong>sunt.</strong></span> <span class='ocrx_word' id='word_1_202' title='bbox 703 2730 748 2783; x_wconf 78' lang='grc' dir='ltr'>Α</span> <span class='ocrx_word' id='word_1_203' title='bbox 786 2727 943 2782; x_wconf 87' lang='lat' dir='ltr'><strong>tertia</strong></span> <span class='ocrx_word' id='word_1_204' title='bbox 996 2727 1130 2780; x_wconf 88' lang='lat' dir='ltr'><strong>hora</strong></span> <span class='ocrx_word' id='word_1_205' title='bbox 1177 2733 1463 2787; x_wconf 84' lang='lat' dir='ltr'><strong>vocantur,</strong></span> <span class='ocrx_word' id='word_1_206' title='bbox 1505 2721 1598 2791; x_wconf 89' lang='lat' dir='ltr'><strong>qui</strong></span> <span class='ocrx_word' id='word_1_207' title='bbox 1649 2731 1919 2775; x_wconf 82' lang='lat' dir='ltr'><strong>vocantur</strong></span> <span class='ocrx_word' id='word_1_208' title='bbox 1964 2729 2110 2789; x_wconf 82' lang='lat' dir='ltr'><strong>post-</strong></span> 
     </span>
    </p>
   </div>
   <div class='ocr_carea' id='block_1_30' title="bbox 521 2813 2109 2894">
    <p class='ocr_par' dir='ltr' id='par_1_30' title="bbox 521 2813 2109 2894">
     <span class='ocr_line' id='line_1_30' title="bbox 521 2813 2109 2894; baseline -0.006 -17"><span class='ocrx_word' id='word_1_209' title='bbox 521 2838 689 2894; x_wconf 88' lang='lat' dir='ltr'><strong>quam</strong></span> <span class='ocrx_word' id='word_1_210' title='bbox 721 2819 1100 2875; x_wconf 87' lang='lat' dir='ltr'><strong>adoleverint:</strong></span> <span class='ocrx_word' id='word_1_211' title='bbox 1135 2818 1280 2871; x_wconf 88' lang='lat' dir='ltr'><strong>circa</strong></span> <span class='ocrx_word' id='word_1_212' title='bbox 1327 2829 1526 2869; x_wconf 88' lang='lat' dir='ltr'><strong>nonam</strong></span> <span class='ocrx_word' id='word_1_213' title='bbox 1566 2814 1627 2878; x_wconf 92' lang='lat' dir='ltr'><strong>ii,</strong></span> <span class='ocrx_word' id='word_1_214' title='bbox 1668 2813 1760 2882; x_wconf 91' lang='lat' dir='ltr'><strong>qui</strong></span> <span class='ocrx_word' id='word_1_215' title='bbox 1801 2823 1921 2882; x_wconf 89' lang='lat' dir='ltr'><strong>post</strong></span> <span class='ocrx_word' id='word_1_216' title='bbox 1959 2813 2109 2882; x_wconf 81' lang='lat' dir='ltr'><strong>juve-</strong></span> 
     </span>
    </p>
   </div>
   <div class='ocr_carea' id='block_1_31' title="bbox 525 2905 2109 2978">
    <p class='ocr_par' dir='ltr' id='par_1_31' title="bbox 525 2905 2109 2978">
     <span class='ocr_line' id='line_1_31' title="bbox 525 2905 2109 2978; baseline -0.008 -9"><span class='ocrx_word' id='word_1_217' title='bbox 525 2914 651 2969; x_wconf 89' lang='lat' dir='ltr'><strong>nilis</strong></span> <span class='ocrx_word' id='word_1_218' title='bbox 677 2912 852 2967; x_wconf 67' lang='lat' dir='ltr'><strong>anatis</strong></span> <span class='ocrx_word' id='word_1_219' title='bbox 883 2919 1074 2966; x_wconf 67' lang='lat' dir='ltr'><strong>testam</strong></span> <span class='ocrx_word' id='word_1_220' title='bbox 1104 2919 1160 2963; x_wconf 87' lang='lat' dir='ltr'><strong>et</strong></span> <span class='ocrx_word' id='word_1_221' title='bbox 1205 2910 1439 2978; x_wconf 85' lang='lat' dir='ltr'><strong>pondus,</strong></span> <span class='ocrx_word' id='word_1_222' title='bbox 1483 2906 1594 2976; x_wconf 84' lang='lat' dir='ltr'><strong>jam</strong></span> <span class='ocrx_word' id='word_1_223' title='bbox 1643 2915 1991 2961; x_wconf 84' lang='lat' dir='ltr'><strong>senescentes</strong></span> <span class='ocrx_word' id='word_1_224' title='bbox 2043 2905 2109 2957; x_wconf 88' lang='lat' dir='ltr'><strong>ad</strong></span> 
     </span>
    </p>
   </div>
   <div class='ocr_carea' id='block_1_32' title="bbox 528 2995 2111 3069">
    <p class='ocr_par' dir='ltr' id='par_1_32' title="bbox 528 2995 2111 3069">
     <span class='ocr_line' id='line_1_32' title="bbox 528 2995 2111 3069; baseline -0.007 -10"><span class='ocrx_word' id='word_1_225' title='bbox 528 3005 621 3060; x_wconf 90' lang='lat' dir='ltr'><strong>Dei</strong></span> <span class='ocrx_word' id='word_1_226' title='bbox 667 3001 866 3056; x_wconf 91' lang='lat' dir='ltr'><strong>cultum</strong></span> <span class='ocrx_word' id='word_1_227' title='bbox 914 2998 1305 3069; x_wconf 88' lang='lat' dir='ltr'><strong>perducuntur.</strong></span> <span class='ocrx_word' id='word_1_228' title='bbox 1359 2997 1530 3052; x_wconf 85' lang='lat' dir='ltr'><strong>Senes</strong></span> <span class='ocrx_word' id='word_1_229' title='bbox 1580 2996 1672 3066; x_wconf 94' lang='lat' dir='ltr'><strong>qui</strong></span> <span class='ocrx_word' id='word_1_230' title='bbox 1711 2995 1822 3064; x_wconf 91' lang='lat' dir='ltr'><strong>jam</strong></span> <span class='ocrx_word' id='word_1_231' title='bbox 1872 2996 1938 3050; x_wconf 85' lang='lat' dir='ltr'><strong>ad</strong></span> <span class='ocrx_word' id='word_1_232' title='bbox 1987 2995 2111 3048; x_wconf 71' lang='lat' dir='ltr'><strong>vita:</strong></span> 
     </span>
    </p>
   </div>
   <div class='ocr_carea' id='block_1_33' title="bbox 522 3085 2110 3158">
    <p class='ocr_par' dir='ltr' id='par_1_33' title="bbox 522 3085 2110 3158">
     <span class='ocr_line' id='line_1_33' title="bbox 522 3085 2110 3158; baseline -0.006 -11"><span class='ocrx_word' id='word_1_233' title='bbox 522 3091 925 3148; x_wconf 81' lang='lat' dir='ltr'><strong>exitumviciui</strong></span> <span class='ocrx_word' id='word_1_234' title='bbox 977 3099 1139 3154; x_wconf 81' lang='lat' dir='ltr'><strong>sunt,</strong></span> <span class='ocrx_word' id='word_1_235' title='bbox 1187 3103 1282 3158; x_wconf 91' lang='lat' dir='ltr'><strong>per</strong></span> <span class='ocrx_word' id='word_1_236' title='bbox 1325 3087 1666 3142; x_wconf 87' lang='lat' dir='ltr'><strong>undecimam</strong></span> <span class='ocrx_word' id='word_1_237' title='bbox 1721 3088 1911 3142; x_wconf 88' lang='lat' dir='ltr'><strong>horam</strong></span> <span class='ocrx_word' id='word_1_238' title='bbox 1969 3085 2110 3140; x_wconf 89' lang='lat' dir='ltr'><strong>indi-</strong></span> 
     </span>
    </p>
   </div>
   <div class='ocr_carea' id='block_1_34' title="bbox 2210 555 3793 630">
    <p class='ocr_par' dir='ltr' id='par_1_34' title="bbox 2210 555 3793 630">
     <span class='ocr_line' id='line_1_34' title="bbox 2210 555 3793 630; baseline 0.006 -24"><span class='ocrx_word' id='word_1_239' title='bbox 2210 555 2420 625; x_wconf 84' lang='grc' dir='ltr'>νόμενοι</span> <span class='ocrx_word' id='word_1_240' title='bbox 2462 555 2605 610; x_wconf 77' lang='grc' dir='ltr'>κατὰ</span> <span class='ocrx_word' id='word_1_241' title='bbox 2629 557 2721 610; x_wconf 86' lang='grc' dir='ltr'><strong>τὸν</strong></span> <span class='ocrx_word' id='word_1_242' title='bbox 2764 557 3098 622; x_wconf 74' lang='grc' dir='ltr'>Ἀπόστολον,</span> <span class='ocrx_word' id='word_1_243' title='bbox 3141 559 3200 620; x_wconf 81' lang='grc' dir='ltr'>ὃς</span> <span class='ocrx_word' id='word_1_244' title='bbox 3235 575 3429 628; x_wconf 78' lang='grc' dir='ltr'>φησιν·</span> <span class='ocrx_word' id='word_1_245' title='bbox 3474 557 3580 626; x_wconf 78' lang='grc' dir='ltr'><strong>Εἷς</strong></span> <span class='ocrx_word' id='word_1_246' title='bbox 3611 561 3793 630; x_wconf 82' lang='grc' dir='ltr'><em>ἄρτος</em></span> 
     </span>
    </p>
   </div>
   <div class='ocr_carea' id='block_1_35' title="bbox 2211 645 3796 722">
    <p class='ocr_par' dir='ltr' id='par_1_35' title="bbox 2211 645 3796 722">
     <span class='ocr_line' id='line_1_35' title="bbox 2211 645 3796 722; baseline 0.007 -25"><span class='ocrx_word' id='word_1_247' title='bbox 2211 647 2310 698; x_wconf 74' lang='grc' dir='ltr'>καὶ</span> <span class='ocrx_word' id='word_1_248' title='bbox 2339 645 2409 699; x_wconf 83' lang='grc' dir='ltr'>ἐν</span> <span class='ocrx_word' id='word_1_249' title='bbox 2430 646 2600 716; x_wconf 82' lang='grc' dir='ltr'>σῶμά</span> <span class='ocrx_word' id='word_1_250' title='bbox 2638 649 2826 716; x_wconf 77' lang='grc' dir='ltr'>ἐσμεν</span> <span class='ocrx_word' id='word_1_251' title='bbox 2853 651 2906 702; x_wconf 81' lang='grc' dir='ltr'><strong>οἱ</strong></span> <span class='ocrx_word' id='word_1_252' title='bbox 2930 653 3170 713; x_wconf 74' lang='grc' dir='ltr'><strong>πολλοὶ,</strong></span> <span class='ocrx_word' id='word_1_253' title='bbox 3203 651 3392 705; x_wconf 80' lang='grc' dir='ltr'><strong>εἰκόνα.</strong></span> <span class='ocrx_word' id='word_1_254' title='bbox 3417 653 3512 705; x_wconf 88' lang='lat' dir='ltr'><strong>xui</strong></span> <span class='ocrx_word' id='word_1_255' title='bbox 3532 652 3796 722; x_wconf 85' lang='grc' dir='ltr'>ὁμοίωσιν</span> 
     </span>
    </p>
   </div>
   <div class='ocr_carea' id='block_1_36' title="bbox 2210 737 3795 812">
    <p class='ocr_par' dir='ltr' id='par_1_36' title="bbox 2210 737 3795 812">
     <span class='ocr_line' id='line_1_36' title="bbox 2210 737 3795 812; baseline 0.006 -22"><span class='ocrx_word' id='word_1_256' title='bbox 2210 737 2596 809; x_wconf 76' lang='grc' dir='ltr'><strong>ἀναληψόμεθα</strong></span> <span class='ocrx_word' id='word_1_257' title='bbox 2632 738 2724 792; x_wconf 91' lang='grc' dir='ltr'><strong>τοῦ</strong></span> <span class='ocrx_word' id='word_1_258' title='bbox 2766 737 3030 803; x_wconf 78' lang='grc' dir='ltr'>ζωοποιοῦ</span> <span class='ocrx_word' id='word_1_259' title='bbox 3075 740 3182 792; x_wconf 85' lang='grc' dir='ltr'><strong>τῶν</strong></span> <span class='ocrx_word' id='word_1_260' title='bbox 3213 740 3351 795; x_wconf 82' lang='grc' dir='ltr'>ὅλων</span> <span class='ocrx_word' id='word_1_261' title='bbox 3391 741 3580 812; x_wconf 77' lang='grc' dir='ltr'>ἄρτου,</span> <span class='ocrx_word' id='word_1_262' title='bbox 3618 743 3687 808; x_wconf 85' lang='grc' dir='ltr'>ὃς</span> <span class='ocrx_word' id='word_1_263' title='bbox 3725 745 3795 799; x_wconf 79' lang='grc' dir='ltr'><strong>ἐκ</strong></span> 
     </span>
    </p>
   </div>
   <div class='ocr_carea' id='block_1_37' title="bbox 2210 829 3797 904">
    <p class='ocr_par' dir='ltr' id='par_1_37' title="bbox 2210 829 3797 904">
     <span class='ocr_line' id='line_1_37' title="bbox 2210 829 3797 904; baseline 0.004 -23"><span class='ocrx_word' id='word_1_264' title='bbox 2210 829 2315 883; x_wconf 86' lang='grc' dir='ltr'><strong>τοῦ</strong></span> <span class='ocrx_word' id='word_1_265' title='bbox 2374 829 2635 896; x_wconf 81' lang='grc' dir='ltr'>οὐρανοῦ</span> <span class='ocrx_word' id='word_1_266' title='bbox 2689 833 3114 899; x_wconf 80' lang='grc' dir='ltr'>καταϐέϐηκεν,</span> <span class='ocrx_word' id='word_1_267' title='bbox 3161 832 3338 903; x_wconf 82' lang='grc' dir='ltr'>ἐαυτῷ</span> <span class='ocrx_word' id='word_1_268' title='bbox 3380 833 3797 904; x_wconf 80' lang='grc' dir='ltr'><strong>παραπλησίους</strong></span> 
     </span>
    </p>
   </div>
   <div class='ocr_carea' id='block_1_38' title="bbox 2210 919 3796 996">
    <p class='ocr_par' dir='ltr' id='par_1_38' title="bbox 2210 919 3796 996">
     <span class='ocr_line' id='line_1_38' title="bbox 2210 919 3796 996; baseline 0.004 -23"><span class='ocrx_word' id='word_1_269' title='bbox 2210 921 2303 973; x_wconf 85' lang='lat' dir='ltr'><strong>xui</strong></span> <span class='ocrx_word' id='word_1_270' title='bbox 2329 921 2478 990; x_wconf 73' lang='grc' dir='ltr'>ἡμᾶς</span> <span class='ocrx_word' id='word_1_271' title='bbox 2508 920 2613 972; x_wconf 88' lang='grc' dir='ltr'><strong>ἀπε</strong></span> <span class='ocrx_word' id='word_1_272' title='bbox 2625 921 2987 991; x_wconf 85' lang='grc' dir='ltr'>ργασάμενος.</span> <span class='ocrx_word' id='word_1_273' title='bbox 3031 919 3102 976; x_wconf 78' lang='grc' dir='ltr'><strong>Εὖ</strong></span> <span class='ocrx_word' id='word_1_274' title='bbox 3135 923 3190 976; x_wconf 83' lang='grc' dir='ltr'><strong>δὲ</strong></span> <span class='ocrx_word' id='word_1_275' title='bbox 3219 926 3439 992; x_wconf 54' lang='grc' dir='ltr'><strong>γυναικὶ⁵</strong></span> <span class='ocrx_word' id='word_1_276' title='bbox 3465 926 3796 996; x_wconf 82' lang='grc' dir='ltr'>ἀφομοιώσω</span> 
     </span>
    </p>
   </div>
   <div class='ocr_carea' id='block_1_39' title="bbox 2208 1011 3794 1086">
    <p class='ocr_par' dir='ltr' id='par_1_39' title="bbox 2208 1011 3794 1086">
     <span class='ocr_line' id='line_1_39' title="bbox 2208 1011 3794 1086; baseline 0.006 -23"><span class='ocrx_word' id='word_1_277' title='bbox 2208 1012 2307 1082; x_wconf 85' lang='grc' dir='ltr'><strong>τὴν</strong></span> <span class='ocrx_word' id='word_1_278' title='bbox 2323 1011 2512 1080; x_wconf 71' lang='grc' dir='ltr'>σοφίαν</span> <span class='ocrx_word' id='word_1_279' title='bbox 2527 1012 2620 1065; x_wconf 87' lang='grc' dir='ltr'><strong>τοῦ</strong></span> <span class='ocrx_word' id='word_1_280' title='bbox 2635 1012 2769 1065; x_wconf 83' lang='grc' dir='ltr'><strong>Θεοῦ</strong></span> <span class='ocrx_word' id='word_1_281' title='bbox 2786 1015 2842 1066; x_wconf 90' lang='grc' dir='ltr'><strong>ἐν</strong></span> <span class='ocrx_word' id='word_1_282' title='bbox 2851 1015 3080 1078; x_wconf 77' lang='grc' dir='ltr'><strong>τούτοις·</strong></span> <span class='ocrx_word' id='word_1_283' title='bbox 3100 1015 3430 1084; x_wconf 82' lang='grc' dir='ltr'>Χριστὸςδέ</span> <span class='ocrx_word' id='word_1_284' title='bbox 3448 1019 3618 1072; x_wconf 84' lang='grc' dir='ltr'>ἐστιν</span> <span class='ocrx_word' id='word_1_285' title='bbox 3633 1020 3670 1086; x_wconf 74' lang='grc' dir='ltr'><em>ὴ</em></span> <span class='ocrx_word' id='word_1_286' title='bbox 3686 1020 3794 1073; x_wconf 83' lang='grc' dir='ltr'><strong>τοῦ</strong></span> 
     </span>
    </p>
   </div>
   <div class='ocr_carea' id='block_1_40' title="bbox 2211 1103 3795 1184">
    <p class='ocr_par' dir='ltr' id='par_1_40' title="bbox 2211 1103 3795 1184">
     <span class='ocr_line' id='line_1_40' title="bbox 2211 1103 3795 1184; baseline 0.005 -27"><span class='ocrx_word' id='word_1_287' title='bbox 2211 1103 2359 1158; x_wconf 84' lang='grc' dir='ltr'><strong>Θεοῦ</strong></span> <span class='ocrx_word' id='word_1_288' title='bbox 2381 1103 2655 1174; x_wconf 79' lang='grc' dir='ltr'>δύναμις,</span> <span class='ocrx_word' id='word_1_289' title='bbox 2687 1107 2786 1159; x_wconf 76' lang='grc' dir='ltr'>καὶ</span> <span class='ocrx_word' id='word_1_290' title='bbox 2820 1106 2968 1159; x_wconf 87' lang='grc' dir='ltr'><strong>Θεοῦ</strong></span> <span class='ocrx_word' id='word_1_291' title='bbox 2994 1109 3200 1176; x_wconf 70' lang='grc' dir='ltr'>σοφία,</span> <span class='ocrx_word' id='word_1_292' title='bbox 3229 1109 3577 1183; x_wconf 84' lang='grc' dir='ltr'>καταλλήλως</span> <span class='ocrx_word' id='word_1_293' title='bbox 3592 1112 3669 1181; x_wconf 86' lang='grc' dir='ltr'><strong>τῷ</strong></span> <span class='ocrx_word' id='word_1_294' title='bbox 3695 1112 3795 1184; x_wconf 85' lang='grc' dir='ltr'>τῆς</span> 
     </span>
    </p>
   </div>
   <div class='ocr_carea' id='block_1_41' title="bbox 2210 1195 3795 1274">
    <p class='ocr_par' dir='ltr' id='par_1_41' title="bbox 2210 1195 3795 1274">
     <span class='ocr_line' id='line_1_41' title="bbox 2210 1195 3795 1274; baseline 0.006 -27"><span class='ocrx_word' id='word_1_295' title='bbox 2210 1195 2387 1267; x_wconf 77' lang='grc' dir='ltr'>ζύμης</span> <span class='ocrx_word' id='word_1_296' title='bbox 2411 1197 2788 1268; x_wconf 84' lang='grc' dir='ltr'><strong>ὑποδείγματι.</strong></span> <span class='ocrx_word' id='word_1_297' title='bbox 2840 1199 3050 1270; x_wconf 81' lang='grc' dir='ltr'>Ὥσπερ</span> <span class='ocrx_word' id='word_1_298' title='bbox 3079 1199 3187 1272; x_wconf 85' lang='grc' dir='ltr'>γὰρ</span> <span class='ocrx_word' id='word_1_299' title='bbox 3219 1201 3312 1254; x_wconf 79' lang='grc' dir='ltr'>ἐπὶ</span> <span class='ocrx_word' id='word_1_300' title='bbox 3337 1201 3436 1269; x_wconf 84' lang='grc' dir='ltr'>τῆς</span> <span class='ocrx_word' id='word_1_301' title='bbox 3477 1200 3795 1274; x_wconf 82' lang='grc' dir='ltr'>παραϐολῆς</span> 
     </span>
    </p>
   </div>
   <div class='ocr_carea' id='block_1_42' title="bbox 2207 1289 3790 1369">
    <p class='ocr_par' dir='ltr' id='par_1_42' title="bbox 2207 1289 3790 1369">
     <span class='ocr_line' id='line_1_42' title="bbox 2207 1289 3790 1369; baseline 0.005 -29"><span class='ocrx_word' id='word_1_302' title='bbox 2207 1289 2302 1342; x_wconf 92' lang='grc' dir='ltr'>τοῦ</span> <span class='ocrx_word' id='word_1_303' title='bbox 2332 1289 2556 1359; x_wconf 83' lang='grc' dir='ltr'><strong>σπόρου,</strong></span> <span class='ocrx_word' id='word_1_304' title='bbox 2582 1289 2828 1362; x_wconf 82' lang='grc' dir='ltr'>γεωργοῦ</span> <span class='ocrx_word' id='word_1_305' title='bbox 2862 1291 3149 1362; x_wconf 87' lang='grc' dir='ltr'>πρόσωπον</span> <span class='ocrx_word' id='word_1_306' title='bbox 3176 1293 3268 1345; x_wconf 86' lang='lat' dir='ltr'><strong>xui</strong></span> <span class='ocrx_word' id='word_1_307' title='bbox 3292 1295 3534 1369; x_wconf 85' lang='grc' dir='ltr'>σπορέως</span> <span class='ocrx_word' id='word_1_308' title='bbox 3550 1295 3790 1365; x_wconf 80' lang='grc' dir='ltr'><strong>εἰσῆγεν,</strong></span> 
     </span>
    </p>
   </div>
   <div class='ocr_carea' id='block_1_43' title="bbox 2207 1382 3792 1456">
    <p class='ocr_par' dir='ltr' id='par_1_43' title="bbox 2207 1382 3792 1456">
     <span class='ocr_line' id='line_1_43' title="bbox 2207 1382 3792 1456; baseline 0.003 -21"><span class='ocrx_word' id='word_1_309' title='bbox 2207 1383 2307 1435; x_wconf 82' lang='grc' dir='ltr'>οὑκ</span> <span class='ocrx_word' id='word_1_310' title='bbox 2324 1382 2390 1436; x_wconf 82' lang='grc' dir='ltr'><strong>ἂν</strong></span> <span class='ocrx_word' id='word_1_311' title='bbox 2418 1382 2653 1451; x_wconf 78' lang='grc' dir='ltr'><strong>εὐλόγως</strong></span> <span class='ocrx_word' id='word_1_312' title='bbox 2682 1385 2740 1435; x_wconf 84' lang='grc' dir='ltr'><strong>ἐν</strong></span> <span class='ocrx_word' id='word_1_313' title='bbox 2769 1383 2996 1448; x_wconf 88' lang='grc' dir='ltr'>ἐκείνοις</span> <span class='ocrx_word' id='word_1_314' title='bbox 3027 1384 3792 1456; x_wconf 80' lang='grc' dir='ltr'>μνημονευθείσης’γυναικδς,</span> 
     </span>
    </p>
   </div>
   <div class='ocr_carea' id='block_1_44' title="bbox 2207 1473 3792 1550">
    <p class='ocr_par' dir='ltr' id='par_1_44' title="bbox 2207 1473 3792 1550">
     <span class='ocr_line' id='line_1_44' title="bbox 2207 1473 3792 1550; baseline 0.003 -23"><span class='ocrx_word' id='word_1_315' title='bbox 2207 1473 2332 1528; x_wconf 70' lang='grc' dir='ltr'>οὔτε</span> <span class='ocrx_word' id='word_1_316' title='bbox 2364 1475 2439 1544; x_wconf 82' lang='lat'><strong>(5)</strong></span> <span class='ocrx_word' id='word_1_317' title='bbox 2469 1474 2744 1529; x_wconf 86' lang='grc' dir='ltr'>κάνταῦθα</span> <span class='ocrx_word' id='word_1_318' title='bbox 2773 1476 2864 1529; x_wconf 72' lang='grc' dir='ltr'>ἐπὶ</span> <span class='ocrx_word' id='word_1_319' title='bbox 2898 1476 3076 1547; x_wconf 76' lang='grc' dir='ltr'>ζύμης</span> <span class='ocrx_word' id='word_1_320' title='bbox 3119 1476 3422 1548; x_wconf 82' lang='grc' dir='ltr'><strong>φερομένης</strong></span> <span class='ocrx_word' id='word_1_321' title='bbox 3453 1479 3531 1540; x_wconf 81' lang='grc' dir='ltr'><strong>εἰς</strong></span> <span class='ocrx_word' id='word_1_322' title='bbox 3560 1477 3792 1550; x_wconf 83' lang='grc' dir='ltr'>ἀλεύρου</span> 
     </span>
    </p>
   </div>
   <div class='ocr_carea' id='block_1_45' title="bbox 2211 1565 3793 1640">
    <p class='ocr_par' dir='ltr' id='par_1_45' title="bbox 2211 1565 3793 1640">
     <span class='ocr_line' id='line_1_45' title="bbox 2211 1565 3793 1640; baseline 0.003 -22"><span class='ocrx_word' id='word_1_323' title='bbox 2211 1567 2345 1620; x_wconf 82' lang='grc' dir='ltr'>σάτα</span> <span class='ocrx_word' id='word_1_324' title='bbox 2361 1567 2506 1637; x_wconf 91' lang='grc' dir='ltr'>τρία,</span> <span class='ocrx_word' id='word_1_325' title='bbox 2535 1565 2875 1638; x_wconf 83' lang='grc' dir='ltr'>οἱκειοῦταιὴ</span> <span class='ocrx_word' id='word_1_326' title='bbox 2901 1567 3200 1640; x_wconf 88' lang='grc' dir='ltr'>παραϐολὴ,</span> <span class='ocrx_word' id='word_1_327' title='bbox 3231 1569 3449 1637; x_wconf 74' lang='grc' dir='ltr'><strong>γυναιή⁵</strong></span> <span class='ocrx_word' id='word_1_328' title='bbox 3473 1570 3793 1640; x_wconf 86' lang='grc' dir='ltr'>ἀρτοποιου-</span> 
     </span>
    </p>
   </div>
   <div class='ocr_carea' id='block_1_46' title="bbox 2213 1653 3790 1729">
    <p class='ocr_par' dir='ltr' id='par_1_46' title="bbox 2213 1653 3790 1729">
     <span class='ocr_line' id='line_1_46' title="bbox 2213 1653 3790 1729; baseline 0.006 -24"><span class='ocrx_word' id='word_1_329' title='bbox 2213 1655 2347 1725; x_wconf 78' lang='grc' dir='ltr'><strong>μένῃ</strong></span> <span class='ocrx_word' id='word_1_330' title='bbox 2366 1655 2457 1707; x_wconf 88' lang='grc' dir='ltr'><strong>τὸν</strong></span> <span class='ocrx_word' id='word_1_331' title='bbox 2485 1653 2545 1718; x_wconf 81' lang='grc' dir='ltr'>ἐξ</span> <span class='ocrx_word' id='word_1_332' title='bbox 2580 1655 2791 1725; x_wconf 75' lang='grc' dir='ltr'><strong>ἐκείνης</strong></span> <span class='ocrx_word' id='word_1_333' title='bbox 2821 1656 3206 1727; x_wconf 81' lang='grc' dir='ltr'><strong>ὠνομασμένον</strong></span> <span class='ocrx_word' id='word_1_334' title='bbox 3236 1658 3441 1729; x_wconf 85' lang='grc' dir='ltr'>σπορέα</span> <span class='ocrx_word' id='word_1_335' title='bbox 3467 1660 3790 1715; x_wconf 85' lang='grc' dir='ltr'>ἀπεικάσαι.</span> 
     </span>
    </p>
   </div>
   <div class='ocr_carea' id='block_1_47' title="bbox 2211 1745 3794 1815">
    <p class='ocr_par' dir='ltr' id='par_1_47' title="bbox 2211 1745 3794 1815">
     <span class='ocr_line' id='line_1_47' title="bbox 2211 1745 3794 1815; baseline 0.005 -17"><span class='ocrx_word' id='word_1_336' title='bbox 2211 1745 2359 1815; x_wconf 86' lang='grc' dir='ltr'>Στίχ.</span> <span class='ocrx_word' id='word_1_337' title='bbox 2405 1747 2509 1801; x_wconf 89' lang='grc' dir='ltr'>κθ¹.</span> <span class='ocrx_word' id='word_1_338' title='bbox 2563 1746 2674 1801; x_wconf 87' lang='lat' dir='ltr'><strong>Kal</strong></span> <span class='ocrx_word' id='word_1_339' title='bbox 2713 1747 2977 1813; x_wconf 81' lang='grc' dir='ltr'><strong>ἥξουσιν</strong></span> <span class='ocrx_word' id='word_1_340' title='bbox 3027 1749 3146 1804; x_wconf 79' lang='grc' dir='ltr'><strong>ἀπὸ</strong></span> <span class='ocrx_word' id='word_1_341' title='bbox 3184 1749 3500 1805; x_wconf 73' lang='grc' dir='ltr'>ἀνατολῶν</span> <span class='ocrx_word' id='word_1_342' title='bbox 3551 1752 3649 1805; x_wconf 81' lang='grc' dir='ltr'>καὶ</span> <span class='ocrx_word' id='word_1_343' title='bbox 3689 1752 3794 1806; x_wconf 82' lang='grc' dir='ltr'><strong>δυ-</strong></span> 
     </span>
    </p>
   </div>
   <div class='ocr_carea' id='block_1_48' title="bbox 2139 1816 3792 1888">
    <p class='ocr_par' dir='ltr' id='par_1_48' title="bbox 2139 1816 3792 1888">
     <span class='ocr_line' id='line_1_48' title="bbox 2139 1816 3792 1888; baseline 0.004 -20"><span class='ocrx_word' id='word_1_344' title='bbox 2139 1833 2178 1886; x_wconf 77' lang='grc' dir='ltr'><strong><em>Β</em></strong></span> <span class='ocrx_word' id='word_1_345' title='bbox 2277 1816 2447 1888; x_wconf 77' lang='grc' dir='ltr'><strong>σμῶν</strong></span> <span class='ocrx_word' id='word_1_346' title='bbox 2486 1819 2581 1888; x_wconf 79' lang='grc' dir='ltr'><strong>καί</strong></span> <span class='ocrx_word' id='word_1_347' title='bbox 2612 1817 2807 1885; x_wconf 78' lang='grc' dir='ltr'>,ϐορῤἁ</span> <span class='ocrx_word' id='word_1_348' title='bbox 2847 1819 2945 1872; x_wconf 78' lang='grc' dir='ltr'>καὶ</span> <span class='ocrx_word' id='word_1_349' title='bbox 2979 1821 3179 1884; x_wconf 60' lang='grc' dir='ltr'>νότσυ,</span> <span class='ocrx_word' id='word_1_350' title='bbox 3210 1822 3308 1874; x_wconf 78' lang='grc' dir='ltr'>καὶ</span> <span class='ocrx_word' id='word_1_351' title='bbox 3347 1821 3792 1888; x_wconf 73' lang='grc' dir='ltr'>ἀνακλιθήσον-</span> 
     </span>
    </p>
   </div>
   <div class='ocr_carea' id='block_1_49' title="bbox 2275 1885 3225 1956">
    <p class='ocr_par' dir='ltr' id='par_1_49' title="bbox 2275 1885 3225 1956">
     <span class='ocr_line' id='line_1_49' title="bbox 2275 1885 3225 1956; baseline 0.006 -18"><span class='ocrx_word' id='word_1_352' title='bbox 2275 1904 2368 1939; x_wconf 83' lang='grc' dir='ltr'><strong>ται</strong></span> <span class='ocrx_word' id='word_1_353' title='bbox 2397 1887 2467 1939; x_wconf 81' lang='grc' dir='ltr'>ἐν</span> <span class='ocrx_word' id='word_1_354' title='bbox 2497 1885 2569 1956; x_wconf 80' lang='grc' dir='ltr'>τῇ</span> <span class='ocrx_word' id='word_1_355' title='bbox 2595 1889 2885 1956; x_wconf 77' lang='grc' dir='ltr'>βασιλείᾳ</span> <span class='ocrx_word' id='word_1_356' title='bbox 2909 1890 3015 1943; x_wconf 86' lang='grc' dir='ltr'><strong>τοῦ</strong></span> <span class='ocrx_word' id='word_1_357' title='bbox 3055 1889 3225 1944; x_wconf 82' lang='grc' dir='ltr'>Θεοῦ.</span> 
     </span>
    </p>
   </div>
   <div class='ocr_carea' id='block_1_50' title="bbox 2277 1978 3790 2056">
    <p class='ocr_par' dir='ltr' id='par_1_50' title="bbox 2277 1978 3790 2056">
     <span class='ocr_line' id='line_1_50' title="bbox 2277 1978 3790 2056; baseline 0.005 -26"><span class='ocrx_word' id='word_1_358' title='bbox 2277 1978 2437 2050; x_wconf 87' lang='grc' dir='ltr'>[Ιαρά</span> <span class='ocrx_word' id='word_1_359' title='bbox 2465 1978 2521 2030; x_wconf 83' lang='grc' dir='ltr'>δὲ</span> <span class='ocrx_word' id='word_1_360' title='bbox 2553 1979 2632 2050; x_wconf 82' lang='grc' dir='ltr'>τῷ</span> <span class='ocrx_word' id='word_1_361' title='bbox 2665 1981 2928 2052; x_wconf 84' lang='grc' dir='ltr'>Ματθαίῳ</span> <span class='ocrx_word' id='word_1_362' title='bbox 2957 1981 3050 2034; x_wconf 83' lang='lat' dir='ltr'><strong>xui</strong></span> <span class='ocrx_word' id='word_1_363' title='bbox 3090 1983 3376 2056; x_wconf 88' lang='grc' dir='ltr'>παραϐολὴ</span> <span class='ocrx_word' id='word_1_364' title='bbox 3408 1983 3686 2050; x_wconf 82' lang='grc' dir='ltr'>πλέκεται,</span> <span class='ocrx_word' id='word_1_365' title='bbox 3719 1983 3790 2038; x_wconf 90' lang='grc' dir='ltr'>δι’</span> 
     </span>
    </p>
   </div>
   <div class='ocr_carea' id='block_1_51' title="bbox 2208 2069 3794 2154">
    <p class='ocr_par' dir='ltr' id='par_1_51' title="bbox 2208 2069 3794 2154">
     <span class='ocr_line' id='line_1_51' title="bbox 2208 2069 3794 2154; baseline 0.006 -28"><span class='ocrx_word' id='word_1_366' title='bbox 2208 2069 2275 2144; x_wconf 82' lang='grc' dir='ltr'><strong>ὴς</strong></span> <span class='ocrx_word' id='word_1_367' title='bbox 2304 2073 2591 2128; x_wconf 87' lang='grc' dir='ltr'>καλοῦνται</span> <span class='ocrx_word' id='word_1_368' title='bbox 2615 2077 2690 2140; x_wconf 87' lang='grc' dir='ltr'><strong>ὡς</strong></span> <span class='ocrx_word' id='word_1_369' title='bbox 2725 2079 2803 2140; x_wconf 85' lang='grc' dir='ltr'>εἰς</span> <span class='ocrx_word' id='word_1_370' title='bbox 2845 2077 3142 2149; x_wconf 85' lang='grc' dir='ltr'>ἀμπελῶνα</span> <span class='ocrx_word' id='word_1_371' title='bbox 3179 2082 3259 2144; x_wconf 89' lang='grc' dir='ltr'><strong>είς</strong></span> <span class='ocrx_word' id='word_1_372' title='bbox 3301 2079 3402 2146; x_wconf 78' lang='grc' dir='ltr'>τὰς</span> <span class='ocrx_word' id='word_1_373' title='bbox 3445 2081 3664 2145; x_wconf 81' lang='grc' dir='ltr'>ἐντολὰς</span> <span class='ocrx_word' id='word_1_374' title='bbox 3701 2083 3794 2154; x_wconf 80' lang='grc' dir='ltr'><strong>ἐρ-</strong></span> 
     </span>
    </p>
   </div>
   <div class='ocr_carea' id='block_1_52' title="bbox 2210 2167 3791 2246">
    <p class='ocr_par' dir='ltr' id='par_1_52' title="bbox 2210 2167 3791 2246">
     <span class='ocr_line' id='line_1_52' title="bbox 2210 2167 3791 2246; baseline 0.004 -26"><span class='ocrx_word' id='word_1_375' title='bbox 2210 2167 2372 2234; x_wconf 89' lang='grc' dir='ltr'>γάται</span> <span class='ocrx_word' id='word_1_376' title='bbox 2399 2167 2644 2239; x_wconf 85' lang='grc' dir='ltr'>διάφοροι</span> <span class='ocrx_word' id='word_1_377' title='bbox 2675 2171 2732 2222; x_wconf 94' lang='grc' dir='ltr'><strong>ἐν</strong></span> <span class='ocrx_word' id='word_1_378' title='bbox 2763 2169 3040 2243; x_wconf 70' lang='grc' dir='ltr'>διαφόροις</span> <span class='ocrx_word' id='word_1_379' title='bbox 3073 2173 3330 2244; x_wconf 82' lang='grc' dir='ltr'>ἡλικίαις,</span> <span class='ocrx_word' id='word_1_380' title='bbox 3369 2172 3445 2238; x_wconf 82' lang='grc' dir='ltr'><strong>ὡς</strong></span> <span class='ocrx_word' id='word_1_381' title='bbox 3485 2175 3543 2226; x_wconf 87' lang='grc' dir='ltr'><strong>ἐν</strong></span> <span class='ocrx_word' id='word_1_382' title='bbox 3586 2173 3791 2246; x_wconf 80' lang='grc' dir='ltr'>πρωῖᾳ,</span> 
     </span>
    </p>
   </div>
   <div class='ocr_carea' id='block_1_53' title="bbox 2210 2258 3793 2336">
    <p class='ocr_par' dir='ltr' id='par_1_53' title="bbox 2210 2258 3793 2336">
     <span class='ocr_line' id='line_1_53' title="bbox 2210 2258 3793 2336; baseline 0.005 -26"><span class='ocrx_word' id='word_1_383' title='bbox 2210 2258 2304 2311; x_wconf 78' lang='grc' dir='ltr'>καὶ</span> <span class='ocrx_word' id='word_1_384' title='bbox 2333 2259 2460 2331; x_wconf 70' lang='grc' dir='ltr'>περὶ</span> <span class='ocrx_word' id='word_1_385' title='bbox 2480 2260 2693 2331; x_wconf 78' lang='grc' dir='ltr'>τρίτην,</span> <span class='ocrx_word' id='word_1_386' title='bbox 2719 2261 2814 2314; x_wconf 89' lang='lat' dir='ltr'><strong>xui</strong></span> <span class='ocrx_word' id='word_1_387' title='bbox 2836 2263 3002 2335; x_wconf 74' lang='grc' dir='ltr'>ἕκτην</span> <span class='ocrx_word' id='word_1_388' title='bbox 3031 2266 3125 2318; x_wconf 88' lang='lat' dir='ltr'><strong>xui</strong></span> <span class='ocrx_word' id='word_1_389' title='bbox 3154 2265 3348 2335; x_wconf 78' lang='grc' dir='ltr'>ἐνάτην</span> <span class='ocrx_word' id='word_1_390' title='bbox 3379 2266 3474 2318; x_wconf 80' lang='lat' dir='ltr'><strong>xui</strong></span> <span class='ocrx_word' id='word_1_391' title='bbox 3499 2265 3793 2336; x_wconf 80' lang='grc' dir='ltr'>ἑνδεκάτην</span> 
     </span>
    </p>
   </div>
   <div class='ocr_carea' id='block_1_54' title="bbox 2208 2347 3793 2428">
    <p class='ocr_par' dir='ltr' id='par_1_54' title="bbox 2208 2347 3793 2428">
     <span class='ocr_line' id='line_1_54' title="bbox 2208 2347 3793 2428; baseline 0.006 -28"><span class='ocrx_word' id='word_1_392' title='bbox 2208 2348 2375 2419; x_wconf 82' lang='grc' dir='ltr'>ὥραν.</span> <span class='ocrx_word' id='word_1_393' title='bbox 2403 2349 2554 2419; x_wconf 87' lang='grc' dir='ltr'>Τάχα</span> <span class='ocrx_word' id='word_1_394' title='bbox 2580 2351 2677 2421; x_wconf 82' lang='grc' dir='ltr'><strong>μὲν</strong></span> <span class='ocrx_word' id='word_1_395' title='bbox 2703 2347 2794 2405; x_wconf 76' lang='grc' dir='ltr'>οὖν</span> <span class='ocrx_word' id='word_1_396' title='bbox 2821 2353 2964 2417; x_wconf 67' lang='lat' dir='ltr'><strong>am;</strong></span> <span class='ocrx_word' id='word_1_397' title='bbox 2991 2358 3018 2407; x_wconf 83' lang='lat'>6</span> <span class='ocrx_word' id='word_1_398' title='bbox 3039 2355 3149 2408; x_wconf 86' lang='grc' dir='ltr'><strong>τῶν</strong></span> <span class='ocrx_word' id='word_1_399' title='bbox 3175 2356 3476 2428; x_wconf 86' lang='grc' dir='ltr'>ἀνθρώπων</span> <span class='ocrx_word' id='word_1_400' title='bbox 3501 2356 3616 2427; x_wconf 86' lang='grc' dir='ltr'>βίος</span> <span class='ocrx_word' id='word_1_401' title='bbox 3643 2357 3793 2410; x_wconf 71' lang='grc' dir='ltr'>ἐστὶν</span> 
     </span>
    </p>
   </div>
   <div class='ocr_carea' id='block_1_55' title="bbox 2211 2443 3794 2520">
    <p class='ocr_par' dir='ltr' id='par_1_55' title="bbox 2211 2443 3794 2520">
     <span class='ocr_line' id='line_1_55' title="bbox 2211 2443 3794 2520; baseline 0.005 -25"><span class='ocrx_word' id='word_1_402' title='bbox 2211 2445 2242 2513; x_wconf 86' lang='grc' dir='ltr'><strong>ἡ</strong></span> <span class='ocrx_word' id='word_1_403' title='bbox 2277 2443 2418 2497; x_wconf 85' lang='grc' dir='ltr'><strong>κατά</strong></span> <span class='ocrx_word' id='word_1_404' title='bbox 2441 2445 2540 2514; x_wconf 89' lang='grc' dir='ltr'><strong>τὴν</strong></span> <span class='ocrx_word' id='word_1_405' title='bbox 2567 2447 2881 2518; x_wconf 89' lang='grc' dir='ltr'>παραϐολὴν</span> <span class='ocrx_word' id='word_1_406' title='bbox 2908 2447 3110 2519; x_wconf 84' lang='grc' dir='ltr'>ἡμέρα.</span> <span class='ocrx_word' id='word_1_407' title='bbox 3141 2451 3250 2503; x_wconf 73' lang='grc' dir='ltr'>Καὶ</span> <span class='ocrx_word' id='word_1_408' title='bbox 3288 2451 3338 2502; x_wconf 76' lang='lat' dir='ltr'><strong>oi</strong></span> <span class='ocrx_word' id='word_1_409' title='bbox 3366 2450 3465 2520; x_wconf 85' lang='grc' dir='ltr'><strong>μὲν</strong></span> <span class='ocrx_word' id='word_1_410' title='bbox 3490 2452 3555 2503; x_wconf 88' lang='grc' dir='ltr'><strong>ἐκ</strong></span> <span class='ocrx_word' id='word_1_411' title='bbox 3583 2449 3794 2503; x_wconf 86' lang='grc' dir='ltr'>παίδων</span> 
     </span>
    </p>
   </div>
   <div class='ocr_carea' id='block_1_56' title="bbox 2211 2533 3794 2611">
    <p class='ocr_par' dir='ltr' id='par_1_56' title="bbox 2211 2533 3794 2611">
     <span class='ocr_line' id='line_1_56' title="bbox 2211 2533 3794 2611; baseline 0.005 -26"><span class='ocrx_word' id='word_1_412' title='bbox 2211 2533 2303 2586; x_wconf 88' lang='lat' dir='ltr'><strong>xui</strong></span> <span class='ocrx_word' id='word_1_413' title='bbox 2339 2533 2562 2606; x_wconf 85' lang='grc' dir='ltr'>πρώτης</span> <span class='ocrx_word' id='word_1_414' title='bbox 2597 2535 2812 2608; x_wconf 79' lang='grc' dir='ltr'>ἡλικίας</span> <span class='ocrx_word' id='word_1_415' title='bbox 2851 2537 3140 2608; x_wconf 88' lang='grc' dir='ltr'>κληθέντες</span> <span class='ocrx_word' id='word_1_416' title='bbox 3165 2541 3214 2592; x_wconf 86' lang='grc' dir='ltr'><strong>οἱ</strong></span> <span class='ocrx_word' id='word_1_417' title='bbox 3242 2540 3359 2611; x_wconf 84' lang='grc' dir='ltr'><strong>ἀμα</strong></span> <span class='ocrx_word' id='word_1_418' title='bbox 3386 2543 3450 2611; x_wconf 80' lang='grc' dir='ltr'>τῇ</span> <span class='ocrx_word' id='word_1_419' title='bbox 3484 2541 3559 2611; x_wconf 83' lang='grc' dir='ltr'>ἐῳ</span> <span class='ocrx_word' id='word_1_420' title='bbox 3588 2541 3794 2611; x_wconf 87' lang='grc' dir='ltr'>μισθω-</span> 
     </span>
    </p>
   </div>
   <div class='ocr_carea' id='block_1_57' title="bbox 2211 2629 3794 2705">
    <p class='ocr_par' dir='ltr' id='par_1_57' title="bbox 2211 2629 3794 2705">
     <span class='ocr_line' id='line_1_57' title="bbox 2211 2629 3794 2705; baseline 0.003 -23"><span class='ocrx_word' id='word_1_421' title='bbox 2211 2629 2397 2694; x_wconf 85' lang='grc' dir='ltr'>θέντες</span> <span class='ocrx_word' id='word_1_422' title='bbox 2421 2633 2528 2684; x_wconf 78' lang='grc' dir='ltr'>εἰσὶ</span> <span class='ocrx_word' id='word_1_423' title='bbox 2553 2634 2705 2704; x_wconf 76' lang='grc' dir='ltr'>παρὰ</span> <span class='ocrx_word' id='word_1_424' title='bbox 2738 2633 2834 2687; x_wconf 89' lang='grc' dir='ltr'><strong>τοῦ</strong></span> <span class='ocrx_word' id='word_1_425' title='bbox 2855 2634 3116 2688; x_wconf 83' lang='grc' dir='ltr'>δεσπότου</span> <span class='ocrx_word' id='word_1_426' title='bbox 3137 2652 3150 2665; x_wconf 90' lang='grc'><strong>·</strong></span> <span class='ocrx_word' id='word_1_427' title='bbox 3177 2637 3226 2688; x_wconf 84' lang='grc' dir='ltr'><strong>οἱ</strong></span> <span class='ocrx_word' id='word_1_428' title='bbox 3256 2635 3313 2688; x_wconf 84' lang='grc' dir='ltr'><strong>δέ</strong></span> <span class='ocrx_word' id='word_1_429' title='bbox 3351 2634 3490 2705; x_wconf 88' lang='grc' dir='ltr'><strong>μετά</strong></span> <span class='ocrx_word' id='word_1_430' title='bbox 3511 2635 3572 2687; x_wconf 87' lang='grc' dir='ltr'><strong>τὸ</strong></span> <span class='ocrx_word' id='word_1_431' title='bbox 3601 2633 3794 2705; x_wconf 86' lang='grc' dir='ltr'>μειρά-</span> 
     </span>
    </p>
   </div>
   <div class='ocr_carea' id='block_1_58' title="bbox 2210 2725 3796 2798">
    <p class='ocr_par' dir='ltr' id='par_1_58' title="bbox 2210 2725 3796 2798">
     <span class='ocr_line' id='line_1_58' title="bbox 2210 2725 3796 2798; baseline 0.003 -23"><span class='ocrx_word' id='word_1_432' title='bbox 2210 2739 2328 2776; x_wconf 89' lang='grc' dir='ltr'>κιον</span> <span class='ocrx_word' id='word_1_433' title='bbox 2353 2726 2401 2777; x_wconf 76' lang='lat' dir='ltr'><strong>oi</strong></span> <span class='ocrx_word' id='word_1_434' title='bbox 2428 2725 2537 2778; x_wconf 76' lang='grc' dir='ltr'>ἀπὸ</span> <span class='ocrx_word' id='word_1_435' title='bbox 2563 2727 2661 2796; x_wconf 83' lang='grc' dir='ltr'>τῆς</span> <span class='ocrx_word' id='word_1_436' title='bbox 2698 2727 2888 2798; x_wconf 85' lang='grc' dir='ltr'>τρίτης</span> <span class='ocrx_word' id='word_1_437' title='bbox 2914 2726 3092 2798; x_wconf 77' lang='grc' dir='ltr'>ὥρας·</span> <span class='ocrx_word' id='word_1_438' title='bbox 3130 2729 3179 2780; x_wconf 84' lang='grc' dir='ltr'><strong>οἱ</strong></span> <span class='ocrx_word' id='word_1_439' title='bbox 3213 2727 3271 2781; x_wconf 87' lang='grc' dir='ltr'><strong>δέ</strong></span> <span class='ocrx_word' id='word_1_440' title='bbox 3307 2727 3444 2798; x_wconf 84' lang='grc' dir='ltr'>μετὰ</span> <span class='ocrx_word' id='word_1_441' title='bbox 3469 2727 3558 2780; x_wconf 75' lang='grc' dir='ltr'>τὸν</span> <span class='ocrx_word' id='word_1_442' title='bbox 3585 2729 3642 2779; x_wconf 86' lang='grc' dir='ltr'><strong>ἐν</strong></span> <span class='ocrx_word' id='word_1_443' title='bbox 3676 2726 3796 2780; x_wconf 84' lang='grc' dir='ltr'>νεό-</span> 
     </span>
    </p>
   </div>
   <div class='ocr_carea' id='block_1_59' title="bbox 2209 2817 3793 2890">
    <p class='ocr_par' dir='ltr' id='par_1_59' title="bbox 2209 2817 3793 2890">
     <span class='ocr_line' id='line_1_59' title="bbox 2209 2817 3793 2890; baseline 0.001 -21"><span class='ocrx_word' id='word_1_444' title='bbox 2209 2833 2331 2887; x_wconf 86' lang='grc' dir='ltr'>τητι</span> <span class='ocrx_word' id='word_1_445' title='bbox 2376 2817 2631 2872; x_wconf 84' lang='grc' dir='ltr'>καύσωνα</span> <span class='ocrx_word' id='word_1_446' title='bbox 2663 2820 2758 2872; x_wconf 86' lang='lat' dir='ltr'><strong>xui</strong></span> <span class='ocrx_word' id='word_1_447' title='bbox 2788 2819 2848 2872; x_wconf 87' lang='grc' dir='ltr'><strong>τὸ</strong></span> <span class='ocrx_word' id='word_1_448' title='bbox 2883 2818 3047 2889; x_wconf 84' lang='grc' dir='ltr'>βάρος</span> <span class='ocrx_word' id='word_1_449' title='bbox 3075 2818 3168 2872; x_wconf 76' lang='grc' dir='ltr'><strong>ἐπὶ</strong></span> <span class='ocrx_word' id='word_1_450' title='bbox 3199 2817 3299 2890; x_wconf 88' lang='grc' dir='ltr'><strong>τὴν</strong></span> <span class='ocrx_word' id='word_1_451' title='bbox 3325 2818 3634 2872; x_wconf 87' lang='grc' dir='ltr'>θεοσέϐειαν</span> <span class='ocrx_word' id='word_1_452' title='bbox 3660 2817 3793 2885; x_wconf 64' lang='grc' dir='ltr'>ἀγόο</span> 
     </span>
    </p>
   </div>
   <div class='ocr_carea' id='block_1_60' title="bbox 2215 2908 3790 2981">
    <p class='ocr_par' dir='ltr' id='par_1_60' title="bbox 2215 2908 3790 2981">
     <span class='ocr_line' id='line_1_60' title="bbox 2215 2908 3790 2981; baseline 0.008 -21"><span class='ocrx_word' id='word_1_453' title='bbox 2215 2925 2364 2978; x_wconf 91' lang='grc' dir='ltr'>μενοι</span> <span class='ocrx_word' id='word_1_454' title='bbox 2393 2909 2695 2980; x_wconf 86' lang='grc' dir='ltr'>πρεσϐύται</span> <span class='ocrx_word' id='word_1_455' title='bbox 2721 2911 2771 2961; x_wconf 81' lang='grc' dir='ltr'>οἱ</span> <span class='ocrx_word' id='word_1_456' title='bbox 2799 2910 2926 2981; x_wconf 80' lang='grc' dir='ltr'>περὶ</span> <span class='ocrx_word' id='word_1_457' title='bbox 2951 2908 3048 2979; x_wconf 87' lang='grc' dir='ltr'><strong>τὴν</strong></span> <span class='ocrx_word' id='word_1_458' title='bbox 3081 2909 3276 2979; x_wconf 89' lang='grc' dir='ltr'>ἐνάτην</span> <span class='ocrx_word' id='word_1_459' title='bbox 3297 2926 3308 2939; x_wconf 90' lang='grc'><strong>·</strong></span> <span class='ocrx_word' id='word_1_460' title='bbox 3333 2910 3384 2962; x_wconf 79' lang='grc' dir='ltr'>οἱ</span> <span class='ocrx_word' id='word_1_461' title='bbox 3411 2908 3468 2962; x_wconf 80' lang='grc' dir='ltr'>δὲ</span> <span class='ocrx_word' id='word_1_462' title='bbox 3493 2908 3628 2980; x_wconf 79' lang='grc' dir='ltr'>πρὸς</span> <span class='ocrx_word' id='word_1_463' title='bbox 3654 2909 3790 2980; x_wconf 68' lang='grc' dir='ltr'><strong>αὑτῇ</strong></span> 
     </span>
    </p>
   </div>
   <div class='ocr_carea' id='block_1_61' title="bbox 2212 2998 3792 3072">
    <p class='ocr_par' dir='ltr' id='par_1_61' title="bbox 2212 2998 3792 3072">
     <span class='ocr_line' id='line_1_61' title="bbox 2212 2998 3792 3072; baseline 0.001 -18"><span class='ocrx_word' id='word_1_464' title='bbox 2212 3003 2277 3072; x_wconf 82' lang='grc' dir='ltr'>τῇ</span> <span class='ocrx_word' id='word_1_465' title='bbox 2316 2998 2482 3072; x_wconf 80' lang='grc' dir='ltr'>ἐξόδῳ</span> <span class='ocrx_word' id='word_1_466' title='bbox 2514 3002 2768 3072; x_wconf 77' lang='grc' dir='ltr'>γέροντες</span> <span class='ocrx_word' id='word_1_467' title='bbox 2797 3001 2896 3072; x_wconf 68' lang='grc' dir='ltr'>ἤδη</span> <span class='ocrx_word' id='word_1_468' title='bbox 2933 2999 3215 3070; x_wconf 78' lang='grc' dir='ltr'>δηλοῦνται</span> <span class='ocrx_word' id='word_1_469' title='bbox 3240 2999 3328 3053; x_wconf 83' lang='grc' dir='ltr'>διὰ</span> <span class='ocrx_word' id='word_1_470' title='bbox 3352 2999 3451 3069; x_wconf 85' lang='grc' dir='ltr'>τῆς</span> <span class='ocrx_word' id='word_1_471' title='bbox 3477 2999 3792 3071; x_wconf 79' lang='grc' dir='ltr'>ἑνδεκάτης.</span> 
     </span>
    </p>
   </div>
   <div class='ocr_carea' id='block_1_62' title="bbox 2216 3090 3796 3163">
    <p class='ocr_par' dir='ltr' id='par_1_62' title="bbox 2216 3090 3796 3163">
     <span class='ocr_line' id='line_1_62' title="bbox 2216 3090 3796 3163; baseline 0 -20"><span class='ocrx_word' id='word_1_472' title='bbox 2216 3092 2324 3145; x_wconf 77' lang='grc' dir='ltr'>Καὶ</span> <span class='ocrx_word' id='word_1_473' title='bbox 2361 3092 2483 3144; x_wconf 82' lang='grc' dir='ltr'>ἐπεὶ</span> <span class='ocrx_word' id='word_1_474' title='bbox 2519 3092 2861 3163; x_wconf 86' lang='grc' dir='ltr'>προαίρεσις,</span> <span class='ocrx_word' id='word_1_475' title='bbox 2893 3091 2954 3144; x_wconf 86' lang='grc' dir='ltr'><strong>ού</strong></span> <span class='ocrx_word' id='word_1_476' title='bbox 2997 3091 3208 3162; x_wconf 85' lang='grc' dir='ltr'>χρόνος,</span> <span class='ocrx_word' id='word_1_477' title='bbox 3251 3090 3586 3156; x_wconf 76' lang='grc' dir='ltr'>ἐξετάζεται,</span> <span class='ocrx_word' id='word_1_478' title='bbox 3635 3090 3694 3143; x_wconf 84' lang='grc' dir='ltr'>ὃν</span> <span class='ocrx_word' id='word_1_479' title='bbox 3733 3091 3796 3144; x_wconf 83' lang='grc' dir='ltr'><strong>ἐν</strong></span> 
     </span>
    </p>
   </div>
   <div class='ocr_carea' id='block_1_63' title="bbox 526 3172 2107 3256">
    <p class='ocr_par' dir='ltr' id='par_1_63' title="bbox 526 3178 2104 3251">
     <span class='ocr_line' id='line_1_63' title="bbox 526 3178 2104 3251; baseline -0.005 -12"><span class='ocrx_word' id='word_1_480' title='bbox 526 3195 740 3239; x_wconf 82' lang='lat' dir='ltr'><strong>cantur.</strong></span> <span class='ocrx_word' id='word_1_481' title='bbox 789 3181 857 3237; x_wconf 86' lang='lat' dir='ltr'><strong>Et</strong></span> <span class='ocrx_word' id='word_1_482' title='bbox 888 3181 1016 3251; x_wconf 91' lang='lat' dir='ltr'><strong>quia</strong></span> <span class='ocrx_word' id='word_1_483' title='bbox 1071 3182 1324 3244; x_wconf 89' lang='lat' dir='ltr'><strong>intentio,</strong></span> <span class='ocrx_word' id='word_1_484' title='bbox 1372 3195 1479 3235; x_wconf 92' lang='lat' dir='ltr'><strong>non</strong></span> <span class='ocrx_word' id='word_1_485' title='bbox 1523 3188 1736 3246; x_wconf 88' lang='lat' dir='ltr'><strong>tempus</strong></span> <span class='ocrx_word' id='word_1_486' title='bbox 1782 3178 2104 3240; x_wconf 89' lang='lat' dir='ltr'><strong>attenditur,</strong></span> 
     </span>
    </p>
   </div>
   <div class='ocr_carea' id='block_1_64' title="bbox 2208 3172 3795 3256">
    <p class='ocr_par' dir='ltr' id='par_1_64' title="bbox 2212 3176 3795 3256">
     <span class='ocr_line' id='line_1_64' title="bbox 2212 3176 3795 3256; baseline 0 -20"><span class='ocrx_word' id='word_1_487' title='bbox 2212 3184 2395 3236; x_wconf 87' lang='grc' dir='ltr'>πίστει</span> <span class='ocrx_word' id='word_1_488' title='bbox 2423 3183 2692 3256; x_wconf 88' lang='grc' dir='ltr'>πεποίηκέ</span> <span class='ocrx_word' id='word_1_489' title='bbox 2728 3201 2812 3247; x_wconf 88' lang='grc' dir='ltr'><strong>τις</strong></span> <span class='ocrx_word' id='word_1_490' title='bbox 2830 3202 2842 3213; x_wconf 91' lang='grc'><strong>·</strong></span> <span class='ocrx_word' id='word_1_491' title='bbox 2875 3183 2963 3236; x_wconf 80' lang='grc' dir='ltr'><strong>διὰ</strong></span> <span class='ocrx_word' id='word_1_492' title='bbox 2985 3183 3145 3237; x_wconf 86' lang='grc' dir='ltr'>τοῦτο</span> <span class='ocrx_word' id='word_1_493' title='bbox 3168 3185 3284 3248; x_wconf 84' lang='grc' dir='ltr'>τοῖς</span> <span class='ocrx_word' id='word_1_494' title='bbox 3313 3183 3371 3250; x_wconf 77' lang='grc' dir='ltr'><strong>ἐξ</strong></span> <span class='ocrx_word' id='word_1_495' title='bbox 3409 3176 3470 3236; x_wconf 77' lang='grc' dir='ltr'>οὗ</span> <span class='ocrx_word' id='word_1_496' title='bbox 3496 3181 3795 3254; x_wconf 83' lang='grc' dir='ltr'>κέκληνται</span> 
     </span>
    </p>
   </div>
   <div class='ocr_carea' id='block_1_65' title="bbox 523 3268 2107 3345">
    <p class='ocr_par' dir='ltr' id='par_1_65' title="bbox 523 3268 2107 3345">
     <span class='ocr_line' id='line_1_65' title="bbox 523 3268 2107 3345; baseline -0.004 -17"><span class='ocrx_word' id='word_1_497' title='bbox 523 3274 672 3345; x_wconf 88' lang='lat' dir='ltr'><strong>quod</strong></span> <span class='ocrx_word' id='word_1_498' title='bbox 724 3274 778 3326; x_wconf 93' lang='lat' dir='ltr'><strong>in</strong></span> <span class='ocrx_word' id='word_1_499' title='bbox 811 3271 917 3326; x_wconf 87' lang='lat' dir='ltr'><strong>ﬁde</strong></span> <span class='ocrx_word' id='word_1_500' title='bbox 959 3271 1082 3340; x_wconf 89' lang='lat' dir='ltr'><strong>quis</strong></span> <span class='ocrx_word' id='word_1_501' title='bbox 1131 3271 1431 3338; x_wconf 71' lang='lat' dir='ltr'><strong>impendit;</strong></span> <span class='ocrx_word' id='word_1_502' title='bbox 1468 3269 1672 3324; x_wconf 88' lang='lat' dir='ltr'><strong>idcirco</strong></span> <span class='ocrx_word' id='word_1_503' title='bbox 1723 3268 1850 3335; x_wconf 87' lang='lat' dir='ltr'><strong>illis,</strong></span> <span class='ocrx_word' id='word_1_504' title='bbox 1892 3268 1983 3338; x_wconf 91' lang='lat' dir='ltr'><strong>qui</strong></span> <span class='ocrx_word' id='word_1_505' title='bbox 2040 3280 2107 3322; x_wconf 81' lang='lat' dir='ltr'><strong>ex</strong></span> 
     </span>
    </p>
   </div>
   <div class='ocr_carea' id='block_1_66' title="bbox 524 3359 2110 3434">
    <p class='ocr_par' dir='ltr' id='par_1_66' title="bbox 524 3359 2110 3434">
     <span class='ocr_line' id='line_1_66' title="bbox 524 3359 2110 3434; baseline -0.003 -14"><span class='ocrx_word' id='word_1_506' title='bbox 524 3379 634 3434; x_wconf 88' lang='lat' dir='ltr'><strong>quo</strong></span> <span class='ocrx_word' id='word_1_507' title='bbox 684 3364 863 3418; x_wconf 89' lang='lat' dir='ltr'><strong>vocati</strong></span> <span class='ocrx_word' id='word_1_508' title='bbox 899 3371 1048 3426; x_wconf 86' lang='lat' dir='ltr'><strong>sunt,</strong></span> <span class='ocrx_word' id='word_1_509' title='bbox 1092 3376 1215 3432; x_wconf 80' lang='lat' dir='ltr'><strong>quae</strong></span> <span class='ocrx_word' id='word_1_510' title='bbox 1248 3361 1353 3417; x_wconf 89' lang='lat' dir='ltr'><strong>sibi</strong></span> <span class='ocrx_word' id='word_1_511' title='bbox 1392 3362 1643 3431; x_wconf 87' lang='lat' dir='ltr'><strong>imposita</strong></span> <span class='ocrx_word' id='word_1_512' title='bbox 1700 3361 1941 3428; x_wconf 79' lang='lat' dir='ltr'><strong>fuerunt,</strong></span> <span class='ocrx_word' id='word_1_513' title='bbox 1981 3359 2110 3415; x_wconf 60' lang='grc' dir='ltr'>εσυ-</span> 
     </span>
    </p>
   </div>
   <div class='ocr_carea' id='block_1_67' title="bbox 524 3453 2108 3522">
    <p class='ocr_par' dir='ltr' id='par_1_67' title="bbox 524 3453 2108 3522">
     <span class='ocr_line' id='line_1_67' title="bbox 524 3453 2108 3522; baseline -0.004 -9"><span class='ocrx_word' id='word_1_514' title='bbox 524 3471 682 3522; x_wconf 90' lang='lat' dir='ltr'><strong>cere,</strong></span> <span class='ocrx_word' id='word_1_515' title='bbox 724 3455 884 3510; x_wconf 89' lang='lat' dir='ltr'><strong>datur</strong></span> <span class='ocrx_word' id='word_1_516' title='bbox 943 3457 1134 3511; x_wconf 87' lang='lat' dir='ltr'><strong>eadem</strong></span> <span class='ocrx_word' id='word_1_517' title='bbox 1194 3454 1385 3510; x_wconf 88' lang='lat' dir='ltr'><strong>salutis</strong></span> <span class='ocrx_word' id='word_1_518' title='bbox 1437 3468 1688 3510; x_wconf 84' lang='lat' dir='ltr'><strong>merces:</strong></span> <span class='ocrx_word' id='word_1_519' title='bbox 1726 3453 1857 3508; x_wconf 91' lang='lat' dir='ltr'><strong>illud</strong></span> <span class='ocrx_word' id='word_1_520' title='bbox 1915 3466 2108 3521; x_wconf 86' lang='lat' dir='ltr'><strong>nempe</strong></span> 
     </span>
    </p>
   </div>
   <div class='ocr_carea' id='block_1_68' title="bbox 526 3545 2108 3618">
    <p class='ocr_par' dir='ltr' id='par_1_68' title="bbox 526 3545 2108 3618">
     <span class='ocr_line' id='line_1_68' title="bbox 526 3545 2108 3618; baseline -0.004 -14"><span class='ocrx_word' id='word_1_521' title='bbox 526 3549 830 3614; x_wconf 85' lang='lat' dir='ltr'><strong>denarium,</strong></span> <span class='ocrx_word' id='word_1_522' title='bbox 877 3548 1020 3618; x_wconf 92' lang='lat' dir='ltr'><strong>quod</strong></span> <span class='ocrx_word' id='word_1_523' title='bbox 1053 3548 1121 3603; x_wconf 89' lang='lat' dir='ltr'><strong>ab</strong></span> <span class='ocrx_word' id='word_1_524' title='bbox 1164 3546 1320 3602; x_wconf 89' lang='lat' dir='ltr'><strong>initio</strong></span> <span class='ocrx_word' id='word_1_525' title='bbox 1357 3545 1595 3602; x_wconf 89' lang='lat' dir='ltr'><strong>ablatum</strong></span> <span class='ocrx_word' id='word_1_526' title='bbox 1645 3545 1748 3601; x_wconf 79' lang='lat' dir='ltr'><strong>fuit</strong></span> <span class='ocrx_word' id='word_1_527' title='bbox 1796 3560 1827 3598; x_wconf 88' lang='lat' dir='ltr'><strong>a</strong></span> <span class='ocrx_word' id='word_1_528' title='bbox 1874 3545 2108 3614; x_wconf 74' lang='lat' dir='ltr'><strong>maligno</strong></span> 
     </span>
    </p>
   </div>
   <div class='ocr_carea' id='block_1_69' title="bbox 525 3637 2108 3714">
    <p class='ocr_par' dir='ltr' id='par_1_69' title="bbox 525 3637 2108 3714">
     <span class='ocr_line' id='line_1_69' title="bbox 525 3637 2108 3714; baseline -0.004 -16"><span class='ocrx_word' id='word_1_529' title='bbox 525 3657 624 3714; x_wconf 89' lang='lat' dir='ltr'><strong>per</strong></span> <span class='ocrx_word' id='word_1_530' title='bbox 671 3641 1066 3708; x_wconf 88' lang='lat' dir='ltr'><strong>seductionem,</strong></span> <span class='ocrx_word' id='word_1_531' title='bbox 1119 3641 1242 3694; x_wconf 87' lang='lat' dir='ltr'><strong>dum</strong></span> <span class='ocrx_word' id='word_1_532' title='bbox 1280 3638 1642 3710; x_wconf 81' lang='lat' dir='ltr'><strong>transgressio</strong></span> <span class='ocrx_word' id='word_1_533' title='bbox 1671 3637 1938 3708; x_wconf 88' lang='lat' dir='ltr'><strong>spiritalis</strong></span> <span class='ocrx_word' id='word_1_534' title='bbox 1972 3651 2108 3707; x_wconf 83' lang='lat' dir='ltr'><strong>prae-</strong></span> 
     </span>
    </p>
   </div>
   <div class='ocr_carea' id='block_1_70' title="bbox 526 3729 2108 3805">
    <p class='ocr_par' dir='ltr' id='par_1_70' title="bbox 526 3729 2108 3805">
     <span class='ocr_line' id='line_1_70' title="bbox 526 3729 2108 3805; baseline -0.004 -17"><span class='ocrx_word' id='word_1_535' title='bbox 526 3735 665 3805; x_wconf 89' lang='lat' dir='ltr'><strong>cepti</strong></span> <span class='ocrx_word' id='word_1_536' title='bbox 708 3734 848 3788; x_wconf 79' lang='lat' dir='ltr'><strong>facta</strong></span> <span class='ocrx_word' id='word_1_537' title='bbox 883 3743 992 3798; x_wconf 87' lang='lat' dir='ltr'><strong>est;</strong></span> <span class='ocrx_word' id='word_1_538' title='bbox 1044 3731 1239 3786; x_wconf 69' lang='lat' dir='ltr'><strong>divinae</strong></span> <span class='ocrx_word' id='word_1_539' title='bbox 1286 3741 1452 3800; x_wconf 90' lang='lat' dir='ltr'><strong>atque</strong></span> <span class='ocrx_word' id='word_1_540' title='bbox 1491 3730 1714 3786; x_wconf 90' lang='lat' dir='ltr'><strong>omnino</strong></span> <span class='ocrx_word' id='word_1_541' title='bbox 1746 3729 1942 3801; x_wconf 75' lang='lat' dir='ltr'><strong>regalis</strong></span> <span class='ocrx_word' id='word_1_542' title='bbox 1976 3730 2108 3784; x_wconf 91' lang='lat' dir='ltr'><strong>ima-</strong></span> 
     </span>
    </p>
   </div>
   <div class='ocr_carea' id='block_1_71' title="bbox 525 3825 2108 3898">
    <p class='ocr_par' dir='ltr' id='par_1_71' title="bbox 525 3825 2108 3898">
     <span class='ocr_line' id='line_1_71' title="bbox 525 3825 2108 3898; baseline -0.005 -15"><span class='ocrx_word' id='word_1_543' title='bbox 525 3829 685 3898; x_wconf 87' lang='lat' dir='ltr'><strong>ginis.</strong></span> <span class='ocrx_word' id='word_1_544' title='bbox 745 3828 863 3894; x_wconf 86' lang='lat' dir='ltr'><strong>Qno</strong></span> <span class='ocrx_word' id='word_1_545' title='bbox 913 3825 1043 3879; x_wconf 90' lang='lat' dir='ltr'><strong>mihi</strong></span> <span class='ocrx_word' id='word_1_546' title='bbox 1107 3826 1324 3879; x_wconf 88' lang='lat' dir='ltr'><strong>videtur</strong></span> <span class='ocrx_word' id='word_1_547' title='bbox 1379 3826 1758 3879; x_wconf 87' lang='lat' dir='ltr'><strong>characterem</strong></span> <span class='ocrx_word' id='word_1_548' title='bbox 1816 3833 2108 3891; x_wconf 88' lang='lat' dir='ltr'><strong>notamque</strong></span> 
     </span>
    </p>
   </div>
   <div class='ocr_carea' id='block_1_72' title="bbox 528 3913 2109 3990">
    <p class='ocr_par' dir='ltr' id='par_1_72' title="bbox 528 3913 2109 3990">
     <span class='ocr_line' id='line_1_72' title="bbox 528 3913 2109 3990; baseline -0.006 -15"><span class='ocrx_word' id='word_1_549' title='bbox 528 3923 813 3990; x_wconf 84' lang='lat' dir='ltr'><strong>ipsiusmet</strong></span> <span class='ocrx_word' id='word_1_550' title='bbox 842 3919 991 3990; x_wconf 86' lang='lat' dir='ltr'><strong>regni</strong></span> <span class='ocrx_word' id='word_1_551' title='bbox 1019 3920 1328 3983; x_wconf 88' lang='lat' dir='ltr'><strong>ostendere,</strong></span> <span class='ocrx_word' id='word_1_552' title='bbox 1355 3916 1621 3988; x_wconf 86' lang='lat' dir='ltr'><strong>siquidem</strong></span> <span class='ocrx_word' id='word_1_553' title='bbox 1649 3915 1855 3969; x_wconf 87' lang='lat' dir='ltr'><strong>denarii</strong></span> <span class='ocrx_word' id='word_1_554' title='bbox 1897 3913 2109 3984; x_wconf 90' lang='lat' dir='ltr'><strong>insigne</strong></span> 
     </span>
    </p>
   </div>
   <div class='ocr_carea' id='block_1_73' title="bbox 526 4007 2106 4083">
    <p class='ocr_par' dir='ltr' id='par_1_73' title="bbox 526 4007 2106 4083">
     <span class='ocr_line' id='line_1_73' title="bbox 526 4007 2106 4083; baseline -0.006 -15"><span class='ocrx_word' id='word_1_555' title='bbox 526 4013 849 4083; x_wconf 85' lang='lat' dir='ltr'><strong>insculptam</strong></span> <span class='ocrx_word' id='word_1_556' title='bbox 907 4011 1050 4082; x_wconf 87' lang='lat' dir='ltr'><strong>regis</strong></span> <span class='ocrx_word' id='word_1_557' title='bbox 1121 4009 1413 4080; x_wconf 87' lang='lat' dir='ltr'><strong>imaginem</strong></span> <span class='ocrx_word' id='word_1_558' title='bbox 1481 4007 1774 4078; x_wconf 79' lang='lat' dir='ltr'><strong>signiﬁcat.</strong></span> <span class='ocrx_word' id='word_1_559' title='bbox 1841 4007 2106 4074; x_wconf 86' lang='lat' dir='ltr'><strong>Quoniam</strong></span> 
     </span>
    </p>
   </div>
   <div class='ocr_carea' id='block_1_74' title="bbox 527 4098 2109 4175">
    <p class='ocr_par' dir='ltr' id='par_1_74' title="bbox 527 4098 2109 4175">
     <span class='ocr_line' id='line_1_74' title="bbox 527 4098 2109 4175; baseline -0.001 -17"><span class='ocrx_word' id='word_1_560' title='bbox 527 4105 690 4175; x_wconf 88' lang='lat' dir='ltr'><strong>igitur</strong></span> <span class='ocrx_word' id='word_1_561' title='bbox 717 4111 983 4174; x_wconf 87' lang='lat' dir='ltr'><strong>quotquot</strong></span> <span class='ocrx_word' id='word_1_562' title='bbox 1011 4102 1062 4156; x_wconf 92' lang='lat' dir='ltr'><strong>in</strong></span> <span class='ocrx_word' id='word_1_563' title='bbox 1095 4102 1310 4157; x_wconf 90' lang='lat' dir='ltr'><strong>vineam</strong></span> <span class='ocrx_word' id='word_1_564' title='bbox 1337 4110 1392 4156; x_wconf 89' lang='lat' dir='ltr'><strong>et</strong></span> <span class='ocrx_word' id='word_1_565' title='bbox 1423 4101 1698 4157; x_wconf 88' lang='lat' dir='ltr'><strong>civitatem</strong></span> <span class='ocrx_word' id='word_1_566' title='bbox 1733 4099 1899 4154; x_wconf 88' lang='lat' dir='ltr'><strong>divini</strong></span> <span class='ocrx_word' id='word_1_567' title='bbox 1932 4098 2109 4156; x_wconf 90' lang='lat' dir='ltr'><strong>cultus</strong></span> 
     </span>
    </p>
   </div>
   <div class='ocr_carea' id='block_1_75' title="bbox 527 4189 2106 4262">
    <p class='ocr_par' dir='ltr' id='par_1_75' title="bbox 527 4189 2106 4262">
     <span class='ocr_line' id='line_1_75' title="bbox 527 4189 2106 4262; baseline -0.004 -14"><span class='ocrx_word' id='word_1_568' title='bbox 527 4194 754 4262; x_wconf 89' lang='lat' dir='ltr'><strong>ingressi</strong></span> <span class='ocrx_word' id='word_1_569' title='bbox 792 4193 1033 4258; x_wconf 80' lang='lat' dir='ltr'><strong>fuerant,</strong></span> <span class='ocrx_word' id='word_1_570' title='bbox 1073 4207 1344 4261; x_wconf 86' lang='lat' dir='ltr'><strong>unamque</strong></span> <span class='ocrx_word' id='word_1_571' title='bbox 1373 4200 1428 4245; x_wconf 91' lang='lat' dir='ltr'><strong>et</strong></span> <span class='ocrx_word' id='word_1_572' title='bbox 1458 4191 1704 4245; x_wconf 89' lang='lat' dir='ltr'><strong>eamdem</strong></span> <span class='ocrx_word' id='word_1_573' title='bbox 1733 4189 2106 4259; x_wconf 81' lang='lat' dir='ltr'><strong>operationem</strong></span> 
     </span>
    </p>
   </div>
   <div class='ocr_carea' id='block_1_76' title="bbox 525 4285 2106 4358">
    <p class='ocr_par' dir='ltr' id='par_1_76' title="bbox 525 4285 2106 4358">
     <span class='ocr_line' id='line_1_76' title="bbox 525 4285 2106 4358; baseline -0.004 -17"><span class='ocrx_word' id='word_1_574' title='bbox 525 4289 837 4358; x_wconf 83' lang='lat' dir='ltr'><strong>attigerant,</strong></span> <span class='ocrx_word' id='word_1_575' title='bbox 865 4287 1107 4358; x_wconf 85' lang='lat' dir='ltr'><strong>ejusdem</strong></span> <span class='ocrx_word' id='word_1_576' title='bbox 1144 4285 1300 4355; x_wconf 84' lang='lat' dir='ltr'><strong>regni</strong></span> <span class='ocrx_word' id='word_1_577' title='bbox 1332 4294 1614 4354; x_wconf 88' lang='lat' dir='ltr'><strong>compotes</strong></span> <span class='ocrx_word' id='word_1_578' title='bbox 1654 4285 1848 4338; x_wconf 77' lang='lat' dir='ltr'><strong>tierent</strong></span> <span class='ocrx_word' id='word_1_579' title='bbox 1890 4298 2106 4353; x_wconf 78' lang='lat' dir='ltr'><strong>aequum</strong></span> 
     </span>
    </p>
   </div>
   <div class='ocr_carea' id='block_1_77' title="bbox 525 4373 2106 4443">
    <p class='ocr_par' dir='ltr' id='par_1_77' title="bbox 525 4373 2106 4443">
     <span class='ocr_line' id='line_1_77' title="bbox 525 4373 2106 4443; baseline -0.002 -13"><span class='ocrx_word' id='word_1_580' title='bbox 525 4387 646 4433; x_wconf 82' lang='lat' dir='ltr'><strong>erat</strong></span> <span class='ocrx_word' id='word_1_581' title='bbox 687 4395 702 4432; x_wconf 89' lang='lat'><strong>:</strong></span> <span class='ocrx_word' id='word_1_582' title='bbox 748 4378 952 4432; x_wconf 89' lang='lat' dir='ltr'><strong>idcirco</strong></span> <span class='ocrx_word' id='word_1_583' title='bbox 1005 4378 1202 4432; x_wconf 87' lang='lat' dir='ltr'><strong>merito</strong></span> <span class='ocrx_word' id='word_1_584' title='bbox 1253 4376 1508 4432; x_wconf 86' lang='lat' dir='ltr'><strong>omnibus</strong></span> <span class='ocrx_word' id='word_1_585' title='bbox 1560 4375 1880 4441; x_wconf 89' lang='lat' dir='ltr'><strong>denarium,</strong></span> <span class='ocrx_word' id='word_1_586' title='bbox 1957 4373 2106 4443; x_wconf 84' lang='lat' dir='ltr'><strong>regni</strong></span> 
     </span>
    </p>
   </div>
   <div class='ocr_carea' id='block_1_78' title="bbox 529 4464 2106 4541">
    <p class='ocr_par' dir='ltr' id='par_1_78' title="bbox 529 4464 2106 4541">
     <span class='ocr_line' id='line_1_78' title="bbox 529 4464 2106 4541; baseline -0.003 -18"><span class='ocrx_word' id='word_1_587' title='bbox 529 4485 724 4538; x_wconf 83' lang='lat' dir='ltr'><strong>nempe</strong></span> <span class='ocrx_word' id='word_1_588' title='bbox 769 4469 1073 4541; x_wconf 82' lang='lat' dir='ltr'><strong>symbolum</strong></span> <span class='ocrx_word' id='word_1_589' title='bbox 1113 4468 1390 4534; x_wconf 85' lang='lat' dir='ltr'><strong>redditur;</strong></span> <span class='ocrx_word' id='word_1_590' title='bbox 1425 4482 1492 4522; x_wconf 80' lang='lat' dir='ltr'><strong>ex</strong></span> <span class='ocrx_word' id='word_1_591' title='bbox 1542 4467 1738 4536; x_wconf 85' lang='lat' dir='ltr'><strong>quibus</strong></span> <span class='ocrx_word' id='word_1_592' title='bbox 1779 4465 1872 4521; x_wconf 90' lang='lat' dir='ltr'><strong>alii</strong></span> <span class='ocrx_word' id='word_1_593' title='bbox 1924 4465 1978 4520; x_wconf 90' lang='lat' dir='ltr'><strong>in</strong></span> <span class='ocrx_word' id='word_1_594' title='bbox 2013 4464 2106 4534; x_wconf 86' lang='lat' dir='ltr'><strong>ju-</strong></span> 
     </span>
    </p>
   </div>
   <div class='ocr_carea' id='block_1_79' title="bbox 529 4559 2106 4630">
    <p class='ocr_par' dir='ltr' id='par_1_79' title="bbox 529 4559 2106 4630">
     <span class='ocr_line' id='line_1_79' title="bbox 529 4559 2106 4630; baseline -0.003 -15"><span class='ocrx_word' id='word_1_595' title='bbox 529 4571 749 4616; x_wconf 91' lang='lat' dir='ltr'><strong>ventute</strong></span> <span class='ocrx_word' id='word_1_596' title='bbox 779 4561 957 4616; x_wconf 90' lang='lat' dir='ltr'><strong>vocati</strong></span> <span class='ocrx_word' id='word_1_597' title='bbox 988 4569 1146 4628; x_wconf 90' lang='lat' dir='ltr'><strong>sunt,</strong></span> <span class='ocrx_word' id='word_1_598' title='bbox 1187 4560 1277 4614; x_wconf 89' lang='lat' dir='ltr'><strong>alii</strong></span> <span class='ocrx_word' id='word_1_599' title='bbox 1315 4562 1463 4615; x_wconf 87' lang='lat' dir='ltr'><strong>circa</strong></span> <span class='ocrx_word' id='word_1_600' title='bbox 1510 4559 1962 4624; x_wconf 84' lang='lat' dir='ltr'><strong>adolescentiam,</strong></span> <span class='ocrx_word' id='word_1_601' title='bbox 1991 4559 2106 4630; x_wconf 90' lang='lat' dir='ltr'><strong>qui-</strong></span> 
     </span>
    </p>
   </div>
   <div class='ocr_carea' id='block_1_80' title="bbox 530 4651 2104 4722">
    <p class='ocr_par' dir='ltr' id='par_1_80' title="bbox 530 4651 2104 4722">
     <span class='ocr_line' id='line_1_80' title="bbox 530 4651 2104 4722; baseline -0.003 -14"><span class='ocrx_word' id='word_1_602' title='bbox 530 4655 653 4708; x_wconf 88' lang='lat' dir='ltr'><strong>dam</strong></span> <span class='ocrx_word' id='word_1_603' title='bbox 687 4654 832 4710; x_wconf 89' lang='lat' dir='ltr'><strong>circa</strong></span> <span class='ocrx_word' id='word_1_604' title='bbox 876 4653 1112 4708; x_wconf 88' lang='lat' dir='ltr'><strong>medium</strong></span> <span class='ocrx_word' id='word_1_605' title='bbox 1154 4653 1405 4708; x_wconf 67' lang='lat' dir='ltr'><strong>humana:</strong></span> <span class='ocrx_word' id='word_1_606' title='bbox 1432 4652 1556 4706; x_wconf 73' lang='lat' dir='ltr'><strong>vita:</strong></span> <span class='ocrx_word' id='word_1_607' title='bbox 1603 4661 1834 4722; x_wconf 86' lang='lat' dir='ltr'><strong>tempus,</strong></span> <span class='ocrx_word' id='word_1_608' title='bbox 1863 4651 2104 4705; x_wconf 90' lang='lat' dir='ltr'><strong>nonnulli</strong></span> 
     </span>
    </p>
   </div>
   <div class='ocr_carea' id='block_1_81' title="bbox 529 4741 2107 4815">
    <p class='ocr_par' dir='ltr' id='par_1_81' title="bbox 529 4741 2107 4815">
     <span class='ocr_line' id='line_1_81' title="bbox 529 4741 2107 4815; baseline -0.002 -14"><span class='ocrx_word' id='word_1_609' title='bbox 529 4761 659 4802; x_wconf 75' lang='lat' dir='ltr'><strong>vero</strong></span> <span class='ocrx_word' id='word_1_610' title='bbox 696 4748 858 4802; x_wconf 87' lang='lat' dir='ltr'><strong>etiam</strong></span> <span class='ocrx_word' id='word_1_611' title='bbox 885 4754 1168 4815; x_wconf 79' lang='lat' dir='ltr'><strong>pestquam</strong></span> <span class='ocrx_word' id='word_1_612' title='bbox 1186 4745 1253 4799; x_wconf 91' lang='lat' dir='ltr'><strong>ad</strong></span> <span class='ocrx_word' id='word_1_613' title='bbox 1281 4746 1458 4799; x_wconf 84' lang='lat' dir='ltr'><strong>virum</strong></span> <span class='ocrx_word' id='word_1_614' title='bbox 1481 4741 1778 4813; x_wconf 82' lang='lat' dir='ltr'><strong>perfectum</strong></span> <span class='ocrx_word' id='word_1_615' title='bbox 1809 4742 1921 4812; x_wconf 90' lang='lat' dir='ltr'><strong>jam</strong></span> <span class='ocrx_word' id='word_1_616' title='bbox 1946 4751 2107 4814; x_wconf 91' lang='lat' dir='ltr'><strong>atque</strong></span> 
     </span>
    </p>
   </div>
   <div class='ocr_carea' id='block_1_82' title="bbox 533 4844 1463 4905">
    <p class='ocr_par' dir='ltr' id='par_1_82' title="bbox 533 4844 1463 4905">
     <span class='ocr_line' id='line_1_82' title="bbox 533 4844 1463 4905; baseline -0.004 -14"><span class='ocrx_word' id='word_1_617' title='bbox 533 4848 986 4892; x_wconf 87' lang='lat' dir='ltr'><strong>maturescentem</strong></span> <span class='ocrx_word' id='word_1_618' title='bbox 1039 4844 1396 4905; x_wconf 79' lang='lat' dir='ltr'><strong>pervenerant</strong></span> <span class='ocrx_word' id='word_1_619' title='bbox 1449 4852 1463 4887; x_wconf 88' lang='lat'><strong>:</strong></span> 
     </span>
    </p>
   </div>
   <div class='ocr_carea' id='block_1_83' title="bbox 530 4928 1483 4998">
    <p class='ocr_par' dir='ltr' id='par_1_83' title="bbox 530 4928 1483 4998">
     <span class='ocr_line' id='line_1_83' title="bbox 530 4928 1483 4998; baseline -0.002 -17"><span class='ocrx_word' id='word_1_620' title='bbox 530 4945 782 4984; x_wconf 85' lang='lat' dir='ltr'><strong>occasum</strong></span> <span class='ocrx_word' id='word_1_621' title='bbox 812 4928 924 4998; x_wconf 88' lang='lat' dir='ltr'><strong>jam</strong></span> <span class='ocrx_word' id='word_1_622' title='bbox 955 4930 1078 4982; x_wconf 71' lang='lat' dir='ltr'><strong>vita:</strong></span> <span class='ocrx_word' id='word_1_623' title='bbox 1111 4935 1483 4996; x_wconf 84' lang='lat' dir='ltr'><strong>properantes.</strong></span> 
     </span>
    </p>
   </div>
   <div class='ocr_carea' id='block_1_84' title="bbox 605 5018 2099 5087">
    <p class='ocr_par' dir='ltr' id='par_1_84' title="bbox 605 5018 2099 5087">
     <span class='ocr_line' id='line_1_84' title="bbox 605 5018 2099 5087; baseline 0 -14"><span class='ocrx_word' id='word_1_624' title='bbox 605 5019 787 5074; x_wconf 85' lang='lat' dir='ltr'><strong>Possit</strong></span> <span class='ocrx_word' id='word_1_625' title='bbox 829 5031 885 5074; x_wconf 89' lang='lat' dir='ltr'><strong>et</strong></span> <span class='ocrx_word' id='word_1_626' title='bbox 914 5019 1074 5074; x_wconf 85' lang='lat' dir='ltr'><strong>aliter</strong></span> <span class='ocrx_word' id='word_1_627' title='bbox 1106 5018 1228 5087; x_wconf 89' lang='lat' dir='ltr'><strong>quis</strong></span> <span class='ocrx_word' id='word_1_628' title='bbox 1266 5018 1673 5087; x_wconf 88' lang='lat' dir='ltr'><strong>interpretando</strong></span> <span class='ocrx_word' id='word_1_629' title='bbox 1717 5019 1925 5080; x_wconf 85' lang='lat' dir='ltr'><strong>dicere,</strong></span> <span class='ocrx_word' id='word_1_630' title='bbox 1955 5018 2099 5086; x_wconf 91' lang='lat' dir='ltr'><strong>quod</strong></span> 
     </span>
    </p>
   </div>
   <div class='ocr_carea' id='block_1_85' title="bbox 531 5110 2106 5181">
    <p class='ocr_par' dir='ltr' id='par_1_85' title="bbox 531 5110 2106 5181">
     <span class='ocr_line' id='line_1_85' title="bbox 531 5110 2106 5181; baseline 0.001 -19"><span class='ocrx_word' id='word_1_631' title='bbox 531 5127 653 5181; x_wconf 70' lang='lat' dir='ltr'><strong>quae</strong></span> <span class='ocrx_word' id='word_1_632' title='bbox 702 5129 732 5164; x_wconf 84' lang='lat' dir='ltr'><strong>a</strong></span> <span class='ocrx_word' id='word_1_633' title='bbox 776 5112 1033 5180; x_wconf 87' lang='lat' dir='ltr'><strong>parabola</strong></span> <span class='ocrx_word' id='word_1_634' title='bbox 1097 5110 1506 5179; x_wconf 80' lang='lat' dir='ltr'><strong>signiﬁcantur,</strong></span> <span class='ocrx_word' id='word_1_635' title='bbox 1550 5119 1852 5180; x_wconf 86' lang='lat' dir='ltr'><strong>congruant</strong></span> <span class='ocrx_word' id='word_1_636' title='bbox 1905 5111 1972 5165; x_wconf 90' lang='lat' dir='ltr'><strong>iis</strong></span> <span class='ocrx_word' id='word_1_637' title='bbox 2015 5111 2106 5180; x_wconf 91' lang='lat' dir='ltr'><strong>qui</strong></span> 
     </span>
    </p>
   </div>
   <div class='ocr_carea' id='block_1_86' title="bbox 531 5199 2107 5270">
    <p class='ocr_par' dir='ltr' id='par_1_86' title="bbox 531 5199 2107 5270">
     <span class='ocr_line' id='line_1_86' title="bbox 531 5199 2107 5270; baseline -0.002 -16"><span class='ocrx_word' id='word_1_638' title='bbox 531 5203 642 5269; x_wconf 84' lang='lat' dir='ltr'><strong>jam</strong></span> <span class='ocrx_word' id='word_1_639' title='bbox 676 5201 742 5255; x_wconf 90' lang='lat' dir='ltr'><strong>ab</strong></span> <span class='ocrx_word' id='word_1_640' title='bbox 799 5201 912 5269; x_wconf 86' lang='lat' dir='ltr'><strong>ipsa</strong></span> <span class='ocrx_word' id='word_1_641' title='bbox 948 5201 1121 5270; x_wconf 88' lang='lat' dir='ltr'><strong>prima</strong></span> <span class='ocrx_word' id='word_1_642' title='bbox 1169 5200 1293 5254; x_wconf 63' lang='lat' dir='ltr'><strong>vitae</strong></span> <span class='ocrx_word' id='word_1_643' title='bbox 1340 5199 1769 5264; x_wconf 90' lang='lat' dir='ltr'><strong>c0nstitutione,</strong></span> <span class='ocrx_word' id='word_1_644' title='bbox 1821 5213 1994 5268; x_wconf 90' lang='lat' dir='ltr'><strong>usque</strong></span> <span class='ocrx_word' id='word_1_645' title='bbox 2041 5200 2107 5252; x_wconf 86' lang='lat' dir='ltr'><strong>ad</strong></span> 
     </span>
    </p>
   </div>
   <div class='ocr_carea' id='block_1_87' title="bbox 535 5290 2109 5360">
    <p class='ocr_par' dir='ltr' id='par_1_87' title="bbox 535 5290 2109 5360">
     <span class='ocr_line' id='line_1_87' title="bbox 535 5290 2109 5360; baseline -0.001 -14"><span class='ocrx_word' id='word_1_646' title='bbox 535 5295 1061 5347; x_wconf 81' lang='lat' dir='ltr'><strong>consummationem</strong></span> <span class='ocrx_word' id='word_1_647' title='bbox 1087 5290 1276 5345; x_wconf 66' lang='lat' dir='ltr'><strong>saeculi</strong></span> <span class='ocrx_word' id='word_1_648' title='bbox 1313 5291 1460 5360; x_wconf 76' lang='lat' dir='ltr'><strong>digni</strong></span> <span class='ocrx_word' id='word_1_649' title='bbox 1498 5290 1766 5345; x_wconf 86' lang='lat' dir='ltr'><strong>habentur</strong></span> <span class='ocrx_word' id='word_1_650' title='bbox 1795 5290 1978 5344; x_wconf 87' lang='lat' dir='ltr'><strong>divina</strong></span> <span class='ocrx_word' id='word_1_651' title='bbox 2016 5306 2109 5344; x_wconf 88' lang='lat' dir='ltr'><strong>vo-</strong></span> 
     </span>
    </p>
   </div>
   <div class='ocr_carea' id='block_1_88' title="bbox 536 5377 2108 5450">
    <p class='ocr_par' dir='ltr' id='par_1_88' title="bbox 536 5377 2108 5450">
     <span class='ocr_line' id='line_1_88' title="bbox 536 5377 2108 5450; baseline 0.001 -17"><span class='ocrx_word' id='word_1_652' title='bbox 536 5380 777 5434; x_wconf 89' lang='lat' dir='ltr'><strong>catione.</strong></span> <span class='ocrx_word' id='word_1_653' title='bbox 832 5377 1019 5448; x_wconf 85' lang='lat' dir='ltr'><strong>Itaque</strong></span> <span class='ocrx_word' id='word_1_654' title='bbox 1067 5381 1271 5434; x_wconf 80' lang='lat' dir='ltr'><strong>dixerit</strong></span> <span class='ocrx_word' id='word_1_655' title='bbox 1315 5380 1491 5450; x_wconf 89' lang='lat' dir='ltr'><strong>primo</strong></span> <span class='ocrx_word' id='word_1_656' title='bbox 1535 5395 1693 5436; x_wconf 88' lang='lat' dir='ltr'><strong>mane</strong></span> <span class='ocrx_word' id='word_1_657' title='bbox 1736 5380 1906 5435; x_wconf 81' lang='lat' dir='ltr'><strong>fuisse</strong></span> <span class='ocrx_word' id='word_1_658' title='bbox 1949 5396 2108 5435; x_wconf 89' lang='lat' dir='ltr'><strong>voca-</strong></span> 
     </span>
    </p>
   </div>
   <div class='ocr_carea' id='block_1_89' title="bbox 539 5470 2105 5541">
    <p class='ocr_par' dir='ltr' id='par_1_89' title="bbox 539 5470 2105 5541">
     <span class='ocr_line' id='line_1_89' title="bbox 539 5470 2105 5541; baseline 0.003 -19"><span class='ocrx_word' id='word_1_659' title='bbox 539 5479 621 5525; x_wconf 88' lang='lat' dir='ltr'><strong>tos</strong></span> <span class='ocrx_word' id='word_1_660' title='bbox 653 5472 720 5525; x_wconf 83' lang='lat' dir='ltr'><strong>ad</strong></span> <span class='ocrx_word' id='word_1_661' title='bbox 753 5470 1110 5525; x_wconf 77' lang='lat' dir='ltr'><strong>excolendum</strong></span> <span class='ocrx_word' id='word_1_662' title='bbox 1149 5471 1244 5527; x_wconf 86' lang='lat' dir='ltr'><strong>Dci</strong></span> <span class='ocrx_word' id='word_1_663' title='bbox 1292 5472 1531 5536; x_wconf 90' lang='lat' dir='ltr'><strong>cultum,</strong></span> <span class='ocrx_word' id='word_1_664' title='bbox 1577 5482 1841 5541; x_wconf 90' lang='lat' dir='ltr'><strong>quotquot</strong></span> <span class='ocrx_word' id='word_1_665' title='bbox 1882 5474 1950 5528; x_wconf 85' lang='lat' dir='ltr'><strong>ab</strong></span> <span class='ocrx_word' id='word_1_666' title='bbox 1993 5475 2105 5527; x_wconf 91' lang='lat' dir='ltr'><strong>ori-</strong></span> 
     </span>
    </p>
   </div>
   <div class='ocr_carea' id='block_1_90' title="bbox 612 5585 1675 5652">
    <p class='ocr_par' dir='ltr' id='par_1_90' title="bbox 612 5585 1675 5652">
     <span class='ocr_line' id='line_1_90' title="bbox 612 5585 1675 5652; baseline 0.004 -14"><span class='ocrx_word' id='word_1_667' title='bbox 612 5587 654 5618; x_wconf 80' lang='lat'>&quot;</span> <span class='ocrx_word' id='word_1_668' title='bbox 695 5585 867 5640; x_wconf 88' lang='lat' dir='ltr'><strong>lCor.</strong></span> <span class='ocrx_word' id='word_1_669' title='bbox 895 5601 948 5651; x_wconf 71' lang='grc' dir='ltr'>χ,</span> <span class='ocrx_word' id='word_1_670' title='bbox 998 5586 1083 5639; x_wconf 89' lang='lat' dir='ltr'><strong>l7.</strong></span> <span class='ocrx_word' id='word_1_671' title='bbox 1160 5587 1204 5616; x_wconf 76' lang='grc' dir='ltr'><strong>ὀ</strong></span> <span class='ocrx_word' id='word_1_672' title='bbox 1245 5585 1400 5641; x_wconf 83' lang='lat' dir='ltr'><strong>Joan.</strong></span> <span class='ocrx_word' id='word_1_673' title='bbox 1448 5602 1536 5652; x_wconf 74' lang='lat' dir='ltr'><strong>vr,</strong></span> <span class='ocrx_word' id='word_1_674' title='bbox 1583 5587 1675 5642; x_wconf 82' lang='grc'><strong>41.</strong></span> 
     </span>
    </p>
   </div>
   <div class='ocr_carea' id='block_1_91' title="bbox 604 5678 1074 5748">
    <p class='ocr_par' dir='ltr' id='par_1_91' title="bbox 604 5678 1074 5748">
     <span class='ocr_line' id='line_1_91' title="bbox 604 5678 1074 5748; baseline 0.002 -18"><span class='ocrx_word' id='word_1_675' title='bbox 604 5679 681 5748; x_wconf 77' lang='grc'><strong>(5)</strong></span> <span class='ocrx_word' id='word_1_676' title='bbox 717 5679 877 5733; x_wconf 86' lang='lat' dir='ltr'><strong>Forte</strong></span> <span class='ocrx_word' id='word_1_677' title='bbox 915 5678 1074 5731; x_wconf 73' lang='grc' dir='ltr'>οὕτω.</span> 
     </span>
    </p>
   </div>
   <div class='ocr_carea' id='block_1_92' title="bbox 607 5748 1606 5820">
    <p class='ocr_par' dir='ltr' id='par_1_92' title="bbox 607 5748 1606 5820">
     <span class='ocr_line' id='line_1_92' title="bbox 607 5748 1606 5820; baseline 0.004 -18"><span class='ocrx_word' id='word_1_678' title='bbox 607 5755 685 5818; x_wconf 74' lang='lat' dir='ltr'><strong>(ti)</strong></span> <span class='ocrx_word' id='word_1_679' title='bbox 716 5749 955 5814; x_wconf 63' lang='lat' dir='ltr'><strong>Maximi,</strong></span> <span class='ocrx_word' id='word_1_680' title='bbox 1002 5749 1232 5818; x_wconf 77' lang='lat' dir='ltr'><strong>Eusebii,</strong></span> <span class='ocrx_word' id='word_1_681' title='bbox 1256 5759 1308 5806; x_wconf 87' lang='lat' dir='ltr'><strong>et</strong></span> <span class='ocrx_word' id='word_1_682' title='bbox 1335 5748 1606 5820; x_wconf 79' lang='lat' dir='ltr'><strong>Origenis.</strong></span> 
     </span>
    </p>
   </div>
   <div class='ocr_carea' id='block_1_93' title="bbox 2210 3276 3792 3347">
    <p class='ocr_par' dir='ltr' id='par_1_93' title="bbox 2210 3276 3792 3347">
     <span class='ocr_line' id='line_1_93' title="bbox 2210 3276 3792 3347; baseline -0.001 -17"><span class='ocrx_word' id='word_1_683' title='bbox 2210 3276 2276 3330; x_wconf 83' lang='grc' dir='ltr'><strong>τὰ</strong></span> <span class='ocrx_word' id='word_1_684' title='bbox 2303 3276 2660 3331; x_wconf 81' lang='grc' dir='ltr'>ἐπιϐάλλοντα</span> <span class='ocrx_word' id='word_1_685' title='bbox 2687 3277 3012 3347; x_wconf 88' lang='grc' dir='ltr'>πεποιηκόσι</span> <span class='ocrx_word' id='word_1_686' title='bbox 3044 3277 3244 3330; x_wconf 87' lang='grc' dir='ltr'>δίδοται</span> <span class='ocrx_word' id='word_1_687' title='bbox 3276 3278 3306 3330; x_wconf 87' lang='grc' dir='ltr'><strong>ό</strong></span> <span class='ocrx_word' id='word_1_688' title='bbox 3337 3277 3451 3340; x_wconf 86' lang='grc' dir='ltr'>ῐσος</span> <span class='ocrx_word' id='word_1_689' title='bbox 3489 3279 3586 3346; x_wconf 83' lang='grc' dir='ltr'>τῆς</span> <span class='ocrx_word' id='word_1_690' title='bbox 3613 3293 3792 3347; x_wconf 88' lang='grc' dir='ltr'>σωτη-</span> 
     </span>
    </p>
   </div>
   <div class='ocr_carea' id='block_1_94' title="bbox 2211 3367 3798 3442">
    <p class='ocr_par' dir='ltr' id='par_1_94' title="bbox 2211 3367 3798 3442">
     <span class='ocr_line' id='line_1_94' title="bbox 2211 3367 3798 3442; baseline 0 -18"><span class='ocrx_word' id='word_1_691' title='bbox 2211 3371 2334 3442; x_wconf 90' lang='grc' dir='ltr'>ρίας</span> <span class='ocrx_word' id='word_1_692' title='bbox 2365 3369 2560 3441; x_wconf 86' lang='grc' dir='ltr'>μισθός</span> <span class='ocrx_word' id='word_1_693' title='bbox 2583 3387 2594 3399; x_wconf 79' lang='lat'><strong><em>°</em></strong></span> <span class='ocrx_word' id='word_1_694' title='bbox 2633 3369 2706 3439; x_wconf 86' lang='lat'><strong>(6)</strong></span> <span class='ocrx_word' id='word_1_695' title='bbox 2736 3370 2796 3422; x_wconf 81' lang='grc' dir='ltr'><strong>τὸ</strong></span> <span class='ocrx_word' id='word_1_696' title='bbox 2826 3369 3052 3423; x_wconf 84' lang='grc' dir='ltr'>συλαθὲν</span> <span class='ocrx_word' id='word_1_697' title='bbox 3091 3367 3211 3422; x_wconf 82' lang='grc' dir='ltr'>κατ’</span> <span class='ocrx_word' id='word_1_698' title='bbox 3248 3368 3421 3441; x_wconf 79' lang='grc' dir='ltr'>ἀρχὰς</span> <span class='ocrx_word' id='word_1_699' title='bbox 3449 3368 3554 3422; x_wconf 79' lang='grc' dir='ltr'><strong>ὑπὸ</strong></span> <span class='ocrx_word' id='word_1_700' title='bbox 3575 3368 3669 3422; x_wconf 83' lang='grc' dir='ltr'><strong>τοῦ</strong></span> <span class='ocrx_word' id='word_1_701' title='bbox 3699 3387 3798 3425; x_wconf 87' lang='grc' dir='ltr'><strong>πο-</strong></span> 
     </span>
    </p>
   </div>
   <div class='ocr_carea' id='block_1_95' title="bbox 2207 3461 3797 3535">
    <p class='ocr_par' dir='ltr' id='par_1_95' title="bbox 2207 3461 3797 3535">
     <span class='ocr_line' id='line_1_95' title="bbox 2207 3461 3797 3535; baseline 0 -19"><span class='ocrx_word' id='word_1_702' title='bbox 2207 3461 2375 3535; x_wconf 88' lang='grc' dir='ltr'>νηροῦ</span> <span class='ocrx_word' id='word_1_703' title='bbox 2420 3462 2484 3515; x_wconf 86' lang='grc' dir='ltr'>δι’</span> <span class='ocrx_word' id='word_1_704' title='bbox 2524 3463 2739 3533; x_wconf 84' lang='grc' dir='ltr'>ἀπάτης</span> <span class='ocrx_word' id='word_1_705' title='bbox 2781 3461 2921 3515; x_wconf 87' lang='grc' dir='ltr'><strong>κατά</strong></span> <span class='ocrx_word' id='word_1_706' title='bbox 2958 3462 3056 3525; x_wconf 75' lang='grc' dir='ltr'><strong>τὴν</strong></span> <span class='ocrx_word' id='word_1_707' title='bbox 3092 3463 3192 3533; x_wconf 83' lang='grc' dir='ltr'><strong>τῆς</strong></span> <span class='ocrx_word' id='word_1_708' title='bbox 3231 3462 3450 3533; x_wconf 81' lang='grc' dir='ltr'>ἐντολῆς</span> <span class='ocrx_word' id='word_1_709' title='bbox 3480 3461 3797 3534; x_wconf 85' lang='grc' dir='ltr'>παράϐασιν</span> 
     </span>
    </p>
   </div>
   <div class='ocr_carea' id='block_1_96' title="bbox 2208 3553 3796 3627">
    <p class='ocr_par' dir='ltr' id='par_1_96' title="bbox 2208 3553 3796 3627">
     <span class='ocr_line' id='line_1_96' title="bbox 2208 3553 3796 3627; baseline -0.002 -18"><span class='ocrx_word' id='word_1_710' title='bbox 2208 3555 2335 3622; x_wconf 72' lang='grc' dir='ltr'>πνὶξ</span> <span class='ocrx_word' id='word_1_711' title='bbox 2376 3556 2452 3627; x_wconf 82' lang='grc'><strong>(7)</strong></span> <span class='ocrx_word' id='word_1_712' title='bbox 2486 3555 2584 3626; x_wconf 77' lang='grc' dir='ltr'><strong>τῆς</strong></span> <span class='ocrx_word' id='word_1_713' title='bbox 2628 3554 2778 3618; x_wconf 87' lang='grc' dir='ltr'>Θείας</span> <span class='ocrx_word' id='word_1_714' title='bbox 2819 3553 2915 3606; x_wconf 88' lang='lat' dir='ltr'><strong>xui</strong></span> <span class='ocrx_word' id='word_1_715' title='bbox 2959 3553 3388 3624; x_wconf 84' lang='grc' dir='ltr'>βασιλικωτάτης</span> <span class='ocrx_word' id='word_1_716' title='bbox 3439 3553 3649 3617; x_wconf 77' lang='grc' dir='ltr'>εἰκόνος</span> <span class='ocrx_word' id='word_1_717' title='bbox 3701 3553 3796 3615; x_wconf 78' lang='grc' dir='ltr'>δη-</span> 
     </span>
    </p>
   </div>
   <div class='ocr_carea' id='block_1_97' title="bbox 2209 3641 3795 3722">
    <p class='ocr_par' dir='ltr' id='par_1_97' title="bbox 2209 3641 3795 3722">
     <span class='ocr_line' id='line_1_97' title="bbox 2209 3641 3795 3722; baseline -0.001 -18"><span class='ocrx_word' id='word_1_718' title='bbox 2209 3648 2414 3722; x_wconf 82' lang='grc' dir='ltr'>νάριον,</span> <span class='ocrx_word' id='word_1_719' title='bbox 2445 3647 2512 3701; x_wconf 79' lang='grc' dir='ltr'>δι’</span> <span class='ocrx_word' id='word_1_720' title='bbox 2554 3641 2614 3702; x_wconf 77' lang='grc' dir='ltr'>οὗ</span> <span class='ocrx_word' id='word_1_721' title='bbox 2645 3647 2793 3700; x_wconf 90' lang='grc' dir='ltr'>δοκεῖ</span> <span class='ocrx_word' id='word_1_722' title='bbox 2824 3664 2914 3717; x_wconf 90' lang='grc' dir='ltr'><strong>μοι</strong></span> <span class='ocrx_word' id='word_1_723' title='bbox 2953 3646 3015 3699; x_wconf 84' lang='grc' dir='ltr'><strong>τὸ</strong></span> <span class='ocrx_word' id='word_1_724' title='bbox 3055 3646 3342 3718; x_wconf 86' lang='grc' dir='ltr'>γνώρισμα</span> <span class='ocrx_word' id='word_1_725' title='bbox 3374 3646 3471 3717; x_wconf 80' lang='grc' dir='ltr'>τῆς</span> <span class='ocrx_word' id='word_1_726' title='bbox 3515 3645 3795 3716; x_wconf 75' lang='grc' dir='ltr'>βασιλείας</span> 
     </span>
    </p>
   </div>
   <div class='ocr_carea' id='block_1_98' title="bbox 2209 3737 3792 3812">
    <p class='ocr_par' dir='ltr' id='par_1_98' title="bbox 2209 3737 3792 3812">
     <span class='ocr_line' id='line_1_98' title="bbox 2209 3737 3792 3812; baseline -0.001 -18"><span class='ocrx_word' id='word_1_727' title='bbox 2209 3740 2376 3812; x_wconf 85' lang='grc' dir='ltr'>αύτῆς</span> <span class='ocrx_word' id='word_1_728' title='bbox 2418 3741 2756 3810; x_wconf 78' lang='grc' dir='ltr'>ὑποφαίνειν,</span> <span class='ocrx_word' id='word_1_729' title='bbox 2787 3741 2870 3793; x_wconf 83' lang='grc' dir='ltr'>ὅτι</span> <span class='ocrx_word' id='word_1_730' title='bbox 2914 3737 3176 3809; x_wconf 83' lang='grc' dir='ltr'>βασιλέως</span> <span class='ocrx_word' id='word_1_731' title='bbox 3214 3739 3665 3810; x_wconf 85' lang='grc' dir='ltr'>ἐντετυπωμένην</span> <span class='ocrx_word' id='word_1_732' title='bbox 3710 3741 3792 3792; x_wconf 83' lang='grc' dir='ltr'><strong>εἰ-</strong></span> 
     </span>
    </p>
   </div>
   <div class='ocr_carea' id='block_1_99' title="bbox 2211 3831 3792 3904">
    <p class='ocr_par' dir='ltr' id='par_1_99' title="bbox 2211 3831 3792 3904">
     <span class='ocr_line' id='line_1_99' title="bbox 2211 3831 3792 3904; baseline -0.001 -18"><span class='ocrx_word' id='word_1_733' title='bbox 2211 3834 2344 3887; x_wconf 87' lang='grc' dir='ltr'>κόνα</span> <span class='ocrx_word' id='word_1_734' title='bbox 2380 3832 2474 3886; x_wconf 88' lang='grc' dir='ltr'><strong>τοῦ</strong></span> <span class='ocrx_word' id='word_1_735' title='bbox 2524 3833 2783 3904; x_wconf 84' lang='grc' dir='ltr'>δηναρίου</span> <span class='ocrx_word' id='word_1_736' title='bbox 2825 3831 2886 3884; x_wconf 87' lang='grc' dir='ltr'>τὺ</span> <span class='ocrx_word' id='word_1_737' title='bbox 2926 3833 3188 3902; x_wconf 85' lang='grc' dir='ltr'>χάραγμα</span> <span class='ocrx_word' id='word_1_738' title='bbox 3233 3831 3508 3902; x_wconf 88' lang='grc' dir='ltr'>σημαίνει.</span> <span class='ocrx_word' id='word_1_739' title='bbox 3573 3832 3792 3904; x_wconf 86' lang='grc' dir='ltr'>Ἐπειδὴ</span> 
     </span>
    </p>
   </div>
   <div class='ocr_carea' id='block_1_100' title="bbox 2209 3924 3796 3996">
    <p class='ocr_par' dir='ltr' id='par_1_100' title="bbox 2209 3924 3796 3996">
     <span class='ocr_line' id='line_1_100' title="bbox 2209 3924 3796 3996; baseline 0.001 -18"><span class='ocrx_word' id='word_1_740' title='bbox 2209 3926 2385 3978; x_wconf 88' lang='grc' dir='ltr'>τοίνυν</span> <span class='ocrx_word' id='word_1_741' title='bbox 2433 3925 2640 3988; x_wconf 85' lang='grc' dir='ltr'>πάντας</span> <span class='ocrx_word' id='word_1_742' title='bbox 2678 3926 2805 3988; x_wconf 79' lang='grc' dir='ltr'>τοὺς</span> <span class='ocrx_word' id='word_1_743' title='bbox 2849 3924 2942 3977; x_wconf 73' lang='grc' dir='ltr'>ἐπὶ</span> <span class='ocrx_word' id='word_1_744' title='bbox 2980 3924 3072 3978; x_wconf 80' lang='grc' dir='ltr'><strong>τὸν</strong></span> <span class='ocrx_word' id='word_1_745' title='bbox 3099 3924 3416 3996; x_wconf 82' lang='grc' dir='ltr'>ἀμπελῶνα,</span> <span class='ocrx_word' id='word_1_746' title='bbox 3455 3925 3552 3980; x_wconf 86' lang='lat' dir='ltr'><strong>xui</strong></span> <span class='ocrx_word' id='word_1_747' title='bbox 3593 3925 3653 3979; x_wconf 86' lang='grc' dir='ltr'><strong>τὸ</strong></span> <span class='ocrx_word' id='word_1_748' title='bbox 3691 3925 3796 3996; x_wconf 79' lang='grc' dir='ltr'>τῆς</span> 
     </span>
    </p>
   </div>
   <div class='ocr_carea' id='block_1_101' title="bbox 2211 4014 3794 4089">
    <p class='ocr_par' dir='ltr' id='par_1_101' title="bbox 2211 4014 3794 4089">
     <span class='ocr_line' id='line_1_101' title="bbox 2211 4014 3794 4089; baseline 0.002 -21"><span class='ocrx_word' id='word_1_749' title='bbox 2211 4014 2519 4079; x_wconf 87' lang='grc' dir='ltr'>θεοσεϐείας</span> <span class='ocrx_word' id='word_1_750' title='bbox 2550 4015 2854 4086; x_wconf 83' lang='grc' dir='ltr'>πολίτευμα</span> <span class='ocrx_word' id='word_1_751' title='bbox 2893 4015 3285 4088; x_wconf 85' lang='grc' dir='ltr'>παρελθόντας,</span> <span class='ocrx_word' id='word_1_752' title='bbox 3323 4019 3453 4087; x_wconf 79' lang='grc' dir='ltr'>μιᾶς</span> <span class='ocrx_word' id='word_1_753' title='bbox 3483 4035 3541 4070; x_wconf 87' lang='grc' dir='ltr'><strong>τε</strong></span> <span class='ocrx_word' id='word_1_754' title='bbox 3571 4018 3665 4071; x_wconf 81' lang='grc' dir='ltr'><strong>καὶ</strong></span> <span class='ocrx_word' id='word_1_755' title='bbox 3691 4017 3794 4089; x_wconf 84' lang='grc' dir='ltr'><strong>τῆς</strong></span> 
     </span>
    </p>
   </div>
   <div class='ocr_carea' id='block_1_102' title="bbox 2210 4106 3796 4180">
    <p class='ocr_par' dir='ltr' id='par_1_102' title="bbox 2210 4106 3796 4180">
     <span class='ocr_line' id='line_1_102' title="bbox 2210 4106 3796 4180; baseline 0.003 -21"><span class='ocrx_word' id='word_1_756' title='bbox 2210 4107 2379 4177; x_wconf 77' lang='grc' dir='ltr'>αὐτῆς</span> <span class='ocrx_word' id='word_1_757' title='bbox 2440 4107 2702 4178; x_wconf 85' lang='grc' dir='ltr'>ἐργασίας</span> <span class='ocrx_word' id='word_1_758' title='bbox 2750 4106 3079 4178; x_wconf 78' lang='grc' dir='ltr'>ἁψαμένους,</span> <span class='ocrx_word' id='word_1_759' title='bbox 3137 4107 3240 4178; x_wconf 78' lang='grc' dir='ltr'>τῆς</span> <span class='ocrx_word' id='word_1_760' title='bbox 3301 4108 3470 4179; x_wconf 85' lang='grc' dir='ltr'>αὐτῆς</span> <span class='ocrx_word' id='word_1_761' title='bbox 3517 4108 3796 4180; x_wconf 84' lang='grc' dir='ltr'>βασιλείας</span> 
     </span>
    </p>
   </div>
   <div class='ocr_carea' id='block_1_103' title="bbox 2213 4191 3793 4268">
    <p class='ocr_par' dir='ltr' id='par_1_103' title="bbox 2213 4191 3793 4268">
     <span class='ocr_line' id='line_1_103' title="bbox 2213 4191 3793 4268; baseline 0.002 -19"><span class='ocrx_word' id='word_1_762' title='bbox 2213 4198 2500 4266; x_wconf 83' lang='grc' dir='ltr'>μετασχεῖν</span> <span class='ocrx_word' id='word_1_763' title='bbox 2529 4191 2597 4267; x_wconf 79' lang='grc' dir='ltr'>ἦν</span> <span class='ocrx_word' id='word_1_764' title='bbox 2624 4196 2832 4249; x_wconf 90' lang='grc' dir='ltr'>δίκαιον</span> <span class='ocrx_word' id='word_1_765' title='bbox 2854 4195 3070 4250; x_wconf 80' lang='grc' dir='ltr'>’τούτου</span> <span class='ocrx_word' id='word_1_766' title='bbox 3099 4197 3256 4268; x_wconf 83' lang='grc' dir='ltr'>χάριν</span> <span class='ocrx_word' id='word_1_767' title='bbox 3272 4197 3496 4260; x_wconf 77' lang='grc' dir='ltr'>εἰκότως</span> <span class='ocrx_word' id='word_1_768' title='bbox 3510 4201 3622 4263; x_wconf 87' lang='grc' dir='ltr'>τοῖς</span> <span class='ocrx_word' id='word_1_769' title='bbox 3655 4201 3793 4252; x_wconf 77' lang='grc' dir='ltr'>πᾶσι</span> 
     </span>
    </p>
   </div>
   <div class='ocr_carea' id='block_1_104' title="bbox 2207 4283 3792 4358">
    <p class='ocr_par' dir='ltr' id='par_1_104' title="bbox 2207 4283 3792 4358">
     <span class='ocr_line' id='line_1_104' title="bbox 2207 4283 3792 4358; baseline 0.004 -20"><span class='ocrx_word' id='word_1_770' title='bbox 2207 4287 2307 4358; x_wconf 82' lang='grc' dir='ltr'><strong>τῆς</strong></span> <span class='ocrx_word' id='word_1_771' title='bbox 2323 4285 2608 4349; x_wconf 86' lang='grc' dir='ltr'>Βασιλείας</span> <span class='ocrx_word' id='word_1_772' title='bbox 2623 4286 2684 4339; x_wconf 85' lang='grc' dir='ltr'><strong>τὸ</strong></span> <span class='ocrx_word' id='word_1_773' title='bbox 2707 4286 2973 4356; x_wconf 90' lang='grc' dir='ltr'>σύμϐολον</span> <span class='ocrx_word' id='word_1_774' title='bbox 2993 4286 3054 4338; x_wconf 83' lang='grc' dir='ltr'>τὸ</span> <span class='ocrx_word' id='word_1_775' title='bbox 3081 4287 3333 4358; x_wconf 89' lang='grc' dir='ltr'>δηνάριον</span> <span class='ocrx_word' id='word_1_776' title='bbox 3355 4288 3664 4343; x_wconf 86' lang='grc' dir='ltr'>ἀποδίδοται</span> <span class='ocrx_word' id='word_1_777' title='bbox 3686 4305 3699 4320; x_wconf 73' lang='grc'><strong><em>⁸</em></strong></span> <span class='ocrx_word' id='word_1_778' title='bbox 3717 4283 3792 4344; x_wconf 86' lang='grc' dir='ltr'>ὧν</span> 
     </span>
    </p>
   </div>
   <div class='ocr_carea' id='block_1_105' title="bbox 2208 4377 3794 4450">
    <p class='ocr_par' dir='ltr' id='par_1_105' title="bbox 2208 4377 3794 4450">
     <span class='ocr_line' id='line_1_105' title="bbox 2208 4377 3794 4450; baseline 0.002 -21"><span class='ocrx_word' id='word_1_779' title='bbox 2208 4377 2256 4429; x_wconf 83' lang='grc' dir='ltr'>οἱ</span> <span class='ocrx_word' id='word_1_780' title='bbox 2283 4378 2380 4446; x_wconf 84' lang='grc' dir='ltr'><strong>μὲν</strong></span> <span class='ocrx_word' id='word_1_781' title='bbox 2404 4379 2462 4430; x_wconf 90' lang='grc' dir='ltr'><strong>ἐν</strong></span> <span class='ocrx_word' id='word_1_782' title='bbox 2497 4377 2710 4445; x_wconf 80' lang='grc' dir='ltr'>νεότητι</span> <span class='ocrx_word' id='word_1_783' title='bbox 2735 4377 3059 4447; x_wconf 86' lang='grc' dir='ltr'>ἐκλήθησαν,</span> <span class='ocrx_word' id='word_1_784' title='bbox 3088 4378 3136 4429; x_wconf 79' lang='grc' dir='ltr'>οἱ</span> <span class='ocrx_word' id='word_1_785' title='bbox 3163 4377 3218 4430; x_wconf 88' lang='grc' dir='ltr'><strong>δέ</strong></span> <span class='ocrx_word' id='word_1_786' title='bbox 3247 4377 3390 4447; x_wconf 59' lang='grc' dir='ltr'><strong>ἀμφὶ⁵</strong></span> <span class='ocrx_word' id='word_1_787' title='bbox 3414 4379 3512 4450; x_wconf 88' lang='grc' dir='ltr'><strong>τὴν</strong></span> <span class='ocrx_word' id='word_1_788' title='bbox 3545 4378 3639 4431; x_wconf 90' lang='grc' dir='ltr'><strong>τοῦ</strong></span> <span class='ocrx_word' id='word_1_789' title='bbox 3668 4396 3794 4433; x_wconf 88' lang='grc' dir='ltr'>νεα-</span> 
     </span>
    </p>
   </div>
   <div class='ocr_carea' id='block_1_106' title="bbox 2210 4469 3796 4543">
    <p class='ocr_par' dir='ltr' id='par_1_106' title="bbox 2210 4469 3796 4543">
     <span class='ocr_line' id='line_1_106' title="bbox 2210 4469 3796 4543; baseline 0.001 -21"><span class='ocrx_word' id='word_1_790' title='bbox 2210 4469 2322 4522; x_wconf 90' lang='grc' dir='ltr'>νίου</span> <span class='ocrx_word' id='word_1_791' title='bbox 2375 4469 2608 4540; x_wconf 75' lang='grc' dir='ltr'>ἡλικίαν,</span> <span class='ocrx_word' id='word_1_792' title='bbox 2639 4471 2686 4522; x_wconf 81' lang='lat' dir='ltr'><strong>oi</strong></span> <span class='ocrx_word' id='word_1_793' title='bbox 2716 4470 2771 4522; x_wconf 84' lang='grc' dir='ltr'>δὲ</span> <span class='ocrx_word' id='word_1_794' title='bbox 2800 4470 2926 4540; x_wconf 70' lang='grc' dir='ltr'>περὶ</span> <span class='ocrx_word' id='word_1_795' title='bbox 2941 4469 3032 4522; x_wconf 84' lang='grc' dir='ltr'><strong>τὸν</strong></span> <span class='ocrx_word' id='word_1_796' title='bbox 3052 4469 3213 4540; x_wconf 85' lang='grc' dir='ltr'>μέσον</span> <span class='ocrx_word' id='word_1_797' title='bbox 3229 4469 3324 4521; x_wconf 82' lang='grc' dir='ltr'><strong>τοῦ</strong></span> <span class='ocrx_word' id='word_1_798' title='bbox 3341 4469 3629 4540; x_wconf 86' lang='grc' dir='ltr'>ἀνθρώπου</span> <span class='ocrx_word' id='word_1_799' title='bbox 3648 4469 3796 4543; x_wconf 76' lang='grc' dir='ltr'><strong>ζωῆς</strong></span> 
     </span>
    </p>
   </div>
   <div class='ocr_carea' id='block_1_107' title="bbox 2210 4559 3798 4631">
    <p class='ocr_par' dir='ltr' id='par_1_107' title="bbox 2210 4559 3798 4631">
     <span class='ocr_line' id='line_1_107' title="bbox 2210 4559 3798 4631; baseline 0 -19"><span class='ocrx_word' id='word_1_800' title='bbox 2210 4559 2421 4631; x_wconf 88' lang='grc' dir='ltr'>χρόνον,</span> <span class='ocrx_word' id='word_1_801' title='bbox 2449 4560 2498 4612; x_wconf 82' lang='grc' dir='ltr'>οἱ</span> <span class='ocrx_word' id='word_1_802' title='bbox 2538 4560 2596 4612; x_wconf 87' lang='grc' dir='ltr'>δὲ</span> <span class='ocrx_word' id='word_1_803' title='bbox 2627 4559 2724 4611; x_wconf 68' lang='grc' dir='ltr'>’τὸν</span> <span class='ocrx_word' id='word_1_804' title='bbox 2765 4559 2931 4630; x_wconf 81' lang='grc' dir='ltr'>ἄνδρα</span> <span class='ocrx_word' id='word_1_805' title='bbox 2971 4559 3174 4612; x_wconf 87' lang='grc' dir='ltr'>τέλειον</span> <span class='ocrx_word' id='word_1_806' title='bbox 3208 4559 3305 4630; x_wconf 67' lang='grc' dir='ltr'><strong>ἤδη</strong></span> <span class='ocrx_word' id='word_1_807' title='bbox 3349 4561 3443 4613; x_wconf 76' lang='grc' dir='ltr'><strong>καὶ</strong></span> <span class='ocrx_word' id='word_1_808' title='bbox 3488 4560 3798 4631; x_wconf 83' lang='grc' dir='ltr'>ὑπερϐεϐη-</span> 
     </span>
    </p>
   </div>
   <div class='ocr_carea' id='block_1_108' title="bbox 2211 4649 3797 4722">
    <p class='ocr_par' dir='ltr' id='par_1_108' title="bbox 2211 4649 3797 4722">
     <span class='ocr_line' id='line_1_108' title="bbox 2211 4649 3797 4722; baseline 0 -17"><span class='ocrx_word' id='word_1_809' title='bbox 2211 4652 2344 4706; x_wconf 90' lang='grc' dir='ltr'>κότα</span> <span class='ocrx_word' id='word_1_810' title='bbox 2378 4650 2757 4722; x_wconf 83' lang='grc' dir='ltr'>ἀνειληφότες·</span> <span class='ocrx_word' id='word_1_811' title='bbox 2800 4652 2848 4703; x_wconf 85' lang='grc' dir='ltr'><strong>οἱ</strong></span> <span class='ocrx_word' id='word_1_812' title='bbox 2877 4649 2933 4703; x_wconf 84' lang='grc' dir='ltr'>δὲ</span> <span class='ocrx_word' id='word_1_813' title='bbox 2980 4651 3118 4704; x_wconf 86' lang='grc' dir='ltr'><strong>κατά</strong></span> <span class='ocrx_word' id='word_1_814' title='bbox 3153 4651 3243 4703; x_wconf 85' lang='grc' dir='ltr'><strong>τὸν</strong></span> <span class='ocrx_word' id='word_1_815' title='bbox 3283 4649 3596 4722; x_wconf 88' lang='grc' dir='ltr'>πρεσϐύτην</span> <span class='ocrx_word' id='word_1_816' title='bbox 3631 4652 3797 4705; x_wconf 74' lang='grc' dir='ltr'>αὐτὸν</span> 
     </span>
    </p>
   </div>
   <div class='ocr_carea' id='block_1_109' title="bbox 2211 4742 3746 4816">
    <p class='ocr_par' dir='ltr' id='par_1_109' title="bbox 2211 4742 3746 4816">
     <span class='ocr_line' id='line_1_109' title="bbox 2211 4742 3746 4816; baseline -0.001 -18"><span class='ocrx_word' id='word_1_817' title='bbox 2211 4743 2468 4816; x_wconf 85' lang='grc' dir='ltr'>γηραλέοι</span> <span class='ocrx_word' id='word_1_818' title='bbox 2495 4744 2700 4806; x_wconf 84' lang='grc' dir='ltr'>λοιπὸν,</span> <span class='ocrx_word' id='word_1_819' title='bbox 2732 4743 2826 4798; x_wconf 77' lang='grc' dir='ltr'><strong>καὶ</strong></span> <span class='ocrx_word' id='word_1_820' title='bbox 2851 4744 2979 4815; x_wconf 81' lang='grc' dir='ltr'>περὶ</span> <span class='ocrx_word' id='word_1_821' title='bbox 3005 4742 3215 4814; x_wconf 88' lang='grc' dir='ltr'>δυσμὰς</span> <span class='ocrx_word' id='word_1_822' title='bbox 3244 4742 3458 4814; x_wconf 82' lang='grc' dir='ltr'>ἔχοντες</span> <span class='ocrx_word' id='word_1_823' title='bbox 3481 4744 3572 4797; x_wconf 89' lang='grc' dir='ltr'><strong>τοῦ</strong></span> <span class='ocrx_word' id='word_1_824' title='bbox 3605 4744 3746 4815; x_wconf 84' lang='grc' dir='ltr'>βίου.</span> 
     </span>
    </p>
   </div>
   <div class='ocr_carea' id='block_1_110' title="bbox 1523 4833 3795 4907">
    <p class='ocr_par' dir='ltr' id='par_1_110' title="bbox 1523 4833 3795 4907">
     <span class='ocr_line' id='line_1_110' title="bbox 1523 4833 3795 4907; baseline 0.002 -20"><span class='ocrx_word' id='word_1_825' title='bbox 1523 4842 1799 4904; x_wconf 86' lang='lat' dir='ltr'><strong>postremo</strong></span> <span class='ocrx_word' id='word_1_826' title='bbox 1865 4833 2081 4902; x_wconf 83' lang='lat' dir='ltr'><strong>quidam</strong></span> <span class='ocrx_word' id='word_1_827' title='bbox 2128 4834 2270 4891; x_wconf 80' lang='lat' dir='ltr'><strong>circa</strong></span> <span class='ocrx_word' id='word_1_828' title='bbox 2314 4836 2543 4891; x_wconf 82' lang='lat' dir='ltr'><strong>senilem</strong></span> <span class='ocrx_word' id='word_1_829' title='bbox 2623 4846 2874 4902; x_wconf 62' lang='lat' dir='ltr'><strong>atatem,</strong></span> <span class='ocrx_word' id='word_1_830' title='bbox 2938 4835 3162 4905; x_wconf 66' lang='lat' dir='ltr'><strong>longaevi</strong></span> <span class='ocrx_word' id='word_1_831' title='bbox 3208 4836 3562 4907; x_wconf 64' lang='lat' dir='ltr'><strong>cmteroquin,</strong></span> <span class='ocrx_word' id='word_1_832' title='bbox 3605 4849 3662 4892; x_wconf 90' lang='lat' dir='ltr'><strong>et</strong></span> <span class='ocrx_word' id='word_1_833' title='bbox 3726 4840 3795 4892; x_wconf 82' lang='lat' dir='ltr'><strong>ad</strong></span> 
     </span>
    </p>
   </div>
   <div class='ocr_carea' id='block_1_111' title="bbox 2285 5021 3798 5095">
    <p class='ocr_par' dir='ltr' id='par_1_111' title="bbox 2285 5021 3798 5095">
     <span class='ocr_line' id='line_1_111' title="bbox 2285 5021 3798 5095; baseline -0.002 -20"><span class='ocrx_word' id='word_1_834' title='bbox 2285 5023 2442 5076; x_wconf 77' lang='grc' dir='ltr'>Εἴποι</span> <span class='ocrx_word' id='word_1_835' title='bbox 2474 5022 2520 5076; x_wconf 80' lang='grc' dir='ltr'>δ’</span> <span class='ocrx_word' id='word_1_836' title='bbox 2553 5023 2618 5077; x_wconf 82' lang='grc' dir='ltr'>ἄν</span> <span class='ocrx_word' id='word_1_837' title='bbox 2652 5041 2734 5088; x_wconf 83' lang='grc' dir='ltr'><strong>τις</strong></span> <span class='ocrx_word' id='word_1_838' title='bbox 2766 5023 2861 5078; x_wconf 83' lang='lat' dir='ltr'><strong>xui</strong></span> <span class='ocrx_word' id='word_1_839' title='bbox 2892 5021 3096 5095; x_wconf 76' lang='grc' dir='ltr'>ἑτέρως</span> <span class='ocrx_word' id='word_1_840' title='bbox 3125 5021 3485 5092; x_wconf 80' lang='grc' dir='ltr'>ἐξηγούμενος</span> <span class='ocrx_word' id='word_1_841' title='bbox 3520 5021 3798 5091; x_wconf 78' lang='grc' dir='ltr'>ἐφαρμότ-</span> 
     </span>
    </p>
   </div>
   <div class='ocr_carea' id='block_1_112' title="bbox 2213 5114 3800 5188">
    <p class='ocr_par' dir='ltr' id='par_1_112' title="bbox 2213 5114 3800 5188">
     <span class='ocr_line' id='line_1_112' title="bbox 2213 5114 3800 5188; baseline 0 -21"><span class='ocrx_word' id='word_1_842' title='bbox 2213 5131 2324 5167; x_wconf 88' lang='grc' dir='ltr'>τειν</span> <span class='ocrx_word' id='word_1_843' title='bbox 2371 5117 2440 5170; x_wconf 84' lang='grc' dir='ltr'><strong>τά</strong></span> <span class='ocrx_word' id='word_1_844' title='bbox 2489 5114 2588 5186; x_wconf 82' lang='grc' dir='ltr'>τῆς</span> <span class='ocrx_word' id='word_1_845' title='bbox 2631 5115 2950 5188; x_wconf 83' lang='grc' dir='ltr'>παραϐολῆς</span> <span class='ocrx_word' id='word_1_846' title='bbox 3005 5114 3331 5186; x_wconf 87' lang='grc' dir='ltr'>δηλούμενα,</span> <span class='ocrx_word' id='word_1_847' title='bbox 3376 5117 3489 5177; x_wconf 87' lang='grc' dir='ltr'>τοῖς</span> <span class='ocrx_word' id='word_1_848' title='bbox 3533 5114 3800 5167; x_wconf 81' lang='grc' dir='ltr'>ἀνέκαθεν</span> 
     </span>
    </p>
   </div>
   <div class='ocr_carea' id='block_1_113' title="bbox 2213 5206 3801 5279">
    <p class='ocr_par' dir='ltr' id='par_1_113' title="bbox 2213 5206 3801 5279">
     <span class='ocr_line' id='line_1_113' title="bbox 2213 5206 3801 5279; baseline -0.001 -21"><span class='ocrx_word' id='word_1_849' title='bbox 2213 5209 2276 5259; x_wconf 88' lang='grc' dir='ltr'><strong>ἐκ</strong></span> <span class='ocrx_word' id='word_1_850' title='bbox 2315 5208 2536 5279; x_wconf 87' lang='grc' dir='ltr'>πρώτης</span> <span class='ocrx_word' id='word_1_851' title='bbox 2575 5207 2671 5262; x_wconf 89' lang='grc' dir='ltr'><strong>τοῦ</strong></span> <span class='ocrx_word' id='word_1_852' title='bbox 2727 5209 2846 5279; x_wconf 84' lang='grc' dir='ltr'>βίου</span> <span class='ocrx_word' id='word_1_853' title='bbox 2896 5209 3205 5270; x_wconf 84' lang='grc' dir='ltr'>συστάσεως</span> <span class='ocrx_word' id='word_1_854' title='bbox 3267 5208 3430 5279; x_wconf 88' lang='grc' dir='ltr'>μέχρι</span> <span class='ocrx_word' id='word_1_855' title='bbox 3488 5206 3801 5269; x_wconf 86' lang='grc' dir='ltr'>συντελείας</span> 
     </span>
    </p>
   </div>
   <div class='ocr_carea' id='block_1_114' title="bbox 2211 5299 3795 5372">
    <p class='ocr_par' dir='ltr' id='par_1_114' title="bbox 2211 5299 3795 5372">
     <span class='ocr_line' id='line_1_114' title="bbox 2211 5299 3795 5372; baseline 0.002 -21"><span class='ocrx_word' id='word_1_856' title='bbox 2211 5299 2302 5352; x_wconf 91' lang='grc' dir='ltr'><strong>τοῦ</strong></span> <span class='ocrx_word' id='word_1_857' title='bbox 2349 5300 2546 5364; x_wconf 82' lang='grc' dir='ltr'>αἰῶνος</span> <span class='ocrx_word' id='word_1_858' title='bbox 2598 5300 3045 5372; x_wconf 80' lang='grc' dir='ltr'>καταξιουμένοις</span> <span class='ocrx_word' id='word_1_859' title='bbox 3107 5301 3206 5370; x_wconf 78' lang='grc' dir='ltr'><strong>τῆς</strong></span> <span class='ocrx_word' id='word_1_860' title='bbox 3271 5300 3459 5354; x_wconf 89' lang='grc' dir='ltr'>ἐνθέου</span> <span class='ocrx_word' id='word_1_861' title='bbox 3523 5299 3795 5370; x_wconf 85' lang='grc' dir='ltr'>κλήσεως.</span> 
     </span>
    </p>
   </div>
   <div class='ocr_carea' id='block_1_115' title="bbox 2216 5392 3801 5465">
    <p class='ocr_par' dir='ltr' id='par_1_115' title="bbox 2216 5392 3801 5465">
     <span class='ocr_line' id='line_1_115' title="bbox 2216 5392 3801 5465; baseline 0.002 -21"><span class='ocrx_word' id='word_1_862' title='bbox 2216 5392 2375 5444; x_wconf 83' lang='grc' dir='ltr'>Ὥστε</span> <span class='ocrx_word' id='word_1_863' title='bbox 2409 5393 2526 5463; x_wconf 83' lang='grc' dir='ltr'>ἆμα</span> <span class='ocrx_word' id='word_1_864' title='bbox 2552 5395 2695 5464; x_wconf 77' lang='grc' dir='ltr'>πρωὶ</span> <span class='ocrx_word' id='word_1_865' title='bbox 2727 5393 3024 5465; x_wconf 80' lang='grc' dir='ltr'>κεκλῆσθαι</span> <span class='ocrx_word' id='word_1_866' title='bbox 3067 5393 3244 5463; x_wconf 82' lang='grc' dir='ltr'>λέγειν</span> <span class='ocrx_word' id='word_1_867' title='bbox 3279 5394 3370 5446; x_wconf 73' lang='grc' dir='ltr'><strong>ἐπὶ</strong></span> <span class='ocrx_word' id='word_1_868' title='bbox 3401 5394 3499 5465; x_wconf 76' lang='grc' dir='ltr'><strong>τὴν</strong></span> <span class='ocrx_word' id='word_1_869' title='bbox 3528 5394 3626 5465; x_wconf 83' lang='grc' dir='ltr'>τῆς</span> <span class='ocrx_word' id='word_1_870' title='bbox 3680 5393 3801 5447; x_wconf 85' lang='grc' dir='ltr'>θεο-</span> 
     </span>
    </p>
   </div>
   <div class='ocr_carea' id='block_1_116' title="bbox 2215 5481 3798 5560">
    <p class='ocr_par' dir='ltr' id='par_1_116' title="bbox 2215 5481 3798 5560">
     <span class='ocr_line' id='line_1_116' title="bbox 2215 5481 3798 5560; baseline 0.003 -27"><span class='ocrx_word' id='word_1_871' title='bbox 2215 5481 2431 5546; x_wconf 84' lang='grc' dir='ltr'>σεϐείας</span> <span class='ocrx_word' id='word_1_872' title='bbox 2483 5485 2745 5553; x_wconf 83' lang='grc' dir='ltr'>ἐργασίαν</span> <span class='ocrx_word' id='word_1_873' title='bbox 2809 5487 2936 5549; x_wconf 85' lang='grc' dir='ltr'>τοὺς</span> <span class='ocrx_word' id='word_1_874' title='bbox 2994 5486 3136 5540; x_wconf 89' lang='grc' dir='ltr'><strong>κατά</strong></span> <span class='ocrx_word' id='word_1_875' title='bbox 3195 5487 3291 5557; x_wconf 85' lang='grc' dir='ltr'><strong>τὴν</strong></span> <span class='ocrx_word' id='word_1_876' title='bbox 3334 5485 3508 5560; x_wconf 81' lang='grc' dir='ltr'>ἀρχὴν</span> <span class='ocrx_word' id='word_1_877' title='bbox 3548 5485 3642 5540; x_wconf 90' lang='grc' dir='ltr'><strong>τοῦ</strong></span> <span class='ocrx_word' id='word_1_878' title='bbox 3680 5485 3798 5556; x_wconf 73' lang='grc' dir='ltr'>βίου</span> 
     </span>
    </p>
   </div>
   <div class='ocr_carea' id='block_1_117' title="bbox 1772 5588 2216 5654">
    <p class='ocr_par' dir='ltr' id='par_1_117' title="bbox 1772 5588 2216 5654">
     <span class='ocr_line' id='line_1_117' title="bbox 1772 5588 2216 5654; baseline 0.007 -13"><span class='ocrx_word' id='word_1_879' title='bbox 1772 5589 1812 5618; x_wconf 81' lang='grc'>¹¹</span> <span class='ocrx_word' id='word_1_880' title='bbox 1858 5588 1873 5641; x_wconf 98' lang='lat' dir='ltr'><strong>l</strong></span> <span class='ocrx_word' id='word_1_881' title='bbox 1903 5588 2027 5643; x_wconf 83' lang='lat' dir='ltr'><strong>Cor.</strong></span> <span class='ocrx_word' id='word_1_882' title='bbox 2056 5604 2092 5654; x_wconf 93' lang='lat' dir='ltr'><strong>I,</strong></span> <span class='ocrx_word' id='word_1_883' title='bbox 2123 5588 2216 5644; x_wconf 68' lang='lat'><strong>24.</strong></span> 
     </span>
    </p>
   </div>
   <div class='ocr_carea' id='block_1_118' title="bbox 2286 5684 2978 5758">
    <p class='ocr_par' dir='ltr' id='par_1_118' title="bbox 2286 5684 2978 5758">
     <span class='ocr_line' id='line_1_118' title="bbox 2286 5684 2978 5758; baseline 0.007 -22"><span class='ocrx_word' id='word_1_884' title='bbox 2286 5685 2362 5755; x_wconf 77' lang='grc' dir='ltr'><strong>(Τ)</strong></span> <span class='ocrx_word' id='word_1_885' title='bbox 2389 5684 2551 5742; x_wconf 83' lang='lat' dir='ltr'><strong>Forte</strong></span> <span class='ocrx_word' id='word_1_886' title='bbox 2584 5687 2978 5758; x_wconf 76' lang='grc' dir='ltr'>πνευματικῆς.</span> 
     </span>
    </p>
   </div>
  </div>
