4172 6456
279 475 374 530 561

1552 461 1844 532 SCI—lOLIA
1883 473 1950 529 IN
1987 467 2244 530 LUCAM.
3437 473 3544 531 sua

283 593 536 666 πρώτους
568 589 971 655 διασωθένταςέ
1004 591 1292 664 δευτέρους
1332 576 1390 646 δὲ
1431 593 1556 656 τοὺς
1604 592 1747 663 ἀμφὶ
1778 591 1863 645 τὸν

1971 591 2094 661 giae
2125 591 2252 646 vita:
2285 591 2444 662 primi
2481 591 2674 647 salvati
2711 603 2857 648 sunt.
2897 593 3102 647 Deinde
3131 593 3314 647 Enocb
3347 603 3400 646 et
3430 592 3543 648 Noe

295 683 466 755 Ἑνὼχ
493 685 588 737 καὶ
619 681 743 736 Νῶε
763 699 778 714 ’
808 683 935 746 τοὺς
967 683 1095 754 περὶ
1117 684 1216 753 τὴν
1242 682 1433 755 τρίτην
1461 685 1586 746 τοὺς
1614 683 1756 753 ἀμφὶ
1774 683 1865 736 τὸν

295 775 566 848 Ἀϐραάμ·
589 775 715 839 τοὺς
755 775 812 828 δὲ
839 775 968 846 περὶ
1003 775 1104 846 τὴν
1131 775 1297 846 ἕκτην
1344 777 1468 840 τοὺς
1513 777 1571 830 ὲν
1599 779 1712 840 τοῖς
1738 777 1866 847 χρό-

281 884 392 931 νοις
459 866 570 922 τῶν
621 865 935 937 προφητῶν·
978 867 1104 931 τοὺς
1151 867 1210 920 δὲ
1268 868 1398 938 περὶ
1437 866 1535 938 τὴν
1573 867 1864 940 ἑνδεκάτην

279 959 406 1022 τοὺς
440 958 578 1030 μετὰ
607 958 705 1030 τὴν
736 959 1004 1029 σωτήριον
1043 958 1382 1026 θεοφάνειαν.
1430 958 1538 1023 Οὓς
1561 959 1626 1032 δὴ
1657 961 1864 1024 πάντας

281 1049 790 1121 καταξιωθήσεσθαι
833 1050 952 1112 ἑνὸς
997 1050 1092 1102 καὶ
1138 1049 1234 1102 τοῦ
1288 1049 1454 1104 αὐτοῦ
1497 1051 1690 1121 μισθοῦ
1723 1051 1866 1105 κατὰ

281 1142 342 1194 τὸ
367 1142 620 1214 δηνάριον
652 1141 1075 1213 δεδηλωμένους,
1108 1141 1296 1214 ὥσπερ
1329 1146 1408 1208 είς
1446 1143 1544 1214 τὴν
1591 1143 1684 1198 τοῦ
1729 1143 1862 1196 Θεοῦ

285 1232 562 1302 βασιλείαν
592 1233 943 1303 ἀναφέρεται.

350 1323 432 1377 Τὰ
470 1323 644 1378 πάντα
687 1315 861 1378 ταῦτα
911 1324 1254 1397 διαστήματα
1301 1326 1565 1399 ἰσάριθμα
1609 1329 1729 1394 ταῖς
1777 1329 1864 1381 αἰ-

281 1415 525 1487 σθήσεσι.
563 1417 674 1470 Καὶ
702 1415 826 1486 ἁφὴ
858 1417 957 1487 μὲν
989 1417 1136 1470 ἐστιν
1178 1420 1210 1490 ἡ
1249 1418 1438 1490 πρώτη
1486 1419 1708 1490 κλῆσις·
1744 1421 1863 1474 ὅθεν

277 1507 494 1578 εἴρηται
524 1509 652 1578 περὶ
703 1507 796 1560 τοῦ
855 1507 1057 1576 φυτοῦ,
1095 1511 1178 1563 Οὐ
1225 1511 1311 1579 μὴ
1350 1509 1591 1578 ﬁgi-11008
1639 1512 1858 1566 αὐτοῦ’

285 1601 589 1668 ὄσφρησις
615 1599 670 1654 δὲ
703 1598 846 1653 κατὰ
870 1599 967 1670 τὴν
991 1599 1248 1674 δευτέραν
1267 1620 1282 1634 ·
1330 1602 1450 1656 ὅθεν
1486 1605 1578 1658 ἐπὶ
1607 1605 1699 1658 τοῦ
1741 1605 1863 1659 Νῶε

277 1690 601 1759 ὠσφράνθη
649 1691 866 1760 Κύριος
933 1691 1134 1760 ὀσμὴν
1193 1691 1476 1759 εὐωδίας·
1535 1695 1742 1762 γεῦσις
1806 1695 1862 1748 δὲ

278 1781 422 1836 κατὰ
453 1781 546 1836 τὸν
596 1781 847 1854 Ἀϐραάμ
870 1801 884 1812 ·
946 1783 1028 1837 διὸ
1067 1786 1162 1838 καὶ
1205 1787 1322 1848 τοῖς
1362 1785 1613 1854 ἀγγέλοις
1660 1789 1862 1859 ἐγκρυ-

278 1875 409 1945 φίας
427 1875 760 1946 παρατίθησι
794 1878 890 1931 καὶ
914 1877 1141 1949 μόσχον·
1167 1876 1318 1944 ἀκοὴ
1344 1877 1401 1930 δὲ
1432 1879 1523 1932 ἐπὶ
1555 1873 1859 1944 Μωῦσέως,

275 1967 368 2021 ὅτε
421 1967 662 2042 ἀκουστὴ
710 1970 934 2039 γέγονεν
990 1973 1055 2024 ἐκ
1107 1969 1202 2023 τοῦ
1246 1969 1476 2041 οὐρανοῦ
1510 1972 1542 2042 ἡ
1582 1969 1732 2041 φωνὴ
1770 1969 1862 2024 τοῦ

277 2057 418 2112 Θεπῦ
443 2075 458 2090 ο
497 2059 708 2128 ὅρασις
729 2061 786 2114 δὲ
808 2063 842 2132 ἡ
865 2061 1056 2116 πασῶν
1078 2061 1186 2116 τῶν
1207 2061 1511 2133 αἰσθήσεων
1542 2063 1862 2134 τιμιωτέρα,

277 2149 423 2204 κατὰ
449 2151 550 2224 τὴν
577 2151 668 2205 τοῦ
695 2153 933 2225 Χριστοῦ
959 2153 1252 2226 ἐπιδημίαν
1277 2172 1291 2184 ’
1319 2155 1408 2207 ὅτε
1435 2154 1728 2223 ἑωράκασι
1772 2151 1864 2209 τὸν

275 2241 518 2312 Χριστὸν
564 2241 690 2310 τοῖς
732 2245 1052 2314 μακαρίοις
1099 2244 1449 2314 ὀφθαλμοῖς.
1513 2245 1670 2316 Ὀψία
1727 2247 1782 2300 δὲ
1827 2249 1860 2318 ἡ

277 2329 559 2386 συντέλεια
605 2333 702 2387 τοῦ
757 2335 975 2402 αἰῶνος,
1031 2337 1127 2389 ὅτε
1177 2336 1228 2388 οί
1276 2335 1506 2408 ἐργάται
1538 2339 1590 2391 oi
1618 2337 1864 2406 ἔσχατοι

275 2425 496 2495 πρῶτοι
541 2427 634 2481 τὸν
676 2427 868 2499 μισθὸν
912 2427 1297 2500 λαμϐάνουσιν.
1345 2430 1408 2482 Oi
1450 2427 1560 2500 γὰρ
1602 2428 1864 2500 πρότερον

279 2519 724 2591 μαρτυρηθέντες
773 2519 864 2574 διὰ
908 2519 1009 2590 τῆς
1054 2521 1289 2584 πίστεως
1347 2521 1459 2574 οὐκ
1504 2521 1861 2590 ἐκομίσαντο

277 2609 396 2677 τὴν
444 2610 832 2681 ἐπαγγελίαν.
872 2609 1087 2682 Πριῖγεοι
1129 2610 1238 2684 γὰρ
1270 2611 1362 2664 τὸν
1417 2610 1606 2681 μισθὸν
1659 2609 1864 2681 ἀπολή-

275 2699 478 2770 ψεσθαι
504 2701 896 2775 προσδοκῶμεν
927 2703 975 2756 οἱ
1007 2701 1246 2774 Χριστοῦ
1273 2701 1558 2774 γνώριμοι.

915 2883 1073 2937 ΚΕΦ.
1125 2879 1220 2935 ΙΔ¹.

276 2975 431 3047 Στίχ.
467 2975 552 3047 ιδ’·
575 2977 796 3047 ,Ἔλεγε
825 2975 934 3047 καί
957 2974 1038 3047 τῷ
1070 2973 1390 3047 κεκληκότι
1425 2977 1644 3047 αὐτόν·
1674 2975 1867 3047 ,Ὅταν

351 3043 530 3116 ποιῇς
557 3043 807 3116 ἄριστον
836 3047 876 3116 ἢ
909 3045 1189 3116 δεῖπνον,
1232 3043 1318 3114 μὴ
1358 3045 1540 3114 φώνει
1592 3045 1734 3116 τοὺς
1767 3045 1866 3116 φί-

349 3114 503 3182 λους·
532 3131 669 3186 σοι),
695 3115 852 3186 μηδὲ
879 3115 1019 3186 τοὺς
1045 3115 1347 3186 ἀδελφούς
1363 3131 1500 3182 σου,
1533 3115 1690 3186 μηδὲ
1724 3114 1865 3186 τοὺς

1969 697 2094 736 cum
2129 684 2324 737 coaavis
2363 682 2494 738 suis.
2543 683 2704 738 Circa
2755 685 2968 739 tertiam
3001 685 3226 750 horam,
3263 683 3538 738 Abraham

1968 785 2092 825 cum
2145 772 2364 830 coaevis.
2420 772 2578 828 Circa
2638 780 2848 828 sextam
2903 788 2998 827 eos
3053 775 3144 842 qui
3208 773 3541 844 temporibus

1967 865 2363 932 prophetarum
2417 867 2692 922 vivebam.
2747 866 2904 921 Circa
2959 867 3298 921 undecimam
3359 882 3536 929 vero.

1966 955 2274 1024 quicunque
2323 957 2452 1010 editi
2504 966 2626 1012 sunt
2687 968 2808 1028 post
2854 959 3149 1013 salutarem
3189 958 3282 1010 Dei
3335 958 3540 1012 adven-

1970 1058 2105 1105 tum.
2144 1049 2293 1115 Qttos
2339 1051 2550 1106 scilicet
2591 1067 2781 1106 omnes
2828 1053 3127 1122 dignandos
3157 1051 3273 1105 fore
3315 1065 3418 1104 una
3448 1067 3538 1105 ea-

1967 1139 2199 1210 demque
2247 1141 2501 1197 mercede
2549 1143 2772 1198 deuario
2803 1139 3132 1208 deelaratur,
3170 1153 3440 1214 quatenus
3473 1147 3541 1198 ad

1969 1247 2192 1300 regnum
2227 1234 2325 1288 Dei
2373 1234 2628 1291 refertur.

2043 1326 2173 1394 Quae
2242 1327 2330 1381 hic
2395 1333 2889 1381 commemorantur
2946 1327 3204 1398 temporis
3251 1327 3536 1382 dissonan-

1965 1419 2075 1483 tiaa,
2109 1417 2333 1473 totidem
2365 1425 2492 1472 sunt
2543 1429 2708 1488 atque
2744 1433 2960 1474 sensus.
2999 1421 3189 1489 Itaque
3228 1431 3420 1484 tactus,
3454 1432 3540 1476 est

1965 1513 2138 1582 prima
2167 1509 2403 1564 vocatio.
2455 1508 2604 1564 Unde
2636 1509 2840 1564 dictum
2877 1519 2959 1564 est
3006 1512 3069 1566 tle
3109 1512 3311 1580 planta,
3347 1511 3430 1565 Ne
3463 1521 3540 1564 te—

1966 1604 2187 1673 tigeritis
2228 1601 2378 1655 illam
2407 1603 2475 1659 ".
2529 1601 2660 1656 Item
2709 1601 2938 1670 olfactus
2983 1603 3236 1657 secundm
3289 1603 3540 1669 congruit

1965 1696 2254 1750 distantias.
2295 1693 2658 1761 Quamobrem
2703 1695 2804 1749 sub
2845 1693 2953 1748 Noe
3003 1695 3254 1747 odoratus
3299 1705 3374 1747 est
3431 1693 3539 1746 Do-

1963 1787 2139 1840 minus
2186 1788 2401 1841 odorem
2445 1785 2726 1840 suavitatis
2767 1785 2832 1838 ’³.
2875 1781 3104 1854 Gustus,
3152 1785 3217 1839 ad
3264 1785 3535 1840 Abraham

1964 1877 2237 1934 refertur:
2273 1886 2668 1947 proptereaque
2696 1873 2899 1946 angelis
2921 1875 3328 1950 subciuericios
3364 1891 3535 1946 panes

1966 1969 2186 2039 apponit
2217 1977 2271 2023 et
2299 1968 2550 2022 vitulum.
2581 1967 2810 2020 Auditus
2851 1967 2916 2021 de
2957 1967 3138 2038 Moyse
3180 1977 3287 2034 est,
3323 1969 3539 2036 quando

1964 2064 2146 2119 audita
2177 2061 2279 2118 fuit
2310 2061 2377 2117 de
2405 2061 2544 2116 ccelo
2569 2075 2676 2115 vox
2705 2061 2820 2115 Dei.
2863 2057 3038 2124 Visus,
3071 2061 3160 2129 qui
3189 2069 3273 2115 est
3297 2061 3536 2116 omnium

1965 2169 2222 2210 sensuum
2257 2151 2726 2222 pretiosissimus,
2779 2149 3016 2204 refertur
3067 2148 3135 2203 ad
3194 2149 3391 2204 Christi
3441 2151 3538 2202 ad-

1966 2255 2240 2302 ventum:
2291 2243 2509 2314 quando
2565 2241 2807 2296 ridet-unt
2861 2241 3136 2296 Christum
3192 2241 3355 2294 beatis
3413 2256 3540 2293 ocu-

1967 2337 2034 2390 lis
2063 2335 2132 2391 “.
2169 2334 2273 2390 Per
2306 2332 2606 2389 srrotinttm
2656 2341 2867 2400 tempus
2897 2331 3236 2400 signiﬁcatur
3283 2333 3404 2385 linis
3439 2347 3539 2384 sa:-

1967 2425 2095 2489 culi,
2132 2425 2350 2494 quando
2393 2423 2632 2493 Operarii
2681 2424 2991 2485 novissimi,
3038 2424 3199 2492 primi
3235 2424 3280 2454 ¹³
3333 2439 3541 2478 merce-

1968 2519 2090 2572 dem
2128 2515 2423 2585 accipiunt.
2462 2514 2562 2580 Qui
2599 2514 2742 2568 enim
2776 2514 2934 2584 primi
2988 2515 3306 2583 martyrium
3359 2517 3540 2570 Sllbll"

1969 2619 2092 2662 runt
2118 2616 2335 2676 propter
2359 2605 2540 2673 fidem,
2565 2623 2667 2660 non
2696 2616 3024 2665 reportarunt
3051 2609 3448 2666 promissionem
3469 2609 3536 2660 ³⁸.

1969 2699 2077 2754 Nos
2115 2699 2258 2752 enim
2288 2695 2490 2750 Christi
2526 2697 2773 2766 discipuli
2814 2697 3122 2752 mercedem
3167 2707 3225 2753 ut
3259 2700 3416 2768 primi
3446 2715 3540 2756 ac—

1967 2792 2235 2861 cipiatnus
2269 2789 2388 2846 fore
2418 2789 2763 2846 confidimus.

2586 2879 2737 2936 CAP.
2779 2879 2918 2936 XIV.

1972 2968 2031 3021 V.
2064 2970 2151 3024 1‘2.
2183 2969 2326 3024 Dixit
2357 2977 2531 3023 autem
2556 2979 2604 3022 et
2635 2971 2681 3024 ei
2707 2973 2796 3036 qui
2823 2988 2940 3024 eum
2971 2979 3242 3026 vocaverat
3261 2987 3280 3024 :
3307 2972 3529 3038 Quando

2036 3041 2170 3107 facis
2205 3041 2490 3105 prandium
2523 3041 2597 3094 vel
2630 3057 2856 3101 caenam,
2895 3058 2956 3094 ne
2995 3059 3138 3096 voces
3169 3043 3366 3095 amicos
3398 3055 3542 3106 tuos,

2040 3127 2204 3177 neque
2232 3110 2422 3178 fratres
2455 3119 2594 3172 tuos,
2631 3126 2798 3178 neque
2832 3115 3246 3178 consanguineos
3283 3123 3422 3176 tuos,
3451 3129 3542 3166 ne-

351 3177 666 3256 ammzc
692 3177 829 3256 eoae.
860 3177 1016 3256 μηδέ
1037 3177 1678 3256 anomalam”?
1701 3202 1720 3256 ’κ
1750 3177 1863 3255 μήλ

2037 3196 2136 3246 que
2171 3177 2368 3256 vieings
2407 3183 2614 3256 diuites.
2657 3177 2740 3256 Ne
2786 3180 2920 3256 [orte
2962 3191 3012 3235 et
3031 3177 3146 3252 ipsi
3191 3181 3414 3236 vicissim
3451 3199 3543 3236 vo—

350 3253 498 3310 ποτέ
521 3253 622 3327 καί
643 3255 812 3309 αὐτοὶ
835 3253 1274 3310 ἀντικαλέσωσι
1295 3295 1309 3320 ,
1345 3255 1445 3310 καί
1477 3255 1721 3327 γένηταί
1752 3253 1865 3308 ’σοι

283 3384 286 3386 ,
351 3325 756 3394 ἀνταπόδομα.

275 3395 432 3467 Στίχ.
467 3401 555 3466 ιγ’.
588 3395 740 3467 Ἀλλ’
762 3395 917 3467 ,ὅταν
937 3394 1115 3464 ποιῇς
1137 3395 1349 3467 δοχὴν,
1374 3396 1546 3452 κάλει
1567 3396 1861 3466 πτωχοὺς,

573 3463 942 3536 ἀναπήρους,
974 3463 1242 3535 χωλοὺς,
1259 3463 1545 3536 τυφλούς.

275 3535 432 3606 Στεχ.
468 3535 547 3589 ιδ’.
579 3537 692 3606 Καὶ
739 3534 1032 3604 μακάριος
1088 3537 1240 3604 ἔσῃ,
1283 3534 1430 3591 ὅταν
1479 3540 1590 3591 οὐκ
1640 3536 1865 3606 ἔχωσιν

351 3605 799 3676 ἀνταποδοῦναί
826 3619 944 3660 σοι.
978 3605 1566 3676 ξΑνταποδοθήσεται
1613 3605 1724 3676 γάρ
1764 3621 1864 3660 σοι

351 3675 422 3729 ἐν
455 3675 532 3745 τῇ
560 3675 894 3731 ἀναστάσει
927 3673 1045 3730 τῶν
1071 3676 1332 3730 δικαίων.

381 3765 507 3820 Δλλ’
530 3765 653 3822 οῦτε
687 3767 784 3838 μὲν
810 3767 948 3822 κατὰ
971 3767 1034 3820 τὸ
1065 3767 1226 3840 ῥητὸν
1275 3768 1609 3840 κελευόμεθα
1657 3768 1732 3840 μὴ
1769 3769 1862 3838 φί-

275 3857 408 3922 λους
437 3857 623 3912 καλεῖν
652 3859 746 3911 καὶ
773 3859 1043 3927 γείτονας,
1075 3859 1216 3913 ἀλλὰ
1243 3863 1496 3932 πτωχοὺς
1529 3862 1622 3915 καὶ
1645 3861 1861 3931 ἀναπή-

279 3966 431 4024 ρους,
465 3949 672 4020 χωλοὺς
703 3951 799 4004 κα)⁴
838 3949 1094 4020 τυφλούς.
1127 3952 1422 4016 Μυστικῶς
1447 3953 1506 4006 δὲ
1531 3953 1670 4024 τάχα
1697 3954 1865 4023 φίλοι

276 4043 384 4114 μὲν
431 4037 541 4097 εἷεν
591 4043 660 4097 ἂν
701 4044 749 4096 οἱ
803 4039 1088 4116 χαίροντες
1121 4045 1244 4099 καθ’
1268 4046 1416 4116 ἡμᾶς
1459 4049 1572 4110 τοῖς
1600 4047 1698 4116 τῆς
1726 4045 1860 4116 άλη-

278 4135 436 4201 θείας
463 4135 728 4208 δόγμασιν
744 4154 756 4165 '
785 4136 1006 4208 ἁδελφοὶ
1037 4137 1092 4191 δὲ
1117 4139 1166 4192 oi
1196 4137 1410 4209 ἔχοντες
1435 4137 1639 4207 ἀδελφὰ
1661 4137 1866 4208 δόγμα-

272 4243 378 4281 ταο
413 4227 728 4298 συγγενεῖς
770 4227 818 4281 οἱ
854 4228 1171 4300 πλησιάζειν
1213 4231 1346 4300 ἡμῖν
1379 4229 1521 4284 κατὰ
1564 4229 1734 4283 ταῦτα
1773 4229 1864 4282 Θέ-

275 4319 490 4383 λοντες·
527 4319 791 4390 γείτονες
810 4322 859 4374 oi
886 4321 962 4393 μὴ
986 4320 1166 4376 πάντα
1196 4321 1412 4393 μακρὰν
1443 4321 1552 4376 τῶν
1580 4319 1862 4394 ἡμετέρων

271 4409 564 4482 δογμάτων
618 4412 1007 4483 ὲσκηνωμένοι.
1055 4413 1214 4468 Κατὰ
1257 4411 1438 4466 κοινοῦ
1476 4413 1534 4466 δὲ
1559 4414 1620 4466 τὸ
1683 4416 1866 4468 πλου-

2039 3259 2176 3316 cent,
2213 3259 2262 3302 et
2295 3249 2390 3316 ﬁat
2430 3250 2520 3302 tibi
2563 3251 2858 3306 retributio.

1968 3385 2032 3440 ν.
2065 3385 2149 3438 15.
2177 3381 2283 3439 Sed
2313 3384 2708 3458 quandafacis
2732 3385 3047 3458 convivium,
3093 3403 3222 3442 voca
3264 3405 3540 3458 pauperes,

2389 3454 2623 3515 mutilos,
2663 3455 2898 3518 claudos,
2931 3473 3116 3510 caecos.

1968 3523 2032 3576 Ἴ.
2085 3525 2176 3579 Μ.
2207 3523 2280 3579 Et
2326 3525 2506 3578 beatus
2541 3525 2668 3587 eris,
2705 3541 2822 3577 cum
2854 3541 2957 3578 non
3001 3527 3278 3580 habuerint
3317 3529 3542 3582 vicissim

2039 3596 2256 3674 reddere
2286 3595 2402 3648 tibi.
2435 3593 2773 3650 Retribnetur
2798 3597 2934 3648 enim
2967 3596 3060 3649 tibi
3083 3599 3137 3650 in
3165 3609 3545 3652 resurrectione

2028 3677 2316 3732 Justorum.

2038 3755 2389 3826 Nequaquam
2421 3757 2486 3810 ad
2511 3756 2744 3812 litteram
2771 3757 3026 3826 jubcmttr
3055 3772 3160 3812 non
3195 3775 3387 3816 vocare
3413 3766 3519 3816 ami

1970 3862 2064 3901 cos
2097 3855 2153 3904 et
2183 3849 2424 3916 vicinos,
2459 3851 2554 3903 sed
2597 3865 2863 3920 pauperes
2919 3859 2977 3905 et
3027 3852 3278 3917 mutilos,
3323 3855 3546 3910 claudus

1965 3948 2021 3992 et
2053 3953 2246 3994 caecos.
2286 3939 2510 4009 Mystice
2545 3951 2748 4007 autem,
2788 3942 3176 3998 verositniliter
3214 3945 3372 3999 amici
3421 3947 3543 4000 fue-

1969 4031 2080 4086 rint
2124 4033 2216 4102 qui
2251 4034 2536 4088 nobiscum
2571 4035 2810 4103 gaudent
2843 4035 2910 4089 de
2955 4035 3304 4104 dogmatibus
3342 4043 3543 4096 veritas

1969 4123 2060 4177 tis.
2095 4121 2338 4188 Fratres,
2371 4123 2462 4191 qui
2496 4123 2692 4178 similia
2727 4124 2978 4192 dogmata
3017 4130 3360 4195 proﬁtentur.
3395 4130 3540 4186 Con-

1967 4216 2260 4284 sanguinei,
2302 4217 2394 4285 qui
2449 4214 2701 4286 conjungi
2740 4217 3020 4272 nobiscum
3080 4234 3175 4287 per
3204 4222 3391 4277 eadem
3446 4239 3543 4278 vo-

1969 4305 2109 4359 lunt.
2159 4302 2370 4369 Vicini,
2425 4303 2519 4373 qui
2571 4303 2712 4358 haud
2759 4320 2986 4375 prorsus
3030 4309 3224 4362 remoti
3268 4310 3469 4380 (legunt
3513 4333 3540 4366 ιι

1967 4393 2314 4463 dogmatibus
2345 4394 2568 4448 nostris.
2604 4392 2815 4464 Ubique
2848 4409 2980 4450 vero
3021 4397 3538 4469 subintelligendum

273 4501 456 4568 σίους
489 4482 807 4554 ἀκουστέον.
838 4501 902 4553 Οἱ
929 4501 1027 4572 μὲν
1057 4497 1150 4556 οῦν
1185 4502 1476 4572 ἀκροάσεις
1509 4500 1863 4571 καταγέλλον-

1969 4492 2077 4550 est,
2109 4484 2313 4537 divites.
2358 4482 2459 4550 Qui
2497 4485 2661 4554 igitur
2695 4500 2753 4540 se
2791 4500 3072 4542 sermones
3107 4489 3172 4543 de
3205 4495 3366 4548 rebus
3412 4497 3540 4562 qui-

271 4605 370 4654 τες
435 4588 726 4654 πλουσίους
783 4591 876 4645 καὶ
925 4593 1174 4662 πτωχοὺς
1231 4591 1517 4646 καλοῦσιν·
1556 4595 1585 4646 ὁ
1615 4592 1673 4646 δὲ
1723 4590 1862 4663 πρὸς

1967 4575 2196 4630 busdam
2231 4574 2514 4630 habituros
2543 4575 2904 4645 proﬁtentur,
2938 4577 3134 4634 divites
3173 4589 3229 4633 ct
3275 4595 3540 4652 pauperes

272 4680 436 4744 δόξαν
463 4679 640 4752 ἀληθῆ
675 4681 936 4737 διακονῶν
976 4681 1056 4753 τῷ
1087 4682 1229 4754 λόγῳ
1279 4683 1584 4751 κενοδοξίας
1619 4683 1862 4756 ἀπήλλα-

1972 4675 2186 4721 vocant.
2215 4665 2288 4720 At
2311 4667 2420 4737 qui,
2441 4667 2506 4721 ad
2543 4682 2726 4722 veram
2755 4674 3082 4724 sententiam
3113 4671 3383 4728 ministrat
3413 4689 3538 4728 ver-

271 4788 425 4826 κται.
457 4771 630 4826 Καλεῖ
651 4771 710 4825 δὲ
743 4773 1039 4844 πτωχοὺς,
1067 4776 1342 4829 τουτέστιν
1377 4776 1638 4848 ἀπείρους
1666 4775 1862 4844 λόγων,

1967 4758 2075 4826 bo,
2114 4772 2145 4812 a
2193 4773 2332 4812 vana
2376 4757 2699 4828 gloriatione
2735 4760 2995 4816 immunis
3043 4771 3147 4816 est.
3201 4763 3373 4818 Vocat
3409 4780 3540 4822 vero

275 4863 368 4918 ἵνα
413 4863 678 4938 πλουτίσῃ
698 4882 711 4894 ·
749 4864 1135 4935 ἀναπήρους,
1183 4867 1427 4921 τουτέστι
1457 4867 1863 4939 βεϐλαμμένους

1966 4867 2246 4920 pauperes,
2295 4853 2348 4908 id
2396 4862 2484 4910 est
2523 4869 2834 4910 sermonum
2879 4857 3227 4928 inexpertes,
3259 4869 3315 4914 ut
3346 4859 3540 4916 divites

271 4953 338 5007 τὸ
391 4954 682 5026 φρόνημα,
735 4956 823 5009 ἵνα
849 4957 1077 5030 ὑγιάσῃο
1133 4958 1367 5027 χωλοὺς
1404 4959 1530 5023 τοὺς
1565 4959 1862 5024 σκάζοντας

1968 4943 2154 5000 faciat.
2195 4944 2440 5010 Mutilos,
2481 4947 2584 5001 hoc
2625 4957 2710 5002 est
2756 4947 2914 5004 laesos
2954 4949 3304 5019 COgitatione,
3332 4951 3411 5004 ἰιι
3451 4967 3540 5006 sa-

271 5043 355 5114 τῷ
381 5043 546 5115 λόγῳ,
579 5045 666 5099 ἵνα
693 5046 861 5118 ὀρθὰς
889 5048 1111 5119 τροχιὰς
1141 5048 1338 5102 ποιῶσι
1359 5065 1372 5080 ·
1419 5050 1689 5119 τυφλοὺς
1731 5052 1860 5114 τοὺς

1968 5044 2082 5089 net.
2147 5033 2402 5102 Claudos,
2464 5036 2838 5093 claudicantes
2897 5053 3091 5110 netnpe
3127 5043 3317 5106 verbo,
3364 5051 3424 5096 ut
3451 5057 3539 5098 re-

271 5135 338 5190 τὸ
361 5133 694 5208 θεωρητικὸν
730 5137 805 5210 μὴ
853 5138 1108 5210 ἔχοντας,
1145 5140 1232 5193 ἴνα
1269 5139 1506 5210 βλέπωσι
1543 5141 1602 5193 τὸ
1648 5142 1764 5211 φῶς
1797 5141 1860 5196 τὸ

1967 5135 2083 5179 etas
2121 5126 2346 5181 semitas
2387 5137 2729 5196 percurrant.
2771 5127 2978 5196 Ctecos,
3013 5131 3109 5199 qui
3155 5131 3260 5186 vim
3296 5145 3540 5189 contem-

271 5224 546 5297 ἀληθινόν.
587 5227 660 5280 Τὸ
698 5228 774 5292 δὲ,
810 5231 930 5284 Οὐκ
958 5229 1209 5299 ἔχουσιν
1247 5230 1692 5284 ἀνταποδοῦναί
1735 5248 1854 5299 σοι,

1966 5216 2145 5284 plaudi
2191 5218 2574 5286 speculandive
2601 5234 2710 5273 non
2759 5221 2983 5286 habent,
3015 5232 3074 5274 ut
3103 5222 3322 5277 videant
3353 5225 3536 5281 lumen

273 5311 394 5367 ἴσον
425 5315 542 5368 ἐστὶ
571 5315 648 5387 τῷ
669 5333 682 5346 ·
713 5317 828 5371 Οὐκ
861 5315 1004 5372 ἴσασι
1047 5319 1182 5389 πρὸς
1207 5317 1475 5392 ἐρώτησιν
1504 5321 1537 5391 ἢ
1567 5321 1854 5392 ἀπόκρισιν

1966 5322 2173 5361 verum.
2211 5308 2364 5374 Illud,
2392 5307 2516 5364 Non
2546 5311 2734 5364 habent
2763 5311 2994 5364 vicissim
3025 5314 3240 5368 reddere
3270 5316 3386 5380 tibi,
3421 5335 3540 5385 per-

271 5401 544 5473 διεξάγειν
569 5403 748 5473 λόγον,
773 5407 866 5459 καὶ
888 5407 1255 5472 διαλεκτικῶς.

1966 5395 2090 5450 inde
2123 5399 2265 5452 valet
2298 5407 2462 5468 atque
2495 5400 2669 5456 illud:
2713 5399 2976 5456 Nesciunt
3019 5405 3086 5458 ad
3136 5405 3537 5476 interrogatio-

1961 5503 2081 5543 nem
2114 5497 2169 5544 et
2205 5493 2612 5561 responsionem
2658 5507 2960 5549 sermonem
2993 5497 3234 5568 exigere,
3285 5508 3340 5552 et
3388 5515 3540 5569 regu-

1959 5579 2024 5633 lis
2056 5580 2376 5638 dialecticae.

267 5665 425 5737 Στίχ.
465 5675 550 5740 ιη’.
603 5669 714 5724 Καὶ
766 5669 1030 5740 ἤρξαντο
1083 5671 1198 5726 ἀπὸ
1239 5671 1383 5742 μιᾶς
1449 5671 1853 5740 παραιτεῖσθαι

1966 5667 2022 5727 ν.
2047 5673 2132 5726 18.
2157 5673 2220 5727 Et
2240 5687 2500 5745 creperum
2529 5677 2594 5731 ab
2619 5693 2722 5731 una
2748 5677 2824 5748 (8)
2853 5695 3064 5735 renuere
3094 5699 3288 5737 omnes.
3318 5683 3428 5740 lloc
3453 5691 3540 5740 est

343 5805 390 5836 ”
413 5803 552 5860 Gen.
587 5820 668 5872 ιιι,
694 5804 748 5858 5.
826 5805 872 5836 ’³
904 5805 1042 5862 Gen.
1083 5821 1200 5873 vnt,
1245 5806 1335 5863 ‘i.l.
1411 5805 1458 5840 “
1481 5805 1668 5861 Matth.
1719 5821 1836 5871 xm,

1966 5849 1968 5860 .
2050 5811 2095 5842 "
2125 5809 2314 5867 Matth.
2355 5826 2446 5882 xx,
2485 5813 2570 5869 16.
2649 5815 2693 5847 ³⁸
2718 5813 2882 5872 llebr.
2920 5834 2992 5886 χι,
3024 5820 3108 5875 59.

348 5917 424 5990 (8)
455 5919 786 5992 Syriasmus.
814 5933 912 5987 pro
945 5919 1144 5973 statim.

593 6013 867 6073 ΡΑτιιοι..
915 6011 1031 6074 Gn.
1077 6013 1133 6074 Χ
1148 6013 1278 6076 ΠΙ.

3229 6023 3302 6084 1Ξ
