4172 6396
658 428 766 486 363

1540 425 2097 482 SUPPLEMENTUM
2126 425 2216 480 AD
2249 425 2573 484 ORIGENIS
2610 427 3021 486 EXEGETICA.

3808 433 3918 490 τοι

728 561 918 600 onmes
969 560 1035 599 ex
1084 544 1403 612 composito.
1457 542 1670 598 Primus
1729 545 1862 598 dixit
1908 544 1956 615 ei
1990 559 2008 596 :
2039 543 2208 615 Agrea

2306 592 2312 602 ,
2406 542 2662 615 πάντες]
2708 545 3047 615 τουςέστιν,
3080 544 3161 615 ὡς
3197 544 3267 608 ἐξ
3311 545 3449 611 ἐνὸς
3492 545 3902 615 συνθήματος.

724 620 850 679 ensi,
879 628 923 668 et
959 618 1120 680 habeo
1155 615 1514 668 necessitatem
1544 615 1710 680 exire,
1749 624 1798 669 et
1839 614 2011 670 videre
2051 612 2224 669 illum.

730 686 874 757 Rogo
903 698 975 750 te,
1006 678 1140 739 habe
1171 701 1249 737 me
1274 693 1603 738 excusatum.

654 838 835 896 v.19.
877 838 943 893 Et
981 837 1122 893 niius
1164 839 1333 893 dixit:
1369 838 1523 908 luga,
1540 838 1693 890 boum
1742 839 1844 891 emi
1883 839 2133 908 quinque,
2174 847 2224 892 et

727 911 1037 977 proﬁciscor
1079 913 1300 979 probare
1328 910 1443 961 illa.
1493 907 1637 977 Rogo
1669 919 1741 967 te.
1779 907 1912 963 habe
1947 925 2028 962 me
2064 924 2225 964 exest-

726 992 907 1033 satum.

657 1073 723 1129 ν.
755 1073 849 1129 20.
896 1073 961 1127 Et
1001 1072 1140 1126 alius
1178 1072 1353 1126 dixit:
1396 1070 1818 1151 Uxoremduxi,
1861 1080 1909 1125 et
1949 1081 2222 1142 propterea

1149 1159 1251 1195 non
1279 1158 1490 1211 possum
1535 1158 1725 1195 venire.

725 1257 1042 1313 Generatim
1091 1257 1265 1311 tribus
1292 1256 1467 1310 modis
1497 1255 1758 1310 excidunt
1799 1254 2019 1323 quidam
2066 1268 2097 1308 a
2126 1268 2222 1309 vo-

651 1350 910 1405 catione:
961 1348 1350 1418 imaginatione
1397 1347 1711 1415 dogmatum
1758 1346 2078 1410 meliorum,
2136 1359 2222 1401 se-

650 1441 809 1512 quela
873 1455 1165 1503 sensuum,
1224 1449 1278 1493 et
1329 1438 1626 1508 voluptate.
1684 1437 1787 1504 Qui
1837 1437 1985 1492 enim
2032 1451 2219 1507 agrum

649 1544 935 1597 emerunt,
975 1532 1065 1602 qui
1116 1533 1277 1585 etiam
1338 1545 1550 1585 cmnam
1598 1540 1900 1594 excusant,
1949 1537 2075 1583 sunt
2125 1528 2218 1598 qni

653 1634 938 1680 assumunt
989 1622 1095 1676 alia
1139 1623 1395 1692 dogmata
1446 1621 1790 1687 divinitatis,
1834 1634 1955 1690 qua
1995 1620 2217 1674 multant

656 1716 860 1772 habent
904 1713 1441 1769 verosimililudinem
1495 1722 1551 1768 et
1594 1713 1913 1767 varietatem
1947 1712 2214 1767 rationis:

647 1808 741 1879 qui
789 1807 952 1863 etiam
998 1813 1355 1861 contemnunt
1397 1818 1586 1874 agrum
1634 1805 1883 1859 habentis
1936 1804 1991 1858 in
2036 1804 2217 1867 seipse

2419 614 2481 664 Ὀ
2526 612 2755 684 πρῶτος
2785 610 2953 665 εἶπεν
2992 614 3151 684 αὐτῷ
3172 630 3188 645 ο
3239 610 3437 683 Ἀγρὸν
3477 610 3749 684 ὴγόμιάα
3769 658 3783 680 ,
3813 610 3911 670 καὶ

2401 683 2519 750 ἔχω
2545 682 2815 752 ἀνάγκην
2834 682 3122 754 ἐξελθεῖν,
3158 686 3255 737 καὶ
3281 684 3431 738 ἰδεῖν
3443 682 3649 741 αὐτόν.
3688 688 3916 754 Ἐρωτῶ

2399 769 2473 807 σε
2496 792 2511 815 ,
2541 754 2643 821 ἔχε
2669 770 2744 820 με
2764 753 3203 821 παρῃτημένον.

2328 842 2473 914 Στίχ,
2506 842 2590 897 ιθ’.
2626 844 2732 897 Καὶ
2767 843 2970 910 ἕτερος
3001 840 3161 897 εἶπεν
3210 844 3400 914 Ζεύγη
3426 843 3595 907 ,βοῶν
3634 846 3911 914 ἠγόρασα

2396 912 2593 973 πέντε,
2612 915 2709 966 καὶ
2732 916 3051 981 πορεύομαι
3068 913 3379 981 δοκιμάσαι
3391 916 3564 968 αὐτά.
3584 912 3800 983 Ἐρὼτῶ
3812 932 3909 981 σε,

2396 984 2497 1050 ἔχε
2520 1000 2597 1051 με
2618 984 3054 1053 παρῃτημένον.

2330 1072 2476 1143 Στίχ.
2510 1080 2579 1126 κ’.
2609 1073 2717 1145 Καὶ
2767 1073 2966 1140 ἕτερος
3010 1070 3139 1145 εἶπε
3227 1073 3497 1145 Γυναῖκα
3533 1076 3725 1145 ἔγημα
3749 1116 3764 1139 ,
3804 1078 3905 1132 καὶ

2636 1142 2732 1195 διὰ
2759 1145 2932 1197 τοῦτο
2965 1146 3036 1196 οὺ
3055 1144 3307 1212 δύναμαι
3338 1144 3557 1198 ἐλθεῖν.

2408 1254 2619 1318 Ἀπλῶς
2662 1254 2719 1307 δὲ
2767 1257 2913 1325 τρισὶ
2951 1256 3171 1325 egomt;
3213 1255 3581 1308 ἀποπίπτουσί
3623 1274 3768 1321 τινες
3800 1257 3902 1329 τῆς

2324 1346 2602 1416 κλήσεως-
2654 1348 2924 1417 φαντασία
2971 1347 3254 1417 δογμάτων
3315 1348 3669 1418 κρειττόνων,
3717 1348 3898 1416 διώξει

2323 1436 2614 1507 αἰσθητῶν,
2651 1438 2744 1491 καὶ
2772 1437 3072 1508 φιληδονίᾳ.
3109 1439 3171 1489 Oi
3209 1438 3307 1507 μὲν
3339 1438 3450 1510 γὰρ
3489 1440 3658 1511 ἀγρὸν
3696 1442 3902 1513 ἀγορά-

2322 1518 2512 1592 σαντές
2544 1531 2680 1581 εἰσιν
2705 1529 2754 1581 οἳ
2786 1529 2877 1582 καὶ
2907 1527 3296 1598 παραιτοῦνται
3333 1528 3393 1580 τὸ
3425 1528 3671 1595 δεῖπνον,
3708 1532 3756 1583 oi
3788 1548 3897 1583 πα-

2324 1619 2651 1690 ραλαϐόντες
2695 1617 2940 1686 δόγματα
2986 1617 3144 1686 ἕτερα
3201 1617 3300 1688 τῆς
3357 1616 3643 1688 θεότητος,
3696 1621 3900 1692 πολλὴν

2319 1711 2509 1781 ἔχοντα
2536 1709 2632 1779 τὴν
2653 1707 3007 1777 πιθανότητα,
3044 1709 3139 1760 καὶ
3164 1708 3261 1779 τὴν
3284 1709 3554 1762 ποικιλίαν
3578 1710 3671 1763 τοῦ
3703 1711 3861 1782 λόγου
3881 1732 3894 1743 ·

2318 1798 2367 1850 οἶ
2414 1798 2507 1850 καὶ
2565 1794 2964 1867 καταφρονοῦσι
3007 1796 3100 1849 τοῦ
3154 1796 3359 1867 ἀγροῦ,
3409 1798 3503 1851 τοῦ
3569 1799 3783 1870 ἔχοντος
3835 1805 3901 1856 ἐν

651 1878 841 1969 agrum
885 1907 940 1953 et
973 1898 1225 1952 virtutes.
1256 1896 1359 1963 Qui
1401 1895 1568 1966 igitur
1612 1896 1828 1965 ignorat
1875 1910 1976 1949 nee
2022 1894 2208 1963 probat

2320 1888 2499 1961 ἑαυτῷ
2544 1890 2712 1961 ἀγρὸν
2760 1890 2855 1943 καὶ
2901 1889 3182 1960 δυνάμεις.
3235 1892 3293 1945 ’0
3337 1887 3431 1945 οὖν
3486 1893 3561 1964 μὴ
3610 1894 3733 1947 ίδὼν
3759 1896 3901 1969 μηδὲ

648 2006 812 2059 quam
846 1989 1154 2059 possidebat
1186 1989 1479 2052 rationem,
1525 2001 1590 2042 ex
1635 2000 1702 2040 eo
1735 1985 1879 2054 quod
1930 1996 2088 2040 antea
2134 1984 2214 2039 di-

645 2082 907 2146 dicissel',
964 2081 1012 2135 is
1048 2079 1357 2135 necessario
1412 2092 1514 2133 nec
1562 2086 1756 2147 sponte
1813 2077 1924 2133 exit
1977 2092 2009 2133 e
2057 2091 2216 2133 omna

646 2184 703 2231 et
740 2181 988 2237 vocante,
1033 2170 1172 2226 forte
1222 2171 1388 2226 etiam
1442 2180 1495 2225 et
1538 2170 1605 2225 de
1653 2170 1850 2239 seipse.
1889 2167 2031 2222 Dicit
2084 2182 2215 2222 vero

647 2267 776 2321 illud
820 2264 965 2335 Rogo
999 2272 1080 2328 te,
1130 2273 1385 2332 tanquam
1427 2260 1543 2316 solo
1580 2263 1748 2316 verbo
1794 2270 2083 2315 vocantem
2117 2274 2204 2315 re-

647 2359 871 2413 veritus.

719 2449 821 2515 Qui
862 2448 990 2518 juga
1020 2447 1182 2501 boum
1208 2445 1341 2502 emit
1383 2444 1645 2515 quinque,
1679 2445 1727 2499 is
1753 2443 1956 2514 estqui
2007 2443 2215 2499 intelle-

647 2540 877 2596 ctualem
916 2540 1219 2595 contemnit
1246 2546 1522 2600 naturam,
1555 2548 1611 2592 et
1655 2539 1804 2591 circa
1837 2536 2109 2592 sensualia
2151 2536 2214 2589 li-

645 2634 838 2687 benter
867 2641 1133 2686 versatur.
1167 2627 1278 2685 Nec
1321 2630 1424 2684 iste
1451 2630 1769 2700 approbavit
1809 2628 1880 2683 ab
1914 2629 2067 2684 initio
2094 2643 2213 2697 qua:

646 2731 924 2778 emerunt.
974 2721 1033 2776 Si
1071 2721 1316 2775 binarius
1349 2736 1608 2776 numerus
1637 2722 1702 2774 ad
1729 2720 2031 2774 materialia
2066 2721 2213 2776 ordi-

645 2826 827 2877 natur,
879 2812 984 2867 iste
1020 2812 1324 2866 materialia
1369 2811 1425 2865 in
1464 2812 1641 2881 pretio
1670 2812 1877 2877 habuit,
1922 2820 2209 2882 propterea

643 2907 761 2975 ipse
803 2918 1020 2975 quoque
1070 2902 1487 2958 intellectualem
1525 2918 1738 2959 orenam
1771 2916 2020 2963 excusat.
2060 2904 2212 2960 Alius

643 3007 730 3050 est
768 2995 857 3065 qui
893 2995 1059 3051 dicit:
1108 2993 1340 3049 Umorem
1382 2995 1539 3062 dua'i,
1570 2995 1660 3064 qui
1692 2995 1901 3050 videtur
1937 2996 2213 3052 invenisse

647 3085 1001 3156 sapientiam,
1032 3094 1082 3138 et
1125 3084 1283 3154 hujus
1339 3086 1723 3141 communione
1759 3100 2008 3142 veraeem
2042 3103 2208 3144 excu-

642 3187 759 3245 sat;
806 3177 891 3231 vel
946 3176 1039 3245 qui
1080 3177 1230 3231 carni
1279 3175 1486 3240 unitus,
1538 3187 1753 3232 amator
1790 3177 2085 3247 voluptatis
2126 3189 2277 3265 estC

638 3270 841 3340 potius,
870 3282 1033 3337 quam
1074 3267 1193 3323 Dei.
1239 3266 1552 3323 Generatim
1590 3268 1759 3334 igitur
1808 3278 1919 3323 tota
1953 3272 2207 3339 parabola

642 3361 725 3414 sic
764 3373 823 3414 se
852 3358 1035 3413 habet.
1065 3356 1268 3428 Accipe
1311 3366 1367 3411 tu
1412 3371 1547 3412 vero
1584 3357 1745 3414 aliter
1788 3373 1910 3429 qua:
1953 3364 2021 3417 ad
2063 3363 2207 3419 hunc

641 3451 818 3507 locum
852 3449 1167 3520 pertinent,
1208 3457 1477 3520 quatenus
1512 3449 1760 3506 homines
1797 3467 2004 3519 sumus,
2036 3463 2089 3510 et
2123 3456 2207 3511 di-

638 3543 803 3597 vitias
846 3540 1105 3597 bonitatis
1138 3542 1232 3596 Dei
1276 3554 1383 3596 non
1415 3540 1634 3610 expedit
1672 3543 1830 3599 nobis
1861 3545 2026 3600 scire.

713 3631 1033 3687 Necessario
1067 3630 1208 3686 Deus
1238 3631 1445 3686 homini
1472 3632 1831 3702 assimilatur,
1862 3644 1923 3689 ut
1949 3651 2070 3691 cum
2109 3638 2204 3693 ho-

638 3725 877 3779 minibus
899 3723 1174 3793 loquatur,
1198 3722 1290 3792 qui
1323 3737 1430 3777 non
1459 3725 1681 3793 capiunt
1710 3726 2010 3794 dispensari
2037 3745 2065 3782 a
2093 3729 2204 3784 Deo

637 3818 912 3880 universa,
948 3824 1203 3868 manente
1251 3815 1382 3869 Deo.
1436 3813 1591 3871 Tunc
1648 3831 1776 3872 vero
1815 3833 1919 3872 non
1969 3820 2205 3889 amplius

637 3906 975 3961 assimilatur
1008 3905 1238 3973 homini,
1270 3905 1488 3975 quando
1525 3918 1803 3964 cessantes
1830 3925 1861 3963 a
1895 3913 2201 3967 contentio-

635 4013 725 4063 ne,
757 3997 876 4053 zelo
901 3998 1221 4068 caterisque
1266 4000 1446 4064 malis,
1493 4008 1550 4054 et
1595 3999 1664 4055 ab
1706 4002 2072 4059 ambulatione
2112 4019 2203 4059 se-

632 4091 866 4145 cundum
906 4090 1217 4156 hominem,
1252 4091 1539 4160 dignamur
1583 4094 1771 4149 audire
1819 4109 1852 4148 a
1897 4095 2042 4150 Deo:
2088 4095 2201 4166 Ego

630 4184 785 4238 disi:
817 4182 904 4236 Dii
931 4183 1054 4238 estis
1089 4192 1139 4237 et
1173 4182 1275 4251 ﬁlii
1321 4182 1570 4240 Subtimis
1611 4201 1787 4240 omnes
1811 4187 1877 4242 ⁸⁷.
1914 4185 2067 4242 Tunc
2091 4201 2199 4241 non

629 4275 864 4343 amplius
894 4283 952 4329 et
982 4274 1105 4330 aliis
1134 4274 1317 4331 multis
1353 4276 1665 4333 nominibus
1705 4278 2029 4347 appellatur,
2071 4279 2197 4349 qui-

626 4365 728 4419 bus
782 4366 985 4436 indiget
1027 4376 1284 4436 peccator
1327 4367 1527 4433 homo;
1592 4372 1829 4439 panther
1887 4380 1943 4425 et
1977 4372 2099 4438 leo,
2145 4383 2200 4427 et

627 4470 792 4509 ursus
833 4455 978 4510 sicut
1020 4456 1075 4510 in
1121 4458 1401 4527 prophetis
1449 4459 1716 4528 scriptum
1757 4469 1862 4516 est.
1911 4461 2064 4518 Haud
2098 4465 2197 4519 ali-

2317 1983 2618 2053 δοκιμάσας
2656 1983 2715 2036 δν
2762 1984 3030 2053 ἐκτήσατο
3076 1983 3232 2051 λόγον
3280 1983 3369 2037 διὰ
3400 1985 3458 2039 τὸ
3514 1988 3900 2059 προειλῆφθαι,

2318 2074 2380 2140 ἐξ
2410 2076 2655 2145 ἀνάγκης
2687 2077 2781 2129 καὶ
2807 2077 2906 2146 οὐχ
2947 2077 3208 2140 ἑκουσίως
3256 2076 3533 2150 ἐξέρχεται
3562 2080 3627 2132 ὲκ
3660 2081 3755 2136 τοῦ
3787 2082 3897 2135 δεί-

2318 2182 2482 2230 πνου,
2528 2164 2623 2218 καὶ
2660 2165 2756 2219 τοῦ
2807 2166 3169 2237 κεκληκότος,
3205 2167 3345 2238 τάχα
3374 2168 3430 2221 δὲ
3451 2169 3544 2223 καὶ
3571 2170 3784 2224 ἑαυτοῦ.
3821 2172 3902 2225 Τὸ

2314 2257 2371 2310 δὲ
2417 2255 2643 2323 Ἐρωτῶ
2675 2256 2749 2310 σέ
2774 2274 2963 2329 φησιν,
2989 2258 3064 2320 ὡς
3097 2257 3239 2327 λόγῳ
3270 2257 3417 2328 μόνῳ
3456 2259 3771 2330 αἰδούμενος
3802 2262 3898 2315 τὸν

2317 2348 2639 2419 κεκληκότα.

2402 2442 2460 2495 ὐ
2491 2442 2547 2496 δὲ
2578 2442 2745 2513 ζεύγη
2781 2442 2920 2513 βοῶν
2946 2443 3224 2514 ἀγοράσας
3252 2443 3434 2508 πέντε,
3469 2436 3626 2508 οὗτος
3666 2447 3817 2499 ἐστιν
3860 2450 3894 2501 ὁ

2315 2535 2413 2604 τῆς
2441 2535 2643 2605 νοητῆς
2682 2535 3037 2606 καταφρονῶν
3062 2534 3296 2605 φύσεως,
3330 2536 3459 2606 περὶ
3481 2536 3538 2589 δὲ
3561 2536 3629 2589 τὰ
3657 2538 3901 2609 αίσθητὰ

2314 2626 2630 2698 φιλοχωρῶν
2658 2644 2671 2657 ·
2713 2627 2820 2680 οὐδ’
2854 2622 3008 2690 οὗτος
3055 2627 3376 2698 ἐδοκίμασεν
3416 2628 3476 2694 ἐξ
3504 2629 3679 2700 ἀρχῆς
3710 2630 3748 2685 ἃ
3787 2630 3893 2683 ἐώ-

2312 2735 2518 2789 νηνται.
2569 2719 2631 2771 El
2652 2720 2681 2770 ὁ
2729 2718 2821 2771 δύο
2849 2717 3082 2788 ἀριθμὸς
3113 2718 3206 2771 ἐπὶ
3238 2717 3370 2781 ὖλας
3410 2720 3699 2782 τάσσεται,
3733 2714 3896 2785 οὗτος

2312 2810 2381 2863 τὰ
2409 2810 2568 2864 ὑλικά
2601 2811 2829 2882 ἐτίμησε
2849 2828 2863 2841 ·
2889 2810 2971 2864 διὸ
3017 2813 3112 2865 καὶ
3163 2804 3318 2875 οὗτος
3362 2810 3424 2863 τὸ
3465 2812 3652 2883 νοητὸν
3678 2813 3897 2867 δεῖπνον

2313 2901 2640 2972 παρῄτηται.
2695 2902 2751 2955 Ὀ
2797 2901 2853 2955 δὲ
2886 2901 3072 2972 ἕτερός
3125 2904 3269 2956 ἐστιν
3314 2901 3344 2954 ὁ
3382 2900 3586 2955 εἰπών·
3620 2903 3900 2959 Γυναῖκα

2310 2990 2534 3061 ἔγημα,
2568 2994 2597 3046 ὁ
2636 2992 2809 3045 δοκῶν
2837 2991 3132 3063 εὑρηκέναι
3166 2991 3390 3061 σοφίαν,
3422 2992 3516 3046 καὶ
3546 2992 3749 3065 ταύτης
3775 3011 3894 3047 κοι-

2311 3086 2541 3156 νωνήσει
2588 3085 3024 3156 παραιτούμενος
3054 3085 3151 3156 τὴν
3192 3085 3393 3155 ἀληθῆ”
3445 3087 3480 3156 ἢ
3534 3088 3564 3138 ὁ
3608 3089 3674 3158 τῇ
3724 3088 3897 3158 σαρκὶ

2312 3172 2619 3243 ἑνούμενος,
2655 3172 2931 3244 φιλήδονος
2962 3172 3160 3242 μᾶλλον
3190 3172 3225 3243 ἢ
3252 3172 3513 3242 φιλόθεος.
3549 3172 3622 3225 Τὸ
3665 3172 3766 3242 μὲν
3793 3169 3891 3227 οὖν

2308 3262 2588 3335 ὁλοσχερὲς
2611 3263 2711 3333 τῆς
2743 3262 3054 3334 παραϐολῆς
3077 3263 3267 3327 οὕτως’
3304 3263 3499 3317 ἐκλαὸε
3541 3263 3597 3317 δὲ
3651 3266 3746 3319 καὶ
3784 3264 3888 3319 ἁλ-

2306 3353 2413 3417 λως
2444 3353 2511 3407 τὰ
2537 3354 2678 3408 κατὰ
2709 3354 2800 3407 τὸν
2840 3353 3034 3417 τόπον,
3063 3355 3186 3406 ὅσον
3230 3353 3504 3423 ἄνθρωποί
3537 3356 3705 3423 ἐσμεν
3724 3394 3738 3418 ,
3782 3348 3892 3410 καὶ

2304 3450 2395 3504 τὸν
2425 3449 2652 3504 πλοῦτον
2684 3449 2783 3519 τῆς
2813 3448 2906 3503 τοῦ
2936 3450 3071 3504 Θεοῦ
3106 3450 3471 3522 χρηστότητος
3510 3453 3571 3504 οὐ
3604 3452 3883 3523 συμφέρει

2306 3539 2592 3609 γινώσκειν
2622 3543 2776 3613 ημῖν.

2387 3633 2720 3702 ’Δναγκαίως
2760 3636 2789 3687 ὁ
2836 3633 2970 3697 Θεὸς
3023 3633 3297 3705 ἀνθρώπῳ
3325 3632 3638 3705 ὁμοιοῦται,
3690 3638 3758 3691 ἵν’
3804 3639 3887 3702 ὼς

2303 3722 2608 3795 ἀνθρώποις
2632 3724 2860 3798 λαλήσῃ,
2895 3724 2970 3796 μὴ
3004 3725 3271 3796 χωροῦσιν
3300 3727 3727 3798 οἱκονομηθῆναι
3775 3730 3887 3782 ὑπὸ

2304 3814 2397 3868 τοῦ
2429 3815 2565 3869 Θεοῦ
2599 3815 2797 3880 πάντα,
2835 3815 3088 3886 μένοντος
3120 3815 3212 3869 τοῦ
3240 3816 3397 3871 Θεοῦ.
3434 3819 3543 3871 Καὶ
3581 3820 3700 3873 τότε
3742 3822 3887 3875 παύ-

2306 3924 2455 3962 σεται
2485 3908 2837 3979 ὁμοιούμενος
2862 3907 3131 3979 ἀνθρώπῳ
3149 3948 3164 3972 ,
3195 3909 3354 3972 ὅταν,
3383 3912 3723 3981 παυσάμενοι
3760 3911 3887 3985 55'.-

2307 3998 2416 4063 δος,
2471 4000 2631 4071 ζήλου
2677 3999 2771 4052 καὶ
2821 3998 2929 4051 τῶν
2975 3998 3174 4051 λοιπῶν
3220 4000 3424 4064 κακῶν,
3467 4004 3561 4057 καὶ
3599 4003 3694 4057 τοῦ
3756 4008 3881 4060 κατ’

2300 4090 2582 4162 ἄνθρωπον
2625 4092 2942 4161 περιπατεῖν
2962 4128 2978 4152 ,
3013 4089 3333 4163 ἀξιωθῶμεν
3381 4094 3611 4148 ἀκοῦσαι
3640 4095 3749 4148 ἀπὸ
3780 4097 3882 4151 τοῦ

2300 4182 2467 4236 Θεοῦ·
2512 4182 2650 4251 Ἐγὼ
2701 4178 2871 4236 siza'
2926 4183 3058 4235 Θεοί
3108 4183 3248 4237 ἐστε
3274 4185 3373 4237 καὶ
3415 4186 3533 4239 υἱοὶ
3576 4187 3879 4256 ’Υψιστου

2300 4274 2539 4340 πάντες.
2571 4273 2850 4327 Πέπαυται
2891 4272 2947 4326 δὲ
2996 4273 3092 4327 καὶ
3139 4273 3273 4327 ἄλλα
3312 4275 3482 4329 πολλὰ
3521 4277 3877 4348 καλούμενος,

2298 4358 2372 4418 ὧν
2401 4362 2718 4434 ἁμαρτωλὸς
2746 4361 2933 4433 χρῄζει
2962 4360 3245 4433 ἄνθρωπος
3264 4403 3279 4427 ,
3313 4364 3527 4436 πάνθηρ
3578 4368 3671 4420 καὶ
3716 4366 3881 4434 λέων,

2298 4457 2391 4508 καὶ
2420 4456 2640 4526 ἄρκτος,
2666 4453 2743 4517 ώς
2769 4454 2827 4506 ἐν
2856 4455 2969 4516 τοῖς
2998 4457 3299 4525 προφήταις
3331 4456 3657 4526 γέγραπται.
3684 4458 3877 4523 Οὕτως

629 4554 710 4600 ter
740 4544 981 4615 intelligo
996 4556 1050 4601 et
1078 4546 1244 4602 illud:
1273 4546 1415 4602 Deus
1433 4558 1627 4615 noster,
1640 4550 1777 4621 ignis
1800 4568 2105 4607 consumens
2122 4555 2189 4611 “.

2306 4544 2476 4599 ὶκούω
2497 4546 2591 4599 καὶ
2614 4544 2708 4598 τοῦ
2728 4561 2742 4575 ο
2787 4546 2850 4598 '0
2880 4543 3023 4609 Θεὸς
3048 4544 3213 4612 ἡμῶν
3250 4545 3368 4613 πῦρ
3399 4549 3870 4606 καταναλίσκον.

624 4633 731 4688 Pro
763 4650 828 4689 eo
856 4636 1001 4691 enim
1043 4638 1132 4707 qui
1169 4639 1364 4708 dignus
1399 4655 1505 4694 non
1531 4649 1615 4696 est
1640 4645 2072 4712 consumptione,
2105 4646 2195 4702 lux

626 4735 746 4793 est;
788 4727 1085 4782 secundum
1142 4726 1401 4784 Joannem
1460 4733 1773 4789 dicentem:
1818 4734 1957 4789 Deus
2018 4747 2196 4790 noster

625 4817 719 4870 lux
747 4829 821 4871 est
841 4819 908 4873 ²’.
942 4819 1010 4873 Et
1054 4834 1279 4875 rursus:
1317 4818 1592 4887 Nondum,
1626 4825 1822 4892 inquit,
1853 4826 2193 4895 manifestans

625 4917 698 4960 est
728 4911 853 4979 quid
891 4910 1109 4965 erimus.
1151 4908 1406 4965 Nouimus
1435 4923 1645 4977 autem,
1689 4919 1829 4985 quod
1876 4917 1924 4970 si
1969 4919 2191 4988 manife-

623 5009 818 5054 statum
860 5001 1058 5070 fuerit,
1098 5001 1303 5057 similes
1349 5004 1449 5071 ipsi
1492 5005 1705 5070 erimus,
1745 5007 1871 5076 quia
1902 5009 2191 5066 videbimus

623 5104 743 5142 eius:
779 5093 938 5145 sicuti
973 5104 1048 5147 est
1074 5092 1141 5147 ³⁸.
1174 5092 1434 5159 Quamvis
1464 5097 1607 5149 enim
1638 5098 1780 5167 digni
1811 5096 1987 5155 εποιειί
2022 5101 2191 5158 simus

624 5185 684 5228 nt
713 5177 1198 5246 impraesentiarum
1238 5183 1513 5237 videamus
1557 5185 1721 5238 Deum
1754 5196 1935 5241 mente
1976 5197 2031 5242 et
2064 5203 2190 5243 cor-

625 5266 728 5345 de;
764 5276 820 5319 at
855 5282 962 5322 non
997 5271 1242 5326 videmus
1271 5287 1393 5327 eum
1428 5274 1584 5327 sicuti
1613 5282 1713 5339 est,
1749 5275 1841 5329 sed
1876 5277 2031 5331 sicuti
2062 5293 2191 5333 con-

626 5355 784 5423 tingit
833 5358 987 5414 nobis
1028 5372 1251 5432 propter
1294 5373 1536 5419 nostram
1599 5367 1979 5420 meonomiam.
2021 5370 2090 5423 At
2133 5371 2187 5424 in

626 5448 964 5506 restitutione
1024 5457 1261 5511 omnium
1303 5470 1505 5524 remm,
1550 5473 1686 5527 quas
1733 5458 1937 5515 locutus
1978 5470 2052 5516 est
2095 5479 2188 5526 per

624 5554 683 5589 os
719 5547 1018 5596 sanctorum
1048 5547 1160 5615 ejus
1201 5549 1266 5614 ³¹,
1309 5551 1634 5613 videbimus,
1686 5565 1791 5606 non
1837 5553 1977 5608 sicut
2005 5571 2184 5619 nunc,

623 5631 767 5697 quod
799 5646 903 5685 non
937 5645 1041 5699 est,
1093 5641 1187 5694 sed
1232 5642 1375 5696 sicut
1418 5643 1669 5713 congruit
1710 5651 1858 5709 tunc,
1903 5646 2045 5714 quod
2075 5656 2180 5705 est.

2299 4637 2387 4707 Τῷ
2417 4637 2524 4708 γὰρ
2579 4637 2678 4691 οὐκ
2718 4635 2829 4690 ὄντι
2883 4634 3019 4706 ἀξίῳ
3062 4638 3550 4691 καταναλίσκεσθαι
3599 4641 3716 4709 φῶς
3754 4643 3880 4697 ἐστι

2296 4730 2435 4783 κατὰ
2467 4728 2559 4782 τὸν
2595 4728 2846 4797 Ἰωάννην
2872 4726 3117 4795 λέγοντα·
3134 4728 3186 4779 '0
3213 4728 3357 4794 Θεὸς
3379 4729 3546 4798 ἡμῶν
3569 4730 3695 4800 ςεῶς
3715 4734 3874 4789 ἐστι.

2294 4823 2404 4877 Καὶ
2436 4817 2593 4884 αὖθις
2612 4837 2625 4851 ·
2679 4819 2872 4881 Οὔπω,
2904 4820 3087 4889 φησιν,
3120 4818 3459 4889 ἐφανερώθη
3494 4824 3550 4875 τί
3575 4823 3873 4893 ἐσόμεθαο

2292 4911 2536 4983 οἴδαμεν
2558 4910 2646 4974 δὲ,
2674 4910 2785 4973 ὅτι,
2816 4911 2924 4964 ἐὰν
2949 4910 3262 4979 φανερωθῇ
3280 4951 3295 4975 ,
3323 4911 3511 4981 ὅμοιοι
3542 4914 3703 4981 αὐτῷ
3733 4918 3877 4971 ἐσό-

2286 5008 2466 5072 μεθα,
2513 5003 2602 5056 ὅτι
2643 5003 2909 5069 ὀμιόμεθα
2948 5001 3135 5053 αὐτὸν
3189 5000 3381 5067 καθώς
3417 5003 3605 5058 ἐστιν.
3652 5006 3715 5058 Εἰ
3759 5008 3876 5080 γὰρ

2291 5095 2385 5148 καὶ
2409 5093 2726 5164 ἀξιωθῶμεν
2760 5090 2949 5162 βλέψαι
2981 5090 3072 5144 νῦν
3114 5090 3206 5144 τὸν
3248 5091 3379 5144 Θεὸν
3428 5094 3507 5165 τῷ
3541 5095 3617 5166 νῷ
3662 5098 3758 5151 καὶ
3803 5102 3870 5169 τῇ

2292 5187 2506 5259 καρδίᾳ,
2535 5187 2596 5239 οὐ
2638 5184 2907 5255 βλέπομεν
2935 5183 3098 5237 αὐτὸν
3145 5182 3336 5249 καθώς
3357 5186 3547 5251 ἐστιν,
3594 5187 3731 5242 ἀλλά
3763 5206 3871 5243 καο

2292 5280 2398 5345 θὼς
2425 5280 2513 5333 διὰ
2545 5280 2643 5350 τὴν
2683 5275 2957 5347 ἡμετέραν
2989 5276 3297 5345 οἰκονομίαν
3345 5277 3501 5347 ήμῶν
3533 5280 3741 5347 γίνεται
3761 5298 3774 5311 ⁸
3809 5285 3875 5335 ἐν

2292 5373 2349 5425 δὲ
2376 5374 2441 5443 τῇ
2470 5369 2907 5424 ἀποκαταστάσει
2934 5369 3171 5430 πάντων,
3194 5361 3271 5421 ὧν
3302 5369 3570 5438 amme-
3596 5372 3692 5427 διὰ
3724 5377 3872 5428 στό-

2288 5480 2475 5532 ματος
2515 5460 2637 5515 τῶν
2679 5460 2860 5528 ἁγίων
2905 5458 3110 5523 αὑτοῦ,
3154 5460 3397 5531 ὀψόμεθα
3445 5464 3543 5533 οὐχ
3591 5465 3666 5528 ὡς
3708 5465 3807 5521 νῦν
3838 5468 3870 5521 ὃ

2290 5558 2389 5611 οὐκ
2412 5557 2576 5621 ἐστιν,
2603 5555 2717 5609 ἀλλ’
2745 5555 2819 5618 ὡς
2858 5555 3053 5625 πρέπει
3091 5556 3209 5608 τότε
3236 5597 3249 5619 ,
3294 5558 3321 5609 ὃ
3355 5558 3490 5612 ἐστι.
3556 5560 3690 5631 Παρ’
3732 5563 3869 5633 ἡμῖν

2294 5649 2393 5720 μὲν
2413 5644 2506 5703 οὖν
2534 5649 2645 5710 τοῖς
2670 5643 2975 5716 ἀνθρώποις
2998 5645 3268 5718 ἀνθρώπῳ
3290 5648 3546 5721 ὡμοιώθη
3568 5669 3580 5681 ·
3617 5653 3773 5723 παρὰ
3805 5653 3866 5708 δὲ

724 5833 934 5891 ⁸⁷ΡειιΙ.
972 5852 1154 5905 um,
1186 5840 1238 5896 6.
1318 5842 1362 5875 “
1394 5842 1547 5902 Deut.
1580 5862 1653 5913 tv,
1683 5846 1774 5902 24.
1862 5849 1903 5883 ²⁹
1929 5847 2082 5906 Joan.
2121 5868 2157 5917 ι,
2188 5851 2208 5907 Ξ

2326 5854 2368 5885 ³⁰
2397 5853 2414 5906 l
2445 5853 2600 5909 Joan.
2633 5871 2710 5920 Ill,
2741 5853 2797 5909 2.
2884 5855 2923 5886 ⁸⁸
2961 5854 3090 5910 Luc.
3128 5870 3164 5919 ι,
3186 5855 3253 5908 70
