4172 6394
285 455 394 510 365

1573 448 1870 506 SCHOLIA
1906 447 1972 503 IN
2014 446 2272 501 LUCAM.

3441 443 3549 493 δοο

279 573 396 634 τοῖς
425 570 652 634 ἑαυτοὺς
680 569 1189 642 άποθεὼσασιθεῷο
1233 569 1288 624 '0
1317 569 1461 636 Θεὸς
1491 569 1601 641 γάρ
1622 569 1753 623 ἐστι
1772 566 1869 639 (9),

1984 563 2136 634 Apud
2172 576 2273 616 nos
2305 560 2472 632 igitur
2513 558 2766 616 homines
2798 553 3006 612 homini
3057 552 3388 610 sssimilatus
3424 563 3548 610 est:

280 665 468 736 φησὶν,
496 663 567 717 ἐν
591 661 915 733 συναγωγῇ
938 661 1110 719 θεῶν.

923 840 1080 894 ΚΕΦ.
1123 841 1224 892 1Ε’.

284 935 434 1006 Σαίχ.
466 941 572 1004 κγ’.
597 934 707 990 Καὶ
729 934 1082 1004 ἐνέγκαντες
1109 935 1217 988 τὸν
1257 935 1498 1006 μόσχον
1528 931 1632 985 τὸν
1669 946 1869 985 σιτευ-

569 1005 699 1070 τὸν,
737 1002 848 1058 καί
865 1007 1162 1075 φαγόντες
1186 1002 1630 1074 εὐφρανθῶμεν.

356 1099 422 1152 El
445 1098 503 1152 δὲ
551 1098 660 1170 χρὴ
705 1098 796 1152 τὸν
834 1098 998 1152 τόπον
1044 1099 1142 1152 καὶ
1189 1097 1524 1170 ὑψηλότερον
1572 1093 1867 1167 θεωρῆσαι,

281 1191 725 1264 προκατάρχεται
761 1191 963 1260 λόγων,
993 1189 1201 1262 ὴθικῶν
1238 1191 1334 1262 μὲν
1354 1231 1368 1255 ,
1403 1187 1515 1242 οἷον
1546 1187 1776 1260 τροφῆς,
1810 1188 1870 1241 ἐν

278 1283 362 1355 τῷ
405 1285 692 1355 φαγόντες
725 1324 738 1348 ,
787 1283 1099 1338 ἐποπτικῶν
1138 1283 1228 1347 δὲ,
1279 1276 1391 1335 οἷον
1438 1280 1636 1344 ποτοῦ,
1679 1281 1738 1334 ὲν
1792 1275 1871 1349 τῷ

280 1377 729 1448 εὐφρανθῶμεν.
777 1371 952 1444 Οἶνος
983 1377 1091 1448 γὰρ
1140 1375 1298 1445 ἀρχὴ
1344 1375 1762 1445 εὐφροσύνης,
1795 1372 1870 1435 ὡς

281 1469 616 1540 γέγραπται.

914 1559 1073 1612 xm.
1116 1561 1233 1625 ις’.

281 1648 436 1729 Στ
469 1648 532 1714 ιζ’
540 1690 554 1703 .
574 1650 999 1729 Ερκοπάίτερον
1013 1648 1082 1729 (λέ
1095 1649 1228 1703 ἐστι
1239 1649 1351 1729 ,τὸν
1365 1649 1625 1729 οὐρανὸν
1640 1648 1738 1702 καὶ
1756 1647 1873 1729 τὴν

319 1719 440 1786 γῆν
449 1719 790 1788 παρελθεῖν,
806 1721 844 1788 ἢ
862 1719 970 1774 τοῦ
981 1720 1170 1788 νόμου
1179 1719 1327 1788 μίαν
1341 1720 1586 1788 κεραίαν
1607 1719 1838 1774 πεσεῖν.

360 1812 482 1864 Ἔτι
509 1811 620 1880 μία
651 1813 859 1881 κεραία
903 1815 964 1866 οὐ
999 1812 1130 1884 παρ’
1177 1811 1404 1883 Ἕλλησι
1447 1812 1606 1882 μόνον
1653 1811 1770 1865 ἐστὶ
1811 1811 1873 1862 τὸ

282 1903 423 1957 ἰῶτα
445 1943 460 1968 ,
495 1903 772 1959 ἀλλὰκαὶ
801 1906 932 1976 παρ’
978 1904 1250 1977 Ἑϐραίοις
1274 1903 1336 1957 τὸ
1367 1906 1496 1976 παρ’
1543 1904 1726 1968 αὐτοῖς
1768 1919 1871 1956 κα-

1976 653 2118 724 apud
2161 667 2258 708 eos
2294 665 2424 706 vero
2467 651 2557 721 qui
2605 663 2666 706 se
2693 648 2748 704 in
2809 647 2940 703 deos
2984 644 3246 710 referunt,
3294 645 3422 699 Deo.
3463 643 3549 699 lu-

1975 745 2096 814 quit
2139 743 2284 797 enim
2327 758 2342 796 :
2376 741 2516 796 Deus
2550 741 2688 794 stetit
2725 739 2780 793 in
2805 753 3075 808 synagoga
3117 735 3333 789 deorum
3363 733 3430 789 ³¹.

2599 831 2753 888 CAP.
2793 829 2914 884 XV.

1976 927 2044 984 Υ.
2075 929 2166 984 25.
2198 927 2266 981 Ει
2289 926 2567 996 afferentes
2596 923 2822 1045 vitulum
2845 922 3113 993 pinguem,
3147 929 3196 976 et
3224 918 3550 974 comedentes

2655 1005 2895 1045 aetemur.

2655 1005 2895 1047 aetemur.

2050 1089 2108 1146 Si
2149 1089 2281 1145 licet
2319 1088 2467 1143 hunc
2507 1086 2685 1141 locum
2731 1083 3019 1140 sublimius
3055 1081 3438 1156 contemplari,
3472 1082 3548 1136 in-

1977 1183 2156 1239 stituit
2184 1194 2492 1245 sermones,
2545 1177 2781 1233 morales
2828 1176 3070 1247 quidem,
3111 1185 3237 1247 puta
3287 1176 3550 1232 ciborum.

1977 1277 2107 1331 dum
2147 1274 2226 1330 ait
2265 1275 2630 1336 comedentes;
2686 1269 3050 1340 speculativos
3091 1284 3237 1333 vero,
3285 1278 3412 1340 puta
3455 1283 3548 1338 po-

1979 1377 2154 1430 tuum,
2187 1364 2316 1419 dum
2371 1363 2546 1432 inquit
2589 1365 2846 1418 laetemur.
2891 1359 3172 1430 Siquidem
3232 1357 3422 1414 Vinum
3467 1360 3550 1414 in-

1987 1458 2143 1511 itium
2172 1464 2247 1510 est
2281 1453 2481 1510 latitia:
2504 1454 2573 1521 ³³,
2601 1457 2742 1509 sicut
2764 1453 3024 1521 scriptum
3050 1460 3154 1508 est.

2601 1543 2754 1600 CAP.
2795 1543 2936 1600 XVI.

1977 1640 2044 1697 ν.
2067 1641 2154 1697 17.
2183 1637 2420 1694 Facilius
2451 1645 2627 1692 autem
2654 1645 2731 1691 est
2765 1635 2952 1690 calum
2972 1644 3020 1689 et
3039 1643 3238 1689 terram
3268 1636 3553 1705 praeterire,

2260 1726 2422 1780 quam
2459 1718 2518 1762 ut
2561 1707 2688 1777 legis
2727 1723 2863 1761 unus
2885 1721 3019 1774 apex
3045 1706 3274 1759 excidat.

2047 1802 2317 1859 Praterea
2345 1816 2483 1854 unus
2526 1813 2682 1869 apex,
2718 1813 2828 1854 non
2867 1807 2950 1854 est
2996 1797 3157 1852 modo
3201 1797 3312 1852 iota
3339 1793 3554 1854 Graeco-

1979 1913 2122 1963 rum,
2161 1897 2255 1952 sed
2275 1896 2483 1960 littera,
2516 1908 2638 1965 quae
2662 1893 2828 1950 etiam
2870 1891 3013 1962 apud
3047 1891 3301 1947 Hebraeos
3336 1901 3553 1946 vocatur

281 1991 545 2062 λούμενον
577 1992 698 2046 ίώθ.
728 1993 959 2048 Δύναται
981 1995 1038 2048 δὲ
1071 1994 1207 2048 ίῶτα
1237 1993 1580 2066 συμϐολικῶς
1620 1992 1873 2063 λέγεσθαι

1984 1989 2090 2056 iod.
2129 1987 2315 2044 Potest
2357 1997 2539 2042 autem
2581 1984 2878 2058 symbolice
2916 1984 3076 2040 Jesus
3123 1983 3389 2053 appellari
3428 1984 3556 2049 iota,

295 2082 530 2155 Ἰησοῖκ,
583 2084 814 2157 ἐπείπερ
861 2085 895 2156 ἡ
944 2084 1087 2157 ἀρχὴ
1119 2085 1213 2140 τοῦ
1258 2085 1522 2156 ὀνόματος
1566 2085 1734 2140 αὑτοῦ
1777 2085 1874 2139 καὶ

285 2178 420 2248 παρ’
449 2177 673 2248 Ἕλλησι
707 2179 802 2232 καὶ
849 2178 979 2251 παρ’
1021 2179 1291 2252 Ἑϐραίοις
1329 2177 1440 2232 ἀπὸ
1465 2175 1558 2232 τοῦ
1593 2177 1694 2235 ὶὼθ
1733 2178 1872 2250 γρά-

288 2287 470 2340 φεται.
516 2270 672 2323 Ἐστι
707 2269 887 2324 τοίνυν
913 2271 971 2323 ὲν
1019 2270 1098 2342 τῷ
1130 2269 1280 2341 νόμῳ
1318 2271 1348 2324 ὁ
1388 2269 1559 2339 Λόγος
1595 2268 1689 2322 τοῦ
1737 2268 1872 2324 Θεοῦ

288 2360 370 2431 μὴ
421 2359 833 2432 παρερχόμενος
875 2361 1067 2428 αὑτὸν,
1117 2360 1254 2432 μηδὲ
1304 2359 1570 2432 πρότερον
1636 2359 1870 2423 πίπτων,

289 2455 401 2520 ἕως
420 2453 497 2507 ἂν
516 2453 715 2508 πάντα
743 2455 985 2526 γένηται
1007 2473 1020 2486 ·
1043 2455 1165 2509 τότε
1187 2456 1245 2509 δὲ
1266 2456 1481 2509 πίπτων
1499 2497 1512 2520 ,
1537 2455 1625 2508 ἵνα
1652 2455 1874 2509 πλείονα

291 2548 502 2618 καρπὸν
528 2548 696 2620 φέρῃ*
734 2548 795 2602 οὑ
829 2549 1105 2620 νικηθεὶς,
1154 2547 1291 2603 ἀλλὰ
1333 2548 1709 2616 ταπεινώσας
1735 2549 1874 2602 ἑαυ-

291 2638 420 2704 τὸν,
446 2639 541 2692 καὶ
577 2642 896 2710 γενόμενος
928 2640 1197 2709 ὑπήκοος
1242 2641 1418 2711 μέχρι
1450 2640 1740 2704 θανάτου,
1775 2643 1875 2695 θα-

292 2729 478 2785 νάτου
511 2730 579 2784 δὲ
607 2732 897 2800 σταιιροῦ.

293 2891 442 3015 Στέ.
473 2891 558 2980 ιϐ’.
588 2895 694 2948 Καὶ
722 2825 1352 2982 εἱσερχιξιξῗουίξὺτοῦ
1377 2897 1468 2962 εις
1485 2912 1620 2950 τινα
1649 2895 1872 2965 κώμην,

412 2978 730 3015 τηντησαν
752 2981 912 3015 avra)
938 2965 1084 3015 δέκα
1107 2967 1317 3015 λεποοὶ
1338 2965 1574 3015 ἄνδρες.
1608 2966 1665 3015 οἳ
1690 2966 1872 3015 ἔστη-

412 2965 730 3036 πήντησαν
752 2965 912 3030 αὑτῷ
938 2965 1084 3019 δέκα
1107 2967 1317 3036 λεπροὶ
1338 2965 1574 3036 ἄνδρες,
1608 2966 1665 3020 οἳ
1690 2966 1873 3036 ἔστη-

365 3049 488 3086 σαν
511 3035 840 3106 ⁴πόρῤωθεινο.

296 3125 425 3196 Στίχ
483 3132 569 3194 ιγ’·
605 3125 910 3210 Καὶκαρτοὶ
951 3122 1378 3210 ἦρανέξῳνὴν,
1407 3129 1721 3210 τὶἐγτοντεςο
1770 3129 1877 3198 Ἰη-

617 3198 735 3250 σοῦ
762 3198 1074 3265 ἑπιστάτα,
1103 3198 1365 3266 ἐλέησον
1393 3198 1567 3269 ἡμᾶς.

1980 2081 2108 2150 quia
2138 2078 2353 2134 initium
2382 2078 2623 2134 nominis
2646 2077 2769 2148 ejus
2802 2085 2910 2132 tam
2942 2076 3083 2144 apud
3117 2074 3360 2137 Graecos,
3391 2089 3556 2144 quam

1982 2173 2124 2243 apud
2165 2170 2422 2228 Hebraeos
2455 2185 2551 2240 per
2581 2169 2679 2241 jad
2710 2169 2990 2225 scribitur.
3030 2167 3125 2223 Est
3161 2167 3324 2237 igitur
3361 2167 3412 2222 in
3443 2166 3556 2238 lege

1984 2265 2222 2322 Verbum
2261 2263 2354 2319 Dei
2381 2277 2720 2333 nequaquam
2754 2261 2898 2316 illam
2927 2261 3267 2331 praeteriens,
3290 2276 3389 2317 nec
3412 2263 3556 2332 prius

1979 2357 2260 2417 excidens,
2300 2355 2464 2409 donec
2499 2355 2679 2409 omnia
2716 2352 2852 2421 ﬁant
2880 2351 2948 2404 ⁸⁸.
2991 2350 3143 2406 Tunc
3187 2361 3368 2407 autem
3411 2353 3556 2407 exci-

1979 2443 2136 2506 dens,
2171 2451 2231 2496 ut
2268 2440 2506 2498 fruetum
2553 2442 2815 2512 majorem
2865 2440 3005 2495 ferat
3037 2458 3052 2495 :
3087 2456 3193 2495 non
3233 2441 3429 2504 victus,
3465 2441 3592 2496 sed‘

1979 2535 2265 2589 huniilians
2318 2535 2674 2602 semetipsum,
2711 2541 2760 2587 et
2800 2532 2973 2602 factus
3026 2531 3270 2588 obediens
3303 2548 3466 2602 usque
3491 2533 3557 2588 ad

1979 2633 2223 2691 mortem,
2270 2634 2494 2680 mortem
2527 2632 2706 2679 autem
2738 2625 2910 2680 crucis
2941 2624 3007 2678 ³⁵.

2586 2802 2736 2860 CAP.
2788 2801 2958 2859 XVII.

1987 2893 2050 2952 V.
2089 2895 2174 2949 I2.
2205 2898 2272 2950 Et
2320 2891 2616 2950 introeunte
2655 2894 2749 2949 illo
2798 2895 2854 2949 in
2906 2895 3184 2958 quemdam
3229 2895 3418 2957 vicum.
3469 2909 3557 2950 oc-

2051 2975 2328 3047 currerunt
2375 2967 2423 3020 ei
2490 2966 2672 3020 decem
2723 2965 2922 3034 le'prosi
2995 2966 3115 3032 viri,
3163 2967 3252 3036 qui
3305 2975 3560 3020 steterunt

2051 3051 2275 3090 eminus.

1986 3123 2048 3180 V.
2103 3125 2193 3180 1⁸5.
2236 3123 2306 3178 Et
2352 3125 2454 3196 ipsi
2503 3123 2802 3179 extulerunt
2843 3138 3041 3188 vocem,
3084 3124 3321 3196 dicentes
3372 3140 3392 3178 :
3433 3123 3562 3180 Jestt

2119 3223 2124 3229 -
2376 3195 2379 3196 ⁷
2403 3196 2668 3265 magister,
2706 3197 2949 3250 miserere
2972 3195 3139 3250 nobis.

369 3289 480 3343 Καί
507 3307 571 3358 γε
594 3291 722 3352 τοὺς
751 3290 880 3362 περὶ
915 3290 1121 3362 λέπρας
1152 3291 1350 3361 νόμους
1381 3291 1771 3364 ὑπολαμϐάνῃς
1808 3291 1874 3362 δή

2058 3285 2306 3342 Profecto
2329 3285 2476 3358 leges
2502 3301 2624 3356 quae
2647 3294 2776 3341 sunt
2801 3287 2868 3342 de
2891 3286 3042 3356 lepra
3069 3286 3373 3356 intelligere
3396 3301 3562 3358 queas

298 3399 420 3434 τινα
452 3382 550 3451 τῆς
599 3380 781 3451 ψυχῆς
827 3381 1135 3454 διαγραφὴν
1178 3382 1451 3453 διάφορον.
1497 3383 1594 3447 Τίς
1644 3382 1754 3454 γὰρ
1782 3383 1882 3438 οὐκ

299 3473 368 3527 ἂν
396 3475 674 3544 ἀπορήσαι
697 3473 874 3545 ὁρῶν,
907 3474 990 3527 ὅτι
1021 3474 1098 3546 πὴ
1133 3475 1232 3547 μὲν
1271 3477 1306 3548 ἡ
1349 3475 1530 3547 λέπρα
1575 3475 1885 3548 ἀκάθαρτον

299 3569 446 3621 ποιεῖ
473 3566 561 3619 τὸν
591 3566 880 3638 ἄνθρωπον
908 3567 1245 3640 ἐγγενομένη
1274 3569 1445 3642 χρωτὶ
1471 3567 1663 3634 ζῶντι,
1705 3568 1782 3640 πὴ
1826 3567 1885 3622 δὲ

299 3658 484 3711 πᾶσαν
502 3656 841 3728 ἀκαθαρσίαν
861 3657 972 3729 (I0)
998 3657 1223 3713 ἀπολύει
1247 3659 1366 3714 ὅλον
1385 3659 1585 3732 λεπρὸν
1602 3659 1882 3729 γεγονότα.

300 3748 437 3802 Τότε
469 3748 578 3820 γὰρ
604 3748 914 3820 ἀκάθαρτος
947 3745 1085 3804 εῖναι
1109 3749 1420 3820 λογίζεται,
1447 3752 1534 3806 ὅτε
1564 3751 1711 3824 χρὼς
1755 3750 1885 3816 ζῶν,

302 3839 444 3912 μετὰ
480 3839 543 3892 τὸ
590 3839 879 3911 ὁλόλεπρον
927 3840 1217 3910 γεγονότα,
1261 3841 1534 3912 μιαίνεται
1561 3841 1656 3895 τοῦ
1686 3841 1887 3906 ζῶντος

301 3929 514 4002 χρωτὸς
550 3929 652 4000 τὴν
679 3928 738 3996 ἐξ
783 3929 921 3984 ὅλων
959 3928 1168 4001 λέπραν
1207 3970 1220 3984 .
1262 3969 1276 3984 .
1311 3968 1323 3982 .
1357 3970 1371 3983 .
1406 3971 1420 3984 .
1460 3970 1476 3985 .
1508 3970 1522 3983 .
1562 3924 1702 3984 εἶναι
1729 3929 1886 4000 λεγο-

305 4022 499 4092 μένην.
572 4021 844 4093 Ἦγοῢμαι
901 4021 1014 4093 γὰρ
1068 4022 1169 4094 τὴν
1219 4022 1428 4094 λέπραν
1491 4023 1613 4077 ἀντὶ¹
1676 4021 1888 4092 ἀλόγων

301 4111 678 4182 λαμϐάνεσθαι
713 4111 816 4181 τῆς
855 4110 1035 4182 ψυχῆς
1079 4111 1455 4183 παθημάτων,
1491 4111 1582 4166 τὸν
1617 4112 1673 4165 δὲ
1711 4109 1888 4177 ζῶντα

302 4201 491 4273 χρῶτα
537 4201 659 4255 ἀντὶ
706 4201 808 4273 τῆς
848 4201 1072 4274 λογικῆς
1111 4201 1520 4266 καταστάσεως.
1589 4204 1750 4257 Δοκεῖ
1796 4201 1890 4257 οὖν

306 4311 398 4365 μοι
434 4295 733 4366 μυστήριον
784 4294 1044 4365 παρέχειν
1087 4296 1116 4348 ὁ
1159 4294 1334 4363 λόγος.
1382 4295 1471 4350 Ἐν
1515 4293 1625 4366 γάρ
1672 4299 1739 4368 τῇ
1783 4295 1890 4352 τῶν

305 4383 523 4456 βρεφῶν
553 4383 740 4455 ἡλικίᾳ
788 4383 1119 4454 ἀνέγκλητός
1162 4386 1308 4438 ἐστιν
1345 4385 1378 4456 ή
1421 4382 1594 4456 ψυχὴ,
1634 4384 1734 4455 τῆς
1765 4385 1890 4439 άλο-

303 4478 434 4546 γίας
461 4476 774 4530 ἀπολύουσα
807 4475 977 4547 αὐτὴν
1009 4475 1211 4540 παντὸς
1233 4476 1423 4546 ψόγου.
1490 4475 1617 4532 Ἐὰν
1654 4476 1713 4530 δὲ
1751 4477 1889 4549 ὀφθῇ

306 4566 456 4640 χρὼς
487 4565 596 4632 ζῶν
623 4567 683 4621 ὲν
719 4566 856 4637 αὐτῇ
882 4606 896 4631 ,
940 4567 968 4620 ὃ
1007 4569 1189 4630 ἐστιν,
1220 4567 1314 4620 ἐὰν
1343 4567 1577 4639 ἄρχηται
1602 4566 1697 4620 τοῦ
1733 4567 1891 4636 λόγου

307 4659 648 4730 ὑποφύωσις,
683 4658 804 4712 τότε
835 4659 976 4731 ἁρχὴ
1014 4658 1112 4729 τῆς
1137 4658 1411 4730 ἁμαρτίας
1439 4658 1728 4729 ὑφίσταται
1752 4701 1766 4724 ,
1793 4660 1867 4714 ’ἐω

307 4751 747 4822 ὲπικρατήσηται
779 4748 874 4802 τοῦ
917 4749 1128 4822 χρωτὸς
1190 4748 1283 4802 τοῦ
1343 4748 1575 4814 ζῶντος,
1623 4751 1889 4827 τουτέστι,

306 4841 404 4895 τοῦ
431 4841 591 4910 λόγου
630 4840 955 4906 αὑξάνοντος
993 4841 1089 4895 καὶ
1110 4841 1488 4913 τελειουμένου
1507 4885 1522 4909 ,
1566 4841 1686 4906 ὅλος
1726 4843 1891 4915 γένη-

308 4950 399 4988 ται
425 4935 453 4987 ὁ
485 4931 632 5004 χρὼς
657 4932 786 4998 ζῶν,
818 4932 912 4986 καὶ
942 4933 1126 4987 τέλεον
1160 4935 1193 5005 ή
1225 4935 1403 5008 λέπρα
1435 4933 1788 5007 ὲξαφανισθῇ.

951 5025 1109 5079 ΚΕΦ.
1150 5026 1257 5078 IH'.

308 5115 460 5187 Στίχ.
493 5122 568 5191 κ’.Δ
602 5116 712 5183 Τὰς
742 5117 996 5191 suum
1028 5114 1198 5184 οἶδας
1211 5134 1236 5191 °_
1275 5117 1374 5191 Μὴ
1403 5119 1740 5191 μοιχεύσῃς
1760 5160 1775 5184 ,
1803 5120 1890 5191 μὴ

385 5186 713 5261 φονεύσῃς,
739 5186 827 5261 μὴ
853 5186 1110 5261 κλέψῃς,
1142 5188 1242 5241 καὶ
1275 5188 1364 5261 μὴ
1405 5186 1896 5261 mutatmnutat;

383 5273 534 5323 σεις.
579 5257 720 5326 Τίμα
738 5257 846 5311 τὸν
873 5257 1097 5326 πατέρα
1115 5274 1231 5312 σου
1259 5259 1358 5313 καὶ
1379 5257 1494 5328 τὴν
1507 5257 1732 5329 μητέρα
1755 5257 1893 5316 σοὺ.

397 5345 772 5418 Ἐξελέγχεται
836 5349 895 5404 δὲ
927 5351 986 5403 ὲν
1048 5349 1127 5422 τῷ
1187 5349 1330 5422 λόγῳ
1375 5352 1810 5424 Μαρκιωνιστῶν
1836 5371 1897 5408 τε

310 5441 586 5512 παράνοια
644 5443 732 5496 καὶ
795 5443 1110 5515 Μανιχαίων
1133 5483 1148 5509 ,
1183 5445 1233 5498 οἳ
1264 5444 1356 5498 τὸν
1407 5445 1571 5515 νόμον
1619 5445 1896 5517 ἀλλότριον

311 5531 454 5587 εἷναί
503 5552 637 5602 φασι
675 5535 932 5607 Χριστοῦ.
973 5537 1111 5608 Φησὶ
1163 5537 1272 5610 γάρ
1317 5539 1346 5592 ὁ
1377 5537 1623 5609 Μάρκος,
1663 5539 1746 5592 ὄτι
1798 5539 1899 5608 ἐμ-

1986 3393 2085 3448 pro
2123 3378 2342 3434 diversa
2395 3379 2631 3448 quadam
2693 3377 2891 3431 anima:
2943 3377 3179 3447 pictura.
3234 3377 3367 3444 Quis
3415 3379 3562 3432 enim

1987 3485 2097 3526 non
2146 3470 2355 3526 haereat
2397 3471 2614 3538 videns,
2658 3484 2803 3524 nunc
2840 3469 3059 3540 quidem
3100 3469 3304 3540 lepram
3351 3469 3563 3526 eiﬁcere

1986 3563 2262 3620 hominem
2296 3563 2656 3627 immundum,
2696 3564 2744 3619 si
2775 3565 2910 3618 vim
2937 3563 3064 3620 insit
3088 3563 3235 3628 cuti;
3266 3577 3408 3617 nunc
3437 3577 3568 3618 vero

1987 3656 2057 3712 ab
2089 3655 2235 3710 omni
2270 3671 2394 3709 eum
2422 3655 2738 3725 impuritate
2778 3657 3044 3719 eximere,
3079 3655 3170 3724 qui
3211 3661 3355 3710 totus
3385 3655 3568 3724 lepro-

1988 3763 2085 3804 sus
2123 3746 2322 3804 fuerit?
2355 3746 2505 3803 Tunc
2537 3747 2681 3802 enim
2726 3748 3040 3802 immundus
3090 3760 3215 3802 esse
3263 3757 3568 3817 reputatur,

1988 3837 2207 3911 quando
2233 3839 2375 3893 cutis
2405 3839 2549 3906 viva,
2594 3847 2884 3908 postquam
2920 3847 3067 3895 totus
3096 3839 3342 3910 leprosus
3373 3840 3568 3905 evasit,

1989 3931 2412 3998 contaminetur,
2441 3940 2564 3986 cute
2590 3930 2712 3985 viva
2744 3930 3106 3986 contrahente
3128 3947 3194 3986 ex
3224 3940 3340 3987 toto
3365 3932 3567 4002 lepram

1991 4037 2245 4092 quae"...
2277 4036 2400 4076 esse
2432 4019 2633 4076 dicitur
2656 4017 2788 4091 (II).
2809 4020 3072 4078 Existimo
3089 4021 3232 4077 enim
3260 4021 3570 4092 lepramac-

1991 4114 2096 4182 cipi
2124 4126 2224 4183 pro
2257 4110 2730 4167 irrationabilibus
2763 4112 2961 4167 anima;
2991 4111 3364 4181 passionibus,
3391 4123 3446 4168 et
3469 4127 3571 4167 cu-

1994 4214 2102 4258 tem
2136 4202 2313 4258 vivam
2353 4217 2453 4272 pro
2478 4201 2733 4258 rationali
2757 4202 2874 4274 ejus
2899 4203 3310 4259 constitutione.
3346 4202 3570 4259 Videtur

1992 4296 2175 4367 itaque
2217 4295 2351 4351 mihi
2400 4309 2584 4352 sermo
2618 4295 2934 4367 mySterium
2985 4293 3263 4350 exhibere.
3301 4294 3357 4350 In
3395 4294 3569 4350 infau-

1996 4391 2075 4445 tili
2101 4387 2300 4444 etenim
2328 4379 2488 4444 aetate
2519 4386 2794 4458 inculpata
2817 4396 2902 4442 est
2931 4386 3136 4455 anima,
3171 4387 3420 4444 esimeus
3449 4403 3572 4443 sese

1995 4484 2066 4539 ab
2107 4480 2255 4538 omni
2306 4479 2706 4549 vituperatione
2748 4477 3205 4535 irrationalitatis.
3251 4479 3322 4535 At
3361 4480 3408 4536 si
3455 4482 3570 4536 visa

1998 4572 2160 4628 inerit
2201 4570 2344 4626 cutis
2377 4571 2497 4626 viva
2548 4569 2602 4624 in
2637 4583 2726 4633 ea,
2768 4569 2871 4625 hoc
2911 4577 3016 4634 est,
3066 4571 3110 4625 si
3161 4569 3386 4642 incipiat
3431 4573 3573 4628 ratio

1873 4679 1898 4725 ς
1932 4669 1974 4723 D
2003 4665 2204 4720 exoriri
2226 4705 2242 4730 ,
2279 4672 2408 4720 tunc
2431 4663 2639 4719 substat
2673 4663 2998 4734 principium
3027 4664 3255 4734 peccati.
3296 4679 3572 4736 quousque

2001 4754 2245 4811 obtineat
2288 4753 2555 4809 viventem
2599 4763 2775 4809 cutem
2814 4771 2828 4808 :
2862 4753 2916 4808 id
2945 4763 3050 4816 est,
3093 4764 3423 4824 augescente
3453 4759 3572 4810 ora;

2004 4847 2150 4900 tione
2186 4855 2349 4915 atque
2389 4842 2652 4914 perfecta,
2690 4853 2799 4899 tota
2828 4843 2921 4900 ﬁat
2955 4845 3097 4901 cutis
3147 4845 3295 4909 viva,
3331 4857 3385 4901 et
3423 4846 3571 4916 peni.

2001 4945 2090 4992 tus
2121 4937 2270 5008 lepra
2301 4943 2612 4992 evanescat.

2601 5026 2752 5083 CAP.
2795 5026 2838 5082 X
2850 5027 2979 5083 VIII.

2002 5119 2067 5181 ν.
2097 5121 2193 5177 20.
2236 5119 2509 5189 Prwcepta
2542 5120 2728 5174 nosti:
2755 5118 2876 5174 Non
2917 5119 3281 5188 fornicaberis,
3315 5138 3418 5176 non
3442 5125 3572 5178 oeci.

2072 5193 2188 5257 des,
2241 5208 2345 5246 non
2391 5191 2673 5260 furabsris,
2720 5199 2767 5246 et
2810 5205 2914 5243 non
2950 5192 3090 5244 dices
3127 5191 3319 5258 falsum
3351 5195 3572 5248 testimo-

2075 5264 2240 5317 nium.
2273 5260 2490 5314 Honora
2517 5271 2717 5330 patrem
2748 5268 2894 5313 tttum
2917 5268 2965 5312 et
2992 5269 3212 5313 matrem
3243 5273 3413 5318 tuam.

2073 5353 2398 5410 Coniutatur
2438 5352 2540 5409 hac
2588 5353 2836 5408 oratione
2893 5353 3365 5408 Marcionistarum
3404 5353 3573 5408 Μειιιὶο

2004 5446 2387 5513 rhaeorumque
2415 5444 2658 5510 vesania,
2712 5444 2801 5514 qui
2833 5443 3004 5513 legem
3047 5443 3275 5500 alienam
3312 5458 3340 5495 a
3361 5444 3574 5499 Christo

2003 5552 2125 5594 esse
2149 5545 2450 5593 autumant.
2476 5537 2565 5590 Ait
2601 5537 2746 5592 enim
2778 5535 3014 5603 Marcus,
3045 5538 3187 5607 quod
3215 5535 3492 5607 respiciens
3523 5535 3575 5587 is

388 5667 433 5698 ³⁹
469 5664 607 5722 Psal.
638 5683 821 5732 ωαχ-ι,
849 5669 898 5722 ι.
976 5667 1020 5700 ³³
1049 5668 1213 5724 Eccli.
1249 5683 1404 5736 χχχι,
1427 5667 1518 5723 55.
1594 5668 1638 5702 ³⁸
1669 5668 1798 5725 Luc.
1829 5686 1881 5726 χι

1984 5667 2074 5723 52.
2151 5667 2196 5700 ⁸⁵
2225 5666 2454 5740 Philipp.
2481 5681 2543 5735 ll,
2571 5663 2626 5719 8.

391 5825 467 5890 (9)
491 5823 657 5896 Forte
696 5825 847 5896 ἔστη.

393 5903 406 5953 ί
421 5894 571 5960 I0)-F
575 5907 694 5952 orte
724 5894 904 5958 πάσης
928 5895 1286 5960 ἀκαθαρσίας.

2012 5827 2191 5955 xu(III)
2217 5827 2390 5888 Locus
2429 5828 2718 5900 impeditus
2741 5867 2756 5898 ,
2784 5827 2849 5887 ad
2873 5841 3032 5900 quem
3059 5829 3244 5886 confer
3273 5829 3348 5885 sis
3403 5826 3574 5887 Lavit.
