4174 6384
371 352 477 409 369

1659 348 1950 406 SCHOLIA
1986 348 2053 404 ΙΝ
2088 348 2279 404 JOAN.

3513 347 3624 400 370

368 471 519 542 Στίχ.
551 475 675 542 κγίζ
696 469 1090 542 Κατανοήσας
1114 467 1182 542 δὲ
1200 465 1399 542 αὐτῶν
1424 468 1538 537 τὴν
1557 469 1937 542 πανουργίαν.

2056 467 2237 524 v.23.
2289 465 2826 542 Cumintellexisset
2868 471 3045 542 dutem
3088 480 3269 542 eorum
3313 463 3612 542 yafritiem,

615 536 747 595 εἷπε
772 540 921 608 πρὸς
947 540 1198 605 αὐτούς·
1231 540 1292 593 Τί
1316 555 1392 606 με
1413 536 1708 608 πειράζετε
1718 555 1738 602 ;

2338 539 2471 590 dixit
2513 537 2577 589 ad
2621 552 2706 590 eos
2738 551 2756 588 :
2788 534 2924 600 Quid
2962 551 3042 588 me
3081 534 3336 588 tentatis?

369 631 516 701 Στίχ.
545 631 644 684 κδ’.
693 629 1194 701 Ἐπιδείξατέημοι
1254 627 1556 701 δηνάριον.
1610 629 1793 701 Τίνος,
1819 628 1937 696 ἔχει

2049 629 2114 684 ν.
2150 629 2240 701 24.
2275 627 2552 701 Ostendite
2589 627 3044 701 mihi‘de‘uarium.
3083 625 3252 695 _Cujus
3284 625 3435 678 habet
3472 626 3613 701 ima-

439 697 643 755 έῑκόνα
673 702 772 754 καὶ
796 697 1130 770 ἐπιγραφήν
1146 715 1165 763 ;
1181 698 1626 767 Ἀποκριθέντες
1653 698 1721 751 δὲ
1737 699 1911 752 εἷπον
1928 716 1941 728 ·

440 773 765 839 Καίσαρος.
1849 793 1853 798 τ

2117 700 2289 769 ginem
2323 708 2368 769 et
2399 697 2752 766 epigraplten?
2801 695 3183 765 Respondentes
3233 706 3429 763 autem,
3462 696 3614 749 dixe-

2118 768 2240 822 runt
2265 783 2284 822 :
2313 768 2558 821 Ca’saris.

367 861 516 932 Στίχ.
547 869 646 914 κε’.
693 859 1060 930 Ἀποκριθεὶς
1093 860 1162 914 δὲ
1190 859 1358 914 εἶπεν
1398 859 1634 932 αὐτοῖς)
1676 858 1937 932 Ἀῌπόδοτε

2047 863 2111 918 ν.
2155 861 2246 919 25.
2291 859 2634 932 Respondens
2662 859 2836 932 autem
2878 857 3011 910 dixit
3053 855 3163 910 illis
3198 853 3467 932 :_R_ed_dite
3492 869 3608 924 qua:

415 929 497 985 τᾶ
515 933 814 1000 Καίσαρος
829 932 1106 999 Καίσαρι,
1131 931 1230 984 καὶ
1257 931 1330 985 τὰ
1348 930 1456 983 τοῦ
1485 931 1632 984 Θεοῦ
1664 929 1745 995 τῷ
1770 930 1910 996 Θεῷ.

367 1024 517 1093 Στίχ.
546 1030 659 1088 κς¹.
700 1024 812 1078 Kal
853 1025 963 1076 οὐκ
1018 1022 1289 1093 ἴσχυσαν
1331 1019 1719 1093 ἐπιλαϐέσθαι
1759 1022 1944 1076 αὐτοῦ

431 1091 670 1162 ῥήματα
697 1093 976 1158 ἐναντίον
1010 1091 1119 1146 τοῦ
1151 1093 1305 1146 λαοῦ
1325 1133 1339 1156 ,
1381 1092 1477 1144 καὶ
1527 1091 1944 1162 θαυμάσαντες

438 1165 536 1218 ἐπὶ
558 1163 632 1232 τῇ
661 1165 979 1231 ἀποκρίσει
1001 1162 1208 1228 αὑτοῦ,
1241 1163 1558 1232 ἐσίγησαν.

448 1255 807 1327 Ὑψηλότερον
829 1254 918 1308 δέ·
964 1255 1021 1308 '0
1049 1254 1367 1326 ἄνθρωπος,
1401 1254 1476 1318 ὡς
1523 1256 1580 1307 ὲν
1621 1257 1688 1326 τῇ
1730 1253 1942 1308 Γενέσει

364 1347 674 1416 γέγραπται
697 1388 711 1412 ,
743 1348 864 1400 κατ’
911 1345 1096 1400 εἰκόνα
1142 1345 1277 1399 Θεοῦ
1312 1346 1557 1415 γέγονεν.
1591 1346 1858 1417 ’Υστερον
1886 1345 1945 1399 δὲ

370 1435 461 1497 διὰ
492 1436 594 1509 τὴν
626 1435 790 1489 αὐτοῦ
821 1436 1103 1507 παρακοὴν
1138 1432 1364 1487 ἀνέλαϐε
1395 1435 1488 1487 καὶ
1522 1433 1704 1486 εἰκόνα
1733 1433 1955 1505 χοῖκήν..

370 1528 582 1598 Ὠσπερ
609 1527 664 1580 δὲ
693 1527 754 1580 τὸ
792 1526 1034 1597 νόμισμα
1065 1526 1249 1578 εἰκόνα
1282 1525 1395 1596 ἕχει
1427 1523 1521 1578 τοῦ
1577 1523 1945 1594 βασιλεύοντος

363 1617 474 1670 τῶν
508 1617 696 1683 ἐθνῶν,
730 1615 903 1681 οὕτως
933 1619 960 1669 6
987 1618 1153 1671 ποιῶν
1182 1617 1250 1670 τὰ
1283 1616 1419 1688 ἔργα
1453 1614 1546 1669 τοῦ
1574 1616 1944 1686 Παντοκράτο-

366 1726 459 1779 ρος
496 1708 593 1780 τὴν
621 1709 806 1762 εἰκόνα
837 1708 1006 1762 αὑτοῦ
1045 1710 1231 1780 φορεῖ,
1277 1707 1346 1779 ἢν
1389 1711 1644 1780 παραινεῖ
1681 1711 1710 1761 6
1753 1707 1942 1780 Σωτὴρ

2195 941 2312 985 sunt
2339 925 2565 984 Ctesaris
2594 927 2815 993 Ca’sari,
2843 935 2894 980 et
2921 943 3036 997 qua:
3063 935 3180 980 sunt
3209 925 3303 978 Dei
3342 925 3466 977 Deo.

2047 1023 2112 1081 V.
2160 1023 2248 1078 26.
2302 1021 2364 1075 Et
2405 1037 2507 1074 non
2549 1028 2822 1088 potuerunt
2881 1020 3112 1085 arripere
3153 1017 3610 1088 eiusuerbahco-

2117 1109 2229 1146 ram
2251 1094 2462 1162 papula,
2487 1086 2820 1145 et‘admirati
2861 1090 2925 1142 de
2969 1103 3213 1159 responso
3259 1086 3428 1152 illius,
3452 1086 3612 1140 silue-

2115 1173 2256 1216 runt.
2645 1197 2650 1200 -

2115 1249 2305 1306 Altiori
2339 1264 2469 1305 vero
2517 1263 2677 1303 sensu
2714 1266 2728 1301 :
2765 1247 2935 1302 liomo
2985 1248 3125 1302 sicut
3155 1246 3208 1301 in
3238 1245 3435 1302 Genesi
3472 1244 3610 1300 seri-

2043 1352 2194 1414 ptum
2254 1350 2356 1407 est,
2413 1339 2704 1395 secundum
2767 1339 3056 1407 imaginem
3105 1337 3200 1393 Dei
3255 1338 3432 1392 factus
3485 1337 3605 1392 fuit.

2045 1434 2237 1489 Postea
2283 1430 2355 1485 ob
2411 1444 2562 1483 suam
2629 1427 3113 1497 transgressionem
3167 1426 3380 1495 accepit
3440 1426 3607 1480 etiam

2043 1524 2331 1594 imaginem
2369 1530 2661 1576 terrenam.
2693 1519 2845 1574 Sicut
2879 1531 3008 1572 vero
3030 1531 3284 1571 nummus
3319 1518 3605 1586 imaginem

2045 1617 2208 1676 habet
2235 1613 2574 1685 imperatoris
2609 1612 2872 1683 gentium,
2907 1610 2981 1664 ita
3010 1611 3098 1678 qui
3129 1607 3254 1663 facit
3285 1623 3447 1678 opera
3477 1607 3608 1661 Om-

2044 1708 2360 1779 nipotentis,
2399 1706 2687 1776 imaginem
2727 1703 2845 1773 ejus
2890 1710 3112 1771 portat:
3142 1716 3302 1770 quam
3346 1710 3607 1754 terrenam

362 1801 670 1854 ἀποδιδόναι
710 1802 801 1854 καὶ
843 1801 1230 1866 ἀποτίθεσθαι,
1265 1801 1362 1856 καὶ
1405 1805 1590 1874 φορεῖν
1618 1803 1717 1874 τὴν
1752 1802 1810 1868 ἐξ
1840 1805 1937 1873 ἁρ-

2045 1799 2288 1852 hortatur
2348 1796 2593 1850 Salvator
2650 1803 2711 1849 ut
2777 1793 3065 1847 reddamus
3123 1801 3179 1847 et
3246 1792 3606 1858 deponamus,

361 1893 465 1963 χῆς
511 1893 805 1964 γενομένην
847 1893 1050 1946 εἰκόνα.
1108 1893 1439 1957 Ἀκολούθως
1507 1893 1716 1957 τούτοις
1779 1894 1870 1948 καὶ
1906 1895 1934 1946 6

362 1979 574 2046 Παῦλός
613 1998 776 2054 φησιν
801 1999 814 2012 ’
854 1983 946 2047 Ὡς
993 1982 1366 2053 ἐφορέσαμεν
1406 1984 1520 2052 τὴν
1568 1985 1773 2038 εἰκόνα
1829 1983 1936 2037 τοῦ

361 2071 574 2141 χοϊκοῦ
597 2111 612 2136 ,
675 2072 826 2126 οὕτω
877 2072 1223 2143 φορέσωμεν
1273 2074 1372 2128 καί
1418 2073 1532 2144 τὴν·
1575 2075 1780 2128 εἰκόνα
1828 2073 1934 2128 τοῦ

359 2145 742 2234 ἐπῦυρανίου.
775 2165 944 2219 Τοῦτο
971 2161 1062 2220 οῦν
1084 2166 1232 2238 δηλοῖ
1253 2168 1316 2220 τό
1333 2185 1346 2199 ·
1393 2166 1674 2224 Ἀπόδοτε
1695 2169 1765 2221 τὰ
1798 2169 1936 2222 Καίά

357 2274 549 2327 vapor
580 2258 851 2325 Καίσαρι,
886 2258 985 2312 καὶ
1013 2259 1088 2313 τὰ
1117 2259 1223 2313 τοῦ
1245 2259 1394 2314 Θεοῦ
1432 2259 1511 2325 τῷ
1532 2259 1672 2326 Θεῷ.

1993 1945 2000 1950 ,
2040 1891 2382 1957 feramusque
2420 1902 2562 1953 eam,
2604 1900 2725 1956 quae
2762 1900 2792 1939 a
2825 1884 3090 1954 principio
3126 1881 3246 1948 fuit,
3290 1883 3603 1952 imaginem.

2038 1979 2443 2049 Consequenter
2493 1977 2560 2032 ad
2615 1977 2731 2032 haec
2795 1977 2957 2030 etiam
2998 1974 3199 2030 Paulus
3241 1975 3416 2029 dicit:
3456 1973 3608 2029 Sicut

2029 2072 2356 2141 portavimus
2393 2069 2671 2139 imaginem
2721 2067 3003 2131 terrestris,
3052 2068 3128 2120 ita
3155 2077 3420 2136 portemus
3447 2067 3607 2119 etiam

2039 2164 2316 2233 imaginem
2360 2160 2582 2216 caelestis
2635 2159 2702 2215 ³⁷.
2748 2161 2863 2215 Hoc
2907 2159 3069 2227 igitur
3117 2159 3218 2213 sibi
3272 2158 3386 2211 vult
3429 2158 3604 2212 illud:

2046 2253 2263 2310 Reddite
2286 2268 2404 2322 qua:
2447 2262 2568 2307 sunt
2597 2252 2824 2307 Cmaris
2855 2251 3080 2315 Caneri,
3121 2259 3168 2305 et
3207 2265 3324 2320 qum
3364 2259 3485 2304 sunt
3511 2246 3611 2304 Dei

2038 2346 2168 2400 Deo.

372 2493 3597 2529 Μ

1609 2690 1772 2780 EX
1841 2688 2374 2784 ORIGENE

1345 2882 1412 2939 IN
1450 2881 1838 2941 EPISTOLAM
1875 2882 1895 2938 Ι
1930 2881 2214 2939 JOANNIS
2247 2883 2610 2944 APOSTOLI.

994 3048 1262 3120 (Camn,
1299 3045 1502 3103 Catena
1533 3047 1587 3104 in
1614 3047 1784 3120 Epist.
1814 3047 2012 3103 cathol.
2032 3086 2046 3113 ,
2078 3046 2275 3117 Oxon.,
2310 3047 2468 3118 1840,
2496 3051 2667 3118 ἰπὶ-8ο,
2701 3066 2822 3124 pag.
2847 3051 2994 3125 “5.)

434 3361 699 3429 Ἔγραψα
726 3355 888 3427 ὑμῖν,
924 3374 976 3409 κ.
1014 3372 1064 3408 τ.
1096 3357 1146 3408 λ.

445 3451 772 3522 Ὠριγένους
801 3449 871 3502 ἐκ
894 3447 998 3502 τοῦ
1027 3447 1328 3516 ’ᾼσματος
1359 3445 1478 3501 τῶν
1518 3447 1808 3516 ᾀσμάτων
1836 3449 1934 3505 τό..

354 3561 470 3614 μσς
507 3539 590 3599 Α’.
629 3539 924 3612 Ὀμώνυμά
955 3556 1075 3592 τινα
1110 3540 1223 3601 τοῖς
1270 3537 1624 3609 συμϐαίνουσι
1663 3537 1802 3592 κατά
1843 3539 1934 3595 τὸν

360 3637 467 3702 ἔξω
493 3633 776 3705 ἄνθρωπόν
809 3635 945 3696 ἐστι,
971 3633 1065 3684 ml
1093 3630 1243 3701 παρὰ
1259 3630 1351 3683 τὸν
1371 3629 1500 3695 ἔσω,
1526 3631 1621 3684 καὶ
1644 3630 1935 3697 ἀναλογίαν

363 3726 711 3800 προσάλληλα
732 3725 918 3797 έχοντα
939 3742 952 3755 ο
983 3721 1092 3777 οἷον
1114 3721 1255 3776 κατὰ
1275 3723 1374 3785 τὰς
1400 3722 1630 3792 ἡλικίας,
1662 3723 1778 3776 ἐστὶ
1810 3739 1936 3775 παι-

360 3819 473 3874 δίον
499 3817 640 3873 κατά
666 3817 759 3872 τὸν
792 3816 894 3883 ἔξω
920 3815 1203 3886 ἄνθρωπον
1220 3856 1234 3880 ,
1266 3814 1402 3885 ὅπερ
1426 3813 1807 3884 ἐπιδεχόμενον
1841 3813 1936 3867 αῦ-

361 3911 516 3982 ξησιν
542 3911 634 3963 ἐπὶ
659 3909 750 3963 τὸν
776 3908 1054 3962 νεανίσκον
1103 3905 1291 3976 φθάνει
1317 3945 1331 3968 ,
1362 3906 1466 3970 ἕως
1498 3900 1559 3960 οὗ
1594 3905 1937 3976 χρηματίσας

360 4003 534 4074 ἀνὴρ,
569 4001 794 4072 γένηται
826 4000 1041 4070 πατήρ·
1068 3999 1288 4071 χρῶμαι
1320 3999 1378 4052 δὲ
1423 3997 1632 4061 τούτοις
1677 3999 1790 4060 τοῖς
1821 3997 1938 4051 ὀνό-

365 4111 500 4168 μασι
545 4092 633 4146 διὰ
682 4091 780 4164 τὴν
820 4092 1036 4163 γραφὴν
1068 4091 1166 4162 τὴν
1210 4089 1362 4162 παρά
1390 4087 1468 4161 τῷ
1505 4088 1723 4159 Ἰωάννῃ
1771 4089 1828 4139 έν
1869 4089 1934 4158 τῇ

359 4185 638 4256 Καθολικῇ
674 4182 954 4254 Ἐπιστολῇ
979 4199 992 4213 ⁸
1025 4182 1092 4235 τὰ
1120 4183 1245 4254 τρία
1277 4180 1445 4247 τάξας
1466 4180 1706 4252 ὀνόματα
1732 4178 1932 4233 ταῦτα·

361 4276 667 4348 ὁμωνύμως
689 4275 768 4345 ,δὲ
805 4273 900 4328 ml
951 4273 1227 4343 ἀναλόγως
1269 4277 1380 4338 τοῖς
1413 4271 1555 4326 κατά
1595 4271 1684 4324 τὸν
1708 4269 1817 4336 ἔξω
1846 4269 1938 4324 ἀν-

362 4366 579 4438 θρωπον
619 4365 828 4428 τούτοις
870 4363 1050 4435 τρισίο
1079 4365 1170 4418 ml
1201 4362 1410 4434 εἴποιμι
1443 4361 1508 4416 ἂν
1532 4402 1547 4427 ,
1581 4363 1663 4416 ὅτι
1710 4361 1826 4414 ἐστί
1853 4379 1935 4426 τις

363 4459 576 4512 παιδίον
602 4457 744 4512 κατά
770 4457 862 4512 τὸν
908 4456 1018 4510 ἔσω
1049 4456 1334 4528 ἄνθρωπον
1360 4457 1572 4528 ὅμοιον,
1600 4456 1782 4519 ὁποῖός
1817 4456 1936 4508 ποτ’

362 4550 430 4604 ἂν
455 4549 561 4621 εἰη.
577 4550 761 4622 ὅμοιος
780 4548 873 4616 τοῦ
901 4549 1139 4603 τοιούτου
1162 4551 1191 4602 6
1217 4547 1322 4613 ἔξω
1339 4565 1352 4578 ο
1379 4547 1519 4601 οὕτω
1539 4549 1633 4601 καὶ
1663 4547 1938 4609 νεανίσκος

361 4639 506 4694 κατὰ
535 4640 626 4694 τὸν
650 4639 890 4711 κρυπτὸν
910 4639 1008 4710 τῆς
1032 4638 1257 4710 καρδίας
1289 4636 1591 4708 ἄνθρωπον.
1621 4635 1937 4689 Ἀκόλουθον

1957 3360 2004 3423 C
2032 3358 2076 3411 δ’
2105 3353 2261 3430 οἶμαι
2285 3359 2380 3413 καὶ
2406 3357 2484 3430 τῷ
2509 3361 2724 3430 τυχόντι
2752 3362 3029 3432 τυγχάνει,
3057 3363 3139 3418 ὅτι
3166 3366 3280 3429 τοῖς
3308 3364 3407 3438 τὴν
3431 3365 3596 3439 ψυχὴε

2036 3449 2269 3514 παιδίοις
2321 3450 2417 3504 ml
2462 3452 2763 3516 νεανίσκοις
2815 3455 2912 3508 ml.
2957 3455 3197 3527 πατράσι
3240 3456 3412 3514 ταῦτα
3458 3458 3609 3527 λέγει

2034 3541 2284 3613 γράφειν.
2317 3543 2428 3605 Καὶ
2458 3542 2667 3609 Παῦλος
2692 3543 2750 3597 δέ
2783 3562 2887 3598 που
2920 3547 3104 3618 φησὶν,
3131 3566 3150 3600 t
3186 3547 3304 3602 Ούκ
3336 3549 3610 3622 ἠδυνήθην

2035 3632 2164 3701 ὑμῖν
2190 3632 2418 3704 λαλῆσαι
2457 3634 2533 3697 ὡς
2565 3641 2952 3705 πνευματικοῖς
2971 3678 2986 3703 ,
3028 3639 3142 3691 ἀλλ’
3177 3638 3252 3702 ὼς
3293 3643 3572 3712 σαρκικοῖς
3592 3659 3606 3671 ο

2035 3723 2110 3787 ὡς
2128 3725 2352 3796 νηπίους
2368 3726 2426 3778 ὲν
2441 3726 2659 3798 Χριστῷ
2678 3728 2818 3796 γάλα
2841 3730 2986 3800 ὑμᾶς
3005 3730 3250 3795 ἐπότισα,
3263 3732 3322 3784 οὐ
3342 3730 3558 3803 βρῶμα.
3584 3753 3604 3785 ι

2046 3813 2103 3866 '0
2131 3813 2188 3866 δὲ
2233 3815 2290 3868 ὲν
2333 3815 2550 3888 Χριστῷ
2577 3819 2770 3890 νήπιος
2809 3820 2908 3892 τὴν
2941 3821 3118 3893 ψυχὴν
3155 3822 3360 3876 τοιόσδε
3390 3841 3474 3888 τις
3509 3822 3606 3891 ὢν,

2034 3902 2205 3970 οὓτως
2228 3905 2573 3976 ὀνομάζεται,
2619 3909 2799 3974 καθὼς
2830 3913 2925 3965 καί.
2954 3911 3186 3983 ἀλλαχοῦ
3214 3915 3242 3966 6
3272 3915 3435 3978 αὐτὸς
3459 3915 3610 3968 Παῦ-

2033 3994 2124 4059 λός
2143 4013 2336 4066 φησιν,
2371 4017 2390 4050 t
2419 3999 2544 4052 Ὅτε
2579 3999 2727 4072 ήμην
2768 4003 2958 4074 νήπιος
2981 4044 2995 4069 ,
3028 4004 3104 4068 ὡς
3141 4005 3334 4076 νήπιος
3362 4006 3608 4072 ἐλάλουν,

2033 4086 2108 4150 ὡς
2140 4088 2330 4159 νήπιος
2363 4088 2656 4159 ἐφρόνουν,
2689 4091 2764 4154 ὡς
2811 4094 3000 4164 νήπιος
3052 4094 3396 4167 ἐλογιζόμην.
3437 4114 3456 4148 ι
3494 4092 3610 4151 Εἶτ’

2035 4176 2156 4228 ἐπεὶ
2185 4177 2258 4248 μὴ
2291 4177 2505 4249 ἔμεινεν
2534 4183 2594 4235 ὲν
2623 4181 2702 4253 τῷ
2728 4183 2925 4253 νηπίῳ,
2954 4184 3138 4253 φησιν,
3170 4187 3333 4239 «Ὅτε
3349 4185 3407 4239 δὲ
3427 4187 3611 4256 ἐγενό-

2039 4285 2144 4340 μην
2170 4269 2326 4341 άνὴρ,
2351 4273 2676 4344 κατήργηκα
2703 4273 2773 4327 τὰ
2796 4272 2888 4326 τοῦ
2913 4274 3127 4345 νηπίου.
3160 4295 3180 4328 ι
3213 4274 3401 4340 Οὕτως
3426 4279 3611 4332 ἀκούω

2035 4360 2129 4412 ml.
2152 4360 2269 4426 τοῦ,
2311 4381 2330 4413 t
2357 4363 2534 4434 Μέχρι
2564 4365 2989 4435 καταντήσωμεν
3013 4367 3062 4419 οἰ
3107 4366 3306 4432 πάντες
3332 4371 3412 4433 εἰς
3440 4369 3611 4440 ἄνδρα

2034 4452 2257 4518 τέλειον,
2284 4457 2364 4519 εἰς
2391 4459 2587 4528 μέτρον
2617 4458 2828 4530 ἡλικίας
2855 4458 2948 4512 τοῦ
2979 4457 3344 4532 πληρώματος
3364 4461 3458 4515 τοῦ
3479 4463 3611 4536 Χρι-

2037 4543 2183 4598 στοῦ.
2217 4565 2235 4597 ι
2263 4543 2384 4600 Οἵδε
2413 4548 2521 4620 γὰρ
2547 4551 2980 4622 καταντήσοντας
3004 4551 3209 4615 πάντας
3238 4553 3363 4617 τοὺς
3393 4553 3610 4606 πιστεύ-

2035 4649 2195 4698 οντας
2222 4637 2303 4700 εἰς
2336 4635 2504 4708 ἄνδρα
2545 4638 2767 4706 τέλειον,
2803 4640 2901 4693 καὶ
2935 4639 3112 4713 μέτρα
3144 4642 3340 4713 νοητῆς
3368 4641 3608 4713 ἡλικίας.

360 4732 418 4784 δὲ
449 4730 659 4794 τούτοις
681 4731 798 4785 ἐστὶ
825 4729 1026 4797 λέγειν,
1059 4731 1143 4792 ὅτι,
1163 4747 1246 4793 τις
1271 4728 1364 4781 καὶ
1396 4728 1505 4781 ἔσω
1533 4728 1672 4799 ἀνὴρ
1700 4728 1796 4780 καὶ
1824 4745 1930 4780 πα-
1962 4723 2006 4777 D
2037 4725 2244 4797 Ὥσπερ
2271 4727 2326 4779 δὲ
2365 4729 2515 4800 παρὰ
2546 4730 2636 4783 τὸν
2679 4730 2788 4784 ἔσω
2812 4731 3096 4803 ἄνθρωπον
3118 4733 3213 4785 καὶ
3252 4733 3344 4787 τὸν
3382 4732 3487 4800 ἔξω
3515 4733 3608 4787 άν-

359 4825 484 4895 τήρ.
531 4823 694 4891 Λέγει
735 4822 792 4875 δὲ
836 4823 1006 4886 οὕτως
1051 4822 1079 4873 6
1130 4819 1412 4890 Ἰωάννης·
1453 4837 1470 4870 ι
1495 4817 1750 4890 Ἔγραψα
1781 4819 1930 4888 ὑμῖν,

359 4913 566 4978 παιδία,
598 4915 678 4968 ὅτι
706 4914 978 4984 ἐγνώκατε
1011 4913 1099 4966 τὸν
1122 4911 1373 4983 Πατέρα’
1405 4909 1616 4981 ἔγραψα
1643 4910 1793 4980 ὑμῖν,
1827 4927 1934 4962 πα-

355 5005 516 5076 τέρες
539 5043 554 5068 ,
583 5004 664 5057 ὅτι
709 5002 984 5073 ἐγνώκατε
1023 5003 1116 5057 τὸν
1153 5003 1247 5056 ἀπ’
1289 5001 1495 5072 ἀρχῆς·
1522 4999 1736 5071 ἔγραψα
1780 4999 1931 5070 ύμῖν,

357 5096 666 5162 νεανίσκοι,
707 5096 789 5149 ὅτι
824 5095 1032 5167 ἰσχυροί
1079 5096 1234 5159 ἐστε,
1269 5095 1365 5148 ml.
1405 5096 1433 5148 6
1476 5092 1630 5163 λόγος
1661 5090 1755 5146 τοῦ
1797 5091 1932 5145 Θεοῦ

362 5187 512 5258 μένει
540 5189 598 5242 ἐν
627 5188 773 5259 ὑμῖν,
800 5188 894 5241 ml
926 5188 1243 5259 νενικήκατε
1284 5185 1375 5240 τὸν
1408 5184 1660 5256 πονηρόν.
1705 5203 1723 5235 ι
1756 5183 1934 5253 Σαφὲς

431 5342 475 5374 ³⁷
510 5341 529 5395 Ι
563 5342 688 5396 Cor.
720 5358 809 5404 xv,
848 5341 936 5396 49.

2040 4815 2255 4887 θρωπον
2280 4818 2452 4874 ταῦτα
2497 4823 2840 4893 συμϐέϐηκεν
2870 4823 3156 4895 ὁμώνυμα,
3200 4824 3294 4877 καὶ
3323 4824 3608 4893 ἀναλογίαν

2038 4905 2229 4976 ἔχοντα
2269 4907 2406 4978 πρὸς
2434 4907 2670 4982 ἄλληλα,
2705 4909 3097 4983 οὓτως⁹εὓροις
3144 4910 3210 4964 ἂν
3248 4909 3344 4964 καὶ
3383 4909 3454 4964 τὰ
3497 4909 3607 4963 όνόο

2043 5013 2188 5067 ματα
2213 4997 2320 5052 τῶν
2354 4999 2528 5071 μελῶν
2556 4999 2651 5054 τοῦ
2679 4999 2929 5071 σώματος
2961 4999 3378 5072 μεταφερόμενα
3396 5000 3488 5055 ἐπὶ
3510 4998 3608 5070 τὴν

2038 5091 2234 5163 ψυχήνι

431 5459 509 5532 (1)
539 5458 666 5516 Haec
705 5457 898 5516 Latine
934 5467 1140 5515 tantum
1176 5457 1427 5528 leguntur
1453 5456 1506 5511 in
1538 5453 1772 5525 Prologo
1801 5449 2051 5521 Origenis
2080 5448 2145 5504 ad
2179 5446 2426 5506 Cantica.
2453 5445 2586 5503 Vide
2622 5446 2854 5518 Operum
2885 5447 3003 5518 ejus
3031 5455 3163 5502 tom.
3191 5443 3308 5507 XII.

1949 5627 2016 5648 qu-
