4174 6428
393 355 502 410 575

1529 357 1905 413 ANONYMUS
1941 358 2008 412 IN
2045 357 2184 414 JOB.
2225 389 2294 400 -—
2330 357 2458 413 LIB.
2500 359 2542 414 I.

3561 359 3675 415 ὅτε

395 487 598 543 agones
623 513 638 537 ,
672 475 929 529 omnibus
960 475 1012 528 in
1047 484 1306 545 perpetuo
1350 475 1701 545 singulariter
1737 476 1978 548 fulgent,
2009 481 2056 538 Α
2084 492 2269 543 00880,
2303 479 2388 532 vel
2417 478 2617 542 dicere,
2655 477 2738 531 vel
2773 476 3042 543 scribere,
3071 491 3188 545 qua:
3217 475 3367 530 solus
3395 474 3557 528 Pater
3598 476 3669 530 ad

394 562 654 617 omnibus
683 564 1051 618 i'n-aaternum
1101 566 1370 621 bonorum
1418 570 1648 623 formam
1697 571 1982 637 tribuunt,

394 655 652 710 omnibus
710 656 814 710 sub
875 656 990 711 sole
1043 657 1261 726 pietatis
1308 660 1614 731 exemplum
1665 665 1983 718 ostendunt.

393 744 551 812 Quod
599 757 780 801 autem
818 748 1090 803 sideribus
1136 757 1302 818 atque
1346 751 1711 809 luminaribus
1761 769 1984 824 compa-

394 849 793 895 renturomnes
809 843 982 896 sancti
1013 843 1358 899 demonstrat
1381 845 1696 914 Apostolus,
1742 847 1931 903 dicens
1964 863 1978 901 :

393 931 566 987 Stella
593 935 729 988 enim
763 952 796 988 a
825 935 978 990 stella
1019 939 1202 1007 diﬂ'ert
1229 940 1288 992 in
1313 939 1577 1002 claritate,
1608 942 1685 994 ita
1722 951 1769 993 et
1808 959 1984 995 resur-

392 1027 558 1108 rectio
589 1034 922 1081 mortuorum
941 1029 986 1096 ¹,
1013 1031 1202 1098 procul
1221 1029 1387 1085 dubio
1407 1032 1981 1088 sanctorum.Eviden-

395 1117 508 1172 tius
539 1127 722 1172 autem
752 1121 993 1175 ostendit
1026 1121 1130 1176 hoc
1171 1123 1400 1192 angelus
1421 1163 1436 1189 ,
1470 1123 1561 1194 qui
1598 1124 1662 1177 ad
1701 1123 1979 1179 Dauielem

391 1211 608 1266 locutus
648 1221 733 1267 est
766 1213 954 1269 dicens
995 1230 1010 1268 :
1053 1213 1203 1269 Tunc
1236 1215 1375 1286 justi
1440 1215 1762 1286 eﬂulgebunt
1841 1219 1980 1271 sicut

391 1302 686 1357 luminaria
723 1304 840 1359 caeli
865 1345 880 1370 ,
914 1315 1164 1376 tanquam
1194 1308 1311 1372 sol,
1343 1316 1391 1362 et
1429 1308 1555 1361 luna
1578 1350 1593 1375 ,
1633 1319 1680 1362 et
1728 1317 1978 1380 tanquam

390 1395 561 1452 stella:
604 1397 660 1450 in
706 1397 902 1454 smcula
928 1402 971 1454 ².
1009 1399 1184 1468 Super
1215 1401 1329 1458 haec
1351 1402 1605 1456 universa
1648 1402 1812 1457 etiam
1864 1405 1979 1473 ipse

390 1487 657 1543 Dominus
724 1490 776 1542 in
838 1490 1148 1561 Evangeliis
1189 1492 1322 1547 dicit
1388 1491 1584 1548 :Tuuc
1623 1493 1762 1570 justi
1805 1495 1975 1564 fulge-

391 1580 517 1634 bunt
545 1582 597 1633 in
626 1593 904 1653 conspectu
920 1585 1096 1639 Patris
1114 1585 1200 1645 sui
1222 1587 1310 1656 qui
1330 1596 1405 1640 est
1441 1587 1494 1640 in
1521 1587 1661 1642 caelis
1685 1589 1730 1640 ³.
1756 1588 1846 1644 Sic
1872 1590 1975 1644 ita-

388 1687 500 1743 que
526 1673 786 1745 eli'ulgent
819 1685 984 1748 atque
1011 1679 1248 1731 emicant
1276 1693 1465 1733 omnes
1491 1678 1667 1734 sancti
1688 1722 1701 1745 ,
1730 1695 1837 1735 non
1887 1695 1977 1734 so-

389 1765 503 1820 lum
537 1769 590 1820 in
634 1777 878 1839 tempore
916 1771 1282 1830 restitutionis
1306 1813 1325 1838 ι
1366 1772 1463 1827 sed
1493 1783 1548 1826 et
1575 1789 1717 1828 nunc
1750 1773 1802 1827 in
1841 1782 1975 1827 tem-

387 1870 526 1933 pore
559 1857 718 1927 hujus
748 1860 1036 1929 praesentis
1060 1861 1262 1916 8010011.
1299 1862 1454 1916 Alius
1489 1864 1634 1921 enim
1668 1865 1772 1919 fide
1807 1865 1975 1934 fulget

387 1961 450 2005 ut
484 1951 793 2019 Abraham;
829 1953 967 2007 alius
1001 1956 1251 2010 castitate
1281 1955 1427 2010 lucet
1460 1967 1517 2010 ut
1549 1956 1786 2027 Joseph;
1836 1959 1975 2013 alius

389 2040 749 2096 nihilominus
795 2045 1211 2103 mansuetudine
1240 2083 1256 2110 ,
1292 2053 1352 2098 ut
1387 2044 1552 2098 homo
1604 2044 1697 2098 Dei
1732 2044 1971 2115 Moyses.

386 2133 520 2189 Item
565 2149 696 2189 vero
743 2134 884 2190 alius
921 2136 1232 2197 constantia
1279 2145 1442 2206 atque
1489 2137 1778 2191 tolerantia
1806 2139 1974 2190 vehe-

385 2227 652 2280 mentium
686 2226 931 2282 dolorum
960 2270 974 2294 ,
1013 2228 1153 2283 sicut
1198 2228 1536 2283 admirabilis
1584 2227 1723 2293 Job,
1774 2228 1842 2282 de
1868 2242 1976 2298 quo

385 2321 658 2394 plurimus
696 2334 876 2375 sermo
904 2361 920 2386 ,
949 2320 1015 2375 de
1048 2335 1157 2391 quo
1184 2320 1479 2376 vehemens
1509 2321 1804 2389 disputatio
1824 2360 1838 2386 ,
1875 2336 1970 2374 cu-

381 2411 474 2482 ius
503 2422 707 2466 sancta:
734 2411 952 2465 virtutis
981 2411 1235 2482 insignia,
1254 2413 1410 2482 cujus
1437 2412 1818 2467 admirabilem
1853 2427 1976 2467 con-

384 2501 650 2556 stantiam
681 2540 695 2563 ,
727 2500 884 2570 cujus
931 2501 1348 2556 inenarrabilem
1398 2501 1780 2566 tolerantiam,
1818 2501 1974 2570 cujus

385 2591 728 2646 miserabiles
761 2592 995 2657 dolores,
1032 2593 1154 2662 quis
1183 2594 1405 2648 edicere
1433 2632 1448 2659 ,
1479 2593 1561 2645 vel
1600 2591 1758 2660 juxta
1806 2593 1975 2648 meri-

383 2692 500 2736 tum
533 2682 800 2752 proferre,
833 2685 919 2738 vel
945 2684 1204 2762 admirari
1241 2685 1436 2747 valeat,
1471 2700 1591 2753 qua:
1616 2685 1821 2754 scripta
1851 2695 1975 2739 sunt

385 2776 654 2847 Syrorum
699 2775 884 2847 lingua
911 2819 927 2841 ,
960 2779 1078 2833 sive
1110 2778 1178 2832 ab
1218 2779 1335 2848 ipso
1364 2777 1465 2834 101)
1491 2818 1506 2843 ,
1537 2779 1652 2834 sive
1683 2779 1751 2834 ab
1780 2779 1972 2833 amicis

383 2866 551 2936 ejus?
593 2867 676 2922 Ob
731 2869 836 2924 hoc
892 2869 1038 2923 enim
1085 2869 1216 2924 dicit
1258 2871 1373 2940 ipse
1415 2869 1766 2925 beatissimus
1818 2869 1917 2925 101)
1953 2887 1968 2924 :

387 2959 524 3024 Quis
555 2961 702 3014 dabit
742 2973 797 3014 ut
827 2962 1129 3016 scribantur
1161 2979 1424 3017 sermones
1465 2963 1598 3028 mei,
1631 2973 1679 3016 et
1704 2972 1972 3030 ponantur

382 3050 442 3103 in
482 3051 616 3103 libro
659 3053 713 3104 in
753 3053 1147 3121 perpetuum“?
1190 3055 1542 3123 luterpretata
1575 3064 1754 3109 autem
1785 3065 1912 3110 sunt
1939 3071 1970 3109 0

385 3158 584 3213 magno
615 3143 706 3198 illo
733 3144 850 3198 viro
882 3143 1068 3216 Moyse
1100 3146 1150 3198 in
1186 3145 1506 3202 l-lebraicam
1533 3146 1972 3217 liuguam,‘atque

383 3233 513 3290 filiis
561 3234 728 3290 Israel
773 3237 991 3291 tradita.
1035 3237 1188 3305 Quod
1238 3240 1478 3294 ostendit
1524 3240 1637 3309 ipsa
1685 3241 1968 3308 Scriptura

381 3321 521 3388 101),
562 3324 748 3380 dicens
785 3325 940 3380 :Iloc
974 3329 1350 3394 interpretatus
1389 3340 1467 3385 est
1495 3347 1561 3385 ea:
1590 3331 1855 3401 Syrorum
1898 3333 1968 3386 li—

393 3417 508 3471 bro.
539 3415 582 3470 A
614 3431 723 3486 quo
772 3419 1208 3488 interpretatus?
1243 3421 1592 3478 Manifestum
1638 3435 1722 3478 est
1764 3427 1908 3494 quod
1938 3439 1969 3478 a

389 3505 578 3578 Moyse
605 3507 660 3562 in
688 3505 998 3564 Hebraeum.
1024 3509 1156 3564 Item
1187 3527 1316 3567 vero
1347 3527 1375 3565 a
1405 3513 1757 3584 Septuaginta
1795 3514 1972 3569 10101-

383 3599 631 3670 pretibus
677 3615 746 3654 ex
788 3600 1014 3657 Hebraeo
1060 3604 1113 3656 in
1149 3602 1398 3658 Graecum
1440 3604 1736 3660 1100810108
1776 3613 1878 3659 081.
1913 3605 1970 3660 10

384 3690 626 3766 Egyth
651 3693 865 3748 scilicet
902 3693 1028 3749 olim
1067 3695 1280 3766 Moyses
1326 3695 1474 3749 illum
1505 3710 1572 3751 ex
1605 3695 1745 3766 Sy-ro
1775 3697 1828 3750 in
1861 3695 1970 3750 ile-

381 3765 921 3838 braeum°transtulit.
972 3783 1105 3838 Item
1143 3765 1194 3837 in
1240 3783 1475 3854 Egypto
1524 3765 1686 3838 etiam
1739 3770 1971 3854 Septua-

382 3865 534 3944 ginta
563 3869 664 3924 sub
693 3867 986 3925 Ptolemaao
1018 3887 1084 3926 ex
1133 3871 1365 3926 11001010
1421 3874 1472 3927 10
1527 3872 1782 3928 Graecum
1820 3874 1968 3928 illum

381 3959 828 4028 transtulerunt,
875 3973 931 4019 et
977 3964 1105 4020 inde
1148 3981 1215 4018 ex
1262 3964 1501 4035 IEgypto
1546 3981 1643 4034 per
1685 3967 1969 4022 universas

381 4061 576 4131 gentes
622 4053 764 4110 beati
814 4056 916 4112 Job
949 4058 1233 4128 Scriptura
1274 4059 1544 4130 divulgata
1575 4069 1658 4113 est
1689 4077 1703 4110 :
1734 4061 1968 4128 primum

380 4145 605 4216 quidem
635 4146 689 4200 in
720 4147 921 4204 Arabia
953 4149 1178 4221 Syriaco
1211 4151 1434 4218 scripta,
1474 4151 1562 4206 ubi
1599 4161 1652 4205 et
1678 4150 1780 4206 101)
1807 4153 1966 4208 habi—

381 4240 536 4293 tabat
566 4257 580 4294 :
611 4249 734 4310 post
763 4241 867 4297 hoc
890 4256 1022 4297 vero
1049 4253 1107 4297 et
1142 4242 1197 4296 in
1241 4241 1486 4298 Hebraeis
1511 4283 1526 4309 ,
1555 4253 1609 4299 et
1637 4245 1689 4298 in
1721 4244 1926 4306 Graecis
1949 4287 1966 4312 ,

381 4339 551 4398 atque
577 4329 632 4385 in
661 4333 919 4390 omnibus
945 4333 1220 4403 gentibus,
1241 4333 1397 4401 juxta
1424 4334 1537 4388 haec
1567 4349 1688 4404 quae
1721 4335 1967 4391 intimata

379 4431 815 4492 atque'ostensa
858 4434 1026 4493 sunt,
1071 4425 1354 4479 immutata
1400 4434 1562 4495 atque
1608 4427 1968 4498 interpretata

2088 566 2259 621 solum
2292 566 2488 620 Filium
2532 567 2743 621 locutus
2778 575 2863 620 est
2909 566 3134 622 dicens:
3165 564 3456 618 Faciamus
3492 565 3668 617 Itami-

2088 675 2202 712 nem
2226 659 2272 722 ⁸,
2307 669 2357 712 01
2391 669 2588 712 canora
2627 659 2905 723 universa,
2938 657 3042 711 nisi
3079 656 3227 711 solus
3261 655 3473 728 Moyses
3500 697 3514 721 ,
3546 672 3668 725 qua:

2088 750 2350 806 revelavit
2392 751 2466 806 illi
2516 750 2752 820 Spiritus
2792 759 3014 805 sanctus
3051 748 3375 804 Paracletus
3407 749 3498 819 qui
3529 765 3669 818 pra:-

2087 859 2215 900 sens
2245 855 2360 900 erat
2385 861 2399 901 :
2429 844 2506 899 sic
2550 843 2800 898 similiter
2834 843 3016 898 nullus
3055 842 3200 897 illius
3227 842 3484 912 temporis
3517 851 3667 912 pote-

2087 949 2171 993 rat
2205 953 2363 993 nosse
2397 939 2447 991 in
2474 948 2684 993 secreto
2713 953 2832 1006 quae
2865 937 3002 991 Deus
3029 936 3094 989 ad
3127 935 3400 990 diabolum
3445 935 3663 990 locutus

2084 1040 2169 1084 est
2200 1045 2298 1100 pro
2350 1030 2720 1097 increpatione
2747 1029 2864 1095 ejus
2899 1042 3022 1097 quae
3052 1027 3104 1080 in
3141 1041 3208 1080 eo
3233 1035 3354 1080 erat
3376 1026 3666 1094 cogitatio-

2084 1124 2188 1188 nis,
2208 1123 2308 1177 nisi
2349 1123 2497 1177 solus
2526 1121 2759 1193 Moyses,
2778 1122 2862 1175 001
2891 1129 3085 1175 cuncta
3129 1130 3250 1176 sunt
3279 1119 3515 1174 revelata
3545 1134 3667 1187 quae

2087 1223 2216 1267 ante
2242 1225 2404 1268 erant
2435 1213 2750 1267 abscondita
2781 1253 2795 1276 ,
2825 1226 2922 1281 pro
2949 1212 3015 1266 iis
3044 1213 3134 1281 qui
3170 1223 3298 1265 tunc
3323 1210 3458 1281 legis
3485 1212 3667 1280 auspi-

2083 1305 2222 1358 cium
2255 1315 2407 1359 erant
2441 1303 2902 1372 accepturi.Quod
2936 1315 3118 1357 autem
3151 1302 3362 1373 Moyses
3391 1301 3505 1357 11100
3530 1303 3669 1357 scri-

2082 1397 2251 1465 pserit
2285 1397 2336 1450 iu
2361 1395 2601 1468 Egypto
2624 1436 2639 1461 ,
2671 1396 2839 1451 etiam
2881 1396 3032 1463 juxta
3082 1396 3256 1464 ipsum
3293 1405 3505 1463 tempus
3540 1409 3665 1449 cum

2080 1487 2324 1556 ejusdem‘
2349 1487 2418 1543 sit
2450 1489 2658 1542 numeri
2690 1488 2925 1542 maxime
2940 1489 3352 1557 comprobatur.
3383 1487 3518 1542 Nam
3555 1488 3665 1542 sic-

2081 1590 2136 1634 ut
2164 1581 2384 1650 quintus
2405 1580 2639 1636 eratJob
2662 1580 2729 1635 ab
2762 1579 3062 1645 Abraham,
3088 1579 3160 1632 ita
3191 1579 3375 1647 quinta
3409 1577 3666 1647 progenie

2079 1674 2280 1731 missus
2296 1683 2380 1729 est
2401 1675 2609 1745 Moyses
2628 1674 2858 1729 educere
2879 1673 3019 1728 ﬁlios
3037 1671 3201 1726 Israel
3225 1672 3290 1724 de
3319 1679 3465 1724 terra
3494 1668 3664 1740 [Egy-

2079 1767 2175 1835 pti.
2209 1765 2384 1835 Super
2415 1768 2529 1820 haec
2558 1775 2740 1820 autem
2765 1765 2974 1829 omnia,
3001 1778 3034 1817 0
3062 1762 3245 1826 amici,
3278 1759 3582 1814 invenimus
3607 1759 3664 1812 111

2079 1859 2426 1928 antiquorum
2457 1859 2637 1924 dictis,
2669 1858 2811 1928 quod
2843 1872 2966 1910 cum
3003 1869 3227 1924 magnus
3257 1853 3349 1907 ille
3371 1851 3585 1921 Moyses
3608 1850 3664 1904 in

2076 1949 2311 2020 ngypto
2339 1965 2368 2002 a
2401 1949 2510 2002 Deo
2547 1949 2742 2003 fuisset
2771 1949 3005 2014 missus,
3048 1955 3104 2000 et
3126 1946 3499 2000 vehementem
3536 1941 3665 1996 ailli-

2078 2044 2313 2098 ctionem
2345 2040 2582 2096 ﬁliorum
2617 2040 2781 2095 Israel
2815 2039 3064 2104 videret,
3093 2047 3146 2091 et
3171 2037 3443 2091 consolari
3471 2051 3566 2091 eos
3595 2039 3664 2092 ab

2078 2134 2357 2189 anxietate
2405 2131 2775 2188 lamentabilis
2823 2145 3014 2187 eorum
3056 2127 3365 2184 alilictionis
3396 2145 3500 2198 qua
3543 2129 3664 2184 illos

2076 2227 2322 2298 IEgyptii
2368 2225 2717 2295 alﬁigebant,
2763 2225 2986 2280 minime
3016 2225 3267 2289 valeret,
3309 2225 3663 2280 vehementes

2078 2322 2200 2376 illos
2243 2330 2405 2389 atque
2441 2318 2709 2374 terribiles
2755 2317 2858 2373 101)
2896 2317 3116 2372 dolores
3147 2334 3244 2384 pro
3287 2318 3664 2372 consolatione

2078 2411 2183 2466 illis
2211 2409 2565 2472 ettarraverit,
2603 2423 2808 2463 necnon
2835 2416 2889 2463 et
2922 2409 2974 2462 in
3007 2406 3288 2474 Scriptura
3328 2421 3422 2461 eos
3457 2421 3664 2476 ponens

2077 2503 2256 2557 adhuc
2282 2517 2406 2557 cum
2446 2513 2631 2556 essent
2671 2501 3032 2565 recentiores,
3067 2498 3141 2552 illi
3172 2498 3370 2567 populo
3401 2498 3616 2552 dederit
3643 2515 3658 2551 :

2077 2603 2137 2649 ut
2163 2610 2262 2665 per
2284 2596 2642 2665 cognationes
2669 2605 2724 2650 et
2755 2594 2932 2648 tribus
2955 2608 3084 2648 suas
3116 2594 3234 2646 haec
3268 2592 3534 2660 legentes,
3568 2605 3663 2646 ve-

2077 2688 2360 2744 hementes
2392 2699 2557 2758 atque
2593 2687 2868 2744 terribiles
2911 2686 3030 2741 illos
3070 2685 3214 2739 beati
3253 2684 3397 2740 illius
3429 2684 3531 2737 viri
3559 2685 3660 2738 do-

2075 2778 2220 2833 lores
2249 2777 2531 2834 audientes
2555 2817 2571 2844 ,
2604 2777 2838 2832 invicem
2879 2791 2940 2832 se
2979 2774 3419 2839 consolarentur,
3450 2781 3505 2828 et
3534 2788 3659 2827 cum

2074 2871 2331 2948 patientia
2360 2882 2523 2940 atque
2552 2872 2849 2941 gratiarum
2893 2869 3198 2924 actionibus
3249 2866 3389 2920 mala
3415 2880 3536 2936 quae
3560 2879 3660 2920 eos

2075 2962 2545 3017 circumdederant
2581 2961 2904 3028 suli‘errent,
2947 2973 3003 3016 et
3027 2969 3086 3016 ut
3114 2962 3307 3016 bonam
3338 2973 3662 3012 remunera-

2076 3055 2278 3110 tionem
2309 3055 2525 3110 Domiui
2556 3071 2717 3125 quam
2747 3055 2848 3111 Job
2877 3064 3004 3125 post
3039 3053 3391 3108 tolerantiam
3427 3049 3658 3119 largitus

2075 3154 2159 3200 est
2189 3145 2490 3210 audientes,
2523 3146 2684 3200 etiam
2723 3146 2825 3215 ipsi
2854 3144 3230 3199 liberationem
3253 3151 3576 3212 sperarent,
3600 3149 3660 3195 et

2076 3236 2340 3292 beneﬁcia
2371 3239 2543 3292 beatae
2584 3237 2852 3292 mercedis
2892 3235 3137 3291 laborum
3166 3249 3388 3291 suorum
3453 3245 3657 3302 exspe-

2074 3339 2310 3386 ctarent.
2343 3329 2510 3399 Hujus
2533 3345 2767 3398 namque
2791 3333 2868 3386 rei
2885 3330 3105 3386 evidens
3131 3339 3292 3399 atque
3314 3324 3653 3381 irreiutabile

2073 3423 2331 3478 iudicium
2367 3433 2452 3478 est
2497 3424 2600 3477 hoc
2624 3463 2638 3489 ,
2673 3423 2817 3492 quod
2851 3423 3019 3477 etiam
3054 3421 3234 3476 adhuc
3268 3433 3440 3489 usque
3469 3417 3522 3472 in
3567 3417 3658 3472 lto-

2073 3518 2322 3572 diernum
2375 3517 2516 3572 diem
2570 3517 2713 3571 beati
2751 3515 2851 3572 101)
2901 3515 3190 3570 tolerantia
3239 3520 3368 3568 ante
3417 3525 3512 3567 eos
3563 3509 3656 3580 qui

2072 3619 2198 3666 sunt
2222 3611 2277 3665 in
2308 3610 2493 3666 dolore
2513 3618 2568 3665 et
2589 3609 2734 3664 luctu
2770 3619 2932 3678 atque
2949 3607 3166 3678 planctu
3192 3604 3390 3675 legitur
3408 3617 3507 3672 pro
3529 3615 3657 3656 con-

2072 3704 2338 3758 solatione
2386 3712 2552 3771 atque
2597 3701 2979 3756 exhortatione
3019 3699 3269 3754 dolorum
3316 3696 3530 3751 illorum
3555 3732 3572 3759 ,
3601 3701 3655 3748 et

2073 3809 2171 3863 pro
2203 3793 2476 3847 ablatione
2504 3792 2768 3863 angustia:
2805 3789 2984 3846 cordis
3019 3803 3230 3843 eorum.
3264 3783 3536 3840 Similiter
3561 3796 3654 3835 au-

2075 3897 2180 3941 tem
2217 3895 2271 3940 et
2301 3887 2356 3940 in
2383 3893 2652 3940 conventu
2693 3883 2947 3938 ecclesia:
2976 3883 3032 3937 in
3059 3881 3252 3936 diebus
3292 3877 3502 3935 sanctis
3526 3875 3651 3946 legi-

2073 3988 2160 4033 tur
2195 3979 2376 4049 passio
2419 3976 2520 4033 Job
2554 4017 2570 4041 ,
2597 3977 2651 4031 in
2683 3975 2873 4031 diebus
2899 3973 3094 4046 jejunii
3124 4014 3141 4038 ,
3173 3973 3227 4027 in
3259 3971 3450 4028 diebus
3485 3967 3650 4024 absti-

2072 4072 2302 4136 nentiae,
2330 4071 2384 4126 in
2418 4070 2611 4125 diebus
2643 4069 2698 4123 in
2732 4067 2930 4139 quibus
2959 4078 3217 4138 tanquam
3247 4066 3652 4136 compatiuntur

2070 4165 2106 4219 ii
2137 4163 2228 4233 qui
2262 4162 2518 4232 jejunant
2541 4169 2596 4216 et
2623 4159 2930 4224 abstinent,
2959 4157 3268 4214 admirabili
3309 4158 3388 4212 illi
3421 4155 3552 4224 Job,
3598 4155 3651 4211 in

2069 4254 2264 4310 diebus
2306 4255 2360 4310 in
2389 4253 2588 4324 quibus
2621 4252 2674 4306 in
2697 4249 2906 4326 jejunio
2940 4259 2996 4305 ct
3029 4236 3362 4305 abstinentia
3406 4257 3651 4304 sanctam

2071 4346 2285 4401 Domini
2329 4345 2500 4400 nostri
2551 4342 2676 4399 Jesu
2723 4341 2928 4397 Christi
2977 4340 3287 4412 passionem
3329 4349 3648 4396 sectamur:

2071 4448 2133 4492 ut
2160 4437 2454 4492 terribilem
2480 4436 2597 4506 ejus
2622 4434 2930 4506 passionem
2963 4441 3310 4488 transeuntes
3339 4431 3404 4486 ad
3435 4433 3648 4486 beatam

378 4522 482 4569 εει·
518 4513 650 4569 Eri“
679 4515 939 4570 nimirum
974 4515 1184 4586 Pridem
1220 4516 1450 4585 Syriace
1478 4532 1545 4570 εἰ
1579 4530 1735 4596 Parte
1760 4521 1961 4589 scripta
1997 4547 2041 4601 ι)
2069 4531 2193 4601 ejus
2241 4529 2695 4585 resurrectionem
2738 4527 2932 4581 venire
2978 4538 3289 4578 mereamur
3314 4561 3329 4587 ,
3375 4522 3650 4592 compassi

378 4618 490 4658 non
525 4604 597 4658 ita
636 4605 924 4676 diligenter
949 4601 1126 4676 neque
1153 4607 1226 4660 ita
1258 4607 1570 4677 vigilanter,
1605 4611 1958 4679 quemadmo-

376 4695 506 4752 dum
529 4705 714 4766 postea
741 4712 772 4751 a
805 4695 1007 4766 Moyse.
1033 4696 1176 4751 Solae
1200 4698 1344 4751 enim
1371 4701 1774 4767 responsiones,
1793 4711 1957 4771 atque

376 4789 770 4858 replicationes
816 4806 846 4844 a
891 4791 1190 4860 primordio
1221 4794 1440 4857 scriptae
1471 4801 1618 4846 sunt.
1667 4791 1801 4846 Nam
1834 4794 1959 4862 quis

376 4880 593 4936 illorum
623 4890 839 4952 poterat
870 4898 1032 4939 nosse
1058 4885 1336 4953 quomodo
1363 4884 1620 4938 venerint
1667 4885 1871 4956 angeli,
1901 4895 1960 4940 ut

373 4982 592 5026 8101001·
614 4982 741 5028 ante
772 4973 941 5028 Deum
969 5013 985 5040 ,
1015 4973 1100 5029 vel
1130 4975 1404 5046 quomodo
1431 4974 1681 5030 diabolus
1709 4977 1956 5042 venerit,

373 5063 462 5117 vel
491 5064 620 5134 quid
655 5065 886 5130 dixerit,
920 5065 1006 5120 vel
1035 5066 1166 5136 quid
1197 5067 1588 5136 responderit?
1620 5067 1812 5124 Nullus
1839 5069 1962 5124 illo-

372 5172 497 5212 rum
523 5167 737 5226 poterat
762 5158 865 5213 hoc
897 5173 1060 5215 nosse
1085 5199 1101 5226 ,
1133 5160 1218 5215 vel
1257 5147 1361 5216 1100
1390 5161 1532 5230 quod
1563 5163 1704 5218 Deus
1734 5164 1801 5218 ad
1831 5164 1955 5220 dia-

370 5248 553 5302 bolum
579 5247 792 5305 locutus
810 5249 992 5316 fuerit,
1024 5251 1298 5320 nisisolus
1333 5253 1546 5324 Moyses
1571 5251 1805 5322 Spiritus
1831 5271 1960 5310 san-

372 5341 446 5394 cti
481 5339 826 5398 revelatione.
861 5343 1015 5399 Sicut
1041 5345 1185 5399 enim
1225 5343 1522 5400 defectura
1555 5346 1679 5400 caeli
1711 5356 1764 5401 et
1793 5356 1954 5403 terra:

375 5448 537 5489 nemo
568 5435 709 5490 alius
745 5436 818 5489 ita
862 5436 1150 5506 diligenter
1189 5447 1402 5507 poterat
1431 5451 1615 5500 nosse,
1646 5437 1733 5490 vel
1777 5437 1950 5508 loqui,

372 5525 460 5580 1101
488 5526 732 5580 scribere
755 5527 898 5581 sicut
931 5526 1167 5598 Moyses,
1201 5528 1273 5582 ita
1303 5543 1408 5583 nec
1444 5541 1508 5581 00
1535 5544 1656 5596 qua:
1686 5529 1832 5583 circa
1855 5528 1956 5585 Job

371 5628 526 5692 gesta
557 5629 702 5676 sunt.
741 5620 849 5678 Sed
879 5623 952 5677 ita
985 5623 1357 5689 adhuc,,sicut
1386 5637 1546 5679 nemo
1585 5624 1721 5681 alius
1748 5633 1960 5696 poterat

445 5805 458 5832 ²
485 5800 510 5861 1
534 5801 658 5860 Cor.
688 5819 776 5870 xv,
810 5804 898 5872 ll,
938 5805 1025 5861 42.
1109 5809 1125 5839 ³
1157 5806 1291 5865 Dan.
1324 5823 1418 5874 xu,
1457 5808 1508 5864 5.

1583 5810 1600 5841 ³
1635 5807 1830 5870 Matth.
1869 5825 1984 5878 11111,
2028 5810 2113 5866 15.

2062 4638 2205 4676 111100
2226 4631 2286 4676 01
2314 4630 2368 4677 et
2391 4634 2786 4692 conreguemus
2805 4659 2822 4684 ,
2859 4614 3209 4674 condoleutes
3239 4615 3402 4669 modo
3431 4615 3483 4666 in
3519 4623 3650 4667 tem-

2060 4731 2193 4787 pore
2209 4713 2627 4782 passionis.utet
2650 4710 3087 4781 congaudeamus
3107 4716 3228 4776 post
3243 4707 3346 4761 hoc
3371 4705 3422 4759 in
3443 4714 3647 4774 tempo-

2063 4825 2121 4861 re
2149 4805 2581 4861 resurrectionis.
2611 4803 2783 4870 Quam
2820 4803 3127 4873 passionem
3169 4799 3431 4855 Dominus
3455 4809 3644 4853 noster

2061 4893 2216 4949 Jesus
2247 4891 2499 4947 Christus
2524 4893 2592 4946 ad
2626 4903 2800 4946 terras
2821 4893 3049 4946 veniens
3081 4891 3134 4944 in
3168 4891 3406 4944 humano
3442 4903 3641 4956 corpo-

2064 5001 2124 5040 re
2165 4985 2424 5039 sustinuit
2453 4999 2550 5055 pro
2581 4983 2826 5038 omnium
2858 4983 3137 5038 hominum
3171 4979 3352 5036 salute
3373 5020 3389 5045 ,
3442 4989 3502 5033 ut
3546 4995 3642 5050 per

2066 5075 2378 5145 passionem
2424 5088 2556 5129 sane
2586 5084 2817 5130 mortem
2868 5074 3205 5129 interficeret
3229 5113 3245 5139 ,
3274 5086 3372 5142 per
3400 5085 3642 5127 resurre-

2065 5167 2300 5221 ctionem
2331 5180 2462 5220 vero
2490 5180 2646 5220 suam
2685 5166 2980 5220 recidivam
3005 5166 3172 5228 vitam
3198 5163 3412 5219 cunctis
3445 5172 3643 5218 osten-

2064 5260 2236 5312 deret.
2266 5257 2433 5327 Cujus
2459 5257 2728 5328 passionis
2757 5268 2922 5327 atque
2963 5257 3383 5313 resurrectionis
3429 5257 3643 5311 Domini

2062 5348 2292 5403 fortnam
2322 5357 2484 5417 atque
2513 5347 2821 5418 exetuplum
2868 5348 2994 5416 quia
3029 5347 3129 5402 Job
3165 5350 3346 5417 passio
3373 5347 3426 5402 in
3452 5347 3642 5402 multis

2064 5442 2287 5511 gerebat
2313 5482 2328 5507 ,
2357 5441 2497 5496 sicut
2527 5441 2560 5494 ii
2590 5441 2684 5509 qui
2712 5439 3021 5508 diligentius
3049 5440 3417 5509 requisierunt
3441 5479 3454 5505 ,
3483 5453 3640 5508 repe-

2067 5543 2256 5589 rerunt
2284 5551 2298 5588 :
2329 5534 2526 5589 merito
2554 5533 2717 5587 etiam
2751 5548 2895 5587 nunc
2939 5532 2991 5585 111
3030 5531 3221 5587 diebus
3249 5532 3519 5601 passionis
3539 5571 3553 5595 ,
3588 5533 3639 5584 in

2068 5626 2260 5681 diebus
2291 5622 2774 5689 sanctificationis,
2813 5623 2868 5677 in
2904 5623 3097 5678 diebus
3126 5621 3343 5694 jejuuii,
3369 5622 3514 5678 beati
3542 5618 3661 5681 Job.

2209 5809 2348 5868 "Job
2377 5829 2483 5878 xm,
2523 5810 2611 5867 ‘25.
2707 5811 2728 5844 ⁸
2760 5812 2892 5867 Gen.
2932 5827 2966 5876 l,
3002 5808 3088 5865 9‘5.
