4174 6396
569 314 678 368 575
1669 307 2051 363 ANONYMUS
2089 306 2154 360 IN
2194 305 2331 362 JOB.
2373 338 2440 347 —
2477 307 2604 361 LIB.
2646 307 2685 361 I.
3712 309 3820 366 376

569 427 753 496 passio
795 425 1012 493 legitur,
1047 427 1337 478 meditatur
1383 432 1546 493 alque
1593 434 1882 480 scrutatur.
1937 425 2042 486 Sed
2079 425 2144 476 ad
2173 426 2219 482 Α
2248 423 2346 480 sibi
2391 434 2552 478 erant
2599 424 2826 480 invicem
2852 463 2868 488 ,
2910 433 3070 493 atque
3119 425 3314 497 integri
3366 427 3524 482 amici
3553 468 3568 493 ,
3617 438 3809 497 utpote

568 524 806 590 priorem
840 528 1176 574 revertamur
1211 532 1544 573 sermonem.
2247 514 2407 570 uuius
2437 515 2650 584 generis
2674 527 2839 586 atque
2875 516 3033 570 unius
3079 516 3273 586 linguae
3299 558 3314 584 ,
3344 527 3400 573 et
3420 559 3436 584 ,
3484 529 3546 574 ut
3576 521 3819 579 breviter

642 615 885 667 Diximus
911 613 1054 681 quod
1087 625 1312 681 magnus
1360 610 1448 663 ille
1492 609 1702 679 Moyses
1749 607 1996 663 scribens
2023 623 2144 677 pas-

569 709 778 764 sionem
810 704 913 761 Joh
939 745 954 770 ,
990 714 1044 759 et
1070 703 1310 758 dolorem
1337 743 1353 768 ,
1393 711 1449 756 et
1478 701 1718 757 laborem
1750 743 1765 767 ,
1799 712 1960 772 atque
2007 717 2140 757 con-

569 800 824 854 stantiam
853 838 868 863 ,
916 812 1014 867 pro
1067 795 1441 852 consolatione
1493 794 1706 849 dederit
1759 794 1883 849 liliis
1927 793 2138 858 Israel;

566 891 765 946 blande
801 900 858 945 et
897 890 1130 958 benigne
1164 903 1229 941 ac
1264 886 1472 956 placide
1521 886 1751 954 loquens
1785 888 1851 940 ad
1902 900 2027 949 eos,
2077 900 2139 939 ac

565 983 753 1037 dicens
786 996 802 1034 :
845 979 1172 1034 Constantes
1201 987 1397 1040 estote,
1423 976 1515 1030 lilii
1549 975 1745 1042 Israel;
1781 978 2136 1047 animaequio-

565 1087 657 1126 res
693 1079 890 1132 estote,
935 1069 1228 1139 posteritas
1251 1068 1484 1122 Abrahae
1513 1106 1529 1131 ,
1566 1068 1834 1122 sustinete
1878 1068 2091 1123 dolores
2119 1109 2134 1131 ,

565 1164 788 1220 sull‘erte
825 1165 941 1218 haec
972 1163 1134 1229 mala,
1170 1162 1297 1230 quia
1323 1172 1378 1216 et
1405 1161 1534 1214 olim
1563 1169 1682 1214 erat
1709 1162 1930 1229 quidam
1973 1161 2134 1218 homo

565 1259 617 1310 in
649 1256 871 1325 regione
896 1255 1166 1316 Ausitide,
1206 1253 1292 1307 cui
1325 1267 1520 1306 nomen
1553 1260 1672 1305 erat
1705 1250 1806 1306 Job
1845 1271 1856 1306 :
1891 1253 1982 1320 qui
2011 1267 2132 1306 cum

563 1357 708 1402 esset
735 1348 917 1416 justus
947 1356 1002 1400 et
1025 1359 1215 1408 verax,
1244 1354 1299 1398 et
1323 1344 1439 1397 sine
1460 1342 1702 1411 querela,
1743 1343 1991 1411 ingentes
2017 1357 2134 1397 sus-

565 1439 726 1492 tinuit
749 1437 988 1501 dolores,
1010 1450 1193 1489 amara
1227 1434 1564 1504 supportavit
1596 1443 1887 1498 tormenta,
1913 1442 2133 1502 propter

563 1531 737 1586 zelum
779 1529 1121 1590 adversarii,
1155 1537 1316 1594 atque
1364 1525 1689 1594 nequissimi
1736 1523 1937 1578 diaboli
1988 1524 2131 1579 invi-

559 1624 731 1678 diam.
770 1621 846 1676 Ita
889 1631 943 1674 et
977 1636 1072 1676 vos
1097 1661 1110 1682 ,
1146 1620 1322 1688 inquit
1348 1659 1364 1685 ,
1400 1619 1560 1673 modo
1586 1633 1616 1671 a
1655 1615 1942 1672 Pharaone
1971 1631 2132 1671 vexa-

561 1715 718 1776 mini,
749 1715 817 1768 ab
848 1712 1113 1783 Egyptiis
1140 1712 1551 1781 oppressionem
1586 1711 1835 1778 patimini
1864 1749 1880 1774 ,
1917 1709 1986 1764 ab
2020 1711 2123 1764 im-

562 1803 1006 1860 misericordibus
1037 1802 1384 1857 vehementes
1417 1801 1696 1856 sustinetis
1729 1799 1966 1867 dolores,
2003 1815 2125 1855 eum

560 1898 781 1950 omnino
818 1911 924 1948 non
966 1892 1390 1963 comprobemiui
1428 1901 1777 1960 peccatores,
1810 1905 1984 1960 neque
2012 1891 2128 1947 cul-

559 1987 788 2058 pabiles,
817 1986 910 2039 sed
941 1994 996 2039 et
1026 1983 1224 2047 sancti,
1263 1980 1389 2036 boui
1420 1983 1680 2047 factores,
1713 1989 1770 2036 et
1800 1981 2047 2051 perfecti,
2073 1990 2128 2038 et

558 2079 696 2149 grati
733 2076 891 2132 amici
923 2087 978 2131 et
1025 2075 1158 2144 ipsis
1203 2085 1259 2130 et
1306 2076 1553 2145 patribus
1580 2089 1768 2129 eorum
1801 2073 1936 2128 estis
1973 2089 2126 2128 com.

557 2171 768 2238 probati
803 2179 967 2238 atque
996 2167 1227 2222 ostensi.
1263 2166 1370 2222 Sed
1405 2183 1527 2222 cum
1571 2167 1686 2220 haec
1734 2165 1978 2235 patimini
2015 2163 2127 2218 illi-

555 2263 662 2317 cite
688 2262 757 2315 ab
795 2260 1070 2331 Aﬂgyptiis
1095 2260 1150 2314 in
1191 2259 1507 2314 servitutem
1557 2259 1796 2320 redacti,
1827 2267 1883 2312 et
1923 2257 2127 2327 absque

555 2353 710 2421 culpa
742 2351 810 2405 ab
835 2352 917 2405 eis
948 2349 1204 2404 macerati
1231 2388 1246 2412 ,
1281 2361 1443 2417 atque
1476 2347 1674 2416 injuste
1707 2347 1889 2402 afﬂicti
1933 2362 2000 2401 ue
2028 2348 2122 2402 de-

553 2443 794 2497 feceritis
819 2486 833 2509 ,
871 2455 1047 2510 neque
1095 2438 1522 2496 succubueritis.
1569 2438 1744 2494 Nolite
1789 2438 1900 2493 lieri
1935 2440 2122 2508 despe-

553 2545 734 2590 rantes
769 2574 787 2600 ,
837 2534 930 2590 sed
991 2534 1257 2588 sustinete
1300 2543 1639 2598 constanter,
1689 2541 1851 2601 atque
1897 2531 2122 2587 sulferte

547 2629 804 2684 viriliter.
845 2627 960 2681 Erit
1007 2641 1242 2695 namque
1285 2634 1340 2682 et
1377 2626 1532 2681 vobis
1574 2627 1824 2683 liberatio
1853 2629 2120 2697 quemad-

548 2723 768 2776 modum
798 2730 852 2775 et
884 2721 982 2774 illi.
1019 2719 1298 2773 Reddetur
1321 2719 1486 2773 etiam
1518 2719 1674 2773 vobis
1700 2718 1988 2773 retributio
2019 2720 2120 2773 hu-

540 2814 631 2880 jns
668 2811 1034 2866 tribulationis
1063 2851 1078 2874 ,
1111 2811 1251 2865 sicut
1299 2819 1355 2863 et
1390 2810 1465 2864 illi
1514 2810 1725 2864 reddita
1771 2820 1876 2864 est.
1920 2809 1975 2864 Si
2015 2824 2118 2865 vos

546 2919 686 2971 quos
713 2903 1064 2956 honorabiles
1095 2911 1258 2971 atque
1288 2903 1488 2956 divites
1515 2915 1635 2956 esse
1667 2902 1958 2970 oportebat
1989 2915 2118 2968 pro-

547 3008 670 3066 pter
705 3007 918 3065 patrum
957 2997 1260 3050 bonitatem
1293 3008 1453 3064 atque
1479 2996 1729 3062 divitias,
1765 2993 2117 3050 inhonorabi-

2244 604 2420 662 dicam
2440 645 2456 670 ,
2492 606 2653 662 unius
2684 607 2860 677 gentis
2889 618 3049 660 erant
3079 616 3133 663 et
3162 610 3400 677 contigui
3448 609 3812 671 habitatores.

2241 697 2375 750 Nam
2412 707 2540 752 tunc
2587 697 2856 752 universa:
2904 699 3076 754 tribus
3107 699 3324 755 Idumaai
3366 701 3622 756 vocitata:
3664 714 3812 771 sunt,

2239 803 2306 842 ex
2343 789 2559 842 nomine
2602 787 2746 843 Esau
2783 788 2856 842 ita
2887 800 3235 859 nuncupata.
3272 790 3426 846 Nunc
3455 805 3585 846 vero
3614 807 3812 848 omnes

2239 893 2347 933 uno
2374 877 2591 932 nomine
2621 877 2827 935 Arabes
2849 879 3216 948 appellantur,
3246 897 3352 936 non
3380 881 3557 937 solum
3586 881 3811 939 Idumaei

2238 969 2328 1039 qui
2370 979 2528 1024 erant
2555 985 2619 1024 ex
2645 969 2785 1026 Esau
2810 1011 2826 1037 ,
2860 972 2953 1026 sed
2999 981 3055 1026 et
3082 973 3410 1030 Ammanitae
3439 984 3493 1028 et
3519 974 3767 1030 Moabitae
3790 1016 3808 1042 ,

2235 1073 2428 1114 omnes
2468 1061 2674 1129 pariter
2709 1075 2854 1116 nunc
2905 1062 2959 1116 in
3006 1061 3243 1116 Arabum
3292 1065 3514 1118 nomine
3547 1068 3813 1134 perstrin-

2236 1164 2457 1222 guntur.
2491 1152 2616 1207 Ilazc
2662 1152 2843 1222 itaque
2889 1152 3164 1216 diximus,
3216 1163 3274 1206 ut
3317 1155 3665 1210 ostendamus
3714 1157 3808 1225 qui

2235 1239 2433 1294 fuerint
2464 1241 2688 1306 Ausita’,
2725 1256 2793 1304 ex
2828 1255 3056 1309 quorum
3092 1240 3193 1296 Joh
3236 1243 3534 1312 appellatur
3562 1247 3805 1316 regione,

2233 1332 2359 1399 quia
2392 1331 2564 1386 tribus
2585 1343 2741 1388 erant
2766 1340 2820 1388 et
2837 1334 3186 1404 cognationes
3213 1334 3406 1400 Edoni,
3439 1335 3529 1407 qui
3557 1347 3612 1392 et
3638 1337 3805 1392 Esau.

2236 1421 2368 1477 Nam
2403 1423 2542 1478 sicut
2571 1425 2746 1480 tribus
2775 1424 2972 1490 Israel,
3006 1424 3096 1494 qui
3129 1434 3184 1478 et
3207 1423 3376 1482 Jacob
3401 1467 3416 1491 ,
3445 1427 3518 1481 ita
3543 1438 3604 1483 et
3632 1429 3809 1488 tribus

2232 1514 2424 1580 Edom,
2457 1515 2549 1586 qui
2591 1525 2646 1570 et
2676 1514 2852 1581 Esau,
2886 1513 3040 1583 juxta
3083 1515 3332 1572 carnales
3360 1517 3534 1573 tribus
3559 1559 3575 1582 ,
3604 1529 3660 1572 et
3699 1535 3806 1574 non

2229 1605 2384 1672 juxta
2433 1608 2614 1662 studia
2655 1607 2941 1679 spiritalia.
2972 1609 3176 1665 Ausitte
3219 1623 3347 1680 ergo
3383 1619 3438 1664 et
3470 1609 3673 1666 Euchei
3698 1650 3714 1675 ,
3751 1622 3808 1666 et

2233 1696 2391 1754 Minei
2421 1708 2477 1754 et
2511 1699 2885 1769 Themanitte,
2930 1717 3122 1760 omnes
3164 1705 3368 1772 pariter
3415 1701 3635 1758 Idumaei
3681 1701 3804 1760 fue-.

2233 1804 2378 1852 runt.
2408 1795 2490 1854 0b
2533 1797 2635 1852 hoc
2667 1812 2798 1869 ergo
2836 1800 2969 1856 dicit
2998 1819 3012 1854 :
3043 1799 3215 1856 Homo
3253 1800 3471 1871 quidam
3505 1801 3560 1854 in
3595 1802 3806 1870 regione

2230 1887 2486 1948 Ausitide.
2540 1888 2736 1945 Statim
2790 1891 2844 1946 in
2885 1892 3183 1963 primordio
3235 1890 3445 1945 Iaudem
3498 1890 3808 1946 beatissimi

2228 1977 2329 2035 Job
2359 1981 2712 2039 demonstrat.
2746 1981 2882 2040 Nam
2925 1999 3048 2039 cum
3093 1983 3366 2038 hominem
3415 1983 3562 2037 illum
3595 1998 3805 2037 memo-

2230 2081 2335 2139 rat,
2361 2077 2598 2131 ostendit
2627 2077 2875 2146 protinus
2903 2077 3045 2146 quod
3086 2075 3174 2131 ille
3206 2076 3366 2134 homo
3397 2075 3582 2140 fuerit,
3607 2084 3661 2128 et
3690 2090 3801 2129 non

2222 2166 2525 2235 jumentum
2564 2181 2739 2238 neque
2780 2168 2970 2224 bestia.
3020 2165 3194 2224 Homo
3237 2171 3454 2238 quidam
3498 2179 3609 2223 erat
3647 2183 3668 2222 :
3703 2168 3808 2229 sed

2225 2261 2353 2330 quia
2404 2261 2564 2316 homo
2608 2275 2730 2316 esse
2767 2264 3174 2330 comprobatur,
3222 2260 3415 2314 merito
3462 2258 3641 2314 factus
3675 2273 3800 2314 esse

2223 2352 2549 2407 ostenditur.
2584 2351 2758 2410 Ilomo
2790 2353 3006 2420 quidam
3043 2362 3176 2405 erat.
3216 2349 3369 2405 Unus
3415 2359 3532 2404 erat
3569 2365 3636 2404 ex
3677 2365 3799 2404 om-

2226 2441 2382 2495 nibus
2414 2440 2722 2496 homiuibus
2764 2441 3057 2496 secundum
3088 2455 3308 2512 corpus,
3338 2439 3638 2493 secundum
3668 2456 3797 2494 cor-

2224 2533 2523 2600 ruptionem
2550 2572 2565 2598 ,
2593 2534 2685 2588 sed
2715 2531 3007 2602 singularis
3034 2540 3154 2587 erat
3195 2548 3305 2602 prae
3333 2532 3585 2586 omnibus
3614 2532 3796 2586 homi-

2222 2626 2380 2679 nibus
2413 2625 2566 2693 juxta
2599 2624 2819 2692 spiritus
2846 2624 3156 2679 instantiam
3187 2632 3244 2678 et
3284 2623 3479 2677 animae
3507 2622 3797 2678 sincerita-

2221 2727 2365 2780 tem,
2412 2727 2576 2787 atque
2617 2718 2840 2788 justitim
2889 2717 3300 2788 perfectionem.
3354 2715 3529 2770 Homo
3576 2717 3796 2786 quidam

2219 2819 2353 2866 erat.
2393 2809 2532 2866 Vere
2562 2810 2745 2877 homo,
2764 2819 2948 2879 utpote
2976 2810 3138 2864 homo
3163 2809 3359 2873 factus,
3396 2818 3455 2863 ut
3478 2811 3640 2864 homo
3665 2823 3794 2878 per-

2219 2917 2463 2966 manens,
2493 2913 2676 2971 utpote
2711 2901 2778 2954 ad
2814 2900 3100 2970 imaginem
3137 2898 3227 2955 Dei
3257 2909 3494 2965 creatus,
3525 2909 3580 2955 et
3615 2900 3682 2953 ad
3713 2899 3792 2954 si-

2218 2991 2574 3047 militudinem
2601 2991 2966 3060 iumentorum
3001 3005 3065 3046 ac
3097 2991 3392 3048 bestiarum
3418 3000 3583 3060 atque
3623 2991 3795 3058 repti-

547 3089 627 3142 les
660 3099 824 3156 atque
870 3090 1028 3154 egeni
1071 3087 1245 3148 ellecti
1289 3088 1420 3142 estis
1444 3127 1459 3152 ,
1493 3087 1660 3141 nolite
1704 3101 2065 3155 expavescere
2095 3104 2109 3140 :
2139 3100 2181 3166 (ς
2216 3089 2346 3143 lium
2375 3103 2480 3142 non
2515 3097 2598 3144 est
2632 3087 3146 3151 immutatus,sicuti
3166 3087 3363 3143 dicitur
3393 3087 3461 3141 de
3483 3086 3789 3156 aliquibus:

545 3174 673 3241 quia
701 3183 756 3226 et
787 3173 1044 3242 pra'fatus
1076 3176 1162 3228 hic
1188 3176 1270 3228 vir
1293 3174 1395 3230 Job
1438 3175 1504 3229 de
1543 3175 1670 3231 sede
1701 3176 1865 3244 regali
1902 3184 1958 3229 et
1993 3176 2114 3244 glo-

546 3263 692 3317 riosa
739 3263 806 3316 ad
836 3263 1238 3331 sterquilinium
1287 3264 1570 3319 devolutus
1601 3275 1684 3318 est
1719 3280 1842 3321 cum
1884 3265 2116 3334 ignomi-

546 3355 660 3417 nia,
694 3368 758 3407 cx
793 3354 1077 3407 immensis
1103 3355 1306 3409 divitiis
1341 3363 1502 3422 atque
1539 3354 1817 3422 opulentia
1848 3356 1914 3409 ad
1947 3356 2114 3410 mise-

547 3445 770 3507 rabilem
799 3456 1170 3514 paupertatem
1202 3446 1516 3500 immutatus
1549 3457 1634 3500 est
1663 3457 1824 3514 atque
1854 3447 2110 3516 inopiam.

545 3535 604 3589 Si
638 3535 873 3606 Egyptii
923 3551 1060 3605 quos
1111 3538 1318 3592 amicos
1364 3552 1485 3592 esse
1530 3546 1846 3607 oportuerat
1894 3550 2115 3609 propter

543 3630 773 3700 gratiam
800 3629 1000 3698 Joseph
1025 3672 1040 3696 ,
1083 3643 1245 3701 atque
1275 3632 1642 3687 sinceritatem
1671 3631 1835 3686 Israel
1861 3673 1876 3698 ,
1910 3635 1976 3689 ad
2009 3635 2113 3688 ini-

543 3721 811 3780 micorum
859 3721 1156 3788 nequitiam
1200 3723 1466 3776 immutati
1497 3733 1663 3790 sunt,
1691 3739 1792 3778 nec
1821 3724 1926 3779 hoc
1960 3725 2112 3779 vobis

541 3812 614 3863 sit
659 3811 858 3865 mirum
893 3829 907 3862 :
941 3813 1068 3880 quia
1107 3821 1162 3868 et
1205 3811 1306 3868 Job
1347 3813 1468 3868 boni
1508 3815 1580 3867 illi
1625 3815 1838 3870 sodales
1864 3855 1880 3880 ,
1920 3816 2009 3885 qui
2058 3816 2108 3870 ei

540 3902 721 3955 devoti
752 3910 914 3972 atque
947 3903 1143 3974 integri
1189 3904 1352 3960 amici
1399 3919 1522 3960 esse
1549 3905 1888 3970 debuerant,
1915 3907 1979 3958 ad
2006 3907 2110 3959 ini-

541 3992 801 4047 micitiam
834 3997 1085 4051 conversi
1130 4006 1296 4061 sunt,
1337 4007 1393 4052 et
1425 3999 1494 4052 ad
1542 3999 1832 4052 maximam
1868 3999 2105 4054 relucta-

542 4081 771 4145 tionem,
813 4092 977 4152 atque
999 4085 1435 4148 criminationem
1479 4087 1627 4144 circa
1658 4088 1803 4142 illum
1838 4088 2105 4143 immutati

536 4181 682 4236 sunt.
718 4172 814 4234 His
841 4189 970 4244 ergo
999 4175 1197 4231 similia
1226 4178 1391 4236 etiam
1425 4193 1521 4234 vos
1541 4219 1557 4242 ,
1595 4181 1806 4248 inquit,
1842 4182 2108 4236 sustinen-

538 4274 640 4334 tes,
672 4266 764 4320 lilii
797 4264 984 4330 Israel,
1025 4270 1267 4336 usquein
1303 4268 1464 4324 linem
1491 4280 1828 4340 supportate,
1853 4287 2025 4340 usque
2051 4273 2104 4327 in

536 4354 702 4409 linem
733 4356 973 4412 snﬂ'erte.
1009 4359 1127 4412 Erit
1156 4361 1301 4418 enim
1333 4369 1511 4415 vestra
1553 4361 1816 4431 inspectio
1839 4403 1853 4428 ,
1878 4363 2022 4416 sicut
2049 4370 2105 4418 et

2221 3181 2392 3234 Homo
2422 3181 2675 3235 vanitatis
2709 3179 2900 3234 similis
2927 3181 3099 3248 factus
3129 3190 3206 3234 est
3237 3181 3344 3234 illis
3367 3182 3409 3233 ".
3450 3181 3516 3235 Et
3561 3181 3739 3236 adhuc
3770 3197 3791 3242 ;

2219 3269 2390 3326 Homo
2419 3287 2534 3325 cum
2562 3272 2616 3324 in
2656 3271 2852 3325 honore
2894 3280 3025 3324 esset
3055 3287 3159 3323 non
3187 3271 3480 3338 intellexit,
3509 3289 3792 3339 compara-

2216 3370 2300 3412 tus
2343 3371 2419 3412 est
2453 3360 2712 3426 jumentis
2750 3358 3142 3427 insipientibus,
3187 3365 3240 3411 et
3276 3358 3468 3410 similis
3500 3356 3677 3426 factus
3709 3367 3794 3416 est.

2213 3447 2321 3501 illis
2339 3449 2380 3501 ³.
2416 3445 2588 3502 Homo
2616 3447 2834 3516 quidam
2856 3455 2992 3509 erat,
3017 3447 3288 3516 patientiae
3315 3447 3790 3516 exemplum,con-

2213 3538 2425 3591 stantia:
2468 3537 2876 3602 testimonium,
2921 3536 3222 3594 tolerantia:
3275 3539 3556 3594 indicium.
3613 3536 3800 3594 Homo.

2212 3629 2430 3697 quidam
2458 3639 2575 3684 erat
2605 3645 2761 3698 quem
2779 3629 3043 3684 innumeri
3071 3630 3290 3685 beatum
3319 3630 3600 3696 dixerunt,
3622 3645 3787 3699 quem

2211 3729 2503 3788 praesentes
2538 3720 2837 3775 timuerunt
2863 3759 2880 3785 ,
2904 3736 3062 3790 quem
3092 3722 3347 3777 absentes
3381 3721 3604 3793 reveriti
3633 3732 3786 3786 sunt,

2211 3826 2368 3880 quem
2391 3811 2566 3881 angeli
2599 3812 2849 3868 admirati
2881 3821 3040 3875 sunt,
3068 3826 3230 3881 quem
3263 3813 3378 3881 ipse
3407 3812 3671 3868 Dominus
3695 3813 3786 3866 di-

2211 3901 2364 3961 lexit.
2404 3901 2573 3958 Ilomo
2602 3903 2818 3971 quidam
2859 3911 2976 3958 erat
3003 3917 3160 3972 quem
3199 3904 3563 3972 nequissimus
3613 3917 3783 3958 annu-

2208 3993 2350 4049 Iatus
2381 4003 2488 4061 est,
2519 3994 2606 4050 cui
2640 3993 2986 4050 adversarius
3013 3994 3308 4054 invidebat.
3341 4008 3500 4064 quem
3530 3995 3784 4051 inimicus

2209 4085 2488 4140 hominum
2522 4085 2770 4141 diabolus
2802 4086 2943 4155 apud
2989 4085 3274 4140 Dominum
3326 4088 3780 4155 reprehendebat.

2207 4173 2378 4230 Ilomo
2416 4175 2636 4244 quidam
2663 4184 2784 4230 erat
2803 4175 2895 4244 qui
2922 4177 3124 4230 versuti
3152 4176 3294 4231 illius
3330 4176 3584 4232 draconis
3613 4190 3782 4248 caput

2207 4268 2567 4334 conculcavit,
2593 4268 2686 4339 qui
2714 4267 3039 4323 sceleratum
3065 4268 3336 4324 diabolum
3369 4271 3422 4325 in
3447 4269 3628 4341 fugam
3651 4286 3780 4326 con-

2207 4358 2405 4424 vertit,
2442 4359 2535 4426 qui
2585 4359 2637 4412 in
2695 4374 2923 4429 corpore
2971 4359 3351 4429 incorporeum
3385 4363 3777 4433 supplantavit.

537 4445 682 4500 illius
708 4445 850 4502 facta
880 4456 982 4504 est.
1016 4449 1152 4514 Erit,
1179 4459 1343 4518 atque
1378 4452 1635 4506 reddetur
1670 4452 1825 4506 vobis
1860 4452 2104 4507 toleran-
2135 4432 2182 4490 Ῑ)
2207 4445 2380 4502 Homo
2416 4449 2638 4518 quidam
2679 4461 2797 4504 erat
2819 4491 2836 4515 ,
2881 4452 3040 4506 homo
3072 4467 3200 4508 vere
3230 4432 3778 4524 tanquamcoustan-

533 4538 626 4614 tite
655 4539 1046 4603 remuneratio,
1081 4539 1220 4594 sicut
1241 4549 1295 4594 et
1326 4539 1398 4592 illi
1431 4541 1640 4596 reddita
1669 4551 1769 4595 est.
1799 4541 1924 4596 Ilaec
1951 4558 2104 4596 nam-

534 4641 642 4698 que
685 4638 738 4682 et
773 4628 858 4690 his
901 4629 1093 4688 similia
1129 4629 1338 4701 Moyses
1363 4630 1586 4699 loquens
1634 4633 1700 4686 ad
1751 4632 1891 4687 lilios
1935 4630 2102 4689 Israel

535 4719 756 4787 scripsit
802 4719 987 4776 dicens
1017 4738 1030 4774 :
1062 4719 1233 4775 Homo
1272 4723 1488 4792 quidam
1519 4734 1631 4777 erat
1667 4725 1723 4779 in
1755 4726 1960 4795 regione
1993 4726 2102 4790 Ait-

533 4809 688 4863 sitide
719 4810 762 4862 °.
795 4809 966 4866 Ilomo
991 4820 1175 4880 utpote
1206 4823 1404 4867 natura
1443 4815 1716 4868 exsistens
1743 4814 1905 4868 homo
1938 4833 1951 4868 :
1979 4815 2100 4884 qui-

534 4901 659 4952 dam
691 4915 819 4954 vero
844 4940 858 4964 ,
889 4911 1075 4970 utpote
1105 4919 1181 4973 es.
1207 4903 1459 4960 omnibus
1491 4905 1801 4975 singularis.
1839 4906 1891 4962 In
1925 4909 2101 4975 regio-

534 5002 604 5042 ne
633 4999 812 5043 autem
852 4991 1100 5047 Ansitide
1127 5033 1143 5058 ,
1177 5003 1360 5061 utpote
1395 4995 1486 5063 qui
1525 4996 1634 5050 illic
1681 5006 2008 5061 moraretur,
2044 5008 2100 5052 et

536 5078 649 5132 illic
681 5090 840 5136 natus
867 5092 1027 5152 atque
1060 5101 1124 5138 ex
1158 5086 1284 5154 ipsis
1329 5085 1492 5140 fuerit
1519 5126 1534 5150 ,
1562 5097 1617 5141 et
1647 5088 1790 5141 inter
1820 5102 1913 5142 eos
1945 5090 2096 5142 advi-

533 5168 698 5222 xeril.
738 5169 803 5224 Et
833 5172 924 5238 qui
954 5184 1080 5229 sunt
1111 5176 1195 5230 isti
1237 5175 1485 5230 Ausitm?
1513 5175 1695 5231 Genus
1721 5176 1881 5240 Esau,
1921 5188 2097 5244 poste-

537 5257 672 5312 ritas
703 5268 865 5327 atque
897 5265 1067 5320 tribus
1100 5267 1291 5320 Edoni.
1321 5264 1453 5319 Nam
1493 5267 1692 5321 Ausitze
1745 5278 1798 5320 et
1829 5267 2012 5332 Minoi,
2041 5279 2095 5323 et

538 5348 763 5418 Euchei,
784 5366 838 5406 et
850 5353 1204 5424 Themanitaz,
1226 5369 1504 5415 etcaaterat
1531 5376 1720 5415 omnes
1744 5362 1913 5416 tribus
1936 5375 2093 5417 erant

534 5453 600 5494 ex
633 5445 956 5510 cognatione
985 5462 1144 5519 atque
1187 5455 1435 5521 prosapia
1471 5452 1610 5506 Esau
1643 5451 1737 5506 lilii
1780 5451 1926 5506 lsnac
1951 5492 1965 5516 ν
1999 5454 2088 5520 qui

535 5539 591 5591 et
623 5530 789 5585 Edom
823 5541 1237 5605 cognominatus
1284 5549 1390 5596 est.
1437 5541 1643 5599 Idcirco
1685 5544 2096 5610 cohabitatores

613 5715 756 5787 'Job
789 5735 826 5796 ιι
864 5722 914 5776 1.
982 5727 999 5755 ⁷
1029 5727 1171 5785 Psal.
1201 5742 1383 5799 cxun,
1421 5733 1474 5795 ι.
1553 5736 1574 5768 ⁸
1608 5732 1752 5793 Psal.
1792 5752 1985 5807 mni,
2010 5737 2108 5808 2].

2209 4538 2450 4594 tissimus
2485 4539 2854 4609 belligerator,
2889 4551 3146 4611 tanquam
3172 4543 3465 4610 singularis
3492 4561 3777 4602 monoma-

2203 4632 2379 4697 chus,
2417 4639 2675 4702 tanquam
2723 4643 3034 4690 constanter
3083 4644 3234 4693 stans
3279 4639 3541 4694 adversus
3585 4653 3777 4695 omnes

2204 4721 2405 4778 diabolt
2442 4725 2735 4793 exercitus,
2769 4735 3024 4796 tanquam
3056 4730 3148 4798 qui
3171 4729 3524 4799 singulariter
3549 4732 3618 4787 de
3651 4746 3774 4786 om-

2202 4813 2359 4869 nibus
2387 4815 2690 4872 daemonum
2718 4818 3010 4875 virtutibus
3053 4823 3334 4877 victoriam
3370 4824 3666 4896 sumpserit
3686 4840 3778 4880 so-

2203 4905 2308 4961 Ius.
2352 4907 2520 4964 Homo
2566 4911 2783 4979 quidam
2812 4921 2960 4978 erat,
2998 4928 3106 4968 non
3135 4927 3254 4968 erat
3297 4915 3477 4971 bellua
3523 4928 3774 4984 eruenta,

2202 5011 2307 5050 non
2342 5008 2462 5054 erat
2509 5016 2733 5070 serpens
2773 5005 3010 5072 nequitia
3034 5044 3050 5070 ,
3081 5020 3192 5060 non
3229 5016 3348 5062 erat
3391 5022 3566 5080 equus
3595 5025 3775 5079 neque

2202 5088 2380 5145 mulus
2428 5091 2637 5146 luxuria
2686 5107 2862 5163 neque
2907 5095 3244 5164 petulantia,
3292 5113 3398 5152 non
3452 5109 3573 5154 erat
3620 5104 3773 5157 canis

2200 5181 2480 5248 spurcitia,
2511 5199 2685 5252 neque
2719 5184 2905 5254 vulpes
2933 5186 3055 5242 dolo
3081 5196 3242 5256 atque
3267 5190 3489 5254 astutia,
3524 5206 3629 5245 non
3653 5204 3771 5246 erat

2201 5275 2444 5343 scorpius
2471 5316 2486 5339 ,
2532 5292 2704 5347 neque
2743 5281 2934 5333 veneni
2973 5279 3188 5335 Iethalis
3223 5283 3404 5351 vipera
3435 5329 3446 5348 ,
3482 5287 3575 5340 sed
3608 5288 3770 5343 homo

2199 5373 2335 5417 erat.
2387 5364 2520 5420 Nam
2553 5368 2693 5422 sicut
2727 5369 2946 5426 obsceni
2991 5383 3152 5442 atque
3200 5375 3493 5445 impudici,
3543 5382 3768 5451 maligni

2197 5469 2411 5526 quoque
2433 5474 2495 5515 ac
2521 5464 2720 5518 versuti
2751 5465 2838 5520 his
2865 5467 3116 5524 omnibus
3162 5482 3548 5540 comparantur
3602 5485 3767 5544 atque

2199 5551 2388 5614 horum
2418 5557 2658 5620 omnium
2691 5559 3047 5641 appellatione
3075 5576 3483 5650 nuncupantur,
3515 5568 3658 5625 sicut
3685 5571 3751 5639 di
