2087 3193
181 147 230 175 577

728 148 917 178 suossuos
932 149 966 177 IN
984 149 1055 180 JOB.
1075 168 1109 173 —
1127 152 1184 180 LlB

1757 156 1811 185 578

180 216 255 239 citur
270 211 302 239 de
314 211 468 247 huiusmodi
485 223 492 240 ι
508 213 592 240 Canes
614 212 727 246 improbi
742 214 832 240 animo
852 214 966 240 nescien-
981 215 1003 243 A
1021 221 1072 241 non
1089 214 1150 241 talis
1163 213 1325 248 fuit'qltates
1336 218 1363 242 ει
1381 217 1423 241 Iltt‘
1440 211 1508 242 (.‘om
1525 215 1597 243 inter
1613 216 1710 250 impios
1725 224 1808 251 esset,

180 263 218 287 te:
237 259 402 285 saturitatem
418 259 439 284 ν.
457 259 489 285 Et
511 259 599 286 adhuc
614 267 622 286 :
640 258 710 293 Equi
730 259 883 285 admissarii
903 259 967 293 facti

179 310 241 332 sunt
254 324 262 336 ,
285 305 466 338 unusquisque
485 305 519 331 ad
535 312 643 331 uxorem
667 304 782 338 proximi
801 304 844 330 sui
866 304 967 331 hinnie-

179 350 224 378 θαι
240 350 273 377 ¹⁰.
291 349 324 376 Et
344 349 407 377 alibi
429 359 436 376 :
461 349 612 384 Serpentes,
623 350 756 384 generatio
772 350 921 383 viperarum
935 350 967 377 ¹¹.

180 394 225 425 Ει,
237 393 379 421 Generatio
391 395 551 429 serpentium
563 395 723 426 volantium,
737 395 783 429 qui
795 395 893 422 veloces
908 400 969 422 sunt

180 441 209 468 in
229 440 348 466 malitia.
374 440 408 467 Et
427 441 525 467 iterum
544 447 552 466 :
574 440 763 475 Appreltendite
785 441 856 469 vobis
881 443 969 476 vulpes

179 485 293 519 pusillas
303 485 507 513 exterminantes
523 486 556 513 ".
574 485 618 519 Et,
633 485 768 521 Tanquam
780 487 867 522 vulpes
880 487 908 514 in
924 495 968 514 so-

179 531 293 558 litudine
304 531 369 565 facti
387 536 448 558 sunt
464 531 597 566 propheta:
614 533 664 565 tui,
687 532 823 560 larael'“.
839 533 874 560 Et
892 542 898 560 :
917 532 969 566 Ite,

179 577 258 603 dicite
280 576 352 611 vulpi
372 577 433 604 huic
455 576 533 612 (dicit
556 578 685 605 Dominus
708 578 742 606 de
765 578 873 606 Herode
886 578 971 613 “),et

179 623 233 650 alia
251 623 391 651 innumera
416 624 458 651 his
483 624 582 652 similia
605 626 730 652 dicuntut
759 624 792 652 de
813 624 969 659 huiusmodi

181 672 208 698 in
229 671 383 705 Scriptura.
397 672 451 699 Sed
466 672 564 700 beatus
580 673 631 701 Job
648 681 702 701 non
719 678 779 700 erat
794 674 867 706 talis,
882 681 969 709 neque

181 717 223 744 his
238 717 347 745 similis.
361 717 415 745 Sed
428 719 509 746 homo
522 724 583 746 erat
598 720 787 753 intaminatus,
802 725 829 748 et
843 721 971 748 immacu-

180 767 249 795 latus
267 767 348 797 atque
372 764 502 791 illibatus.
528 765 613 792 Homo
628 786 635 798 ,
653 771 745 800 utpote
769 767 819 793 hoc
837 767 907 800 quod
937 768 968 792 ad

180 810 325 844 imaginem
340 814 366 837 et
381 810 584 838 similitudinem
604 812 650 839 Dei
666 813 753 840 factus
771 819 822 846 est,
835 814 968 847 integrum

178 856 344 883 custodiens.
363 856 407 883 Sic
425 857 515 891 itaque
531 858 611 885 homo
629 859 739 892 quidam
754 864 812 886 erat
823 860 898 893 juxta
912 861 968 886 huic

179 902 306 928 universa
325 909 383 936 qua:
401 907 549 930 monstrata
566 909 638 930 sunt.
659 904 717 931 Non
734 910 811 931 erant
827 905 893 932 tales
910 912 967 931 om-

178 954 226 974 nes
240 947 375 979 homines,
393 948 439 975 sed
456 956 525 975 unus
541 954 600 976 erat
617 950 692 977 solus
707 970 713 982 ,
734 951 794 977 talis
809 952 917 982 quidem
934 959 967 977 ex

177 994 305 1021 omnibus
320 993 369 1022 Job
384 995 568 1023 beatissimus.
588 996 638 1023 Ubi
654 1002 743 1024 autem
767 1002 824 1024 erat
849 998 892 1024 hic
918 999 967 1024 Ιιο-

178 1041 249 1067 mo?
266 1041 293 1068 ln
309 1049 361 1074 qua
375 1042 496 1076 regione,
513 1043 538 1069 in
559 1051 611 1077 qtta
627 1044 766 1078 provincia
783 1044 794 1070 ?
816 1044 968 1078 Respondet

177 1086 294 1114 «licens:
314 1087 348 1114 In
373 1089 478 1121 regione
499 1088 629 1116 Ausitide.
653 1089 702 1122 Qui
727 1095 816 1116 autem
841 1090 895 1116 sint.
922 1090 965 1117 isti

176 1133 280 1160 Ausila‘:
294 1153 301 1165 ,
315 1134 440 1167 superius
454 1135 720 1169 demonstravimus,
736 1137 807 1170 quod
824 1144 856 1163 ex
870 1143 967 1171 genere

176 1177 289 1205 fuerunt
303 1179 384 1211 Esau,
400 1181 458 1207 sive
470 1189 503 1207 ex
520 1181 583 1208 ﬁliis
602 1182 684 1214 Esau,
700 1182 758 1209 sive
774 1183 808 1209 ab
830 1183 886 1216 ipso
896 1183 965 1209 Esau

176 1225 281 1252 Auaitas
295 1231 373 1252 erant
388 1226 487 1253 vocati.
506 1227 539 1254 Et
563 1228 659 1262 quales
680 1228 722 1254 isti
743 1234 821 1255 erant
843 1229 967 1256 Ausim?

177 1271 269 1305 lmpii,
286 1272 397 1307 injusli,
414 1274 546 1306 inﬁdeles,
566 1275 687 1306 obsceni,
706 1275 885 1305 tnsatiabiles,
897 1275 967 1302 sicut

175 1321 204 1343 et
223 1322 299 1349 pater
312 1325 404 1344 eorum
424 1318 504 1349 Esau.
521 1320 554 1346 de
570 1328 623 1354 quo
643 1320 743 1346 dictum
760 1325 801 1347 est
816 1328 829 1347 a
846 1321 963 1347 sanctis:

177 1362 265 1390 Nemo
281 1364 315 1390 sit
333 1365 457 1392 obscenus
471 1371 495 1392 et
506 1365 663 1393 insatiabilis
678 1367 743 1392 sicut
759 1366 831 1393 Esau
852 1367 883 1393 ¹¹.
898 1367 964 1393 Cum

176 1417 243 1444 ergo
264 1415 336 1438 esset
353 1411 414 1438 talis
433 1412 490 1446 ipse
515 1412 609 1445 Esau,
627 1420 679 1440 non
700 1413 790 1440 docuit
812 1413 881 1440 ﬁlios
903 1421 965 1440 suos

175 1457 304 1491 pietatem
327 1466 415 1492 neque
436 1458 566 1493 justitiam
590 1466 670 1493 quam
689 1459 746 1494 ipse
763 1467 815 1486 non
842 1461 964 1488 sectaba-

176 1508 230 1534 tur,
241 1504 288 1531 sed
307 1504 473 1539 impietatem
491 1513 537 1532 eos
555 1505 657 1538 dOCuit,
668 1510 696 1532 et
712 1505 964 1541 iujustitiamalque

984 883 1005 910 B

1021 268 1074 287 non
1090 260 1236 288 declinavit
1252 261 1284 287 ad
1300 261 1479 295 impietatem.
1495 263 1562 289 Cum
1580 267 1652 290 esset
1667 263 1738 290 inter
1750 264 1810 291 inti-

1020 307 1105 339 deles,
1121 314 1173 334 non
1189 307 1284 334 habuit
1300 307 1499 335 inﬁdelitatem.
1515 308 1581 335 Cum
1595 314 1669 337 esset
1684 310 1754 337 inter
1765 311 1809 337 in-

1018 352 1117 386 justos,
1134 360 1186 379 non
1202 358 1243 379 est
1258 354 1417 381 commistus
1435 354 1645 389 injuslitiiszsed
1660 357 1810 390 permansit

1021 398 1048 425 in
1073 399 1163 426 medio
1186 398 1331 433 impiorum
1355 404 1482 435 tanquam
1504 401 1615 427 adamas
1638 401 1808 435 immobilis,

1021 443 1132 472 lucerna
1147 444 1378 479 inexstinguibilis
1390 465 1398 478 ,
1417 450 1546 481 tanquam
1560 446 1649 474 lumen
1665 449 1736 482 quod
1755 456 1807 476 non

1021 489 1190 522 immutatur,
1214 494 1342 524 tanquam
1369 491 1462 519 radius
1485 492 1532 526 qui
1555 499 1607 519 non
1627 493 1737 520 occidit.
1762 493 1808 522 Sic

1020 535 1102 563 etiam
1120 539 1227 570 oportet
1239 543 1289 563 nos
1305 543 1377 568 esse,
1395 544 1412 564 ο
1428 537 1520 569 amici,
1536 543 1648 566 sanctos
1665 545 1745 574 atque
1757 540 1808 566 itu-

1020 580 1172 608 maculalos
1185 600 1192 612 ,
1209 581 1269 615 pios
1289 589 1321 608 ac
1338 581 1479 617 religiosos
1490 603 1498 615 ,
1516 584 1677 611 charitatem
1703 585 1807 619 ample-

1020 631 1126 654 ctentes
1138 630 1219 661 atque
1235 626 1381 661 perfectos,
1406 627 1580 656 inviolabiles
1594 635 1676 664 atque
1691 630 1808 658 illibatos

1021 673 1047 700 in
1073 673 1162 700 tnedio
1175 674 1285 708 generis
1299 675 1376 708 pravi
1391 681 1423 701 ac
1447 675 1570 710 perversi
1584 696 1592 708 ,
1609 681 1639 704 ut
1657 676 1807 712 fulgeamus

1022 723 1151 753 tanquam
1173 719 1314 747 luminaria
1337 720 1398 747 cadi
1417 720 1444 747 in
1474 722 1591 753 mundo,
1606 722 1718 749 verbum
1744 723 1807 750 vita)

1021 766 1189 794 continentes
1203 766 1229 793 in
1241 767 1285 794 die
1299 766 1414 800 Christi,
1426 773 1456 795 ut
1470 772 1498 795 et
1507 768 1540 796 de
1549 768 1627 796 nobis
1640 769 1746 796 dicatur
1757 769 1808 797 sic-

1022 816 1050 838 ut
1069 816 1096 839 et
1123 813 1156 839 de
1171 813 1250 840 beato
1264 803 1310 841 illo
1323 822 1331 841 :
1346 813 1381 841 Et
1396 818 1452 840 erat
1469 814 1527 841 sine
1540 814 1645 848 querela
1660 815 1736 842 homo
1750 815 1804 849 ille,

1017 859 1215 892 justus,vera:c,
1224 858 1272 886 Dei
1285 859 1370 886 cultor
1382 860 1415 887 ιδ.
1427 859 1513 887 llomo
1530 860 1575 887 ille
1587 866 1752 888 memoratus
1765 865 1807 888 at-

1021 912 1074 938 quo
1085 904 1251 939 designatus,
1261 905 1308 939 qui
1323 905 1349 932 in
1366 905 1475 940 regione
1485 909 1546 932 erat
1560 905 1694 938 Ausitide,
1703 906 1745 932 cui
1758 913 1806 933 no-

1020 958 1081 977 men
1094 956 1153 978 erat
1167 950 1228 978 Job.
1239 950 1366 979 Ostendit
1381 951 1676 987 hominent,cognitam
1690 952 1807 980 fecitre-

1019 997 1126 1031 gionem
1135 1016 1142 1028 ,
1157 996 1310 1031 designavit
1325 1004 1421 1024 nomen
1434 1016 1442 1029 ,
1453 997 1565 1024 dicens:
1579 997 1628 1024 Cui
1644 1006 1737 1024 nomen
1749 1002 1806 1024 erat

1019 1042 1069 1069 Job
1086 1043 1118 1074 ",
1133 1043 1205 1076 quod
1218 1050 1278 1070 cum
1298 1042 1379 1076 iustis
1394 1042 1526 1077 scriptum
1541 1047 1582 1070 est
1594 1064 1601 1075 ,
1617 1044 1690 1077 quod
1710 1044 1736 1070 in
1762 1051 1807 1070 re-

1019 1089 1100 1122 gione
1115 1089 1238 1116 vivorutn
1254 1089 1389 1124 signatum
1413 1093 1471 1121 est,
1484 1090 1556 1124 quod
1575 1089 1601 1116 in
1621 1089 1807 1117 tabernaculis

1018 1135 1126 1162 aeternis
1137 1139 1178 1163 est
1196 1136 1363 1170 deputatum.
1379 1135 1429 1163 Cui
1443 1143 1536 1163 nomen
1552 1141 1608 1162 erat
1624 1134 1687 1162 Job.
1703 1135 1803 1171 Dignos

1020 1181 1120 1207 habeat
1145 1180 1226 1208 etiam
1247 1188 1297 1208 nos
1315 1181 1454 1214 Dominus,
1473 1185 1501 1208 ut
1517 1181 1626 1209 nomina
1651 1186 1747 1209 austra
1764 1182 1805 1209 sic

1018 1226 1175 1253 scribantur
1200 1233 1262 1254 cum
1286 1227 1452 1260 viventibus,
1475 1227 1514 1254 sic
1535 1234 1596 1253 cum
1618 1226 1652 1254 iis
1673 1227 1719 1262 qui
1735 1227 1803 1255 salvi

1019 1273 1087 1299 ﬁunt
1104 1273 1289 1305 nominentur,
1313 1273 1353 1301 sic
1372 1280 1434 1301 cum
1455 1273 1536 1308 justis
1561 1278 1803 1300 conuumerentur.

1018 1319 1070 1346 Sed
1084 1320 1184 1353 adhuc,
1196 1319 1292 1354 inquit,
1302 1320 1379 1348 homo
1390 1319 1498 1354 quidam
1516 1324 1571 1346 erat
1586 1319 1614 1345 in
1629 1318 1733 1353 regione
1749 1319 1804 1345 Ακ-

1015 1366 1106 1398 ιὶιὶιιε,
1119 1366 1163 1393 cui
1190 1374 1283 1394 nomen
1302 1370 1358 1393 erat
1372 1365 1433 1392 Job.
1450 1365 1588 1392 Adversus
1601 1364 1739 1392 diabolum
1760 1369 1804 1392 est

1016 1412 1062 1439 hic
1079 1419 1179 1445 sermo,
1195 1411 1327 1439 adversus
1342 1411 1540 1446 nequissimum
1557 1415 1598 1438 est
1613 1411 1670 1437 haec
1683 1410 1803 1445 disputa-

1017 1458 1067 1489 tio.
1087 1461 1213 1492 tanquam
1235 1457 1257 1485 si
1281 1457 1384 1484 diceret
1407 1465 1416 1484 ι
1434 1458 1456 1485 0
1472 1457 1665 1490 malignissima
1684 1456 1802 1489 diabolel

1016 1510 1031 1529 ο
1046 1503 1208 1537 nequissime
1220 1502 1330 1535 Satana,
1345 1503 1474 1530 adversus
1488 1509 1567 1537 quem
1580 1501 1738 1530 altercaris?
1752 1502 1802 1529 ad-

176 1549 375 1577 inlidelitatem.
410 1550 486 1583 Quod
509 1551 530 1578 si
554 1551 654 1577 dixerit
677 1551 774 1585 aliquis
789 1552 877 1579 :Cum
901 1560 965 1587 ergo
978 1557 1000 1584 ο
1017 1555 1111 1575 \ersus
1121 1555 1202 1583 quem
1219 1547 1319 1576 bellum
1334 1548 1426 1583 geris?
1443 1549 1577 1576 adversus
1591 1555 1673 1582 quem
1695 1547 1802 1582 pradia-

177 1594 240 1622 talis
257 1594 340 1622 fuerit
354 1595 424 1621 Esau
441 1599 522 1629 atque
537 1595 726 1630 generationes
744 1597 815 1632 ejus,
829 1598 964 1632 quomodo

175 1640 228 1667 fuit
250 1639 302 1668 Job
320 1647 353 1668 ex
368 1640 431 1673 illis,
450 1646 530 1675 atque
553 1641 624 1667 inter
640 1641 702 1668 illos
721 1642 781 1676 pius
798 1650 829 1669 ac
855 1643 965 1670 bonus?

174 1685 214 1713 Ita
231 1686 282 1713 fuit
294 1686 364 1714 sicut
380 1694 443 1714 mox
457 1686 483 1713 in
506 1686 638 1721 principio
660 1687 727 1715 Abel
753 1688 884 1716 innocens
903 1697 963 1716 cum

174 1732 289 1766 iujusto,
308 1733 378 1760 sicut
391 1732 448 1759 Noe
472 1732 562 1766 justus
576 1733 647 1760 inter
663 1733 788 1767 gigantes
805 1735 865 1761 illos
878 1735 964 1762 scele-

175 1782 260 1810 ratos,
275 1778 348 1806 sicut
371 1777 570 1806 Melchisedech
587 1782 716 1806 sacerdos
730 1780 777 1807 Dei
796 1780 919 1808 altissimi
936 1782 962 1808 in

173 1823 264 1850 medio
276 1823 482 1851 maledictorum
496 1824 722 1859 Chananmorum,
737 1826 807 1853 sicut
825 1826 961 1854 Abraham

171 1871 218 1904 qui
236 1870 352 1903 credidit
364 1870 391 1897 in
405 1871 490 1898 medio
509 1870 698 1898 Chaldaeorum
716 1872 787 1899 idola
802 1873 960 1900 colentium.

173 1914 250 1942 Sicut
272 1922 337 1949 ergo
354 1915 397 1942 isti
420 1923 513 1942 omnes
534 1924 594 1942 cum
621 1921 712 1943 essent
738 1917 774 1951 pii
799 1924 829 1944 ac
853 1919 960 1950 sancti,

171 1965 255 1994 atque
275 1960 396 1995 religiosi
413 1959 459 1987 Dei
474 1959 575 1991 amici,
590 1967 623 1986 ex
638 1960 783 1993 impiorum
798 1966 862 1987 sunt
878 1969 960 1996 gene-

171 2005 323 2032 rationibus
340 2004 474 2039 procreati
491 2013 498 2031 :
517 2005 552 2031 ita
580 2004 751 2032 admirabilis
772 2004 821 2033 Job
841 2013 901 2032 cum
926 2014 959 2033 ex

169 2051 282 2079 obsceni
298 2050 548 2085 atquc-insatiabilis
566 2050 635 2077 Esau
651 2058 750 2085 genere
762 2055 843 2085 atque
857 2059 959 2086 cogna-

170 2097 247 2124 tione
262 2096 413 2131 prodierit,
428 2100 539 2123 sanctus
563 2104 594 2123 ac
617 2096 707 2130 justus
730 2102 825 2130 sponte
848 2097 960 2125 allectus

167 2149 231 2175 est;
249 2143 300 2170 hoc
312 2143 413 2170 scilicet
431 2143 600 2169 demonstrat
617 2143 710 2169 dicens
727 2152 733 2169 :
753 2142 839 2170 Homo
851 2144 959 2178 quidam

167 2189 269 2217 eratin
283 2189 388 2223 regione
409 2188 540 2216 Ausitide.
563 2188 628 2215 Erat
652 2193 780 2222 tanquam
804 2197 866 2216 rosa
887 2190 956 2217 inter

167 2233 263 2268 spinas
276 2252 284 2265 ,
300 2237 430 2267 tanquam
449 2232 533 2259 lilium
551 2233 621 2259 inter
646 2233 761 2260 tribulos
778 2234 910 2261 candidus
925 2243 957 2263 ac

167 2277 270 2303 rubens
284 2296 292 2307 .
311 2276 443 2303 candidus
466 2276 518 2303 ﬁde
533 2284 564 2303 ac
583 2277 730 2305 sanctitate
744 2298 752 2311 ,
771 2279 870 2306 rubens
882 2281 956 2307 velut

165 2330 242 2354 rosa,
258 2322 337 2357 plane
347 2322 410 2357 quia
429 2322 560 2350 sustinuit
573 2322 680 2350 dolores
692 2331 724 2351 ac
736 2325 885 2358 passiones.
901 2325 956 2351 Ho-

165 2377 210 2399 mo
224 2368 331 2403 quidam
347 2374 403 2395 erat
415 2368 443 2395 in
466 2369 569 2402 regione
588 2368 719 2395 Ausitide.
737 2369 801 2396 Erat
825 2374 955 2405 tanquam

165 2414 294 2442 columba
311 2414 383 2441 inter
398 2415 529 2449 raptrices
552 2414 669 2448 aquilas,
687 2420 814 2449 tanquam
830 2423 915 2450 agnus
928 2416 954 2443 in

165 2459 256 2488 medio
272 2459 396 2493 luporum
409 2459 604 2494 diripienttum,
624 2465 752 2495 tanquam
771 2462 848 2488 stella
861 2462 886 2488 iu
900 2470 955 2489 tne-

164 2507 210 2534 dio
227 2505 341 2533 nubium
364 2506 575 2534 teterrimarum.
593 2506 680 2533 Homo
692 2507 801 2541 quidam
816 2513 874 2534 erat
889 2528 896 2540 ,
910 2508 954 2543 ju-

164 2558 225 2581 stus
237 2553 308 2580 inter
323 2552 438 2587 injustos
451 2572 458 2585 ,
474 2552 544 2580 inter
567 2552 694 2587 profanos
724 2558 834 2581 sanctus
847 2574 855 2585 .
883 2555 954 2582 inter

163 2599 301 2627 obscenos
324 2599 439 2626 mundus
454 2618 461 2631 ,
483 2599 544 2633 pius
560 2604 631 2626 Inter
646 2599 755 2633 impios,
780 2600 866 2627 bonus
882 2601 954 2629 inter

163 2645 263 2676 malos,
276 2649 404 2679 tanquam
424 2645 586 2680 smaragdos
604 2645 630 2672 in
649 2644 716 2677 luto,
736 2650 863 2681 tanquam
880 2655 952 2674 mar-

163 2690 249 2724 garita
263 2690 290 2717 in
307 2698 402 2718 arena.
421 2690 467 2718 Sic
484 2698 601 2725 namque
615 2697 675 2718 erat
687 2697 851 2720 memoratus
872 2693 951 2721 homo

163 2737 210 2764 ille
222 2736 250 2763 in
266 2737 376 2772 regione
388 2736 521 2766 Ausitide.
537 2737 604 2766 Cum
622 2745 686 2772 ergo
702 2738 773 2766 inter
790 2739 856 2767 tales
869 2744 950 2772 esset,

453 2831 476 2847 ¹⁰
487 2830 587 2866 Jerem.
599 2839 625 2866 v,
634 2831 661 2859 8.

207 2831 218 2847 ’
233 2830 285 2858 lsa.
302 2832 414 2864 Lv1,ll.
453 2831 476 2847 ¹⁰
488 2830 587 2859 Jerem.
599 2839 625 2866 v,
634 2831 661 2859 8.
701 2832 721 2848 ”
739 2831 743 2858 Ξ

207 2865 284 2900 Hebr.
299 2872 348 2900 nt.
362 2866 407 2895 16.
445 2866 467 2882 ⁸⁸
479 2865 530 2895 Job
544 2873 568 2900 I._
580 2866 604 2895 l.
643 2867 665 2884 ³⁷
678 2866 743 2901 ibid.

165 2865 189 2889 Ψ
202 2865 284 2900 ῌοὺῐ.
299 2872 348 2900 nt.
362 2866 407 2895 16.

701 2831 834 2867 ἾΜιιιιὶι.
848 2838 926 2867 mu,
942 2833 986 2862 55.

1016 1594 1074 1621 ris?
1099 1594 1230 1622 adversus
1256 1601 1336 1629 quem
1364 1593 1423 1621 zelo
1447 1593 1637 1622 suceenderis?
1663 1593 1802 1621 Adversus

1015 1640 1163 1674 hominem,
1178 1639 1310 1667 adversus
1319 1639 1539 1675 corruptibilem,
1552 1639 1684 1667 adversus
1698 1643 1800 1665 morta-

1015 1685 1078 1719 lem,
1094 1686 1226 1713 adversus
1244 1684 1394 1717 carnalem,
1414 1686 1545 1713 adversus
1564 1688 1713 1715 terrenum,
1738 1691 1800 1711 cum

1014 1731 1051 1758 sis
1060 1730 1273 1766 incorruptibilis
1281 1736 1309 1759 et
1322 1732 1511 1765 incorporeus,
1525 1735 1607 1766 atque
1617 1729 1779 1757 immortalis
1792 1738 1800 1757 :

1014 1778 1145 1805 adversus
1160 1784 1223 1805 eum
1239 1778 1286 1812 qul
1303 1777 1329 1805 in
1347 1777 1460 1812 regione
1481 1781 1604 1804 moratur
1620 1775 1757 1807 Ausitide.
1772 1778 1801 1803 tu

1012 1823 1057 1858 qui
1071 1823 1105 1850 de
1119 1823 1188 1851 creto
1201 1823 1334 1851 cecidisti.
1351 1822 1404 1851 Sed
1419 1827 1448 1850 et
1472 1822 1511 1851 sic
1526 1822 1675 1857 superaris,
1688 1821 1801 1849 concul~

1012 1869 1095 1901 caris,
1112 1869 1263 1897 humiliaris
1291 1870 1326 1897 ab
1341 1876 1396 1897 uno
1411 1869 1533 1902 homine,
1548 1876 1610 1896 cum
1626 1868 1664 1895 sis
1676 1868 1798 1902 spiritus,

1013 1915 1047 1941 ab
1062 1922 1117 1942 uno
1130 1920 1164 1942 ex
1179 1914 1414 1950 corruptibilibus.
1431 1919 1459 1942 tu
1472 1914 1519 1949 qui
1535 1922 1568 1942 ex
1584 1913 1803 1948 incorruptibiliq

1012 1959 1063 1987 bus
1078 1960 1219 1988 cherubim
1247 1960 1370 1988 cecidisti
1387 1960 1540 1988 ordinibus.
1560 1959 1624 1987 Haec
1645 1960 1739 1994 itaque
1760 1958 1799 1987 si-

1011 2007 1105 2039 gnavit
1119 2007 1231 2034 dicens:
1250 2006 1337 2034 Homo
1352 2006 1462 2042 quidam
1477 2010 1536 2033 erat
1551 2006 1578 2033 in
1592 2007 1705 2041 regione
1720 2005 1800 2033 Ausi-

1012 2052 1065 2079 tide
1080 2053 1124 2087 qui
1137 2059 1245 2080 omnem
1261 2052 1411 2080 exercitum
1428 2051 1529 2080 diaboli
1545 2051 1658 2087 fugavit,
1678 2052 1723 2087 qui
1738 2059 1801 2078 om~.

1010 2105 1072 2124 nem
1096 2097 1226 2125 virtutem
1249 2098 1408 2134 nequissimi
1437 2098 1599 2130 debilitavit,
1621 2098 1667 2132 qui
1690 2104 1800 2126 omnem

1009 2144 1137 2171 virtutem
1158 2148 1186 2172 et
1199 2148 1388 2179 argumentum
1410 2144 1509 2172 diaboli
1526 2151 1724 2179 supervacuum
1748 2144 1798 2171 de-

1013 2191 1182 2223 monstravit,
1192 2191 1237 2226 qui
1248 2198 1356 2219 omnem
1369 2196 1478 2218 ventum
1492 2195 1520 2218 et
1533 2198 1643 2225 aquam,
1657 2194 1739 2224 atque
1748 2190 1798 2217 im-

974 2228 995 2255 Ῑ)
1011 2240 1101 2269 petum
1118 2236 1229 2272 maligni
1248 2237 1274 2264 in
1292 2244 1323 2264 se
1337 2236 1514 2264 collidentem
1532 2240 1691 2264 constanter
1705 2241 1799 2263 sustuq

1009 2282 1048 2311 lit.
1065 2287 1092 2309 et
1104 2283 1252 2310 immobilis
1265 2283 1394 2318 perstitit.
1405 2283 1444 2310 Ac
1458 2283 1480 2311 si
1494 2290 1560 2318 ergo
1574 2283 1695 2310 diceret:
1711 2281 1802 2310 Homo

1008 2328 1117 2362 quidam
1134 2333 1204 2361 erat,
1220 2336 1237 2357 ο
1258 2329 1375 2362 diabole,
1395 2329 1440 2364 qui
1465 2329 1514 2357 tibi
1540 2328 1693 2364 praevaluit.
1712 2327 1801 2355 Homo.

1007 2373 1117 2406 quidam
1131 2379 1192 2401 erat
1218 2375 1265 2409 qui
1282 2382 1391 2402 omnem
1413 2375 1540 2402 virtutem
1569 2379 1643 2401 tuam
1660 2373 1796 2400 inﬁrmam

1006 2420 1138 2447 Ostendit.
1157 2420 1245 2451 Homo
1269 2421 1379 2456 quidam
1393 2426 1453 2449 erat
1478 2421 1522 2456 qui
1539 2427 1648 2448 omnem
1665 2419 1798 2447 malitiam

1009 2470 1081 2492 tuam
1097 2466 1123 2493 in
1135 2466 1299 2494 derisionem
1314 2467 1435 2500 deduxit,
1452 2472 1479 2495 et
1491 2467 1563 2502 quod
1577 2470 1620 2494 est
1634 2465 1799 2499 maximuml

1009 2510 1136 2538 habitatus
1145 2511 1171 2538 in
1187 2511 1300 2548 regione
1313 2512 1447 2544 Ausitide.
1462 2512 1487 2538 id
1500 2511 1701 2545 est,impiorum
1713 2514 1797 2544 atque

1007 2557 1173 2589 inﬁdelium,
1188 2558 1368 2585 obscenorum
1384 2564 1493 2592 quoque
1509 2562 1592 2591 atque
1619 2556 1796 2590 injustorum._

1006 2603 1073 2629 Nam
1088 2610 1150 2631 cum
1173 2603 1228 2631 illic
1248 2608 1411 2636 moraretur,
1435 2611 1487 2630 nou
1504 2603 1627 2638 potuisti,
1638 2610 1655 2630 ο
1672 2600 1793 2635 diabolo,

1006 2650 1165 2683 iuunutare,
1182 2657 1269 2685 neque
1288 2656 1449 2678 convertere
1464 2656 1526 2676 eum
1553 2652 1611 2683 post
1636 2647 1734 2682 impios
1757 2646 1796 2679 ad

1005 2695 1184 2729 impietatem,
1200 2703 1289 2730 neque
1312 2700 1373 2731 post
1395 2695 1520 2722 inﬁdeles
1538 2695 1572 2722 ad
1590 2694 1797 2730 inﬁdelitatem,

1005 2748 1094 2776 neque
1106 2746 1165 2777 post
1182 2742 1298 2776 injustos
1313 2743 1347 2770 ad
1362 2742 1533 2786 iujustitiam,
1544 2742 1591 2771 sed
1604 2742 1676 2770 inter
1683 2748 1794 2775 omnes,

1555 2834 1577 2851 "
1593 2833 1659 2862 Luc.
1671 2839 1729 2867 nu,
1743 2833 1796 2866 δικ

1026 2833 1135 2863 “Cant.
1148 2843 1178 2870 ιι,
1191 2835 1232 2864 l5.
1272 2835 1292 2851 ”
1308 2835 1408 2864 Ezech.
1423 2834 1516 2869 ιιιιι,4.
