4174 6392
464 338 572 397 379

1569 327 1956 386 ANONYMUS
1995 323 2060 379 IN
2102 323 2242 380 JOB.
2284 354 2348 364 -
2388 320 2514 375 LIB.
2556 320 2599 377 Ι.

3620 310 3728 362 380

466 467 524 512 et
549 455 692 528 apud
727 469 916 510 omnes
949 455 1184 524 injustas
1214 453 1521 523 permansit
1563 451 1769 518 justus,
1796 452 1938 504 sicut
1959 456 2039 500 te-
2072 451 2112 504 Α
2145 457 2333 497 verax.
2367 440 2503 494 Nam
2538 436 2690 492 multi
2739 435 2989 490 videnlur
3023 432 3156 528 justi
3190 443 3330 528 esse,
3496 440 3606 480 non
3636 441 3729 481 ve-

467 557 645 602 Statur
670 560 792 598 mox
823 554 1222 613 consequenter
1253 543 1440 596 dicens
1473 561 1486 594 :
1528 541 1593 594 Et
1621 554 1733 596 erat
1782 542 1933 594 homo
1957 540 2044 593 ille

467 654 710 706 magnus,
755 635 1109 689 admirabilis.
1160 634 1357 688 Beatus
1414 635 1576 686 homo
1623 633 1712 687 ille
1739 633 1830 700 qui
1871 649 1899 686 a
1936 633 2044 688 Deo

466 728 838 782 testimonium
875 727 1110 796 accepit,
1150 727 1239 795 qui
1289 726 1358 778 ab
1385 725 1594 794 angelis
1645 725 1900 794 praelatus
1936 735 2042 788 est,

466 818 558 888 qui
589 819 688 886 ipsi
722 818 941 872 diabolo
970 818 1023 871 iu
1057 816 1474 870 admirationem
1522 816 1694 879 venit,
1721 825 1907 884 utpote
1949 816 2041 884 qui

466 908 966 962 vehementioribus
1003 908 1179 976 plagis
1219 916 1380 976 atque
1411 907 1733 976 periculosis
1766 906 2043 961 doloribus

468 1014 573 1052 non
606 999 918 1054 succubuit.
963 998 1060 1053 llic
1105 1013 1237 1068 ergo
1279 999 1442 1054 homo
1485 1008 1604 1053 erat
1635 997 1753 1052 sine
1797 997 2040 1066 querela,

466 1097 656 1159 utpote
680 1091 747 1142 ab
771 1089 918 1143 omni
950 1089 1161 1143 macula
1193 1087 1451 1154 illibatus,
1474 1096 1663 1157 utpote
1690 1088 1758 1142 ab
1780 1087 1924 1141 omni
1957 1101 2042 1140 re—

465 1181 830 1250 prehensione
877 1194 1086 1235 exsors.
1117 1180 1248 1234 Erat
1296 1180 1413 1234 sine
1456 1179 1677 1249 querela
1716 1195 1901 1233 coram
1933 1178 2042 1233 Deo

464 1279 520 1324 et
549 1270 880 1333 hominibus,
915 1285 1102 1324 coram
1134 1268 1342 1337 angelis
1370 1276 1427 1322 et
1458 1267 1740 1338 spiritibus
1769 1267 2041 1334 corrupti-

463 1360 668 1415 bilibus
691 1369 748 1414 et
795 1359 1315 1428 incorruptibilibus.
1349 1358 1481 1412 Erat
1531 1359 1648 1412 sine
1677 1358 1921 1426 querela,
1957 1366 2042 1411 ut-

463 1460 591 1520 pote
621 1451 852 1504 t‘ormam
881 1451 934 1504 in
965 1466 1022 1505 se
1049 1452 1341 1506 ostendens
1371 1465 1524 1504 novae
1559 1451 1771 1518 gratiae,
1802 1448 1890 1502 ubi
1921 1448 2039 1516 epi-

463 1557 689 1612 scopum
721 1542 1254 1611 irreprebensibilem
1303 1556 1422 1596 esse
1460 1550 1693 1611 oportet.
1746 1539 1880 1594 Erat
1921 1541 2040 1595 sine

462 1631 682 1700 querela
721 1633 775 1687 in
807 1634 991 1688 animo
1022 1644 1076 1687 et
1114 1647 1360 1701 corpore,
1413 1633 1466 1686 in
1499 1633 1746 1688 consiliis
1792 1641 1847 1686 et
1892 1631 2040 1700 cogi-

466 1724 783 1788 tationibus,
811 1724 867 1778 in
894 1725 1077 1779 verbis
1103 1733 1264 1793 atque
1281 1725 1562 1792 operibus,
1579 1725 1632 1778 in
1656 1723 1856 1779 studiis
1877 1733 2039 1793 atque

461 1816 992 1871 conversationibus.
1013 1817 1068 1870 lu
1097 1818 1244 1870 omni
1276 1817 1630 1871 nihilominus
1654 1817 1769 1869 vita
1797 1831 1893 1870 sua
1919 1824 2038 1868 erat
2069 1804 2112 1860 Β

461 1909 581 1963 sine
606 1908 846 1978 querela.
901 1907 978 1962 ita
1016 1909 1222 1963 dictum
1253 1919 1339 1963 est
1368 1919 1489 1978 post
1521 1909 1625 1962 hoc
1673 1901 1740 1962 de
1788 1906 2039 1962 Samuele

409 2060 416 2070 ,
461 2003 517 2056 in
556 2001 807 2056 laudibus
829 2012 1043 2070 patrum
1073 2020 1086 2055 :
1123 2001 1188 2054 Et
1212 2019 1313 2056 non
1341 2001 1664 2069 reprehendit
1687 2001 1842 2053 homo
1861 2000 2034 2063 illum,

461 2089 517 2145 id
564 2101 667 2155 est,
727 2107 832 2146 non
867 2093 1186 2148 criminatus
1228 2101 1313 2146 est
1342 2093 1492 2146 illum
1547 2094 1728 2159 homo,
1761 2094 1890 2162 quia
1920 2104 2040 2146 erat

457 2182 582 2236 sine
609 2183 850 2254 querela,
885 2186 1025 2240 sicut
1057 2195 1112 2239 et
1139 2185 1268 2239 olim
1291 2183 1413 2239 Job.
1443 2183 1507 2236 Et
1538 2185 1682 2239 unde
1711 2185 2038 2254 invenithoc

456 2272 561 2331 Job
586 2287 640 2330 ut
667 2289 814 2332 esset
841 2278 958 2333 sine
982 2277 1248 2332 crimine?
1274 2277 1350 2332 Ex
1380 2278 1481 2332 hoc
1505 2277 1740 2340 invenit,
1762 2279 1888 2345 quia
1916 2287 2037 2332 erat

456 2366 659 2436 justus.
695 2369 770 2423 Ex
809 2371 910 2424 hoc
942 2371 1169 2436 invenit,
1201 2371 1324 2438 quia
1358 2386 1386 2422 a
1411 2368 1624 2438 justitia
1656 2385 1761 2424 non
1795 2370 2037 2424 declina-

458 2463 558 2515 vit.
597 2461 674 2515 Ex
712 2463 815 2516 hoc
847 2463 1071 2528 invenit,
1100 2464 1225 2532 quia
1266 2463 1530 2529 justitiam
1582 2477 1690 2517 non
1723 2461 2032 2530 dereliquit,

458 2553 585 2620 quia
619 2568 647 2605 a
670 2552 882 2620 justitia
911 2569 1015 2608 non
1048 2555 1319 2619 discessit,
1351 2556 1474 2622 quia
1493 2555 1758 2622 justitiam
1804 2573 1909 2612 non
1937 2561 2025 2612 de,

457 2647 658 2713 spexit.
690 2645 898 2700 Idcirco
933 2658 1220 2717 postquam
1265 2652 1383 2703 sine
1412 2649 1633 2719 querela
1670 2649 1817 2704 illum
1849 2662 2036 2706 osten-

459 2736 555 2799 dit,
577 2749 698 2806 post
723 2739 825 2792 hoc
854 2739 1210 2794 nihilominus
1230 2740 1397 2794 etiam
1417 2741 1622 2810 justum
1647 2740 1796 2795 illum
1811 2744 2038 2796 demon-

456 2837 640 2884 strans
691 2829 845 2896 dicit,
885 2830 1003 2885 sine
1036 2831 1259 2900 querela
1308 2830 1508 2900 justus.
1538 2830 1726 2887 Justus
1764 2842 1882 2887 erat
1909 2834 2036 2902 quia

457 2919 578 2974 sine
615 2921 846 2977 crimine
878 2932 1022 2987 erat,
1054 2933 1109 2976 et
1141 2924 1258 2978 sine
1284 2923 1504 2992 querela
1532 2933 1674 2989 erat,
1699 2926 1820 2994 quia
1854 2924 2034 2992 justus

457 3022 801 3080 nuncupatus
823 3022 928 3068 est.
963 3013 1030 3067 Et
1055 3023 1176 3067 erat
1203 3015 1364 3068 homo
1391 3015 1481 3070 ille
1515 3017 1633 3070 sine
1663 3018 1882 3086 querela
1945 3017 2034 3084 ju-

2150 535 2366 597 raciter,
2404 533 2498 586 sed
2553 528 2841 589 fallaciter,
2878 540 2986 579 non
3037 524 3207 590 juste,
3239 523 3333 576 sed
3369 521 3590 588 injuste,
3617 533 3724 571 non

2150 628 2309 696 plane
2349 626 2442 679 sed
2485 623 2696 677 tictitie.
2756 619 2950 674 Merito
3000 631 3140 670 nunc
3186 615 3310 668 istic
3359 627 3486 667 cum
3517 611 3724 679 justum

2145 720 2354 774 diceret
2381 719 2598 770 beatum
2631 712 2758 776 Job,
2789 711 2984 779 adjecit
3027 709 3193 761 etiam
3245 707 3347 760 hoc
3373 706 3517 773 quod
3554 717 3721 757 verax

2145 812 2326 866 fuerit.
2357 809 2439 865 0b
2467 824 2630 878 quam
2688 805 2837 859 rem?
2867 802 2947 858 Ob
2997 801 3123 863 boc,
3157 808 3216 852 ut
3248 797 3564 852 ostenderet
3595 794 3721 863 quia

2138 905 2349 974 justitia
2375 903 2494 972 ejus
2520 917 2646 957 vera
2675 909 2814 955 erat.
2854 897 2969 951 Non
3015 905 3132 951 erat
3163 893 3419 955 mendax,
3448 906 3556 946 non
3601 896 3724 944 erat

2143 995 2417 1061 simulata,
2443 995 2537 1049 sed
2573 995 2783 1065 integra
2812 1001 2954 1058 erat,
2991 999 3157 1058 atque
3191 987 3302 1044 Deo
3344 983 3719 1054 acceptabilis.

2089 1073 2094 1077 ’
2143 1086 2224 1143 0b
2250 1088 2353 1142 hoc
2380 1101 2508 1156 ergo
2527 1086 2676 1149 dicit,
2711 1100 2895 1138 verax.
2927 1081 3147 1137 Sciebat
3173 1095 3407 1148 namque
3430 1079 3608 1147 justus
3630 1076 3722 1130 ille

2144 1178 2227 1230 vir
2253 1175 2396 1246 quod
2428 1174 2688 1227 veritates
2728 1173 2958 1242 requirit
3001 1170 3284 1224 Dominus.
3318 1167 3522 1220 Idcirco
3553 1179 3720 1219 verax

2143 1280 2284 1334 erat,
2309 1284 2488 1334 verus,
2518 1283 2705 1336 purus,
2731 1265 2982 1334 simplex,
3018 1279 3122 1318 non
3156 1264 3333 1317 ﬁctus.
3366 1260 3485 1313 Non
3512 1269 3630 1314 erat
3663 1260 3713 1312 iit

2143 1363 2234 1416 illo
2253 1361 2544 1416 haesitatio.
2571 1359 2684 1413 Non
2703 1357 3024 1427 quuebatur
3042 1355 3191 1408 aliud
3216 1355 3268 1408 in
3292 1367 3408 1416 ore,
3424 1352 3569 1405 aliud
3589 1366 3714 1403 vero

2141 1455 2414 1522 cogitabat
2459 1455 2511 1506 in
2561 1453 2766 1506 animo.
2803 1449 2918 1503 Non
2969 1447 3112 1502 aliud
3159 1445 3374 1500 dicebat
3425 1444 3627 1507 verbis,
3663 1452 3716 1495 et

2142 1547 2284 1600 aliud
2315 1546 2583 1616 cogitabat
2608 1543 2794 1598 corde.
2829 1539 2945 1595 Non
2973 1550 3132 1596 erant
3181 1541 3345 1594 verba
3383 1537 3500 1608 ejus
3533 1533 3718 1589 mollia

2141 1638 2195 1692 in
2231 1638 2408 1701 labiis,
2459 1636 2639 1706 jacula
2681 1649 2814 1689 vero
2846 1634 2924 1695 in
2974 1631 3206 1694 occulto,
3255 1628 3714 1700 quemadmodum

2143 1746 2286 1786 nunc
2316 1738 2442 1783 sunt
2468 1729 2848 1800 plurimorum,
2890 1724 3344 1796 quemadmodum
3385 1732 3510 1778 sunt
3555 1723 3716 1776 innu-

2141 1821 2507 1884 merabilium,
2537 1821 2603 1874 de
2632 1821 2828 1889 quibus
2863 1818 3062 1871 dicitur
3091 1837 3102 1869 :
3132 1813 3318 1868 Molles
3353 1813 3567 1881 fuerunt
3605 1829 3718 1866 ser.

2139 1931 2318 1968 mones
2343 1930 2504 1982 super
2530 1913 2724 1979 oleum,
2748 1923 2795 1965 et
2825 1911 2929 1978 ipsi
2953 1919 3073 1963 sunt
3094 1908 3283 1978 jacula
3310 1909 3377 1963 "'.
3404 1907 3469 1960 Et
3496 1908 3709 1962 adhuc:

2142 2007 2395 2061 Proximo
2431 2023 2526 2060 suo
2559 2007 2791 2075 loquitur
2819 2006 2978 2066 bona,
3011 2013 3061 2057 et
3089 2005 3231 2056 intra
3264 2018 3318 2054 se
3358 2004 3511 2054 habet
3547 2001 3730 2058 mala.‘

2139 2099 2203 2153 Et
2227 2099 2398 2153 alibi:
2433 2097 2498 2151 In
2537 2098 2690 2151 labiis
2726 2098 2834 2150 suis
2881 2096 3104 2148 blandus
3155 2094 3400 2147 obdulcat
3442 2094 3736 2156 inimicus,_

2136 2193 2190 2245 in
2223 2191 2377 2244 corde
2419 2206 2514 2244 suo
2558 2205 2673 2242 vero
2731 2189 3017 2242 insidiatur
3041 2188 3108 2241 ".
3145 2185 3250 2240 Sed
3303 2201 3409 2238 non
3443 2193 3561 2238 erat
3590 2183 3717 2236 talis

2137 2282 2330 2336 beatus
2355 2280 2477 2348 Job,
2508 2281 2600 2334 sed
2620 2294 2787 2334 verax
2818 2289 2959 2343 erat,
2975 2293 3138 2332 verax
3172 2286 3358 2346 utp0te
3384 2291 3576 2330 servus
3596 2276 3717 2340 ejus

2137 2375 2204 2428 de
2250 2389 2360 2443 quo
2409 2373 2632 2435 dicitur,
2666 2371 2750 2426 Sit
2785 2371 2922 2425 Deus
2973 2387 3131 2425 verax
3156 2371 3245 2423 "z
3292 2381 3549 2438 tanquam
3589 2384 3718 2422 vere

2137 2481 2328 2521 servus
2359 2465 2502 2519 illius
2530 2465 2594 2519 de
2625 2479 2732 2533 quo
2761 2463 2966 2518 dictum
2997 2473 3081 2517 est
3112 2477 3128 2516 :
3162 2461 3290 2517 Haec
3319 2472 3394 2515 est
3429 2461 3536 2514 vita
3558 2470 3718 2513 mter-

2137 2572 2230 2620 na,
2270 2566 2325 2609 ut
2369 2564 2683 2626 cognoscant
2732 2565 2781 2608 te
2823 2554 2994 2608 solum
3038 2571 3214 2608 verum
3256 2553 3448 2615 Deum,
3475 2561 3522 2605 et
3563 2566 3717 2619 quem

2136 2649 2326 2702 misisti
2368 2646 2552 2702 Iesum
2581 2647 2847 2700 Christum
2871 2647 2939 2702 “.
2977 2644 3112 2700 Cum
3143 2660 3272 2714 ergo
3300 2654 3444 2698 esset
3475 2644 3588 2697 veri
3622 2640 3717 2697 Dei

2138 2758 2329 2802 servus
2372 2755 2556 2804 verax,
2588 2750 2706 2794 erat
2751 2754 2944 2804 verax,
2972 2754 3070 2793 nec
3103 2739 3218 2808 ipse
3260 2738 3563 2800 mentiens,
3616 2749 3720 2791 nec

2137 2834 2433 2892 mendaciis
2471 2833 2911 2897 communicatis,
2953 2845 3053 2885 nec
3111 2831 3225 2899 ipse
3281 2829 3571 2894 mentiens,
3617 2842 3720 2883 nec

2137 2927 2259 2981 aliis
2290 2925 2576 2980 mendacia
2607 2937 2908 2993 congruere
2940 2922 3281 2990 permittens.
3309 2920 3486 2974 Verax
3516 2920 3570 2973 in
3593 2934 3716 2982 ore,

2135 3020 2381 3084 verax'jn
2409 3019 2594 3081 corde,
2618 3031 2782 3071 verax
2815 3016 2866 3068 in
2896 3013 3316 3085 cogitationibus
3347 3023 3402 3067 et
3457 3027 3626 3068 verax
3660 3013 3716 3066 in

458 3114 578 3160 stus
613 3104 667 3158 in
693 3103 938 3172 iudiciis,
967 3103 1149 3170 justus
1204 3104 1258 3158 in
1302 3107 1504 3170 causis,
1521 3105 1701 3174 justus
1729 3107 2032 3177 inlegibus,
2062 3140 2105 3200 ο
2140 3107 2607 3179 ηδ’ροηδὶοιιὶὺιιε,
2633 3121 2796 3161 verax
2833 3107 2887 3160 in
2925 3106 3105 3159 verbis
3147 3114 3202 3160 et
3254 3119 3417 3158 verax
3448 3104 3501 3157 in
3536 3104 3716 3166 l‘actis,

454 3196 633 3265 justus
680 3197 732 3250 in
790 3196 1240 3252 ordinationibus.
1289 3198 1421 3272 Nam
1476 3215 1598 3254 cum
1650 3208 1787 3254 esset
1831 3202 1937 3254 dux
1969 3215 2036 3256 ac

457 3288 716 3363 princeps
742 3287 1035 3355 provincia:
1066 3303 1200 3354 sure,
1232 3299 1289 3343 et
1313 3294 1457 3360 leges
1501 3293 1705 3357 sanxit,
1740 3303 1793 3345 et
1831 3292 2034 3362 judicia

455 3377 743 3450 judicavit.
778 3377 882 3432 Sed
910 3377 1098 3446 procul
1127 3379 1293 3433 dubio
1313 3381 1458 3448 quod
1475 3383 1654 3435 omnia
1681 3381 1827 3452 juste
1853 3386 2036 3454 diSpo-

460 3471 633 3525 suerit
657 3479 712 3524 et
735 3470 1084 3538 judicaverit,
1105 3480 1269 3539 atque
1287 3471 1715 3528 misericorditer
1737 3476 2032 3544 delinierit,

460 3575 568 3614 non
603 3561 868 3614 reveritus
899 3575 1334 3631 personam,non
1360 3565 1636 3632 accipiens
1657 3580 1902 3632 munera,
1930 3584 2034 3622 non

461 3651 744 3706 ambulans
775 3662 894 3718 post
923 3652 1329 3720 retributiones,
1348 3669 1453 3707 non
1479 3656 1787 3724 despiciens
1811 3673 2039 3727 Oppres-

459 3757 605 3808 sum,
636 3756 740 3797 n‘on
769 3758 1032 3812 spernens
1057 3745 1298 3812 viduam,
1341 3761 1447 3800 non
1479 3747 1809 3804 ohliviscens
1835 3751 2039 3821 orpha-

460 3850 592 3889 num
620 3851 636 3891 :
669 3850 766 3903 pro
799 3835 882 3888 his
915 3849 1046 3902 ergo
1089 3835 1373 3901 omnibus,
1409 3845 1463 3890 et
1512 3853 1578 3891 ex
1627 3839 1712 3893 his
1762 3841 2034 3906 omnibus,

461 3937 629 3996 atque
664 3942 760 3995 per
790 3927 906 3980 ltth
931 3938 1128 3981 cuncta
1159 3937 1278 3981 erat
1307 3929 1491 3996 justus
1525 3941 1782 4000 tanquam
1817 3949 2036 3990 onmem

461 4017 785 4088 injustitiam
817 4021 1165 4083 conculcans,
1195 4028 1449 4088 tanquam
1472 4037 1687 4076 omnem
1718 4022 2036 4092 injustitiam

459 4110 770 4178 eradicans,
799 4120 1053 4181 tanquam
1085 4127 1300 4166 omnem
1358 4111 1618 4182 injustum
1659 4116 1951 4171 bumilians
1983 4125 2038 4172 et

460 4218 567 4257 non
601 4205 922 4273 permittens
951 4219 1249 4274 emergere.
1281 4205 1413 4259 Erat
1443 4206 1645 4276 justus,
1677 4219 1863 4278 utpote
1894 4211 2037 4280 inju-

459 4295 625 4349 stitize
642 4312 746 4352 non
766 4299 1194 4362 communicatis,
1215 4307 1397 4368 utpote
1412 4298 1693 4366 injustitia:
1717 4318 1821 4356 non
1844 4317 2041 4372 appro-

456 4384 751 4473 pinqpans,
781 4397 968 4455 utpote
992 4387 1334 4456 injustitiam,
1367 4390 1491 4444 odio
1516 4390 1720 4473 habens
1749 4401 1910 4460 atque
1941 4393 2039 4446 ab—

2138 3217 2304 3256 verax
2331 3215 2454 3253 cum
2494 3197 2809 3252 hominibus
2843 3204 2898 3248 et
2925 3209 3087 3249 verax
3126 3209 3246 3248 cum
3276 3192 3504 3263 angelis,
3547 3207 3720 3248 verax

2138 3293 2191 3348 in
2244 3291 2592 3360 corruptione
2643 3297 2699 3344 et
2765 3302 2928 3340 verax
2983 3287 3036 3340 in
3087 3285 3607 3354 incorruptionibus,
3662 3294 3724 3340 et

2135 3387 2278 3455 quod
2319 3395 2402 3439 est
2445 3383 2684 3438 omnium
2728 3381 3046 3442 maximum,
3105 3393 3274 3431 verax
3327 3380 3379 3431 in
3423 3385 3722 3448 conspectu

2136 3475 2318 3530 omnia
2351 3471 2680 3541 inquirentis
2723 3469 2837 3523 Dei.
2867 3467 2947 3522 0b
2987 3467 3091 3519 hoc
3121 3467 3267 3519 enim
3301 3465 3502 3518 dicitur
3539 3483 3554 3519 :
3594 3464 3719 3520 Non

2135 3567 2366 3637 peccavit
2405 3564 2508 3619 Job
2530 3565 2584 3616 in
2619 3573 2895 3630 conspectu
2925 3558 3156 3621 Domini,
3188 3570 3234 3610 et
3273 3575 3377 3610 non
3408 3559 3551 3611 dedit
3585 3558 3723 3611 insi-

2136 3661 2390 3730 pientiam
2419 3657 2526 3710 Deo
2547 3657 2614 3708 ’⁵.
2643 3655 2810 3708 David
2847 3656 3018 3708 bonus
3052 3652 3295 3721 aspectui
3329 3651 3542 3705 Domini
3573 3666 3721 3704 nun-

2139 3759 2384 3818 cupatur,
2417 3745 2520 3800 Job
2556 3762 2684 3799 vero
2715 3760 2878 3798 verax
2918 3746 2968 3797 in
2997 3752 3293 3810 conspectu
3335 3740 3430 3794 Dei
3473 3739 3723 3794 ostendi-

2139 3851 2247 3906 tur,
2281 3856 2443 3894 verax
2493 3840 2544 3893 in
2582 3839 2698 3908 lege
2749 3851 2874 3891 ante
2910 3837 3107 3905 legem,
3144 3850 3309 3890 verax
3357 3835 3411 3889 in
3447 3833 3724 3888 mandatis

2139 3942 2266 3987 ante
2306 3931 2582 3996 mandata,
2611 3944 2778 3983 verax
2811 3931 2866 3982 in
2895 3927 3269 3984 misericordia
3311 3936 3366 3982 et
3414 3929 3467 3980 in
3516 3925 3724 3995 justiﬁ-

2138 4025 2442 4079 cationibus
2473 4033 2600 4076 ante
2635 4023 2932 4091 Scriptura:
2953 4020 3309 4073 sanctionem.
3332 4018 3535 4072 Horum
3566 4032 3724 4071 nam-

2139 4126 2243 4179 que
2268 4112 2510 4166 omnium
2536 4112 3108 4164 commemorationem
3143 4126 3265 4163 ettm
3295 4111 3347 4163 in
3389 4119 3584 4162 natura
3618 4109 3714 4162 ha-

2139 4203 2294 4256 beret
2322 4203 2689 4270 conscriptam
2719 4218 2747 4254 a
2781 4200 3064 4264 Creatore,
3090 4211 3283 4255 cuncta
3308 4201 3425 4254 haec
3447 4200 3723 4254 veraciter

2139 4291 2481 4361 adimplevit,
2526 4303 2724 4346 cuncta
2755 4293 2868 4346 haec
2905 4293 3175 4345 veraciter
3219 4272 3741 4359 perlecitdldcirco.

2140 4387 2411 4437 veraciter
2447 4396 2612 4435 verax
2661 4383 2859 4435 dicitur
2913 4390 3074 4449 atque
3123 4382 3537 4449 comprobatur.
3596 4379 3754 4436 Pri-~

457 4466 734 4530 omitians.
779 4475 912 4532 Erat
957 4477 1135 4544 justus
1185 4480 1440 4548 quoniam
1465 4479 1610 4534 illum
1646 4466 1926 4551 diligebat,
1973 4485 2038 4536 de
2071 4492 2118 4549 ι)
2145 4491 2289 4530 mutu
2323 4474 2542 4543 quidem
2595 4473 2714 4527 sine
2751 4471 3008 4541 querela,
3053 4481 3240 4540 utpote
3290 4472 3345 4524 in
3396 4472 3720 4539 semetipso.

459 4581 571 4636 quo
619 4567 822 4621 dicitur
866 4569 920 4621 in
972 4570 1250 4638 prophetis
1281 4588 1294 4624 :
1327 4568 1392 4622 Et
1420 4582 1492 4624 est
1523 4573 1738 4641 justitia
1768 4575 2034 4628 accinctus

458 4657 665 4713 lumbos
697 4660 764 4716 ¹⁸.
793 4659 1139 4727 Eratjustus,
1165 4664 1288 4729 quia
1324 4663 1375 4716 in
1403 4665 1513 4718 Deo
1533 4666 1810 4733 sperabat,
1841 4669 1906 4720 de
1928 4681 2036 4735 quo

460 4749 662 4806 dicitur
694 4769 708 4805 :
739 4749 930 4805 Justus
957 4751 1237 4815 Dominus,
1264 4766 1312 4806 et
1345 4755 1594 4823 justitias
1626 4756 1833 4820 dilexit,
1864 4760 2035 4827 α’ᾳαί-

461 4849 624 4895 tatem
651 4843 780 4897 vidit
825 4843 997 4896 vultus
1046 4843 1161 4911 ejus
1186 4845 1251 4896 ι’.
1277 4845 1370 4899 Sic
1417 4861 1650 4917 namque
1677 4858 1794 4903 erat
1833 4849 2030 4916 justus.

460 4929 556 4985 Sic
590 4943 708 4986 erat
750 4933 952 5002 justus,
989 4925 1048 4989 ut
1094 4937 1206 5003 ipse
1237 4935 1374 4989 Deus
1405 4935 1502 5002 qui
1543 4939 2032 5005 cognoscitcorda,

461 5029 819 5078 attestaretur
838 5023 1063 5092 justitite
1083 5027 1220 5095 ejus.
1257 5025 1332 5079 Ita
1365 5038 1483 5082 erat
1509 5028 1709 5096 jusms,
1740 5040 1801 5083 ut
1831 5031 1943 5099 ipse
1970 5033 2036 5088 de

463 5117 756 5184 semetipso
790 5118 1034 5172 diceret:
1067 5116 1291 5172 Iustitia
1335 5136 1477 5172 erant
1520 5121 1758 5187 indutus,
1793 5131 1842 5175 et
1875 5125 2035 5177 vesti-

463 5211 549 5258 tus
567 5204 774 5272 judicio
805 5219 1056 5278 tanquam
1081 5211 1400 5264 vestimento.
1429 5210 1680 5281 Confregi
1699 5212 1868 5267 molas
1890 5215 2038 5285 inju-

463 5302 687 5358 storum,
715 5297 778 5347 de
811 5299 980 5351 medio
1008 5309 1181 5352 autem
1224 5301 1458 5354 dentium
1507 5303 1724 5370 rapinas
1751 5305 1944 5357 abstuli
1966 5307 2034 5359 '°.

465 5384 558 5441 Sic
589 5387 770 5456 itaque
795 5402 911 5443 erat
951 5392 1154 5460 justus,
1179 5403 1238 5446 ut
1263 5391 1494 5447 formam
1523 5403 1685 5462 atque
1729 5396 2032 5464 exemplum

466 5473 683 5533 Domini
713 5475 804 5527 Dei
835 5475 886 5530 in
928 5497 986 5533 se
1031 5480 1368 5549 adimpleret,
1403 5481 1521 5550 ejus
1546 5483 1636 5550 qui
1679 5497 1801 5536 cum
1838 5483 1908 5537 sit
1947 5482 2036 5551 ju-

467 5575 611 5631 stus,
638 5565 879 5636 justitias
907 5570 1112 5626 dilexit.
1142 5573 1274 5627 Cum
1302 5586 1481 5630 autem
1510 5579 1690 5645 justus
1727 5586 1891 5642 esset,
1921 5589 2036 5632 erat

2142 4567 2350 4623 Deinde
2382 4566 2586 4634 justus,
2617 4573 2802 4632 utpote
2831 4562 2978 4616 circa
3000 4577 3212 4616 omnes.
3238 4561 3371 4616 Item
3404 4576 3566 4616 verax
3595 4571 3723 4616 tan-

2141 4672 2304 4727 quam
2337 4657 2389 4710 in
2406 4662 2699 4724 conspectu
2727 4653 2844 4710 Dei.
2869 4652 3161 4720 Propterea
3185 4652 3440 4720 posthaec
3467 4652 3723 4706 universa
3747 4667 3752 4672 ·

2141 4750 2196 4805 in
2231 4746 2584 4803 conclusione
2607 4744 2850 4797 omnium
2883 4756 2982 4811 pro
3012 4743 3400 4796 universorum
3445 4744 3750 4812 recapitu-v

2143 4841 2347 4894 latione
2405 4837 2670 4906 adjicieus
2714 4837 2887 4890 dicit:
2932 4833 3028 4888 Dei
3067 4833 3242 4886 cultor
3269 4846 3287 4883 :
3321 4834 3451 4903 quia
3498 4849 3721 4889 omnem

2142 4930 2512 4992 sanctitatem,
2538 4939 2593 4982 et
2625 4938 2844 4980 omnem
2874 4923 3166 4992 justitiam,
3191 4931 3248 4976 et
3272 4937 3435 4979 omne
3454 4937 3594 4994 opus
3621 4924 3722 4979 bo-

2143 5037 2272 5077 num
2304 5020 2449 5090 quod
2485 5018 2588 5073 visi
2633 5017 2837 5071 iuerint
2871 5015 3122 5074 homines
3151 5013 3359 5079 facere,
3402 5014 3511 5069 nisi
3537 5014 3594 5069 in
3625 5013 3725 5071 Dei

2143 5115 2378 5180 cultura,
2411 5113 2515 5167 nisi
2542 5112 2598 5166 in
2636 5109 2729 5166 Dei
2757 5107 3036 5178 agnitione
3067 5117 3230 5176 atque
3271 5106 3624 5164 confessione
3647 5109 3738 5164 t'e-_

2143 5209 2340 5273 cerint,
2376 5207 2495 5262 sine
2521 5218 2683 5260 causa
2718 5201 2927 5256 faciunt
2960 5209 3124 5270 atque
3169 5213 3533 5268 supervacue.
3558 5199 3628 5255 Et
3666 5212 3726 5256 ut
3761 5217 3766 5222 '

2143 5301 2385 5354 breviter
2409 5307 2575 5365 atque
2611 5296 2874 5349 audenter
2921 5292 3122 5357 dicam,
3168 5292 3350 5345 omnia
3383 5307 3726 5363 qutecunque

2141 5392 2374 5446 fecerint
2409 5388 2656 5442 homines
2698 5386 2814 5440 sive
2861 5386 2911 5437 in
2955 5383 3288 5453 virginitate,
3318 5385 3436 5440 sive
3469 5385 3522 5438 in
3555 5386 3715 5440 absti-

2142 5482 2348 5544 nentia,
2373 5480 2489 5533 sive
2517 5478 2570 5532 in
2593 5476 2838 5544 corporis
2867 5476 3142 5537 castitate,
3173 5473 3287 5528 sive
3313 5475 3368 5528 in
3394 5477 3582 5530 carnis
3610 5489 3726 5532 suae

2143 5571 2542 5633 combustione,
2566 5569 2680 5622 sive
2704 5568 2757 5620 in
2784 5567 3049 5620 bonorum
3070 5581 3293 5620 suorum
3311 5568 3724 5636 distributione,

540 5676 839 5764 "flagiti
867 5676 922 5760 εξ
998 5681 1203 5764 ‘9__Psal.
1233 5686 1365 5764 xus‘.
1445 5687 1489 5718 ¹⁰
1520 5687 1618 5744 Job
1656 5704 1808 5757 xstx,
1839 5689 1921 5757 li,
1958 5691 2040 5748 l7.
2120 5691 2159 5723 ²¹
2189 5687 2333 5744 Psal.
2369 5700 2475 5749 LIV,
2499 5681 2589 5736 "22.
2669 5681 2710 5764 ξ²
2741 5679 2896 5762 Prov.
2925 5695 3073 5747 xxvi,
3107 5679 3199 5735 24.
3277 5681 3320 5712 ’³
3354 5680 3510 5738 Rom.
3550 5683 3732 5750 111,4.

465 5743 516 5782 ³⁸
539 5743 700 5804 Joan.
734 5759 863 5802 xvu.
895 5748 947 5800 ’5.
1024 5753 1065 5783 ³⁵
1097 5751 1195 5808 Job
1221 5743 1378 5811 πῇ,
