4174 6384
375 300 475 358 384

1470 308 1857 371 ANONY‘MUS
1894 312 1961 368 IN
1998 313 2147 371 JOB.
2189 348 2256 359 —-
2290 316 2419 375 LIB.
2460 318 2499 373 l.

3526 320 3634 381 582

375 420 565 475 omnia
606 420 779 490 gra-tis
807 420 1035 491 faciunt,
1074 425 1121 480 si
1158 439 1263 480 non
1306 426 1359 479 in
1410 427 1515 483 ﬁde
1558 431 1809 496 fecerint,
1842 433 1961 489 sine
1992 440 2034 494 Α
2061 438 2408 494 etadoretur.
2434 437 2588 494 Nihil
2609 438 2712 495 hoc
2732 439 2933 509 justius
2956 455 3131 511 neque
3155 440 3631 510 veracius,quam,

356 527 538 573 .causa
578 524 746 585 agunt
774 516 875 572 nisi
906 518 957 570 in
990 519 1265 589 agnitione
1288 520 1447 576 unius
1471 523 1694 592 ingeniti
1728 524 1819 579 Dci
1850 525 1953 579 Pa-

381 607 501 671 tris,
531 617 586 661 et
610 608 664 662 in
694 607 1037 664 confessione
1069 611 1227 666 unius
1259 613 1517 679 unigeniti
1556 613 1675 667 Filii
1705 614 1823 682 ejus
1845 617 1953 669 Do-

374 697 509 754 mini
544 698 715 751 nostri
757 696 883 752 Jesu
932 698 1157 765 Christi,
1184 712 1239 755 et
1290 701 1688 758 illuminatione
1718 708 1955 773 Spiritus

380 789 555 842 sancti
583 789 829 858 gloriosi,
856 804 919 844 ac
950 792 1274 848 venerabilis
1302 793 1588 860 Paracleti,
1621 798 1710 866 qui
1735 798 1956 865 adjuvat

379 882 753 939 inﬁrmitatem
786 893 992 938 nostra:
1017 886 1304 950 orationis,
1334 887 1384 940 in
1407 902 1520 957 quo
1546 890 1741 959 signati
1764 905 1955 947 sumus

380 972 443 1031 in,
467 972 555 1026 die
611 974 1004 1043 redemptionis
1045 986 1264 1042 nostrae,
1297 980 1399 1034 hoc
1451 982 1697 1035 fecerint.
1727 982 1954 1038 Omnem

378 1074 509 1129 ergo
539 1063 902 1129 sanctitatem,
934 1075 990 1118 et
1021 1081 1239 1122 onmem
1270 1068 1593 1136 injustitiam
1612 1086 1774 1141 quam
1811 1073 1953 1129 fece-

378 1153 453 1209 rit
478 1151 604 1221 quis
631 1152 766 1208 foris
796 1170 825 1208 a
853 1169 979 1208 vera
1028 1155 1125 1210 Dei
1176 1158 1384 1212 cultura
1427 1168 1592 1231 atque
1636 1179 1767 1218 vera
1823 1166 1953 1232 ﬁde,

379 1244 552 1314 gratis
574 1244 729 1309 facit,
751 1246 806 1299 in
838 1246 1142 1313 perditione
1166 1250 1321 1314 facit,
1354 1265 1458 1305 non
1492 1255 1714 1321 prodest
1743 1256 1818 1320 ei,
1846 1273 1953 1312 non

380 1334 603 1404 adjuvat
633 1351 759 1390 eum
800 1335 854 1389 in
894 1336 981 1391 die
1032 1337 1156 1404 iraa,
1184 1354 1291 1394 non
1335 1341 1587 1398 liberabit
1623 1360 1744 1401 eum
1780 1347 1836 1401 in
1866 1349 1955 1404 die

381 1426 652 1506 interitus.
692 1430 795 1495 Ad
821 1430 964 1499 quod
1012 1439 1093 1486 est
1135 1434 1290 1489 testis
1332 1434 1623 1503 Apostolus
1655 1439 1749 1506 qui
1782 1440 1952 1497 dicit;

380 1504 549 1573 Omne
568 1520 711 1588 quod,
734 1535 799 1575 ea:
841 1521 948 1590 ﬁde
980 1534 1205 1591 nonest,
1237 1537 1509 1593 peccatum
1541 1537 1619 1582 est
1641 1504 1709 1587 ’ἦ
1739 1529 1957 1597 Quare?

378 1609 516 1677 Quia
540 1609 680 1666 bona
720 1612 971 1668 videntur
1024 1613 1219 1671 fecisse
1268 1632 1374 1672 non
1408 1621 1633 1687 quaesita
1686 1620 1811 1688 ﬁde,
1848 1638 1955 1679 non

378 1704 611 1771 quzesita
639 1706 917 1776 agnitione
952 1706 1070 1777 ejus
1101 1718 1333 1778 propter
1373 1726 1535 1778 quem
1565 1712 1672 1767 hoc
1701 1711 1955 1769 fecerint.

2062 536 2117 581 ut
2152 528 2201 583 ei
2236 530 2328 596 qui
2356 538 2440 583 est
2474 529 2721 582 omnium
2761 529 2901 585 Deus
2926 540 2981 585 et
3005 530 3276 596 conditor,
3307 538 3471 598 atque
3500 544 3632 598 pro-

2059 617 2228 681 visor,
2262 618 2521 673 credatur
2546 629 2605 672 ut
2651 628 2890 690 oportet,
2918 628 2973 673 et
3000 618 3347 683 conﬁteatur,
3378 628 3431 671 et
3464 618 3633 686 proﬁ-

2064 717 2260 762 teatur.
2308 707 2450 762 Nihil
2484 724 2613 778 ergo
2643 711 2870 780 suscipit
2910 711 3051 765 Deus
3080 709 3289 779 absque
3336 710 3454 765 ﬁdei
3490 710 3636 764 veri-

2064 809 2193 855 tate.
2224 799 2341 855 Non
2360 802 2502 854 enim
2531 802 2732 873 indiget
2751 804 2835 857 his
2857 819 2976 872 quae
3004 813 3187 859 nostra
3213 813 3359 869 sunt,
3380 803 3482 856 nisi
3504 802 3637 857 solis

2062 894 2347 950 animabus
2364 896 2563 949 nostris
2587 896 2640 948 in
2665 896 2896 951 veritate
2921 895 3043 950 ﬁdei
3069 895 3507 965 persistentibus,
3531 895 3636 947 nisi

2064 979 2175 1033 sola
2217 981 2550 1037 conscientia
2587 992 2767 1036 nostra
2805 983 2857 1037 in
2904 984 3133 1038 veritate
3162 984 3280 1038 ﬁdei
3314 984 3416 1038 sibi
3459 983 3635 1038 conﬁ-

2065 1079 2226 1125 tente.
2257 1070 2381 1127 Haec
2411 1087 2646 1142 namque
2671 1074 2848 1128 sciens
2876 1074 3065 1129 beatus
3086 1073 3188 1130 Job
3209 1075 3478 1145 justitiam
3504 1076 3637 1127 acdi-

2064 1160 2268 1228 ﬁcavit,
2322 1164 2603 1218 veritatem
2641 1164 2908 1221 fundavit.
2960 1164 3066 1221 Sed
3101 1167 3216 1221 haec
3258 1167 3510 1221 universa
3544 1168 3636 1222 Dei

2062 1252 2295 1319 cultura,
2323 1255 2426 1309 hoc
2448 1265 2551 1319 est,
2583 1255 2689 1309 ﬁde
2710 1257 3056 1311 concinnavit
3078 1267 3243 1327 atque
3268 1260 3419 1324 texit,
3445 1259 3640 1313 obdul-

2052 1348 2204 1402 cavit
2234 1356 2396 1417 atque
2436 1348 2681 1416 perfecit.
2714 1347 2808 1402 Sic
2856 1358 3074 1416 oportet
3110 1350 3273 1403 etiam
3304 1364 3424 1415 nos,
3457 1364 3491 1405 ο
3536 1350 3638 1405 viri

2063 1436 2242 1505 periti,
2268 1437 2322 1491 in
2360 1438 2464 1492 ﬁde
2490 1436 2796 1501 ambulare,
2825 1437 2878 1491 in
2910 1438 3015 1493 ﬁde
3048 1448 3216 1503 stare,
3239 1440 3292 1494 in
3325 1440 3428 1494 ﬁde
3455 1454 3640 1509 perse-

2064 1542 2278 1595 verare,
2323 1530 2628 1585 inﬁdelitati
2661 1541 2823 1599 atque
2868 1530 3173 1587 inﬁdelibus
3204 1547 3311 1587 non
3346 1535 3640 1601 appropin-

2063 1634 2252 1689 quare,
2303 1634 2476 1689 neque
2535 1622 2977 1689 communicare,
3020 1636 3197 1689 neque
3249 1621 3639 1676 conventiculis

2062 1724 2271 1769 eorum.
2301 1725 2478 1780 neque
2529 1711 2787 1779 collectis,
2818 1721 2877 1765 ut
2914 1722 3107 1766 cuncta
3158 1726 3279 1780 quae
3320 1710 3553 1765 facimus
3584 1712 3637 1764 in

377 1794 428 1851 Δ
454 1812 564 1865 quo
595 1798 740 1852 enim
784 1797 1019 1869 accipiet
1053 1801 1405 1856 mercedem?
1439 1801 1524 1856 Ab
1555 1818 1619 1858 eo
1644 1818 1809 1873 quem
1847 1820 1955 1859 non
1987 1781 2029 1837 Β
2059 1800 2165 1855 fide
2198 1801 2308 1857 Dco
2336 1802 2690 1873 acceptabilia
2734 1804 2842 1858 sint
2874 1821 2888 1857 :
2924 1803 3063 1858 sicut
3101 1813 3156 1857 et
3194 1803 3281 1856 illa
3314 1817 3435 1871 qua:
3480 1802 3641 1871 paulo

379 1889 687 1958 requisivit,
744 1905 907 1959 quem
962 1905 1070 1946 non
1125 1892 1373 1962 agnovit,
1421 1894 1510 1947 cui
1545 1908 1654 1948 non
1702 1895 1956 1963 credidit,

378 1996 541 2048 quem
574 1996 679 2035 non
704 1992 788 2036 est
807 1980 1115 2047 confessus,
1140 1998 1315 2051 neque
1332 1982 1611 2052 professus
1631 1985 1773 2041 sicut
1798 1999 1959 2055 opor-

380 2070 507 2133 tuit,
534 2081 638 2123 u‘on
672 2070 903 2140 accipiet
929 2072 998 2126 ab
1030 2085 1095 2126 eo
1128 2073 1650 2139 remunerationem,
1678 2074 1781 2128 nisi
1810 2074 1958 2142 judi-

376 2164 524 2220 cium
558 2173 613 2218 et
643 2162 778 2218 iram
812 2166 880 2218 ad
925 2165 1462 2220 condemnationem.
1495 2162 1649 2220 Sicut
1675 2166 1819 2220 enim
1864 2165 1959 2237 qui

377 2253 614 2312 ediﬁcat
637 2254 760 2309 sine
786 2253 1168 2325 fundamento,
1215 2257 1352 2311 nihil
1396 2257 1611 2327 proﬁcit
1652 2258 1756 2313 nisi
1789 2259 1960 2314 detri-

377 2361 622 2407 mentum
649 2360 708 2409 et
743 2350 1010 2419 laborem,
1040 2363 1096 2407 et
1124 2353 1370 2409 dolorem
1400 2373 1415 2410 :
1443 2354 1523 2409 sic
1565 2354 1823 2410 similiter
1866 2354 1959 2423 qui

379 2444 510 2500 boni
538 2444 744 2513 aliquid
772 2443 984 2499 videtur
1003 2445 1205 2513 facere,
1239 2447 1285 2501 si
1311 2446 1429 2501 sine
1454 2446 1562 2501 ﬁde
1580 2446 1796 2511 fecerit,
1824 2446 1959 2501 nihil

377 2534 616 2605 proﬁcit.
645 2537 803 2593 Sicut
835 2538 981 2593 enim
1009 2537 1255 2592 credenti
1284 2538 1469 2593 omnia
1502 2547 1631 2593 sunt
1657 2538 1958 2608 possibilia,

379 2636 441 2682 ut
485 2627 727 2683 salvetur
776 2638 942 2699 atque
996 2626 1341 2699 refrigerium
1375 2630 1617 2685 inveniat
1657 2631 1797 2700 apud
1833 2645 1959 2684 eum

381 2722 474 2777 cui
530 2721 799 2777 credidit:
827 2723 907 2778 sic
947 2736 1056 2777 non
1104 2722 1351 2778 credenti
1380 2722 1517 2777 nihil
1560 2730 1644 2778 est
1678 2722 1956 2793 possibile,

382 2828 559 2882 neque
586 2823 651 2869 ut
675 2814 858 2871 salvus
881 2814 995 2882 ﬁat,
1021 2829 1199 2885 neque
1226 2824 1286 2869 ut
1321 2814 1670 2885 refrigerium
1693 2814 1957 2882 inveniat,

380 2924 558 2979 neque
586 2921 642 2965 ut
672 2910 727 2964 in
758 2910 924 2964 vitam
961 2916 1216 2964 introeat.
1250 2905 1366 2963 Non
1398 2916 1485 2976 est
1514 2907 1660 2964 enim
1702 2910 1961 2964 mentitus

380 3002 472 3069 qui
487 3000 593 3055 ait:
613 2997 846 3066 Quwrite
870 2998 1178 3063 Dominum,
1203 2997 1487 3054 etiiweniet
1505 2998 1958 3057 auirnavestra".

382 3094 538 3160 Quod
574 3095 618 3149 si
648 3109 754 3149 non
785 3095 1107 3165 quaesieritis
1151 3094 1205 3148 in
1233 3093 1358 3160 ﬁde,
1393 3110 1502 3149 non
1531 3096 1756 3163 potestis
1792 3097 1845 3149 in
1874 3097 1957 3151 vi-

382 3200 493 3243 tam
522 3188 770 3252 introire,
798 3189 851 3244 id
888 3196 990 3255 est,
1022 3189 1222 3261 anima:
1260 3203 1366 3243 non
1421 3189 1779 3244 credentium.
1809 3188 1961 3244 Sicut

380 3282 528 3338 enim
559 3280 643 3337 sol
684 3281 789 3336 nisi
818 3280 1114 3336 vibraverit
1143 3295 1305 3352 super
1336 3279 1532 3336 faciem
1572 3288 1754 3347 terrae,
1779 3280 1963 3336 nullus

378 3389 449 3430 ex
495 3373 766 3430 fructibus
809 3373 928 3443 ejus
965 3375 1190 3438 crescit,
1236 3388 1413 3443 neque
1452 3373 1738 3438 adolescit,
1785 3389 1961 3443 neque

381 3466 728 3532 maturescit,
762 3466 843 3521 sic
888 3466 1143 3523 similiter
1172 3465 1278 3520 nisi
1308 3480 1406 3535 per
1432 3465 1590 3520 ﬁdem
1634 3467 1837 3521 veritas
1871 3480 1960 3520 re-

383 3556 599 3612 fulserit
630 3558 689 3612 in
720 3556 1011 3612 animabus
1039 3557 1342 3622 hominum,
1375 3571 1652 3625 nunquam
1677 3567 1836 3612 erunt
1866 3573 1961 3612 ac-

381 3648 681 3719 ceptabiles
706 3663 892 3705 coram
923 3649 1054 3703 Deo.
1081 3648 1236 3715 Quod
1262 3656 1442 3702 autem
1466 3648 1512 3702 si
1540 3648 1618 3703 sol
1652 3664 1756 3703 non
1782 3649 1962 3703 radia-

381 3742 524 3797 verit
552 3757 717 3812 super
744 3742 955 3798 fruetus
984 3749 1171 3808 terrae,
1191 3757 1299 3797 non
1335 3743 1604 3808 oriuntur,
1640 3757 1817 3812 neque
1847 3758 1962 3797 ma-

383 3843 662 3890 turescere
693 3835 1137 3904 comprobantur,
1169 3831 1520 3886 manifestum
1552 3842 1634 3885 est
1660 3834 1801 3902 apud
1823 3831 1957 3886 Noe.

380 3924 519 3980 Nam
548 3941 643 3997 per
665 3941 868 3981 annum
901 3926 1051 3979 illum
1081 3940 1191 3994 quo
1226 3924 1338 3979 Noe
1369 3923 1471 3977 fuit
1493 3925 1546 3978 in
1572 3939 1723 3989 arca,
1749 3924 1829 3980 sol
1851 3940 1958 3979 non

381 4018 585 4074 eﬂ‘ulsit
616 4033 781 4088 super
817 4028 1040 4082 terram,
1074 4017 1270 4087 partim
1306 4030 1438 4071 sane
1479 4018 1547 4072 ab
1582 4018 1726 4072 aeris
1770 4018 1961 4072 turba-

383 4113 533 4166 tione
578 4113 865 4173 coercitus,
918 4110 1118 4179 partim
1173 4117 1360 4163 autem
1414 4109 1544 4177 quia
1593 4110 1662 4165 ab
1694 4124 1961 4179 aquarum

384 4203 732 4259 multitudine
750 4211 871 4258 erat
896 4212 1041 4257 terra
1066 4212 1345 4270 cooperta.
1368 4201 1581 4257 Idcirco
1606 4201 1818 4256 fructus
1852 4210 1963 4257 ter-

384 4311 460 4350 rae
482 4309 627 4350 anno
649 4294 741 4351 illo
761 4309 936 4364 neque
952 4295 1421 4364 germinaverunt,
1449 4309 1624 4365 neque
1648 4305 1958 4359 creverunt,

385 4403 562 4458 neque
587 4397 960 4444 maturescere
980 4388 1317 4458 comprobati
1345 4396 1492 4449 sunt,
1514 4388 1657 4443 sicut
1680 4388 1733 4441 in
1763 4385 1961 4443 Genesi

2059 1903 2181 1962 post
2205 1890 2307 1948 Job
2352 1892 2548 1949 fecisse
2596 1894 2882 1959 asseritur,
2914 1892 3272 1962 acceptabilia
3316 1891 3453 1947 facta
3489 1907 3637 1956 sum,

2058 1985 2184 2052 quia
2216 1984 2480 2040 abstinuit
2503 1999 2562 2040 se
2592 1986 2661 2040 ab
2691 1985 2841 2040 omni
2871 2000 2929 2039 re
2966 1985 3128 2052 mala,
3158 1994 3216 2039 ut
3237 1984 3347 2039 Deo
3387 1993 3637 2053 accepta-

2058 2077 2182 2131 bilis
2214 2076 2368 2131 ﬁeret
2400 2076 2650 2147 religiosa
2680 2076 2798 2146 ejus
2826 2077 3060 2143 cultura,
3092 2086 3151 2131 ut
3174 2077 3306 2130 nihil
3328 2084 3469 2131 esset
3493 2075 3638 2145 quod

2058 2170 2108 2224 ei
2139 2178 2543 2240 perstreperet,
2579 2170 2664 2225 vel
2700 2172 3025 2240 praepediret
3069 2169 3216 2224 circa
3260 2168 3355 2223 Dei
3410 2166 3641 2235 conjuu~

2059 2264 2301 2318 ctionem
2331 2274 2491 2332 atque
2520 2262 2968 2327 familiaritatem,
2995 2271 3181 2330 utpote
3212 2262 3260 2315 ei
3293 2260 3641 2329 quieratsine

2059 2354 2300 2421 querela,
2336 2356 2511 2425 justus
2564 2370 2780 2424 quoque
2815 2369 2877 2409 ac
2926 2368 3086 2408 verax
3123 2354 3213 2407 Dei
3259 2354 3436 2407 cultor
3474 2360 3641 2420 atque

2060 2447 2336 2501 abstinens
2362 2460 2423 2500 se
2460 2444 2527 2500 ab
2555 2446 2703 2501 omni
2749 2461 2807 2500 re
2838 2446 2999 2499 mala.
3048 2445 3247 2513 Dignos
3272 2444 3434 2499 etiam
3468 2442 3640 2496 faciat

2061 2555 2163 2594 nos
2207 2537 2372 2604 Deus,
2414 2546 2473 2592 ut
2519 2539 2693 2608 ipsum
2728 2537 3007 2592 imitantes
3032 2538 3085 2591 in
3140 2537 3253 2605 ejus
3291 2534 3641 2589 beatitudinis

2064 2632 2307 2701 vestigiis
2329 2631 2596 2699 requiem,
2616 2645 2680 2685 ac
2706 2628 3046 2699 refrigerium
3072 2627 3405 2692 accipiamus
3427 2626 3642 2680 interna

2061 2738 2196 2792 pore
2226 2722 2669 2781 resurrectionis.

2134 2816 2333 2871 Habuit
2364 2827 2547 2872 autem
2588 2815 2728 2870 ﬁlios
2755 2824 2963 2883 septem
2996 2820 3049 2867 et
3081 2812 3220 2867 ﬁlias
3251 2820 3380 2875 tres,
3404 2809 3498 2864 sed
3532 2823 3639 2863 non

2062 2926 2128 2966 ex
2177 2912 2468 2977 adulterio,
2501 2926 2679 2980 neque
2736 2923 2800 2962 ex
2855 2906 3210 2975 impudicitia,
3240 2906 3333 2959 sed
3382 2918 3448 2957 ex
3492 2902 3642 2956 licito

2063 3017 2226 3076 atque
2270 3004 2616 3059 immaculato
2688 3002 3033 3061 matrimonio
3129 2998 3347 3054 Sciebat
3406 3013 3642 3065 namque

2064 3100 2252 3154 beatus
2286 3097 2387 3154 Joh
2417 3098 2545 3166 quia
2571 3111 2635 3152 ex
2675 3096 2867 3149 illicito
2914 3104 3037 3147 toro
3080 3093 3176 3146 ﬁlii
3208 3094 3317 3162 qui"
3344 3100 3643 3145 nascuntur.

2065 3202 2230 3246 testes
2257 3199 2419 3245 erunt
2446 3188 2753 3257 iniquitatis
2783 3186 3042 3240 adversus
3073 3193 3327 3253 parentes
3358 3199 3485 3237 suos
3516 3198 3640 3236 cum

2064 3281 2485 3350 interrogantur.
2513 3276 2723 3332 idcirco
2752 3277 3022 3329 veraciter
3048 3275 3223 3328 dicit:
3256 3272 3321 3326 Et
3348 3274 3394 3327 si
3431 3281 3649 3327 secutas

2061 3381 2137 3426 est
2166 3372 2350 3426 oculus
2382 3387 2526 3425 meus
2551 3385 2771 3424 uxorem
2822 3368 2921 3422 viri
2961 3367 3209 3431 alterius,
3252 3376 3414 3434 atque
3457 3366 3541 3419 his
3569 3364 3647 3419 si-

2064 3465 2230 3520 milia.
2255 3464 2390 3519 Cum
2409 3478 2538 3534 ergo
2562 3460 2743 3518 omnia
2763 3462 2999 3515 obscena
3021 3471 3077 3515 et
3098 3457 3457 3515 exsecrabilia
3481 3466 3644 3524 atque

2063 3559 2251 3614 illicita
2282 3558 2601 3623 declinaret,
2634 3562 2842 3624 septem
2868 3544 3059 3609 habuit
3079 3554 3240 3618 ﬁlios,
3269 3560 3322 3607 et
3346 3551 3487 3605 ﬁlias
3509 3560 3643 3613 tres,

2061 3660 2251 3706 sancte
2300 3661 2353 3705 et
2384 3652 2578 3721 pudice
2614 3649 2912 3706 secundum
2944 3646 3179 3702 ollicium
3229 3654 3458 3708 naturae,
3492 3650 3656 3697 caste-

2062 3760 2129 3799 ac
2158 3744 2429 3799 veraciter
2457 3744 2612 3814 juxta
2629 3743 2908 3799 Creatoris
2933 3740 3371 3811 promissionem.
3401 3737 3643 3792 Fuerunt

2062 3846 2242 3891 autem
2274 3836 2349 3891 illi
2374 3836 2470 3890 ﬁlii
2509 3844 2816 3905 septem,et
2846 3834 2970 3889 ﬁliae
2999 3843 3113 3888 tres
3143 3832 3359 3886 fuerunt
3382 3827 3479 3881 iili.
3507 3825 3645 3881 Cui?

2062 3926 2349 4005 Jobjusto,
2374 3928 2491 3981 sine
2513 3928 2758 3997 querela,
2798 3941 2929 3981 vero
2956 3925 3053 3979 Dei
3088 3923 3310 3979 cultori.
3342 3919 3481 3975 Huic
3512 3932 3643 3986 ergo

2064 4020 2282 4075 fuerunt
2307 4018 2402 4073 ﬁlii
2438 4029 2645 4088 septem
2675 4029 2729 4075 et
2749 4018 2872 4074 ﬁliae
2903 4028 3033 4073 tres.
3061 4018 3169 4074 Deo
3197 4014 3483 4084 largiente,
3516 4026 3645 4080 pro-

2062 4112 2283 4165 vidente
2308 4109 2594 4173 Creatore,
2629 4109 2847 4165 volente
2880 4109 3124 4165 omnium
3158 4108 3377 4178 Opiﬁce,
3424 4105 3645 4158 fuerunt

2064 4202 2140 4255 illi
2165 4200 2255 4255 ﬁlii
2277 4210 2485 4269 septem
2508 4211 2564 4256 et
2600 4199 2724 4254 ﬁliae
2752 4200 3118 4268 trcs.Septem
3147 4198 3240 4252 ﬁlii
3259 4198 3412 4268 juxta
3442 4194 3644 4249 hebdo-

2064 4291 2277 4345 madam
2295 4291 2504 4347 dierum
2528 4291 2735 4356 saeculi,
2757 4299 2850 4343 aut
2866 4288 3019 4356 juxta
3042 4287 3437 4341 hebdomadam
3455 4299 3663 4339 eorum,

2062 4384 2154 4453 qui
2179 4382 2249 4438 ab
2272 4383 2533 4453 apostolis
2550 4387 2600 4437 in
2620 4397 2769 4437 nova:
2788 4381 2977 4451 gratiae
3002 4377 3198 4434 saeculo
3227 4386 3355 4433 sunt
3382 4375 3659 4439 ordinati,

385 4482 694 4546 scribentes
733 4483 1090 4537 asscruimus.
1116 4480 1244 4537 [hcc
1272 4494 1508 4549 namque
1536 4480 1787 4535 universa
1814 4480 1960 4534 dixi-
1992 4484 2038 4539 D
2068 4483 2160 4529 aut
2180 4473 2335 4543 juxta
2368 4485 2575 4545 septem
2617 4474 2801 4529 stellas
2838 4486 2958 4543 quae
2994 4469 3235 4539 quotidie
3263 4474 3644 4539 pertranseunt

384 4587 527 4637 mus,
555 4573 682 4642 quia
706 4575 924 4629 beatus
970 4572 1073 4629 Job
1109 4588 1233 4629 cum
1273 4573 1542 4644 justitiam
1575 4583 1632 4629 et
1671 4574 1959 4628 veritatem

382 4664 634 4731 haberet,
667 4665 832 4719 etiam
864 4666 957 4725 Dei
990 4665 1278 4733 culturam,
1307 4666 1408 4721 hoc
1428 4674 1515 4720 est
1543 4664 1703 4720 ﬁdem
1734 4664 1845 4719 Deo
1866 4664 1963 4719 de-

382 4753 709 4820 lectabilem,
752 4754 1045 4823 pretiosam
1086 4769 1300 4825 quoque
1351 4756 1400 4810 ei
1458 4765 1624 4824 atque
1652 4752 1963 4822 acceptabi-

384 4845 489 4909 lem
530 4846 791 4900 habebat.
827 4846 982 4900 Sicut
1025 4847 1171 4903 enim
1214 4846 1354 4901 nihil
1385 4854 1470 4902 est
1502 4844 1827 4901 delectabile
1858 4845 1961 4900 ho-.

383 4936 624 4999 minibus
642 4937 761 4992 sine
784 4937 922 5001 luce,
948 4937 1029 4992 sic
1061 4937 1316 4992 similiter
1342 4938 1477 4992 nihil
1504 4946 1587 4993 est
1612 4935 1956 5003 delectabile,

382 5045 563 5099 neque
605 5038 888 5099 acceptum
930 5029 1060 5097 Deo,
1086 5030 1292 5099 absque
1320 5030 1444 5084 ﬁdei
1472 5030 1697 5086 lumine.
1741 5029 1823 5085 Ob
1855 5030 1961 5085 hoc

381 5132 514 5187 ergo
556 5119 687 5173 dicit
724 5119 793 5175 de
841 5115 967 5183 Job,
1016 5118 1112 5174 Dei
1162 5120 1361 5185 cultor,
1388 5120 1534 5189 juste
1585 5134 1652 5174 ac
1692 5120 1961 5174 veraciter

381 5210 569 5265 colens
591 5210 781 5289 Deum.
815 5210 933 5269 Non
965 5222 1186 5283 propter
1226 5211 1449 5269 divitias
1484 5222 1647 5283 atque
1676 5213 1958 5282 pecunias,

381 5302 527 5356 sicut
553 5302 804 5365 diabolus
832 5306 1169 5359 mendaciter
1195 5304 1392 5359 detulit
1414 5303 1564 5360 illum
1590 5306 1731 5374 apud
1761 5305 1955 5372 Deum,

381 5392 480 5448 sed
509 5402 734 5463 propter
753 5394 1021 5462 justitiam
1046 5410 1111 5449 ac
1139 5395 1424 5450 veritatem
1450 5396 1617 5451 coluit
1645 5396 1835 5451 Deum.
1863 5396 1958 5451 Ni-

383 5482 458 5537 hil
490 5485 595 5539 hoc
622 5484 822 5555 justius
861 5500 927 5541 ac
977 5486 1250 5553 veracius,
1280 5500 1443 5555 quam
1478 5486 1795 5543 utCreator
1835 5489 1957 5543 uni-

381 5588 665 5632 versorum
712 5592 777 5640 ac
803 5577 1119 5634 benefactor
1156 5579 1402 5634 omnium
1432 5579 1702 5636 veraciter
1746 5580 1957 5643 colatur

457 5734 503 5764 “
527 5734 685 5792 Rom.
714 5737 937 5805 x1v,25.
1020 5738 1061 5769 ³⁷
1093 5735 1237 5796 Psal.
1273 5753 1465 5805 vatu,
1499 5738 1587 5794 55.

2062 4568 2237 4636 spatia
2252 4566 2647 4625 cteli.Fuerunl
2666 4568 2715 4621 ei
2731 4574 2934 4636 septem
2948 4565 3043 4618 ﬁlii
3072 4572 3127 4617 et
3155 4563 3274 4616 lilia:
3304 4571 3433 4625 tres,
3453 4573 3645 4614 omnes

2064 4658 2224 4715 simul
2245 4659 2455 4725 decem,
2477 4674 2556 4715 ser
2571 4659 2769 4715 undum
2798 4662 2981 4713 decem
3002 4655 3166 4709 verba
3193 4653 3349 4722 legis,
3371 4665 3491 4720 quae
3520 4658 3663 4719 post.

2064 4749 2167 4803 hoc
2183 4748 2307 4803 filiis
2323 4748 2488 4805 Israel
2507 4757 2634 4804 sunt
2648 4748 2863 4803 tradita.
2880 4747 3022 4818 Ergo
3040 4745 3164 4815 quia
3176 4759 3238 4798 ea
3253 4758 3372 4813 qua:
3386 4742 3437 4796 in
3457 4741 3643 4796 decem

2063 4839 2244 4895 verbis
2281 4839 2412 4911 legis
2432 4852 2559 4896 sunt
2579 4850 2864 4911 pracepta,
2896 4838 3075 4894 omnia
3096 4834 3408 4903 adimplevit
3428 4831 3549 4896 Job,
3587 4840 3643 4885 et

2062 4940 2190 4986 ante
2212 4931 2410 5001 legem,
2433 4942 2488 4986 et
2510 4941 2665 4986 extra
2682 4933 2877 5000 legem,
2902 4929 3182 4985 idcircoeet
3211 4925 3311 4996 ipsi
3340 4926 3556 4994 quidem
3587 4922 3669 4975 in.

2065 5021 2297 5077 formam
2315 5032 2480 5092 atque
2498 5023 2839 5088 memoriam,
2870 5022 2977 5077 illis
3008 5019 3252 5087 veroqui
3282 5027 3401 5086 post
3419 5017 3519 5069 hoc
3538 5015 3640 5069 sub
3666 5062 3669 5067 .

2066 5115 2185 5187 lege
2220 5115 2392 5184 legem
2422 5131 2528 5172 non
2556 5117 3006 5186 adimpleverunt,
3025 5112 3092 5167 ad
3118 5110 3534 5179 correptionem,
3571 5106 3641 5162 ad
3668 5154 3673 5161 .

2068 5210 2588 5275 condemnationem,
2607 5210 2794 5264 decem
2813 5209 2963 5264 liberi
2982 5209 3092 5263 dati
3114 5216 3239 5263 sunt
3252 5206 3324 5270 ei,
3343 5211 3530 5270 utpote
3545 5200 3641 5269 qui

2064 5304 2290 5374 singulis
2322 5318 2530 5358 .eorum
2583 5301 2919 5373 singulorum
2974 5315 3183 5356 memor
3248 5304 3639 5367 prmceptorum

2064 5397 2246 5453 omnia
2263 5396 2657 5466 adimpleverit.
2688 5394 2796 5450 Sed
2815 5393 2946 5447 dicit
2960 5392 3155 5461 aliquis
3177 5408 3191 5446 :
3212 5390 3381 5445 Porro
3404 5403 3503 5441 cur
3528 5400 3636 5439 non

2064 5488 2277 5543 deditei
2309 5486 2575 5543 masculos
2596 5495 2822 5549 tantum,
2846 5485 2940 5539 sed
2964 5483 3157 5553 partim
3179 5481 3395 5552 quidem
3421 5491 3635 5539 mascu-

2065 5580 2163 5650 los,
2185 5579 2383 5652 partim
2405 5588 2586 5638 autem
2606 5578 2869 5637 feminas?
2888 5577 3053 5634 Audi.
3084 5572 3165 5631 0b
3188 5574 3292 5631 hoc
3321 5570 3469 5627 dedit
3510 5581 3679 5636 ονε-ν.
