4174 6386
543 289 651 347 385

1636 298 2019 356 ANONYMUS
2055 300 2120 355 IN
2158 299 2296 355 JOB.
2339 331 2405 341 ——
2446 302 2571 362 LIB.
2614 303 2652 357 I.

3692 308 3794 366 38‘

543 409 748 463 miscue
801 417 856 464 et
906 410 1045 466 ﬁlios
1076 420 1132 468 et
1174 413 1313 468 ﬁlias
1352 416 1479 485 quia
1518 432 1547 470 a
1606 418 1802 472 saeculo
1839 420 1912 473 ita
1969 422 2115 474 dedit
2144 425 2187 480 A
2224 421 2459 477 Fuerunt
2492 467 2507 491 ,
2563 422 2771 491 inquit,
2828 422 2910 475 illi
2964 423 3065 491 ﬁlii
3112 434 3302 491 septem
3335 425 3402 480 ".
3438 425 3656 481 Certum
3710 436 3792 481 est

542 499 812 553 omnibus.
846 498 1059 566 Genuit,
1097 502 1293 572 inquit,
1322 504 1464 571 ﬁlios
1501 516 1547 560 et
1577 507 1719 573 filias
1747 506 1811 561 ".
1842 509 1907 562 Et
1940 510 2117 562 adlmc

543 589 613 640 ob
640 589 740 646 hoc
774 592 1079 657 promiscue
1123 604 1177 647 et
1227 595 1369 649 ﬁlios
1402 605 1457 650 et
1495 596 1634 651 ﬁlias
1687 598 1854 663 dedit,
1884 600 2007 667 quia
2042 600 2115 652 ita

542 680 858 738 desiderant
895 686 1138 738 omnium
1190 698 1421 750 mentes,
1444 689 1571 755 quia
1619 690 1721 744 hoc
1759 691 1987 759 requirit
2019 692 2112 747 ho-

544 770 710 824 minis
744 771 1097 842 desiderium,
1134 787 1189 829 ut
1229 780 1537 846 promiscue
1583 791 1839 852 utrosque
1888 792 1940 838 et
1972 785 2115 840 ﬁlios

538 871 590 913 et
624 861 759 916 ﬁlias
792 864 1049 919 habeant.
1080 869 1157 921 Ad
1204 869 1646 929 satisfaciendum
1697 891 1829 945 ergo
1864 878 2116 934 humanis

537 953 815 1019 sensibus,
847 960 1157 1025 promiscue
1187 962 1335 1016 dedit
1370 964 1476 1017 illis
1498 976 1552 1020 et
1584 968 1673 1021 dat
1705 969 1845 1023 filios
1872 979 1926 1025 et
1953 972 2111 1025 ﬁlias.

538 1040 607 1095 Et
643 1044 820 1099 adhuc
843 1048 912 1101 ob
941 1051 1044 1104 hoc
1072 1051 1164 1104 dat
1191 1055 1521 1121 promiscue,
1542 1068 1600 1113 ut
1626 1064 1919 1116 concordia
1952 1074 2114 1132 atque

536 1133 849 1201 conjunctio
879 1139 1162 1195 hominum
1186 1144 1577 1215 multiplicetur
1591 1166 1687 1219 per
1713 1155 2112 1211 connubiorum

539 1226 931 1295 capulationes.
966 1231 1065 1288 Ubi
1094 1236 1237 1289 enim
1274 1238 1525 1295 dederint
1568 1241 1705 1298 ﬁlias
1737 1260 1864 1300 suas
1900 1247 1950 1301 in
1982 1264 2115 1303 con-

533 1316 768 1386 jugium,
813 1332 867 1376 et
894 1326 1203 1394 acceperint
1236 1328 1364 1385 ﬁliis
1396 1333 1509 1388 suis
1539 1349 1757 1403 uxores,
1800 1338 1908 1394 illic
1946 1356 2111 1411 copu-

538 1407 670 1465 latio
700 1411 760 1466 ﬁt
793 1415 1069 1476 connubii.
1101 1421 1299 1475 crescit
1327 1424 1660 1493 conjunctio,
1685 1430 1798 1483 sive
1819 1433 1957 1500 apud
1983 1407 2112 1502 pau-

538 1515 720 1568 peres,
756 1504 873 1559 sive
917 1508 1057 1575 apud
1108 1510 1325 1567 divites.
1355 1513 1507 1581 Quod
1552 1518 1598 1571 si
1644 1533 1780 1575 sane
1824 1523 1984 1577 alicui
2016 1526 2111 1581 ﬁlii

538 1601 743 1647 tantum
775 1610 1153 1667 nascerentur,
1186 1602 1276 1657 alii
1308 1616 1488 1660 autem
1515 1610 1659 1671 lilize,
1698 1628 1819 1667 cum
1862 1629 1954 1670 eas
1980 1620 2112 1674 viris

531 1696 720 1779 omnes
758 1688 1020 1755 traderet,
1060 1692 1277 1747 domum
1306 1710 1530 1752 vacuam
1580 1702 1909 1773 relinqueret
1947 1719 2111 1779 atque

500 1767 505 1775 ’
530 1772 904 1831 bmrcditatem
941 1794 1092 1834 suam
1121 1784 1439 1840 desolatam.
1466 1786 1616 1844 Nunc
1643 1767 1773 1847 vero
1811 1793 1949 1849 ﬁlias
1975 1767 2104 1853 suas
2140 1769 2184 1825 Β

526 1883 660 1923 sane
694 1868 788 1925 dat
816 1872 982 1937 foras,
1019 1874 1145 1929 ﬁliis
1180 1888 1360 1933 autem
1395 1883 1541 1936 intus
1576 1886 1772 1953 accipit
1802 1903 2019 1954 uxores,
2039 1906 2104 1945 ac

529 1980 625 2031 per
646 1965 746 2019 hoc
774 1976 828 2021 et
859 1970 1203 2025 extrinsecus
1232 1973 1395 2028 habet
1419 1978 1798 2045 cognationem
1828 1991 1882 2035 et
1907 1981 2102 2036 intrin-

526 2068 686 2109 secus
726 2058 1116 2117 baereditatem.
1156 2062 1280 2117 llazc
1335 2066 1586 2121 videlicet
1625 2070 1878 2125 universa
1918 2073 2100 2130 divina

524 2147 831 2203 efficiuntur
885 2155 1223 2221 providentia
1278 2167 1444 2227 atque
1503 2162 1841 2229 operatione,
1892 2166 2100 2223 utiliter

524 2250 693 2311 atque
732 2246 1039 2301 necessarie
1071 2248 1381 2305 hominibus
1414 2252 1488 2306 ita
1526 2251 1594 2307 ab
1634 2253 1791 2310 initio
1820 2258 2095 2315 ordinata.

524 2332 613 2387 Sic
647 2350 881 2405 namque
903 2348 956 2393 et
990 2338 1091 2396 Job
1128 2342 1346 2397 fuerunt
1374 2355 1577 2413 septem
1606 2347 1697 2401 ﬁlii
1728 2358 1781 2403 et
1809 2349 1930 2405 ﬁliae
1961 2361 2094 2418 tres,

520 2433 577 2477 ut
600 2442 721 2478 cum
761 2427 903 2496 ipsas
925 2445 1057 2485 sane
1094 2433 1229 2487 ﬁlias
1281 2433 1424 2490 foras
1460 2439 1697 2494 traderet
1735 2440 1885 2505 viris,
1926 2443 2094 2497 habe-

519 2526 603 2569 ret
638 2518 978 2575 extriusecus
1031 2521 1172 2579 ﬁlios
1202 2526 1490 2595 adoptivos
1519 2549 1531 2584 :
1562 2538 1615 2585 et
1658 2546 1779 2585 cum
1829 2533 1952 2587 ﬁliis
1981 2536 2095 2589 suis

516 2608 581 2661 de
610 2607 741 2663 foris
772 2612 1045 2680 acciperet
1076 2630 1294 2681 uxores,
1351 2619 1575 2676 haberet
1599 2624 1763 2677 etiam
1792 2625 1842 2677 in
1884 2626 1966 2680 his
1992 2641 2093 2680 ex~

519 2699 786 2755 trinsecus
845 2704 1125 2773 ad0ptivas
1176 2708 1335 2763 ﬁlias.
1368 2710 1524 2781 Saepe
1569 2714 1713 2768 enim
1766 2718 1975 2785 generi,
2009 2719 2093 2773 vel

515 2805 686 2847 nurus
738 2794 863 2850 ﬁliis
910 2796 1237 2855 sinceriores
1282 2802 1636 2871 reperiuntur
1664 2807 1807 2862 circa
1845 2824 2088 2877 soceros,

513 2882 597 2936 vel
629 2899 822 2940 socrus
849 2903 1001 2951 suas,
1028 2890 1132 2945 illae.
1166 2908 1286 2961 qua:
1316 2894 1407 2947 Dei
1446 2896 1697 2951 timorem
1738 2914 1802 2953 ac
1830 2901 2086 2969 pietatem

511 2972 824 3032 habuerunt
846 2981 1133 3037 animabus
1156 2986 1289 3039 suis.
1314 2986 1462 3041 Talis
1480 2988 1581 3042 fuit
1604 2989 1695 3043 illa
1726 2992 1886 3046 beata
1919 2992 2083 3059 Ruth,

510 3082 632 3135 quae
665 3070 737 3122 ita
774 3071 964 3127 detulit
1010 3078 1189 3130 socrui
1229 3094 1339 3132 sum
1366 3091 1658 3149 veteranae,
1690 3094 1748 3139 ut
1801 3100 1971 3154 usque
2017 3089 2086 3142 ad

509 3171 740 3215 mortem
771 3179 875 3217 non
931 3179 1077 3222 esset
1113 3184 1267 3238 passa
1312 3185 1434 3224 eam
1494 3175 1827 3244 relinquere.
1880 3176 2086 3233 Idcirco

507 3266 641 3306 sane
670 3254 723 3307 in
772 3254 1051 3325 Scriptura
1108 3262 1161 3314 in
1212 3274 1471 3333 perpetuo
1506 3270 1903 3335 magnilicatur,
1944 3274 2087 3343 apud

508 3342 677 3397 Deum
710 3361 837 3402 vero
870 3348 923 3402 in
957 3350 1167 3405 inﬁnita
1199 3356 1398 3409 saecula
1430 3359 1795 3425 beatiﬁcatur,
1820 3342 2087 3431 iudicabit

507 3434 860 3494 nihilominus
901 3452 1066 3511 atque
1121 3447 1508 3503 condemnabit
1568 3450 1622 3504 in
1687 3456 2087 3512 resurrectione

503 3542 697 3585 omnes
749 3532 1015 3603 malignas
1044 3544 1099 3589 et
1143 3537 1335 3605 impias
1390 3556 1579 3608 nurus,
1616 3560 1736 3611 qua:
1768 3548 1972 3602 soceris
2000 3549 2086 3603 vel

504 3622 756 3681 secribus
782 3625 895 3680 suis
928 3629 1313 3683 contumeliam
1343 3633 1425 3687 vel
1451 3633 1703 3700 injuriam
1737 3638 2082 3708 ingesserint,

503 3724 610 3769 non
644 3715 1057 3773 reminiscentes
1088 3724 1230 3789 quod
1266 3723 1365 3791 ipsi
1396 3725 1476 3779 eis
1502 3726 1647 3782 viros
1680 3733 1968 3797 genuerint
1998 3720 2083 3787 at;

502 3817 608 3870 que
646 3808 962 3874 nutrierint,
996 3820 1051 3865 et
1091 3828 1186 3881 pro
1216 3817 1519 3871 substantia
1570 3829 1624 3874 et
1665 3836 1764 3888 pro
1796 3824 1937 3879 victu
1978 3827 2085 3882 illis

501 3894 746 3952 laborem
783 3903 1160 3972 acquisierint.
1192 3906 1247 3962 Si
1296 3907 1460 3978 igitur
1494 3910 1668 3982 diligis
1694 3914 1869 3969 virum
1908 3927 2080 3984 tuum,

501 4001 535 4042 o
565 3989 784 4054 mulier,
810 3992 971 4064 dilige
992 4005 1047 4050 et
1079 4012 1174 4052 eos
1198 4000 1289 4068 qui
1315 4013 1617 4068 genuerunt
1642 4018 1766 4059 eum
1784 4016 1838 4059 et
1869 4009 2082 4062 nutrie-

498 4092 627 4135 runt
657 4084 763 4139 sibi
807 4086 999 4153 ﬁlium,
1031 4091 1125 4145 tibi
1179 4104 1304 4147 vero
1349 4095 1627 4149 maritum.
1662 4097 1779 4153 Noli
1825 4116 2084 4170 separare

498 4176 669 4232 ﬁlium
702 4194 730 4231 a
765 4187 920 4248 patre
952 4183 1032 4237 vel
1065 4195 1259 4239 matre.
1292 4185 1410 4240 Noli
1442 4190 1768 4258 compellere
1796 4193 1964 4249 ﬁlium
1987 4212 2082 4264 pa-

494 4277 633 4325 trem
670 4280 761 4324 aut
798 4281 1025 4328 matrem
1063 4277 1411 4342 inhonorare,
1451 4294 1517 4334 ne
1571 4282 1624 4335 in
1672 4286 2082 4344 condemnatio-

496 4376 619 4415 nem
652 4361 861 4419 incidas
895 4367 1039 4434 apud
1072 4367 1363 4424 Dominum
1401 4372 1566 4427 Deum
1600 4375 1653 4429 in
1690 4377 1778 4432 die
1816 4379 2079 4437 terribilis

2221 518 2361 585 quod
2402 516 2647 585 religioso
2676 515 2933 583 religiosi,
2960 524 3014 569 et
3049 526 3238 570 sancto
3280 519 3492 583 sancti,
3532 529 3585 570 et
3647 519 3799 572 bono

2217 619 2341 662 sunt
2362 609 2509 672 boni,
2540 609 2678 661 sicut
2705 618 2759 662 et
2797 609 2847 660 in
2874 608 3037 676 priori
3064 608 3474 663 demonstravit.
3504 608 3636 664 Nam
3663 628 3787 665 cum

2218 710 2405 754 sancta
2446 711 2592 755 esset
2621 700 2770 753 radix
2793 740 2808 762 ,
2836 702 3006 753 sancti
3033 711 3324 754 creverunt
3350 710 3404 755 et
3427 703 3586 761 rami.
3617 712 3780 769 atque

2218 792 2372 846 bona:
2395 801 2599 846 exorta:
2629 799 2755 845 sunt
2780 792 3127 860 propagines.
3155 793 3288 847 Cum
3324 796 3639 846 memoratis
3670 796 3787 848 istis

2216 893 2421 955 septem
2451 884 2576 938 ﬁliis
2594 883 2694 938 Job
2743 883 2965 937 fuerunt
2986 892 3039 937 et
3063 894 3173 939 tres
3194 884 3336 939 ﬁlias.
3362 883 3529 939 Erant
3556 902 3790 956 namque

2215 987 2269 1030 et
2303 978 2430 1043 ipsa:
2471 976 2593 1029 lilia:
2622 976 2751 1044 ipsis
2796 975 2922 1028 ﬁliis
2961 975 3237 1038 similiter,
3282 986 3469 1045 utpote
3510 976 3635 1031 ﬁliae
3662 977 3788 1041 Job,

2216 1078 2378 1137 atque
2402 1068 2519 1137 ejus
2558 1067 2789 1120 ﬁliorum
2815 1082 3038 1121 Suorum
3072 1081 3201 1121 vero
3232 1083 3614 1137 germanorum
3643 1081 3789 1127 certe

2213 1173 2429 1214 sorores
2463 1159 2515 1210 in
2544 1158 2689 1211 omni
2720 1156 2858 1211 bona
2896 1159 3269 1227 religiositate.
3317 1158 3429 1214 Nisi
3466 1162 3611 1215 enim
3660 1163 3789 1231 ipsa:

2213 1265 2399 1305 eorum
2428 1264 2649 1303 sorores
2675 1249 2809 1303 tales
2839 1250 3199 1311 exstitissent,
3236 1266 3339 1305 non
3370 1253 3555 1320 utique
3583 1254 3789 1321 pariter

2212 1357 2335 1397 cum
2362 1343 2639 1407 germanis
2666 1342 2781 1396 suis
2809 1356 3024 1410 semper
3054 1340 3287 1397 fuissent
3308 1384 3321 1405 ,
3354 1344 3499 1398 sicut
3528 1346 3582 1398 in
3617 1346 3786 1413 priori

2214 1434 2329 1488 haec
2360 1432 2644 1500 Scriptura
2676 1433 3092 1487 demonstravit.
3126 1432 3230 1488 Sed
3252 1435 3429 1489 adhuc
3459 1435 3676 1489 fuerunt
3710 1436 3789 1491 illi

2212 1533 2420 1591 septem
2455 1522 2549 1575 ﬁlii
2592 1531 2645 1576 et
2680 1532 2793 1576 tres
2827 1523 2950 1576 tiliae
2974 1562 2989 1587 ,
3050 1539 3278 1577 numero
3328 1527 3547 1589 decem,
3602 1526 3788 1581 animo

2212 1627 2342 1668 vero
2370 1628 2510 1667 unus
2535 1622 2712 1669 erant.
2748 1611 2988 1667 Numero
3022 1613 3239 1681 plurimi
3282 1626 3472 1681 erant;
3518 1632 3786 1672 consensu

2212 1714 2395 1757 autem
2452 1713 2614 1773 atque
2662 1706 2957 1760 concordia
2990 1707 3144 1775 quasi
3194 1722 3376 1772 unus;
3428 1709 3786 1763 unanimitate

2212 1806 2378 1866 atque
2410 1796 2701 1852 dilectione
2725 1797 2878 1865 quasi
2912 1800 3072 1853 idem.
3125 1796 3246 1851 Non
3282 1800 3573 1867 separabat
3604 1810 3785 1855 autem

2210 1904 2305 1943 eos
2333 1889 2505 1954 zelus,
2536 1905 2641 1944 non
2670 1891 2997 1945 dissociabat
3026 1906 3122 1945 eos
3149 1892 3372 1956 invidia,
3405 1893 3546 1946 sicut
3574 1893 3784 1961 pridem

2210 1980 2408 2034 fratres
2433 1978 2656 2048 Joseph.
2682 1980 2900 2047 Quare?
2944 1981 3079 2048 Quia
3120 1998 3224 2037 non
3269 1993 3456 2037 exorta
3504 1993 3586 2038 est
3620 1983 3670 2037 in
3702 1984 3784 2038 eis

2207 2071 2589 2139 praevaricatio
2610 2111 2623 2134 ,
2666 2086 2844 2140 neque
2872 2072 3277 2141 coinquinatio,
3310 2075 3450 2127 sicut
3486 2074 3539 2127 in
3569 2074 3780 2135 Ruben,

2206 2176 2384 2233 neque
2415 2164 2567 2217 furor
2594 2164 2951 2233 interﬁciens,
2974 2167 3116 2220 sicut
3145 2166 3197 2220 in
3222 2166 3442 2222 Simeon
3464 2176 3520 2222 et
3546 2168 3598 2221 in
3629 2167 3779 2231 Levi,

2205 2267 2381 2325 neque
2407 2255 2589 2308 odium
2621 2254 2877 2310 fraternae
2919 2255 3342 2319 maledictionis,
3370 2258 3513 2311 sicut
3545 2257 3597 2310 in
3623 2266 3785 2311 caue-

2204 2349 2282 2404 ris
2312 2348 2439 2403 ﬁliis
2469 2346 2639 2405 Jacob
2669 2361 2685 2400 :
2712 2349 2810 2402 sed
2839 2358 2997 2403 erant
3039 2363 3228 2404 omnes
3262 2350 3551 2403 unanimes
3584 2350 3781 2417 in~pie~

2203 2448 2337 2506 tate,
2378 2440 2590 2511 paciﬁci
2638 2441 2691 2494 in
2728 2439 2940 2508 justitia
2989 2447 3154 2509 atque
3186 2456 3241 2494 tn
3280 2441 3372 2495 Dei
3409 2441 3604 2495 timore
3643 2454 3777 2493 con-~

2200 2534 2417 2600 cordes,
2475 2544 2661 2602 utpote
2720 2530 2824 2589 Job
2878 2534 2998 2599 ﬁlii,
3068 2544 3122 2590 et
3167 2549 3277 2588 non
3318 2543 3578 2601 tanquam
3629 2531 3775 2587 Esau

2201 2637 2443 2696 nepotes.
2480 2626 2623 2681 Esau
2654 2629 2799 2681 enim
2843 2642 2965 2683 cum
2997 2642 3163 2681 unum
3199 2626 3427 2682 sufferre
3458 2642 3564 2682 non
3595 2634 3778 2695 posset

2199 2735 2517 2788 germanum
2546 2719 2768 2774 fratrem
2802 2718 2995 2785 Jacob,
3032 2718 3339 2773 interﬁcere
3360 2734 3481 2773 eum
3498 2718 3771 2788 quaesivit.

2199 2814 2418 2884 Septem
2454 2828 2584 2869 vero
2634 2814 2729 2869 ﬁlii
2768 2812 2870 2869 Job
2911 2823 2968 2868 et
3016 2824 3132 2868 tres
3183 2812 3310 2867 lilia;
3360 2822 3615 2881 tanquam
3666 2825 3773 2863 una

2196 2908 2377 2959 anima
2406 2906 2625 2959 indivisi
2651 2907 3016 2960 convixerunt
3040 2905 3093 2960 in
3128 2905 3370 2968 unitate,
3407 2914 3462 2958 et
3496 2913 3645 2956 tanta
3674 2901 3776 2955 fuit

2196 2997 2530 3050 unanimitas
2552 2995 2901 3049 laudabilium
2922 2994 3155 3049 ﬁliorum
3176 2991 3302 3059 Job,
3327 3001 3384 3045 ut
3430 3001 3487 3047 et
3509 2991 3775 3058 malignus

2197 3099 2359 3160 atque
2387 3090 2601 3145 invidus
2625 3090 2835 3144 daemon
2872 3088 3086 3143 facilius
3113 3102 3305 3141 omnes
3345 3086 3550 3155 pariter
3576 3085 3774 3139 indivi-

2195 3196 2291 3238 sos
2345 3182 2687 3245 interﬁcere,
2733 3194 2901 3249 quam
2960 3178 3205 3233 dividere
3261 3187 3425 3247 atque
3477 3176 3777 3232 dissociare

2190 3274 2482 3343 benignam
2512 3284 2677 3343 atque
2702 3288 2891 3328 veram
2917 3287 3106 3328 eorum
3132 3273 3544 3327 unanimitatem
3568 3279 3770 3341 posset.

2188 3367 2386 3422 Audite
2427 3367 2559 3431 haec,
2619 3381 2653 3421 o
2715 3366 2812 3420 ﬁlii
2855 3366 3266 3436 religiosorum,
3326 3365 3510 3418 audite
3553 3363 3689 3429 haec,
3737 3376 3772 3417 o

2188 3461 2302 3513 nati
2332 3460 2604 3526 ﬁdelium,
2639 3458 2823 3513 audite
2866 3468 2921 3513 et
2960 3457 3248 3512 imitamini
3284 3457 3498 3526 piorum
3540 3455 3771 3508 fratrum

2188 3552 2605 3607 unanimitatem
2627 3592 2642 3617 ,
2679 3552 2769 3621 qui
2820 3551 2934 3606 veri
2977 3551 3249 3604 veraciter
3282 3550 3337 3603 in
3370 3549 3480 3602 vita
3513 3563 3610 3601 sua
3636 3546 3776 3600 indi-

2186 3644 2289 3698 visi
2323 3642 2574 3711 fuerunt,
2605 3656 2661 3698 et
2695 3646 2748 3697 in
2800 3651 2975 3697 morte
3015 3658 3110 3697 sua
3150 3656 3259 3697 non
3307 3650 3435 3696 sunt
3469 3637 3772 3695 dissociati.

2187 3732 2304 3788 Non
2344 3734 2421 3787 sit
2465 3736 2610 3788 inter
2663 3748 2962 3807 germanos
3015 3734 3104 3798 lis,
3143 3734 3237 3788 sed
3272 3733 3583 3800 benignitas
3609 3739 3775 3800 atque

2187 3824 2501 3881 concordia.
2555 3822 2674 3878 Non
2714 3825 2784 3879 sit
2824 3824 2968 3879 inter
3013 3823 3214 3878 fratres
3255 3822 3566 3886 contentio,
3599 3836 3775 3891 neque

2186 3917 2504 3983 divortium,
2535 3917 2629 3971 sed
2664 3931 2768 3985 pax
2819 3927 2874 3970 et
2921 3916 3289 3980 unanimitas,
3325 3916 3420 3971 sed
3482 3915 3773 3969 sinceritas

2186 4017 2350 4075 atque
2398 4008 2627 4076 puritas.
2697 4007 2815 4060 Non
2874 4007 3220 4061 subintroeat
3270 4006 3617 4061 adversarius
3675 4020 3772 4074 per

2187 4100 2453 4154 malorum
2495 4099 2777 4154 hominum
2824 4114 2957 4163 ora,
3007 4112 3115 4155 non
3166 4099 3452 4168 perturbet
3500 4097 3771 4168 malignus

2183 4207 2283 4263 per
2308 4206 2420 4246 sua:
2462 4191 2724 4260 nequitia:
2756 4191 3038 4245 ministros
3076 4191 3178 4259 pizn
3221 4190 3601 4261 germanitatis
3638 4204 3771 4243 coa-

2181 4286 2449 4341 cordiam.
2486 4283 2639 4339 Multi
2665 4286 2887 4340 fuerunt
2914 4284 3010 4338 ﬁlii
3045 4284 3213 4347 David
3236 4284 3387 4351 olim,
3417 4300 3542 4341 cum
3575 4284 3769 4338 adver-

2184 4392 2280 4432 sus
2327 4392 2388 4431 se
2421 4377 2651 4432 invicem
2697 4378 3168 4445 insurrexissent,
3227 4386 3391 4449 atque
3438 4379 3580 4447 patri
3617 4375 3770 4445 justo

492 4453 867 4523 inquisitionis
904 4467 1067 4526 atque
1101 4459 1316 4530 judicii.
1350 4463 1598 4521 Sufﬁciat
1638 4467 1755 4537 tibi,
1791 4483 1825 4524 ο
1851 4472 2071 4538 mulier,
2106 4485 2151 4540 ι)
2182 4470 2409 4526 rebelles
2440 4471 2799 4535 exstitissent,
2832 4472 3008 4526 Amet:
3034 4480 3089 4524 et
3121 4472 3386 4537 Absalon,
3419 4482 3475 4527 et
3502 4470 3766 4536 Adonias,

491 4546 619 4616 quia
646 4548 894 4617 possides
921 4550 1097 4604 virum
1125 4569 1285 4619 quem
1321 4570 1427 4609 non
1459 4556 1698 4623 nutristi,
1732 4568 1788 4615 et
1826 4562 2080 4617 substan—

491 4636 622 4692 tiam
681 4653 843 4707 quam
897 4655 1002 4693 non
1057 4643 1359 4711 acquisisti,
1410 4647 1535 4714 quia
1576 4650 1727 4704 venis
1760 4651 1813 4704 in
1858 4652 2076 4709 domum

489 4743 652 4799 quam
690 4746 796 4785 non
825 4732 1105 4788 ardiﬁcasti
1139 4744 1195 4790 et
1222 4739 1335 4791 eris
1364 4739 1606 4806 domina,
1639 4753 1802 4809 atque
1831 4756 2075 4813 potesta-

490 4834 598 4878 tem
632 4824 800 4880 habes
846 4824 1096 4879 laborum
1140 4827 1464 4893 alienorum,
1498 4846 1595 4899 pro
1627 4836 1825 4902 quibus
1854 4846 1910 4891 tu
1953 4840 2072 4893 nul-

486 4911 702 4969 latenus
731 4915 1011 4971 laborasti.
1044 4916 1162 4971 Noli
1207 4934 1307 4989 ego
1340 4924 1643 4979 retribuere
1672 4925 1814 4980 mala
1860 4929 1946 4985 his
1975 4934 2070 5001 qui

487 5007 587 5061 tibi
621 5018 1068 5078 praeparaverunt
1098 5020 1263 5079 atque
1308 5027 1409 5066 suo
1454 5013 1643 5069 labore
1690 5018 2071 5087 acquisieruut

484 5100 693 5168 omnia,
731 5102 849 5156 sive
892 5103 1091 5169 virum,
1127 5103 1243 5158 sive
1274 5104 1671 5172 substantiam,
1708 5109 1824 5164 sive
1854 5125 2067 5166 resum-

484 5191 795 5261 ptiouem,o
825 5194 1037 5262 mulier,
1060 5212 1126 5251 ne
1148 5198 1406 5251 ascendat
1426 5213 1587 5268 super
1622 5210 1674 5255 te
1694 5201 2009 5257 maledictio
2040 5220 2069 5257 a

483 5284 712 5347 Domino
740 5288 868 5344 Deo.
907 5288 1013 5345 Sed
1050 5291 1166 5346 haec
1209 5306 1375 5362 pauca
1419 5307 1517 5358 per
1560 5294 1902 5349 occasionem
1934 5296 2070 5352 ﬁlio-

482 5391 604 5436 rum
626 5375 728 5433 Job
762 5394 791 5433 a
822 5379 982 5436 nobis
1012 5393 1141 5437 sunt
1171 5384 1311 5438 dicta
1333 5399 1429 5454 pro
1461 5386 1933 5440 commendatione
1971 5403 2069 5440 nu-

479 5484 663 5535 ruum,
715 5472 781 5525 ad
815 5478 1218 5543 correptionem
1273 5492 1406 5533 vero
1451 5489 1505 5533 et
1553 5478 2065 5537 condemnationem

480 5563 743 5624 malarum
776 5573 831 5621 et
883 5567 1172 5623 inmiarum
1216 5582 1381 5638 atque
1438 5570 1735 5629 crudelium
1790 5575 2061 5631 omnium.

553 5722 597 5754 "
629 5721 767 5785 Gen.
805 5740 858 5792 v,
888 5723 975 5779 10.
1055 5728 1098 5760 ²⁹
1124 5726 1224 5784 Job
1257 5746 1295 5794 ι,
1325 5729 1380 5793 2.

2182 4565 2273 4633 qui
2305 4564 2485 4618 adhuc
2515 4564 2637 4620 vivo
2673 4563 2929 4635 religioso
2969 4574 3144 4634 patre,
3178 4565 3343 4635 impie
3367 4574 3535 4634 atque
3568 4564 3767 4632 injuste

2180 4669 2405 4723 regnum
2460 4654 2579 4725 ejus
2621 4670 2899 4723 occupare
2948 4666 3114 4725 atque
3160 4671 3354 4726 rapere
3395 4665 3761 4717 tentaverunt.

2177 4744 2313 4801 Nam
2340 4762 2464 4802 cum
2499 4758 2686 4803 essent
2719 4749 2970 4803 scelerati
3003 4758 3168 4819 atque
3200 4749 3415 4818 lnjusti,
3446 4751 3499 4805 in
3536 4752 3764 4804 damna-

2178 4842 2380 4895 tionem
2407 4849 2572 4909 atque
2606 4841 2660 4895 in
2702 4842 2984 4896 interitum
3018 4841 3163 4911 iuste
3194 4858 3223 4897 a
3265 4843 3377 4897 Deo
3399 4853 3525 4896 sunt
3554 4842 3763 4897 traditi.

2176 4930 2282 4987 Sed
2322 4948 2429 4988 non
2467 4932 2600 4987 tales
2641 4933 2861 4990 fuerunt
2885 4934 2971 4989 vel
3004 4936 3341 4990 exstiterunt
3372 4944 3579 5005 septem
3616 4935 3762 4990 beati

2173 5020 2275 5079 Job
2299 5021 2418 5087 ﬁlii,
2461 5024 2555 5078 sed
2583 5033 2843 5094 tanquam
2884 5037 3093 5096 septem
3120 5027 3238 5081 dies
3270 5026 3512 5091 indivisi,
3555 5035 3609 5081 et
3642 5034 3765 5080 tan-

2175 5128 2335 5182 quam
2370 5114 2707 5170 hebdomada
2742 5116 3103 5172 indissociati.
3132 5114 3249 5171 Non
3285 5125 3639 5171 certaverunt
3661 5131 3763 5185 pro

2175 5204 2468 5275 elegantia,
2527 5219 2637 5259 non
2682 5205 3039 5276 litigaverunt
3098 5222 3201 5276 pro
3254 5206 3614 5272 fortitudine,
3651 5222 3760 5262 nou

2177 5299 2578 5352 contenderunt
2612 5314 2709 5370 pro
2742 5301 2983 5366 divitiis,
3021 5315 3128 5355 non
3169 5309 3298 5356 sunt
3318 5300 3630 5356 conturbati
3659 5314 3762 5367 pro

2177 5406 2362 5462 regno,
2417 5392 2511 5445 sed
2546 5406 2670 5447 cum
2712 5402 2899 5448 essent
2944 5392 3255 5457 unanimes,
3310 5402 3507 5448 cuncta
3539 5391 3761 5461 pmpria

2176 5484 2409 5538 invicem
2453 5484 2557 5539 sibi
2594 5485 2944 5541 aestimabant
2976 5485 3310 5539 communia.
3361 5484 3492 5538 Erat
3522 5497 3763 5553 namque

2175 5592 2304 5633 vere
2326 5591 2419 5634 cor
2443 5592 2633 5634 eorum
2662 5594 2716 5636 et
2735 5581 2916 5635 anima
2940 5596 3064 5635 una.
3092 5577 3382 5649 Propterea
3401 5592 3524 5635 eum
3551 5573 3758 5633 sanctis
