4174 6422
413 417 523 471 385

1517 409 1902 467 ANONYMUS
1935 408 2005 464 IN
2043 401 2183 464 10B.
2223 442 2292 451 —
2327 394 2456 467 Lm.
2500 410 2537 465 ι.

3570 418 3675 472 586

416 531 470 584 in
519 539 786 600 perpetuo
823 529 1196 596 nominantur,
1251 537 1536 600 pr0pterea
1587 545 1709 583 cum
1742 529 1908 600 justis
1942 529 1996 582 in
2023 532 2072 591 Α
2102 530 2465 596 saurizarent,
2510 541 2772 603 quantum
2825 534 2877 588 in
2925 533 3216 602 pecoribus
3258 543 3314 589 et
3345 535 3402 588 in
3435 538 3676 606 quadru-

413 633 683 678 eeternum
717 624 1105 692 requiescunt,
1129 630 1416 691 propterea
1449 635 1571 674 cum
1604 621 1812 690 angelis
1845 621 1996 675 inde-

414 716 672 770 ﬁcienter
698 715 1090 769 laudabuntur.
1125 714 1201 769 De
1239 714 1357 768 istis
1389 727 1520 784 ergo
1547 713 1678 767 dicit
1708 731 1720 766 :
1752 711 1995 766 Fuerunt

411 808 494 861 illi
544 816 738 876 septem
772 806 895 874 ﬁlii,
930 816 980 860 et
1015 805 1147 874 ﬁliae
1171 814 1297 860 tres.
1344 804 1479 861 Tres
1530 815 1786 875 tanquam
1840 805 1992 870 ﬁdes,

410 914 560 968 spes,
589 899 870 962 charitas,
900 907 1155 966 tanquam
1187 914 1385 965 corpus
1416 908 1470 954 et
1510 899 1693 952 anima
1738 906 1793 951 et
1824 897 1990 968 spiri-

412 999 522 1054 tus,
556 991 828 1053 iudivisw,
859 988 1245 1056 indissociatae,
1282 989 1654 1042 intaminataa.
1700 988 1834 1043 Nam
1865 988 1993 1058 quia

417 1082 602 1142 tidem,
635 1095 784 1148 spem
814 1089 868 1134 et
896 1081 1222 1134 charitatem
1241 1081 1386 1135 circa
1417 1080 1586 1135 Deum
1611 1092 1993 1146 servaverunt,

415 1183 702 1241 proritet-ca
716 1182 771 1226 et
789 1185 1009 1240 corpus,
1027 1182 1079 1226 et
1104 1173 1362 1237 animam,
1382 1181 1434 1225 et
1451 1173 1701 1242 spiritum
1723 1173 1992 1229 illibatum

412 1265 815 1318 custodierunt.
850 1262 980 1318 Post
1022 1277 1255 1333 quorum
1297 1265 1537 1318 omnium
1571 1265 1992 1336 disputationem

411 1369 576 1426 atque
599 1357 972 1412 ostensionem
1014 1356 1280 1426 adjiciens
1310 1358 1443 1412 dicit
1471 1377 1484 1412 :
1520 1357 1588 1412 Et
1629 1370 1779 1413 erant
1803 1376 1994 1427 pecora

407 1449 524 1518 ejus
547 1450 718 1502 ovium
741 1458 935 1516 septem
958 1450 1151 1512 millia,
1167 1453 1462 1505 secundum
1485 1467 1768 1506 numerum
1787 1461 1992 1521 septem

409 1540 678 1602 ﬁliorum;
721 1540 913 1594 cameli
941 1541 1046 1593 tria
1078 1541 1250 1594 millia
1275 1542 1342 1609 '°,
1371 1544 1672 1597 secundum
1707 1557 1992 1598 numerum

413 1633 576 1685 trium
634 1632 894 1687 ﬁliarum.
949 1631 1122 1687 Simul
1158 1649 1345 1690 omnes
1402 1635 1565 1690 liberi
1605 1637 1723 1706 ejus
1769 1637 1990 1702 decem,

409 1724 670 1778 similiter
698 1725 884 1780 omnia
914 1728 1120 1795 pariter
1156 1727 1270 1781 haec
1299 1727 1462 1781 millia
1506 1729 1718 1784 decem.
1770 1729 1992 1800 Septem

407 1818 562 1880 ﬁliis,
595 1826 800 1886 septem
834 1819 997 1874 millia
1031 1821 1251 1886 ovium;
1300 1829 1354 1874 et
1387 1822 1561 1877 tribus
1591 1823 1808 1877 tiliabus
1834 1864 1850 1890 ,
1887 1824 1990 1877 tria

2097 622 2348 690 pedibus.
2375 623 2494 678 Non
2526 625 2672 680 enim
2706 634 2864 679 erant
2886 626 2962 680 ita
3000 628 3118 681 auri
3162 629 3496 697 expetitores
3535 631 3679 684 sicut

2097 725 2286 765 sumus
2323 727 2513 766 omnes
2545 727 2666 777 nos,
2705 728 2809 767 non
2844 713 3200 770 intendebant
3240 724 3363 786 post
3395 732 3586 772 aurum
3623 730 3679 775 et

2097 813 2381 870 argentum
2424 801 2502 856 illi
2537 811 2663 856 tunc
2691 814 2956 872 quantum
2991 819 3091 860 nos
3124 821 3267 861 nunc
3314 807 3674 865 intendimus.

2097 894 2252 948 Nunc
2279 897 2520 948 omnium
2558 904 2803 948 nostrum
2832 896 3046 952 animus
3077 907 3200 967 post
3236 913 3429 954 aurum
3459 901 3676 956 detine-

2099 993 2186 1039 tur
2208 997 2373 1054 atque
2404 997 2693 1056 argentum
2726 987 2921 1052 inhiat,
2956 998 3012 1042 et
3040 990 3174 1044 nihil
3209 1000 3399 1059 putant
3427 992 3675 1049 homines

2095 1093 2242 1132 nunc
2285 1093 2383 1148 pro
2412 1080 2620 1133 divitiis
2671 1079 2772 1134 nisi
2827 1080 3001 1135 solum
3038 1095 3230 1136 aurum
3264 1093 3320 1137 et
3357 1096 3670 1154 argentum.

2094 1169 2250 1224 Nunc
2302 1170 2447 1224 enim
2501 1179 2627 1225 sunt
2671 1172 2964 1240 adimpleta
3023 1181 3264 1244 tempora
3316 1175 3405 1229 illa
3448 1192 3571 1246 quae
3607 1180 3675 1234 de

2097 1259 2258 1331 longe
2312 1262 2601 1330 designans
2651 1263 2945 1332 Apostolus
3007 1265 3138 1319 dicit
3183 1283 3198 1318 :
3244 1263 3313 1321 In
3377 1270 3672 1324 novissimis

2095 1352 2276 1404 diebus
2307 1353 2585 1406 advenient
2627 1353 2754 1406 anni
2791 1354 3108 1421 periculosi,
3151 1365 3199 1410 et
3245 1366 3392 1410 erunt
3435 1358 3674 1413 homines

2093 1445 2289 1513 seipsos
2306 1443 2599 1514 diligentes,
2626 1445 2805 1513 cupidi
2845 1446 2912 1512 ³¹,
2938 1459 2994 1502 et
3027 1458 3224 1502 caetera
3264 1450 3514 1505 universa
3551 1466 3675 1520 quas

2095 1549 2239 1589 nunc
2285 1536 2334 1589 in
2387 1536 2697 1591 hominibus
2733 1537 2976 1592 videmus
3015 1539 3225 1609 impleri
3265 1541 3472 1596 omnia.
3537 1543 3672 1597 Nam

2093 1626 2219 1695 quia
2262 1626 2313 1680 in
2351 1624 2456 1681 line
2497 1626 2715 1695 estjam
2753 1629 2842 1682 hic
2873 1631 3138 1694 mundus,
3175 1640 3230 1686 et
3280 1645 3528 1690 mortuus
3587 1646 3674 1694 est

2088 1718 2202 1789 jam
2231 1731 2530 1789 properans
2561 1721 2628 1775 ad
2655 1718 2947 1786 deiectum,
2976 1721 3184 1778 idcirco
3203 1739 3354 1778 meus
3384 1725 3667 1784 hominum

2095 1810 2270 1864 inhiat
2317 1811 2372 1864 in
2411 1811 2497 1865 his
2539 1827 2658 1881 quae
2698 1822 2911 1866 mortua
2946 1821 3106 1878 sunt,
3157 1829 3282 1870 cum
3318 1816 3465 1872 sicut
3497 1819 3669 1876 stellae

410 1909 580 1964 mima
607 1911 979 1980 camelorum;
1029 1913 1256 1984 singulis
1289 1914 1412 1968 “ms
1441 1917 1788 1985 θρρτοριιίεηε
1817 1916 1987 1970 ηιίηθ,
2024 1890 2067 1946 Β
2094 1900 2365 1956 inutiliter
2392 1903 2787 1968 reconduntur,
2821 1914 2987 1973 atque
3029 1906 3494 1964 thesaurizantur.
3525 1910 3668 1967 Olim

408 1995 489 2052 Ita
526 1997 636 2054 Deo
675 2000 988 2067 ordinante,
1016 2011 1179 2071 atque
1215 2011 1369 2071 patre
1397 2003 1468 2056 ita
1499 2014 1622 2073 post
1647 2004 1989 2073 disponente,

410 2087 464 2141 in
501 2097 746 2158 tempore
775 2092 1268 2147 consummationis
1307 2092 1554 2148 divident
1592 2094 1989 2151 hmrcditatem.

412 2178 469 2230 In
531 2188 774 2250 tempore
821 2196 952 2236 vero
997 2181 1123 2237 vitae
1178 2183 1318 2237 sicut
1373 2184 1575 2254 cogitat
1619 2186 1688 2240 de
1739 2187 1992 2242 omnibus

412 2281 589 2339 pater,
633 2273 704 2327 ita
749 2283 804 2328 et
843 2282 1167 2344 potestatem
1217 2275 1384 2330 habet
1426 2287 1581 2346 pater
1611 2279 1662 2332 in
1685 2280 1988 2336 omnibus:

409 2363 553 2414 sicut
588 2378 776 2419 curam
815 2367 955 2436 gerit
987 2367 1056 2422 de
1106 2368 1399 2433 universis,
1453 2370 1529 2425 ita
1580 2379 1637 2426 et
1683 2372 1993 2428 dominatur

412 2454 644 2507 cunctis.
674 2453 878 2512 Deinde
913 2459 1090 2514 adhuc
1124 2460 1254 2529 juga
1285 2461 1447 2516 boum
1482 2463 1779 2532 quingenta
1799 2471 1852 2517 et
1881 2463 1990 2518 asi-

411 2558 496 2596 na:
547 2549 799 2614 pastoria:
838 2551 1166 2621 quingentae,
1222 2562 1454 2624 utraque
1497 2555 1759 2610 similiter
1814 2556 1984 2611 mille.

410 2633 807 2694 Ordiuabiliter
853 2643 1018 2696 etiam
1065 2646 1168 2700 hoc
1202 2687 1216 2711 ,
1268 2656 1433 2717 atque
1482 2656 1605 2715 apte
1649 2647 1882 2718 singulis
1922 2651 1990 2704 de

414 2727 600 2784 decem
641 2731 769 2787 ﬁliis
801 2735 1194 2808 quinquaginta
1231 2739 1362 2810 juga
1395 2741 1593 2807 boum,
1629 2749 1686 2795 et
1715 2742 1988 2811 quinqua-

411 2821 559 2890 ginta
589 2825 777 2880 asinae.
809 2824 1004 2883 Omnia
1048 2845 1180 2886 sane
1207 2833 1377 2902 patris
1407 2840 1530 2888 sunt
1560 2833 1626 2886 ad
1667 2834 1984 2902 regendum,

412 2911 480 2962 ad
523 2913 958 2986 gubernandum,
1011 2921 1075 2974 ad
1129 2922 1555 2987 intendendum,
1603 2934 1657 2980 et
1713 2939 1884 2996 usque
1931 2926 1985 2980 in

411 3001 574 3057 linem
619 3005 747 3061 vitae
777 3022 888 3062 suae
917 3011 1303 3077 possidendum
1331 3055 1348 3081 ,
1394 3025 1518 3085 post
1572 3017 1815 3086 requiem
1857 3033 1986 3074 vero

408 3095 580 3163 patris
615 3098 996 3156 ordinabiliter
1021 3114 1313 3174 supputata
1346 3105 1506 3175 juxta
1532 3123 1815 3162 numerum
1848 3108 1987 3162 liliu-

408 3203 552 3242 rum.
585 3189 695 3245 Sed
730 3191 908 3248 adhuc
939 3205 1095 3249 erant
1125 3210 1320 3264 pecora
1349 3198 1487 3268 ejus.
1539 3198 1734 3255 Omnia
1777 3200 1984 3270 pariter

407 3292 607 3346 pecora
629 3281 883 3351 appellat,
910 3286 1026 3341 sive
1049 3301 1199 3351 oves,
1226 3288 1341 3343 sive
1371 3288 1559 3355 boves,
1585 3290 1699 3344 sive
1725 3290 1982 3359 camelos,

407 3369 525 3424 sive
545 3372 752 3439 asinos,
781 3375 1035 3431 universa
1059 3393 1256 3447 pecora
1279 3390 1580 3451 nuncupat,
1616 3385 1743 3453 quia
1767 3385 1984 3440 diversa

411 3464 711 3527 peculiaria
739 3479 902 3538 atque
930 3472 1083 3526 utilia
1130 3472 1352 3527 l‘uerunt
1387 3475 1700 3532 hominibus
1741 3487 1796 3532 et
1830 3485 1980 3542 sunt,

406 3565 464 3610 et
491 3557 615 3613 istis
646 3561 740 3628 qui
773 3576 921 3616 nunc
950 3573 1110 3630 sunt,
1142 3577 1196 3619 et
1233 3566 1340 3622 illis
1373 3566 1464 3636 qui
1497 3576 1624 3624 tunc
1663 3569 1884 3624 fuerunt
1928 3577 1985 3625 et

407 3647 508 3716 ipsi
538 3650 696 3705 beato
717 3650 903 3708 Jacob.
935 3653 1078 3711 Oves
1102 3657 1322 3724 quidem
1341 3659 1497 3726 vim,
1527 3675 1626 3730 pro
1657 3660 1797 3716 lacte
1820 3669 1984 3731 atque

406 3739 546 3796 lanae
579 3745 779 3798 vestitu
809 3762 825 3799 :
859 3747 1058 3803 occisa:
1109 3765 1242 3805 vero
1288 3767 1389 3821 pro
1423 3768 1553 3809 esca
1604 3763 1767 3824 atque
1793 3755 1982 3810 carnis

403 3835 764 3891 comestione.
799 3837 1066 3894 Similiter
1092 3841 1258 3897 boves
1297 3843 1428 3909 vivi,
1476 3845 1543 3899 ad
1581 3845 1854 3900 culturam
1880 3887 1896 3913 ,
1927 3854 1982 3902 et

403 3929 564 3994 panis
610 3931 1098 3997 commoditatem;
1129 3932 1361 4003 jugulati
1410 3950 1562 4002 vero,
1587 3951 1686 4005 pro
1721 3937 1981 3994 carnibus

401 4029 460 4073 et
497 4035 648 4084 esca.
690 4031 853 4091 atque
897 4024 1094 4092 pedum
1135 4026 1536 4081 calceamentis.
1565 4027 1766 4082 Cameli
1799 4037 1978 4083 autem

402 4127 504 4182 pro
530 4114 679 4168 omni
706 4129 874 4170 onere
901 4117 1170 4183 portando
1225 4126 1391 4186 atque
1417 4118 1647 4174 levando
1670 4120 1739 4175 de
1766 4119 1982 4190 longin-

402 4213 516 4268 quo
539 4202 676 4256 etde
700 4203 968 4270 proximo.
993 4202 1120 4259 Post
1145 4218 1266 4273 quae
1295 4206 1551 4261 universa
1582 4209 1718 4262 asini
1745 4210 1810 4264 ad
1841 4209 1978 4264 levia

405 4293 625 4360 negotia
658 4295 968 4363 peragenda
997 4306 1052 4350 et
1083 4293 1382 4362 aﬂerenda,
1412 4307 1467 4354 et
1489 4301 1674 4367 eundi,
1702 4311 1756 4355 et
1781 4301 1981 4356 veloci-

407 4389 494 4434 ter
537 4385 819 4440 redeundi.
878 4387 1033 4453 Quod
1073 4388 1218 4442 enim
1246 4405 1391 4446 nunc
1425 4395 1549 4461 equi
1575 4400 1631 4447 et
1661 4394 1791 4448 muli
1823 4395 1982 4464 perﬁ-

402 4472 575 4539 ciunt,
599 4476 702 4531 hoc
731 4477 1084 4534 nihilominus
1103 4481 1244 4536 asini
1266 4483 1649 4555 adimplebant,
1674 4487 1976 4554 prasertim

2010 3239 2057 3304 ε

2091 2005 2246 2059 vero,
2310 2004 2497 2064 utpote
2539 1996 2718 2049 adhuc
2766 1996 3061 2066 incipiente
3117 1999 3334 2066 saeculo,
3390 2011 3446 2056 et
3485 2000 3674 2072 utpote

2092 2088 2275 2142 adhuc
2307 2090 2524 2143 vivente
2566 2088 2770 2143 mundo
2810 2089 2935 2154 hoc,
2979 2090 3102 2144 viva
3154 2103 3319 2162 atque
3364 2098 3673 2154 crescentia

2091 2181 2385 2249 cupiebant
2452 2182 2706 2235 homines
2773 2195 3008 2250 pecora,
3079 2185 3452 2255 quadrupedia
3505 2199 3673 2258 atque

2092 2268 2487 2340 agriculturam
2569 2285 2671 2339 pro
2728 2271 2874 2325 victu
2931 2271 3344 2330 fructiﬁcantia.
3411 2276 3674 2334 Sciebant

2090 2377 2326 2432 namque
2353 2362 2494 2430 quod
2523 2377 2714 2416 auram
2746 2374 2802 2417 et
2845 2377 3132 2436 argentum
3178 2368 3517 2423 reconditum
3537 2411 3552 2434 ,
3604 2386 3670 2428 ac

2093 2455 2557 2522 thesaurizatum,
2587 2465 2749 2524 atque
2793 2458 2860 2511 ad
2897 2472 3092 2512 usuras
3133 2459 3340 2525 datum,-
3384 2473 3668 2530 peccatum

2091 2543 2386 2600 conferret.
2428 2545 2696 2600 Pecorum
2729 2562 2858 2601 vero
2905 2558 3069 2616 atque
3118 2557 3277 2604 terra:
3329 2565 3514 2619 usura,
3562 2554 3670 2610 hoc

2092 2644 2174 2690 est
2207 2650 2464 2704 pecorum
2494 2636 2635 2692 fetus
2681 2637 3108 2706 multiplicatus,
3144 2651 3201 2693 et
3237 2641 3448 2699 l‘ructus
3503 2653 3668 2702 terra:

2090 2736 2438 2794 augmentum
2463 2727 2528 2780 ad
2560 2738 2844 2796 peccatum
2874 2743 2983 2783 non
3022 2728 3354 2797 conferrent,
3381 2734 3475 2788 sed
3499 2733 3670 2802 justi-

2091 2818 2243 2872 tiam.
2303 2817 2440 2872 Nam
2499 2819 2764 2875 habentes
2817 2824 3108 2878 nutriunt:
3145 2833 3199 2879 et
3253 2839 3345 2880 eos
3408 2827 3500 2896 qui
3559 2841 3668 2883 non

2087 2909 2401 2976 habuerint,
2435 2926 2558 2965 cum
2596 2913 2664 2966 ab
2695 2914 2781 2967 bis
2822 2915 2910 2983 qui
2961 2915 3162 2971 habent
3200 2917 3328 2972 data
3364 2918 3566 2974 fuerint
3602 2935 3667 2974 ac

2089 3005 2403 3070 distributa,
2437 3005 2766 3074 gubernant.
2823 3006 2984 3062 'l‘ales
3025 3023 3160 3077 ergo
3205 3010 3427 3066 divitias
3474 3013 3666 3067 habuit

2089 3092 2380 3148 laudabilis
2417 3094 2506 3148 ille
2530 3093 2653 3160 Job,
2674 3105 2882 3162 castas,
2916 3099 3168 3166 mundas,
3199 3100 3664 3170 incoinquinatas,

2090 3183 2567 3238 incontaminatas.
2603 3186 2678 3243 De
2715 3187 2818 3241 hoc
2873 3204 3110 3259 namque
3166 3191 3370 3246 dictum
3409 3203 3495 3247 est
3539 3195 3664 3260 hoc,

2087 3283 2253 3344 atque
2275 3276 2342 3330 de
2371 3277 2643 3333 similibus
2671 3278 2818 3334 illius
2848 3295 3020 3349 usque
3043 3282 3095 3336 in
3126 3291 3388 3338 aeternum
3424 3302 3436 3337 ε
3467 3284 3666 3341 Beatus

2085 3371 2178 3437 qui
2207 3370 2446 3426 inventus
2475 3372 2635 3442 fuerit
2666 3375 2808 3428 dives
2832 3373 3013 3444 justus
3035 3416 3051 3442 ,
3082 3378 3174 3445 qui
3199 3386 3314 3447 post
3340 3395 3531 3432 aurum
3559 3393 3667 3434 non

2085 3463 2470 3530 ambulaverit,
2535 3481 2700 3531 neque
2746 3469 3032 3534 speraverit
3086 3469 3142 3522 in
3193 3471 3402 3539 argenti
3465 3473 3666 3540 reposi-

2085 3554 2228 3608 tione
2280 3557 2349 3612 ³³.
2401 3555 2541 3612 Vere
2596 3559 2742 3614 enim
2785 3560 3182 3617 inaestimabilis
3237 3572 3403 3631 atque
3453 3573 3662 3620 aeterna

2083 3647 2364 3702 beatitudo
2407 3662 2510 3714 est,
2574 3660 2629 3704 ut
2681 3666 2806 3706 cum
2857 3653 2980 3722 quis
3027 3654 3179 3708 dives
3215 3654 3440 3710 eliectus
3475 3657 3658 3719 fuerit.

2087 3754 2192 3794 non
2225 3741 2462 3797 conﬁdat
2499 3744 2551 3796 in
2602 3759 2776 3811 auro,
2829 3761 3005 3814 neque
3054 3747 3300 3801 intendat
3347 3750 3401 3802 in
3446 3752 3660 3820 argenti
3704 3811 3706 3813 ,

2087 3832 2434 3900 repositione,
2464 3833 2561 3888 sed
2606 3836 2868 3889 recondat
2897 3837 3014 3891 haec
3052 3837 3105 3891 in
3148 3841 3411 3893 mandato
3442 3841 3663 3896 Altissi-

2083 3922 2180 3983 mi,
2210 3930 2264 3976 et
2294 3924 2383 3976 det
2422 3938 2487 3978 ea
2514 3924 2566 3977 in
2599 3925 2947 3996 eleemosyua-
2977 3929 3331 3996 pauperibus,
3369 3932 3464 3984 sed
3493 3934 3661 3987 semi-

2081 4021 2176 4067 net
2205 4023 2372 4082 atque
2401 4026 2622 4084 spargat
2651 4031 2718 4070 ea
2753 4017 2864 4071 late
2896 4033 2993 4087 per
3034 4020 3249 4076 animus
3300 4024 3660 4094 miserorum,

2080 4116 2178 4172 per
2206 4117 2300 4156 ora
2347 4103 2730 4168 esurientium,
2791 4105 2878 4159 vel
2937 4121 3038 4175 per
3087 4123 3186 4163 ora
3233 4112 3511 4178 debilium,
3563 4130 3663 4183 per

2081 4196 2372 4250 destitutos
2409 4205 2577 4264 atque
2623 4197 2855 4251 miseros
2889 4197 3085 4266 :juxta
3136 4200 3239 4256 hoc
3276 4204 3418 4272 quod
3449 4205 3662 4260 dictum

2081 4297 2197 4343 est:
2235 4287 2501 4342 Sentinate
2533 4289 2671 4342 vobis
2695 4293 2763 4343 ad
2783 4291 3161 4358 justitiam,ut
3187 4297 3396 4348 metatis
3425 4296 3658 4365 fructum

2083 4385 2206 4440 vita!
2240 4383 2304 4437 ³³.
2342 4385 2406 4437 Et
2431 4403 2444 4437 :
2466 4383 2740 4452 Dispersit,
2775 4387 2919 4439 dedit
2940 4389 3278 4455 pauperibus,
3301 4391 3520 4458 justitia
3541 4391 3659 4461 ejus

2079 4487 2252 4528 manet
2293 4477 2349 4530 in
2378 4486 2633 4530 teter-num
2682 4477 2746 4533 “.
2801 4479 3075 4546 Ejusmodi
3118 4493 3246 4533 vero
3279 4491 3446 4535 metet
3473 4483 3660 4536 multi-

405 4567 540 4622 ωιθε
572 4570 761 4636 quales
791 4583 921 4624 ευηι
969 4573 1020 4626 in
1071 4574 1294 4642 regione
1320 4575 1534 4630 Arabia
1576 4585 1632 4630 ει
1659 4576 1979 4632 palmum-
2008 4575 2056 4631 υ
2082 4566 2298 4635 pliciter
2345 4567 2400 4620 in
2452 4567 2538 4622 die
2594 4568 3032 4626 resurrectionis.
3094 4569 3368 4638 Ejusmodi
3428 4573 3658 4640 recipiet

400 4674 521 4713 rum
549 4661 713 4725 asini,
744 4661 837 4730 qui
874 4664 1092 4720 veloces
1118 4681 1246 4720 sunt
1283 4667 1540 4723 similiter
1573 4677 1632 4722 ut
1668 4669 1814 4737 equi.
1848 4667 1977 4722 Om-

401 4765 524 4805 nem
549 4766 681 4822 ergo
713 4769 938 4809 censum
964 4754 1107 4810 beati
1133 4753 1236 4812 Job
1262 4768 1522 4830 supputat
1547 4759 1598 4812 in
1628 4769 1834 4829 septem
1859 4760 1977 4813 mil-

397 4845 544 4900 libus
577 4849 785 4915 ovium,
829 4855 884 4903 et
927 4850 1101 4906 tribus
1138 4851 1474 4907 camelorum
1501 4861 1555 4908 et
1585 4852 1637 4906 in
1663 4853 1976 4923 quingentis

392 4939 544 5008 jugis
576 4941 760 5004 boum,
791 4952 846 4998 et
884 4943 937 4998 in
968 4943 1283 5014 quingentis
1313 4945 1484 5001 asinis
1521 4944 1800 5014 pastoriis.
1837 4945 1970 4999 Auri

395 5047 527 5089 vero
552 5043 608 5091 et
637 5037 871 5105 argenti,
900 5047 1064 5107 atque
1082 5039 1311 5094 vestium
1338 5053 1444 5093 non
1468 5037 1736 5093 meminit.
1767 5039 1976 5106 Quare?

396 5129 480 5186 οι)
513 5129 619 5186 hoc
651 5140 710 5184 ut
736 5131 1012 5195 reticeret,
1041 5147 1108 5187 an
1136 5133 1206 5186 ob
1232 5132 1338 5186 hoc
1371 5131 1514 5200 quod
1554 5127 1656 5184 Job
1697 5144 1892 5184 aurum
1917 5141 1973 5187 et

395 5232 686 5292 argentum
742 5238 850 5277 non
889 5222 1212 5278 habuisset?
1249 5221 1332 5278 οι)
1377 5222 1482 5278 hoc
1531 5220 1725 5289 procul
1779 5221 1971 5288 dubio,

394 5312 522 5382 quia
553 5327 658 5367 non
696 5313 906 5369 habuit.
941 5314 1060 5383 Quo
1085 5322 1222 5369 teste
1246 5326 1437 5368 aurum
1462 5321 1518 5368 et
1544 5324 1828 5384 argentum
1862 5329 1967 5368 non

395 5403 684 5460 habuerit?
733 5406 854 5475 ipso
886 5406 990 5464 Job
1033 5407 1288 5463 dicente:
1323 5404 1392 5460 Et
1447 5405 1494 5458 si
1555 5404 1972 5474 conﬁdebantin

392 5499 595 5552 divitiis
623 5499 824 5562 multis,
862 5508 913 5554 et
956 5500 1002 5553 si
1039 5504 1107 5552 ad
1152 5496 1574 5552 innumerabilia
1600 5497 1722 5550 misi
1751 5513 1966 5551 manum

391 5605 584 5656 meum,
613 5602 668 5647 et
713 5592 818 5646 alia
848 5591 934 5647 his
962 5591 1184 5646 similia.
1224 5591 1358 5645 Erat
1398 5603 1634 5658 namque
1667 5588 1770 5644 hoc
1815 5603 1964 5656 vere,

393 5689 452 5733 ut
483 5685 694 5750 priores
729 5701 835 5740 non
875 5693 1086 5739 tantum
1119 5683 1172 5738 in
1207 5695 1344 5737 auro
1371 5689 1428 5736 et
1457 5687 1686 5750 argento
1707 5679 1812 5736 sibi
1846 5679 1968 5735 the-

463 5838 508 5870 ³⁰
537 5837 637 5895 Job
670 5857 708 5898 ι.
735 5839 790 5893 5.
865 5839 905 5871 ³¹
938 5837 980 5895 li
1005 5838 1147 5895 Tim.
1200 5855 1279 5906 In,
1316 5837 1368 5894 l.

2081 4658 2513 4712 inaestimabilem
2590 4660 2976 4714 beatitudinem
3042 4661 3095 4714 in
3155 4662 3243 4716 die
3303 4663 3652 4720 visitationis.

2080 4751 2359 4819 Ejusmodi
2382 4750 2855 4823 eleemosynarum
2879 4751 3361 4823 justiﬁcationibus
3393 4765 3654 4824 tauquam

2078 4842 2170 4896 lux
2220 4841 2443 4914 effulget
2479 4858 2664 4898 coram
2701 4845 2911 4913 angelis
2947 4844 3062 4900 Dei.
3120 4843 3271 4900 Talis
3320 4845 3426 4901 fuit
3465 4850 3661 4905 beatus-

2077 4934 2199 4999 Job,
2250 4937 2391 5004 apud
2437 4951 2599 5005 quem
2657 4939 2855 5008 hospes
2909 4953 3186 5008 nunquam
3244 4937 3377 4995 foris
3429 4944 3656 5008 mansit,

2077 5029 2231 5099 cujus
2247 5027 2418 5098 janua
2446 5029 2592 5083 omni
2628 5030 2938 5084 advenienti
2970 5030 3184 5100 patuit,
3234 5047 3394 5100 quem
3430 5033 3653 5088 invalidi

2076 5135 2352 5189 nunquam
2391 5122 2859 5192 praetermiserunt
2908 5124 2976 5178 de
3024 5123 3092 5177 iis
3125 5139 3244 5193 qua:
3270 5138 3408 5193 opus
3449 5125 3655 5180 habue-

2076 5225 2224 5280 runt,
2251 5213 2342 5284 qui
2375 5228 2484 5268 non
2516 5213 2725 5269 dimisit
2755 5226 3046 5283 pauperem
3086 5214 3240 5269 exire
3269 5216 3334 5269 de
3361 5214 3524 5269 domo
3553 5231 3658 5270 sua

2074 5322 2330 5373 vacuum,
2354 5307 2422 5360 ad
2447 5307 2601 5377 cuius
2633 5317 2914 5362 tonsuram
2937 5308 3144 5373 ovium,
3172 5308 3416 5363 omnium
3450 5322 3654 5379 paupe-

2077 5417 2196 5456 rum
2224 5399 2464 5469 scapula:
2491 5398 2768 5455 calefactat
2798 5407 2946 5454 sunt.
2985 5399 3066 5456 οι)
3104 5402 3208 5456 hoc
3233 5403 3378 5455 enim
3406 5410 3462 5455 et
3490 5401 3658 5456 istaztv

2076 5492 2483 5548 multitudinem
2513 5505 2770 5561 pecorum
2795 5491 3056 5559 nutrivit,
3085 5501 3140 5546 et
3168 5491 3463 5545 maximam
3496 5492 3646 5560 agri—

2076 5585 2344 5642 culturam
2375 5582 2656 5646 exercuit,
2683 5589 2744 5636 ut
2778 5580 3024 5652 plurimis
3059 5580 3406 5651 impertiret,
3431 5587 3491 5634 ιιι
3525 5579 3651 5649 plu-

2075 5680 2232 5736 rimis
2289 5675 2653 5742 benelaceret,
2698 5684 2757 5730 ut
2790 5673 3152 5745 plurimorum
3205 5690 3416 5732 memor
3469 5683 3655 5740 esset;

1445 5837 1489 5870 ”
1521 5835 1690 5893 Eceli.
1721 5851 1875 5904 sui,
1907 5835 1963 5894 8.
2038 5835 2084 5869 ³³
2108 5833 2297 5893 Iacob.
2330 5849 2416 5903 nl,
2447 5832 2533 5888 l8.
2611 5833 2656 5865 ³δ
2682 5831 2822 5890 Psal.
2866 5848 2977 5900 cst,
3009 5833 3065 5890 9.
