4174 6448
504 391 608 450 587

1590 383 1967 441 ANONYMUS
2001 383 2067 438 IN
2106 384 2247 442 J08.
2284 418 2353 429 —
2386 385 2513 440 LIB.
2553 387 2593 440 I.

3653 385 3759 446 388

509 523 618 562 non
658 513 878 577 propter
905 519 967 560 os
998 517 1152 559 suum
1184 510 1418 565 tantum,
1466 502 1559 557 sed
1601 512 1662 557 ut
1708 503 1908 559 multos
1954 518 2080 560 esu-
2107 508 2160 568 Α
2189 520 2307 559 rum
2341 505 2607 561 instantia
2637 512 2798 572 atque
2831 503 3095 568 studium,
3129 504 3232 560 hoc
3263 513 3389 559 erat
3413 505 3557 576 quod
3587 504 3656 561 ab
3679 506 3762 562 eis

511 607 718 659 riemes
745 611 1038 667 saturaret,
1073 610 1235 670 atque
1263 600 1525 669 plurimos
1552 600 1724 654 nudos
1754 604 1998 664 vestiret,
2027 609 2083 655 et

510 695 699 750 multis
732 693 1133 748 miserabilibus
1165 701 1328 760 atque
1356 690 1667 746 infelicibus
1708 692 2080 763 refrigeraret.

511 787 593 842 01)
640 787 743 840 hoc
793 785 941 839 enim
998 798 1197 852 pecora
1245 783 1361 852 ejus
1414 784 1596 837 ovium
1641 793 1848 851 septem
1894 783 2080 844 millia,

510 875 703 931 cameli
737 875 839 928 tria
866 873 1058 937 millia,
1093 871 1225 941 juga
1257 873 1417 924 boum
1453 871 1786 940 quingenta,
1831 881 1886 924 et
1920 870 2084 924 asina:

508 967 762 1039 pastoriae
797 966 1125 1035 quingentze.
1181 963 1246 1016 Et
1295 963 1651 1015 ministerium
1703 963 1858 1015 nimis
1906 963 2084 1030 copio-

508 1073 627 1112 sum
673 1056 739 1108 ³⁸.
781 1057 1004 1111 Certum
1053 1065 1139 1109 est
1171 1055 1316 1123 quod
1357 1063 1412 1108 et
1459 1069 1657 1108 mensae
1706 1054 1822 1122 ejus
1849 1092 1865 1116 ,
1922 1063 2085 1123 atque

509 1151 669 1204 sedes
698 1149 838 1216 ejus,
863 1157 918 1200 et
944 1147 1306 1201 ministerium
1338 1145 1620 1214 copiosum
1641 1185 1657 1208 ,
1689 1146 1782 1199 sed
1817 1144 1935 1213 plus
1967 1153 2087 1197 erat

509 1241 872 1295 ministerium
903 1243 1182 1307 copiosum
1210 1238 1350 1306 quod
1400 1237 1747 1292 ministrabat
1779 1238 2084 1306 hospitibus

507 1341 563 1387 et
593 1330 1026 1393 advenientibus,
1062 1329 1294 1384 inlirmis
1325 1338 1379 1382 et
1421 1329 1825 1391 miserantibus.
1858 1330 2086 1384 destitu-

509 1424 582 1477 tis
615 1431 670 1476 et
714 1421 1054 1492 peregrinis,
1105 1419 1435 1488 pauperibus
1486 1430 1541 1474 et
1599 1419 1925 1475 infelicibus.
1981 1422 2086 1477 Pro

509 1516 703 1569 horum
733 1527 862 1582 ergo
889 1514 1129 1566 omnium
1160 1513 1528 1582 susceptione,
1557 1514 1780 1567 nimium
1805 1516 2084 1582 copiosum

511 1606 704 1660 habuit
737 1603 1104 1657 ministerium
1136 1616 1150 1654 :
1183 1612 1315 1671 puto
1370 1606 1512 1672 quod
1548 1614 1602 1659 et
1658 1606 1710 1658 in
1761 1607 1900 1662 cmlo
1938 1615 1992 1660 ct
2031 1607 2084 1660 in

511 1695 744 1752 excelsis
771 1696 1048 1762 copiosum
1085 1696 1245 1750 nimis
1271 1697 1524 1750 habuerit
1549 1697 1930 1758 ministerium.
1961 1699 2086 1754 Plu-

511 1797 635 1851 rimi
673 1796 1125 1850 ministraverunt
1152 1795 1199 1848 ei
1222 1809 1384 1863 super
1413 1805 1610 1847 terram
1640 1807 1737 1862 pro
1764 1793 2084 1847 miserorum

513 1889 878 1958 susceptione,
924 1886 1018 1942 sed
1061 1889 1242 1957 plures
1279 1887 1664 1941 ministrabant
1718 1886 1767 1940 ei
1809 1886 1863 1938 in
1910 1884 2084 1948 crelis,

511 1981 760 2036 caelestes
794 1979 994 2050 angeli,
1034 1979 1478 2047 incorruptibiles
1504 1977 1901 2047 eleemosynas,
1925 1988 2088 2046 atque

516 2076 654 2126 bona
684 2086 849 2142 Opera
877 2075 994 2144 ejus
1029 2073 1082 2127 in
1116 2072 1437 2127 memoriam
1465 2085 1650 2123 coram
1678 2070 1788 2124 Deo
1810 2070 1862 2122 in
1891 2069 2087 2122 coelum

513 2162 842 2231 deferentes,
879 2167 1021 2220 sicut
1051 2165 1256 2220 dictum
1283 2173 1367 2218 est
1387 2163 1452 2216 ad
1480 2162 1788 2217 Cornelium
1822 2181 1834 2216 :
1876 2160 2091 2214 Oratio—

515 2273 606 2310 nes
645 2270 748 2311 tua:
798 2268 846 2312 et
895 2259 1238 2326 eleemosyna:
1273 2267 1378 2310 tua:
1419 2255 1762 2308 ascenderunt
1797 2270 2007 2307 sursum
2037 2255 2092 2307 in

513 2356 822 2408 memoriam
855 2371 1037 2408 coram
1070 2355 1176 2408 Deo
1205 2353 1270 2409 ⁸⁸.
1292 2351 1673 2406 Aseenderunt
1707 2349 1894 2419 procul
1929 2350 2092 2404 dubio

516 2447 588 2500 ab
620 2447 824 2515 angelis
884 2455 1049 2516 atque
1084 2443 1417 2514 spiritalibus
1457 2442 1723 2497 ministris
1758 2443 1973 2497 delatae.
2019 2441 2093 2496 De

517 2538 717 2606 quibus
753 2537 956 2593 dicitur
986 2555 1000 2591 :
1036 2537 1231 2592 Omnes
1286 2545 1405 2590 sunt
1457 2535 1833 2589 ministeriales
1872 2535 2092 2604 spiritus

513 2629 661 2682 missi
682 2645 779 2696 pro
804 2631 886 2682 his
914 2631 1005 2700 qui
1039 2630 1262 2686 tslutem
1294 2630 1350 2685 in
1394 2630 1754 2683 hwreditatem
1780 2628 1991 2695 capiunt
2023 2626 2088 2681 ".

517 2723 586 2778 Et
612 2724 734 2778 alibi
757 2742 768 2777 :
793 2723 896 2790 Qui
916 2723 1042 2792 facit
1079 2722 1291 2791 angelos
1321 2739 1445 2776 suos
1471 2723 1719 2789 spiritus,
1742 2729 1792 2774 et
1819 2719 2090 2773 ministros

514 2832 637 2870 suos
675 2817 845 2884 ignem
894 2815 1162 2868 ardentem
1190 2814 1254 2868 ³⁸.
1293 2814 1368 2868 De
1401 2815 1519 2868 istis
1557 2827 1792 2882 namque
1829 2809 2093 2865 ministris

515 2923 657 2962 unus
691 2917 811 2962 erat
836 2908 925 2976 qui
961 2907 1170 2962 locutus
1196 2916 1282 2963 est
1311 2907 1377 2961 ad
1421 2906 1646 2961 Tobiam
1690 2907 1875 2960 dicens
1906 2923 1920 2958 :
1953 2901 2090 2957 Cum

517 3015 700 3054 orares
725 3010 781 3052 tu
805 3010 851 3053 et
877 2998 1013 3053 Sara
1035 3000 1150 3066 [ilia
1175 2983 1445 3069 Raguelis,
1476 3015 1568 3067 ego
1593 2998 1750 3051 attuli
1781 2995 2090 3050 memoriam

519 3089 777 3142 orationis
806 3099 988 3143 vestra:
1019 3091 1074 3142 in
1112 3101 1446 3156 conspectum
1481 3089 1664 3157 gloria:
1691 3088 1880 3140 summi
1904 3086 1997 3140 Dei
2021 3084 2086 3139 ³⁹.

2186 596 2476 652 thesaurus
2504 597 2880 666 reputabatnr,
2909 610 3040 651 area
3077 606 3131 651 et
3173 600 3432 663 torcular,
3462 599 3666 655 oliveta
3705 608 3766 655 et

2187 675 2364 754 liceta,
2407 698 2464 744 et
2498 691 2750 744 universa
2796 705 2961 760 opera
3004 706 3125 761 quae
3160 703 3289 746 sunt
3322 691 3376 744 in
3421 706 3590 759 agro,
3641 706 3762 759 quae

2185 797 2307 836 cum
2333 782 2519 836 labore
2548 792 2712 852 atque
2733 783 2932 838 sudore
2955 795 3118 852 atque
3148 799 3406 837 manuum
3435 783 3760 838 callositati-

2186 873 2286 927 bus
2339 872 2696 941 acquiruntur
2740 889 2863 927 cum
2903 874 3149 942 justitia,
3188 875 3344 945 juxta
3377 875 3625 929 ordinem
3663 873 3759 929 Dei

2185 963 2450 1018 dicentis:
2482 963 2549 1017 In
2579 969 2769 1019 sudore
2793 966 2966 1018 vultus
3005 966 3082 1018 tui
3113 966 3234 1019 edes
3273 983 3460 1034 panem
3493 979 3641 1019 tuum
3687 965 3756 1020 ".

2186 1055 2311 1110 Hzec
2356 1056 2568 1111 scilicet
2613 1073 2777 1126 opera
2819 1074 3012 1128 magna
3058 1059 3274 1112 fuerunt
3325 1058 3427 1113 Job
3473 1059 3526 1112 in
3574 1059 3758 1122 terris,

2187 1150 2309 1204 ideo
2335 1159 2389 1203 et
2422 1149 2658 1219 plurimo
2683 1150 2960 1217 indigebat
2989 1151 3295 1205 ministerio
3329 1152 3395 1205 ad
3434 1152 3761 1215 curandum,

2186 1242 2252 1296 ad
2294 1241 2725 1306 intendendum,
2774 1241 2838 1295 ad
2893 1243 3361 1306 circumeundam,
3410 1243 3648 1312 itemque
3691 1243 3762 1295 ad

2185 1335 2452 1398 dandum,
2497 1334 2564 1388 ad
2603 1333 3082 1398 distribuendum,
3119 1335 3186 1389 ad
3232 1335 3650 1389 ministrantium
3699 1334 3754 1388 in

2187 1426 2454 1498 gentibus,
2485 1428 2551 1480 ad
2585 1426 2976 1482 defendendum
3013 1443 3340 1496 oppressos.
3378 1427 3445 1480 ad
3477 1427 3758 1496 opitulan—

2186 1521 2314 1575 dum
2342 1521 2696 1590 pauperibus,
2722 1520 2790 1575 ad
2813 1519 3261 1574 benefaciendum
3293 1521 3467 1576 viduis
3491 1532 3546 1575 et
3563 1521 3760 1591 orpha-

2191 1613 2295 1667 nis.
2334 1612 2437 1667 I’ro
2461 1614 2545 1668 his
2574 1615 2828 1668 nimirum
2862 1615 3142 1669 universis
3174 1628 3341 1683 Opera
3375 1629 3569 1683 magna
3602 1625 3760 1668 erant

2190 1706 2264 1761 illi
2292 1707 2344 1760 in
2379 1707 2540 1761 terris
2569 1716 2625 1761 et
2659 1702 3022 1761 ministerium
3052 1706 3328 1774 copiosum
3355 1746 3370 1769 ,
3408 1707 3535 1773 quia
3563 1720 3756 1775 magna

2188 1809 2347 1852 erant
2374 1813 2540 1866 opera
2584 1801 2903 1854 meritorum
2951 1808 3008 1854 et
3052 1799 3332 1866 copiosum
3375 1798 3759 1854 ministerium.

2191 1887 2296 1944 Sed
2329 1901 2459 1958 puto
2497 1899 2618 1958 post
2650 1893 2765 1944 hac
2796 1905 2918 1959 qua:
2953 1891 3174 1944 recitata
3224 1896 3348 1943 sunt
3393 1903 3585 1958 magna
3618 1888 3764 1941 illius

2187 1997 2373 2051 opera,
2430 1991 2553 2050 post
2608 1983 2997 2050 agriculturam
3047 1992 3211 2051 atque
3260 1981 3529 2050 pecudum
3588 1982 3763 2034 nutri-

2189 2083 2402 2137 menta,
2462 2082 2522 2128 et
2574 2083 2770 2128 caetera
2828 2075 3120 2137 universa,
3178 2073 3397 2128 fuerunt
3436 2075 3602 2127 etiam
3655 2075 3762 2128 alia

2191 2180 2386 2234 magna
2415 2174 2575 2234 opera
2603 2163 2708 2220 Job
2747 2165 2799 2219 in
2841 2167 3020 2229 terris,
3055 2166 3208 2231 ﬁdes,
3259 2167 3431 2234 pietas
3455 2203 3471 2229 ,
3519 2164 3762 2232 justitia,

2193 2258 2481 2319 sanctitas,
2530 2259 2866 2322 constantia,
2911 2260 3210 2327 patientia,
3253 2257 3563 2319 tolerantia,
3600 2265 3762 2324 atque

2191 2349 2276 2402 his
2329 2349 2532 2402 similia
2584 2349 2863 2413 universa,
2899 2360 2956 2403 et
2983 2365 3176 2404 omnes
3212 2363 3333 2418 quze
3379 2349 3631 2417 superius
3669 2347 3768 2401 de-

2192 2454 2509 2500 monstrata:
2533 2453 2664 2496 sunt
2693 2444 2942 2508 virtutes,
2967 2455 3130 2514 atque
3161 2447 3353 2499 merita
3377 2453 3432 2498 et
3452 2445 3760 2511 elcemosy-

2193 2553 2273 2591 na:
2303 2551 2492 2605 opera.
2533 2535 2658 2589 Haec
2687 2550 2924 2604 namque
2954 2545 3082 2590 sunt
3114 2551 3307 2606 magna
3340 2536 3427 2590 illa
3456 2551 3620 2604 opera
3642 2550 3763 2602 quae

2190 2641 2348 2685 erant
2384 2631 2456 2684 ita
2487 2643 2682 2698 magna
2720 2638 2778 2680 ut
2805 2643 2975 2698 usque
3020 2629 3088 2683 ad
3123 2630 3324 2683 caelum
3373 2629 3763 2697 pertingerent,

2191 2730 2246 2774 et
2277 2734 2449 2789 usque
2477 2720 2543 2773 ad
2571 2720 2740 2773 Deum
2767 2721 3135 2786 pervenirent.
3182 2719 3256 2772 Ita
3283 2729 3438 2772 erant
3464 2733 3681 2788 magna,
3707 2728 3766 2770 nt

2193 2815 2245 2868 in
2277 2813 2626 2882 corruptione
2654 2821 2964 2882 perpetrata
3004 2813 3055 2866 in
3093 2812 3505 2880 incorruptione
3533 2813 3764 2865 fuissent

2193 2907 2507 2977 praedicata.
2550 2906 2698 2960 Inter
2725 2904 2973 2958 homines
2999 2904 3172 2967 facta,
3213 2905 3352 2957 inter
3381 2903 3602 2974 angelos
3637 2913 3768 2957 sunt

2195 2996 2498 3051 mirificata.
2526 2995 2672 3059 Hrec,
2705 2996 2950 3063 inquam,
2979 2995 3195 3049 fuerunt
3223 2993 3327 3048 Job
3358 3010 3551 3060 magna
3577 3009 3764 3064 opera.

2197 3089 2262 3142 Et
2297 3091 2384 3144 ubi
2417 3091 2528 3144 haec
2563 3090 2815 3145 fuerunt?
2839 3091 2895 3144 In
2930 3099 3096 3152 terra,
3135 3088 3327 3157 inquit.
3356 3086 3412 3141 In
3444 3103 3548 3156 qua
3575 3097 3720 3140 terra
3741 3085 3767 3138 2

518 3180 652 3234 Tale
678 3194 808 3250 ergo
836 3190 954 3234 erat
983 3181 1346 3236 ministerium
1392 3179 1496 3234 Job
1535 3180 1760 3234 nimium
1787 3181 2088 3249 copiosum.
2120 3186 2162 3244 α
2193 3183 2436 3238 Primum
2462 3184 2681 3251 quidem
2716 3183 2766 3236 in
2797 3197 2860 3234 ea
2887 3196 3007 3249 quae
3029 3181 3128 3234 sub
3157 3181 3298 3235 caelo
3323 3189 3406 3234 est
3439 3190 3604 3234 terra.
3637 3177 3768 3230 Item

522 3275 829 3330 Secundum
892 3273 1294 3328 multitudinem
1345 3274 1490 3327 enim
1548 3273 1816 3328 bonorum
1868 3288 2090 3342 operum

518 3367 659 3438 ejus,
701 3365 1042 3435 multiplicati
1076 3373 1206 3418 sunt
1241 3364 1491 3419 ctelestes
1521 3364 1757 3418 ministri
1789 3373 1952 3433 atque
1993 3379 2092 3418 an-

518 3458 624 3528 geli
659 3457 749 3526 qui
801 3457 853 3510 in
891 3464 1183 3526 conspectu
1233 3454 1330 3510 Dei
1385 3463 1774 3511 attestarentur
1815 3455 2094 3510 beneficiis

521 3549 687 3603 illius.
718 3547 870 3605 Unus
895 3563 1029 3604 sane
1055 3548 1327 3602 devotioni
1370 3548 1534 3602 animi
1568 3550 1683 3616 ejus
1710 3549 2091 3612 attestabatur,

522 3639 660 3694 alius
702 3651 882 3695 autem
931 3639 1296 3708 eleemosynis
1337 3641 1454 3706 ejus
1503 3653 1568 3693 ac
1623 3640 2090 3702 miserationibus,

522 3732 662 3788 alius
719 3732 1071 3788 nihilominus
1130 3734 1378 3788 sollicitis
1436 3733 1708 3802 precibus,
1779 3732 1920 3787 alius
1969 3747 2094 3786 vero

516 3826 976 3896 justititnjudicii,
1008 3829 1282 3895 patientiae
1310 3844 1528 3896 quoque
1569 3842 1633 3882 ac
1695 3825 2092 3895 longanimitati

524 3926 687 3985 atque
718 3917 1009 3971 charitatis
1043 3916 1382 3986 plenitudini.
1415 3917 1616 3971 Omnes
1648 3916 1859 3971 scilicet
1884 3916 2095 3969 cunctis

523 4010 642 4073 ejus
675 4007 968 4062 virtutibus
1023 4009 1426 4062 attestabantnr
1477 4008 1528 4060 in
1574 4017 1864 4076 conspectu
1912 4008 2092 4060 omnia

525 4099 859 4166 praescientis
890 4096 1004 4151 Dei.
1038 4095 1503 4166 Omnibnsitaque
1527 4095 1702 4150 modis
1735 4093 2095 4147 ministerium

523 4193 802 4263 copiosum
827 4201 947 4247 erat
984 4194 1145 4248 beato
1182 4193 1303 4249 Job.
1346 4190 1515 4257 Quale
1545 4198 1707 4258 putas
1740 4187 1816 4242 illi
1845 4186 1961 4243 fieri
1997 4187 2095 4241 ob-

522 4285 770 4353 sequium
819 4285 1368 4355 adsusceptionem,
1428 4292 1482 4337 et
1535 4281 1830 4351 gloriosum
1879 4293 2093 4348 quoque

528 4376 811 4441 honorem,
833 4389 866 4428 o
883 4374 1074 4440 amice,
1098 4389 1221 4430 cum
1252 4374 1430 4427 anima
1455 4371 1572 4440 ejus
1597 4371 1787 4427 exiens
1805 4371 1870 4426 de
1899 4385 2096 4439 corpo-

526 4483 586 4522 re
616 4470 681 4522 ad
717 4468 844 4522 illud
873 4467 1129 4522 saeculum
1165 4468 1440 4530 transiret,
1477 4480 1599 4521 cum
1632 4463 1704 4518 illi
1741 4470 2100 4518 occurrerent

531 4575 719 4613 omnes
747 4559 948 4628 angeli,
977 4559 1197 4627 quando
1220 4561 1416 4628 gavisae
1457 4565 1583 4612 sunt
1620 4555 1687 4609 ad
1711 4571 1832 4609 eum
1859 4555 2102 4608 omnium
2134 4543 2178 4598 ι)

528 4662 840 4707 sanctorum
874 4652 1323 4719 animae,quando
1345 4663 1535 4704 omnes
1561 4647 1753 4701 animat
1780 4646 2101 4700 miserorum

525 4756 691 4816 atque
752 4747 994 4815 inopum,
1039 4744 1234 4814 quibus
1293 4757 1455 4812 super
1510 4751 1712 4796 terram
1752 4739 2101 4800 benelecerit,

527 4837 802 4892 beneﬁciis
861 4837 978 4907 ejus
1013 4845 1279 4891 attestatm
1331 4834 1498 4889 sunt?
1545 4833 1674 4899 Qua:
1735 4832 2002 4885 universa:
2051 4831 2100 4881 in

528 4931 706 4984 lucem
753 4931 862 4984 illic
903 4931 1262 4998 procedentes
1300 4928 1548 4998 gloriosa!
1601 4935 1898 4980 occurrunt
1942 4931 2105 4990 atque

529 5033 734 5076 sancta:
761 5030 1085 5076 attestantur
1116 5036 1221 5075 non
1253 5021 1424 5074 solum
1457 5019 1623 5074 solius
1658 5017 1760 5073 Job
1784 5015 2098 5076 virtutibus.

530 5111 622 5166 sed
666 5122 721 5166 et
758 5113 1010 5166 omnibus
1061 5111 1154 5180 qui
1206 5111 1458 5165 similiter
1502 5119 1560 5164 ut
1596 5108 1698 5164 Job
1725 5109 2102 5177 eleemosynas

531 5203 744 5258 miseris
781 5219 846 5259 ac
903 5205 1168 5258 beneficia
1229 5201 1537 5256 infelicibus
1579 5201 1922 5269 impertiunt.
1981 5198 2105 5252 llaec

534 5294 808 5355 universa,
845 5296 967 5364 quia
998 5296 1150 5358 dicit,
1184 5293 1250 5347 Et
1280 5294 1629 5348 ministerium
1668 5292 1891 5345 nimium
1927 5291 2105 5360 copio-

533 5403 670 5440 sum.
731 5387 962 5456 Postque
993 5387 1274 5458 ladjiciens
1339 5388 1512 5441 dicit:
1544 5383 1710 5437 Erant
1757 5400 1913 5452 opera
1963 5383 2105 5436 illius

533 5495 725 5548 magna
747 5481 800 5531 ir:
825 5480 999 5533 terris.
1033 5478 1273 5533 Primum
1306 5493 1441 5533 sane
1469 5491 1634 5545 opera
1663 5491 1856 5544 magna
1887 5476 2106 5528 fuerunt

537 5569 638 5631 illi,
664 5569 714 5622 id
754 5578 856 5633 est,
898 5569 1010 5637 agri
1053 5579 1109 5623 et
1144 5569 1332 5634 vinem,
1388 5567 1585 5622 fruteta
1629 5574 1684 5622 et
1735 5566 1953 5620 oliveta.
2009 5562 2104 5618 llte

538 5676 770 5730 namque
797 5670 954 5714 erant
982 5662 1324 5730 antiquorum
1351 5660 1580 5726 divitiae,
1613 5659 1875 5714 haecerat
1905 5658 2105 5728 prisco-

614 5776 657 5807 ³⁸
701 5774 801 5828 Job
853 5790 888 5834 I,
925 5773 978 5827 ’5.
1077 5773 1122 5805 ³⁸
1147 5775 1265 5827 Aet.
1298 5789 1357 5837 x,
1386 5772 1437 5826 4.
1518 5773 1559 5804 ³⁷
1590 5771 1752 5829 IIebr.
1779 5774 1930 5841 1,“.

540 5847 583 5877 δ’
612 5847 768 5900 l‘rov.
799 5861 912 5901 xix.
988 5843 1032 5875 ”
1063 5842 1162 5898 Job
1201 5858 1240 5907 ι,
1268 5843 1321 5896 ‘5.

2008 5773 2052 5806 ⁸⁸
2080 5772 2222 5830 Psal.
2253 5792 2363 5843 cut,
2386 5776 2441 5832 4.

2202 3276 2256 3329 in
2287 3283 2502 3328 terreno
2544 3275 2662 3344 ejus
2705 3287 2954 3340 corpore.
3013 3272 3242 3326 Omnem
3301 3273 3443 3325 enim
3491 3269 3768 3331 virtutem.

2200 3383 2416 3423 onmem
2438 3367 2905 3436 justificationem,
2926 3379 3085 3418 omne
3107 3378 3243 3433 opus
3264 3372 3536 3425 sanctum,
3556 3375 3771 3415 omnem

2202 3458 2548 3513 tolerantiam
2576 3473 2700 3512 eum
2724 3458 3019 3528 gratiarum
3052 3457 3360 3510 actionibus
3387 3493 3402 3517 ,
3432 3455 3684 3507 universa
3715 3452 3769 3504 in

2203 3548 2308 3602 hoc
2338 3562 2569 3615 corpore
2597 3557 2814 3602 terreno
2841 3546 3088 3616 perfecit,
3136 3556 3192 3600 et
3233 3543 3570 3614 supportavit
3610 3553 3774 3610 atque

2203 3640 2480 3695 sustinuit.
2515 3638 2691 3694 Testis
2713 3648 2798 3694 est
2821 3641 2937 3708 ipse
2971 3640 3156 3694 dicens
3177 3640 3246 3693 de
3273 3639 3474 3692 virtute
3499 3635 3588 3691 Dei
3612 3646 3776 3704 atque

2203 3731 2578 3801 magnitudine
2614 3749 2626 3786 :
2659 3731 2764 3797 Qui
2820 3733 3173 3785 suscitaturus
3228 3739 3304 3783 est
3355 3729 3543 3798 pellem
3579 3744 3778 3792 meum,

2202 3845 2319 3898 qua?
2342 3828 2518 3880 hausit
2547 3828 2657 3879 lure
2689 3826 2833 3880 mala
2866 3827 2930 3880 “.
2983 3826 3218 3892 Postque
3269 3825 3522 3877 universa
3543 3865 3559 3887 ,
3603 3837 3777 3891 opera

2204 3935 2397 3989 magna
2439 3918 2742 3974 erantJob.
2801 3919 2946 3973 Ubi?
2991 3922 3046 3972 In
3083 3929 3252 3981 terra,
3313 3916 3509 3984 inquit.
3560 3914 3617 3968 In
3669 3931 3776 3984 qua

2207 4013 2391 4066 terra?
2419 4011 2476 4066 In
2504 4021 2644 4066 terra
2673 4011 3098 4080 incorruptibili,
3121 4011 3174 4063 in
3204 4021 3346 4063 terra
3377 4007 3689 4071 immortali,
3718 4008 3773 4060 in

2206 4111 2350 4156 terra
2387 4103 2708 4166 viventium,
2737 4104 2789 4156 in
2823 4100 3184 4156 tabernaculis
3209 4099 3476 4166 justorum
3501 4139 3516 4162 ,
3547 4097 3636 4152 ubi
3669 4113 3775 4151 non

2205 4205 2288 4248 est
2324 4194 2615 4248 infirmitas
2675 4209 2852 4262 neque
2907 4207 3094 4255 mors,
3157 4195 3298 4246 unde
3340 4190 3476 4259 fugit
3523 4189 3678 4244 dolor
3723 4197 3780 4244 et

2207 4287 2428 4340 tristitia
2487 4295 2650 4354 atque
2697 4286 2948 4356 gemitus.
3009 4284 3122 4338 Illic
3178 4299 3310 4353 ergo
3373 4295 3566 4352 magna
3623 4288 3779 4334 erant

2205 4393 2368 4445 opera
2422 4376 2548 4442 Job,
2574 4425 2576 4428 .
2601 4378 2709 4431 illic
2761 4378 3134 4431 demonstrata
3166 4385 3294 4430 sunt
3330 4385 3493 4443 atque
3532 4384 3775 4434 ostensa,

2207 4471 2320 4525 illic
2355 4470 2618 4525 distincta
2647 4480 2814 4538 atque
2842 4471 3212 4526 manifestata.
3244 4469 3345 4523 Hie
3373 4467 3635 4537 perfecta,
3665 4464 3779 4519 illic

2207 4573 2389 4616 autem
2463 4563 2870 4628 demonstrata;
2942 4561 3032 4616 hic
3090 4563 3394 4623 seminata,
3467 4559 3577 4613 illic
3647 4573 3780 4612 vero

2205 4669 2382 4708 messa
2412 4671 2428 4720 ;
2459 4655 2552 4709 hic
2587 4654 2860 4725 dispersa,
2885 4655 2994 4709 illic
3026 4664 3207 4708 autem
3240 4652 3470 4706 collecta
3499 4668 3515 4711 ;
3551 4650 3641 4704 bic
3669 4649 3780 4703 Deo

2205 4746 2469 4808 fenerata.
2498 4749 2605 4804 illic
2650 4765 2781 4804 vero
2811 4765 2933 4804 cum
2969 4750 3136 4820 gloria
3188 4764 3216 4804 a
3259 4747 3370 4802 Deo
3410 4745 3781 4801 fenerantibus

2206 4840 2503 4894 redhibita.
2546 4841 2649 4906 Qui
2703 4843 2848 4895 enim
2887 4841 3176 4895 miseretur
3226 4841 3481 4911 pauperis
3508 4878 3524 4902 ,
3570 4837 3784 4892 fenerat

2208 4931 2318 4984 Den
2348 4932 2413 4986 “.
2449 4933 2764 4989 Secundum
2797 4942 2978 4989 autem
3007 4934 3191 4988 datum
3226 4933 3372 4988 illius
3400 4931 3668 4986 retribuet
3702 4928 3780 4981 illi

2211 5022 2493 5078 Dominus.

2287 5115 2416 5170 Post
2459 5117 2574 5170 haec
2604 5125 2784 5170 autem
2813 5115 3066 5171 universa
3092 5154 3107 5177 ,
3141 5112 3490 5168 novissimam
3525 5109 3782 5164 virtutem

2208 5205 2309 5261 Job
2333 5207 2705 5272 demonstrat,
2735 5206 2922 5260 dicens
2961 5202 3132 5258 :Fuit
3173 5215 3349 5256 autem
3396 5203 3481 5255 hic
3525 5207 3678 5254 homo
3719 5199 3786 5253 de

2211 5314 2396 5367 genere
2420 5298 2640 5366 optimo,
2667 5313 2732 5351 ea:
2757 5297 2998 5365 partibus
3033 5296 3266 5349 Orientis
3312 5295 3377 5347 ⁸³.
3425 5293 3554 5349 Item
3602 5301 3786 5345 autem

2211 5398 2266 5443 et
2296 5387 2418 5442 istic
2449 5387 2804 5457 singulariter
2832 5387 2984 5440 illum
3012 5387 3259 5454 designat
3308 5393 3472 5453 atque
3496 5390 3783 5436 memorat.

2213 5478 2311 5534 Ilic
2340 5480 2505 5534 homo
2536 5479 2848 5550 singularis,
2879 5487 3140 5541 semotus,
3169 5477 3261 5545 qui
3286 5476 3339 5529 in
3367 5489 3533 5530 carne
3562 5487 3785 5542 separao

2214 5571 2290 5623 vit
2315 5586 2378 5626 ea
2408 5585 2529 5640 quae
2564 5570 2750 5625 carnis
2785 5581 2950 5633 sunt,
3001 5569 3093 5637 qui
3134 5569 3276 5621 inter
3316 5565 3568 5620 homines
3623 5573 3786 5630 Sllptrf

2214 5659 2466 5716 homines
2497 5660 2620 5724 fuit.
2652 5661 2746 5729 qui
2769 5661 2821 5714 in
2858 5661 3020 5716 terris
3047 5669 3187 5723 erat,
3218 5669 3272 5714 et
3293 5659 3534 5714 coelestia
3561 5656 3786 5724 agebat;

2519 5777 2564 5810 “
2595 5774 2732 5832 'I‘ob.
2762 5792 2857 5832 xu.
2935 5776 2981 5808 ⁸⁸
3002 5775 3137 5832 Gen.
3169 5790 3251 5840 tu,
3286 5773 3372 5829 I9.
3469 5774 3509 5804 ”
3536 5770 3635 5826 Job
3668 5780 3787 5821 ιιι.
