4174 6416
437 413 546 465 589

1527 407 1910 465 ANONYMUS
1947 405 2014 460 IN
2053 405 2190 461 SOB.
2233 436 2301 447 —
2337 405 2464 461 UB.
2505 405 2547 461 l.

3594 407 3700 464 590

441 527 531 582 hic
587 527 748 582 homo
803 524 920 580 sine
964 524 1182 595 querela
1231 531 1428 594 Justus,
1489 542 1650 583 verus
1686 527 1781 582 Dei
1827 528 2021 591 cultor,
2051 531 2097 586 Α
2127 527 2416 591 bertatem,
2451 536 2507 582 et
2533 525 2690 596 digne
2717 525 2856 581 bene
2886 535 3044 580 natus
3075 526 3303 582 dicitur:
3330 525 3419 582 hic
3440 540 3573 580 sane
3602 542 3699 581 ve-

439 618 730 674 ahstinens
754 633 812 673 se
838 617 906 671 ab
930 617 1078 673 omni
1106 632 1166 671 re
1211 619 1386 683 mala;
1431 618 1525 673 hic
1566 635 1694 689 ergo
1723 619 1791 673 de
1819 633 2019 688 genere

438 711 674 777 Optimo,
710 725 775 764 ex
803 710 1052 777 partibus
1080 709 1321 765 Orientis
1348 751 1363 775 ,
1408 721 1660 780 tanquam
1704 711 1749 764 si
1789 710 2020 774 diceret,

436 789 696 861 omnibus
732 803 825 869 qui
861 811 989 854 sunt
1045 803 1096 854 in
1145 802 1394 870 partibus
1432 803 1670 856 Orientis
1709 802 2021 872 generosior

441 904 604 960 atque
639 893 832 946 melior
885 892 1011 953 fuit,
1071 893 1306 947 nobilior
1369 894 1457 948 hic
1514 903 1681 963 atque
1736 895 2021 960 sublimior

440 995 580 1041 erat.
639 985 752 1040 Hoc
783 1000 1020 1053 namque
1058 987 1437 1040 demonstrans
1479 987 1609 1040 dicit
1640 1005 1653 1038 :
1683 986 1812 1040 Fuit
1846 997 2019 1041 autent

439 1080 527 1132 hic
562 1080 717 1131 homo
746 1080 809 1130 de
834 1093 1018 1145 genere
1047 1079 1266 1145 Optimo,
1292 1095 1356 1132 ex
1379 1080 1615 1146 partibus
1638 1079 1887 1134 Orientis.
1913 1082 2018 1135 Sed

442 1172 604 1226 liceat
636 1171 971 1238 respondere
1000 1170 1286 1234 scribenti,
1311 1183 1365 1226 et
1394 1173 1575 1226 dicere
1600 1188 1613 1224 :
1641 1173 1793 1228 Unde
1821 1172 1921 1228 Job
1952 1175 2019 1230 de

441 1278 646 1331 genere
682 1261 928 1330 optimo?
977 1261 1034 1315 Si
1084 1276 1152 1316 ex
1201 1263 1376 1316 Adam
1410 1274 1463 1318 et
1490 1265 1635 1330 Eva,
1678 1267 2018 1335 praevaricati

443 1362 688 1421 suntper
718 1353 1164 1407 inobedientiam.
1197 1353 1253 1407 Si
1277 1370 1341 1407 ex
1362 1354 1523 1415 Esau,
1544 1357 1644 1410 sub
1675 1357 2018 1412 maledictum

444 1445 699 1498 redactus
726 1453 807 1499 est
829 1443 1134 1499 aviditatis.
1166 1442 1222 1498 Si
1246 1460 1311 1499 ex
1343 1446 1468 1500 filiis
1488 1446 1649 1511 Esau,
1686 1450 1830 1516 impii
1858 1451 2022 1505 exsti—

447 1543 631 1588 terunt
678 1535 844 1587 etiam
909 1533 944 1587 ii
1008 1544 1228 1602 propter
1284 1538 1684 1593 contumeliam.
1741 1541 2019 1606 Quomodo

443 1639 574 1694 ergo
603 1627 668 1679 de
689 1639 886 1692 genere
909 1627 1114 1694 optimo
1142 1637 1262 1682 erat
1290 1633 1381 1696 qui
1412 1631 1478 1684 de
1517 1631 1716 1686 talibus
1749 1634 2018 1688 nasceba-

447 1715 576 1767 tur?
605 1715 798 1768 Ruben
829 1715 1224 1784 primogenitus
1249 1717 1435 1782 Jacob,
1465 1729 1521 1773 et
1541 1721 1759 1776 Simeon
1788 1732 1841 1777 et
1867 1723 2019 1786 Levi,

443 1806 538 1874 qui
561 1822 625 1859 ex
660 1806 822 1859 Israel
852 1817 979 1860 sunt
1010 1810 1299 1876 progeniti,
1331 1812 1396 1863 de
1433 1827 1634 1880 genere
1676 1814 1880 1883 optimo
1913 1830 2018 1869 non

445 1898 705 1951 dicuntur
737 1897 876 1952 :Job
915 1914 1044 1951 veru
1071 1900 1162 1967 qui
1195 1916 1259 1954 ex
1293 1902 1474 1969 impiis
1502 1913 1656 1958 ortus
1682 1914 1793 1970 est,
1824 1906 1876 1960 id
1913 1915 2016 1968 est,

434 2002 516 2054 ex
549 1989 675 2042 ﬁliis
705 1988 870 2054 Esau,
899 1990 989 2058 qui
1023 2005 1089 2044 ex
1123 1993 1369 2060 prosapia
1401 1993 1568 2048 Edom
1611 2006 1767 2050 natus
1797 2007 1899 2060 est,
1932 1997 2022 2054 hic

446 2079 516 2134 de
545 2095 744 2148 genere
768 2083 978 2151 optimo
1007 2084 1210 2136 dicitur
1249 2101 1262 2132 :
1300 2085 1430 2152 Ego,
1465 2087 1659 2155 inquit,
1683 2104 1788 2141 non
1822 2104 2020 2143 carna-

447 2171 556 2223 lem
601 2172 943 2227 nativitatem
992 2189 1201 2243 quaero,
1259 2190 1365 2228 non
1413 2177 1684 2232 carnalem
1713 2181 2023 2247 generatio-

448 2277 572 2315 nem
603 2262 871 2330 significo,
906 2279 1012 2317 non
1049 2277 1365 2332 pereuntem
1392 2270 1812 2336 generositatem
1841 2272 2017 2327 laudo.

445 2354 583 2408 Nam
617 2355 733 2410 haec
763 2356 903 2425 apud
934 2357 1096 2410 Deum
1131 2373 1236 2411 non
1273 2359 1451 2425 magni
1487 2361 1816 2428 penduntur,
1849 2364 1962 2418 haec
1991 2382 2021 2420 a

448 2446 708 2502 Creatore
750 2464 856 2502 non
883 2450 1255 2518 requiruntur.
1301 2450 1454 2504 Sicut
1483 2453 1630 2506 enim
1672 2469 1778 2508 non
1808 2466 2023 2513 constat

449 2539 591 2607 apud
620 2538 784 2594 Deum
822 2555 1067 2609 personae
1095 2541 1286 2610 gloria,
1311 2543 1390 2596 sic
1409 2556 1508 2598 nec
1549 2545 1845 2612 requiritur
1871 2549 1937 2603 ab
1959 2565 2022 2603 eo

451 2631 689 2683 carnalis
721 2632 1080 2697 generositas.
1119 2630 1312 2685 Merito
1346 2633 1413 2684 de
1441 2646 1641 2700 genere
1666 2635 1870 2700 optimo
1893 2635 2024 2690 dici-

452 2729 542 2775 ttur
562 2709 682 2774 Job.
714 2721 829 2775 Non
863 2738 930 2776 ex
965 2723 1141 2788 Esau,
1177 2737 1352 2790 neque
1386 2737 1451 2777 ex
1478 2724 1796 2793 posteritate
1830 2725 2022 2792 Edom,

449 2815 547 2868 sed
570 2815 636 2868 de
663 2829 862 2883 genere
895 2815 1101 2884 optimo
1128 2816 1331 2870 dicitur
1360 2815 1460 2871 Job
1484 2857 1500 2884 ,
1530 2830 1600 2871 ex
1646 2819 1938 2874 sanctitate
1966 2828 2022 2874 et

442 2905 684 2974 justitia,
728 2921 794 2961 ex
843 2907 1070 2976 pietate,
1102 2922 1169 2962 ex
1199 2907 1323 2972 ﬁde,
1375 2923 1440 2962 ex
1493 2908 1903 2979 misericordia,
1956 2927 2022 2967 ex

451 2996 548 3051 Dei
577 2996 806 3060 cultura,
831 3012 896 3051 ex
922 3013 1051 3052 vero
1074 2999 1281 3064 animo,
1310 3013 1378 3053 ex
1408 2999 1572 3054 corde
1588 3015 1745 3069 puro,
1777 3016 1843 3054 ex
1867 3003 2022 3059 bonis

449 3089 895 3157 cogitationibus.
943 3090 1018 3144 Ex
1062 3091 1179 3145 istis
1224 3106 1351 3161 ergo
1396 3093 1648 3146 omnibus
1685 3092 1822 3146 bene
1866 3101 2024 3148 natus

448 3195 570 3236 esse
600 3183 801 3237 dicitur
829 3183 930 3238 Job
953 3224 969 3249 ,
1017 3198 1083 3237 ex
1115 3184 1234 3238 istis
1266 3184 1519 3239 omnibus
1550 3186 1863 3256 generosior
1901 3201 2023 3242 esse

447 3281 754 3342 reputatur,
792 3275 946 3342 quasi
978 3277 1030 3329 in
1066 3275 1159 3329 Dei
1193 3276 1602 3344 familiaritate,
1637 3277 1790 3347 quasi
1823 3278 1874 3333 in
1927 3279 2021 3334 Dei

449 3365 737 3432 clientela,
785 3377 1042 3438 tanquam
1080 3371 1174 3440 qui
1214 3371 1324 3426 Deo
1375 3371 1537 3426 fuerit
1584 3371 1758 3428 aﬂiuis
1801 3386 2024 3444 propter

449 3462 689 3516 animam
721 3479 905 3519 veram
933 3474 990 3520 et
1029 3464 1203 3520 fidem:
1248 3475 1411 3537 atque
1437 3467 1702 3538 justitiam
1734 3470 2017 3540 integram.

445 3551 593 3609 Bene
614 3565 796 3609 natum
823 3571 946 3610 eum
993 3558 1349 3613 reddiditnon
1391 3562 1586 3616 terreni
1612 3570 1812 3630 patres,
1847 3577 2022 3633 neque

446 3646 533 3700 avi
570 3647 838 3714 carnales,
875 3650 969 3704 sed
1001 3664 1168 3720 opera
1225 3651 1507 3720 veritatis,
1571 3663 1734 3722 atque
1786 3653 2017 3709 oﬂicium

445 3738 772 3805 sanctitatis,
812 3754 912 3795 nec
953 3756 1060 3794 non
1107 3749 1164 3796 et
1207 3742 1428 3797 sincera
1464 3743 1611 3798 circa
1654 3743 1821 3798 Deum
1871 3759 2015 3813 spes.

445 3831 580 3896 Quis
610 3844 730 3887 erat
759 3833 990 3887 nobilior
1040 3833 1125 3888 vel
1178 3835 1498 3904 generosior
1540 3835 1710 3890 Cham
1756 3837 1865 3890 ﬁlio
1905 3835 2018 3891 Noe

443 3928 722 3990 mediano,
767 3927 857 3995 qui
887 3934 942 3980 et
984 3941 1051 3981 ex
1084 3928 1254 3996 patris
1309 3928 1595 3983 nobilitate
1632 3944 1749 3983 erat
1799 3930 2014 3994 nobilis,

443 4028 500 4070 et
556 4033 622 4071 ex
678 4017 772 4071 Dei
822 4018 1204 4073 benedictione
1252 4028 1418 4089 atque
1487 4020 1756 4089 colloquio
1820 4021 2016 4075 nobilis

443 4117 564 4162 erat
609 4117 668 4164 et
710 4109 978 4164 illustris?
1044 4105 1151 4165 Sed
1214 4111 1350 4164 nihil
1396 4111 1537 4181 juvit
1605 4110 1794 4175 illum,
1843 4125 2016 4179 neque

442 4200 538 4254 Dei
624 4200 953 4269 colloquium
988 4239 1004 4265 ,
1083 4214 1261 4270 neque
1323 4201 1598 4257 Creatoris
1663 4201 2009 4269 benedictio,

445 4305 622 4360 neque
673 4293 843 4362 patris
895 4292 1145 4360 justitia,
1199 4308 1322 4347 cum
1379 4294 1495 4362 ipse
1555 4293 1909 4348 declinaverit
1981 4308 2012 4347 a

437 4379 646 4446 justitia
682 4393 739 4437 ut
767 4385 1100 4453 impietatem
1127 4386 1417 4454 arriperet,
1448 4396 1670 4454 propter
1687 4399 1846 4453 quam
1868 4385 2014 4454 juste

443 4472 759 4530 humiliatus
787 4477 1036 4532 redactus
1059 4488 1143 4532 est
1171 4477 1223 4531 in
1249 4477 1594 4530 maledictum
1629 4485 1790 4545 atque
1821 4476 1872 4529 in
1897 4491 2013 4530 ser-

2125 619 2323 674 raciter
2354 633 2651 688 generosus
2679 627 3046 686 nuncupatur,
3072 621 3196 688 quia
3217 621 3519 699 libertatem
3553 619 3698 674 illam

2123 725 2244 775 quae
2279 712 2346 764 ab
2374 711 2530 764 initio
2565 710 2888 764 naturaliter
2911 721 2993 764 est
3020 726 3302 774 concessa,
3341 721 3564 780 peccato
3591 728 3699 766 non

2122 799 2359 864 vitiavit,
2396 813 2574 868 neque
2625 799 2826 853 delicto
2859 801 3169 854 maculavit.
3199 800 3346 855 Talis
3403 819 3532 873 ergo
3580 812 3701 857 erat

2121 893 2315 948 beatus
2349 891 2473 956 Job,
2507 892 2640 946 foris
2673 895 2741 946 ab
2767 894 2914 947 omni
2970 895 3198 948 crimine
3260 893 3443 958 justus
3467 933 3484 958 ,
3532 910 3700 949 verax

2123 985 2218 1039 Dei
2251 984 2450 1050 cultor,
2479 983 2764 1039 abstinens
2787 999 2846 1039 se
2873 985 2940 1038 ab
2971 985 3120 1038 omni
3146 999 3203 1038 re
3221 984 3385 1036 mala.
3411 985 3551 1054 Ergo
3573 988 3700 1053 quia

2123 1075 2252 1131 talis
2285 1084 2405 1130 erat
2431 1091 2615 1130 coram
2657 1075 2787 1140 Deo,
2831 1077 3026 1130 merito
3077 1077 3237 1146 digne
3277 1076 3476 1130 dicitur
3506 1078 3571 1132 de
3603 1092 3700 1146 ge-

2122 1185 2252 1224 nere
2279 1184 2401 1225 esse
2431 1170 2660 1239 Optimo.
2687 1169 2822 1223 Nam
2856 1170 2981 1238 quis
3030 1183 3158 1224 vere
3192 1169 3332 1223 bene
3360 1169 3466 1222 erit
3497 1179 3656 1222 natus
3680 1208 3696 1231 ,

2123 1262 2228 1317 nisi
2260 1261 2306 1316 is
2339 1262 2430 1330 qui
2454 1261 2692 1315 divinam
2726 1262 3064 1314 nativitatem
3113 1269 3278 1329 atque
3327 1259 3696 1313 conditionem

2123 1352 2393 1420 integram
2424 1351 2869 1406 conservaverit?
2904 1349 3057 1404 Sicut
3088 1349 3429 1404 admirabilis
3454 1349 3545 1403 ille
3573 1348 3696 1414 Job,
3750 1370 3759 1382 ·

2123 1444 2214 1513 qui
2244 1444 2404 1512 digne
2428 1457 2492 1498 ac
2525 1442 2671 1510 juste
2702 1443 2840 1497 bene
2870 1450 3031 1496 natus
3063 1441 3390 1510 appellatur,
3435 1457 3540 1496 non
3570 1443 3697 1512 quia

2122 1549 2189 1590 ex
2238 1533 2779 1605 Esau-generatione
2809 1532 3106 1586 carnaliter
3143 1532 3308 1586 fuerit
3351 1547 3509 1587 orsus
3537 1571 3552 1596 ,
3605 1533 3697 1586 sed

2124 1629 2250 1698 quia
2281 1629 2553 1682 Abraham
2581 1641 2679 1694 per
2703 1625 2812 1679 Deo
2843 1625 3098 1679 dilectam
3131 1624 3287 1678 ﬁdem
3318 1633 3402 1679 est
3433 1624 3697 1687 imitatus,

2123 1728 2178 1774 et
2203 1719 2332 1788 quia
2367 1718 2516 1772 Isaac
2543 1718 2595 1771 in
2626 1716 2915 1771 verissima
2949 1717 3207 1770 castitate
3236 1725 3319 1770 est
3347 1724 3616 1779 sectatus,
3645 1724 3701 1770 et

2124 1810 2288 1864 Israel
2312 1811 2365 1862 in
2393 1810 2684 1879 perspicua
2709 1808 2890 1862 cordis
2921 1806 3155 1875 puritate
3198 1807 3650 1876 appropinquavit
3677 1847 3694 1870 ,

2121 1911 2176 1957 et
2203 1901 2595 1956 Melchisedech
2621 1900 2675 1953 in
2706 1899 2937 1952 filiorum
2976 1899 3370 1964 immolatione,
3413 1909 3467 1953 et
3491 1897 3697 1967 Joseph

2123 1993 2176 2046 in
2213 1992 2482 2055 castitate,
2515 2001 2569 2045 et
2609 1989 2776 2060 Moysi
2806 1990 2858 2042 in
2903 1991 3342 2054 mansuetudine,
3374 1999 3428 2043 et
3457 1988 3697 2044 Santueli

2125 2084 2178 2138 in
2202 2083 2435 2152 justitia,
2451 2092 2506 2138 et
2524 2083 2730 2136 Lazaro
2755 2081 2808 2135 in
2830 2081 3087 2152 passione
3103 2081 3316 2152 judicii,
3340 2088 3504 2152 atque
3525 2080 3698 2135 omni-

2121 2173 2224 2228 bus
2245 2175 2450 2228 sanctis
2476 2174 2528 2226 in
2562 2173 2822 2228 omnibus
2855 2173 3177 2238 virtutibus,
3206 2173 3282 2227 ita
3324 2183 3384 2227 ut
3413 2173 3586 2242 possit
3613 2172 3698 2227 di-

2122 2281 2245 2320 cere
2265 2266 2431 2321 etiam
2468 2266 2584 2336 ipse
2617 2281 2744 2320 cum
2777 2273 2970 2321 sancto
3023 2266 3192 2320 David
3227 2284 3241 2320 :
3280 2265 3550 2335 Particeps
3603 2281 3697 2334 ego

2121 2374 2236 2412 sum
2265 2358 2497 2410 omnium
2517 2358 2811 2410 timentium
2836 2367 2905 2422 te,
2934 2367 2980 2411 et
3009 2358 3416 2411 custodientium
3444 2357 3698 2409 mandata

2123 2459 2213 2502 tua
2241 2437 2308 2502 “.
2367 2449 2510 2519 Ergo
2544 2449 2672 2518 quia
2716 2451 2964 2504 omnium
3024 2459 3342 2506 sanctorum
3389 2448 3698 2503 sanctitatis

2121 2542 2394 2611 particeps
2425 2540 2652 2597 eﬂ‘ectus
2685 2553 2768 2600 est
2795 2543 2989 2597 beatus
3031 2540 3166 2608 Job,
3206 2540 3412 2596 idcirco
3435 2539 3598 2610 digne
3627 2554 3696 2594 ex

2123 2648 2320 2703 genere
2363 2635 2572 2704 optimo
2606 2633 2778 2691 fuisse
2826 2637 3004 2692 dictus
3032 2645 3138 2699 est,
3183 2642 3372 2704 utpote
3425 2634 3589 2690 totius
3611 2632 3696 2700 ju-

2123 2725 2288 2780 stitiae
2335 2727 2674 2781 nobilitatem
2724 2727 2777 2782 in
2815 2742 2874 2783 se
2902 2737 3159 2797 gestans,
3213 2735 3400 2796 utpote
3450 2728 3696 2780 omnium

2123 2819 2430 2874 amicorum
2466 2817 2678 2873 Domini
2712 2818 3014 2872 libertatem
3047 2819 3103 2872 in
3135 2832 3194 2873 se
3224 2819 3527 2872 continens.
3576 2813 3694 2868 Non

2123 2912 2379 2967 dicuntur
2408 2914 2584 2966 Amon
2609 2911 2696 2966 vel
2723 2912 2964 2988 Ahsalon
2988 2912 3125 2966 bene
3163 2911 3271 2965 nati
3305 2929 3319 2965 :
3356 2917 3696 2979 negaverunt

2123 3006 2294 3071 enim,
2320 3013 2378 3061 et
2407 3005 2780 3062 discessr'runt
2811 3017 2970 3076 atque
2994 3004 3306 3060 ceciderunt
3347 3017 3378 3056 a
3411 3001 3696 3057 sanctitate
3758 3066 3760 3069 ι

2124 3109 2178 3153 et
2204 3098 2466 3168 dignitate
2501 3098 2668 3153 David
2706 3099 2875 3169 patris
2912 3097 2994 3153 sui
3023 3113 3036 3149 :
3079 3106 3135 3152 et
3165 3097 3255 3150 alii
3308 3088 3588 3149 innumeri
3619 3095 3695 3148 sic

2124 3190 2328 3246 militer
2351 3201 2410 3244 ut
2458 3190 2495 3244 ii
2539 3191 2699 3261 primi
2729 3202 2784 3246 et
2815 3189 3116 3256 novissimi,
3163 3189 3253 3258 qui
3287 3201 3502 3242 omnem
3531 3186 3695 3256 justi-

2127 3282 2215 3337 tia!
2246 3282 2549 3338 libertatem
2583 3283 2897 3338 amittentes
2928 3293 2984 3336 et
3014 3282 3154 3337 servi
3205 3280 3384 3364 effecti
3435 3279 3642 3349 peccati
3677 3317 3692 3339 ,

2121 3375 2311 3432 aeterni
2343 3375 2593 3446 supplicii
2625 3375 2768 3445 apud
2796 3373 3005 3430 inferos
3031 3373 3460 3442 comprobantur
3481 3370 3693 3425 famuli.

2121 3465 2234 3522 Nos
2259 3482 2388 3522 vero
2428 3467 2621 3535 dignos
2643 3480 2830 3521 omnes
2857 3465 3054 3520 habeat
3077 3473 3296 3518 sanctos
3319 3463 3560 3517 omnium
3590 3461 3695 3516 Do-

2121 3559 2324 3623 minus,
2358 3567 2419 3612 ut
2459 3558 2598 3614 bene
2629 3557 2742 3611 nati
2785 3557 2840 3610 in
2873 3564 3065 3611 sancta
3119 3543 3539 3622 regeneratione
3566 3565 3695 3620 per-

2122 3665 2462 3706 severemus.
2493 3648 2770 3704 Concedat
2804 3646 3158 3701 nihilominus
3187 3645 3300 3714 ipse
3333 3643 3488 3699 nobis
3532 3641 3695 3696 coele—

2120 3744 2220 3798 stis
2253 3743 2536 3807 Dominus,
2578 3751 2635 3795 ut
2681 3740 2740 3796 in
2773 3739 3171 3810 ineorruptibili
3202 3737 3567 3807 generositate
3591 3734 3695 3789 illi-

2118 3835 2245 3888 bata
2284 3848 2746 3903 permaneamus,
2797 3847 2908 3888 non
2961 3831 3142 3886 carnis
3187 3837 3394 3884 tantum
3444 3827 3694 3881 libertate

2117 3927 2439 3996 gloriantes,
2475 3926 2567 3979 sed
2602 3926 2798 3977 animae
2830 3924 3104 3985 castitate,
3159 3921 3264 3975 tide
3310 3930 3474 3990 atque
3508 3906 3692 3973 omnia

2116 4035 2298 4074 coram
2337 4017 2443 4072 Deo
2465 4026 2519 4071 et
2545 4020 2750 4074 sanctis
2804 4017 3011 4087 angelis
3060 4014 3177 4082 ejus
3211 4015 3687 4068 demonstrantes:

2115 4119 2196 4176 ut,
2218 4107 2366 4162 liberi
2392 4111 2457 4162 ab
2479 4108 2731 4162 omnibus
2757 4107 2993 4176 peccatis
3017 4114 3072 4159 et
3097 4103 3330 4168 delictis,
3360 4103 3412 4155 in
3431 4111 3691 4155 aeternam

2115 4205 2340 4277 gloriam
2396 4218 2459 4256 ac
2501 4183 2726 4272 regnum
2779 4201 3016 4254 ctelestis
3077 4196 3256 4250 Patris
3290 4193 3461 4250 nostri
3508 4194 3689 4262 regis,

2114 4313 2237 4353 eum
2275 4295 2480 4349 sanctis
2505 4295 2623 4348 sine
2661 4289 2981 4345 difﬁcultate
3013 4290 3368 4348 introeamus,
3400 4283 3577 4340 sancti
3604 4294 3692 4337 at-

2113 4405 2218 4461 que
2244 4387 2546 4442 iutaminati
2581 4383 2674 4437 lilii
2713 4382 2855 4452 ejus,
2897 4387 3307 4451 perseverantes
3328 4377 3382 4430 in
3407 4375 3690 4444 pratceptis

2113 4480 2231 4549 ejus
2261 4493 2436 4548 usque
2483 4477 2536 4530 in
2579 4475 2764 4537 tinem,
2798 4484 2849 4527 et
2875 4473 3181 4526 libertatem
3212 4468 3282 4522 ab
3309 4483 3373 4523 eo
3397 4465 3554 4521 nobis
3594 4466 3690 4519 do-

441 4563 689 4627 Yillﬂem-
717 4565 847 4620 Nam
878 4567 995 4637 ipse
1029 4578 1183 4636 pater
1217 4565 1352 4636 Noe,
1391 4567 1481 4636 qui
1539 4567 1656 4637 ejus
1703 4568 2012 4623 libertatem
2045 4561 2092 4620 D
2119 4584 2298 4629 natam
2329 4581 2492 4642 atque
2524 4568 2866 4625 nobilitatem
2907 4562 3314 4619 immaculatam
3343 4559 3543 4630 jugitcr
3587 4573 3685 4612 cu-

437 4663 604 4724 atque
627 4661 1044 4726 generositatem
1073 4668 1194 4714 erat
1225 4659 1577 4724 defensurus,
1609 4660 1724 4728 ipse
1741 4659 1891 4729 justo
1917 4660 2012 4714 Dei

432 4745 641 4814 judicio
675 4749 726 4801 in
758 4750 1107 4806 maledictum
1143 4761 1307 4819 atque
1344 4751 1660 4806 servitutem
1690 4765 1812 4805 eum
1846 4751 2016 4814 dona-

433 4838 537 4894 .vit.
569 4837 684 4893 Non
713 4842 858 4894 enim
883 4852 1002 4897 erat
1035 4843 1229 4914 dignus
1279 4855 1339 4899 ut
1362 4845 1536 4914 patris
1565 4843 1814 4898 libertate
1846 4851 2009 4913 atque

437 4930 726 4985 nobilitate
755 4930 1096 5003 fungeretur,
1119 4949 1283 5004 quem
1314 4943 1376 4988 ut
1422 4933 1713 5003 ignobilem
1749 4933 1917 5002 impie
1943 4935 2010 4988 ad

437 5019 764 5074 derisionem
784 5023 1059 5090 perduxit.
1077 5024 1428 5094 Nequaquam
1449 5025 1761 5095 ergojuvat,
1776 5041 1810 5080 ο
1829 5026 2012 5091 amici,

435 5122 652 5181 patrum
686 5111 897 5180 justitia
933 5115 1164 5183 injustos
1212 5127 1376 5187 atque
1400 5119 1598 5189 impios
1630 5119 1808 5176 ﬁlios:
1838 5128 1896 5173 et
1924 5120 2010 5173 ni-

435 5203 514 5259 hil
541 5205 693 5260 ohest
718 5207 823 5274 piis
851 5215 1020 5276 atque
1042 5210 1250 5264 sanctis
1280 5210 1407 5265 ﬁliis
1429 5220 1714 5280 parentum
1746 5211 2010 5280 iniustitia

435 5302 602 5366 atque
625 5298 902 5368 impietas.
936 5301 1065 5358 Sive
1096 5302 1242 5358 enim
1291 5314 1495 5373 patres,
1531 5306 1650 5361 sive
1691 5305 1835 5360 inter
1870 5304 2008 5360 filios

435 5387 558 5455 quis
589 5388 780 5444 fecerit
802 5403 1106 5460 peccatum,
1145 5394 1236 5449 hic
1262 5409 1455 5451 servus
1510 5407 1597 5451 est
1641 5397 1851 5466 peccati
1882 5413 1896 5449 :
1953 5403 2008 5452 et

435 5494 560 5532 cum
589 5495 780 5537 servus
802 5484 886 5542 sit
929 5485 1179 5554 peccati,
1212 5485 1349 5541 liber
1383 5486 1469 5542 vel
1521 5487 1661 5543 bene
1695 5496 1852 5542 natus
1883 5501 2008 5542 esse

437 5585 542 5623 non
575 5574 977 5641 comprobatur.
1018 5575 1148 5630 Item
1186 5577 1442 5632 similiter
1474 5579 1565 5649 qui
1598 5579 1740 5634 liber
1768 5586 1854 5634 est
1880 5592 2008 5648 pec»

439 5670 584 5727 cato,
610 5661 700 5718 hic
731 5665 898 5722 habet
950 5669 1238 5739 ingenuam
1267 5680 1433 5739 atque
1473 5672 1693 5742 dignam
1725 5673 1918 5727 anima:
1943 5671 2010 5727 li-

511 5819 556 5850 “
583 5822 720 5877 Psal.
756 5839 944 5894 cxvnt,
975 5827 1064 5880 65.

2115 4666 2433 4721 stodientes.
2477 4661 2567 4717 Sic
2610 4663 2796 4729 itaque
2826 4657 3081 4713 omnibus
3119 4653 3294 4707 modis
3339 4652 3476 4706 bene
3528 4656 3688 4701 natus

2113 4757 2307 4811 beatus
2338 4752 2436 4808 Job
2470 4766 2592 4807 esse
2621 4749 2980 4820 dignoscitur.
3006 4743 3156 4798 Beati
3199 4755 3387 4796 omnes
3415 4738 3508 4808 qui
3536 4737 3686 4789 illum

2115 4845 2322 4900 fuerint
2355 4842 2572 4897 imitati.
2613 4839 2762 4895 Beati
2815 4851 3006 4892 omnes
3041 4835 3130 4904 qui
3158 4833 3276 4900 ejus
3305 4831 3485 4885 divina
3519 4826 3687 4882 vesti-

2115 4940 2200 5007 gia
2232 4936 2436 4991 fuerint
2465 4933 2660 4990 secuti.
2690 4929 2927 4985 Hi‘enim
2961 4940 3149 4982 omnes
3174 4922 3333 4978 simul
3358 4931 3414 4974 ut
3439 4920 3528 4974 ille
3562 4918 3682 4988 glo-
3731 4985 3740 4998 δ

2115 5031 2194 5084 ria
2228 5027 2366 5097 apud
2393 5026 2560 5081 Deum
2592 5023 2735 5094 digni
2771 5021 3133 5076 habebuntur.
3176 5014 3281 5069 Sed
3315 5011 3493 5067 adhuc
3531 5009 3637 5064 fuit
3666 5047 3684 5074 ,

2113 5120 2314 5190 inquit,
2346 5119 2434 5172 hic
2459 5120 2622 5171 homo
2650 5116 2718 5170 de
2747 5127 2946 5182 genere
2972 5110 3198 5179 optimo.
3231 5107 3296 5159 Et
3350 5119 3455 5158 non
3509 5102 3684 5156 solum

2113 5213 2342 5283 optimo,
2368 5209 2463 5265 sed
2495 5223 2562 5260 ex
2597 5205 2847 5277 partibus
2898 5200 3155 5257 Orientis.
3214 5195 3366 5252 Unde
3412 5193 3572 5264 igitur
3601 5203 3686 5247 est

2111 5301 2401 5358 delectatio
2425 5298 2644 5352 luminis
2660 5297 2684 5349 ?
2703 5294 2859 5350 Unde
2881 5293 3048 5347 etiam
3073 5288 3207 5348 radii
3231 5283 3686 5354 pulchritudinis?

2115 5393 2268 5449 Unde
2295 5401 2448 5447 ortus
2495 5386 2783 5443 sanitatis?
2835 5383 2913 5438 Ei
2958 5381 3204 5452 partibus
3241 5377 3499 5432 Orientis.
3533 5375 3686 5430 Unde

2113 5497 2198 5542 est
2229 5484 2509 5540 hominum
2562 5476 2818 5534 initium?
2850 5474 3007 5531 Unde
3052 5471 3271 5526 fuerunt
3302 5469 3488 5524 mundi
3535 5467 3685 5535 prio-

2116 5576 2246 5632 res?
2299 5573 2397 5629 Ubi
2437 5581 2523 5627 est
2573 5568 2860 5639 paradisus
2910 5561 3313 5635 iucunditatis?
3361 5557 3632 5613 Plantavit
3664 5594 3679 5618 ,

2116 5667 2312 5740 inquit,
2348 5665 2656 5737 paradisum
2688 5659 2965 5730 uoluptatis
2995 5659 3048 5712 in
3075 5656 3247 5722 Eden,
3269 5665 3456 5709 contra
3503 5651 3680 5705 orien-
