4174 6434
438 429 536 483 33f

1532 409 1917 476 ANONYMUS
1955 413 2018 469 lN
2058 397 2199 470 ius.
2237 443 2304 454 —
2343 397 2473 470 ιω.
2517 415 2558 470 l.

3583 417 3686 472 592

440 554 542 599 tem
581 545 646 595 ⁸⁵.
681 541 808 596 lude
840 539 1097 594 nimirum
1123 536 1461 592 admirabilis
1491 533 1592 590 Job
1615 531 2014 589 diciturfuisse.
2046 557 2091 614 Α
2125 543 2317 584 manos
2347 528 2744 584 conveniebant
2777 531 2842 583 ad
2873 530 3124 586 invicem.
3179 525 3366 586 Nullus
3414 531 3693 600 judicabat

441 638 522 692 Ob
546 651 707 705 quam
745 633 900 687 rem?
929 631 1067 698 Quia
1108 629 1322 685 refulsit
1344 628 1574 683 veritate
1599 634 1654 682 et
1682 623 2017 692 resplenduit

445 729 551 781 ﬁde
580 742 645 782 ac
673 726 895 796 pietate,
923 733 1088 794 atque
1145 721 1428 777 tolerantia
1450 759 1464 781 ,
1515 726 1571 773 et
1619 717 1872 772 omnibus
1905 717 2017 769 vir-

440 826 614 870 tutum
655 815 870 870 studiis.
900 813 981 870 Ob
1003 814 1105 869 hoc
1135 826 1264 881 ergo
1290 810 1451 879 digne
1479 824 1543 864 ex
1575 823 1774 879 genere
1805 807 2015 877 optimo

438 920 496 964 et
537 924 604 962 ex
654 908 900 978 partibus
951 905 1179 960 orientis
1233 902 1398 957 fuisse
1437 901 1655 957 dicitur.
1693 899 1827 954 Nam
1877 901 2019 954 sicut

439 1011 630 1053 Omnes
680 996 930 1051 homines
980 996 1085 1050 diei
1145 995 1268 1048 luce
1321 992 1609 1062 incipiente
1652 992 1718 1044 ad
1752 991 2015 1045 orientem

440 1102 592 1142 suam
629 1087 898 1142 extollunt
925 1086 1188 1140 visionem
1208 1124 1223 1149 ,
1249 1084 1650 1155 pulcherrimos
1678 1081 1810 1137 solis
1840 1083 2019 1136 radios

439 1187 801 1251 properantes
833 1178 1143 1248 respicere;
1197 1177 1276 1232 sic
1327 1175 1602 1238 similiter,
1635 1175 1719 1228 vel
1763 1176 1869 1230 imo
1922 1191 2018 1244 po-

439 1274 548 1327 tius
581 1271 761 1326 omnis
794 1269 880 1339 pia
906 1284 972 1324 ac
1000 1269 1253 1340 religiosa
1283 1278 1446 1338 atque
1473 1268 1706 1323 credens
1737 1267 1916 1321 anima
1963 1268 2015 1320 in

439 1364 585 1418 omni
621 1371 866 1431 tempore
905 1362 970 1416 ad
1002 1361 1466 1429 incorruptibilem
1516 1359 1807 1421 orientem,
1833 1373 2016 1413 veram

440 1453 741 1524 Spiritalem
771 1451 982 1507 extollit
1012 1452 1300 1511 visionem.
1327 1459 1385 1504 tit
1419 1449 1562 1504 Solis
1583 1448 1806 1514 iustitiae
1840 1450 2017 1502 admi-

439 1540 644 1595 rabiles
671 1539 853 1593 radios
883 1538 1079 1594 exinde
1103 1539 1238 1594 oriri
1271 1539 1594 1606 conspiciat.
1623 1537 1734 1593 Hoc
1764 1541 2020 1594 mouebat

440 1631 621 1686 ethoc
673 1630 1037 1700 significabat,
1067 1638 1121 1685 et
1147 1630 1251 1685 hoc
1284 1630 1516 1687 docebat
1559 1644 1752 1685 omnes
1803 1631 1897 1685 ille
1925 1631 2016 1700 qui

441 1724 516 1777 ait
544 1722 590 1754 ⁸⁸
616 1741 628 1776 :
656 1722 880 1776 Psallite
902 1723 1007 1776 Deo
1023 1724 1112 1793 qui
1138 1724 1374 1776 ascendit
1394 1740 1550 1791 super
1571 1724 1756 1778 caelum
1772 1725 2019 1778 caelorum

441 1815 510 1869 ad
551 1815 824 1868 orientem.
865 1813 959 1870 Sic
1003 1828 1236 1884 namque
1275 1815 1482 1868 Danieii
1515 1815 1764 1870 adoranti
1799 1815 1967 1868 Deum
2003 1855 2017 1873 .

441 1917 608 1974 atque
639 1907 952 1976 deprecanti
981 1916 1168 1963 contra
1200 1905 1503 1962 Jerusalem
1527 1908 1913 1976 aperiebantur
1941 1907 2014 1962 te-
2048 1894 2088 1951 Β

441 2009 644 2054 nostra:
666 1998 730 2054 ³⁷.
766 1999 860 2053 Illo
884 2000 1030 2054 enim
1066 2000 1155 2052 ubi
1182 2009 1302 2056 erat
1326 2013 1392 2053 ex
1442 1998 1715 2070 Babylone
1741 1999 1807 2052 ad
1835 1999 2017 2053 orien-

442 2100 573 2156 tem,
600 2090 724 2145 inde
747 2099 867 2146 erat
895 2091 1026 2145 solis
1050 2099 1205 2145 ortus
1237 2089 1304 2143 ad
1328 2088 1688 2160 Babylonem.
1716 2089 1858 2157 Ergo
1887 2091 2015 2159 quia

441 2195 563 2235 cum
587 2180 639 2234 in
675 2179 1046 2250 Hierosolyma
1079 2189 1222 2233 esset
1246 2178 1313 2231 ad
1340 2179 1603 2232 orientem
1630 2179 1910 2239 adorabat,
1933 2178 2019 2231 id-

441 2278 592 2331 eirco
611 2285 666 2330 et
691 2289 813 2330 cum
845 2282 988 2328 esset
1016 2273 1069 2325 in
1093 2271 1389 2342 Babylonia
1416 2283 1672 2339 tanquam
1707 2269 1770 2324 ad
1796 2269 2021 2325 Jerusa-

439 2367 550 2423 lem
589 2380 779 2422 versus
809 2365 877 2420 ad
918 2363 1184 2419 orientem
1213 2362 1477 2416 adorabat
1509 2361 1675 2415 Deum
1703 2369 1758 2414 et
1806 2371 2018 2415 creato-

441 2476 558 2515 rem
589 2460 854 2515 omnium.
885 2457 966 2512 Ad
995 2456 1261 2510 orientem
1305 2453 1568 2508 adorabat
1595 2468 1719 2506 eum
1743 2492 1759 2515 ,
1807 2467 1873 2508 ex
1906 2468 2017 2524 quo

439 2560 524 2606 est
556 2551 717 2605 totius
743 2546 992 2602 beneficii
1025 2561 1088 2600 ac
1119 2544 1331 2610 salutis,
1359 2543 1553 2614 gratia;
1583 2558 1802 2613 quoque
1826 2557 1891 2599 ae
1917 2544 2017 2597 mi-

441 2640 755 2698 sericordiae
785 2647 964 2694 ortus.
1016 2638 1110 2693 Sic
1148 2650 1384 2707 namque
1411 2645 1466 2690 et
1499 2650 1640 2690 nune
1687 2649 1787 2690 nos
1829 2649 2018 2690 omnes

441 2735 746 2796 credentes,
779 2731 986 2788 sanctis
1012 2730 1263 2786 similiter
1295 2728 1642 2784 credentibus
1679 2729 2018 2784 concordan-

443 2836 524 2880 tes
553 2825 618 2879 ad
646 2825 911 2879 orientem
936 2822 1222 2876 adoramus
1241 2818 1529 2874 Dominum
1553 2817 1719 2873 Deum
1744 2827 2013 2881 nostrum,

441 2917 534 2986 qui
568 2925 789 2985 prepter
817 2922 1058 2969 nostram
1089 2912 1320 2968 salutem
1378 2917 1540 2980 atque
1591 2912 2016 2982 redemptionem

443 3023 610 3077 super
637 3021 896 3062 occasum
946 3019 1077 3060 sane
1115 3003 1416 3067 descendit,
1445 3011 1632 3073 utpote
1655 3002 1710 3056 in
1740 3003 2015 3073 passione,

442 3113 508 3154 ac
544 3106 718 3152 morte
749 3110 1069 3159 oceasurus,
1103 3097 1169 3148 ad
1199 3095 1468 3150 orientem
1490 3109 1620 3150 vero
1655 3093 1902 3148 ascendit
1928 3101 2016 3146 ut-

444 3199 568 3261 pote
593 3203 620 3242 a
653 3188 886 3243 mortuis
912 3195 1035 3254 post
1067 3187 1376 3256 passionem
1407 3200 1718 3256 resurgens,
1742 3191 1797 3238 et
1823 3185 1876 3238 in
1906 3197 2017 3238 cte-

375 3268 380 3273 ’
444 3281 555 3336 lum
584 3288 707 3349 post
752 3279 1207 3334 resurrectionem
1256 3279 1323 3332 ad
1374 3277 1642 3332 orientem
1697 3275 2014 3330 ascendens.

448 3373 650 3428 llorum
687 3387 923 3442 namque
961 3371 1205 3426 omnium
1239 3371 1469 3442 figuram
1501 3369 1802 3438 adimplens
1829 3368 2020 3424 beatus

441 3461 568 3530 Job,
603 3477 670 3517 ex
695 3463 945 3532 partibus
983 3461 1213 3516 orientis
1257 3475 1380 3517 esse
1411 3461 1634 3525 dicitur,
1665 3463 1792 3530 quia
1843 3459 2020 3514 omnis

445 3555 708 3611 sanctitas
731 3563 786 3611 et
809 3554 985 3624 pietas
1014 3564 1177 3624 atque
1208 3553 1342 3609 ﬁdes
1372 3568 1544 3622 usque
1572 3552 1627 3612 iu
1657 3550 1818 3606 finem
1840 3552 1891 3606 in
1929 3550 2020 3605 illo

443 3657 562 3704 orta
595 3655 699 3702 est.

517 3740 646 3795 Post
671 3739 789 3794 haec
820 3746 996 3792 autem
1033 3737 1285 3792 universa
1335 3737 1601 3808 adjiciens
1638 3736 1809 3791 dicit:
1878 3735 2022 3790 Con-

445 3833 704 3886 venientes
735 3846 856 3900 ergo
885 3830 986 3898 ﬁlii
1033 3830 1144 3892 eius
1173 3833 1241 3882 ad
1273 3830 1518 3894 inuicem,
1539 3830 1825 3896 potationes
1853 3829 2020 3898 facie-

448 3927 570 3977 bant
601 3940 689 3992 per
715 3923 951 3993 singulos
997 3922 1111 3976 dies
1143 3921 1210 3974 ⁸⁸.
1271 3919 1393 3975 Filii
1439 3922 1600 3975 illius.
1659 3919 1865 3990 Cujus?
1893 3919 2014 3974 Job.

446 4011 566 4071 Filii
601 4015 742 4070 illius
773 4015 866 4085 qui
901 4015 1101 4069 dudum
1132 4024 1261 4070 sunt
1306 4013 1571 4084 designati
1605 4013 1688 4069 vel
1713 4013 2018 4068 memorati.

443 4108 564 4164 Filii
597 4108 692 4176 qui
733 4117 938 4178 septem
963 4105 1186 4161 fuerunt
1219 4120 1471 4170 numero,
1528 4113 1584 4160 et
1615 4119 1776 4158 uuam
1810 4104 2018 4157 habue-

443 4207 572 4253 runt
599 4199 858 4252 animam.
891 4197 1108 4266 Septem
1162 4195 1385 4251 fuerunt
1416 4210 1663 4266 personae
1687 4233 1702 4260 ,
1756 4201 1813 4249 et
1850 4208 2017 4247 unum

443 4298 565 4342 erat
590 4288 670 4342 eis
695 4302 809 4342 cor.
874 4285 976 4353 Qui
1029 4285 1322 4341 dissimiles
1374 4291 1532 4338 erant
1588 4288 1807 4352 aspectu
1859 4287 2022 4348 atque

444 4379 604 4445 facie,
635 4378 844 4434 similes
874 4391 1001 4433 vero
1033 4387 1090 4433 et
1138 4375 1427 4431 unanimes
1473 4373 1672 4429 mentis
1727 4370 2021 4428 concordia

444 4483 610 4540 atque
639 4471 858 4540 pietatis
906 4468 1310 4524 communione.
1364 4465 1455 4519 lsti
1505 4477 1638 4534 ergo
1682 4471 1892 4533 septem
1922 4461 2018 4515 filii

2122 622 2262 675 inter
2292 636 2411 686 eos,
2442 636 2543 676 nec
2575 624 2871 692 quidquam
2907 637 3067 679 Suum
3118 639 3239 678 esse
3284 625 3500 678 dicebat
3529 667 3544 692 ,
3600 630 3693 682 sed

2119 721 2276 766 erant
2306 713 2410 767 illis
2437 715 2618 768 omnia
2650 717 2983 776 communia,
3011 725 3063 769 et
3089 731 3333 781 munera,
3360 727 3414 770 et
3441 719 3695 774 substan-

2120 807 2214 868 tia,
2249 817 2304 860 et
2333 808 2556 868 divitiae,
2584 817 2639 860 et
2666 809 3020 874 unanimitas,
3043 819 3098 864 et
3131 811 3390 878 pecunia,
3431 821 3484 866 et
3511 812 3694 866 chari-

2119 906 2223 965 tas,
2255 899 2436 953 omnia
2469 909 2629 954 erant
2680 902 2783 956 illis
2819 903 3145 956 c0mmunia.
3182 900 3696 974 Convvniebantque

2123 990 2191 1044 ad
2215 991 2445 1045 invicem
2470 992 2567 1061 ipsi
2586 993 2812 1060 priores,
2837 994 3195 1063 adimplentcs
3217 995 3316 1050 hoc
3335 998 3475 1064 quod
3490 997 3694 1053 dictum

2119 1093 2243 1138 est:
2279 1081 2411 1138 Ecce
2442 1100 2598 1154 quam
2635 1089 2847 1149 bonum,
2874 1097 2921 1140 et
2956 1105 3113 1158 quam
3138 1089 3432 1158 jucundum
3457 1093 3697 1148 habitare

2119 1176 2312 1244 fratres
2349 1179 2405 1231 in
2432 1193 2590 1231 unum
2617 1179 2662 1210 "
2689 1195 2701 1231 :
2734 1180 2832 1249 ipsi
2868 1181 3077 1250 priores
3097 1181 3458 1238 observantes
3481 1184 3532 1238 id
3552 1189 3694 1255 quod

2119 1275 2244 1336 post
2276 1268 2344 1321 ab
2377 1267 2638 1336 apostolis
2694 1269 3043 1325 observatum
3075 1282 3162 1326 est
3203 1281 3257 1326 et
3286 1286 3314 1324 a
3349 1274 3696 1328 credentibus

2120 1355 2420 1424 perfectum
2474 1366 2641 1425 atque
2695 1357 3073 1428 adimpletum,
3108 1361 3248 1414 sicut
3283 1361 3484 1416 dicitur
3513 1381 3527 1417 :
3563 1363 3694 1417 Erat

2119 1461 2212 1500 cor
2249 1456 2298 1500 et
2332 1449 2512 1500 anima
2542 1449 2773 1502 omnium
2804 1451 3130 1504 credentium
3162 1469 3269 1505 una
3295 1454 3362 1510 ⁸⁸³.
3393 1452 3544 1510 Hanc
3591 1457 3696 1510 sci-

2120 1538 2251 1592 licet
2277 1538 2424 1608 piam
2475 1540 2892 1597 unanimilatem
2924 1543 3278 1600 ostendentes
3326 1555 3489 1613 atque
3519 1547 3694 1600 since-

2123 1646 2237 1683 ram
2283 1630 2630 1684 coneordiam
2672 1631 3112 1689 demonstrantes
3149 1635 3289 1689 beati
3350 1635 3426 1691 illi
3469 1638 3563 1692 filii
3594 1637 3696 1694 Job

2121 1720 2526 1775 conveniebant
2570 1723 2633 1775 ad
2664 1722 2918 1778 invicem.
2953 1723 3030 1778 ita
3061 1736 3274 1795 oportet
3299 1731 3461 1783 etiam
3513 1729 3695 1785 facere

2125 1815 2406 1884 religiosos
2432 1813 2654 1877 fratres,
2682 1815 2752 1868 ita
2783 1826 2998 1885 Oportet
3028 1819 3194 1872 etiam
3229 1836 3372 1876 nunc
3404 1823 3696 1878 ostendere

2119 1920 2276 1960 veros
2301 1919 2612 1974 germanos,
2640 1907 2866 1962 blandos
2902 1919 3066 1979 atque
3101 1911 3260 1966 mites
3283 1927 3405 1967 esse
3435 1913 3692 1980 invicem,

2121 1998 2394 2052 modestos
2417 2011 2634 2066 quoque
2657 2008 2713 2051 et
2754 2001 3062 2055 unanimes.
3094 1999 3209 2053 Non
3241 2014 3454 2072 oportet
3476 2015 3695 2059 contnu-

2121 2087 2318 2141 tionem
2369 2088 2454 2142 vel
2512 2088 2807 2144 divortium
2843 2105 2964 2145 cum
3014 2093 3243 2149 invicem
3289 2094 3510 2149 habere.
3577 2095 3692 2149 Non

2118 2189 2332 2249 oportet
2354 2195 2449 2234 eos
2483 2180 2740 2236 invidiam
2773 2191 2940 2251 atque
2963 2185 3138 2240 zelum
3172 2187 3437 2243 adversus
3465 2189 3692 2244 invicem

2121 2270 2378 2326 retinere.
2411 2269 2525 2325 Non
2558 2281 2775 2341 oportet
2801 2287 2896 2330 eos
2937 2275 3201 2329 malitiam
3233 2277 3315 2330 vel
3345 2277 3691 2347 iniquitatem

2120 2361 2187 2414 ad
2211 2361 2442 2415 invicem
2474 2373 2774 2427 reservare,
2800 2364 2944 2419 sicut
2970 2365 3098 2420 olim
3130 2367 3266 2421 Esau
3296 2369 3534 2422 servavit
3563 2384 3694 2424 con—

2120 2459 2199 2504 tra
2229 2448 2398 2505 Jaeob
2453 2451 2688 2507 dicens:
2753 2453 2981 2519 Quando
3032 2459 3525 2526 appropinquabant
3579 2461 3692 2511 dies

2117 2545 2299 2597 mortis
2320 2545 2486 2610 patris
2514 2546 2638 2609 mei,
2660 2546 2972 2615 interﬁciam
2997 2547 3161 2601 Jacob
3181 2549 3400 2618 fratrem
3429 2568 3600 2605 meum
3620 2551 3690 2606 ¹¹.

2120 2632 2226 2690 Sed
2262 2635 2511 2690 similiter
2530 2647 2589 2690 ut
2617 2636 2692 2691 illi
2721 2637 2959 2708 religiosi
2991 2640 3084 2694 filii
3114 2638 3214 2694 10b
3245 2657 3305 2696 se
3333 2642 3566 2698 invicem
3599 2645 3693 2698 de-

2119 2723 2492 2795 bentdiiigere
2525 2727 2756 2795 puriter,
2797 2736 2962 2796 atque
2995 2729 3286 2785 sinceriter
3335 2733 3566 2789 invicem
3595 2736 3692 2787 dc-

2119 2813 2248 2869 bent
2275 2817 2503 2882 sentire,
2529 2831 2682 2872 suam
2715 2817 2944 2889 gloriam
2976 2829 3142 2890 atque
3168 2822 3426 2880 honorem
3461 2826 3561 2881 sibi
3608 2827 3694 2880 in-

2118 2906 2291 2961 vicem
2321 2907 2558 2975 deferre,
2588 2909 2730 2965 sicut
2769 2909 2899 2965 dicit
2920 2911 3208 2980 Apostolus
3237 2932 3248 2965 :
3287 2914 3349 2970 Si
3373 2915 3694 2983 honoriﬁca-

2119 3008 2231 3051 tttm
2248 3014 2407 3052 unum
2431 2999 2593 3069 fuerit
2615 3003 2928 3070 membrum,
2961 3005 3293 3073 congaudent
3314 3010 3491 3060 omnia
3528 3025 3691 3061 ntem-

2120 3091 2213 3144 bra
2235 3092 2301 3145 ".
2319 3091 2437 3148 Nan
2461 3104 2673 3162 Oportet
2692 3095 2926 3150 invicem
2948 3097 3196 3154 mordere
3225 3111 3386 3169 atque
3410 3103 3692 3156 criminari

2120 3197 2187 3236 ne
2202 3183 2270 3238 ad
2293 3183 2525 3240 invicem
2551 3195 2943 3242 consumantur
2977 3206 2990 3242 :
3021 3188 3165 3244 sicut
3190 3189 3331 3246 Esau
3354 3193 3445 3248 ille
3475 3195 3695 3264 nequis-

2125 3274 2314 3341 simus,
2348 3276 2438 3344 qui
2471 3287 2694 3346 propter
2733 3278 3049 3333 aviditatem
3089 3281 3379 3349 primatum
3410 3285 3692 3349 amittens,

2124 3374 2244 3434 post
2275 3369 2388 3424 haec
2439 3369 2702 3426 adversus
2730 3385 3049 3441 germanum
3083 3371 3307 3429 fratrem
3341 3390 3496 3430 suum
3527 3375 3693 3430 Jacob

2121 3456 2429 3530 insurgens,
2460 3460 2654 3516 divina:
2677 3465 2867 3532 gratiae
2892 3477 3085 3521 exsors
3115 3465 3339 3522 effectus
3360 3478 3460 3523 est.
3489 3468 3598 3524 Sed
3627 3468 3692 3522 fi-

2120 3545 2315 3602 liorum
2338 3547 2440 3604 Job
2467 3549 2671 3605 imitari
2711 3553 2912 3609 debent
2937 3557 3220 3625 benignam
3250 3557 3394 3611 illam
3418 3561 3693 3629 germani-

2123 3648 2314 3703 tatem,
2347 3651 2508 3712 atque
2534 3644 2644 3698 Deo
2667 3643 2916 3700 dilectam
2949 3647 3475 3718 fraternitatem,qui
3505 3665 3694 3706 omnes

2121 3740 2379 3803 tanquam
2413 3750 2478 3790 ex
2511 3745 2700 3791 saneta
2735 3739 2921 3794 radice
2951 3742 3124 3796 sancti
3167 3753 3458 3798 creverunt
3509 3744 3646 3798 rami
3678 3784 3694 3806 ,

2121 3823 2212 3891 qui
2241 3839 2431 3879 omnes
2463 3828 2714 3895 tanqua’m
2744 3843 2812 3882 ex
2850 3838 3038 3884 sancta
3071 3831 3269 3886 arbore
3291 3839 3538 3886 sanctqu
3570 3849 3695 3902 pro-

2121 3913 2394 3969 duxerunt
2414 3926 2470 3971 et
2497 3915 2754 3972 fructum.
2781 3919 2856 3974 De
2882 3919 3000 3974 istis
3025 3935 3156 3992 ergo
3197 3923 3319 3978 istic
3351 3924 3482 3978 dicit
3507 3944 3522 3978 :
3551 3925 3692 3978 Con-

2122 4005 2384 4059 venientes
2416 4018 2590 4060 autem
2623 4007 2722 4074 ﬁlii
2749 4009 2865 4078 ejus
2887 4015 2956 4062 ad
2977 4011 3197 4084 invicem
3227 4053 3241 4078 ,
3271 4015 3570 4080 potationes
3610 4017 3697 4084 fa-

2122 4095 2325 4150 ciebant
2351 4112 2443 4164 pcr
2464 4099 2702 4168 singulos
2726 4101 2838 4154 dies
2867 4103 2960 4155 δ”.
2998 4082 3309 4160 Ροίειιίοηεε
3329 4082 3617 4160 faciebant
3642 4107 3694 4161 id

2123 4197 2206 4242 est
2231 4188 2503 4254 convivia,
2544 4189 2908 4256 festivitates,
2959 4192 3226 4262 laetitiam,
3271 4195 3692 4264 iucunditatem.

2125 4279 2229 4334 Sed
2262 4295 2366 4335 non
2396 4280 2497 4334 sibi
2535 4291 2746 4337 tantum
2783 4283 3091 4351 huiusmodi
3145 4286 3459 4356 faciebant,
3507 4290 3602 4344 sed
3636 4295 3692 4340 et

2122 4372 2402 4427 sororibus
2427 4373 2560 4429 suis.
2595 4373 2942 4442 Convocatis,
2999 4379 3213 4448 inquit,
3256 4383 3326 4436 ad
3355 4397 3412 4435 se
3454 4393 3501 4435 et
3528 4380 3693 4433 tribus

2122 4463 2391 4516 sororibus
2418 4467 2548 4531 suis,
2571 4474 2625 4518 ut
2647 4482 2822 4522 secum
2844 4470 3247 4536 manducarent,
3274 4482 3320 4526 et
3343 4473 3574 4526 biberent
3598 4469 3689 4523 ⁸⁸⁸.

444 4561 544 4618 Job
569 4561 956 4617 convenientes
988 4558 1327 4614 adinvicem.
1359 4554 1480 4611 Non
1502 4563 1621 4610 erat
1649 4553 1790 4608 inter
1811 4567 1905 4609 eos
1933 4567 2020 4606 su-
2049 4571 2094 4626 ι)
2126 4549 2434 4606 Potationes
2460 4553 2749 4624 faciebant,
2781 4557 2876 4612 sed
2901 4573 3006 4613 non
3043 4569 3266 4629 propter
3295 4561 3690 4626 ebriositatem,

444 4655 653 4728 perbia,
686 4668 859 4724 neque
889 4652 1224 4721 arrogantia,
1259 4663 1433 4719 neque
1458 4646 1684 4708 inflatio,
1711 4658 1884 4714 neque
1905 4642 2016 4698 ela-

449 4746 545 4802 tio.
576 4744 695 4798 Non
723 4742 1108 4799 contemnebat
1155 4741 1364 4810 primus
1390 4737 1743 4792 novissimum
1765 4775 1782 4801 ,
1817 4749 1924 4790 non
1959 4748 2017 4786 se

445 4837 762 4903 extollebat,
794 4849 899 4889 non
921 4831 1195 4887 exaltabat
1215 4829 1390 4899 major
1417 4843 1578 4899 super
1603 4828 1889 4892 minorem,
1921 4825 2015 4881 sed

448 4941 830 4998 germanorum
859 4925 1009 4980 circa
1051 4923 1285 4979 invicem
1322 4927 1716 4975 conservantes
1740 4917 2013 4973 unanimi-

449 5026 639 5081 tatem,
663 5007 1062 5071 conveniebant
1090 5013 1156 5068 ad
1178 5011 1429 5069 invicem.
1446 5007 1855 5065 Conveniebant
1884 5021 2018 5077 pure

447 5116 614 5178 atque
643 5109 874 5173 sincere,
907 5103 1303 5160 conveniebant
1323 5100 1666 5156 concorditer
1687 5108 1853 5168 atque
1884 5111 2020 5151 una-

447 5199 688 5253 nimiter.
710 5195 904 5253 Junior
922 5195 1107 5265 majori
1131 5193 1454 5264 obsequium
1471 5189 1753 5254 reddebat,
1783 5187 2020 5244 novissi-

449 5304 572 5343 mus
600 5293 775 5360 primo
815 5303 940 5343 cum
973 5287 1210 5358 primatu
1250 5286 1514 5340 honorem
1546 5281 1879 5338 exhibebat:
1913 5293 2020 5333 non

450 5378 728 5433 invidebat
752 5378 892 5434 alter
919 5377 1102 5443 alteri,
1133 5377 1277 5433 sicut
1307 5376 1401 5432 filii
1431 5371 1602 5430 Jacob
1631 5371 1854 5442 Josepb.
1902 5369 2021 5425 Non

448 5469 740 5525 resistebat
767 5469 906 5526 alter
933 5470 1111 5536 alteri,
1140 5470 1282 5525 sicut
1307 5467 1544 5524 Absalon
1574 5468 1774 5530 Amon,
1807 5472 1864 5520 et
1881 5464 2024 5522 sicut

449 5561 686 5618 Adonias
703 5561 984 5627 Salomon,
1013 5563 1106 5618 sed
1128 5560 1523 5617 conveniebant
1544 5559 1611 5614 ad
1628 5557 1881 5623 invicem,
1908 5564 2026 5609 tan-

451 5668 612 5724 quam
654 5653 848 5709 fratres
877 5653 942 5707 ad
967 5652 1197 5721 fratres,
1228 5661 1484 5724 tanquam
1515 5651 1763 5723 germani
1799 5649 1868 5704 ad
1902 5663 2025 5720 ger-

523 5791 570 5825 “
593 5793 729 5848 Gen.
754 5809 814 5855 it,
847 5792 902 5849 8.
1005 5793 1051 5825 “
1080 5791 1408 5856 Psal.uvu,
1471 5792 1564 5846 55.

453 5866 493 5897 ⁵¹
526 5865 662 5920 Gen.
695 5880 864 5931 xxvn,
893 5863 980 5919 41.

1669 5790 1714 5821 ⁵⁷
1758 5789 1891 5846 Dan.
1925 5804 2002 5846 vr.

2123 4658 2301 4714 neque
2324 4660 2421 4714 pro
2452 4645 2690 4714 luxuria,
2743 4665 2915 4719 neque
2955 4665 3052 4720 pro
3105 4653 3438 4722 turpitudine
3463 4692 3479 4717 ,
3520 4665 3696 4721 neque

2123 4750 2222 4805 pro
2247 4735 2664 4805 intemperantia
2691 4778 2706 4802 ,
2747 4755 2924 4809 neque
2970 4756 3070 4810 pro
3109 4742 3316 4797 illicitis
3345 4743 3699 4797 scurrilitati-

2127 4829 2249 4891 bus,
2277 4842 2456 4896 neque
2480 4843 2576 4898 pro
2607 4831 2962 4887 desideriosis
3001 4833 3163 4902 jocis,
3200 4849 3374 4903 neque
3405 4849 3501 4903 pro
3527 4835 3701 4904 impu-

2124 4918 2263 4974 dicis
2317 4920 2601 4989 colloquiis
2659 4932 2820 4993 atque
2873 4924 3146 4980 obscenis.
3194 4926 3250 4980 Si
3286 4927 3431 4981 enim
3492 4926 3699 4995 aliquid

2127 5009 2323 5064 horum
2378 5012 2518 5078 apud
2566 5026 2661 5068 eos
2709 5013 2945 5080 fuisset,
2977 5019 3025 5070 si
3054 5016 3256 5085 aliquid
3286 5016 3353 5072 de
3386 5015 3696 5085 bujusmodi

2125 5100 2270 5156 beati
2297 5101 2372 5157 illi
2407 5102 2501 5158 filii
2532 5101 2634 5159 Job
2665 5116 2911 5176 agerent,
2942 5122 3048 5163 non
3085 5109 3270 5178 utique
3305 5122 3524 5163 sorores
3569 5121 3699 5163 suas

2129 5203 2312 5244 secum
2343 5205 2757 5261 convocasscnt,
2803 5206 2863 5250 ut
2891 5210 3015 5252 cum
3047 5199 3327 5254 sororibus
3351 5199 3464 5254 suis
3509 5193 3700 5253 illicita

2125 5295 2288 5355 atque
2310 5285 2584 5356 impudica
2601 5300 2843 5360 agerent,
2878 5292 2961 5348 vel
2978 5291 3434 5362 colloquerentur.
3451 5292 3524 5346 At
3553 5303 3701 5346 nunc

2125 5392 2256 5432 vero
2280 5378 2405 5448 quia
2426 5393 2591 5448 opera
2625 5395 2816 5437 eorum
2842 5423 2862 5447 ,
2895 5395 2951 5440 et
2987 5382 3176 5449 verba,
3206 5393 3262 5439 et
3286 5392 3584 5439 conventus
3611 5391 3700 5435 at-

2127 5485 2236 5540 que
2273 5472 2517 5528 convivia
2552 5473 2636 5542 pia
2672 5490 2737 5530 ac
2761 5476 2954 5544 pudica
2981 5485 3158 5541 erant,
3181 5476 3382 5532 decora
3408 5487 3573 5546 atque
3602 5475 3700 5530 de—

2127 5560 2291 5628 lecta,
2327 5573 2476 5618 casta
2515 5564 2869 5621 nihilominus
2896 5576 2948 5620 et
2983 5567 3201 5633 munda,
3234 5568 3428 5623 merito
3456 5569 3510 5622 in
3535 5566 3701 5621 ιιθειίυι

2131 5655 2370 5710 monium
2396 5658 2732 5728 purgationis
2764 5669 3068 5729 summque
3098 5659 3375 5715 munditia:
3409 5670 3702 5731 germanas

2123 5787 2168 5864 ’ff
2192 5787 2303 5864 Job
2337 5807 2376 5858 t,
2427 5788 2474 5848 ι.
2598 5792 2642 5832 ⁸ο
2672 5791 2814 5850 Psal.
2851 5810 3059 5864 curru,
3100 5795 3154 5848 Ι.
3273 5796 3320 5827 ⁸ο
3348 5796 3470 5852 Act.
3499 5810 3571 5858 tv,
3601 5789 3701 5848 32.

1057 5863 1102 5896 "
1135 5862 1155 5917 l
1183 5860 1311 5919 Cor.
1341 5877 1440 5927 xu,
1463 5861 1561 5916 9.6.
1637 5862 1704 5894 "‘
1729 5859 1831 5916 Job
1859 5875 1899 5928 t,
1923 5861 1978 5913 4.
2051 5857 2097 5889 ⁸³
2133 5859 2266 5916 ibid.
