4174 6390
348 309 453 363 395

1474 315 1857 370 ANONYML‘S
1897 314 1958 368 IN
2000 313 2137 367 JOll.
2181 346 2246 354 -—
2286 313 2410 367 LIB.
2454 315 2492 368 Ι.

3506 322 3612 374 πῃ*

350 441 567 481 sorores
603 441 730 482 suas
751 442 936 483 secum
975 431 1367 497 convocabant,
1390 442 1446 486 nt
1475 433 1792 490 innocentes
1819 451 1934 490 scc-
1968 435 2010 490 Δ
2042 428 2184 482 lalur
2212 431 2355 483 enim
2387 442 2562 485 tecum
2601 430 2860 486 υοιῐὶίηυε
2887 430 3031 488 Deus
3063 441 3185 488 llius
3225 449 3320 503 νοτ
3370 437 3611 506 inopem.

350 520 525 573 lerum
551 534 736 574 coram
770 530 923 590 patre
966 538 1066 576 suo
1119 534 1281 592 atque
1326 526 1579 581 omnibus
1604 536 1932 582 attestaren-

350 623 456 668 tur.
495 611 578 669 Ob
632 616 736 669 hoc
782 629 914 686 ergo
951 619 1328 673 commeabant
1367 621 1434 675 ad
1482 635 1542 676 se
1572 631 1683 676 tres
1717 637 1934 677 sorores

348 718 480 759 suas
507 713 769 760 utsecum
801 707 1196 763 manducarent
1234 719 1289 764 et
1337 711 1628 775 biberent,
1678 721 1737 765 ut
1788 712 1932 767 sicut

348 809 533 849 secum
567 799 959 852 manducarent
1013 809 1069 853 et
1123 799 1410 866 biberent,
1441 801 1520 857 sic
1550 811 1602 858 et
1650 803 1929 859 collauda-

349 896 495 951 rent,
530 897 585 941 et
619 889 1047 945 bonorilicarent
1077 907 1263 947 secum
1290 894 1576 949 Dominum
1610 895 1928 960 caelestem,

346 979 427 1032 sic
457 990 514 1033 et
547 981 861 1045 adorarent,
894 992 952 1038 et
981 984 1188 1050 gratias
1219 997 1446 1056 agerent
1487 1003 1620 1044 vero
1650 987 1926 1050 Creatori,

347 1070 426 1124 sic
455 1079 512 1126 et
541 1070 837 1128 adorarent
867 1083 921 1128 et
951 1075 1381 1144 deprecarentur
1415 1089 1680 1134 :eternum
1719 1095 1926 1150 regem.

347 1161 430 1217 0b
465 1162 566 1218 hoc
601 1179 734 1234 ergo
777 1168 1154 1222 convocabant
1181 1184 1365 1225 secum
1392 1181 1502 1226 tres
1530 1186 1749 1227 sorores
1777 1188 1924 1238 suas,

346 1266 403 1309 ut
427 1255 621 1312 fierent
654 1273 846 1313 omnes
880 1260 1042 1314 simul
1069 1262 1297 1318 ecclesia
1332 1276 1668 1330 sanctorum,
1698 1281 1928 1338 congre-

345 1348 492 1417 gatio
526 1349 928 1419 religiosorum,
971 1367 1276 1410 conventus
1310 1356 1785 1413 immaculatorum
1806 1401 1821 1424 ,
1871 1371 1926 1415 et

345 1439 879 1508 incoinquinalornm
911 1452 1078 1513 atque
1127 1456 1427 1502 castorum.
1457 1450 1551 1504 Sic
1581 1450 1767 1518 itaque
1795 1467 1927 1507 con-

345 1532 626 1587 venientes
664 1534 966 1589 adinvicem
1010 1539 1315 1606 potationes
1351 1540 1626 1598 faciebant
1675 1559 1770 1613 per
1814 1545 1927 1599 sin-

345 1624 504 1693 gulos
530 1625 667 1680 dies.
700 1625 817 1681 Non
846 1642 943 1694 per
983 1629 1229 1699 singulos
1259 1633 1375 1687 dies
1409 1634 1573 1690 totius
1617 1635 1738 1690 vita:
1765 1651 1879 1691 suae
1907 1676 1924 1702 ,

345 1714 442 1767 sed
464 1729 560 1782 per
580 1716 824 1786 singulos
845 1718 964 1772 dies
986 1720 1324 1788 septimanae.
1351 1721 1566 1792 Septem
1587 1739 1708 1778 cum
1743 1733 1928 1780 essent

345 1805 469 1872 filii,
505 1818 712 1878 septem
744 1809 938 1866 diebus
963 1811 1102 1867 festa
1141 1815 1512 1870 celebrabant.
1547 1817 1639 1871 Sic
1690 1833 1926 1888 namque

341 1907 401 1953 et
433 1897 518 1954 lex
542 1911 664 1970 post
693 1903 808 1958 haec
839 1904 1086 1974 praecipit
1115 1917 1324 1978 septem
1371 1909 1565 1966 diebus
1593 1926 1780 1983 agere,
1812 1914 1926 1968 sive

343 1991 583 2058 paschae,
615 1993 732 2048 sive
752 1995 1240 2063 hebdomadarum,
1265 1999 1385 2055 sive
1405 2003 1764 2073 scenopegize.
1801 2004 1927 2060 lltec

343 2082 534 2154 itaque
563 2085 790 2156 implere
814 2088 1177 2159 anticipantes
1210 2091 1306 2146 lilii
1335 2091 1459 2157 Job,
1496 2095 1580 2148 vel
1615 2095 1780 2150 etiam
1811 2097 1927 2166 ipse

343 2173 447 2230 Job
469 2177 560 2246 qui
590 2193 685 2235 eos
713 2179 922 2247 docuit,
949 2184 1262 2251 potationes
1308 2183 1584 2240 faciebant
1641 2201 1740 2258 per
1793 2189 1928 2245 istos

344 2278 553 2338 septem
583 2270 700 2325 dies
727 2309 742 2335 ,
801 2274 1170 2342 unusquisque
1216 2287 1403 2329 eorum
1437 2278 1577 2346 apud
1630 2291 1691 2332 se
1723 2278 1928 2334 habens

344 2372 452 2412 una
503 2359 593 2414 die
639 2376 833 2418 omnes
890 2361 1090 2418 fratres
1121 2379 1280 2427 suos,
1313 2373 1368 2420 et
1401 2380 1622 2422 sorores
1652 2407 1668 2432 ,
1717 2369 1928 2437 primus

343 2449 606 2519 primum,
637 2456 910 2510 secundus
937 2458 1264 2522 secundum,
1296 2468 1352 2513 et
1393 2458 1468 2513 ita
1528 2475 1929 2531 consequenter

347 2554 447 2610 per
479 2544 724 2599 ordinem
760 2561 949 2602 omnes
983 2563 1156 2616 usque
1185 2550 1252 2603 ad
1282 2554 1806 2609 consummationem
1831 2555 1927 2609 bo-

346 2648 468 2686 rum
490 2645 696 2705 septem
731 2635 968 2694 dierum.
993 2638 1098 2694 Per
1127 2640 1263 2696 istos
1286 2655 1416 2713 ergo
1442 2644 1686 2716 singulos
1716 2655 1926 2715 septem

347 2726 466 2782 dies
503 2729 814 2798 potationes
841 2730 1140 2796 faciebant,
1172 2733 1224 2788 id
1249 2744 1333 2789 est
1363 2735 1508 2791 diem
1542 2736 1762 2805 festum,
1796 2753 1928 2794 con-

345 2819 584 2886 vivium,
625 2823 865 2892 epulum,
917 2826 1336 2895 iucunditatem.
1391 2829 1500 2886 Sed
1536 2831 1726 2901 procul
1764 2833 1926 2888 dubio

345 2914 494 2983 quod
521 2929 628 2970 non
653 2915 754 2970 sibi
791 2925 1024 2985 tantum,
1071 2933 1246 2988 neque
1275 2920 1406 2976 solis
1450 2923 1731 2978 sororibus
1767 2927 1884 2979 suis
1908 2966 1923 2991 ,

347 3003 444 3058 sed
473 3012 530 3059 et
556 3007 732 3062 servis
761 3017 816 3062 et
844 3006 1052 3076 liberis,
1089 3018 1144 3066 et
1172 3012 1522 3081 pauperibus,
1553 3022 1608 3068 et
1633 3018 1841 3086 egenis,
1872 3025 1929 3071 et

2036 529 2089 574 et
2117 535 2413 590 pauperum
2439 537 2556 587 ora,
2587 525 2676 593 qui
2714 525 2790 577 ait
2817 542 2828 578 :
2867 525 3235 596 Quodcunque
3257 530 3486 596 feceritis
3517 533 3612 584 uni

2034 611 2100 662 de
2146 613 2381 666 minimis
2425 614 2542 667 istis
2597 614 3023 678 miserabilibus,
3053 615 3182 670 mihi
3222 617 3420 685 fecistis
3460 619 3611 673 ⁸⁸-⁸¹⁸.

2103 701 2232 756 Post
2263 704 2375 758 ham
2399 705 2647 759 universa
2689 705 2823 760 dic‘.t
2853 723 2865 758 :
2895 705 2963 758 Et
2992 724 3110 760 cum
3134 709 3275 777 ﬁniti
3304 722 3473 766 essent
3498 712 3612 767 dies

2031 797 2362 862 potationum
2394 797 2462 849 ⁵⁵.
2495 796 2748 853 Ostendit
2781 801 3063 856 evidenter
3113 802 3235 857 istic
3261 803 3402 872 quod
3452 819 3612 874 supe-

2033 886 2146 940 rius
2173 887 2374 940 dictum
2405 899 2490 943 est
2520 905 2705 944 verum
2733 890 2922 958 fuisse,
2948 892 3076 961 quia
3103 907 3209 946 non
3239 908 3454 964 semper
3477 910 3616 965 epu-

2031 974 2307 1042 labantur,
2337 979 2460 1046 quia
2506 994 2609 1044 non
2657 981 2900 1048 quotidie
2935 981 3244 1050 potationes
3295 982 3610 1053 faciebant,

2033 1068 2130 1121 sed
2180 1070 2346 1124 certis
2381 1071 2593 1138 diebus,
2651 1071 2744 1126 sed
2789 1073 2908 1127 istis
2935 1075 3126 1129 diebus
3179 1075 3272 1145 qui
3321 1079 3612 1133 memorati

2032 1169 2162 1213 sunt
2193 1174 2406 1230 septem
2455 1178 2684 1219 numero
2725 1167 3027 1221 secundum
3065 1182 3352 1222 numerum
3402 1179 3610 1240 septem

2030 1249 2264 1307 filiorum
2295 1251 2418 1318 Job,
2451 1257 2751 1311 Secundum
2785 1257 2905 1312 illos
2927 1268 3136 1328 septem
3165 1260 3259 1330 qui
3291 1261 3344 1314 in
3378 1260 3496 1332 lege
3527 1278 3612 1318 ce-

2029 1342 2228 1398 lebrati
2254 1357 2402 1400 sunt.
2433 1346 2565 1402 Cum
2595 1364 2724 1422 ergo
2755 1351 2842 1406 isti
2870 1351 3178 1419 finirentur,
3213 1363 3336 1423 post
3357 1355 3460 1410 hoc
3486 1371 3610 1410 cum

2032 1436 2288 1491 transiret
2320 1438 2663 1507 solemnitas,
2689 1458 2812 1498 cum
2851 1432 3143 1500 [inirentur
3179 1448 3485 1515 potationes
3517 1463 3610 1504 se-

2029 1531 2264 1585 cundum
2302 1530 2618 1588 festivitatis
2645 1538 3120 1592 consuetudinem.
3157 1537 3272 1593 Non
3299 1541 3444 1594 enim
3478 1556 3614 1610 quo-

2033 1618 2162 1673 tidie
2185 1621 2494 1688 potationes
2528 1624 2801 1678 faciebant
2834 1626 2928 1680 filii
2970 1627 3116 1682 illius
3142 1628 3285 1682 beati
3323 1629 3461 1696 viri,
3516 1648 3614 1686 ne-

2030 1724 2136 1778 que
2160 1726 2377 1781 semper
2427 1715 2478 1768 in
2515 1716 2814 1780 calicibus,
2844 1726 2899 1771 et
2929 1718 3134 1787 phialis
3164 1721 3370 1777 dabant
3422 1724 3612 1781 oculos

1959 1784 2001 1839 Β
2033 1819 2182 1869 suos,
2225 1821 2331 1859 non
2369 1816 2528 1861 erant
2572 1809 2870 1876 vinolenti,
2905 1809 3048 1864 sicut
3079 1821 3208 1867 sunt
3238 1829 3383 1869 nunc
3419 1833 3612 1886 quant-

2031 1895 2271 1964 plurimi,
2302 1900 2394 1952 sed
2421 1901 2595 1954 sancti
2621 1913 2779 1955 erant
2807 1904 3136 1959 sanctissimi
3181 1905 3326 1961 illius
3358 1907 3449 1962 filii
3486 1906 3606 1965 Job.

2031 1986 2165 2040 Cum
2192 2003 2321 2057 ergo
2347 1992 2520 2044 sancti
2557 1993 2655 2046 viri
2683 2004 2897 2060 essent,
2925 1998 3102 2052 sancti
3139 1998 3194 2052 in
3244 1999 3612 2054 solemnitati-

2030 2077 2134 2130 bus
2169 2079 2305 2142 suis.
2342 2081 2408 2134 de
2444 2082 2697 2138 castitate
2735 2099 2801 2138 ac
2849 2087 3144 2142 sanctitate
3173 2127 3186 2152 ,
3230 2087 3296 2141 de
3345 2088 3611 2143 munditia

2032 2184 2248 2240 quoque
2278 2185 2342 2225 ac
2372 2173 2631 2241 pudicitia
2658 2183 2711 2230 et
2741 2189 2927 2230 secum
2955 2178 3186 2233 invicem
3216 2189 3270 2233 et
3304 2195 3424 2234 cum
3459 2195 3613 2236 soro-

2034 2263 2184 2318 ribus
2213 2265 2324 2319 suis
2359 2266 2644 2335 loquentes
2665 2307 2680 2332 ,
2726 2267 2882 2336 juxta
2912 2271 3028 2326 haec
3060 2286 3182 2340 quae
3219 2273 3469 2342 superius
3495 2288 3610 2326 rne-

2033 2372 2241 2417 morata
2271 2374 2398 2416 sunt
2439 2363 2720 2418 universa.
2743 2364 3036 2436 Postquam
3061 2382 3193 2436 ergo
3217 2367 3297 2423 sic
3324 2367 3462 2422 ﬁniti
3487 2376 3613 2423 sunt

2032 2456 2148 2509 dies
2178 2457 2513 2524 potationum
2568 2457 2623 2511 in
2667 2459 2919 2513 castitate
2945 2502 2960 2526 ,
3001 2469 3057 2515 et
3114 2460 3165 2514 in
3201 2461 3400 2530 pietate
3449 2469 3612 2529 atque

2031 2547 2315 2614 pudicitia,
2361 2557 2482 2618 post
2506 2547 2611 2604 hoc
2641 2549 2898 2604 nimirum
2919 2553 3047 2620 quid
3077 2549 3282 2606 factum
3315 2561 3399 2606 est
3427 2564 3612 2607 osten-

2031 2642 2110 2703 dit
2143 2643 2330 2696 dicens
2364 2661 2376 2696 :
2413 2642 2658 2697 Mittebat
2685 2644 2784 2697 Job
2816 2653 2865 2698 et
2892 2645 3181 2699 mandabat
3230 2645 3352 2699 illos
3374 2646 3440 2708 ⁸⁸,
3488 2647 3613 2699 mit-

2036 2733 2182 2786 tebat
2219 2733 2284 2786 ad
2309 2748 2404 2789 eos
2459 2735 2551 2803 qui
2591 2733 2851 2802 pietatem
2907 2737 3286 2801 admonerent,
3323 2751 3412 2805 qui
3443 2735 3611 2803 justi-

2033 2823 2163 2878 tiam
2194 2825 2556 2891 instruerent,
2578 2827 2669 2896 qui
2698 2826 2790 2881 Dei
2824 2829 3072 2882 timorem
3099 2829 3378 2896 docerent,
3408 2830 3502 2899 qui
3533 2840 3614 2886 te-

2029 2906 2406 2970 stiﬁcarentur
2442 2917 2536 2971 Dei
2561 2917 2827 2984 judicium
2871 2913 3115 2975 terribile
3148 2920 3200 2974 in
3225 2935 3332 2991 quo
3362 2921 3609 2978 omnium

2030 3017 2085 3062 et
2112 3009 2526 3064 manifestorum
2567 3024 2815 3080 operum,
2848 3019 2903 3064 et
2933 3011 3225 3067 verborum
3258 3015 3397 3069 ratio
3429 3013 3611 3083 inqui-

348 3093 738 3165 indigentibus,
766 3108 822 3154 et
852 3114 958 3155 non
1009 3100 1339 3157 habentibus
1368 3103 1622 3160 omnibus
1653 3105 1927 3160 faciebant
1957 3125 2002 3187 ς
2037 3101 2176 3155 ritur
2209 3112 2374 3173 atque
2419 3101 2688 3168 redditur.
2723 3102 2777 3156 in
2832 3118 2942 3172 quo
2993 3103 3233 3159 Vindicta
3267 3106 3612 3175 impalienlel‘

345 3187 588 3257 epulum,
634 3192 896 3247 omnibus
948 3192 1285 3250 exhibebant
1313 3196 1736 3264 iucunditatem,
1769 3207 1933 3268 atque

345 3280 680 3336 convivium.
711 3280 831 3338 Non
864 3285 1007 3339 enim
1043 3295 1298 3356 poterant
1347 3287 1402 3342 in
1445 3298 1601 3356 parte
1642 3306 1775 3346 sane
1803 3291 1928 3345 imi-

346 3373 452 3428 tari
484 3373 680 3446 legem,
722 3378 776 3431 in
817 3390 974 3448 parte
1007 3389 1188 3436 autem
1235 3395 1367 3435 non.
1415 3381 1534 3436 Non
1581 3391 1836 3452 poterant
1876 3384 1929 3438 in

347 3463 454 3520 hoc
486 3466 687 3522 imitari
722 3468 897 3539 legem
930 3480 990 3524 ut
1023 3483 1231 3542 septem
1271 3474 1470 3530 diebus
1505 3473 1644 3530 festa
1692 3475 1930 3531 celebra-

344 3567 492 3625 rent,
526 3561 579 3615 in
618 3562 722 3618 hoc
743 3574 924 3620 autem
951 3581 1056 3620 non
1090 3567 1315 3634 imitari,
1346 3577 1404 3622 ut
1433 3583 1540 3623 non
1573 3570 1930 3639 epularentur

345 3659 468 3701 cum
501 3651 609 3708 illis
638 3655 806 3717 servi,
837 3665 1005 3725 atque
1054 3657 1286 3725 ancillae,
1317 3673 1383 3712 ac
1435 3660 1612 3728 egeni.
1662 3659 1928 3730 Przecepit

348 3750 585 3809 namque
613 3745 666 3798 in
697 3746 816 3817 lege
856 3757 912 3801 et
949 3748 1084 3802 dicit
1115 3766 1128 3801 :
1169 3747 1381 3818 Septem
1419 3749 1603 3803 diebus
1643 3750 1926 3805 celebrabis

345 3829 488 3885 diem
515 3831 705 3902 festum
741 3839 970 3895 Domino
997 3840 1106 3894 Deo
1131 3853 1243 3908 tuo,
1277 3852 1327 3895 et
1371 3844 1664 3911 epulaberis
1688 3854 1742 3898 tu
1776 3855 1822 3898 et
1858 3845 1925 3912 Ii-

343 3926 450 3981 lius
471 3935 615 3992 tuus,
647 3939 696 3984 et
721 3933 836 4000 ﬁlia
859 3944 974 3998 tua,
1006 3947 1054 3986 et
1082 3951 1261 3989 servus
1303 3945 1447 4001 tuus,
1492 3947 1540 3988 et
1579 3937 1775 3989 ancilla
1811 3947 1922 4000 tua,

344 4031 395 4073 et
427 4021 628 4076 advena
665 4025 755 4094 qui
805 4034 882 4080 est
925 4027 979 4080 in
1013 4037 1083 4091 te,
1128 4037 1176 4081 et
1219 4043 1410 4097 egenus
1438 4031 1608 4097 gentis
1638 4039 1763 4084 tum.
1795 4031 1924 4097 Quae

344 4127 478 4182 ergo
499 4115 552 4168 in
579 4113 700 4185 lege
729 4127 848 4186 post
897 4120 1014 4174 haec
1036 4130 1309 4190 praecepta
1340 4130 1490 4186 sunt,
1522 4123 1636 4176 haec
1667 4121 1922 4177 nimirum

343 4205 654 4274 anticipans
683 4203 809 4274 Job,
865 4220 922 4264 et
979 4211 1098 4279 ipse
1129 4210 1395 4280 implevit,
1428 4221 1482 4264 et
1533 4211 1673 4264 filios
1701 4211 1925 4281 implere

341 4293 559 4360 docuit,
592 4282 649 4352 et
698 4297 1150 4368 hospitalitatem,
1191 4310 1246 4355 et
1283 4301 1711 4372 eleemosynam,
1741 4310 1796 4356 et
1825 4304 1924 4357 mi-

342 4387 707 4443 sericordiam
755 4398 812 4444 et
859 4405 1162 4462 pauperum
1209 4401 1265 4448 et
1301 4393 1626 4448 miserorum
1662 4392 1922 4448 beneficia

343 4486 512 4549 atque
538 4481 964 4549 consolationes,
995 4497 1116 4553 quae
1139 4495 1266 4539 sunt
1295 4485 1404 4540 Deo
1453 4485 1610 4540 valde
1665 4495 1920 4556 accopta-
1956 4469 2002 4525 Ῑ)

342 4569 485 4626 biles
507 4585 636 4628 cum
665 4571 772 4628 fide
795 4583 1118 4644 perpetratae
1155 4585 1319 4646 atque
1347 4574 1619 4646 perfectae.
1655 4577 1729 4630 Ita
1755 4578 1919 4633 debe-

340 4677 465 4720 mus
483 4664 651 4720 etiam
684 4679 806 4733 nos,
835 4680 870 4722 ο
899 4668 1084 4733 amici,
1114 4668 1170 4722 in
1202 4669 1395 4724 diebus
1424 4669 1581 4724 festis
1610 4671 1812 4726 nostris
1835 4681 1920 4725 at-‘

343 4769 450 4825 qoe
473 4759 910 4830 iucunditatibus
949 4777 1056 4817 non
1107 4761 1286 4818 solum
1320 4763 1423 4819 hoc
1459 4765 1756 4834 respicere,
1787 4781 1910 4836 quo

343 4850 504 4903 moon
534 4865 638 4908 nos
662 4851 762 4910 soli
789 4852 1072 4924 epulemur
1095 4862 1262 4924 atque
1286 4855 1783 4923 jucundemus,sed
1818 4857 1921 4912 hoc

341 4943 645 5009 praesertim
679 4944 938 5000 debemus
963 4945 1244 5002 intendere
1261 4956 1318 5001 ut
1339 4945 1625 5017 epulemur
1640 4947 1918 5002 nobiscum

343 5033 401 5084 et
431 5031 706 5091 celebrent
757 5036 898 5091 diem
933 5037 1130 5093 festum
1163 5048 1405 5095 nostrum
1439 5041 1580 5095 servi
1631 5039 1811 5093 nostri
1863 5049 1919 5093 et

343 5118 574 5186 ancilla,
589 5133 645 5178 et
672 5125 899 5183 clientes
928 5128 1122 5196 nostri,
1146 5137 1201 5184 et
1225 5130 1406 5200 egeni,
1431 5139 1485 5184 et
1507 5140 1774 5199 pauperes
1801 5129 1918 5181 nni-

343 5213 516 5280 νθηῖο
547 5223 602 5269 ει
626 5213 964 5276 celebremus
996 5221 1142 5276 diem
1181 5221 1374 5276 festum
1425 5221 1651 5275 Domino
1682 5220 1790 5274 Deo
1825 5234 1921 5273 no-

344 5315 484 5364 stro.
516 5304 576 5361 Si
608 5305 754 5361 enim
785 5305 1184 5369 celebraverint
1215 5323 1391 5370 tecum
1421 5315 1564 5368 diem
1614 5312 1833 5377 festum,
1867 5324 1923 5367 et

343 5397 599 5467 epulatus
632 5408 816 5453 tecum
857 5396 1024 5452 fuerit
1054 5411 1241 5458 servus
1282 5417 1428 5468 inus,
1459 5417 1514 5462 ei
1550 5406 1748 5462 ancilla
1805 5416 1920 5471 tua,

345 5499 400 5546 et
419 5503 708 5561 pauperes,
740 5499 796 5544 et
817 5489 999 5558 egeni,
1024 5497 1188 5557 atque
1215 5490 1424 5562 iunpes,
1457 5513 1556 5563 pro
1576 5509 1732 5553 ceno
1757 5498 1919 5561 scito,

345 5587 488 5654 “quod
527 5584 758 5641 Domino
796 5583 907 5638 Deo
942 5593 1036 5638 tuo
1069 5581 1210 5637 diem
1244 5585 1441 5640 festum
1473 5587 1740 5645 celebras.
1777 5592 1920 5659 Epu-

416 5747 544 5790 "—""
576 5746 764 5801 Matth.
804 5762 932 5809 xxv,
964 5747 1052 5800 40.
1130 5747 1174 5780 ⁸⁸
1195 5746 1294 5801 Job
1330 5763 1344 5800 l
1376 5791 1390 5815 ,

668 5850 940 5908 Parnon.
988 5849 1106 5909 (in.
1155 5847 1356 5908 Χνιι.

1569 5751 1616 5782 ⁸⁸
1646 5751 1774 5807 ibid.

2035 3193 2289 3248 omnibus
2320 3195 2606 3250 animabus
2634 3194 2890 3261 infertur,
2921 3197 2976 3251 in
3008 3211 3116 3265 quo
3153 3198 3231 3251 ira
3294 3199 3345 3252 in
3391 3197 3613 3255 flamma

2036 3285 2178 3355 ignis
2204 3286 2462 3340 omnibus
2489 3286 2671 3356 impiis
2696 3287 2988 3358 irrogatur.
3018 3287 3210 3345 Verbis
3247 3305 3376 3360 ergo
3405 3292 3613 3347 doctrio

2034 3396 2140 3444 me,
2167 3380 2465 3448 disciplinae
2503 3390 2664 3450 atque
2696 3382 3111 3450 admonitionis,
3138 3383 3438 3438 mundabat
3467 3383 3612 3449 illos,

2033 3471 2148 3525 sive
2173 3484 2268 3539 per
2296 3485 2393 3526 eos
2416 3485 2554 3540 quos
2585 3471 2839 3527 mittebat
2867 3472 2932 3528 ad
2967 3472 3108 3538 illos,
3150 3473 3264 3529 sive
3288 3489 3384 3543 per
3409 3485 3613 3530 semet-

2035 3562 2212 3631 ipsum
2245 3563 2309 3614 ad
2360 3576 2419 3615 se
2445 3576 2754 3616 convocans
2784 3561 2930 3616 illos.
2966 3561 3072 3617 Sed
3105 3563 3383 3628 mittebat,
3416 3563 3613 3633 inquit,

2033 3665 2089 3708 et
2109 3654 2540 3711 mundabateos.
2572 3655 2712 3722 Quid
2734 3657 2982 3711 mittebat
3013 3655 3096 3710 vel
3125 3657 3400 3726 quomodo
3429 3659 3612 3714 mitte-

2031 3747 2164 3801 bat?
2191 3748 2272 3800 Ad
2313 3748 2596 3803 Dominum
2629 3749 2898 3812 mittebat,
2927 3758 2981 3803 et
3014 3752 3082 3803 ad
3126 3749 3443 3804 Creatorem
3475 3750 3611 3806 diri-

2031 3839 2211 3908 gebat.
2239 3837 2378 3904 Quid
2410 3839 2692 3894 mittebat?
2713 3837 3004 3896 Orationes
3041 3855 3106 3896 ac
3141 3856 3332 3909 preces
3361 3857 3491 3898 suas
3512 3857 3609 3911 pro

2029 3933 2130 3997 eis,
2155 3931 2551 3988 confessionem
2581 3946 2798 4001 quoque
2823 3944 2985 4002 atque
3015 3935 3315 4004 gratiarum
3339 3935 3612 3990 actionem

2028 4039 2128 4096 pro
2159 4024 2286 4078 illis.
2318 4022 2442 4078 llmc
2478 4023 2688 4082 scilicet
2738 4025 2988 4080 universa
3018 4027 3270 4082 mittebat
3298 4035 3352 4082 et
3382 4027 3609 4081 munda-

2031 4119 2123 4173 bat
2146 4131 2260 4173 eos.
2295 4117 2592 4172 Mundabat
2631 4131 2726 4171 eos
2775 4116 3116 4172 orationibus
3154 4119 3289 4194 suis,
3317 4118 3614 4174 mundabat

2029 4226 2123 4264 eos
2155 4211 2406 4279 precibus
2430 4223 2494 4263 ac
2517 4206 2995 4276 postulationibus,
3015 4208 3313 4262 mandabat
3343 4223 3441 4263 eos
3471 4209 3614 4262 sicut

2030 4303 2244 4372 Moyses
2268 4302 2406 4356 filios
2433 4300 2595 4355 Israel
2628 4314 2725 4368 pro
2748 4299 2856 4353 illis
2874 4299 2928 4354 in
2951 4299 3169 4354 deserto
3193 4300 3422 4364 orando,
3453 4315 3612 4360 mune

2029 4395 2194 4450 dabat
2225 4409 2321 4450 eos
2344 4394 2485 4449 sicut
2522 4393 2744 4448 Samuel
2791 4392 3074 4446 universos
3124 4390 3262 4445 filios
3293 4390 3456 4446 lsrael
3504 4392 3609 4446 ad-

2031 4501 2222 4542 versus
2251 4487 2550 4558 allophylos
2571 4497 2899 4560 pugnantes,
2922 4477 3268 4541 orationibus
3300 4485 3415 4540 suis
3440 4483 3610 4540 Deum

2031 4579 2138 4635 illis
2161 4579 2432 4650 placando
2453 4589 2616 4650 atque
2647 4580 2943 4636 exorando.
2965 4577 3058 4632 Sic
3089 4591 3222 4648 ergo
3242 4588 3296 4631 et
3317 4577 3406 4632 hic
3430 4576 3610 4668 justps

2029 4668 2130 4724 Job
2161 4668 2288 4724 oftm
2324 4669 2465 4726 filios
2494 4686 2622 4727 suos
2653 4669 2969 4737 mandabat.
3015 4665 3169 4734 Quod
3202 4678 3380 4722 autem
3404 4665 3610 4723 oratio-

2031 4763 2191 4817 nibus
2245 4773 2411 4831 atque
2462 4763 2933 4828 satisfactionibus
2969 4775 3066 4816 eos
3110 4760 3478 4825 mundaverit,
3512 4773 3608 4828 per

2028 4866 2090 4906 ea
2111 4867 2230 4921 quae
2265 4861 2568 4922 sequuntur
2585 4853 2827 4908 ostendit
2843 4853 3072 4906 dicens:
3103 4848 3341 4920 Surgens
3365 4864 3517 4901 omne
3536 4847 3603 4900 ³⁷.

2021 4942 2152 4999 Mox
2179 4945 2244 4998 ad
2276 4945 2445 4998 Deum
2483 4947 2763 5010 currebat,
2793 4959 2915 4998 mox
2949 4941 3018 4997 ad
3061 4941 3225 4998 Deum
3254 4938 3603 5011 procedebat,

2026 5054 2125 5101 pro
2159 5053 2218 5092 se
2245 5048 2298 5091 et
2334 5037 2456 5091 liliis
2483 5038 2597 5092 suis
2629 5038 2796 5092 Deum
2821 5052 3054 5092 exorans
3083 5045 3249 5105 atque
3280 5034 3604 5103 deprecans,

2029 5146 2195 5184 orans
2221 5146 2435 5201 quoque
2469 5139 2634 5200 atque
2656 5129 2937 5200 postulans
2963 5129 3265 5185 terribilem
3287 5125 3385 5182 Dei
3411 5123 3604 5179 faciem

2031 5233 2086 5276 et
2115 5223 2216 5276 sibi
2253 5231 2308 5276 et
2344 5223 2451 5276 illis
2500 5221 2861 5291 repropitiare
2916 5221 3220 5275 festinans:
3271 5231 3373 5272 nec
3402 5231 3510 5272 non
3553 5226 3609 5271 et

2030 5315 2254 5378 docens,
2289 5325 2344 5369 et
2371 5316 2671 5369 admonens
2703 5323 2867 5381 atque
2922 5313 3153 5367 formam
3183 5309 3500 5371 ostendens,
3553 5317 3608 5361 et

2032 5416 2160 5461 tunc
2190 5407 2314 5460 liliis
2339 5407 2475 5472 suis,
2511 5413 2565 5460 et
2592 5422 2734 5460 nunc
2757 5405 3012 5459 omnibus
3036 5404 3192 5458 nobis
3214 5403 3265 5457 in
3290 5411 3616 5471 perpetimur

2029 5506 2088 5550 ut
2119 5498 2404 5553 confestim
2436 5498 2674 5554 diluculo
2708 5511 2774 5552 ex
2807 5489 2983 5552 noctis
3018 5495 3208 5566 requie
3229 5500 3606 5562 exsurgentes,

2029 5600 2160 5648 ante
2185 5606 2345 5647 omne
2380 5605 2516 5662 opus
2546 5590 2628 5646 vel
2659 5589 2904 5658 verbum,
2928 5598 3057 5645 ante
3085 5602 3247 5645 omne
3276 5583 3604 5656 colloquium

1850 5754 1892 5783 ⁵⁷
1918 5753 2044 5810 ibid.

3215 5843 3290 5901 1‘3
