2087 3210
254 155 308 184 595

820 156 1008 184 ANONYMUS
1027 155 1060 184 ΙΝ
1081 156 1151 184 JOB.
1173 172 1205 176 —
1224 151 1288 184 LIB.
1309 157 1331 184 l.

1828 156 1882 184 396

255 219 298 245 vel
315 218 536 252 conventionem,
552 218 690 253 primitias
715 219 928 246 resurrectionis
943 222 1045 246 nostra:
1059 219 1084 248 Δ
1100 218 1182 245 rendo
1196 223 1280 253 atque
1297 218 1413 250 hostias,
1429 225 1519 246 nonne
1535 217 1620 245 multo
1632 216 1720 253 magis
1734 216 1884 244 secundum

255 263 312 291 Deo
323 264 500 292 exhibeamus
513 264 540 292 in
562 264 677 292 sinceris
689 265 859 292 orationibus
878 270 961 300 atque
977 272 1042 300 pre-

255 310 344 342 cibus.
360 310 388 338 in
411 311 553 339 matutinis
578 311 816 345 deprecationihus
837 316 920 347 atque
943 311 1044 345 gratia-

255 365 316 384 rum
332 357 499 385 actionibus.
527 357 604 385 Hanc
626 357 719 392 itaque
734 357 846 392 pietatis
862 364 894 384 ac
909 356 1043 391 religiosi-

255 402 320 430 tntis
333 401 450 429 formam
462 402 540 430 nobis
553 402 680 430 omnibus
695 403 887 430 demonstrans
902 401 963 435 Job,
977 401 1045 429 Sur-

253 448 329 483 gebat
344 456 430 481 ntane,
447 453 472 476 et
485 449 692 480 mundabateoe.
701 450 811 484 oﬂ‘erens
819 457 867 483 pro
880 449 918 476 eis
929 448 1044 476 hostium

253 495 400 521 secundum
419 502 558 522 numerum
583 495 691 523 illorum
707 496 754 522 ⁸⁴¹·.
770 495 862 523 Primo
881 494 1042 528 mundabat,

254 541 426 575 puriﬁcahat,
440 541 640 575 sanctiﬁcabat,
656 546 685 569 et
709 542 747 570 ita
763 542 870 569 demum
883 549 933 577 pro
945 541 985 569 eis
998 541 1045 569 bo-

254 587 335 614 stiam
354 586 651 620 oﬁ'erebat,utcunctis
661 588 688 615 in
698 592 859 623 perpetuum
873 587 1043 618 ostenderet,

253 634 317 667 quia
337 633 463 666 mundos,
488 638 579 662 castos
600 638 682 669 atque
705 638 817 661 sanctos
838 632 1045 660 condecentsa-

253 678 370 711 criﬁcia,
392 685 423 707 ut
439 684 535 707 sancte
562 684 645 715 atque
659 680 738 715 digne
764 678 906 707 immolata
921 698 930 712 ,
950 683 1045 706 sancte

254 729 338 760 atque
359 724 440 760 digne
456 733 472 753 a
494 726 597 753 sanctis
610 726 791 761 accipiantur.
809 725 855 753 Sic
873 731 990 760 namque
1015 728 1044 752 et

252 771 398 807 Apostolus
412 777 474 807 post
488 773 547 800 haec
560 772 625 800 dicit
640 781 648 800 :
674 771 772 799 Probet
783 773 897 807 uiptum
910 772 989 798 homo
1007 771 1042 803 ",

253 816 307 844 hoc
320 822 363 844 est
375 817 487 844 mundet
502 817 688 852 semetipsum,
706 822 733 845 et
745 817 783 844 ita
806 817 839 844 de
862 815 1044 844 sanctissimis

254 861 361 889 Domini
375 862 518 890 sacriﬁciis
530 861 646 890 fruatur.
659 862 706 890 Sic
719 866 746 890 et
758 861 810 890 Job
821 862 925 897 pridem
938 861 1044 889 faciens

1098 273 1240 292 numerum
1253 272 1358 297 eorum,
1371 269 1398 292 et
1411 265 1562 293 secundum
1576 271 1708 299 personas
1715 264 1821 292 hostias
1834 264 1888 291 im-

1098 313 1205 341 molabo
1224 313 1236 340 7
1258 313 1313 341 Cur
1335 318 1428 341 autem
1452 320 1536 341 unum
1561 312 1677 340 vitulum
1693 320 1745 348 pro
1758 312 1888 340 omnibus

1097 359 1260 387 sacriﬁcas?
1278 359 1332 387 Cur
1345 366 1428 386 unum
1440 358 1554 386 vitulum
1571 358 1755 386 communiter
1766 365 1815 393 pro
1826 365 1887 386 om-

1097 405 1178 433 nibus
1195 405 1338 433 animabus
1357 405 1496 440 iugulas?
1523 404 1565 432 0b
1589 405 1651 436 hoc,
1677 403 1776 438 inQuit,
1802 411 1885 431 unutn

1098 450 1212 478 vitulum
1226 450 1406 478 communiter
1418 457 1468 484 pro
1483 450 1604 478 omnium
1618 450 1763 477 animabus
1782 454 1884 481 macto.

1098 501 1127 523 ut
1140 496 1360 524 communionem
1373 500 1455 531 atque
1473 495 1660 528 concordiam,
1676 495 1885 522 unanimitatem

1098 547 1180 578 atque
1201 549 1366 569 consensum
1392 546 1506 570 cunctos
1530 541 1592 569 illos
1615 541 1740 574 doceam,
1766 546 1795 568 ut
1822 548 1885 568 cum

1097 596 1170 616 unus
1182 587 1284 616 vitulus
1301 595 1351 623 pro
1363 588 1489 615 omnibus
1500 587 1652 622 iugulatur,
1666 587 1808 615 unanimes
1823 593 1888 615 esse

1097 633 1215 662 invicem
1236 630 1331 662 omnes
1351 633 1521 668 judicentur.
1538 633 1635 661 Merito
1656 640 1724 669 ergo
1749 640 1799 668 pro
1824 640 1887 660 om-

1098 681 1174 707 nium
1197 679 1340 707 animabus
1365 686 1448 707 unum
1475 678 1588 706 vitulum
1613 679 1796 707 communiter
1824 687 1885 706 ma-

1097 724 1181 752 ctavi.
1201 723 1254 752 Sed
1269 725 1370 756 adhuc,
1381 724 1454 759 quod
1467 728 1510 751 est
1525 724 1623 751 horum
1639 724 1798 757 maximum,
1814 725 1885 752 nitit-

1098 770 1164 803 lum,
1183 770 1282 805 inquit,
1301 778 1383 797 unum
1397 778 1446 805 pro
1467 770 1582 804 peccatis
1597 770 1748 797 animarum
1765 770 1884 798 illorum.

1099 816 1156 849 Dic,
1170 824 1187 844 ο
1201 817 1280 844 beate
1295 815 1357 849 Job,
1380 817 1442 851 quis
1460 820 1487 844 te
1500 816 1594 843 docuit
1622 816 1738 843 vitulum
1764 821 1887 845 mactare

1098 870 1148 897 pro
1165 862 1317 889 animarum
1334 862 1455 897 peccatis
1475 871 1483 890 :
1509 862 1572 897 quis
1588 861 1680 889 docuit
1703 863 1739 889 ita
1755 862 1789 889 dc
1808 862 1887 897 longe

253 908 371 942 primum
381 909 530 936 mundabat
541 916 598 942 eos,
608 909 678 936 etita
691 909 799 936 demum
812 916 863 943 pro
875 908 916 936 eis
926 908 1043 936 hostiam
1060 899 1082 928 Β
1097 909 1212 943 ﬁguram
1227 908 1378 943 adimplere
1394 908 1503 936 illorum
1519 915 1581 943 quae
1603 907 1768 943 perﬁcienda
1781 913 1844 935 sunt
1858 908 1886 936 in

253 952 385 981 offerebat
397 955 547 982 secundum
557 962 699 982 numerum
709 962 813 986 eorum,
822 955 970 982 secundum
985 961 1046 989 per-

253 1007 336 1028 sonas
352 1007 459 1028 eorum.
485 999 577 1034 Quare
600 1000 750 1028 secundum
773 1008 916 1027 numerum
929 1000 1045 1027 eorum?

253 1042 369 1078 Propter
393 1044 504 1071 nimiam
528 1044 713 1072 sinceritatem
736 1053 817 1079 quam
840 1045 1044 1072 hahehatcirca

254 1089 326 1123 illos,
338 1095 421 1126 atque
446 1090 569 1118 devotam
593 1091 817 1118 castiﬁcatioucm
833 1099 914 1125 quam
927 1091 1046 1119 habebat

253 1136 327 1165 circa
335 1136 405 1163 illos.
415 1136 520 1172 Singuli
528 1136 696 1171 itidemquca
708 1138 761 1164 Deo
768 1137 851 1164 creati
861 1142 936 1171 sunt,
946 1137 1045 1172 sigilla-

255 1182 303 1209 tim
312 1189 346 1209 ex
356 1186 433 1209 utero
444 1183 540 1209 matris
553 1182 689 1214 exierunt,
703 1182 843 1217 sigillatim
853 1183 963 1211 totidem
974 1183 1045 1211 idem

254 1228 281 1256 in
301 1228 511 1262 resurrectione,
524 1232 605 1264 atque
615 1229 641 1255 in
653 1229 830 1263 inquisitione
837 1229 931 1264 judicii
949 1236 1046 1257 exsur-

253 1279 328 1310 gent.
338 1274 378 1303 0h
393 1275 456 1309 hoc,
466 1275 564 1310 inquit,
579 1282 644 1311 ergo
656 1283 706 1311 pro
720 1276 834 1311 singulis
847 1283 941 1304 eorum
952 1284 1047 1305 secun-

253 1321 318 1348 dum
330 1329 472 1349 numerum
482 1321 587 1349 illorum
599 1321 717 1350 hostiam
729 1321 824 1355 ollero,
835 1326 864 1350 ut
879 1327 907 1351 et
921 1323 971 1357 ipsi
987 1323 1045 1351 haec

253 1367 391 1400 videntes,
417 1367 511 1395 eadem
538 1375 588 1403 pro
611 1369 766 1404 semetipsis
788 1369 924 1404 perﬁcere
946 1377 1046 1405 prope-

252 1418 326 1448 rent,
345 1413 398 1443 hoc
414 1414 546 1448 scientes,
568 1415 632 1448 quia
649 1415 840 1451 unusquisque
860 1417 982 1444 omnium
997 1418 1046 1445 ho-

253 1459 357 1488 minum
372 1467 423 1495 pro
438 1461 587 1495 semetipso
601 1461 675 1489 solus
697 1463 723 1489 in
736 1462 839 1497 judicio
862 1468 1002 1499 resurget,
1017 1468 1046 1491 et

254 1503 329 1532 solus
343 1505 377 1532 ad
391 1505 598 1540 inquisitionem
617 1507 717 1539 veniet,
739 1511 766 1533 et
783 1508 857 1534 solus
878 1516 928 1542 pro
942 1515 971 1535 se
985 1507 1045 1536 solo

253 1558 415 1586 responsum
437 1552 464 1579 in
490 1552 647 1580 visitationc
680 1554 834 1581 animarum
871 1555 958 1582 dabit.
985 1553 1082 1602 Nonc

254 1597 328 1625 enim
343 1597 470 1625 liberabit
486 1598 571 1625 frater
582 1598 709 1631 fratrem,
727 1606 814 1633 neque
831 1600 959 1627 defendet
972 1599 1044 1628 ullus

253 1642 336 1670 alium
353 1642 380 1670 in
396 1643 508 1677 judicio.
523 1643 619 1671 Merito
637 1652 702 1679 ergo
722 1646 870 1673 secundum
899 1653 1042 1674 numerum

252 1695 349 1717 eorum
362 1689 493 1717 offerebat
507 1698 557 1725 pro
569 1691 608 1718 eis
620 1691 735 1724 hostias,
750 1692 813 1719 item
829 1692 942 1719 vitulum
959 1700 1044 1720 ttnum

253 1742 304 1769 pro
317 1735 438 1770 peccatis
452 1737 606 1764 animarum
629 1737 748 1765 illorum.
761 1738 827 1771 Quis
839 1744 928 1766 autem
945 1737 1044 1766 olIere-

252 1780 301 1808 bat
315 1781 425 1809 easdem
439 1782 544 1810 hostias
557 1783 568 1810 ?
580 1783 691 1810 Certum
705 1789 748 1811 est
763 1785 835 1818 quod
850 1785 911 1819 ipse
932 1785 995 1813 Job.
1013 1785 1043 1813 Si

253 1827 325 1854 enim
343 1832 404 1863 post
423 1828 474 1856 hoc
492 1835 542 1862 pro
557 1829 653 1856 amicis
672 1829 730 1857 suis
751 1830 810 1864 ipse
826 1830 921 1865 jussus
942 1835 985 1859 est
1002 1831 1044 1859 of-

253 1874 336 1907 ferre,
351 1879 433 1909 atque
448 1874 554 1902 hostias
569 1874 723 1907 immolare,
740 1875 826 1904 multo
841 1876 928 1912 magis
944 1884 994 1912 pro
1008 1877 1044 1905 ﬁ-

253 1919 297 1947 liis
311 1919 368 1948 suis
393 1920 452 1955 ipse
470 1919 603 1949 oﬁ‘erehat
617 1921 753 1955 sinceras,
768 1927 851 1958 atque
875 1923 944 1951 adeo
965 1931 1045 1952 acce-

252 1966 368 2000 ptabiles
392 1966 507 1996 hostias.
525 1967 610 1994 Erant
628 1968 806 1995 nihilominus
831 1968 912 1996 etiam
926 1977 957 1997 ea
974 1975 1044 1998 tem-

252 2013 359 2043 pestate
386 2010 544 2039 sacerdotes
568 2012 682 2039 necdum
697 2012 788 2041 adhuc
807 2021 821 2041 a
842 2013 902 2049 lege
912 2015 1043 2049 ordinati,

251 2056 299 2083 sed
307 2056 424 2084 naturali
436 2057 572 2093 sapientia
583 2059 635 2086 hoc
653 2059 813 2094 requirente
826 2067 859 2087 ac
872 2060 1042 2096 perﬁciente.

251 2103 292 2130 lta
306 2103 460 2131 sacerdotio
477 2103 587 2133 functus
601 2109 643 2133 est
659 2105 725 2134 Noe.
744 2106 783 2134 lta
806 2107 962 2136 sacerdotio
980 2108 1045 2136 fun-

252 2153 312 2176 ctus
326 2153 369 2177 est
383 2149 535 2178 Abraham.
560 2151 600 2179 lta
617 2152 802 2180 sacerdotium
821 2153 909 2189 gessit
930 2153 1044 2182 Melchi-

253 2197 365 2226 sedech.
383 2197 421 2225 lta
435 2203 463 2226 et
477 2199 535 2233 ipse
547 2197 598 2226 Job
613 2203 675 2234 post
686 2198 748 2227 illos
760 2199 917 2229 sacerdotio
928 2200 1042 2230 functus

1096 955 1247 983 novissimo
1264 955 1409 990 tempore?
1424 955 1556 990 Spiritus,
1572 955 1670 990 inquit,
1689 959 1801 983 sanctus
1817 954 1886 982 mihi

1096 1001 1239 1034 revelavit,
1256 1001 1375 1037 Spiritus
1392 1007 1504 1029 sanctus
1527 1009 1572 1029 me
1595 1001 1699 1034 docuit,
1724 1007 1754 1029 ut
1768 1001 1885 1029 vitulum

1096 1055 1145 1083 pro
1171 1048 1315 1075 animabus
1339 1047 1454 1075 offeram
1472 1048 1498 1075 in
1515 1048 1629 1084 ﬁguram
1656 1048 1729 1075 illius
1750 1047 1885 1078 vituli,de

1096 1102 1149 1130 quo
1163 1095 1265 1123 dictum
1276 1099 1319 1122 est
1332 1104 1339 1122 :
1356 1094 1415 1122 Cito
1426 1095 1548 1121 adducite
1560 1094 1673 1122 vitulum
1686 1094 1837 1130 saginatum
1848 1094 1884 1126 ".

1096 1145 1123 1169 et
1139 1145 1168 1168 ut
1180 1141 1293 1168 vitulum
1317 1148 1366 1176 pro
1389 1141 1511 1175 peccatis
1529 1140 1652 1175 iugulem
1669 1140 1695 1168 in
1723 1145 1788 1175 typo
1812 1140 1885 1168 illius

1096 1187 1129 1214 de
1146 1194 1199 1222 quo
1214 1187 1317 1214 dictum
1335 1191 1377 1214 est
1393 1195 1399 1213 :
1416 1185 1483 1214 Ecce
1500 1185 1593 1221 Agnus
1610 1186 1670 1220 Dei,
1683 1194 1741 1214 ecce
1757 1187 1803 1222 qui
1814 1186 1885 1213 tellit

1096 1238 1203 1267 peccata
1216 1233 1307 1260 mundi
1320 1233 1354 1260 “.
1371 1233 1441 1268 Ipse,
1461 1233 1562 1267 inquit,
1578 1232 1698 1268 Spiritus
1713 1238 1826 1260 sanctus
1841 1240 1886 1261 me

1097 1279 1191 1306 docuit
1204 1278 1318 1306 vitulum
1342 1286 1392 1313 pro
1405 1280 1527 1313 peccatis
1541 1278 1696 1305 animarum
1714 1277 1823 1310 oﬂ'erre,
1843 1282 1885 1305 at—

1096 1331 1150 1359 que
1175 1324 1209 1352 de
1233 1324 1314 1359 longe
1327 1323 1442 1359 ﬁguram
1457 1322 1581 1358 implere.
1592 1323 1676 1356 illius,
1690 1323 1737 1358 qui
1755 1329 1886 1358 tanquam

1096 1370 1197 1398 vitulus
1212 1371 1359 1406 saginatus
1377 1377 1426 1405 pro
1443 1370 1546 1398 mundo
1561 1370 1723 1398 mactandus
1736 1375 1778 1397 est
1791 1372 1816 1397 in
1832 1377 1885 1397 no-

1096 1417 1211 1445 vissimo
1223 1421 1356 1453 tempore,
1380 1417 1426 1452 qui
1446 1421 1576 1451 tanquam
1593 1424 1679 1451 agnus
1691 1416 1885 1444 immaculatus

1096 1472 1147 1500 pro
1174 1464 1282 1492 mundis
1307 1464 1360 1491 erit
1385 1463 1576 1491 immolandus.
1606 1462 1657 1497 Qui
1682 1463 1755 1490 enim
1791 1464 1885 1491 docuit

1096 1510 1195 1538 Isaiam
1210 1509 1300 1537 dicere
1315 1507 1405 1536 :Sicut
1418 1509 1471 1536 ovis
1486 1508 1521 1535 ad
1536 1508 1670 1536 uictimam
1685 1509 1778 1536 ductu:
1791 1513 1842 1541 est,
1859 1512 1886 1536 εἷ

1097 1556 1168 1583 sicut
1188 1562 1273 1590 agnus
1288 1562 1377 1581 coram
1390 1554 1514 1580 tondente
1529 1561 1556 1580 se
1568 1553 1625 1581 sine
1641 1561 1715 1587 voce,
1729 1558 1755 1581 et
1774 1559 1884 1589 peccata

1097 1605 1188 1628 nostra
1210 1600 1267 1635 ipse
1287 1599 1414 1632 portavit,
1437 1604 1462 1625 et
1482 1603 1590 1633 propter
1610 1598 1758 1633 impietate.
1779 1603 1885 1626 nostras

1095 1647 1224 1674 deductus
1245 1650 1284 1673 ett
1300 1645 1335 1672 ad
1352 1650 1461 1672 mortem
1484 1644 1527 1678 ";
1554 1644 1601 1680 qui
1625 1644 1719 1672 docuit
1737 1643 1886 1672 Jercmiam

1096 1692 1188 1720 dicere
1208 1700 1216 1719 :
1244 1691 1302 1727 Ego
1326 1696 1413 1718 autem
1438 1695 1566 1725 tanquam
1590 1698 1675 1726 agnus
1699 1691 1885 1718 immaculata:

1095 1738 1191 1765 ductus
1210 1740 1245 1765 ad
1261 1736 1454 1764 immolandum
1477 1736 1511 1769 δ’,
1536 1736 1645 1771 aliaque
1670 1736 1815 1764 innumera
1842 1737 1885 1763 his

1096 1783 1195 1810 similia
1209 1791 1216 1810 :
1234 1782 1280 1817 qui
1295 1789 1362 1817 ergo
1378 1788 1475 1809 omnes
1490 1781 1551 1809 illos
1565 1781 1658 1809 docuit
1674 1781 1766 1809 dicere
1779 1786 1807 1809 et
1821 1788 1886 1817 pro-

1096 1829 1210 1864 phetare
1232 1829 1265 1856 de
1286 1836 1331 1860 eo,
1354 1827 1398 1862 qui
1423 1831 1483 1854 erat
1498 1832 1643 1860 venturus,
1657 1827 1729 1855 idem
1752 1827 1821 1862 ipse,
1842 1827 1884 1852 tn-

1096 1876 1166 1912 quit,
1178 1875 1261 1903 etiatn
1276 1883 1319 1903 me
1337 1874 1510 1907 illuminavit,
1526 1878 1556 1901 ttt
1571 1874 1684 1901 vitulum
1701 1881 1752 1909 pro
1764 1872 1884 1907 peccatis

1095 1921 1234 1954 offerrem,
1252 1926 1279 1949 et
1296 1926 1389 1957 typum
1414 1920 1498 1949 futuri
1523 1920 1601 1947 vituli
1617 1925 1698 1955 atque
1719 1918 1780 1955 agni
1795 1918 1883 1945 adim-

1095 1967 1209 2003 plerem.
1233 1967 1331 1995 Merito
1351 1975 1416 2003 ergo
1441 1966 1557 1994 vitulum
1574 1973 1657 1992 unum
1684 1972 1735 2000 pro
1760 1962 1884 1998 peccatis

1095 2014 1248 2041 animarum
1266 2014 1374 2041 illorum
1394 2012 1502 2044 obtulit,
1519 2016 1547 2039 ut
1570 2011 1615 2038 illa
1640 2017 1712 2038 nunc
1731 2008 1878 2044 perﬁceret

1094 2066 1122 2088 et
1135 2061 1226 2088 futura
1242 2061 1409 2088 ostenderet.
1434 2059 1487 2087 Sed
1503 2063 1531 2086 et
1545 2057 1632 2085 adhuc
1652 2060 1796 2091 propterea
1808 2054 1882 2081 vitu-

1095 2106 1149 2134 lum
1166 2106 1241 2133 illum
1257 2113 1350 2133 coram
1373 2104 1435 2132 ﬁliis
1458 2105 1517 2132 suis
1534 2110 1585 2139 pro
1611 2102 1733 2137 peccatis
1747 2100 1885 2137 iugulavit

1095 2158 1125 2181 ut
1140 2153 1263 2181 videntes
1279 2152 1331 2188 ipsi
1347 2151 1395 2179 ﬁlii
1422 2151 1494 2187 quod
1519 2158 1568 2185 pro
1589 2149 1687 2177 alienis
1700 2149 1822 2184 peccatis
1837 2147 1884 2176 ille

1096 2198 1343 2234 vitulusjugulatus
1358 2201 1521 2229 moreretur,
1540 2198 1692 2223 metuentes
1707 2202 1739 2222 ac
1753 2200 1884 2230 paventes

253 2251 305 2273 est.
333 2245 387 2273 Sed
412 2245 521 2273 interim
540 2245 624 2281 (sicut
639 2245 770 2282 diximus)
786 2251 868 2274 erant
889 2247 973 2275 etiam
995 2256 1043 2276 sa-
1059 2246 1081 2274 Ι)
1098 2246 1132 2273 ab
1144 2245 1272 2273 otnnibus
1285 2243 1406 2279 peccatis
1423 2248 1486 2277 quae,
1510 2240 1619 2268 animas
1637 2238 1775 2274 perimunt
1798 2237 1883 2265 decli-

253 2292 377 2319 eerdotes
392 2299 440 2326 per
452 2291 514 2319 loca
530 2292 576 2325 qui
591 2299 641 2325 pro
654 2291 839 2328 indigentibus
854 2293 959 2322 hostias
975 2293 1043 2322 olfe-

255 2337 351 2365 rebant
374 2337 487 2365 Domino
509 2343 558 2372 per
573 2337 681 2364 diversa
701 2341 836 2373 tempora.
856 2338 933 2372 Quod
951 2344 1041 2368 autem

254 2384 356 2412 fuerint
374 2390 424 2418 pro
438 2386 513 2410 certo
527 2382 577 2410 illo
594 2387 716 2417 tempore
731 2384 902 2418 sacerdotes,
921 2386 1044 2414 ostendit

253 2431 312 2464 ipse
326 2428 377 2457 Job
391 2429 504 2457 dicens:
519 2427 572 2462 Qui
589 2429 670 2456 mittit
690 2431 840 2457 sacerdotes
861 2431 977 2466 captivae
994 2431 1041 2461 η’.

253 2476 316 2503 Sive
328 2483 393 2511 ergo
403 2475 544 2503 memorati
561 2475 729 2509 sacerdotes,
741 2476 799 2504 sive
810 2477 869 2512 ipse
884 2484 932 2512 per
942 2482 1042 2505 semet-

253 2522 342 2557 ipsum
354 2522 406 2550 Job
421 2520 553 2550 offerebat
568 2521 674 2550 hostias
688 2529 739 2557 pro
761 2522 815 2550 illis
831 2524 981 2552 secundum
995 2531 1043 2552 nu-

254 2575 359 2596 merum
384 2568 503 2597 illorum.
520 2568 549 2596 Si
564 2568 764 2602 hereditatem.
785 2569 885 2605 inquit,
901 2569 956 2599 illis
980 2571 1039 2599 dis-

254 2615 414 2648 tribuerem,
430 2615 452 2643 si
467 2615 537 2642 dona
562 2616 616 2642 illis
642 2616 761 2649 ingentia
780 2616 923 2650 donarem,
948 2625 1042 2646 nonne

253 2660 401 2688 secundum
416 2668 558 2688 numerum
575 2660 679 2687 illorum
697 2661 845 2687 dividerent
858 2662 869 2688 t
882 2661 978 2690 Nonne
997 2670 1041 2690 se-

253 2707 370 2734 cundum
386 2714 517 2741 personas
543 2714 638 2733 eorum
666 2707 779 2734 darem?
797 2707 872 2735 Nunc
888 2715 952 2735 vero
977 2715 1041 2736 cum

253 2751 415 2786 spiritalem,
430 2752 526 2786 inquit,
544 2752 597 2779 illis
616 2752 803 2780 hmreditatem
820 2753 939 2781 dividam
959 2759 1041 2788 atque

253 2798 345 2826 divina
370 2798 422 2825 illis
443 2799 514 2825 dona
539 2798 651 2833 largiar,
675 2799 811 2826 sacriﬁcia
834 2807 883 2834 pro
901 2799 954 2826 illis
976 2799 1043 2828 olfe-

1097 2296 1194 2318 narent
1213 2295 1240 2317 et
1259 2290 1402 2317 universas
1427 2286 1535 2314 animos
1563 2285 1763 2317 interﬁcerent,
1781 2283 1807 2311 id
1831 2287 1883 2315 est,

1094 2337 1246 2373 juventutis
1263 2335 1433 2372 ignorantias
1455 2341 1470 2361 a
1493 2340 1522 2361 se
1546 2331 1755 2360 mortiﬁcarent.
1774 2328 1815 2358 0b
1832 2329 1885 2356 hoc

1095 2392 1160 2420 ergo
1176 2383 1290 2411 vitulum
1305 2390 1389 2409 unum
1408 2382 1433 2409 in
1449 2380 1562 2416 ﬁguram
1586 2379 1667 2406 unius
1689 2376 1833 2405 memorati
1851 2376 1884 2402 il-

1096 2432 1148 2459 lius
1165 2429 1241 2457 vituli
1257 2428 1387 2456 mactavit
1402 2435 1451 2462 pro
1466 2425 1587 2462 peccatis
1603 2425 1757 2452 animarum
1777 2428 1882 2450 eorum.

1095 2477 1159 2504 Haec
1180 2475 1311 2503 nimirum
1335 2474 1462 2501 universa
1481 2471 1546 2499 fecit
1570 2471 1668 2498 beatus
1681 2468 1732 2497 Job
1745 2466 1885 2502 sapienter

1095 2523 1273 2551 considerans
1300 2524 1449 2553 sancteque
1473 2517 1608 2553 cogitans.
1635 2514 1749 2542 Dicebat
1761 2513 1834 2540 enim
1855 2512 1883 2538 in

1095 2568 1241 2603 semetipso
1267 2565 1317 2593 Job
1343 2563 1409 2593 :Ne
1435 2563 1502 2598 forte
1530 2561 1581 2597 ﬁlii
1615 2561 1668 2588 mei
1690 2559 1755 2603 muti
1780 2556 1884 2603 aliquid

1094 2617 1122 2643 in
1134 2601 1211 2642 corde
1224 2621 1272 2641 sua
1287 2610 1460 2647 cogitaverim
1482 2610 1608 2636 adversus
1624 2606 1706 2634 Deum
1730 2602 1764 2629 ⁸³-
1784 2601 1807 2630 0
1826 2602 1884 2629 sin-

1095 2661 1196 2690 ceritas
1211 2658 1308 2695 patris,
1321 2664 1338 2684 o
1353 2656 1464 2684 dilectio
1486 2653 1618 2689 parentis.
1634 2655 1651 2676 0
1665 2647 1786 2695 Slttdittm
1806 2648 1885 2683 geni-

1097 2706 1177 2734 loris!
1192 2693 1251 2732 Non
1269 2703 1342 2731 enim
1356 2706 1461 2729 tantum
1477 2701 1526 2732 pro
1535 2701 1649 2730 corpore
1665 2693 1801 2722 sollicitus
1811 2697 1883 2725 erat,

1094 2752 1141 2780 sed
1157 2751 1216 2786 plus
1234 2751 1268 2777 de
1288 2748 1378 2776 anima
1397 2742 1544 2778 cogitabat.
1560 2739 1599 2767 Ne
1614 2740 1696 2773 forte,
1715 2740 1813 2774 inquit,
1832 2738 1884 2766 ﬁlii

1096 2797 1149 2825 mci
1159 2785 1210 2831 qui
1226 2796 1255 2822 in
1269 2791 1411 2826 disciplina
1424 2789 1520 2817 nutriti
1536 2791 1610 2819 sunt,
1626 2786 1672 2821 qui
1688 2786 1716 2813 in
1730 2785 1885 2813 eruditione

289 2858 384 2897 'f'Job
402 2866 422 2890 I,
439 2858 528 2897 527-"
541 2858 627 2897 l__Cpr_.
645 2859 743 2897 δίη-ΞΒ.
781 2860 815 2877 ⁸⁸·
830 2860 880 2889 Job
894 2870 943 2897 xu,
962 2862 1003 2890 19.

1096 2867 1147 2890 .uc.
1164 2866 1209 2892 xv,
1222 2856 1268 2884 ‘25.
1308 2855 1330 2872 ⁶⁰
1347 2854 1425 2882 Joan.
1441 2860 1461 2886 t,
1473 2851 1519 2879 ‘29.
1558 2850 1578 2866 "
1594 2849 1645 2878 lsa.
1660 2856 1718 2882 Llll,
1733 2848 1748 2875 7
1762 2852 1789 2876 et
1802 2854 1885 2885 seqq.

253 2894 276 2910 θ’
288 2893 387 2922 Jcrcm.
410 2902 448 2928 χι,
466 2893 510 2921 l9.
548 2894 570 2910 ⁶³
583 2893 633 2922 Job
646 2900 666 2925 I,
683 2895 710 2921 5.
