4174 6386
342 318 449 374 597

1476 326 1859 385 ANONYMUS
1895 327 1961 382 IN
1999 328 2138 385 JOB.
2178 359 2242 385 .—-
2284 328 2411 386 LIB.
2452 329 2495 388 I.

3506 341 3612 397 398

346 470 663 528 creverunt,
706 464 801 533 qui
851 465 904 521 in
953 465 1049 523 Dei
1107 468 1307 526 timore
1352 472 1639 529 exercitati
1676 483 1827 540 sunt,
1863 488 1932 528 ne
1961 478 2003 533 Α
2035 474 2254 528 teritum
2292 475 2542 539 tradunt,
2575 482 2631 529 et
2658 475 2987 547 semetipsos
3029 477 3084 533 in
3135 478 3375 535 furorem
3418 480 3613 550 judicii

349 552 494 609 forte
523 554 615 609 lilii
646 558 751 611 mei
788 560 987 628 quibus
1014 561 1153 619 viris
1178 578 1279 634 ego
1308 566 1519 634 gaudeo
1556 566 1605 621 si
1644 566 1747 637 ipsi
1773 567 1925 622 vixe-

348 643 458 698 rint
493 644 624 713 Deo,
656 648 855 717 quibus
883 651 1020 707 vivis
1052 668 1153 725 ego
1179 655 1422 725 gratulor
1446 657 1493 713 si
1524 658 1623 728 ipsi
1656 660 1724 714 ad
1756 658 1922 713 Deum

346 736 700 807 intenderint,
719 740 763 796 si
798 741 898 813 ipsi
927 744 1039 799 Deo
1068 746 1386 813 servierint,
1413 749 1457 803 si
1478 750 1580 818 ipsi
1611 750 1923 806 aCreatore

343 841 455 882 non
503 832 857 898 recesserint,
890 849 961 888 ne
995 835 1138 891 forte
1180 837 1275 893 ﬁlii
1305 840 1409 895 mei
1434 841 1487 895 in
1521 844 1688 897 corde
1712 858 1831 909 suo,
1868 846 1921 899 in

342 928 549 987 mente,
596 922 650 976 in
683 925 889 991 animo,
924 926 979 980 in
1020 942 1210 995 sensu,
1258 930 1311 985 in
1344 933 1680 1002 cogitatione
1715 936 1921 1007 aliquid

339 1011 707 1079 cogitaverim
732 1024 922 1071 contra
950 1017 1145 1075 Deum.
1176 1020 1257 1076 Ac
1291 1024 1337 1077 si
1387 1024 1635 1081 diceret:
1671 1024 1748 1081 Ne
1778 1028 1921 1083 forte

339 1101 522 1173 aliqua
552 1104 693 1160 mala
726 1107 985 1177 cogitatio
1015 1109 1069 1164 in
1105 1126 1202 1167 cor
1225 1127 1414 1168 eorum
1448 1118 1779 1184 ascenderit,
1798 1134 1919 1191 quae

336 1206 368 1245 a
398 1192 509 1248 Deo
547 1195 708 1266 longe
737 1198 896 1266 facit,
925 1215 1046 1270 qua
1072 1217 1102 1256 a
1133 1206 1424 1261 sanctitate
1470 1211 1751 1277 pervertit,
1795 1228 1919 1282 quae

336 1299 368 1339 a
400 1286 656 1345 castitate
691 1301 929 1361 separat,
959 1309 1079 1365 quae
1105 1311 1136 1351 a
1163 1298 1371 1369 pietate
1410 1300 1701 1358 abstrahit.
1737 1304 1852 1371 Dic,
1883 1322 1918 1362 o

333 1378 497 1464 beate
524 1379 650 1448 Job,
684 1387 963 1454 quomodo
996 1390 1347 1459 permitteres
1377 1401 1436 1447 ut
1464 1394 1671 1464 aliquid
1705 1398 1831 1453 mali
1853 1398 1916 1454 ﬁ-

334 1462 425 1519 liis
475 1466 580 1523 tuis
628 1469 683 1524 in
730 1473 914 1529 verbis
965 1487 1127 1546 atque
1182 1480 1441 1550 operibus
1484 1462 1914 1544 evidentioribus

329 1558 632 1628 excideret,
661 1566 752 1634 qui
783 1580 882 1636 pro
910 1569 1144 1626 occultis
1193 1582 1247 1627 et
1284 1572 1507 1644 abditis,
1548 1587 1644 1633 aut
1685 1581 1914 1636 omnino

331 1649 563 1707 forsitan
618 1671 723 1712 non
766 1660 1178 1728 exsistentibus,
1234 1666 1306 1719 ita
1357 1667 1585 1724 nimium
1648 1671 1913 1729 sollicitus

331 1740 507 1797 fueris
542 1753 709 1815 atque
753 1763 940 1803 curam
973 1755 1250 1822 gesseris:
1286 1758 1377 1827 qui
1430 1758 1698 1817 sollicitus
1747 1772 1912 1833 atque

2029 567 2369 635 demergunt.
2422 566 2613 623 Omnia
2658 568 2803 623 enim
2854 584 2976 639 quae
3020 570 3351 642 deliquerint
3397 575 3493 642 ﬁlii
3546 578 3616 633 de

2025 656 2345 726 parentibus
2374 658 2749 729 requiruntur,
2795 660 2888 729 qui
2925 674 3031 715 non
3061 662 3381 732 erudierint,
3437 683 3615 738 neque

2024 747 2389 817 corripuerint
2420 749 2562 806 ﬁlios
2606 766 2753 806 suos.
2807 750 2983 821 Hujus
3030 755 3255 812 evidens
3296 760 3609 830 exemplum

2025 837 2078 891 in
2116 838 2231 893 Heli
2282 842 2592 897 ostenditur
2616 853 2673 896 et
2710 845 2764 897 in
2811 843 2938 899 ﬁliis
2986 846 3124 917 ejus,
3161 857 3328 918 atque
3378 851 3433 905 in
3484 853 3610 909 aliis

2022 929 2175 986 alibi.
2225 931 2349 987 Haec
2390 935 2570 989 sciens
2604 935 2875 1005 gloriosus
2912 936 3009 993 Dei
3060 938 3296 997 famulus
3337 942 3460 1009 Job,
3497 962 3608 1002 non

2023 1019 2198 1074 solum
2231 1037 2260 1075 a
2313 1022 2620 1080 manifestis
2677 1027 2917 1095 peccatis
2963 1026 3224 1085 observat
3267 1031 3408 1088 ﬁlios
3454 1049 3608 1102 suos,

2022 1111 2118 1165 sed
2148 1120 2203 1165 et
2229 1114 2299 1169 ab
2329 1116 2585 1182 occultis,
2615 1132 2684 1172 ne
2712 1118 2840 1171 mali
2871 1117 3075 1189 aliquid
3104 1122 3157 1176 in
3189 1126 3352 1180 corde
3384 1140 3484 1181 suo
3512 1142 3610 1182 co-

2020 1203 2273 1271 gitarent.
2308 1207 2523 1263 Primus
2553 1208 2746 1265 beatus
2795 1210 2886 1265 ille
2941 1215 3241 1271 ostendens
3277 1217 3438 1273 factis
3474 1226 3604 1286 hoc,

2020 1297 2163 1366 quod
2201 1307 2325 1367 post
2355 1299 2457 1355 hoc
2490 1301 2696 1356 dictum
2724 1309 2809 1357 est
2836 1303 3020 1360 verbis
3048 1322 3061 1359 :
3096 1305 3176 1361 Ab
3219 1310 3447 1365 occultis
3475 1313 3607 1369 meis

2018 1387 2218 1440 munda
2246 1404 2327 1442 me
2359 1388 2443 1443 “z
2481 1382 2579 1460 pro
2623 1392 2859 1449 occultis
2908 1394 3286 1465 nihilominus,
3341 1408 3506 1470 atque
3549 1403 3606 1459 in

2018 1475 2326 1547 ignorantia
2390 1485 2719 1551 perpetratis
2793 1488 3010 1545 delictis
3067 1488 3307 1545 ﬁliorum
3372 1508 3602 1550 suorum

2017 1568 2254 1626 sollicite
2281 1576 2581 1630 mandabat
2607 1591 2721 1641 eos,
2759 1588 2816 1634 et
2864 1596 2974 1636 non
3031 1591 3246 1638 tantum
3273 1600 3373 1655 pro
3402 1600 3603 1657 perpe-

2017 1662 2176 1718 tratis
2228 1672 2396 1734 atque
2440 1668 2626 1732 certis,
2657 1679 2923 1738 quantum
2975 1689 3075 1743 pro
3124 1678 3350 1732 incertis
3390 1689 3446 1733 et
3493 1695 3602 1735 non

2016 1757 2428 1815 exsistentibus.
2449 1759 2563 1817 Hoc
2592 1763 2853 1819 nimirum
2873 1763 3114 1822 faciebat
3146 1767 3241 1824 ille
3271 1768 3464 1826 beatus
3490 1772 3598 1826 vir.

327 1841 581 1889 metuens
606 1835 790 1891 dixisti
822 1840 939 1895 :Ne
969 1840 1107 1911 forte
1130 1843 1231 1912 ﬁlii
1261 1848 1362 1901 mei
1390 1848 1445 1902 in
1468 1852 1624 1904 corde
1647 1867 1744 1906 suo
1778 1853 1909 1907 mali
1938 1835 1989 1896 Β
2017 1846 2133 1903 Νοη
2159 1852 2325 1905 semel
2360 1861 2454 1906 aut
2482 1854 2742 1921 secundo,
2776 1870 2951 1926 neque
2992 1873 3102 1914 uno
3146 1873 3290 1915 anno
3318 1869 3412 1915 aut
3461 1862 3601 1917 duo-

325 1920 533 1992 aliquid
561 1927 902 1997 cogitaverim
938 1933 1190 1988 adversus
1228 1934 1421 2004 Deum,
1451 1954 1518 1994 ne
1545 1939 1784 2013 fortede
1808 1943 1913 1998 im-

325 2016 591 2084 pudicitia
631 2022 1015 2094 cogitaverint,
1061 2039 1130 2081 ne
1152 2025 1294 2083 forte
1324 2029 1394 2084 ad
1435 2031 1771 2102 impietatem
1815 2035 1915 2092 de-

327 2109 679 2180 clinaverint,
709 2130 778 2170 ne
807 2115 946 2172 forte
988 2128 1109 2187 post
1145 2132 1371 2190 peccata
1397 2123 1801 2196 oberraverint,
1840 2142 1911 2184 ne

325 2198 473 2255 forte
509 2200 693 2259 illicita
724 2206 968 2261 meditati
1002 2207 1226 2274 fuerint,
1262 2226 1332 2267 ne
1371 2213 1515 2269 forte
1548 2215 1749 2286 injusta
1773 2233 1911 2274 con-

322 2296 620 2365 cupierint,
655 2315 721 2355 ne
750 2300 891 2358 forte
920 2304 1104 2375 aliqua
1137 2309 1293 2363 radix
1326 2313 1713 2371 amaritudinis
1741 2325 1909 2387 atque

323 2386 470 2443 fellis
502 2400 695 2446 exorta
741 2392 795 2448 in
836 2396 1036 2453 animis
1064 2414 1256 2455 eorum
1297 2402 1431 2472 ipsis
1462 2408 1714 2463 nocuerit
1735 2408 1761 2462 ?
1782 2386 1909 2466 llaec

320 2479 538 2537 scilicet
568 2490 736 2555 atque
766 2486 851 2542 bis
878 2488 1080 2545 similia
1116 2492 1347 2563 plurima
1376 2495 1521 2550 intra
1551 2500 1907 2571 semetipsum

322 2580 572 2632 tractans
616 2577 814 2635 beatus
863 2580 966 2638 Job
1012 2584 1190 2640 dixit:
1238 2583 1321 2639 Ne
1362 2588 1502 2657 forte
1548 2589 1653 2657 filii
1704 2592 1805 2645 mei
1850 2594 1907 2646 in

319 2668 480 2722 corde
501 2686 597 2725 suo
629 2674 760 2726 mali
785 2675 990 2746 aliquid
1025 2679 1375 2749 cogitaverim
1415 2682 1668 2738 adversus
1710 2684 1902 2742 Deum.

321 2757 401 2814 Ne
432 2758 595 2829 forte,
634 2763 830 2835 inquit,
866 2768 1280 2843 confringantur
1318 2776 1456 2830 rami
1494 2777 1625 2842 mei,
1654 2793 1723 2833 ne
1761 2778 1905 2835 forte

319 2851 631 2909 evellantur
659 2860 988 2930 propagines
1018 2879 1171 2930 meae,
1201 2881 1270 2922 ne
1293 2865 1434 2923 forte
1451 2870 1667 2925 excidat
1693 2871 1903 2928 fructus

320 2958 500 3011 meus,
552 2962 714 3018 quem
754 2966 854 3020 ego
893 2954 947 3009 in
994 2955 1209 3025 juStitia
1253 2960 1435 3026 genui,
1485 2976 1646 3030 quem
1691 2964 1744 3019 in
1798 2964 1906 3019 ﬁde

318 3038 553 3107 produxi
582 3057 599 3096 :
641 3040 727 3097 Ne
756 3044 893 3113 forte
925 3046 1029 3115 ﬁlii
1066 3051 1168 3104 mei
1198 3051 1253 3104 in
1294 3054 1457 3107 corde
1506 3072 1603 3109 suo
1637 3057 1764 3110 mali
1795 3059 1902 3111 ali-

316 3128 449 3197 quid
478 3135 823 3206 cogitaverim
853 3139 1106 3195 adversus
1130 3140 1320 3198 Deum.
1391 3144 1471 3200 Ne
1505 3146 1650 3202 forte
1704 3149 1901 3204 oblivi-

316 3231 546 3280 scantur
570 3225 764 3296 Deum,
797 3238 857 3285 et
890 3232 1210 3289 recedentes
1257 3250 1288 3290 a
1324 3237 1521 3294 timore
1543 3239 1683 3311 ejus,
1734 3251 1900 3313 atque

316 3317 761 3389 derelinquentes
780 3321 899 3391 ejus
931 3325 1221 3396 beneﬁcia,
1252 3329 1436 3385 dicant
1469 3332 1521 3387 in
1556 3335 1725 3390 corde
1762 3352 1896 3393 suo:

312 3406 436 3465 Non
482 3420 566 3468 est
606 3413 767 3480 Deus,
822 3433 930 3473 non
963 3429 1047 3475 est
1068 3421 1305 3492 justitia,
1355 3441 1465 3480 non
1500 3436 1584 3483 est
1608 3427 1898 3498 judicium,

311 3515 424 3558 non
454 3512 541 3561 est
570 3510 922 3577 resurrectio,
956 3527 1134 3584 neque
1167 3515 1473 3586 inquisitio,
1505 3535 1684 3591 neque
1730 3525 1897 3579 retri-

312 3592 489 3653 butio.
520 3594 717 3655 Omnia
759 3616 995 3674 namque
1030 3606 1146 3663 haec
1188 3608 1329 3664 mala
1358 3622 1511 3680 sunt,
1544 3622 1601 3668 et
1630 3615 1738 3671 Deo
1763 3632 1896 3672 con-

312 3689 505 3757 traria,
531 3701 588 3750 et
612 3709 643 3749 a
667 3695 780 3753 Deo
813 3698 1106 3772 longinqua
1137 3713 1191 3758 et
1220 3704 1331 3760 Deo
1358 3706 1581 3763 odibilia
1624 3726 1638 3763 :
1673 3718 1730 3765 et
1773 3726 1897 3766 om-

311 3779 402 3871 nis
428 3780 595 3842 homo
624 3790 716 3859 qui
754 3791 870 3848 haec
901 3794 1243 3864 cogitaverit,
1287 3797 1373 3853 vel
1420 3800 1774 3871 disposuerit,
1812 3802 1899 3860 vel

310 3870 526 3943 fecerit,
568 3880 655 3935 vel
698 3887 1066 3955 proposuerit,
1116 3888 1375 3946 inimicus
1422 3870 1519 3947 est
1556 3893 1675 3960 Dei,
1730 3904 1898 3967 atque

309 3963 555 4025 odibilis.
597 3968 688 4026 Sic
722 3973 907 4044 itaque
953 3977 1268 4034 omnimode
1307 3982 1607 4038 sanissime
1650 3963 1897 4056 cogitans

309 4073 414 4128 pro
440 4061 728 4121 animabus
768 4066 1003 4124 ﬁliorum
1034 4086 1258 4127 suorum
1286 4070 1388 4129 Job
1412 4074 1591 4129 dixit:
1638 4074 1724 4132 Ne
1758 4077 1897 4147 forte

306 4151 416 4221 ﬁlii
441 4153 545 4209 mei
573 4155 628 4210 in
654 4159 811 4213 corde
851 4177 950 4216 suo
982 4162 1113 4216 mali
1143 4162 1351 4235 aliquid
1397 4167 1746 4236 cogitaverim
1780 4168 1897 4232 ,αα-

306 4259 492 4302 versus
522 4244 714 4307 Deum.
745 4249 849 4319 Qui
886 4254 1031 4309 enim
1066 4255 1209 4310 mala
1228 4255 1599 4327 cogitaverint
1627 4259 1894 4316 adversus

308 4334 505 4407 Deum,
532 4341 647 4397 cito
680 4343 975 4413 intereunt,
1015 4358 1071 4403 et
1106 4348 1161 4403 in
1207 4361 1474 4419 perpetuo
1520 4352 1894 4407 condemnan-

308 4436 421 4497 tur,
456 4419 894 4506 intercipiuntur,
929 4438 1319 4509 impediuntur,
1340 4432 1513 4512 atque
1542 4442 1593 4495 in
1622 4441 1893 4511 profundo

1925 3186 1975 3252 Ο

2016 1943 2137 2011 bus,
2186 1946 2280 2000 sed
2313 1948 2394 2000 sic
2433 1948 2658 2016 faciebat
2687 1949 2789 2004 Jeb
2823 1952 3068 2006 omnibus
3114 1952 3299 2008 diebus
3343 1955 3466 2011 uita:
3511 1971 3601 2010 eo-

2017 2049 2135 2088 rum
2166 2034 2255 2091 “2
2300 2034 2415 2091 Non
2454 2038 2793 2107 quiescebat,
2838 2056 2945 2097 non
2977 2041 3228 2099 ﬁduciam
3260 2046 3599 2111 resumebat,

2016 2142 2124 2182 non
2159 2128 2583 2199 obdormitabat,
2634 2147 2813 2203 neque
2854 2136 3304 2205 obliviscebatur,
3334 2155 3443 2195 non
3479 2148 3602 2197 erat

2014 2221 2329 2291 negligens,
2374 2241 2482 2280 non
2525 2236 2645 2282 erat
2702 2227 3049 2298 fastidiosus,
3101 2235 3196 2289 sed
3247 2235 3323 2290 ita
3361 2235 3600 2293 faciebat

2011 2315 2223 2370 cunctis
2258 2315 2450 2372 diebus
2478 2319 2602 2376 vita:
2634 2334 2847 2389 eorum,
2880 2334 3011 2380 ante
3039 2327 3314 2396 apostolos
3356 2343 3421 2384 ea
3470 2345 3599 2401 quae

2011 2407 2381 2473 apostolorum
2416 2420 2545 2466 sunt
2578 2412 2906 2482 adimplens,
2940 2416 3085 2471 sicut
3128 2418 3262 2473 dicit
3302 2436 3316 2473 :
3352 2418 3459 2485 Qui
3500 2438 3599 2477 cae-

2008 2497 2085 2556 pit
2122 2497 2178 2550 in
2221 2500 2365 2553 vobis
2413 2516 2544 2571 opus
2594 2503 2809 2572 bonum,
2859 2507 3095 2574 perﬁciet
3146 2524 3311 2579 usque
3360 2513 3418 2565 in
3455 2512 3596 2567 diem

2009 2587 2213 2643 Christi
2253 2591 2341 2646 ":
2389 2603 2443 2647 et
2479 2603 2605 2650 ante
2652 2596 2949 2652 adventum
2991 2600 3228 2668 Domini,
3260 2615 3594 2676 praeceptum

2007 2678 2222 2736 Domini
2276 2684 2583 2755 adimplens
2614 2686 2847 2745 dicentis
2891 2708 2905 2745 :
2956 2691 3063 2758 Qui
3099 2694 3399 2750 toleraverit
3428 2713 3596 2767 usque

2006 2770 2065 2824 in
2097 2771 2257 2840 ﬁnem
2291 2774 2378 2829 hic
2402 2776 2581 2832 saluus
2606 2780 2710 2833 erit
2743 2780 2809 2835 ⁸⁸.
2853 2780 2944 2838 Sic
2985 2783 3176 2856 itaque
3205 2786 3447 2843 faciebat
3489 2788 3596 2844 Job

2006 2864 2262 2922 omnibus
2307 2867 2498 2923 diebus
2545 2871 2671 2926 vine
2704 2885 2915 2937 eorum,
2968 2889 3224 2946 magnum
3272 2878 3590 2937 thesaurum

2007 2968 2069 3009 se
2100 2957 2333 3013 credens
2364 2957 2565 3015 habere
2592 2960 2648 3015 in
2687 2977 2860 3033 regno
2882 2964 3174 3032 caelorum,
3209 2978 3267 3023 ut
3299 2969 3594 3027 inviolatos

2006 3055 2172 3116 atque
2204 3048 2582 3107 immaculatos
2629 3052 2773 3110 ﬁlios
2815 3070 2946 3113 suos
2977 3058 3285 3127 exhiberet,
3315 3072 3373 3117 et
3396 3065 3464 3117 ad
3501 3078 3593 3118 re-

2006 3153 2171 3208 gnum
2205 3141 2464 3197 coalorum
2495 3157 2591 3199 eos
2622 3148 2883 3203 mitteret.
2917 3149 3028 3216 Sic,
3068 3151 3319 3220 inquam,
3353 3154 3593 3211 faciebat

2005 3231 2107 3289 Job
2141 3234 2398 3291 omnibus
2431 3236 2627 3294 diebus
2651 3239 2775 3295 vitae
2807 3255 3020 3298 eorum.
3050 3241 3143 3300 Sic
3174 3244 3419 3300 faciebat
3445 3247 3593 3303 sicut

2004 3327 2146 3381 alter
2173 3330 2328 3397 prior
2363 3329 2456 3385 illo
2484 3346 2591 3386 non
2623 3330 2775 3402 fecit,
2813 3335 2957 3391 sicut
2989 3335 3134 3394 alter
3181 3338 3273 3394 illo
3311 3341 3593 3410 antiquior

2004 3433 2112 3473 non
2158 3421 2348 3490 gessit.
2380 3421 2609 3493 Magnus
2654 3435 2775 3480 erat
2816 3428 3093 3484 Arbrabam
3132 3429 3188 3485 in
3215 3432 3341 3496 ﬁde,
3365 3434 3458 3488 sed
3490 3447 3591 3488 ex-

2004 3506 2153 3562 cellit
2186 3509 2341 3564 illum
2369 3509 2475 3567 Job
2514 3513 2569 3566 in
2604 3514 2912 3570 tolerantia.
2941 3517 3170 3590 Magnus
3196 3533 3311 3576 erat
3337 3521 3506 3579 Jacob
3530 3524 3587 3580 in

2004 3599 2189 3656 cordis
2238 3603 2536 3671 munditia,
2581 3605 2676 3661 sed
2730 3622 2835 3663 non
2881 3607 2987 3665 fuit
3032 3610 3130 3668 illo
3164 3614 3344 3670 minor
3383 3613 3487 3671 Job
3527 3615 3587 3672 in

2002 3694 2403 3752 misericordia.
2438 3699 2720 3755 Adversus
2764 3713 2997 3759 caeteros
3043 3720 3232 3763 omnes
3280 3709 3493 3778 priores
3531 3718 3590 3765 et

2001 3784 2354 3852 novissimos,
2423 3804 2533 3843 non
2589 3789 2884 3845 succubuit
2926 3792 2980 3849 in
3029 3798 3297 3851 virtutum
3361 3799 3583 3858 studiis.

1999 3875 2136 3932 Cum
2171 3880 2413 3934 omnium
2432 3882 2731 3938 virtutibus
2761 3886 3221 3955 communicaret,
3251 3899 3308 3944 et
3339 3893 3587 3947 omnium

1998 3965 2185 4033 ﬁdem,
2250 3978 2306 4024 et
2375 3972 2638 4042 pietatem
2692 3984 2859 4045 atque
2914 3976 3188 4046 justitiam
3248 3979 3585 4050 imitaretur,

2002 4062 2343 4115 transcendit
2374 4072 2626 4131 cunctos,
2656 4075 2820 4137 atque
2867 4060 3129 4138 praecellit
3167 4070 3457 4128 tolerantia
3490 4088 3586 4129 ve-

1998 4155 2336 4211 bementium
2382 4158 2656 4229 dolorum,
2689 4160 2884 4217 Merito
2926 4162 3091 4235 digne
3131 4162 3334 4221 dicitur
3369 4168 3435 4223 de
3464 4169 3584 4226 solo

1997 4245 2101 4303 Job
2127 4265 2142 4301 :
2177 4249 2305 4318 quia
2337 4248 2411 4303 ita
2436 4248 2675 4307 faciebat
2704 4253 2854 4308 sicut
2884 4267 2995 4308 non
3026 4253 3158 4311 fecit
3183 4255 3342 4316 alter.
3381 4260 3577 4318 Omnia

1996 4340 2140 4395 enim
2193 4357 2314 4412 quae
2354 4342 2603 4398 fecerunt
2653 4346 2831 4401 sancti
2884 4345 3017 4400 fecit
3061 4346 3227 4427 etiam
3270 4348 3393 4407 Job.
3424 4352 3580 4421 Quod

1997 4443 2182 4489 autem
2207 4436 2466 4493 sustinuit
2487 4435 2592 4494 Job
2617 4454 2739 4494 cum
2774 4442 3079 4510 gratiarum
3110 4445 3447 4512 actionibus,
3475 4447 3580 4502 hoc

306 4521 510 4580 inferni
547 4525 603 4581 in
640 4536 906 4584 aeternum
936 4538 1286 4600 torquentur.
1334 4530 1443 4587 Sed
1493 4531 1745 4603 plerique
1792 4534 1889 4587 ho-

2007 4524 2353 4584 uihilomiuus
2404 4529 2589 4586 nullus
2641 4530 2783 4585 alius
2838 4533 3121 4591 sustinuit.
3154 4535 3421 4593 Omnibus
3448 4553 3581 4609 ergo

304 4614 521 4673 ruinam
558 4618 674 4675 haec
715 4634 824 4676 non
876 4623 1327 4689 reminiscuntur,
1358 4624 1450 4693 qui
1496 4624 1637 4679 ﬁlios
1664 4640 1792 4680 suos
1821 4626 1890 4682 ab

309 4708 544 4766 infantia
585 4713 977 4778 exterminant,
1011 4714 1102 4783 qui
1138 4713 1276 4769 ﬁlios
1311 4729 1443 4770 suos
1486 4723 1544 4769 et
1585 4713 1728 4770 ﬁlias
1759 4730 1890 4772 suas

307 4802 382 4856 ab
422 4802 765 4861 incunabulis
807 4820 915 4861 non
946 4807 1221 4870 erudiunt,
1258 4823 1365 4862 non
1412 4807 1716 4875 corripiunt
1741 4823 1771 4863 a
1795 4808 1889 4877 ju-

306 4900 554 4961 ventute,
578 4911 682 4952 non
716 4897 1011 4968 prohibent
1048 4899 1214 4964 mala,
1252 4914 1358 4955 non
1400 4900 1596 4955 odiuut
1627 4900 1885 4970 pessima,

306 4999 416 5040 non
441 4999 699 5045 coercent
730 4991 946 5058 illicita,
998 5007 1105 5047 non
1146 4993 1444 5049 admonent
1485 4994 1737 5050 timorem
1769 4993 1888 5061 Dei,

309 5088 419 5128 non
478 5079 883 5136 comminantur
942 5080 1209 5152 judicium
1265 5084 1553 5154 gehennae,
1606 5102 1716 5139 non
1766 5086 1891 5141 vitae

307 5172 531 5219 aeterna
578 5168 863 5226 introitum
897 5172 1112 5229 docent.
1166 5172 1285 5230 Non
1336 5177 1479 5229 enim
1511 5177 1747 5231 educant
1790 5191 1891 5232 nos

308 5256 368 5310 in
430 5254 715 5325 disciplina
767 5271 933 5332 atque
982 5264 1297 5320 eruditione
1343 5265 1583 5331 Domini,
1636 5267 1730 5337 qui
1780 5282 1890 5323 non

307 5358 540 5417 egerunt
578 5363 766 5404 curam
794 5364 894 5417 pro
922 5355 1209 5412 animabus
1245 5372 1458 5422 eorum,
1509 5373 1687 5427 neque
1739 5358 1889 5414 solli-

308 5439 408 5494 citi
460 5450 587 5496 sunt
633 5456 732 5511 pro
761 5441 960 5509 salute,
997 5448 1085 5498 vel
1113 5447 1423 5515 perditione
1471 5449 1729 5504 ﬁliorum.
1768 5449 1885 5505 Hu—

305 5529 546 5600 iusmodi
573 5547 697 5587 cum
726 5548 831 5588 non
861 5534 1134 5603 erudiunt,
1171 5550 1349 5607 neque
1390 5542 1697 5610 corripiunt
1745 5541 1888 5598 ﬁlios

307 5637 461 5690 suos,
494 5632 552 5680 et
575 5624 820 5696 ipsorum
842 5627 1053 5683 animas
1086 5628 1197 5700 igni
1237 5630 1666 5701 inexstinguibili
1704 5633 1758 5688 in
1803 5633 1886 5688 in-

2000 4617 2181 4672 modis
2222 4620 2494 4676 veraciter
2539 4620 2761 4691 dicitur,
2812 4624 2889 4679 sic
2932 4624 3163 4695 faciebat
3211 4628 3314 4685 Job
3372 4633 3578 4688 cunctis

1999 4706 2186 4762 diebus
2223 4710 2343 4764 υὶια
2366 4725 2574 4766 eorum.
2606 4711 2700 4768 Sic
2729 4711 2990 4782 faciebat,
3018 4718 3175 4787 quasi
3199 4718 3404 4787 justus,
3434 4722 3574 4789 pius,

1999 4798 2156 4869 quasi
2204 4799 2315 4857 Deo
2363 4800 2634 4871 dilectus,
2688 4805 2844 4875 quasi
2882 4809 3135 4866 credens.
3199 4812 3292 4868 Sic
3340 4813 3579 4870 faciebat

1995 4893 2137 4945 sicut
2170 4891 2279 4947 Deo
2307 4893 2579 4962 placebat,
2640 4897 2783 4954 sicut
2812 4899 3063 4957 Creatori
3117 4902 3331 4960 libitum
3376 4906 3575 4975 fuerat,

1995 4985 2135 5040 sicut
2176 5002 2272 5043 rex
2306 4998 2530 5045 sanctus
2563 4989 2800 5049 volebat.

2065 5076 2173 5134 Sed
2217 5095 2343 5135 cum
2382 5082 2457 5137 ita
2506 5081 2717 5140 faceret
2765 5085 2891 5154 Job,
2948 5099 3111 5160 atque
3159 5088 3278 5146 haec
3316 5091 3575 5148 universa

1991 5167 2133 5225 bona
2165 5172 2478 5242 perﬁceret,
2511 5191 2619 5233 non
2654 5180 2918 5235 sustinuit
2960 5182 3260 5250 malignus,
3293 5198 3402 5238 non
3435 5184 3572 5239 tole-

1992 5264 2139 5318 ravit
2169 5266 2556 5337 nequissimus,
2605 5271 2701 5327 sed
2752 5272 2938 5327 zelans
2989 5274 3320 5343 malignatus
3365 5285 3473 5341 est,
3516 5288 3575 5333 et

1996 5353 2245 5411 invidens
2267 5373 2567 5417 succensus
2612 5370 2717 5416 est.
2770 5361 2939 5428 Quid,
2990 5363 3189 5433 inquit,
3222 5364 3299 5418 illi
3348 5365 3572 5432 faciam,

1996 5451 2269 5516 quomodo
2298 5453 2583 5522 aggrediar
2604 5454 2627 5507 ?
2643 5453 2927 5522 Quomodo
2942 5455 3367 5512 circumveniam
3386 5459 3409 5512 ?
3426 5458 3585 5523 Quod

1995 5546 2158 5599 modo
2210 5547 2552 5616 supplantem
2584 5549 2608 5603 ?
2660 5550 2944 5616 Quomodo
2989 5550 3322 5620 praevaricer
3358 5551 3383 5606 ?
3420 5553 3574 5619 Quo-

1995 5636 2158 5691 modo
2188 5650 2218 5691 a
2238 5636 2457 5705 justitia
2496 5640 2807 5722 abducam?
2860 5642 3157 5699 Praesentia
3188 5657 3292 5697 non
3331 5651 3572 5714 reputat,

365 5757 431 5792 ‘“
456 5757 602 5817 Psal.
638 5775 794 5829 xvm,
844 5762 933 5820 l5.
1009 5760 1077 5795 ⁸⁸*
1105 5762 1205 5819 Job
1241 5779 1280 5832 ι,
1318 5765 1371 5820 5.
1451 5767 1497 5800 ⁸⁸
1528 5766 1763 5840 Philipp.
1802 5785 1841 5838 ι,
1872 5770 1903 5824 6

2007 5771 2046 5804 ⁵⁶
2076 5771 2268 5830 Matth.
2304 5789 2361 5844 κ,
2395 5773 2486 5832 22.
