4174 6386
518 324 626 381 399

1653 317 2034 374 ANONYMUS
2071 318 2140 373 LV
2182 315 2325 372 JOB.
2365 347 2432 358 -—-
2471 315 2600 370 LIB.
2643 316 2684 370 Ι.

3684 315 3789 369 4οΟ

519 437 760 494 visibilia
793 451 897 490 non
931 433 1184 503 requirit,
1222 434 1317 488 sed
1343 433 1522 487 futura
1558 444 1766 503 sperat,
1809 432 2103 487 invisibilia
2134 435 2176 491 Α
2211 439 2455 484 tumaces
2483 431 2753 499 patienter
2782 430 3126 494 sustinendo,
3155 431 3544 501 spernentibus
3577 449 3636 487 se
3679 435 3792 488 cle-

521 539 826 600 exspectat,
879 529 1062 582 divina
1113 527 1390 581 desiderat
1451 536 1615 595 atque
1664 524 2104 594 iucorruptibilia

522 623 774 691 requirit.
831 619 1082 687 llndique
1141 617 1351 686 justitia
1408 617 1629 669 indutus
1693 627 1799 678 est,
1862 615 2105 680 undique

523 715 816 770 sanctitate
839 724 922 766 est
957 710 1206 774 vestitus,
1244 708 1299 762 in
1337 708 1568 762 veritate
1603 709 1884 773 fundatus,
1923 706 1976 760 in
2001 706 2106 759 ﬁde

521 818 608 863 est
638 806 1018 861 conﬁrmatus.
1068 803 1192 857 ΙΙωο
1249 803 1508 857 nimirum
1542 803 1792 872 cogitans
1836 797 2107 868 ncquissi-

524 915 646 954 mus
688 899 922 962 diemou,
960 897 1074 949 haec
1109 896 1251 965 apud
1299 896 1656 964 semetipsum
1707 894 1981 948 meditans
2016 891 2106 946 ille

525 995 616 1063 qui
650 995 719 1047 ab
754 992 909 1046 initio
939 991 1201 1044 adversus
1232 999 1451 1044 sanctos
1481 989 1684 1043 bellum
1718 987 1886 1058 gessit
1918 986 2108 1040 diabo-

525 1087 630 1152 lus,
666 1085 842 1138 dixit:
894 1081 1251 1137 Cousuleravi
1306 1082 1433 1152 quid
1487 1081 1707 1143 faciant,
1751 1081 1818 1132 ad
1869 1078 2105 1148 priorem

525 1181 672 1234 illam
728 1193 903 1232 meam
958 1174 1259 1244 nequitiam
1299 1172 1636 1241 confugiam,
1686 1170 1971 1240 principali
2015 1168 2104 1222 illa

528 1272 722 1326 fraude
766 1280 911 1334 utar,
947 1269 1222 1322 accusabo
1249 1267 1392 1336 apud
1439 1266 1607 1318 lletlnt
1651 1262 1773 1325 Job,
1809 1262 1950 1316 sicut
1977 1261 2105 1312 olim

526 1365 696 1418 Deum
728 1361 870 1432 apud
902 1360 1095 1424 Adam,
1133 1359 1417 1412 detraham
1452 1356 1552 1411 Job
1579 1357 1718 1425 apud
1743 1356 1935 1417 Deum,
1965 1355 2108 1407 sicttt

525 1476 554 1508 a
593 1455 893 1526 primordio
928 1455 1095 1509 Adam
1128 1454 1316 1524 (habet
1347 1451 1509 1506 etiam
1537 1450 1638 1504 Job
1673 1449 1986 1520 paradisum
2027 1449 2110 1501 di-

524 1549 807 1611 vitiarum,
861 1547 1002 1601 sicut
1053 1557 1108 1600 et
1147 1546 1274 1600 olim
1324 1544 1544 1612 Adam),
1573 1558 1638 1597 eo
1672 1542 1812 1612 quod
1861 1543 2108 1596 invidens

527 1642 623 1697 tibi
655 1640 821 1703 Deus,
859 1654 926 1694 ne
949 1638 1204 1694 elliciaris
1233 1639 1375 1692 sicut
1409 1638 1553 1691 Deus
1589 1652 1694 1689 non
1735 1635 1980 1704 permisit
2007 1649 2106 1704 gu-

524 1743 675 1788 stare
711 1741 766 1785 te
806 1730 870 1784 de
898 1730 1043 1800 ligno
1073 1729 1317 1783 scicntia:
1363 1745 1376 1780 :
1413 1728 1593 1781 dicam
1635 1741 1780 1779 nune
1809 1725 1874 1780 ad
1914 1727 2107 1790 Deum,

525 1826 651 1894 quia
686 1839 791 1878 non
851 1832 1076 1891 propter
1127 1820 1504 1883 dilectionem,
1540 1818 1633 1873 sed
1672 1828 1893 1888 propter
1941 1833 2108 1887 pecu-

526 1915 673 1970 niam
723 1915 905 1969 coict'e
966 1913 1181 1967 videtur
1216 1924 1265 1965 te
1298 1910 1421 1965 Job.
1453 1911 1558 1965 Sed
1591 1927 1712 1964 cum
1751 1911 1868 1964 [nec
1896 1909 2106 1978 cogita-

524 2018 612 2062 ret
642 2007 1012 2076 uequissnuus
1057 2015 1222 2074 atque
1257 2006 1370 2059 lucc
1418 2020 1604 2058 secum
1654 2004 1994 2074 loqueretur,
2024 2004 2108 2072 la-

525 2117 669 2160 etum
713 2120 814 2166 est,
860 2103 1062 2174 inquit,
1107 2103 1260 2173 quasi
1291 2104 1385 2156 illa
1421 2105 1532 2157 dies
1564 2103 1634 2155 ⁵⁷.
1660 2103 1790 2169 Quae
1827 2101 1942 2156 dies
1973 2102 2110 2156 illa?

527 2196 656 2251 Dies
680 2210 801 2265 quze
829 2193 1031 2248 diaboli
1061 2193 1359 2262 nequitiam
1401 2193 1698 2262 redarguit,
1747 2208 1871 2261 qua:
1901 2191 1997 2246 Dei
2023 2193 2111 2262 ju—

527 2292 734 2347 stitiam
763 2287 1158 2352 inanil‘estavit,
1203 2302 1323 2355 quae
1372 2286 1473 2341 Job
1523 2286 1867 2341 tolerantiam
1902 2289 2109 2356 patefe.

527 2385 625 2439 cit.
662 2380 753 2435 llla
791 2383 908 2435 dies
935 2395 1054 2447 qua:
1086 2379 1176 2434 Dei
1215 2378 1712 2447 longanimitatem,
1766 2388 1823 2432 et
1868 2377 1970 2432 Job
2001 2379 2111 2430 aia-

527 2477 808 2535 critatem,
840 2482 893 2526 et
925 2471 1122 2525 diaboli
1142 2471 1440 2538 nequitiam
1475 2469 1772 2539 publicavit
1801 2489 1814 2523 :
1849 2469 2114 2539 quemad-

528 2569 751 2623 modum
785 2565 874 2620 ille
905 2563 1024 2617 dies
1056 2562 1449 2627 maniiestabit,
1503 2563 1594 2631 qui
1633 2562 1687 2616 in
1746 2563 1873 2631 igne
1896 2561 2110 2616 revela-

527 2665 700 2723 bitur.
734 2665 814 2716 sic
843 2660 931 2714 ille
958 2659 1076 2713 dies
1109 2656 1412 2727 publicavit
1442 2669 1659 2710 onmem
1715 2655 2110 2724 nequissimum

528 2752 732 2808 diaboli
757 2751 959 2814 zelum,
993 2759 1156 2818 atque
1181 2749 1492 2802 universam
1525 2746 1750 2818 maligni
1782 2746 2004 2800 Satanae
2029 2747 2112 2799 in-

527 2845 756 2902 vidiam.
815 2841 930 2896 Hoc
976 2856 1214 2909 namque
1260 2840 1646 2894 demonstrans
1674 2839 1809 2892 dicit
1837 2855 1850 2890 :
1882 2836 2112 2890 Factum

531 2945 610 2992 est
645 2934 800 3005 quasi
854 2936 959 2986 dies
985 2932 1100 2996 illa,
1131 2942 1180 2986 et
1207 2941 1453 2985 venerunt
1486 2941 1539 2984 ut
1563 2930 1736 3000 anget'i
1771 2929 1868 2982 Dei
1911 2938 2113 2983 starent

533 3040 655 3084 ante
701 3028 864 3081 Deum
915 3025 982 3079 ⁸⁸.
1034 3023 1313 3079 Venerunt
1344 3039 1447 3078 non
1477 3026 1542 3078 de
1571 3025 1688 3077 loco
1722 3023 1775 3076 in
1820 3023 1998 3076 locum
2024 3037 2114 3077 ce-

2209 526 2549 579 mentissime
2604 525 2950 590 miserando,
3011 526 3224 596 aliaque
3270 528 3567 581 ineﬂ‘abilia
3625 540 3791 598 atque

2211 615 2644 685 inexcogitabilia
2709 617 2974 671 beneﬁcia
3031 620 3178 672 circa
3250 634 3421 685 geuus
3491 623 3791 676 humanum

2209 711 2559 778 perﬁciendo.
2593 711 2723 778 Qum
2757 711 3013 767 universa
3050 713 3297 781 quotidie
3328 714 3577 768 videntes
3608 717 3788 770 sancti

2210 803 2382 871 angeli
2417 813 2624 858 stantes
2661 805 2713 857 in
2752 813 3045 874 conspectu
3078 804 3218 870 ejus,
3254 804 3494 869 laudant,
3532 817 3586 860 et
3619 809 3790 861 hono-

2211 895 2447 958 rilicant,
2485 895 2835 962 magniﬁcam
2886 910 3100 964 quoque
3134 897 3304 950 Deum
3337 908 3504 967 atque
3544 899 3620 952 illi
3657 915 3788 968 gra-

2213 987 2316 1039 tias
2341 997 2510 1055 agunt
2539 1001 2637 1054 pro
2673 987 3150 1042 inmstimabilibus
3195 989 3312 1057 ejus
3348 989 3667 1054 beneﬁciis,
3706 1002 3790 1046 at-

2210 1093 2314 1143 que
2351 1078 2741 1132 misericordia:
2779 1079 2920 1145 ejus,
2965 1095 3084 1149 quae
3124 1082 3512 1137 demonstrans
3557 1085 3678 1138 istic
3711 1086 3793 1138 di-

2211 1170 2318 1220 cit:
2365 1166 2626 1222 Vcneruut
2680 1174 2852 1240 angeli
2907 1171 3023 1235 Dei,
3067 1182 3123 1225 ut
3176 1182 3379 1227 starent
3429 1190 3551 1229 ante
3600 1176 3790 1230 Deum.

2213 1258 2456 1314 llumana
2503 1277 2631 1315 usus
2678 1265 3098 1332 consuetudine,
3150 1280 3212 1318 ac
3258 1267 3574 1332 proverbio,
3626 1278 3794 1338 atque

2212 1350 2507 1419 locutione,
2559 1354 2691 1409 dicit
2739 1371 3006 1412 venerunt
3061 1366 3186 1411 ante
3229 1359 3418 1423 Deum,
3466 1362 3556 1430 qui
3608 1367 3791 1416 omnia

2212 1443 2402 1512 replet,
2453 1447 2543 1513 qui
2593 1448 2794 1517 ubique
2842 1463 3082 1518 praesens
3127 1459 3232 1515 est,
3265 1461 3318 1506 et
3371 1468 3478 1506 non
3519 1463 3603 1506 est
3637 1453 3792 1509 locus

2212 1550 2386 1604 neque
2416 1535 2467 1589 in
2503 1536 2659 1603 caele,
2696 1553 2869 1608 neque
2904 1541 2954 1592 iu
2991 1549 3159 1605 terra,
3191 1559 3367 1611 neque
3418 1544 3473 1597 in
3534 1546 3789 1610 excelsis,

2211 1644 2386 1698 neque
2420 1631 2559 1698 apud
2593 1629 2796 1684 inferos
2830 1633 2922 1686 ubi
2948 1649 3052 1687 nou
3085 1634 3155 1689 sit
3187 1650 3428 1705 praesens
3467 1637 3627 1692 Deus.
3680 1637 3794 1693 iloc

2213 1723 2420 1778 sciebat
2451 1725 2539 1778 ille
2569 1725 2659 1794 qui
2693 1727 2767 1779 ait
2800 1743 2812 1777 :
2853 1723 2911 1779 Si
2949 1728 3308 1781 ascenderoin
3339 1728 3548 1792 caelum,
3598 1741 3654 1784 tu
3682 1731 3795 1785 illic

2212 1833 2286 1880 es,
2317 1828 2362 1870 et
2397 1818 2440 1870 ei
2476 1819 2788 1871 descendere
2827 1822 2896 1872 ad
2927 1821 3192 1890 infernum
3229 1823 3356 1875 ades
3399 1823 3468 1879 θ’.
3510 1822 3625 1878 Hoc
3655 1826 3796 1878 scie-

2212 1910 2304 1963 bat
2336 1910 2505 1976 Elias,
2539 1913 2683 1981 quod
2710 1922 2763 1965 et
2791 1913 3016 1979 caelum,
3048 1925 3104 1968 et
3134 1926 3275 1967 terra
3324 1925 3489 1984 atque
3539 1919 3797 1971 universa

2213 2018 2334 2073 quae
2365 2013 2491 2058 sunt
2521 2005 2573 2056 in
2607 2005 2709 2068 eis,
2740 2004 2795 2058 in
2824 2020 3115 2074 conspectu
3154 2006 3248 2060 Dei
3280 2019 3428 2062 sunt.
3460 2009 3651 2062 Merito
3674 2025 3796 2063 eum

2214 2105 2359 2151 esset
2390 2112 2555 2166 super
2589 2109 2822 2160 terram,
2861 2109 2996 2152 ante
3043 2098 3212 2153 Deum
3268 2116 3329 2156 se
3375 2111 3524 2155 stare
3576 2103 3799 2155 demon-

2214 2190 2432 2253 stravit,
2461 2190 2654 2244 dicens
2682 2209 2695 2244 :
2744 2189 2882 2244 Vivit
2917 2190 3172 2246 Dominus
3231 2195 3316 2246 cui
3355 2205 3469 2248 asto
3502 2195 3557 2248 in
3583 2211 3800 2262 conspe-

2214 2293 2300 2334 ctu
2329 2283 2444 2352 ejus
2472 2283 2538 2336 τ’.
2574 2282 2838 2337 Similiter
2867 2295 2922 2337 et
2963 2285 3192 2355 angelus
3236 2284 3456 2340 Gabriel
3501 2305 3514 2342 :
3567 2287 3670 2352 Qui
3709 2303 3802 2339 as-

2214 2376 2345 2426 sisto
2388 2377 2441 2426 in
2489 2388 2775 2445 conspectu
2822 2376 2936 2446 ejus
2964 2387 3012 2432 et
3047 2377 3148 2431 Dei
3189 2378 3257 2431 ⁷¹.
3303 2379 3541 2433 EtElias
3580 2394 3711 2447 ergo
3744 2380 3797 2431 in

2215 2483 2449 2536 corpore
2501 2484 2665 2538 super
2722 2479 2946 2533 terram,
2987 2478 3042 2525 et
3090 2471 3313 2525 Gabriel
3395 2472 3515 2525 sine
3568 2487 3799 2540 corpore

2218 2559 2269 2611 in
2305 2559 2478 2623 caelis,
2514 2570 2741 2629 uterque
2772 2563 3024 2616 similiter
3059 2563 3322 2618 assistere
3363 2578 3419 2616 se
3451 2563 3709 2616 dixerunt
3741 2564 3796 2614 in

2215 2662 2511 2720 conspectu
2548 2653 2681 2707 Dei:
2727 2654 2927 2722 ubique
2961 2666 3048 2709 est
3081 2656 3227 2709 enim
3279 2656 3452 2710 t‘acies
3506 2654 3621 2716 Dei,
3674 2665 3797 2708 tan-

2220 2754 2330 2797 tmu
2365 2746 2505 2798 mala
2542 2748 2728 2801 videre
2773 2763 2881 2801 non
2932 2747 3043 2801 vult
3078 2748 3265 2818 justus
3292 2758 3346 2802 et
3380 2758 3604 2802 sanctus
3633 2747 3795 2813 Dens,

2221 2836 2342 2891 ideo
2372 2839 2506 2893 dicit
2530 2857 2543 2893 :
2581 2840 2728 2894 Mala
2755 2842 2932 2895 videre
2964 2859 3068 2896 non
3093 2843 3203 2896 vult
3231 2841 3506 2896 Dominus.
3534 2843 3599 2895 lit
3629 2843 3794 2894 alihi:

2218 2930 2288 2984 Et
2317 2948 2408 3000 ego
2434 2941 2483 2986 te
2514 2934 2692 2987 videns
2721 2935 3026 3000 despiciam.
3074 2933 3142 2989 Et
3175 2935 3353 2988 adhuc
3390 2952 3402 2987 :
3453 2933 3587 2988 Cum
3618 2944 3798 2986 utens

2219 3025 2406 3078 deritis
2433 3043 2619 3080 manus
2654 3037 2852 3081 vestras
2885 3030 2953 3080 ad
2980 3044 3079 3091 me,
3106 3039 3338 3082 avertam
3364 3028 3552 3096 faciem
3577 3044 3743 3080 meam
3768 3043 3800 3079 a

533 3124 746 3185 dentes,
783 3131 958 3187 neque
993 3117 1192 3171 exinde
1223 3116 1505 3169 venientes
1535 3116 1626 3169 ubi
1659 3114 1800 3168 Deus
1842 3129 1948 3167 non
1997 3113 2115 3166 fue-
2143 3125 2188 3185 ρ
2223 3119 2363 3172 vobis
2395 3120 2462 3173 τ’.
2493 3120 2676 3175 Sancti
2710 3136 2839 3190 ergo
2869 3122 3039 3191 digni,
3069 3137 3133 3174 ac
3165 3121 3322 3190 justi,
3359 3131 3525 3191 atque
3568 3123 3800 3175 creden-

535 3215 608 3267 rit
636 3226 894 3280 prtesens,
921 3209 1012 3264 illo
1043 3219 1222 3262 autem
1265 3208 1572 3271 venientes,
1612 3207 1700 3261 ubi
1752 3207 1920 3260 Deum
1960 3206 2114 3262 inve-

535 3310 738 3374 nirent,
774 3307 860 3362 vel
904 3305 1172 3359 viderent.
1217 3303 1430 3358 leum
1475 3305 1643 3367 enim,
1675 3311 1729 3355 et
1756 3311 1985 3366 terram,
2025 3317 2115 3356 su-

535 3416 716 3472 peros,
765 3411 820 3455 et
865 3399 1092 3464 inferos,
1145 3397 1580 3466 corruptionem,
1613 3396 2113 3465 incorruptionem,

535 3504 594 3547 et
630 3493 884 3546 universa
915 3489 1032 3557 ejus
1063 3489 1231 3558 replet
1267 3488 1572 3552 beatitudo,
1604 3488 1859 3542 universa
1887 3488 2120 3542 circum-

535 3587 628 3638 dat
678 3583 873 3646 virtus,
923 3591 1117 3636 cuncta
1164 3579 1283 3648 ejus
1339 3580 1588 3635 continet
1641 3579 1956 3650 magnitudo
2003 3596 2016 3632 :
2062 3588 2141 3633 et.

536 3677 676 3729 nihil
708 3685 793 3728 est
827 3684 981 3728 extra
1030 3688 1176 3729 eum.
1225 3672 1512 3738 Quomodo
1569 3686 1700 3742 ergo
1755 3681 2026 3724 venerunt
2066 3677 2121 3724 et.

535 3771 679 3824 unde
713 3779 985 3823 venerunt
1010 3779 1138 3823 ante
1172 3767 1368 3822 faciem
1402 3766 1517 3829 Dei,
1552 3765 1644 3834 qui
1688 3764 1870 3821 omnia
1902 3763 2120 3831 replet?

535 3861 680 3915 Bene
709 3861 1098 3929 intelligamus,
1132 3874 1166 3914 ο
1192 3860 1380 3922 amici,
1410 3866 1464 3912 et
1485 3865 1695 3922 sancte,
1728 3865 1783 3911 et
1813 3855 1922 3911 Deo
1952 3855 2144 3926 digne

535 3955 718 4009 omnia
748 3969 868 4024 qua:
893 3955 1036 4009 dicta
1067 3953 1154 4008 vel
1183 3952 1385 4021 scripta
1413 3960 1543 4005 sunt
1567 3967 1580 4002 :
1617 3949 1710 4004 Dei
1739 3950 1885 4004 enim
1915 3963 2122 4003 sermo-

535 4063 636 4101 nes
668 4056 722 4101 et
751 4046 977 4101 consilia
1013 4046 1175 4114 digne
1213 4045 1322 4098 Deo
1355 4042 1711 4114 percipienda
1754 4049 1904 4096 sunt.
1940 4041 2121 4096 Vene-

538 4148 668 4194 runt
699 4139 874 4208 angeli
907 4137 1002 4192 Dei
1052 4146 1110 4191 ut
1164 4145 1378 4192 starent
1427 4145 1556 4190 ante
1613 4134 1805 4198 Deum,
1857 4144 2122 4188 venerunt

537 4246 651 4286 non
680 4231 927 4302 vestigiis
955 4230 1290 4295 carnalibus,
1325 4244 1505 4300 neque
1554 4227 1868 4283 incessibus
1923 4240 2119 4294 corpo-

539 4323 767 4387 ralibus,
798 4323 894 4378 sed
943 4324 1175 4392 spiritali
1226 4337 1455 4377 accessu
1490 4331 1657 4391 atque
1709 4314 2120 4387 incorruptibili

540 4427 690 4472 statu
722 4416 956 4472 caelesti.
988 4417 1270 4473 Venerunt
1297 4416 1604 4478 laudantes,
1658 4409 2119 4474 honoriﬁcantes,

541 4509 980 4579 magniﬁcantes,
1034 4510 1382 4573 conlitentes,
1441 4507 1650 4579 gratias
1707 4512 1957 4574 agentes.
2020 4499 2124 4555 Per

543 4601 650 4656 hoc
678 4602 825 4655 enim
861 4600 1005 4670 quod
1032 4602 1249 4656 venisse
1296 4601 1447 4661 dicit.
1492 4613 1594 4669 per
1627 4597 1732 4652 hoc
1763 4593 2123 4650 nihilominus

543 4692 817 4762 signiﬁcat
869 4691 1014 4761 quod
1063 4693 1133 4747 sit
1181 4707 1337 4761 opus,
1384 4690 1468 4745 vel
1508 4689 1750 4744 studium
1801 4694 2122 4741 sanctorum

545 4785 890 4854 angelorum,
920 4784 1064 4854 quod
1096 4784 1315 4838 assidue
1343 4781 1620 4837 caelestem
1673 4779 1962 4834 Dominum
2007 4777 2127 4830 lau-

548 4875 700 4942 dent,
728 4876 873 4947 quod
904 4885 1108 4930 aeterno
1137 4877 1244 4929 Deo
1272 4875 1481 4945 gratias
1527 4882 1716 4944 agant,
1747 4871 1892 4942 quod
1936 4879 2128 4924 sancto

547 4963 663 5021 Deo
693 4965 1069 5021 indesinenter
1101 4964 1330 5032 gloriam
1378 4980 1478 5034 pro
1504 4963 1788 5019 beneﬁciis
1823 4961 1942 5028 ejus
1982 4959 2127 5016 refe»

550 5066 694 5124 rant,
727 5073 825 5128 pro
851 5058 1025 5128 gratia
1069 5058 1208 5128 ejus,
1261 5073 1357 5126 pro
1409 5056 1787 5117 misericordia
1837 5053 1977 5122 ejus,
2029 5069 2127 5122 pro

553 5149 894 5205 mirabilibus
916 5149 1059 5218 ejus,
1093 5163 1214 5218 qua:
1262 5148 1506 5218 impertit
1548 5147 1738 5218 generi
1789 5147 2031 5201 humano
2074 5147 2128 5200 in

552 5241 699 5295 omni
725 5242 881 5308 hora,
927 5242 980 5297 in
1023 5241 1172 5296 omni
1223 5249 1491 5310 tempore,
1534 5240 1788 5310 plurima,
1824 5247 1880 5293 et
1914 5253 2129 5308 magna,

555 5341 719 5400 atque
743 5333 983 5401 diversa,
1014 5334 1311 5405 aliquando
1343 5335 1409 5388 de
1441 5333 1700 5402 periculis
1730 5332 1993 5395 liberans,
2032 5330 2130 5384 ali-

555 5427 772 5494 quando
797 5427 863 5482 de
888 5426 1304 5483 discriminibus
1336 5425 1600 5496 eripiens,
1642 5437 2032 5490 nonnunquam
2062 5435 2127 5475 ex

556 5520 824 5588 angustiis
871 5519 1112 5586 salvans,
1165 5519 1519 5589 peccantibus
1571 5515 1959 5586 longanimiter
2008 5529 2132 5582 par-

557 5610 752 5676 cendo,
784 5611 1115 5678 pmnitentes
1145 5610 1578 5666 misericorditer
1608 5606 1979 5678 suscipiendo,
2003 5621 2132 5660 con-

630 5727 796 5782 "Job
848 5745 887 5793 I,
929 5728 982 5780 6.
1091 5727 1135 5758 ⁸⁸
1162 5728 1292 5781 ibid.
1399 5727 1441 5759 ”
1469 5726 1613 5784 Psal.
1657 5741 1921 5796 cxxxvut,
1947 5723 2000 5782 8.

559 5799 794 5868 “illcg.
851 5817 887 5867 ι,
926 5800 1010 5852 Η.
1089 5799 1132 5829 ’⁷⁸
1160 5797 1301 5853 Psal.
1338 5813 1409 5865 Cl,
1445 5800 1494 5852 l.

2091 5725 2134 5757 ὀ
2161 5721 2226 5779 lll
2269 5723 2400 5796 Reg.
2438 5743 2596 5794 xviii,
2630 5728 2714 5783 15.

2223 3219 2324 3276 les,
2365 3212 2502 3266 casti
2540 3227 2758 3282 quoque
2790 3227 2854 3266 ac
2889 3229 3130 3277 veraces,
3164 3214 3279 3268 sive
3315 3214 3366 3267 iu
3395 3229 3624 3284 corpore
3667 3213 3798 3277 siut,

2220 3305 2337 3358 sive
2372 3314 2523 3359 extra
2557 3321 2779 3375 corpus,
2809 3306 2925 3360 sive
2957 3308 3008 3360 in
3037 3315 3206 3373 terra,
3241 3307 3357 3361 sive
3398 3307 3450 3361 in
3483 3307 3644 3372 coelo,
3689 3307 3804 3361 sive

2220 3397 2396 3468 angeli
2433 3400 2677 3470 gloriosi,
2708 3402 2820 3453 sive
2858 3403 3029 3455 sancti
3075 3402 3203 3466 viri,
3242 3402 3448 3471 jugiter
3481 3418 3544 3456 ac
3596 3402 3805 3455 indesi-

2224 3501 2414 3544 nenter
2450 3500 2616 3559 atque
2647 3491 3132 3544 indissociabiliter
3179 3501 3364 3544 astant
3411 3491 3464 3544 in
3507 3499 3805 3557 conspectu

2224 3582 2338 3638 Dei.
2381 3582 2583 3638 Venire
2619 3593 2800 3637 autem
2853 3585 3111 3637 dicuntur
3161 3593 3287 3636 ante
3330 3584 3496 3636 Deum
3535 3583 3800 3642 homines,

2220 3673 2348 3728 dum
2395 3689 2518 3727 cum
2568 3675 2759 3744 majori
2815 3675 3100 3728 devotione
3142 3683 3305 3744 atque
3359 3674 3537 3728 studio
3591 3674 3804 3727 animas

2221 3781 2346 3820 suas
2379 3765 2670 3821 elfuderiut
2709 3767 2760 3820 in
2795 3767 3045 3819 oratione
3081 3775 3206 3819 ante
3236 3768 3423 3830 Deum,
3470 3767 3614 3819 sicut
3647 3766 3804 3817 Anna

2222 3865 2396 3910 mater
2436 3856 2726 3922 Samuelis,
2770 3874 2893 3910 cum
2950 3858 3002 3910 in
3053 3857 3241 3911 dolore
3291 3857 3456 3910 animi
3505 3854 3808 3910 ell‘underet

2224 3947 2529 4002 oralionem
2559 3963 2714 4001 suam
2762 3947 2815 4000 in
2845 3958 3140 4015 conspectu
3177 3947 3389 4001 Domini
3413 3947 3459 3977 ⁷³
3497 3964 3510 3999 :
3553 3946 3692 3998 sicut
3720 3943 3808 3997 ille

2222 4041 2288 4095 de
2326 4056 2436 4109 quo
2463 4041 2666 4094 dictum
2701 4049 2820 4094 est:
2848 4039 3032 4096 Oratio
3062 4041 3330 4106 pauperis,
3355 4057 3470 4092 cum
3502 4040 3809 4092 anxiaretur

2221 4143 2268 4186 et
2303 4135 2356 4187 in
2393 4144 2669 4202 conspectu
2697 4134 2908 4185 Domini
2955 4134 3244 4201 e/jnnderet
3286 4134 3579 4187 orationem
3607 4132 3676 4188 ".
3717 4132 3809 4186 Sic

2225 4207 2407 4295 itaque
2435 4227 2698 4280 assistunt
2730 4236 2856 4278 aute
2887 4226 3052 4277 Deum
3083 4239 3272 4278 omnes
3291 4225 3383 4292 qui
3415 4223 3648 4277 soliicite
3680 4238 3804 4277 cum

2225 4319 2475 4372 oratione
2534 4317 2908 4370 adoraverint.
2993 4316 3085 4370 Sic
3165 4315 3342 4386 angeli
3414 4331 3536 4370 cum
3601 4313 3812 4384 gratias

2230 4419 2453 4479 agentes
2492 4409 2901 4463 misericordias
2932 4407 3050 4478 ejus
3089 4409 3448 4473 conﬁtentur,
3483 4417 3645 4476 atque
3683 4420 3813 4475 gra-

2156 4475 2200 4530 D
2233 4503 2333 4554 tias
2368 4501 2443 4556 illi
2473 4517 2572 4571 pro
2601 4501 2720 4572 ejus
2768 4475 3050 4558 beneﬁciis
3087 4513 3278 4572 agunt,
3324 4517 3444 4570 qua}
3496 4475 3583 4555 ille
3630 4500 3811 4554 inces-

2230 4604 2419 4648 santcr
2469 4595 2712 4662 impertit
2769 4593 2895 4648 ﬁliis
2945 4592 3260 4658 hominum,
3297 4602 3391 4647 aut
3421 4607 3543 4647 cum
3579 4590 3816 4644 viderint

2233 4695 2548 4740 sanctorum
2599 4687 2833 4742 virtutes
2870 4687 3136 4750 virorum,
3177 4686 3416 4752 insignia
3451 4685 3690 4736 virorum
3731 4681 3814 4736 ni—

2233 4780 2529 4834 hilominus
2566 4779 2660 4834 Dei
2693 4796 2996 4846 servorum,
3037 4778 3428 4840 constantiam,
3479 4788 3641 4844 atque
3684 4785 3815 4837 ago-

2233 4888 2352 4936 nes,
2389 4883 2517 4927 tunc
2557 4874 2812 4927 nimirum
2847 4889 2969 4926 cum
3021 4871 3215 4940 gaudio
3245 4879 3410 4938 atque
3444 4865 3816 4923 exsultatione

2238 4966 2507 5019 assistunt
2533 4976 2659 5020 ante
2691 4967 2876 5026 Deum,
2937 4979 3125 5019 revera
3157 4974 3211 5016 et
3240 4973 3299 5015 ut
3334 4962 3501 5014 Demu
3549 4953 3814 5010 honoriﬁ-

2237 5067 2384 5124 cent,
2418 5069 2581 5128 atque
2611 5058 2830 5112 laudent
2860 5058 2924 5111 de
2955 5055 3184 5111 victoria
3225 5067 3509 5108 servorum
3563 5048 3677 5110 Dei,
3717 5059 3817 5098 nec

2240 5165 2347 5202 non
2387 5161 2445 5202 ut
2477 5151 2559 5205 eis
2583 5149 2676 5221 qui
2716 5159 2939 5220 propter
2987 5148 3156 5201 Deum
3187 5147 3492 5216 patiuntur,
3537 5138 3818 5203 patientia:

2240 5242 2583 5296 tolerantiam
2645 5253 2810 5312 atque
2862 5251 3104 5296 sanctam
3168 5230 3690 5294 consummationem
3748 5227 3817 5281 ab

2241 5334 2434 5388 eodem
2462 5334 2738 5404 postulent
2771 5335 2904 5388 Deo.
2959 5334 3049 5387 Sic
3103 5333 3287 5394 itaque
3337 5329 3607 5377 venerunt
3638 5330 3695 5374 et
3725 5334 3826 5371 veo.

2240 5425 2396 5478 niunt
2423 5425 2596 5495 angeli
2633 5424 2751 5489 Dei,
2780 5434 2838 5479 ut
2879 5434 3088 5479 starent
3116 5427 3241 5471 ante
3276 5416 3467 5470 Deum.
3501 5413 3592 5468 Sic
3625 5414 3818 5466 astite-

2243 5524 2369 5569 runt
2399 5530 2519 5568 eum
2543 5517 2706 5570 totius
2727 5517 2907 5569 tumuli
2934 5517 3080 5566 salus
3104 5511 3170 5564 ad
3196 5510 3444 5564 homines
3477 5504 3817 5560 veniensini-

2243 5607 2377 5660 tium
2408 5609 2661 5677 sumpsit,
2693 5626 2758 5662 ex
2790 5606 3011 5676 Virgine
3050 5613 3176 5660 nato
3209 5601 3502 5672 Unigenito
3527 5600 3659 5663 Deo,
3692 5613 3828 5659 cuin-

2823 5728 2864 5759 7‘
2893 5725 3024 5780 Luc.
3056 5741 3092 5789 ι,
3142 5723 3228 5778 l9.
3333 5723 3376 5754 τ’
3409 5719 3511 5776 lsa.
3543 5735 3580 5786 I,
3605 5718 3680 5798 1ρε
3699 5731 3815 5786 seq.
