4174 6388
371 385 473 440 401

1479 382 2182 458 amamus-moon.
2225 415 2295 424 -
2333 381 2460 439 LIB.
2505 382 2546 437 ι.

3540 375 3646 436 ωε

359 505 556 582 subito
579 502 721 578 facta
740 511 824 560 est
846 503 1134 560 multitudo
1157 504 1499 560 exercituum
1513 503 1816 576 caelestium
1837 502 1955 556 lau-
1985 504 2032 561 Α
2059 498 2160 557 Job
2185 500 2650 570 appropinquare,
2685 495 2768 552 vel
2803 511 2924 550 eam
2957 504 3184 566 tangere
3203 492 3504 566 permissus
3538 506 3646 547 non

377 599 620 654 dantinm
643 607 808 672 atque
832 598 1300 670 magniﬁcantium
1331 599 1500 654 Deum
1531 614 1630 669 pro
1663 596 1846 652 mundi
1871 611 1958 650 sa—

359 691 506 750 .lute’.
531 689 624 744 Sic
651 692 943 764 astiterunt
973 691 1028 746 in
1053 690 1322 762 principio
1351 691 1518 746 totius
1545 699 1828 754 creaturae,
1853 689 1959 744 sic-

353 839 360 844 _
382 792 442 836 ut
479 782 606 836 dicit
637 781 799 851 paulo
822 791 946 854 post
963 781 1081 852 ipse
1101 783 1242 854 Deus
1261 783 1324 838 ad
1343 781 1446 838 Job
1462 783 1790 852 depromens
1807 791 1860 836 et
1877 781 1960 836 di-

357 890 543 947 _cens:
565 872 694 942 Cum
724 875 910 946 ﬁerent
938 875 1107 930 stella:
1136 875 1488 932 laudauerunt
1523 893 1602 930 me
1628 893 1746 932 voce
1765 891 1960 946 magna

374 967 550 1036 angeli
579 967 700 1032 mei,
735 978 782 1022 et
824 971 1076 1038 hymnum
1107 970 1379 1023 dixerunt.
1417 968 1476 1024 Si
1523 979 1652 1024 tunc
1697 970 1958 1024 laudave-

353 1071 502 1132 _runt
550 1058 768 1128 quando
814 1060 1126 1116 inanintatte
1179 1061 1351 1116 stella:
1403 1061 1560 1118 factae
1605 1070 1757 1125 sunt,
1789 1061 1960 1115 multo

373 1151 550 1221 magis
569 1151 1080 1206 tunclaudaverunt
1111 1153 1328 1220 quando
1357 1153 1610 1208 animatae
1637 1161 1694 1207 et
1727 1163 1961 1208 sensatte

377 1244 542 1300 stellte
589 1244 746 1300 taetre
793 1254 942 1310 sunt,
977 1245 1030 1300 id
1078 1257 1163 1301 est
1191 1248 1388 1300 animae
1433 1256 1752 1308 sanctorum
1795 1257 1960 1315 atque

397 1348 660 1390 ustorum.
707 1337 786 1392 De
826 1339 1024 1406 quibus
1071 1338 1250 1396 stellis
1283 1338 1576 1398 dicendum
1628 1349 1754 1394 est:
1791 1338 1960 1394 Stella

355 1428 512 1496 .__!ttittt
550 1445 582 1480 α
623 1428 780 1482 stella
835 1429 1012 1497 cli/Ten
1061 1429 1117 1484 in
1167 1428 1438 1494 claritate,
1461 1430 1538 1483 ita
1568 1437 1617 1484 et
1647 1429 1960 1483 resurrectio

379 1517 802 1571 mortuorum”.
834 1517 904 1572 Et
934 1519 1063 1582 alibi
1096 1536 1110 1572 :
1143 1517 1290 1574 Tunc
1323 1519 1596 1589 fulgebunt
1619 1519 1754 1590 justi
1783 1530 1838 1572 ut
1877 1519 1960 1574 Iu-

376 1609 608 1662 minaria
662 1609 803 1676 etuti,
845 1619 894 1664 et
946 1610 1084 1664 sicut
1130 1610 1296 1666 stellae
1339 1612 1396 1666 in
1447 1611 1834 1681 perpetuum".
1867 1610 1962 1666 Sic

373 1700 560 1770 itaque
593 1719 623 1756 a
655 1703 858 1760 saeculo
888 1711 944 1758 et
977 1716 1150 1773 usque
1195 1703 1250 1758 in
1303 1713 1570 1766 aeternum
1616 1715 1796 1760 astant
1843 1704 1960 1764 sin-

371 1791 496 1863 gula
549 1792 818 1850 beneﬁcia
871 1795 1210 1866 operationis
1257 1796 1496 1861 Domini,
1552 1811 1672 1866 quae
1727 1796 1780 1850 in
1812 1795 1958 1858 omni

2063 593 2186 646 est?
2215 592 2498 659 Quomodo
2527 592 2744 646 veniret
2772 591 2838 642 ad
2873 587 3040 641 (scelus
3077 588 3122 640 is
3153 587 3242 655 qui
3273 601 3378 640 non
3409 595 3494 638 est
3523 601 3648 656 per-

2063 684 2264 736 tnissus
2310 682 2538 736 introire
2593 682 2645 734 in
2694 680 3044 750 paradisum?
3079 676 3136 731 Si
3169 677 3313 730 enim
3345 678 3410 731 ad
3441 676 3646 732 ostium

2061 775 2302 848 paradisi
2358 775 2760 829 observandum
2811 773 3094 828 cherubim
3161 771 3370 840 positus
3425 777 3532 833 cst,
3587 777 3646 825 et

2062 869 2374 938 rhompltaea
2423 867 2694 932 ﬂammea,
2736 875 2793 919 ut
2827 867 2992 919 homo
3027 863 3114 916 ille
3143 864 3234 932 qui
3271 861 3468 916 exinde
3513 860 3643 914 olim

2063 961 2282 1026 cecidit,
2327 960 2378 1016 id
2429 969 2514 1014 est
2567 959 2764 1022 Adam,
2794 957 2932 1011 ultra
2991 955 3213 1010 introire
3256 970 3364 1010 non
3415 961 3637 1023 posset:

2063 1055 2252 1124 quales
2281 1062 2533 1124 putamus
2570 1067 2690 1106 esse
2721 1061 2940 1105 sanctas
2985 1049 3300 1118 angelorum
3336 1048 3640 1114 custodias,

2032 1149 2406 1216 .virtutesque
2455 1144 2744 1207 cmlorum,
2771 1158 2892 1211 qua:
2943 1141 3260 1196 custodiunt
3289 1149 3470 1210 portas
3496 1140 3644 1209 illas,

2035 1261 2038 1264 ν
2063 1241 2130 1296 ad
2161 1255 2294 1308 quas
2319 1239 2519 1294 dictum
2551 1248 2632 1293 est
2651 1255 2665 1294 :
2687 1237 2876 1292 Tollite
2893 1245 3095 1304 portas,
3122 1235 3402 1304 principes,
3421 1247 3643 1302 uestras,

2062 1342 2114 1388 et
2142 1343 2194 1386 ut
2229 1334 2454 1386 introeat
2475 1348 2566 1386 rex
2599 1330 2780 1400 gloria:
2799 1329 2882 1384 7“?
2915 1343 3050 1398 quas
3084 1331 3318 1382 transire
3347 1328 3428 1382 vel
3465 1341 3645 1381 trans-

2062 1424 2212 1495 gredi
2269 1425 2337 1478 ad
2397 1424 2595 1478 coelum
2637 1422 2973 1492 nequissimo
3031 1421 3251 1476 diabolo
3311 1418 3648 1490 impossibile

2063 1529 2204 1582 erat,
2235 1526 2289 1571 et
2322 1527 2424 1572 est.
2453 1516 2586 1570 Nam
2623 1530 2742 1570 cum
2775 1515 2841 1570 de
2869 1513 3024 1570 caelis
3055 1523 3273 1582 promer
3301 1513 3643 1581 iniquitatem

2063 1611 2369 1676 ceciderit,
2427 1624 2704 1679 nunquam
2770 1623 2959 1662 rursus
3005 1607 3258 1662 introibit
3301 1605 3356 1660 in
3423 1604 3637 1667 cmlum,

2063 1713 2343 1767 nunquam
2381 1697 2558 1751 denuo
2589 1706 2894 1750 revertetur
2948 1697 3010 1750 ad
3059 1695 3213 1750 illud.
3257 1693 3316 1750 Si
3375 1696 3519 1748 enim
3575 1696 3645 1748 ad

2065 1793 2262 1861 impios
2296 1801 2462 1861 atque
2491 1789 2788 1844 sceleratos
2824 1789 2958 1863 dicit
2989 1789 3152 1854 Deus,
3189 1785 3412 1841 Calcare
3461 1787 3643 1840 aulam

375 1897 618 1955 tempore
649 1887 894 1957 impertit
923 1889 1052 1944 ﬁliis
1084 1889 1390 1957 hominum,
1422 1891 1762 1958 conlitenlia,
1791 1901 1960 1960 atque
1991 1881 2034 1938 Β
2064 1901 2234 1940 meum
2282 1901 2384 1938 non
2421 1883 2704 1952 adjicietis,
2744 1895 2923 1935 nonne
2973 1880 3143 1933 multo
3187 1879 3361 1947 magis
3395 1877 3643 1932 diabolus

373 1980 706 2044 luvocantia,
733 1993 789 2036 et
819 1983 1026 2050 gratias
1051 1983 1266 2052 agentia
1289 1982 1610 2038 beatitudini
1629 1983 1953 2050 aiterniDei.

373 2069 486 2127 Sed
541 2072 762 2127 interim
815 2077 1118 2136 secundum
1173 2073 1462 2130 historiam
1511 2083 1783 2130 steterunt
1829 2084 1957 2134 tunc

371 2174 502 2220 ante
539 2164 706 2220 Deum
741 2166 924 2236 angeli
957 2168 1299 2233 conﬁtentes,
1335 2175 1388 2221 et
1415 2165 1621 2236 gratias
1649 2165 1696 2220 ei
1735 2175 1958 2236 agentes

374 2266 598 2326 propter
641 2257 994 2312 sanctitatem
1051 2256 1176 2324 Job,
1225 2273 1292 2312 ac
1341 2259 1624 2326 meritum,
1685 2258 1957 2328 justitiam

373 2364 611 2420 quoque,
651 2365 714 2404 ac
747 2349 1028 2418 pietatem,
1062 2349 1434 2405 innocentiam
1479 2359 1646 2420 atque
1675 2351 1960 2418 integrita-

377 2451 510 2507 tem,
557 2442 850 2498 maximam
891 2443 994 2498 sibi
1025 2442 1253 2513 gloriam
1289 2453 1602 2512 reputantes
1631 2453 1756 2498 ante
1789 2445 1955 2500 Deum

373 2533 518 2588 beati
542 2533 645 2590 Job
679 2534 1056 2589 innocentiam
1091 2544 1254 2605 atque
1281 2535 1654 2590 sanctitatem.
1679 2535 1784 2590 Sed
1816 2535 1959 2603 quod

373 2641 475 2697 pro
499 2628 698 2694 gaudio
732 2635 893 2696 atque
925 2625 1101 2696 gloria
1129 2629 1337 2681 sanctis
1365 2627 1592 2697 angelis,
1630 2627 1733 2682 hoc
1766 2627 1960 2682 nihilo-

375 2719 556 2774 tninus
577 2719 642 2772 ad
677 2719 1162 2776 inﬂammationem
1189 2731 1352 2790 atque
1383 2720 1560 2776 zelum
1593 2721 1816 2792 proﬁcit
1841 2739 1958 2776 ma-

373 2808 522 2879 ligno
558 2822 613 2866 et
641 2813 962 2868 adversario
1017 2814 1256 2870 diabolo.
1287 2812 1585 2882 Propterea
1639 2829 1765 2868 cum
1813 2815 1961 2870 veni-

375 2911 500 2956 rent
547 2903 722 2974 angeli
771 2905 977 2975 gratias
1025 2921 1210 2978 agere,
1257 2923 1324 2964 ac
1373 2907 1624 2963 conﬁteri
1667 2923 1770 2978 pro
1813 2907 1960 2976 justo

373 2993 497 3060 Job,
525 2999 676 3052 venit
703 2997 956 3054 diabolus
977 2999 1320 3069 malignitate
1345 3009 1510 3068 atque
1534 2999 1962 3055 inﬂammatione

377 3087 618 3155 repletus
675 3089 942 3148 adversus
990 3101 1357 3148 memoratum
1415 3091 1540 3146 Job.
1605 3089 1961 3147 Venientibus

359 3181 632 3248 videlicet
670 3182 901 3254 angelis,
945 3185 1097 3240 venit
1145 3191 1202 3240 et
1234 3183 1484 3239 diabolus
1535 3191 1596 3238 ut
1639 3192 1812 3238 staret
1835 3191 1961 3238 ante

365 3277 690 3332 Dominum.
731 3278 922 3349 Angeli
954 3287 1226 3334 venerunt
1285 3290 1343 3336 ut
1393 3281 1598 3351 gratias
1632 3289 1873 3352 agerent,
1908 3289 1962 3334 et

375 3377 794 3446 conﬁterentur,
832 3392 888 3434 et
918 3379 1209 3436 laudarent
1237 3395 1250 3432 :
1284 3379 1536 3435 diabolus
1572 3395 1701 3436 vero
1735 3380 1882 3436 venit
1907 3391 1964 3436 ut

377 3473 727 3538 mentiretur,
771 3481 827 3527 et
865 3481 1175 3538 accusaret,
1207 3483 1372 3541 atque
1404 3473 1672 3541 culparet.
1727 3473 1793 3527 Et
1837 3489 1964 3528 vere

377 3562 532 3630 quasi
560 3561 778 3616 duabus
807 3564 1056 3632 personis
1087 3571 1246 3616 utens
1274 3562 1589 3632 angelorum
1638 3572 1694 3617 et
1735 3563 1962 3628 diaboli,

377 3653 692 3722 angelorum
720 3669 852 3709 sane
903 3654 1202 3708 bonitatem
1237 3653 1502 3716 ostendit,
1533 3663 1582 3704 et
1618 3653 1817 3708 diaboli
1867 3669 1964 3708 ne-

377 3745 610 3816 quitiam
659 3747 960 3817 redarguit,
987 3757 1150 3814 atque
1201 3745 1568 3813 nequissimus
1601 3744 1966 3813 cogitationes

375 3837 498 3906 cjus
522 3839 744 3908 detegit,
769 3841 970 3909 quibus
1017 3839 1272 3910 nequiter
1302 3849 1464 3906 atque
1497 3837 1723 3906 indigne
1752 3837 1963 3907 cogita-

375 3931 460 3988 vit
494 3933 641 4002 apud
679 3935 1029 4002 semetipsum
1057 3931 1246 4002 procul
1296 3930 1458 3985 dubio
1490 3939 1756 3996 tractans,
1787 3945 1850 3984 ac
1881 3931 1964 3984 di—

379 4041 512 4082 cens
545 4045 560 4083 :
593 4025 726 4092 Quis
771 4026 902 4079 mibi
940 4025 1090 4079 dabit
1141 4034 1200 4078 ut
1229 4023 1432 4092 possim
1459 4023 1650 4076 venire
1684 4031 1813 4075 ante
1835 4037 1964 4075 con-

377 4127 628 4188 Spectum
673 4118 806 4174 Dei?
837 4117 970 4185 Quis
997 4117 1125 4171 mibi
1168 4116 1318 4170 dabit
1342 4113 1621 4184 utpossim
1659 4121 1807 4167 stare
1835 4122 1964 4167 ante

379 4213 580 4269 faciem
631 4211 777 4268 illius
821 4209 1050 4266 aeterni?
1097 4209 1252 4264 Hanc
1313 4207 1527 4264 scilicet
1581 4203 1966 4274 cogitationem

381 4307 604 4373 diaboli,
632 4315 688 4364 et
723 4306 900 4376 ipsum
937 4303 1056 4371 ejus
1085 4303 1443 4366 desiderium,
1478 4299 1636 4369 quasi
1669 4299 1966 4351 adventum

383 4415 700 4458 memorans
749 4400 1016 4469 scriptor,
1069 4396 1240 4451 dicit:
1273 4393 1342 4447 Et
1401 4392 1647 4446 diabolus
1711 4389 1850 4444 venit
1911 4397 1968 4442 ut

381 4503 548 4552 staret
595 4503 717 4548 ante
769 4491 1050 4547 Dominum
1067 4489 1135 4544 ⁷⁷.
1173 4487 1356 4552 Venit,
1387 4485 1484 4541 sed
1509 4499 1618 4538 non
1647 4483 1700 4538 in
1733 4495 1972 4553 praesen-

2065 1977 2154 2048 qui
2208 1987 2292 2032 est
2343 1976 2508 2046 totius
2537 1974 2840 2042 iniquitatis
2875 1969 3085 2036 auctur,
3119 1980 3176 2026 et
3205 1973 3382 2025 omnis
3420 1971 3644 2024 sceleris

2061 2079 2218 2141 pater
2267 2078 2432 2138 atque
2465 2067 2740 2130 inventor,
2772 2065 2838 2118 ad
2883 2063 3161 2119 cmlestem
3206 2063 3382 2116 aulam
3419 2077 3488 2115 ex
3537 2077 3641 2130 qua

2063 2171 2256 2233 sponte
2280 2161 2498 2225 cecidit,
2535 2175 2809 2227 nunquam
2838 2159 3034 2212 iterum
3063 2155 3344 2222 ascendet,
3365 2169 3647 2223 nunquam

2066 2255 2245 2312 denuo
2275 2251 2622 2308 revertetur?
2651 2249 2706 2304 Si
2741 2250 2886 2304 enim
2932 2249 3154 2318 spiritus
3207 2245 3396 2301 exiens
3445 2250 3640 2299 iterum

2037 2362 2176 2406 anon
2223 2347 2539 2411 revertitur,
2595 2357 2772 2413 neque
2827 2350 3114 2397 revocatur
3163 2339 3349 2392 anima
3410 2339 3638 2392 ablata:

2063 2453 2248 2495 nonne
2275 2437 2444 2492 multo
2467 2437 2702 2507 amplius
2729 2436 2776 2491 is
2808 2434 2900 2504 qui
2948 2441 3172 2502 propter
3205 2430 3548 2498 iniquitatem
3577 2430 3644 2484 de

2065 2531 2204 2587 cmlo
2239 2531 2428 2596 exivit,
2461 2544 2736 2599 nunquam
2767 2541 2960 2582 rursus
2997 2525 3124 2579 illuc
3155 2532 3481 2586 revertetur,
3517 2533 3572 2578 et
3597 2522 3644 2576 is

2065 2624 2157 2694 qui
2184 2633 2406 2692 propter
2461 2623 2890 2691 impoenitentem
2933 2617 3234 2689 nequitiam
3265 2616 3538 2686 projectus
3561 2625 3645 2671 est

2065 2732 2132 2772 ex
2168 2716 2349 2772 choris
2395 2725 2706 2770 sanctorum
2743 2712 3080 2781 angelorum,
3107 2725 3382 2780 nunquam
3423 2723 3646 2779 prorsus

2065 2809 2132 2862 ad
2157 2791 2540 2878 paenitentiam
2579 2805 2962 2862 revocabitur?
2993 2803 3172 2860 Stabit
3206 2804 3349 2858 enim
3386 2811 3642 2872 tanquam

2065 2901 2394 2970 incomptus,
2429 2912 2592 2970 atque
2639 2900 2899 2954 indomita
2934 2897 3244 2953 aversione.
3273 2897 3338 2951 Et
3366 2897 3566 2962 adhuc,
3598 2897 3643 2950 si

2065 2996 2193 3052 olim
2225 2995 2357 3051 Cain
2391 3011 2513 3049 cum
2543 2995 2718 3049 exiret
2771 3007 2802 3046 a
2861 2991 2998 3046 fac-ie
3053 2989 3268 3044 Domini
3321 3005 3420 3058 pro
3465 2989 3644 3058 impiis

2066 3087 2310 3152 ausibus,
2347 3103 2622 3156 nunquam
2663 3094 2793 3139 ante
2813 3096 3160 3155 correpectum
3193 3083 3408 3139 Domini
3439 3082 3530 3136 Dei
3563 3094 3648 3136 est

2069 3195 2326 3235 reversus
2351 3196 2365 3232 :
2391 3195 2572 3234 nonne
2599 3177 2770 3232 multo
2801 3177 3036 3248 amplius
3059 3178 3149 3233 hic
3179 3175 3431 3231 diabolus
3457 3173 3550 3244 qui
3579 3175 3645 3226 ad

2067 3287 2282 3328 omnem
2314 3271 2698 3327 crudelitatem
2745 3267 2849 3324 fuit
2875 3269 3139 3339 magister
3171 3268 3310 3338 ejus,
3341 3265 3432 3336 qui
3463 3275 3518 3319 et
3543 3265 3647 3318 lto-

2069 3367 2266 3421 nticida
2297 3365 2364 3419 ab
2391 3363 2709 3431 initiojuste
2737 3371 2820 3418 est
2844 3369 3190 3431 nuncupatus
3209 3375 3237 3414 a
3264 3360 3406 3415 l'acie
3431 3357 3647 3414 Domini

2069 3455 2164 3511 Dei
2190 3466 2443 3524 tanquam
2469 3454 2702 3524 injuslus
2721 3452 2867 3522 juste
2895 3449 3193 3521 proiectus,
3219 3465 3495 3520 nunquam
3519 3457 3649 3503 ante

2069 3548 2262 3604 faciem
2297 3546 2514 3602 Domini
2551 3547 2733 3601 veniet
2773 3545 3032 3614 amplius,
3084 3558 3360 3613 nunquam
3411 3541 3464 3596 in
3519 3555 3649 3596 con-

2067 3652 2256 3712 spectu
2311 3651 2516 3698 sanctae
2587 3639 2771 3712 gloriae
2821 3649 3129 3693 revertetur
3187 3635 3448 3692 ulterius?
3495 3635 3648 3704 juxta

2069 3738 2173 3790 hoc
2221 3735 2364 3804 quod
2411 3733 2614 3788 dictum
2652 3741 2775 3787 est:
2807 3731 3102 3800 Auferatur
3139 3729 3334 3798 impius
3375 3743 3438 3782 ne
3475 3727 3650 3779 uideat

2067 3829 2292 3898 gloriam
2327 3825 2626 3882 Domini".
2659 3825 2914 3879 Etadltuc
2942 3843 2954 3879 :
2983 3823 3038 3878 Si
3065 3823 3214 3893 impii
3251 3839 3355 3875 non
3383 3830 3652 3889 resurgant

2068 3923 2124 3974 in
2151 3919 2384 3992 judicio,
2421 3929 2468 3972 et
2516 3929 2815 3987 peccatores
2855 3919 2910 3971 in
2959 3915 3176 3970 consilio
3222 3913 3492 3984 justorum
3543 3927 3650 3966 non

2069 4011 2502 4084 apparebunt“,
2533 4013 2805 4079 quomodo
2850 4009 2941 4066 ille
2970 4009 3064 4078 qui
3109 4017 3266 4078 pater
3307 4005 3517 4061 exstitit
3547 4004 3651 4056 im-

2070 4107 2358 4176 pietatum,
2389 4115 2444 4158 et
2491 4103 2709 4174 genitor
2739 4112 3118 4172 peccatorum,
3153 4099 3210 4154 id
3225 4107 3326 4176 est
3379 4094 3652 4156 diabolus,

2071 4199 2126 4253 in
2159 4207 2451 4268 conspectu
2480 4205 2684 4250 sanctae
2711 4193 2896 4263 gloriae
2929 4191 3026 4246 Dei
3068 4165 3388 4260 appar-ibit?
3417 4187 3654 4255 Quomo-

2073 4291 2143 4346 do
2185 4305 2332 4345 mors
2377 4290 2501 4343 vita:
2540 4283 2902 4342 conveniret?
2934 4281 3216 4349 Quomodo
3248 4281 3472 4336 stabunt
3501 4289 3656 4332 tene-

2071 4380 2186 4435 brte
2241 4380 2296 4434 in
2349 4387 2645 4446 conspectu
2705 4374 2844 4428 lucis
2891 4369 3326 4427 inaccessibilis?
3375 4367 3660 4436 Quomodo

2077 4470 2390 4527 sustineant
2431 4467 2658 4537 Stipula,
2692 4467 2880 4521 fenum
2929 4471 3096 4532 atque
3131 4476 3274 4526 .cera
3319 4459 3656 4514 vicinitatem

381 4588 480 4650 tia,
517 4603 622 4642 non
652 4599 901 4649 accessu,
937 4596 1114 4652 neque
1155 4551 1401 4645 introitu,
1445 4578 1542 4633 sed
1569 4551 1966 4644 venit—cogita-
2001 4593 2048 4649 Ι)
2077 4565 2216 4633 ignis
2255 4561 2674 4632 insuperabilis;
2713 4559 2780 4614 de
2804 4573 2912 4628 quo
2933 4557 3137 4611 dicitur
3169 4573 3182 4608 :
3211 4552 3358 4652 Sicut
3385 4551 3510 4652 ﬂuit

387 4683 562 4750 tione,
591 4680 820 4746 consilio
866 4687 923 4733 et
979 4675 1270 4732 desiderio.
1306 4672 1440 4726 Nam
1473 4672 1616 4726 sicut
1647 4670 1770 4738 quis
1799 4671 1969 4724 latro-

389 4789 516 4830 num
549 4775 757 4846 positus
803 4771 858 4826 in
891 4784 1114 4824 carcere
1145 4781 1210 4822 ac
1247 4763 1482 4820 vinculis
1509 4762 1625 4816 vult
1649 4759 1970 4830 frequenter

385 4875 446 4924 et
471 4877 624 4935 optat
653 4875 714 4920 ut
747 4865 982 4919 sitforas
1013 4863 1068 4916 in
1101 4859 1376 4914 montibus
1406 4856 1499 4912 ubi
1525 4856 1734 4928 pridem
1765 4853 1966 4918 fuerat,

385 4958 488 5012 sed
535 4971 644 5011 non
687 4958 804 5026 ipse
834 4963 918 5009 est
945 4953 1082 5017 illic,
1115 4952 1210 5006 sed
1244 4964 1439 5005 sensus
1487 4958 1650 5017 atque
1709 4945 1968 5016 cogitatio

387 5049 526 5118 ejus,
559 5057 617 5103 et
647 5048 798 5102 venit
851 5044 922 5099 illi
978 5043 1238 5114 cogitatio
1285 5038 1782 5096 commonefaciens
1818 5051 1878 5091 se
1904 5036 1972 5090 de

389 5142 458 5198 iis
481 5155 606 5212 quae
635 5141 744 5196 illic
765 5150 894 5197 sunt
921 5139 1054 5194 locis
1080 5145 1138 5192 et
1165 5135 1516 5198 stationibus,
1548 5129 1710 5186 factis
1731 5142 1974 5198 quoque,

391 5245 558 5306 atque
595 5235 794 5291 studiis
819 5251 836 5288 :
865 5233 938 5288 ita
977 5229 1248 5294 diabolus,
1289 5243 1414 5282 cum
1447 5221 1870 5281 commonefacit
1913 5233 1972 5274 se

389 5329 640 5400 priorum
669 5327 938 5390 omnium,
969 5331 1027 5378 et
1069 5322 1346 5377 desiderat
1385 5317 1472 5372 illa
1503 5331 1629 5386 qua:
1675 5321 1804 5368 sunt
1846 5323 1974 5365 ante

393 5417 590 5486 Deum,
635 5422 693 5472 et
731 5415 880 5470 vadit
929 5413 1055 5468 illuc
1083 5425 1250 5466 sensu
1294 5419 1460 5478 atque
1491 5405 1843 5476 cegitatione,
1878 5415 1974 5456 ve-

393 5511 546 5568 nisse
597 5509 799 5564 dicitur
839 5516 966 5560 ante
1009 5504 1204 5568 Deum,
1239 5515 1366 5555 cum
1421 5514 1530 5553 non
1591 5497 1707 5566 ipse
1752 5493 1974 5565 proprie

391 5602 628 5668 venerit,
659 5601 754 5658 sed
811 5614 974 5654 sensu
1028 5605 1084 5652 et
1127 5595 1478 5666 cogitatione.
1509 5589 1646 5645 Nam
1700 5585 1975 5660 quomodo

397 5693 612 5750 veniret
655 5699 781 5746 ante
817 5699 1168 5758 conspectum
1197 5684 1295 5740 Dei
1325 5684 1389 5744 is,
1421 5681 1516 5752 qui
1546 5689 1750 5736 sanctae
1775 5679 1972 5732 auium

468 5789 518 5823 ⁷⁸
545 5783 564 5842 l
596 5788 729 5843 Cor.
758 5801 848 5852 xv,
877 5785 971 5851 M,
1006 5783 1095 5840 42.
1172 5781 1219 5814 ⁷⁸
1241 5781 1376 5836 Dan.
1411 5795 1506 5846 xu,
1539 5777 1592 5831 3.

400 5863 446 5896 ⁸³
478 5859 624 5916 Psal.
653 5873 827 5924 van,
863 5857 914 5910 5.

1707 5773 1877 5830 "Job
1907 5789 1948 5840 ι,
1977 5771 2030 5826 6.

2077 4674 2108 4709 a
2147 4655 2285 4725 {acie
2325 4657 2483 4724 ignis,
2511 4655 2587 4707 sic
2635 4661 2850 4722 pereant
2895 4659 3194 4718 reccatores
3233 4663 3265 4698 a
3307 4645 3444 4714 facie
3467 4639 3662 4694 Dei“?

2075 4747 2360 4814 Quomodo
2390 4759 2579 4799 vocem
2615 4743 2710 4798 Dei
2757 4743 3010 4804 audiens,
3051 4739 3384 4810 respondeat
3430 4733 3506 4787 illi
3555 4733 3660 4785 int-

2077 4841 2334 4904 mundus,
2366 4851 2530 4909 atque
2573 4837 2926 4895 exsecrabilis
2963 4834 3148 4902 refuga
3198 4830 3466 4893 diabolus,
3497 4841 3660 4896 quem

2075 4949 2178 4988 nec
2235 4935 2410 4989 sancti
2461 4932 2638 5002 angeli
2702 4931 2922 5000 dignum
2959 4929 3164 4982 habent
3209 4941 3308 4980 suo
3355 4917 3663 4988 colloquio?

2079 5025 2248 5093 Cujus
2297 5023 2737 5091 coniunctionem
2793 5021 2974 5077 nullus
3023 5025 3340 5073 sanctorum
3394 5009 3659 5077 suscepit,

2017 5136 2024 5143 ’
2081 5131 2258 5187 neque
2289 5115 2568 5185 amplexus
2600 5115 2721 5168 est?
2755 5113 2910 5180 Quod
2944 5110 3144 5166 claruit
3197 5109 3252 5161 in
3303 5107 3464 5160 beato
3494 5101 3664 5157 Paulo

2082 5219 2136 5265 et
2166 5207 2302 5273 Sila,
2337 5207 2534 5276 quibus
2567 5205 2724 5260 valde
2761 5203 3051 5258 molestum
3099 5199 3198 5253 fuit
3231 5199 3372 5266 quod
3417 5194 3666 5249 diabolus

2079 5317 2178 5374 per
2215 5302 2360 5357 illius
2404 5299 2700 5354 divinantis
2732 5295 2922 5366 puellae
2962 5309 3026 5348 os
3075 5292 3130 5346 in
3167 5290 3545 5360 Pltilippenses
3575 5300 3666 5341 see

2083 5405 2314 5463 quentes
2357 5406 2454 5446 eos
2494 5389 2838 5453 clamaverit,
2877 5397 3162 5454 usquequo
3219 5395 3328 5437 non
3388 5379 3668 5434 sustinens

2083 5489 2286 5545 Paulus
2311 5485 2579 5543 confusus
2605 5482 2740 5537 illud
2777 5477 3105 5536 daemonium
3141 5473 3369 5545 pepulit.
3399 5469 3666 5527 Omnibus

2086 5581 2274 5650 itaque
2320 5577 2497 5633 modis
2541 5572 2961 5645 comprobatum
2999 5575 3112 5632 est,
3160 5565 3288 5635 quia
3331 5560 3586 5618 diabolus
3635 5573 3670 5611 a

2085 5672 2296 5728 sanctis
2343 5671 2534 5740 pulsus
2582 5675 2691 5730 est,
2735 5674 2903 5734 atque
2949 5671 3264 5717 sanctorum
3319 5652 3670 5725 praesentiam

2110 5771 2157 5801 ⁷⁸
2197 5767 2340 5824 Psal.
2380 5781 2536 5832 xxtn,
2572 5763 2624 5818 7.
2687 5762 2734 5796 ⁷⁹
2763 5762 2868 5818 lsa.
2919 5755 3188 5827 )iXVl,10.
3268 5750 3313 5782 ⁸⁰
3339 5747 3484 5804 Psal.
3532 5761 3571 5810 I,
3608 5742 3666 5796 Δ».
