4174 6426
529 404 637 471 405

1658 410 2041 468 ANONYMUS
2077 409 2147 466 IN
2182 410 2323 468 JOB.
2364 442 2433 452 —
2470 410 2599 467 LIB.
2634 411 2677 466 1.

3665 408 3771 465 ιοι

534 550 640 587 non
694 531 986 597 sustinuit,
1016 529 1151 585 'sive
1190 529 1542 599 angelorum,
1591 529 1709 585 sive
1766 529 2045 585 hominum
2082 546 2095 582 :
2130 529 2257 590 Ain
2304 530 2517 597 spiritu,
2568 534 2755 598 utpote
2809 538 2915 579 non
2967 520 3228 589 carnalia,
3274 522 3369 578 sed
3417 520 3680 593 spiritalia
3714 522 3769 575 in

530 622 703 680 multo
738 624 908 692 magis
949 623 1245 677 terribilem
1291 625 1382 677 Dei
1426 624 1766 693 praesentiam
1799 636 1905 676 non
1931 621 2098 675 susti-

530 716 698 778 nebit,
735 728 913 784 neque
961 723 1088 769 ante
1130 713 1424 783 gloriosam
1475 713 1569 768 Dei
1626 712 1818 767 faciem
1855 712 2090 767 accedet.

474 866 477 869 _
530 806 587 859 Si
623 805 768 860 enim
794 820 916 860 cum
945 804 1012 858 ad
1048 814 1219 859 terras
1248 804 1460 858 veniret
1488 802 1841 871 Unigenitus,
1875 800 2099 856 Deitatis

532 898 585 951 in
630 912 690 952 se
731 897 987 952 virtutem
1037 904 1201 964 atque
1251 909 1531 950 accessum
1568 910 1673 948 non
1710 894 2003 955 sustinens,
2031 907 2100 947 ne

530 995 897 1056 torqueretur,
931 986 1141 1055 rogavit
1172 1001 1185 1037 :
1218 988 1488 1055 quomodo
1533 985 1601 1039 ad
1633 984 2099 1052 incorruptionem

530 1078 817 1141 accedens,
846 1085 975 1131 ante
1004 1074 1149 1129 illam
1178 1073 1584 1130 intolerabilem
1610 1084 1774 1143 atque
1801 1075 2099 1130 inaccessi-

531 1168 693 1222 bilem
750 1166 842 1221 Dei
889 1166 1090 1222 faciem
1135 1166 1319 1230 stabit,
1355 1174 1412 1220 et
1456 1179 1642 1221 vocem
1672 1164 1962 1219 verborum
1999 1179 2100 1218 au-

529 1259 708 1323 diens,
738 1272 1060 1328 responsum
1096 1266 1259 1329 atque
1285 1258 1699 1329 replicationem
1727 1258 1916 1314 dabit?
1948 1257 2103 1324 Quod

527 1363 613 1405 est
638 1352 891 1405 omnibus
924 1350 1098 1405 modis
1125 1361 1181 1405 et
1215 1351 1482 1414 illicitum,
1508 1360 1561 1405 et
1591 1350 1942 1420 impossibile.
1972 1350 2103 1405 Post

528 1459 651 1513 quae
685 1444 964 1510 universa,
987 1458 1022 1500 ο
1052 1445 1233 1509 amici,
1269 1456 1330 1501 ut
1372 1445 1625 1516 superius
1665 1445 1799 1508 dixi,
1836 1443 2104 1513 intelliga-

529 1549 652 1589 mus
681 1533 841 1589 verba
868 1543 1071 1590 sanctae
1098 1534 1419 1605 Scriptura.

604 1623 829 1679 Venisse
866 1625 1113 1681 diabolus
1160 1626 1366 1681 dicitur
1418 1634 1545 1681 ante
1595 1625 1868 1691 Deum,et
1891 1626 2105 1680 audisse

532 1732 561 1769 a
602 1714 733 1780 Deo,
771 1725 827 1769 et
870 1717 1217 1786 respondisse
1268 1717 1399 1782 Deo,
1431 1732 1541 1771 non
1580 1716 1720 1785 quod
1758 1716 2026 1788 malignus
2051 1724 2107 1771 et

531 1806 842 1861 immundus
881 1815 1047 1876 atque
1099 1807 1423 1863 tenebrosus
1457 1806 1708 1863 diabolus
1748 1806 1889 1863 facie
1912 1810 1980 1863 ad
2023 1808 2105 1862 fa-

527 1896 667 1950 ciem
705 1897 917 1951 steterit
948 1869 1075 1952 ante
1119 1898 1308 1953 Deum.
1351 1898 1551 1953 Absit:
1583 1899 1708 1969 quis
1757 1899 1901 1954 enim
1935 1901 2104 1955 durus
2134 1869 2182 1929 Β

528 1987 757 2043 eﬂ'ectus
806 1990 1101 2055 sustineat,
1133 1990 1331 2061 inquit,
1373 1992 1719 2061 praesentiam
1749 1990 1906 2059 ejus?
1940 1990 2107 2048 Paulo

530 2090 650 2150 post
675 2082 726 2133 in
752 2080 943 2135 eodem
969 2079 1129 2145 libro,
1169 2080 1271 2136 hoc
1302 2092 1409 2148 est,
1435 2082 1559 2152 quis
1588 2082 1759 2138 durus
1783 2082 2007 2139 effectus
2039 2083 2107 2139 ad

532 2187 637 2227 non
682 2172 1079 2240 paenitendum,
1123 2172 1375 2228 timorem
1428 2182 1594 2243 atque
1646 2175 1902 2230 virtutem
1936 2174 2109 2231 susti-

531 2273 658 2317 neat
704 2262 885 2317 vultus
924 2263 1084 2333 ejus?
1128 2262 1276 2331 Ideo,
1313 2272 1373 2319 ut
1416 2266 1667 2334 superius
1710 2265 1968 2333 diximus,
1998 2277 2108 2320 non

530 2356 586 2410 in
621 2369 851 2426 persona
876 2356 1027 2410 venit
1070 2356 1443 2425 nequissimus
1476 2357 1731 2413 diabolus
1752 2368 1883 2414 ante
1910 2359 2105 2423 Deum,

530 2450 628 2503 sed
669 2448 939 2514 consiliis,
967 2456 1023 2502 et
1052 2448 1496 2519 cogitationibus,
1527 2459 1692 2520 atque
1718 2450 1973 2521 nequitia
1997 2464 2109 2505 sua:

532 2539 973 2595 meditationibus
1000 2554 1014 2592 :
1039 2549 1094 2594 et
1140 2553 1260 2607 quae
1290 2541 1548 2611 cogitavit
1573 2545 1640 2597 de
1671 2555 1758 2609 eo,
1792 2557 1911 2612 quae
1943 2542 2108 2598 etiam

529 2630 598 2685 de
638 2624 740 2684 Job
792 2627 964 2698 justo,
1016 2630 1132 2685 haec
1178 2638 1447 2686 venerunt
1497 2638 1627 2686 ante
1679 2630 1871 2697 Deum,
1915 2630 2107 2686 borum

531 2722 796 2777 memoria
827 2722 978 2777 venit
1024 2722 1079 2777 in
1117 2732 1413 2793 conspectu
1464 2723 1653 2777 aeterni
1684 2722 1802 2779 Dei.
1839 2722 1966 2781 llaec
1995 2738 2109 2779 me-

531 2831 752 2871 morans
773 2814 987 2887 Moyses
1019 2830 1283 2886 personas
1313 2815 1465 2887 ponit
1495 2826 1657 2885 atque
1691 2816 1944 2871 ostendit.
1980 2815 2109 2872 Per-

532 2908 685 2963 sonis
711 2907 907 2978 quibus
928 2907 1135 2963 utitur?
1165 2907 1475 2978 Aliquando
1495 2907 1834 2977 angelorum,
1856 2906 2109 2976 aliquan-

533 3000 604 3053 do
638 2999 858 3063 diaboli,
885 3013 1283 3070 nonnunquam
1321 3009 1502 3055 autem
1528 2999 1645 3064 Dei,
1684 3007 1744 3052 ut
1768 3012 1867 3068 per
1891 2997 2108 3065 signiti-

532 3091 775 3145 cationes
810 3105 1163 3161 personarum
1208 3106 1272 3146 ea
1319 3105 1444 3160 quae
1476 3091 1810 3159 contigerint
1838 3091 2110 3160 designet,

533 3194 589 3237 et
638 3198 761 3252 qua:
810 3184 954 3240 facta
1014 3193 1143 3240 sunt
1186 3184 1518 3239 manifestet.
1582 3183 1827 3251 Quorum
1886 3183 2110 3238 evidens

535 3276 841 3345 exemplum
901 3276 955 3330 in
1011 3275 1169 3331 nobis
1232 3275 1614 3346 reperimus,o
1672 3275 1856 3329 amici.
1886 3273 2017 3329 Nam
2053 3284 2109 3330 et

534 3367 848 3436 frequenter
872 3365 1124 3421 sensibus
1153 3367 1354 3421 nostris
1385 3366 1478 3420 illo
1520 3367 1818 3437 pergimus,
1848 3365 1936 3421 ubi
1968 3381 2109 3421 nun—

529 3474 696 3527 quam
730 3473 960 3529 corpore
993 3469 1295 3528 praesentes
1336 3458 1558 3522 luimus,
1582 3459 1699 3514 sive
1730 3459 1784 3513 in
1812 3458 2009 3514 coelum
2040 3459 2107 3513 ad

534 3549 729 3617 Deum,
757 3551 875 3605 sive
900 3552 954 3605 in
982 3560 1183 3606 terram
1218 3552 1285 3605 ad
1331 3551 1599 3607 homines.
1632 3551 1787 3622 Smpe
1814 3554 1881 3608 ad
1912 3552 2110 3607 absen-

538 3651 622 3697 tes
640 3642 913 3713 'tanquam
949 3644 1015 3698 ad
1057 3653 1359 3714 praesentes
1401 3642 1702 3713 loquimur,
1736 3654 1790 3700 et
1828 3645 2112 3715 cogitatio-

536 3735 698 3791 nibus
728 3737 932 3791 nostris
958 3750 1081 3790 eum
1104 3735 1212 3791 illis
1235 3736 1329 3806 qui
1360 3736 1517 3792 valde
1546 3737 1704 3808 longe
1734 3746 1863 3793 sunt
1888 3748 2111 3793 conten-

532 3827 734 3894 dimus,
765 3840 819 3882 et
851 3828 1203 3896 altercamur,
1234 3839 1510 3885 certamus
1544 3845 1761 3900 quoque
1785 3840 1841 3886 et
1880 3832 2111 3902 replica-

532 3935 679 3986 mus,
725 3928 779 3975 et
812 3936 881 3975 ex
930 3920 1144 3976 illorum
1191 3935 1424 3990 persona
1469 3924 1891 3989 controversias,
1946 3934 2110 3994 atque

535 4013 939 4083 replicationes,
967 4014 1126 4070 nobis
1160 4013 1295 4084 ipsis
1325 4015 1574 4071 facimus.
1607 4014 1760 4086 Saepe
1782 4019 1946 4073 etiam
1972 4026 2029 4072 et
2058 4018 2110 4072 in

534 4105 736 4161 omium
785 4108 852 4162 ad
895 4107 1062 4161 Deum
1110 4107 1461 4163 ascendimus
1498 4119 1554 4163 et
1582 4117 1847 4178 tanquam
1896 4108 1954 4163 in
1979 4124 2112 4164 con-

536 4210 730 4268 spectu
768 4198 860 4254 Dei
889 4200 943 4253 in
976 4199 1210 4255 excelsis
1239 4200 1406 4255 animi
1433 4200 1667 4267 visione,
1700 4210 1864 4270 atque
1886 4200 2111 4269 spiritus

534 4289 843 4346 elevatione
875 4303 1104 4358 stamus,
1136 4301 1193 4349 et
1222 4296 1288 4348 ad
1325 4294 1491 4348 Deum
1533 4292 1832 4363 loquimur,
1855 4302 1911 4348 et
1943 4308 1973 4346 a
2002 4292 2113 4347 Deo

537 4384 804 4447 audimus,
834 4395 999 4455 atque
1029 4386 1139 4440 Deo
1166 4400 1483 4455 responsum
1517 4387 1727 4440 damus.
1754 4385 1820 4440 Et
1845 4386 1960 4441 haec
1986 4386 2111 4441 uni-

536 4488 697 4529 versa
729 4475 958 4529 dicimus
1002 4475 1181 4530 adhuc
1221 4477 1274 4529 in
1313 4489 1543 4545 corpore
1571 4477 1756 4546 positi,
1784 4485 1951 4545 atque
1988 4489 2113 4531 car-

2198 622 2344 676 omni
2396 631 2639 692 tempore
2687 620 3016 691 cogitantes,
3051 630 3309 688 tanquam
3342 621 3488 674 inter
3522 616 3772 672 homines

2199 728 2363 783 super
2392 723 2592 769 terram
2621 714 2746 777 visi,
2774 712 2944 766 animi
2979 726 3111 765 vero
3142 710 3325 765 studio
3359 718 3487 763 ante
3514 708 3680 763 Deum
3712 708 3769 762 in

2200 806 2338 862 ctelo
2376 805 2543 861 fuisse
2571 802 2926 873 comprobati.
2961 800 3235 870 Ejusmodi
3272 800 3455 854 dicunt
3481 814 3604 853 cum
3634 797 3773 851 ﬁdu-

2200 898 2287 953 cia
2311 914 2330 952 :
2358 896 2650 960 Habitatio,
2680 895 2760 950 vel
2778 894 3104 948 conuersatio
3132 901 3316 946 nostra
3348 891 3406 944 in
3437 890 3578 944 cretis
3604 898 3681 943 est
3701 888 3771 942 ⁸⁸.

2201 990 2262 1044 Si
2293 989 2458 1059 igitur
2483 988 2733 1042 homines
2764 1001 2931 1041 carne
2972 986 3171 1050 induti,
3202 993 3260 1038 et
3280 982 3636 1053 corruptione
3665 980 3777 1036 eir—

2200 1078 2441 1134 eumdati
2473 1078 2532 1131 in
2555 1076 2709 1132 caelis
2733 1086 2861 1131 ante
2889 1076 3057 1130 Deum
3087 1083 3234 1129 stare
3260 1083 3317 1129 et
3346 1086 3470 1127 esse
3501 1072 3776 1137 dicuntur,

2201 1185 2313 1225 non
2340 1177 2531 1224 natura
2558 1168 2689 1223 illuc
2710 1166 2963 1238 proiecti,
2988 1166 3083 1221 sed
3102 1166 3385 1221 voluntate
3408 1172 3466 1220 et
3479 1161 3774 1227 desiderio,

2204 1262 2373 1317 animi
2404 1260 2755 1317 meditatione
2770 1260 2970 1328 evecti,
3000 1259 3128 1329 quid
3161 1272 3417 1329 magnum
3452 1258 3497 1312 si
3530 1255 3778 1312 diabolus

2201 1370 2326 1409 cum
2352 1354 2425 1409 sit
2450 1353 2675 1424 spiritus
2697 1363 2752 1409 et
2778 1350 3265 1421 incorruptibiliter
3284 1364 3467 1405 aerem
3495 1357 3777 1420 pertrans-

2204 1446 2321 1502 iens
2360 1456 2417 1500 et
2456 1445 2700 1515 pelagus,
2738 1452 2864 1500 ante
2914 1444 3084 1498 Deum
3129 1442 3343 1497 venisse
3387 1437 3624 1494 dicitur?
3659 1436 3777 1492 Non

2204 1533 2349 1602 quod
2371 1533 2487 1600 ipse
2511 1533 2681 1595 venit,
2706 1532 2801 1587 sed
2840 1541 3106 1587 venerunt
3128 1528 3462 1584 immortales
3493 1527 3781 1597 cogitatio,

2205 1638 2303 1679 nes
2322 1623 2439 1692 ejus
2464 1641 2480 1677 :
2514 1632 2676 1693 atque
2704 1622 3052 1692 nequissimae
3079 1621 3441 1691 cogitationes
3472 1619 3613 1689 ejus.
3644 1617 3779 1671 Nam

2204 1717 2348 1771 sicut
2375 1716 2443 1770 ad
2464 1716 2777 1773 Cornelium
2803 1716 3007 1771 dictum
3037 1714 3105 1769 de
3129 1713 3287 1768 bonis
3312 1726 3330 1767 :
3356 1711 3640 1767 Orationes
3672 1719 3781 1764 true

2207 1821 2255 1865 et
2286 1810 2624 1879 eleemosyme
2654 1816 2761 1863 tum
2786 1808 3204 1861 aseendmntin
3226 1804 3532 1859 memoriam
3566 1805 3622 1858 in
3651 1818 3780 1857 con-

2208 1912 2389 1972 spectu
2440 1902 2650 1967 θείω,
2684 1901 2766 1957 sic
2794 1911 2851 1956 et
2871 1900 3073 1955 dictum
3100 1906 3186 1953 est
3234 1896 3448 1953 diabolo
3492 1897 3558 1952 de
3601 1894 3781 1961 malis,

2207 1993 2583 2063 malignitates
2610 2003 2718 2048 tute
2762 2002 2927 2063 atque
2961 1991 3276 2060 iniquitates
3324 1988 3690 2044 ascenderunt
3726 1986 3782 2041 in

2206 2087 2532 2143 memoriam
2580 2086 2633 2141 in
2687 2092 2984 2154 conspectu
3025 2082 3142 2137 Dei.
3192 2080 3478 2149 Quomodo
3524 2079 3786 2136 ascende-

2207 2178 2372 2234 runt?
2410 2178 2453 2233 A
2483 2178 2689 2233 sanctis
2713 2176 2924 2247 angelis
2947 2174 3163 2231 oblatae.
3200 2174 3355 2229 Sicut
3378 2174 3524 2228 enim
3547 2171 3786 2229 oil’erunt

2208 2270 2382 2326 sancti
2429 2270 2606 2341 angeli
2654 2269 2976 2324 memoriam
3000 2267 3294 2337 justorum,
3332 2277 3495 2336 atque
3514 2266 3784 2338 justiiica-

2209 2361 2389 2417 tiones
2434 2376 2624 2416 eorum
2673 2372 2800 2415 ante
2850 2360 3066 2416 Deum:
3103 2360 3185 2416 sic
3230 2359 3486 2414 similiter
3536 2357 3787 2415 deferunt

2209 2451 2373 2507 iidem
2437 2450 2611 2522 angeli
2658 2451 2974 2507 memoriam
3025 2449 3270 2517 malitia,
3331 2459 3495 2520 atque
3532 2448 3787 2518 nequitiae

2210 2543 2437 2609 diaboli,
2466 2543 2658 2599 livoris
2687 2557 2901 2613 quoque
2931 2543 3048 2613 ejus
3084 2552 3141 2597 et
3176 2540 3395 2596 invidiae
3422 2556 3583 2610 quam
3620 2540 3789 2596 habet

2210 2634 2357 2689 circa
2419 2643 2641 2689 sanctos
2689 2634 2742 2688 in
2794 2640 3088 2701 conspectu
3153 2630 3415 2686 terribilis
3461 2629 3580 2686 Dei.
3629 2630 3785 2698 Quod

2210 2736 2390 2781 autem
2422 2724 2658 2781 oﬂ'erunt
2686 2724 2907 2793 gloriosi
2934 2723 3110 2795 angeli
3147 2724 3199 2778 in
3233 2731 3529 2791 conspectu
3566 2723 3784 2777 Domini

2211 2818 2328 2875 haec
2361 2818 2641 2883 universa,
2677 2817 2771 2872 Dei
2822 2816 3066 2887 Raphael
3104 2816 3328 2891 nuntius
3361 2816 3516 2869 testis
3549 2825 3654 2879 est,
3690 2816 3784 2883 qui

2212 2913 2427 2967 locutus
2459 2919 2544 2967 est
2586 2910 2653 2963 ad
2700 2908 2926 2965 Tobiam
2967 2911 3159 2965 dicens
3190 2923 3205 2962 :
3234 2908 3367 2963 Cum
3401 2923 3583 2961 orares
3636 2916 3715 2969 tu,
3736 2916 3787 2960 et

2212 3004 2355 3060 Sara
2384 3004 2500 3073 ﬁlia
2538 3002 2813 3075 Raguelis,
2846 3018 2942 3071 ego
2972 3002 3140 3057 obtuli
3172 3000 3481 3057 memoriam
3529 2998 3787 3055 orationis

2212 3108 2422 3163 uestrae,
2469 3108 2516 3153 et
2555 3097 2791 3165 legitima
2827 3096 2942 3166 ejus
2980 3096 3033 3150 in
3065 3104 3342 3164 conspectu
3386 3094 3572 3164 gloria
3601 3091 3783 3147 Dei".

2213 3188 2464 3245 Oﬂ'erunt
2509 3187 2864 3243 nihilominus
2911 3186 3089 3242 sancti
3138 3185 3319 3257 angeli
3357 3184 3448 3240 Dei
3492 3199 3601 3240 non
3626 3184 3789 3255 quasi

2217 3280 2429 3335 nesciat
2467 3280 2513 3335 is
2542 3280 2633 3349 qui
2688 3278 2871 3335 omnia
2912 3278 3064 3335 novit
3091 3287 3381 3349 antequam
3419 3278 3572 3341 ﬂant,
3606 3276 3703 3332 sed
3730 3287 3791 3331 ut

2218 3384 2383 3429 testes
2408 3371 2716 3427 elIiciantur
2738 3371 3052 3427 sanctitatis
3074 3380 3238 3439 atque
3260 3370 3479 3440 pietatis
3494 3368 3787 3441 iustorum.

2217 3466 2418 3520 iterum
2451 3474 2708 3532 tanquam
2736 3462 2993 3519 debentes
3028 3463 3359 3532 impietates,
3385 3471 3549 3531 atque
3574 3458 3786 3528 injusti-

2220 3558 2322 3612 tias
2376 3555 2729 3627 injustorum,
2793 3563 2888 3608 aut
2940 3554 3107 3609 etiam
3163 3554 3335 3623 ipsius
3378 3552 3606 3608 diaboli.
3666 3551 3793 3607 Haec

2218 3663 2457 3718 namque
2514 3648 2896 3702 demonstrans
2940 3655 3104 3714 atque
3151 3645 3469 3714 signiﬁcans
3526 3642 3791 3698 Dominus

2217 3742 2355 3797 dicit
2387 3742 2453 3796 de
2494 3739 2600 3794 illis
2633 3738 2789 3793 bonis
2816 3739 2987 3793 servis
3018 3738 3146 3807 (hoc
3173 3746 3257 3792 est
3282 3737 3347 3792 de
3374 3736 3640 3806 angelis):
3681 3732 3785 3788 Ve-

2219 3836 2416 3888 nientes
2456 3843 2632 3886 autem
2666 3831 3043 3885 nuntiaverunt
3071 3831 3282 3885 domino
3325 3846 3424 3884 suo
3462 3828 3643 3882 omnia
3673 3842 3794 3899 qttte

2218 3927 2363 3997 facta
2386 3927 2596 3995 fuerant
2627 3925 2719 3981 “'.
3802 3988 3807 3997 .

2291 4021 2383 4075 Sic
2429 4020 2614 4090 itaque
2652 4020 2965 4076 omnimode
3004 4027 3283 4073 ostensum
3315 4025 3421 4080 est,
3450 4023 3505 4071 et
3531 4030 3632 4087 per
3661 4030 3793 4071 san-

2219 4123 2431 4169 ctorum
2482 4114 2668 4178 verba,
2721 4122 2886 4184 atque
2928 4111 3207 4175 historias,
3235 4119 3289 4164 et
3335 4123 3432 4178 per
3478 4107 3793 4177 angelorum

2220 4208 2385 4271 dicta,
2411 4206 2538 4275 quia
2586 4220 2693 4260 non
2736 4220 2969 4275 persona
2995 4219 3088 4258 sua
3120 4202 3209 4256 illa
3239 4215 3401 4265 saeva,
3431 4199 3659 4265 crudeli,
3696 4200 3795 4253 ob-

2220 4313 2407 4364 scena,
2463 4306 2626 4367 atque
2680 4296 3028 4357 exsecrabili,
3062 4294 3347 4350 tenebrosa
3379 4306 3596 4363 quoque
3623 4300 3795 4361 atque

2221 4390 2591 4453 aborninabili,
2637 4388 2851 4443 venerit
2898 4388 3147 4442 diabolus
3199 4386 3253 4440 in
3293 4392 3589 4454 conspectu
3615 4384 3793 4438 sancti

2219 4496 2285 4537 ac
2313 4481 2533 4553 gloriosi
2565 4481 2683 4546 Dei,
2717 4483 2813 4537 sed
2852 4478 3106 4549 nequitia:
3140 4478 3493 4544 revelatione,
3527 4477 3621 4533 sed
3656 4478 3794 4532 livo-

540 4568 624 4623 nis
649 4568 999 4636 corruptione
1032 4582 1197 4638 super
1223 4578 1423 4623 terram
1452 4571 1796 4624 circumdati.
1825 4570 1978 4636 Quod
2009 4585 2110 4623 au-
2142 4588 2189 4643 ι)
2222 4575 2298 4629 ris
2322 4584 2488 4643 atque
2517 4572 2735 4628 invidiae
2779 4572 3195 4643 approbatione,
3227 4580 3283 4625 et
3312 4570 3593 4641 injustitia:
3619 4569 3797 4624 incre—

543 4670 648 4713 tem
683 4660 757 4713 ita
787 4661 881 4722 sit,
913 4670 1114 4714 norunt
1145 4661 1179 4714 ii
1209 4662 1301 4730 qui
1344 4662 1544 4717 sinceri
1592 4673 1721 4716 sunt
1749 4662 1893 4717 circa
1921 4661 2115 4727 Deum,

540 4752 618 4807 illi
647 4752 739 4822 qui
770 4751 969 4807 animis
991 4752 1105 4807 suis
1129 4753 1196 4806 ad
1223 4752 1661 4823 incorruptibilia
1696 4761 1861 4822 atque
1893 4751 2111 4808 excelsa

540 4859 757 4914 semper
783 4844 1089 4899 intendunt.
1108 4843 1201 4898 Sic
1233 4845 1445 4899 locutus
1476 4854 1559 4900 est
1583 4848 1650 4899 ad
1680 4846 1850 4899 Deum
1880 4843 2115 4915 Moyses,

541 4938 762 5006 quando
797 4937 1075 5006 respondit
1105 4936 1182 4990 illi
1208 4937 1351 4991 Deus
1376 4937 1566 4992 dicens
1594 4954 1609 4992 :
1642 4935 1785 5003 Quid
1824 4937 2024 4991 clamas
2047 4937 2116 4989 ad

538 5045 622 5083 me
642 5029 727 5083 ”?
755 5029 847 5083 Sic
881 5028 1032 5083 stetit
1059 5037 1186 5083 ante
1228 5028 1399 5083 Deum
1430 5028 1580 5084 Elias
1603 5044 1725 5082 cum
1756 5030 1982 5093 diceret,
2022 5026 2116 5082 Vi-

542 5124 613 5176 vit
647 5120 903 5175 Dominus
938 5121 1025 5175 cui
1056 5131 1172 5175 asto
1213 5121 1267 5175 in
1317 5130 1596 5188 conspectu
1635 5120 1749 5189 ejus
1772 5120 1841 5176 ⁸⁸.
1892 5119 1960 5175 Et
2023 5119 2113 5174 alii

542 5213 971 5269 innumerabiles
1026 5214 1390 5267 ostenduntur
1448 5227 1512 5266 ex
1569 5212 1886 5281 Scripturis,
1933 5218 1988 5267 et
2045 5212 2115 5265 ad

542 5308 710 5360 Deum
765 5306 931 5362 locuti
980 5306 1171 5372 fuisse,
1198 5316 1253 5360 et
1285 5322 1314 5359 a
1342 5306 1542 5361 saeculo
1564 5306 1803 5371 audisse,
1827 5316 1882 5360 et
1914 5305 2110 5360 identi-

543 5400 665 5453 dem
686 5398 798 5453 Deo
832 5399 1196 5464 respondisse,
1226 5414 1332 5454 non
1356 5413 1590 5469 corpore
1613 5409 1792 5453 tamen
1830 5399 1882 5453 in
1913 5398 2117 5453 ccelum

544 5490 601 5545 in
656 5498 953 5561 conspectu
992 5491 1087 5547 Dei
1133 5492 1473 5556 ascendisse,
1507 5492 1601 5545 sed
1648 5489 1875 5561 spiritali
1924 5490 2119 5544 animae

546 5582 862 5636 sinceritate
896 5592 1022 5637 ante
1048 5582 1217 5638 Deum
1245 5583 1479 5647 venisse.
1506 5582 1668 5638 Tales
1700 5583 1920 5638 fuerunt
1944 5582 2019 5638 illi
2052 5583 2120 5638 ad

548 5689 682 5742 quos
714 5675 843 5729 dicit
884 5676 1174 5744 Apostolus
1188 5676 1235 5709 ⁸⁵
1265 5696 1278 5731 :
1318 5675 1419 5731 Vos
1448 5694 1551 5731 non
1579 5677 1707 5730 estis
1738 5677 1794 5728 in
1816 5692 1995 5741 carne,
2031 5676 2121 5729 sed

617 5772 662 5801 ⁸³
692 5771 860 5828 Exod.
899 5788 1012 5844 xw,
1050 5772 1136 5827 15.
1221 5772 1268 5803 ⁸⁸
1293 5767 1517 5844 lllBeg.
1542 5788 1710 5844 ixvlll,
1742 5773 1831 5825 15.
1908 5772 1955 5802 ⁸⁸
1986 5772 2120 5828 Rom

552 5856 648 5905 an,
688 5844 772 5897 12.
849 5844 914 5875 ⁸⁸·
969 5843 1159 5898 Matth.
1195 5858 1349 5912 xvm,
1376 5841 1493 5898 51.‘
1538 5843 1581 5876 ⁸⁷
1611 5841 1719 5899 Jer.
1755 5858 1866 5909 xw,
1897 5844 1982 5897 iO.

2129 5810 2143 5827 .
2177 5786 2294 5841 vui,
2322 5773 2379 5829 9.
2453 5772 2499 5804 ⁸³
2524 5769 2762 5842 Philipp.
2800 5766 2999 5838 111,20.
3076 5764 3142 5797 "'
3170 5765 3292 5821 Act.
3324 5780 3378 5833 ι,
3403 5762 3492 5818 51.

2220 4664 2458 4736 patione,
2489 4664 2798 4731 iniquarum
2827 4661 3183 4716 nihilominus
3205 4670 3259 4716 et
3282 4660 3794 4730 malignissimarum

2219 4757 2609 4829 cogitationum
2648 4753 3094 4812 manifestatione
3129 4763 3291 4824 atque
3315 4750 3794 4807 commemoratio-

2223 4865 2310 4907 ne.
2345 4848 2549 4905 Horum
2587 4851 2797 4906 scilicet
2844 4852 3087 4907 omnium
3140 4847 3593 4905 commemoratio
3632 4854 3797 4911 atque

2222 4942 2485 4998 memoria
2510 4944 2660 4997 venit
2696 4943 2751 4997 in
2801 4953 3094 5013 conspectu
3126 4942 3245 4999 Dei.
3279 4942 3371 4997 Sic
3397 4951 3631 5008 namque
3662 4935 3799 4991 dicit

2221 5044 2347 5109 post
2375 5035 2492 5091 haec
2518 5054 2532 5090 :
2556 5034 2713 5089 Nunc
2768 5036 3085 5089 recordabar
3137 5034 3465 5103 impietatum
3505 5043 3709 5091 eorum,
3745 5034 3799 5079 et

2220 5128 2495 5183 vindicabo
2521 5137 2736 5195 peccata
2770 5127 2982 5181 illorum
3020 5126 3087 5192 ⁸⁷,
3110 5140 3217 5180 non
3245 5124 3401 5194 quasi
3428 5122 3629 5177 oblitus
3652 5132 3796 5173 nunc

2221 5220 2563 5283 recordetur,
2617 5218 2714 5273 sed
2758 5216 2883 5286 quia
2934 5231 3078 5271 nunc
3108 5216 3385 5270 vindicare
3410 5213 3555 5281 juste
3576 5208 3797 5275 judica-

2222 5309 2385 5363 verit.
2445 5308 2607 5364 Juxta
2656 5308 2759 5363 hoc
2811 5308 2985 5376 ipsum
3022 5305 3328 5374 exemplum
3388 5315 3533 5356 nunc
3585 5298 3798 5351 venisse

2226 5401 2427 5456 dicitur
2467 5400 2522 5454 in
2567 5406 2863 5467 conspectu
2913 5396 3011 5452 Dei
3056 5396 3331 5463 diabolus,
3366 5409 3470 5448 non
3517 5392 3662 5462 quod
3699 5404 3798 5445 ne—

2225 5493 2522 5564 quissimus
2578 5490 2665 5545 ille
2706 5490 2917 5544 venerit
2951 5490 3007 5544 in
3052 5497 3350 5559 conspectu
3398 5485 3522 5540 boni
3546 5483 3666 5548 Dei,
3700 5486 3796 5539 sed

2226 5585 2383 5655 quasi
2445 5582 2807 5652 cogitationes
2857 5579 2977 5648 eius
3036 5579 3283 5634 crudeles
3333 5591 3398 5631 ac
3447 5574 3800 5641 nequissima:

2226 5674 2478 5729 venerint
2521 5674 2577 5727 in
2628 5672 2949 5726 memoriam
2998 5670 3051 5724 in
3098 5676 3387 5736 conspectu
3418 5665 3534 5721 Dei.
3572 5663 3693 5718 Haec
3719 5664 3804 5717 ni-

3580 5762 3626 5794 "
3661 5760 3797 5817 Tol).
