4174 6430
424 411 532 466 405

1547 416 1923 476 ANONYMUS
1959 417 2025 473 IN
2062 417 2202 475 JOB.
2239 448 2309 461 —-
2344 418 2471 474 LIB.
2505 417 2547 473 ι.

3561 409 3666 465 406

427 527 627 584 mirum
663 526 1043 583 demonstrans
1077 528 1131 582 in
1164 529 1267 583 hac
1307 529 1588 601 Scriptura
1625 534 1871 601 personis
1899 532 2005 587 uti-
2029 536 2080 593 Α
2107 534 2195 588 tiae
2225 533 2362 604 ejus,
2392 544 2557 602 atque
2602 528 2952 598 correptione
2994 528 3272 598 injustitiae
3320 527 3483 583 illius.
3527 524 3669 581 Nam

429 628 538 684 tur,
576 627 633 673 et
680 634 1059 688 nonnunquam
1109 635 1179 674 ex
1230 621 1459 675 adverso
1500 622 1604 677 sibi
1640 622 1872 678 invicem
1905 637 2000 679 eas

428 719 675 767 statuens
728 710 904 764 dicit:
952 708 1215 765 Venerunt
1278 712 1456 780 angeli
1510 720 1569 765 ut
1620 723 1823 767 starent
1875 724 1998 768 ante

427 802 618 865 Deum,
644 813 692 855 et
723 801 966 856 diabolus
1009 804 1149 857 venit
1181 820 1298 857 cum
1324 804 1433 857 illis
1474 815 1530 858 ut
1560 814 1722 860 staret
1745 806 1855 872 ipse
1878 817 2000 862 ante

426 894 596 948 Deum
611 894 703 951 δ”.
744 892 869 947 Haec
894 901 1075 948 autem
1099 894 1167 948 oh
1205 894 1306 949 hoc
1332 894 1465 949 dicit
1493 902 1551 949 ut
1574 894 1772 950 diaboli
1805 895 2000 965 iniqui-

428 996 591 1041 tatem
626 987 998 1054 redargueret,
1031 993 1086 1040 et
1113 982 1216 1040 Joh
1275 984 1619 1043 tolerantiam
1665 986 2003 1053 ostenderet,

424 1087 483 1131 et
530 1076 625 1131 Dei
666 1076 936 1142 justitiam
974 1077 1375 1131 demonstraret
1411 1093 1426 1129 :
1467 1075 1747 1143 Venerunt,
1797 1078 1996 1149 inquit,

422 1169 598 1238 angeli
633 1168 731 1222 Dei
769 1177 823 1221 ut
870 1177 1069 1222 starent
1109 1179 1232 1221 ante
1265 1166 1455 1221 Deum.
1491 1165 1775 1223 Venerunt
1814 1177 2000 1238 utpote

425 1260 602 1315 sancti
655 1274 721 1316 ac
778 1259 1023 1329 gloriosi,
1083 1268 1268 1329 utpote
1313 1261 1659 1317 sanctissima
1710 1260 1807 1317 Dei
1858 1260 1999 1316 facie

432 1352 571 1420 :Iignl
603 1350 795 1407 habiti.
842 1350 1121 1407 Venerunt
1165 1350 1342 1422 angeli
1376 1363 1689 1407 sanctorum
1718 1352 1995 1411 sanctitati

437 1444 694 1507 tttestari,
726 1442 1001 1513 justorum
1050 1444 1296 1499 diversas
1342 1459 1406 1498 ac
1444 1446 1624 1501 varias
1657 1445 1909 1511 virtutes,
1942 1454 1998 1501 et

425 1550 609 1590 coram
641 1533 750 1589 Deo
773 1533 1190 1589 demonstrare:
1224 1534 1616 1593 Melchisedech
1646 1537 1996 1606 Deodignum

429 1626 801 1681 sacerdotium
856 1643 872 1681 :
924 1626 1158 1681 Abrahae
1206 1626 1538 1683 immobilem
1603 1630 1786 1694 iidem,
1848 1628 1998 1684 Isaac

400 1730 590 1769 imum
631 1716 968 1785 conjugium,
1005 1715 1169 1770 Israel
1216 1716 1399 1772 cordis
1448 1719 1765 1789 puritatem,
1794 1719 1995 1789 .loscph

420 1808 769 1873 ca5titatem,
794 1807 960 1877 Moysi
994 1808 1484 1874 mansuetudinem,
1504 1809 1772 1879 justitiam
1796 1812 1900 1868 Job
1931 1828 1995 1868 ac

420 1896 518 1953 Dei
548 1897 836 1953 culturam.
873 1896 999 1953 lstis
1037 1912 1272 1967 namque
1304 1902 1638 1968 temporibus
1662 1910 1780 1955 erat
1805 1904 1992 1956 beatus

416 1989 542 2047 Joh.
574 1989 681 2046 Ista
707 1990 889 2059 itaque
921 1990 1187 2057 conﬁteri,
1220 2006 1285 2046 ac
1323 1993 1588 2061 proﬁteri,
1615 2002 1779 2062 atque
1805 1993 1994 2049 testiﬁ-

424 2080 562 2144 cari,
593 2089 669 2143 et,
701 2088 761 2134 ut
794 2078 867 2133 ita
899 2078 1099 2143 dicam,
1129 2079 1195 2133 de
1239 2079 1358 2135 istis
1395 2080 1623 2151 gloriari
1666 2097 1851 2137 coram
1886 2083 1996 2139 Deo

423 2176 693 2223 venerunt
738 2166 911 2222 sancti
961 2167 1163 2235 angeli.
1221 2164 1313 2223 Sic
1367 2176 1423 2225 et
1468 2185 1612 2225 nunc
1640 2181 1694 2225 et
1731 2187 1903 2241 usque
1939 2174 1996 2229 in

420 2258 587 2317 ﬁnem
616 2259 804 2313 saeculi
829 2258 1069 2323 venient,
1106 2259 1264 2315 unius
1302 2258 1508 2330 jejunio
1550 2276 1657 2316 non
1690 2261 1841 2329 ﬁcto,
1868 2264 1998 2319 alte-

417 2350 536 2406 rius
568 2348 818 2403 sollicitis
851 2349 1217 2415 orationibus,
1244 2350 1475 2407 alterius
1518 2366 1667 2420 purtc
1722 2353 1996 2423 paeniten-

422 2440 513 2495 tiae
538 2449 702 2509 atque
737 2455 842 2495 non
877 2439 1146 2496 simulatae
1168 2441 1333 2506 bono,
1364 2441 1591 2498 alterius
1608 2443 1997 2502 sincerissimis

419 2530 805 2601 eleemosynis,
838 2539 894 2585 et
925 2545 1228 2600 pauperum
1261 2531 1636 2603 largitatibus,
1670 2551 1735 2590 ac
1764 2537 1995 2592 misera-

422 2621 668 2676 tionibus
691 2621 1092 2679 instantissime
1120 2623 1174 2678 in
1202 2635 1497 2695 conspectu
1524 2624 1619 2680 Dei
1645 2636 1995 2685 attestantes.

416 2712 524 2771 Pro
594 2712 679 2771 his
740 2714 958 2783 inquam
1012 2715 1265 2771 omnibus
1320 2724 1624 2782 venerunt,
1679 2727 1736 2774 et
1782 2720 2000 2776 venient

418 2803 598 2873 angeli
655 2813 780 2860 ante
826 2805 1015 2873 Deum,
1057 2819 1112 2862 et
1161 2807 1410 2864 diabolus
1445 2808 1593 2862 venit
1622 2824 1743 2863 eum
1794 2811 1906 2868 illis
1940 2822 2000 2867 ut

416 2905 731 2962 accusaret,
788 2904 847 2951 ut
919 2898 1265 2964 detraheret,
1313 2909 1375 2955 ut
1434 2903 1890 2972 reprehenderet,
1942 2912 2001 2959 ut

416 2988 700 3044 mendacio
744 2987 1047 3055 simularet,
1073 2999 1133 3045 ut
1167 3002 1408 3057 vexaret,
1447 3004 1507 3047 ut
1534 2993 1870 3050 luctaretur:
1904 3011 1998 3052 ve-

2101 624 2148 679 si
2180 626 2268 679 hic
2299 640 2461 693 super
2498 635 2699 679 terram
2727 638 2889 680 nemo
2914 622 2981 678 de
3008 622 3153 675 veris
3183 636 3248 675 ac
3274 619 3435 690 justis
3456 618 3668 689 princi-

2100 713 2259 782 pibus
2305 722 2466 781 atque
2506 712 2803 782 judicihus,
2851 711 3176 777 homicidas,
3226 719 3321 765 aut
3372 708 3518 765 fures
3575 717 3670 764 aut

2098 803 2264 857 etiam
2317 802 2648 858 facinorosos
2678 802 2918 858 latrones
2949 800 3281 856 confabulari
3328 814 3534 867 secum,
3582 798 3671 854 vel

2099 896 2374 951 consiliari
2420 895 2573 962 facit,
2617 909 2686 951 ne
2726 893 2920 949 similis
2962 893 3070 949 illis
3104 892 3379 963 judicetur
3411 908 3428 948 :
3460 899 3675 960 quanto,

2100 987 2275 1058 magis
2305 986 2486 1056 justus
2511 998 2565 1042 et
2589 1001 2753 1043 verus
2774 995 2936 1055 atque
2968 984 3230 1040 terribilis
3255 982 3416 1048 Deus,
3440 981 3667 1052 impium

2099 1078 2249 1133 illum
2303 1078 2594 1141 latronem.
2647 1088 2811 1147 atque
2858 1076 3189 1132 homicidam
3248 1072 3523 1130 diabolum
3565 1087 3670 1143 pro

2098 1170 2370 1240 colloquio
2419 1185 2519 1226 suo
2564 1176 2708 1225 ante
2739 1168 3034 1239 gloriosam
3082 1167 3231 1222 illam
3281 1180 3434 1221 suam
3466 1165 3665 1220 faciem

2097 1277 2376 1332 nunquam
2407 1262 2593 1317 venire
2619 1261 2910 1330 permittit,
2933 1274 3109 1331 neque
3140 1259 3243 1314 hoc
3281 1256 3627 1327 amplectitur
3645 1256 3671 1310 ?

2099 1354 2156 1409 Si
2184 1354 2331 1409 enim
2364 1368 2488 1409 cum
2514 1354 2582 1409 ad
2623 1362 2798 1409 terras
2826 1353 3039 1408 veniret
3062 1353 3115 1407 in
3148 1365 3375 1421 corpore
3398 1349 3669 1419 Uuigenio

2099 1453 2206 1508 tus,
2247 1444 2395 1515 loqui
2437 1459 2560 1499 eum
2600 1459 2785 1500 coram
2836 1458 2897 1500 se
2939 1458 3047 1499 non
3092 1442 3365 1513 permisit,
3402 1442 3499 1498 sed
3543 1456 3667 1496 cum

2098 1534 2471 1606 increpatione
2521 1535 2659 1590 dixit
2711 1535 2779 1590 ad
2814 1533 3328 1591 eum:Centicesce
3377 1540 3434 1588 et
3474 1532 3669 1588 obmu-

2099 1636 2244 1681 tesce
2280 1625 2592 1695 :quomodo
2642 1626 2696 1680 in
2749 1634 2977 1696 aspectu
3027 1624 3215 1697 gloriae
3261 1639 3375 1680 sua:
3437 1622 3669 1679 Deitatis

2097 1716 2344 1786 colloqui
2377 1731 2502 1772 cum
2548 1715 2788 1785 maligno
2826 1723 3031 1770 statuat
3082 1712 3322 1779 diabolo,
3361 1727 3487 1769 cum
3538 1712 3673 1769 dicit

2098 1809 2166 1863 ad
2211 1824 2337 1865 euut
2372 1818 2427 1862 et
2474 1807 2799 1875 respondet,
2831 1813 2887 1860 et
2924 1820 3244 1875 responsum
3287 1803 3478 1860 audire
3510 1803 3576 1858 ab
3604 1818 3673 1858 eo

2023 1870 2068 1925 Β
2097 1902 2327 1968 patitur,
2351 1901 2435 1956 vel
2460 1870 2751 1970 dignatur?
2775 1896 2881 1953 Sed
2909 1870 3048 1953 dixit
3078 1895 3146 1951 ad
3173 1895 3447 1951 diabolum
3485 1895 3671 1951 occul-

2098 2001 2150 2046 ta
2197 1991 2590 2060 increpatione,
2628 1998 2797 2059 atque
2859 1986 3237 2042 conlutatione
3280 1985 3510 2041 occulta:
3552 1984 3671 2054 ejus

2097 2083 2477 2154 malignitatis,
2518 2090 2575 2136 et
2612 2081 2738 2147 zeli,
2791 2091 2958 2149 atque
2999 2079 3252 2149 pessimae
3290 2076 3666 2150 cogitationis.

2095 2173 2231 2231 Nam
2259 2184 2310 2230 et
2342 2188 2485 2244 saepe
2516 2173 2797 2242 Scriptura
2828 2187 2892 2226 ea
2919 2186 3039 2241 qua:
3077 2185 3186 2226 non
3232 2169 3423 2226 dicunt
3458 2169 3668 2226 dixisse

2097 2268 2251 2331 dicit,
2294 2274 2352 2321 et
2402 2280 2463 2319 ea
2504 2279 2625 2333 qua
2666 2278 2775 2318 non
2824 2263 3056 2317 audiunt
3097 2261 3341 2329 audisse,
3369 2269 3424 2316 et
3452 2274 3516 2315 ea
3548 2274 3669 2328 quae

2096 2373 2204 2414 non
2242 2356 2549 2426 intelligunt
2579 2370 2678 2410 nec
2703 2355 2894 2409 vivunt
2930 2352 3278 2408 intremuisse
3309 2367 3326 2405 :
3359 2351 3501 2407 sicut
3541 2366 3665 2406 cum

2097 2449 2258 2505 dicit:
2279 2449 2428 2503 Dixit
2446 2448 2786 2511 mare,virtus
2800 2456 2973 2502 autem
2994 2444 3156 2498 maris
3177 2445 3341 2497 dixit:
3362 2440 3667 2507 aut,Terra,

2097 2541 2224 2594 audi
2249 2541 2454 2595 verbum
2483 2540 2719 2606 Domini,
2748 2538 2853 2605 vel,
2872 2535 3315 2606 Infremuitterra
3335 2550 3490 2604 super
3510 2534 3665 2587 inha-

2099 2634 2326 2687 bitantes
2361 2632 2416 2686 in
2436 2632 2579 2685 ea“.
2617 2629 2964 2685 Manifestum
3014 2640 3251 2696 namque
3297 2634 3381 2681 est
3415 2624 3540 2696 quia
3573 2639 3667 2679 ne-

2099 2736 2205 2791 que
2253 2736 2425 2786 mare,
2466 2733 2642 2791 neque
2676 2719 2854 2775 virtus
2901 2718 3092 2787 maris,
3130 2718 3235 2772 hoc
3278 2726 3361 2771 est
3382 2713 3681 2780 ﬂuctuum,

2099 2813 2391 2884 aliquando
2425 2813 2585 2877 dixit,
2616 2810 2700 2866 vel
2728 2811 2906 2866 locuta
2928 2818 3034 2877 est,
3058 2823 3234 2878 neque
3256 2820 3399 2862 terra
3421 2805 3670 2876 aliquan-

2100 2907 2172 2963 do
2201 2905 2430 2969 audivit,
2460 2917 2636 2973 neque
2680 2901 2983 2956 infremuit.
3015 2899 3131 2955 Non
3162 2898 3307 2955 enim
3338 2897 3469 2952 dicit
3495 2910 3673 2968 neque

2102 2998 2234 3052 vivit
2255 3006 2418 3063 terra,
2447 3010 2566 3051 cum
2584 2994 2655 3050 sit
2672 2993 2987 3056 inanimata,
3009 2991 3102 3047 sed
3125 3004 3243 3046 mos
3267 2998 3349 3045 est
3372 2988 3680 3060 Scriptura-

417 3078 501 3135 nit
528 3087 582 3134 et
601 3093 742 3135 nunc
781 3087 838 3135 ut
882 3080 1148 3151 luctetur,
1182 3092 1240 3138 ut
1291 3084 1539 3153 tribulet,
1567 3096 1625 3140 ut
1671 3088 2009 3155 persecutio-
2102 3106 2249 3156 rum,
2274 3089 2349 3144 ita
2383 3089 2452 3144 de
2485 3085 2902 3157 quamplurimis
2924 3084 3129 3140 dicere.
3159 3083 3250 3139 Sic
3284 3095 3520 3152 namque
3547 3079 3675 3133 illud

418 3185 579 3235 nem,
626 3182 681 3227 et
715 3172 1127 3240 tribulationes,
1180 3184 1344 3245 atque
1395 3177 1694 3247 angustias,
1736 3188 1790 3235 et
1832 3180 2000 3237 mole-
2028 3209 2073 3268 ο
2107 3183 2239 3239 dicit
2279 3180 2585 3252 Scriptura,
2632 3178 2776 3250 quod
2826 3177 2968 3231 Deus
3002 3176 3070 3232 ad
3104 3186 3286 3232 cetum
3339 3173 3674 3243 loqueretur,

417 3264 554 3317 stias
594 3264 796 3319 sanctis
836 3278 898 3319 ac
936 3264 1098 3333 justis
1132 3265 1349 3322 excitet.
1382 3266 1461 3323 Ob
1493 3268 1595 3323 hoc
1626 3284 1754 3341 ergo
1788 3275 2002 3330 venisse

416 3351 618 3407 dicitur
667 3362 922 3423 tanquam
981 3355 1200 3425 angelus
1232 3359 1443 3422 mortis,
1480 3368 1733 3431 tanquam
1781 3369 2002 3434 angelus

412 3456 606 3510 pmuas
648 3443 915 3513 irrogans,
951 3458 1113 3516 atque
1143 3461 1486 3518 exspectans,
1522 3454 1737 3520 quando
1788 3454 1859 3508 illi
1908 3458 1999 3526 qui

416 3552 576 3607 [Man
615 3538 759 3608 digni
806 3549 932 3593 sunt
958 3539 1005 3593 ei
1044 3541 1342 3606 tradantur,
1388 3552 1440 3597 et
1475 3545 1798 3613 deputentur
1830 3562 2002 3616 pretia:

417 3636 581 3697 atque
640 3628 961 3697 perditioni,
1010 3630 1150 3685 sicut
1187 3632 1277 3687 ille
1324 3634 1387 3689 de
1436 3649 1544 3702 quo
1592 3636 1815 3691 dicitur:
1872 3637 2002 3692 Tra-

414 3718 540 3777 dere
606 3720 907 3789 hujusmodi
977 3719 1191 3777 Satantz
1264 3725 1319 3777 in
1377 3727 1642 3781 interitum
1713 3732 1885 3786 carnis
1931 3733 1996 3798 ⁸⁸,

415 3812 559 3868 sicut
591 3815 752 3869 etiam
798 3817 875 3870 illi
926 3819 993 3872 de
1025 3819 1222 3887 quibus
1266 3821 1467 3875 dictum
1513 3833 1598 3877 est
1638 3842 1651 3878 :
1693 3825 1835 3890 Quos
1883 3839 1998 3881 tra-

415 3905 531 3964 didi
591 3905 826 3974 Satanw,
862 3918 919 3963 ut
957 3911 1164 3964 discant
1224 3928 1327 3967 non
1373 3913 1728 3983 blasphemare
1751 3918 1816 3972 ⁸³.
1866 3917 1997 3975 Om-

415 4012 517 4052 nes
559 3997 705 4053 enim
748 3998 1062 4065 facinerosi,
1114 4000 1383 4069 inﬁdeles,
1426 4003 1598 4073 impii,
1645 4005 1856 4075 injusti,
1902 4007 1994 4063 istl

416 4105 612 4148 omnes
642 4091 897 4163 malignis
934 4103 1102 4164 atque
1139 4096 1394 4163 pessimis
1424 4097 1621 4152 diaboli
1649 4100 1856 4170 angelis
1889 4110 1995 4154 tra-

415 4180 623 4239 duntur
648 4197 714 4237 ac
742 4183 1069 4252 deputantur
1099 4183 1205 4239 illis
1233 4185 1301 4239 de
1329 4185 1531 4254 quibus
1563 4187 1764 4241 dicitur
1792 4205 1809 4246 ;
1843 4188 1995 4244 Misit

416 4273 475 4328 in
504 4288 592 4326 eos
622 4274 762 4326 iram
822 4276 1229 4343 indignationis,
1256 4276 1605 4331 immissiones
1645 4294 1737 4349 per
1783 4280 1994 4350 angelos

418 4367 684 4433 malos";
711 4367 817 4422 illis
851 4368 918 4423 de
943 4370 1140 4438 quibus
1162 4370 1363 4424 dicitur
1390 4370 1519 4425 alibi
1549 4386 1563 4423 :
1596 4370 1674 4428 De
1702 4372 1857 4427 domo
1878 4375 1993 4445 ejus

402 4458 682 4527 _abstrahet
706 4475 844 4529 leum
878 4458 1093 4529 angelus
1132 4461 1337 4515 mortis.
1378 4460 1474 4516 Isti
1513 4477 1644 4533 ergo
1667 4465 1913 4532 veniunt,
1937 4474 1994 4521 et

2105 3285 2156 3332 et
2182 3276 2251 3330 ad
2281 3274 2643 3336 cucurbitam,
2673 3279 2727 3326 et
2757 3273 2825 3326 ad
2865 3284 3101 3324 vermem
3132 3265 3479 3327 matutinum,
3521 3271 3576 3317 et
3605 3259 3673 3314 ad

2105 3366 2357 3437 spiritum
2419 3361 2655 3418 incendii
2704 3362 3160 3421 comburentem,
3212 3356 3357 3410 sicut
3409 3351 3675 3421 scriptum

2103 3469 2188 3511 est
2215 3473 2229 3509 :
2258 3453 2329 3508 Et
2357 3455 2601 3523 prwcepit
2636 3452 2772 3507 Deus
2808 3451 2911 3507 ceti
2939 3464 3130 3519 magno
3170 3457 3223 3500 ut
3276 3444 3555 3515 deglutiret
3578 3439 3675 3496 Jo-

2103 3547 2306 3602 nam”.
2337 3546 2435 3601 Cui
2460 3546 2616 3609 dixit,
2649 3543 2734 3598 vel
2778 3544 2861 3598 cui
2895 3538 3173 3611 praecepit,
3212 3536 3296 3591 vel
3336 3550 3441 3605 qua
3488 3532 3678 3602 lingua

2103 3640 2169 3694 ad
2214 3647 2391 3694 cetum
2441 3638 2652 3693 locutus
2696 3635 2816 3692 est?
2849 3634 3163 3695 Hominum,
3208 3645 3276 3683 an
3315 3625 3675 3700 angelorum?

2101 3730 2234 3785 Nam
2266 3732 2445 3801 pisces
2491 3745 2667 3800 neque
2701 3729 2965 3798 linguam,
2994 3738 3171 3794 neque
3211 3738 3402 3778 vocem
3449 3721 3672 3781 habent.

2102 3821 2197 3879 Vel
2245 3824 2519 3893 quomodo
2567 3822 2769 3877 dicitur
2813 3819 3018 3875 dixisse
3053 3818 3120 3872 ad
3155 3815 3522 3881 cucurbitam,
3553 3827 3674 3882 quae

2101 3930 2202 3970 nec
2242 3914 2391 3970 ‘vivit
2451 3929 2553 3969 nec
2619 3911 2829 3983 spirat?
2878 3910 3161 3978 Quomodo
3214 3908 3526 3975 loqueretur
3592 3905 3673 3960 vel

2101 4007 2230 4077 quid
2269 4007 2457 4062 dicens
2502 4005 2825 4076 praeciperet
2871 4003 3085 4074 spiritui
3141 4000 3379 4058 incendii
3426 3999 3519 4070 qui
3570 4012 3679 4056 nec

2101 4100 2366 4164 auditum,
2416 4113 2516 4153 nec
2569 4097 2905 4153 intellectum
2960 4096 3165 4160 habet,
3224 4103 3287 4147 ut
3338 4093 3675 4159 incenderet,

2099 4202 2262 4263 atque
2318 4197 2626 4262 percuteret
2658 4190 2712 4243 in
2771 4186 2952 4257 capite
2999 4184 3189 4240 Jonas?
3231 4182 3492 4239 Universa
3525 4180 3674 4240 enim

2099 4286 2217 4341 haec
2277 4298 2402 4339 cum
2476 4297 2587 4337 non
2664 4279 2902 4335 habeant
2964 4277 3253 4334 scientiam
3308 4275 3673 4341 naturaliter,

2098 4385 2388 4432 vertuntur
2441 4385 2606 4443 atque
2658 4377 2945 4427 moventur
2991 4368 3098 4423 huc
3149 4374 3312 4440 atque
3354 4365 3481 4421 illuc
3511 4363 3677 4420 Grcas

2100 4469 2235 4526 toris
2262 4466 2571 4523 etlicienlia.
2609 4465 2763 4520 Sicut
2796 4477 2927 4537 ergo
2966 4460 3086 4517 istis
3119 4459 3375 4515 omnibus
3410 4466 3466 4514 et
3500 4457 3681 4514 dixis-_

416 4557 549 4604 tunc
579 4560 846 4604 venerunt
877 4550 1208 4620 temporibus
1238 4550 1361 4609 Job.
1388 4552 1495 4608 Sed
1532 4570 1638 4610 non
1678 4568 1811 4611 ante
1858 4557 1988 4613 hea-
2024 4580 2068 4635 ι)
2099 4575 2159 4617 se
2184 4600 2201 4628 ,
2238 4570 2294 4616 ct
2332 4560 2543 4615 locutus
2598 4556 2809 4623 fuisse,
2856 4564 2912 4610 et
2948 4554 3294 4625 praecepisse,
3341 4558 3508 4621 atque
3553 4548 3675 4618 jus-

417 4648 530 4696 tam
559 4639 653 4697 Dei
680 4639 874 4695 faciem
904 4641 1131 4696 veniunt
1157 4642 1231 4696 illi
1258 4642 1614 4711 damnabiles,
1643 4646 1736 4700 sed
1762 4647 1988 4703 consilia

417 4739 475 4786 et
503 4730 861 4801 cogitationes
884 4745 1098 4800 eorum,
1134 4733 1397 4789 desideria
1429 4751 1649 4807 quoque
1679 4753 1899 4805 eorum,
1937 4748 1993 4795 et

418 4821 776 4891 cogitationes
807 4823 1053 4895 malignae
1081 4835 1136 4879 et
1165 4827 1413 4895 pessimae
1434 4838 1598 4898 atque
1623 4831 1989 4899 nequissimae,

398 4900 473 4966 bet
499 4912 726 4967 istarum
759 4915 1020 4971 memoria
1044 4914 1343 4972 otIerturin
1363 4930 1663 4989 conspectu
1693 4922 1810 4990 Dei,
1836 4923 1990 4993 juxta

396 5008 601 5087 omnia
621 5022 741 5078 qua:
769 5017 1065 5065 memorata
1091 5018 1255 5078 atque
1275 5020 1491 5064 ostensa
1512 5021 1657 5067 sunt.

490 5098 624 5154 Post
672 5100 786 5155 haec
833 5103 1089 5156 universa
1138 5103 1406 5158 dicitzEt
1448 5106 1586 5161 dixit
1636 5106 1892 5160 Dominus
1922 5109 1992 5162 ad

398 5192 771 5265 diabolum".
800 5191 936 5247 Nam
970 5194 1111 5248 sicut
1145 5194 1397 5254 diabolus
1431 5213 1537 5253 non
1570 5213 1803 5269 persona
1841 5200 1993 5254 venit

415 5291 546 5338 ante
576 5283 777 5349 Deum,
802 5286 896 5340 sed
925 5286 1255 5356 cegitatione
1296 5298 1354 5344 et
1382 5289 1675 5355 desiderio,
1701 5299 1864 5360 atque
1891 5307 1987 5347 ne-

415 5374 613 5445 quitia,
642 5377 756 5431 sive
787 5377 1142 5434 meditatione
1172 5395 1184 5431 :
1213 5380 1285 5434 ita
1318 5389 1373 5435 et
1400 5381 1545 5437 Deus
1577 5398 1686 5436 nou
1716 5397 1811 5437 ore
1840 5383 1990 5438 locu-

402 5476 507 5549 tus
552 5476 639 5522 est
665 5468 729 5523 ad
768 5468 1066 5537 diabolum,
1101 5484 1278 5540 neque
1313 5474 1540 5527 verbum
1581 5474 1813 5530 contulit
1861 5490 1988 5531 cum

402 5558 623 5639 iniquo,
641 5560 737 5616 sed
766 5561 979 5619 occulta
994 5572 1159 5633 atque
1181 5564 1365 5619 abdita
1393 5565 1775 5635 increpatione
1795 5568 1991 5639 nequi-

2094 4653 2237 4708 sisse
2284 4650 2486 4707 dicitur
2520 4648 2661 4705 Deus
2703 4661 2811 4703 non
2853 4659 2986 4700 voce
3016 4644 3437 4712 dicens,,neque
3487 4640 3675 4711 lingua

2094 4746 2340 4815 loquens,
2370 4756 2547 4811 neque
2579 4740 2634 4796 in
2661 4748 3007 4810 conspectum
3032 4752 3188 4792 suum
3223 4737 3288 4791 ad
3312 4732 3550 4790 coelestia
3578 4746 3674 4789 eos

2096 4837 2408 4899 sublevans,
2440 4832 2532 4887 sed
2555 4830 2782 4888 occultae
2807 4846 2916 4885 suae
2943 4828 3271 4900 operationis
3298 4827 3500 4882 virtute
3539 4841 3671 4881 ver-

2096 4937 2217 4983 tens
2247 4935 2305 4980 ut
2333 4922 2631 4979 necessitas
2657 4921 2743 4977 vel
2770 4922 2911 4976 ratio
2937 4919 3245 4996 pepposcerit
3271 4933 3288 4972 :
3316 4918 3394 4973 sic
3419 4916 3680 4974 similiter.

2094 5016 2248 5085 juxta
2280 5014 2585 5084 exemplum
2615 5013 2808 5067 horum
2837 5027 2955 5082 quae
2988 5020 3287 5067 memorata
3329 5018 3477 5077 sunt,
3503 5009 3669 5065 etiam

2099 5108 2325 5172 dixisse,
2355 5115 2411 5161 et
2436 5106 2647 5161 locutus
2676 5103 2863 5168 fuisse,
2889 5111 2945 5158 et
2976 5101 3300 5168 audisse,,et
3328 5100 3674 5171 respondisse

2099 5198 2315 5261 dicitur,
2361 5204 2416 5255 et
2452 5196 2505 5249 in
2534 5194 2877 5266 prmsentiam
2908 5193 3242 5262 suscepisse,
3288 5205 3465 5261 neque
3512 5190 3673 5247 dictis

2097 5290 2389 5365 quidquam
2418 5288 2488 5343 ad
2511 5303 2636 5341 eum
2668 5288 3016 5358 depromens,
3043 5300 3217 5354 neque
3243 5284 3422 5353 lingua
3451 5283 3517 5337 ad
3544 5290 3671 5337 eum

2097 5383 2346 5452 loquens,
2391 5395 2566 5450 neque
2612 5380 2678 5434 ad
2725 5377 2939 5433 excelsa
2974 5386 3163 5431 sancta
3217 5377 3271 5429 in
3320 5382 3669 5445 conspectum

2097 5491 2253 5533 suum
2296 5474 2687 5545 nequissimum
2720 5469 2992 5527 diabolum
3031 5467 3274 5534 elevans,
3310 5482 3433 5523 eum
3483 5465 3669 5521 occul-

2098 5578 2209 5629 tam
2241 5577 2403 5640 atque
2425 5566 2660 5623 abditam
2688 5563 2804 5635 ejus
2831 5546 3128 5631 nequitiam
3160 5560 3365 5630 detegit
3395 5574 3455 5616 ac
3488 5572 3671 5627 repre-

486 5719 555 5799 αἶ’
577 5718 679 5776 Job
707 5736 746 5789 ι,
775 5721 831 5799 e.
908 5721 1152 5799 '_’_‘l_Cor.
1187 5725 1325 5799 v,_5-.
1404 5726 1836 5798 "lTim.t,20.
1912 5729 1996 5788 θοι

2097 5731 2125 5787 ι.
2161 5747 2368 5799 Lxxvtt,
2400 5730 2486 5788 t9.
2562 5730 2603 5762 "
2634 5728 2736 5786 Job
2768 5742 2810 5795 ι,
2832 5725 2948 5782 7."
2970 5719 3324 5794 lsa.t,2;Job
3350 5736 3541 5788 xxvntt,
3564 5725 3663 5789 tt;

414 5786 560 5846 Psal.
591 5786 753 5858 μιν)
784 5795 839 5849 9.
917 5792 965 5827 ’⁸
991 5791 1111 5850 Jon.
1144 5810 1203 5862 tt,
1225 5796 1276 5849 l.
