4174 6442
469 410 569 468 ὀθῒ

1597 407 1980 465 ANONYMUS
2020 407 2088 462 IN
2127 407 2266 465 JOB.
2309 440 2375 449 —
2414 410 2545 465 LIB.
2589 410 2629 465 Ι.

3621 401 3728 456 408

467 527 684 591 hendit,
712 536 872 597 atque
899 527 1100 583 revelat
1126 529 1400 585 omnibus.
1428 528 1559 595 Quae
1586 529 1745 584 nobis
1771 530 2054 584 evidenter
2081 535 2126 590 Α
2155 531 2417 585 abdicans
2468 545 2684 599 quoque
2717 539 2876 600 alque
2911 527 3262 598 redargucns,
3301 532 3354 578 et
3385 521 3728 592 iniquitatem

469 621 710 677 ostendit
737 622 850 675 haec
875 637 1018 676 nunc
1043 637 1473 677 commemorans
1505 625 1783 693 Scriptura
1817 626 2003 678 dicens
2033 639 2047 674 :

472 711 544 765 Et
580 713 710 766 dixit
746 712 1003 767 Dominus
1051 715 1121 766 ad
1165 714 1480 770 diabolum:
1512 714 1663 770 Unde
1703 718 1844 771 uenis
1898 716 2054 769 tu“?

473 803 541 858 Et
573 805 872 875 interrogat
905 806 994 860 ille
1030 806 1120 873 qui
1162 807 1423 874 prmscius
1449 818 1550 870 est,
1581 818 1744 877 atque
1777 810 2051 876 providus,

475 898 867 966 nequissimum
892 895 1162 950 diabolum
1191 899 1330 952 unde
1361 901 1588 964 veniret,
1621 901 1765 953 illum
1793 901 2050 970 injustum

472 988 741 1060 refugam,
767 989 908 1044 unde
941 1003 1378 1058 approperasset.
1410 992 1500 1046 Sic
1529 993 1884 1062 interrogavit
1923 994 2051 1048 olim

469 1082 667 1147 Adam,
695 1081 801 1136 Ubi
843 1099 894 1136 es
926 1081 1098 1134 Adam
1123 1081 1232 1136 'i'?
1270 1082 1384 1138 Non
1411 1096 1473 1140 ut
1503 1085 1727 1150 inscius,
1754 1086 1847 1140 sed
1877 1086 2057 1140 sciens

472 1175 846 1242 praescienter,
875 1183 928 1228 et
960 1183 1086 1229 tunc
1117 1175 1184 1229 ad
1220 1175 1414 1239 Adam,
1449 1186 1502 1231 et
1536 1192 1678 1232 nunc
1712 1178 1779 1232 ad
1814 1178 1939 1232 Ada-
1966 1192 2055 1231 se-

474 1268 779 1330 ductorem,
810 1267 905 1322 sed
931 1265 1033 1321 Job
1063 1283 1167 1326 non
1206 1268 1638 1338 supplantantem
1668 1289 1681 1324 :
1720 1273 1785 1324 ad
1813 1285 1935 1324 eum
1963 1273 2055 1339 qui

471 1358 645 1414 Adam
699 1359 1077 1426 circumvenit,
1121 1364 1214 1416 sed
1249 1360 1350 1416 Job
1393 1376 1499 1415 non
1549 1363 1848 1431 superavit.
1918 1363 2058 1433 Ergo

473 1449 601 1518 quia
633 1449 684 1501 in
718 1457 952 1518 utroque
1007 1449 1249 1519 ejusdem
1307 1451 1621 1520 nequissimi
1675 1452 1877 1506 malitia
1937 1453 2054 1518 fuit,

475 1542 671 1596 merito
716 1542 784 1595 ad
832 1551 1124 1612 utrumque
1158 1545 1346 1598 eodem
1385 1559 1514 1598 usus
1544 1553 1626 1598 est
1664 1546 1830 1599 verbo
1865 1561 1878 1597 :
1922 1545 2060 1599 dixit

477 1634 544 1686 ad
571 1631 740 1686 Adam
767 1633 917 1690 olim.
956 1632 1055 1687 Ubi
1089 1652 1142 1689 es
1173 1635 1386 1688 Adam?
1413 1633 1478 1688 ad
1526 1635 1800 1689 diabolum
1830 1647 2013 1705 postea
2041 1653 2056 1689 :

477 1721 631 1777 Unde
652 1724 793 1777 venis
823 1726 916 1780 tu?
951 1723 1058 1779 Sed
1089 1741 1194 1778 non
1228 1735 1283 1778 ut
1310 1725 1512 1780 inscius
1539 1730 1892 1796 Interrogavit
1917 1729 2060 1784 unde

475 1816 739 1880 venisset,
769 1817 908 1871 sicut
938 1831 1038 1872 nec
1063 1819 1233 1872 Adam
1265 1818 1416 1884 olim,
1445 1819 1533 1873 ubi
1563 1829 1728 1883 esset,
1761 1821 1856 1874 sed
1879 1822 2062 1876 occul-

477 1919 591 1962 tam
617 1917 783 1978 atque
803 1910 1038 1964 abditam
1064 1911 1450 1981 cogitationem
1481 1913 1598 1980 ejus
1623 1914 1874 1982 detegere
1897 1926 2063 1982 atque
2093 1899 2136 1953 Β

475 2001 756 2072 publicare
795 2002 981 2058 voluit.
1028 2002 1241 2058 Latenti
1290 2006 1434 2060 enim
1481 2006 1652 2060 livore
1676 2005 1936 2060 adversus
1963 2005 2064 2062 Job

478 2095 849 2149 inﬂammatus
905 2104 1007 2158 est,
1054 2095 1244 2150 latenti
1293 2097 1621 2167 cogitatione
1672 2097 1836 2151 Deum
1886 2113 2066 2167 repre-

477 2186 690 2250 hendit,
720 2187 874 2257 quasi
913 2186 1008 2244 Job
1040 2187 1440 2254 defendentem,
1469 2198 1524 2242 et
1547 2188 1946 2242 multitudinem
1975 2191 2063 2243 di-

478 2279 733 2335 vitiarum
761 2281 836 2334 illi
866 2282 1212 2335 continenter
1245 2281 1587 2351 largientem.
1633 2282 1779 2336 Dixit
1831 2297 2067 2350 namque

482 2373 624 2426 intra
647 2374 995 2442 semetipsum
1025 2372 1115 2428 :Si
1147 2374 1277 2428 mihi
1303 2383 1449 2428 tanta
1472 2375 1611 2429 bona
1637 2375 1877 2428 dedisset
1900 2388 2068 2444 super

482 2472 708 2531 terram,
760 2466 1002 2536 profecto
1047 2477 1102 2521 et
1136 2481 1238 2536 ego
1288 2465 1519 2521 colerem
1571 2466 1720 2520 illum
1769 2467 1822 2518 in
1878 2468 2065 2533 terris,

484 2548 626 2611 sicut
678 2556 798 2613 Job.
843 2558 994 2614 Nunc
1033 2574 1162 2629 ergo
1198 2560 1321 2628 quis
1370 2559 1500 2613 mihi
1541 2558 1690 2614 dabit
1746 2568 1804 2612 ut
1864 2560 2066 2628 possim

483 2651 778 2706 ascendere
811 2667 934 2708 cum
980 2655 1190 2725 angelis
1220 2655 1274 2707 in
1304 2653 1524 2718 coelum,
1572 2661 1627 2708 et
1657 2663 1803 2707 stare
1842 2655 1894 2708 in
1934 2670 2063 2709 con-

482 2755 671 2814 spectu
698 2743 795 2800 Dei
830 2746 884 2799 in
913 2746 1093 2801 medio
1130 2760 1343 2810 eorum,
1385 2754 1440 2799 et
1465 2755 1785 2814 potestatem
1818 2745 2068 2814 accipere

482 2852 516 2892 a
555 2837 665 2893 Deo
703 2839 947 2894 omnium
985 2839 1102 2909 ejus
1132 2839 1436 2894 bonorum?
1466 2837 1532 2892 Et
1561 2839 1906 2893 ostenderem
1942 2853 2065 2892 eum

485 2949 582 2988 sua
608 2934 749 2989 bona
779 2937 1098 3005 perdidisse,
1128 2937 1254 3007 quia
1281 2953 1388 2993 non
1417 2947 1501 2991 est
1528 2937 1734 3001 utilior,
1774 2953 1948 3007 neque
1977 2943 2069 2991 lir-

485 3026 626 3081 mior
655 3025 758 3082 Job
781 3029 992 3083 caeteris
1022 3030 1329 3084 hominibus
1355 3029 1643 3095 universis,
1668 3031 1791 3099 quia
1821 3046 1924 3083 non
1947 3045 2070 3098 pro.

482 3129 608 3186 pter
651 3119 996 3184 charitatem,
1052 3136 1227 3191 neque
1278 3123 1532 3192 pietatem
1578 3121 1676 3176 Job
1708 3122 1840 3176 colit
1875 3122 2068 3184 Deum,

488 3210 584 3264 sed
615 3223 838 3280 propter
870 3212 1112 3280 pecunia:
1160 3213 1558 3268 multitudinem
1610 3224 1776 3283 atque
1805 3215 2068 3268 bonorum

487 3301 899 3356 abundantiam.
950 3304 1068 3357 Nisi
1121 3306 1266 3359 enim
1317 3319 1414 3372 pro
1463 3307 1653 3360 horum
1700 3305 2071 3360 blandimento

485 3395 718 3449 serviret
748 3395 878 3459 Deo,
907 3395 1148 3463 perfecto
1173 3413 1279 3450 non
1310 3406 1457 3452 esset
1487 3399 1677 3453 melior
1700 3399 1840 3453 Esau
1874 3401 2074 3454 tritavo

488 3500 606 3540 suo.
644 3482 801 3540 Nune
826 3501 958 3540 vero
993 3495 1247 3558 tanquam
1278 3488 1379 3543 flos
1417 3488 1633 3542 videtur
1655 3505 1721 3543 ex
1755 3490 1926 3559 spinis
1957 3493 2071 3544 ori-

487 3575 533 3626 ri
569 3573 671 3630 Job
702 3591 769 3629 ex
801 3578 1122 3645 posteritate
1153 3578 1294 3633 Esau
1337 3598 1350 3633 :
1395 3581 1489 3658 sed
1526 3581 1568 3635 si
1605 3582 1909 3636 denudetur
1939 3583 2074 3636 divi-

486 3667 602 3731 tiis,
634 3667 881 3736 profecto
917 3671 1175 3726 continuo
1205 3673 1570 3728 denudabitur
1619 3675 1782 3727 etiam
1830 3675 1924 3730 Dei
1962 3676 2074 3729 cul-

491 3768 651 3825 tura;
680 3759 726 3813 si
760 3759 1039 3815 auferatur
1061 3763 1130 3816 ab
1158 3762 1249 3818 illo
1274 3766 1523 3834 pecunia,
1553 3764 1795 3834 profecto
1823 3781 1927 3820 non
1946 3766 2076 3822 olfe-

487 3861 575 3906 ret
606 3852 722 3922 ipse
752 3854 1050 3920 gratiarum
1073 3857 1319 3911 actiones
1347 3857 1478 3912 Deo.
1516 3858 1660 3930 Ergo
1686 3860 1809 3929 quia
1843 3861 1956 3914 haec
1985 3876 2077 3915 co-

487 3945 683 4016 gitavit
711 3947 959 4002 diabolus
995 3962 1114 4001 cum
1151 3951 1406 4017 nequiter
1435 3951 1630 4006 invidit
1657 3951 1778 4016 Job,
1809 3961 1864 4008 et
1893 3953 2076 4008 illicite

489 4037 843 4106 reprehendit
876 4038 1068 4104 Deum,
1108 4038 1306 4105 injuste
1333 4040 1689 4096 nihilominus
1723 4052 1886 4110 atque
1937 4043 2078 4096 ἰηιΙί-

489 4144 595 4198 gne
629 4131 930 4199 ingressum
966 4146 1088 4185 cum
1119 4133 1326 4202 angelis
1353 4135 1670 4188 desiderans
1716 4145 1848 4188 ante
1884 4135 2075 4199 Deum,

490 4239 704 4280 necnon
751 4229 934 4280 ethoc
961 4229 1105 4296 quod
1139 4227 1330 4283 illicite
1363 4228 1624 4284 deferens
1660 4227 1784 4294 Job,
1837 4230 2079 4298 pecunia:

491 4325 658 4385 atque
709 4317 944 4373 filiorum
990 4319 1108 4388 ejus
1147 4329 1473 4388 poteStatem
1523 4319 1775 4388 accipere
1812 4329 2077 4386 cuperet,

491 4423 826 4483 acceptaque
873 4413 1056 4467 omnia
1108 4412 1290 4466 subito
1347 4413 1618 4482 perderet,
1652 4421 1708 4466 et
1741 4427 1864 4482 cum
1901 4412 2080 4480 perdi-

492 4509 686 4570 disset,
719 4514 813 4560 aut
847 4515 997 4560 certe
1027 4504 1129 4560 Job
1161 4520 1190 4557 a
1218 4505 1330 4560 Deo
1369 4505 1732 4566 abstraheret,
1795 4512 1888 4556 aut
1911 4505 2077 4558 etiam

2153 623 2268 691 ejus
2295 633 2460 692 atque
2505 623 2834 692 apostasiam
2855 664 2870 687 ,
2919 621 3320 690 malignumque
3351 616 3466 685 ejus
3499 613 3727 669 livorem

2154 718 2302 771 circa
2332 715 2454 780 Job,
2507 727 2562 770 et
2612 717 2758 772 circa
2807 728 2999 770 omnes
3044 724 3265 768 sanctos
3320 711 3729 772 demonstrans,

2154 811 2291 864 dixit
2321 826 2336 864 :
2366 808 2514 865 Unde
2561 811 2704 865 uenis
2752 810 2854 863 tu?
2892 809 3004 864 Non
3040 807 3178 862 dixit
3219 806 3323 860 hoc
3371 803 3437 857 ad
3487 801 3729 871 angelos,

2158 918 2334 975 neque
2359 906 2425 958 ad
2455 915 2672 958 sanctas
2699 904 2947 965 virtutes,
2976 916 3080 956 non
3121 899 3481 968 interrogavit
3514 895 3730 965 specia-

2156 996 2236 1050 les
2271 997 2548 1051 ministros
2587 996 2729 1050 unde
2758 994 3054 1059 venissent,
3087 994 3167 1048 vel
3203 995 3346 1046 unde
3379 991 3620 1047 veniant.
3672 989 3731 1043 lu

2157 1089 2273 1158 ipso
2315 1088 2462 1143 enim
2511 1095 2672 1158 atque
2721 1087 2774 1142 in
2822 1087 2940 1158 ejus
2973 1086 3270 1152 voluntate,
3317 1085 3371 1139 in
3426 1081 3734 1138 visionibus

2157 1180 2274 1248 ejus
2327 1190 2488 1250 atque
2525 1179 2960 1235 ordinationibus
3003 1188 3058 1234 et
3104 1188 3238 1234 eunt
3283 1186 3339 1232 et
3385 1177 3628 1242 veniunt,
3679 1187 3738 1229 et

2159 1274 2338 1326 omnia
2376 1271 2665 1340 perficiunt
2699 1281 2863 1342 atque
2888 1271 3068 1325 omnia
3099 1269 3396 1340 adimplent
3419 1311 3434 1335 ,
3459 1278 3516 1323 et
3540 1277 3736 1323 cuncta

2159 1363 2454 1416 secundum
2502 1363 2618 1432 ejus
2667 1361 2999 1417 voluntatem
3053 1369 3369 1431 operantur,
3419 1359 3573 1430 juxta
3631 1358 3740 1412 hoc

2161 1457 2301 1526 quod
2348 1457 2548 1510 dictum
2589 1465 2673 1511 est
2705 1471 2722 1509 :
2758 1455 3056 1509 Benedicite
3089 1453 3393 1520 Dominum,
3429 1469 3604 1506 omnes
3636 1469 3737 1505 an-

2162 1549 2263 1617 geli
2293 1549 2424 1615 eius.
2459 1549 2689 1602 ministri
2713 1549 2851 1617 ejus,
2881 1547 2971 1618 qui
2993 1546 3170 1614 facitis
3196 1545 3515 1600 uoluntatem
3535 1545 3648 1612 ejus
3667 1543 3735 1596 ”.

2164 1643 2306 1711 Ergo
2341 1641 2463 1708 quia
2497 1641 2628 1696 tales
2652 1649 2779 1694 sunt
2809 1640 2983 1694 sancti
3013 1638 3210 1709 angeli,
3239 1646 3295 1692 et
3324 1635 3503 1691 taliter
3530 1637 3742 1691 faciunt

2164 1737 2498 1790 voluntatem
2526 1735 2642 1798 Dei,
2673 1744 2729 1789 et
2751 1733 2804 1788 in
2834 1734 2950 1804 ipso
2975 1744 3127 1795 eum,
3157 1740 3211 1786 et
3240 1732 3482 1792 veniunt,
3505 1740 3559 1784 et
3582 1739 3739 1783 extra

2166 1829 2339 1897 ipsum
2376 1841 2650 1895 nunquam
2689 1834 2835 1892 sunt,
2883 1824 3079 1878 merito
3125 1838 3254 1891 ergo
3286 1822 3406 1877 illos
3438 1836 3545 1875 non
3573 1821 3744 1874 inter‘

2171 1930 2324 1990 rogat
2354 1921 2495 1973 unde
2548 1919 2811 1973 veniant:
2849 1917 3142 1986 malignum
3181 1925 3360 1968 autem
3407 1913 3555 1968 illum
3595 1911 3744 1966 refu-

2170 2030 2290 2084 gam
2321 2024 2483 2084 atque
2515 2020 2815 2082 apostatam
2852 2013 3170 2078 interrogat,
3206 2019 3462 2078 tanquam
3487 2003 3744 2077 alienigec

2171 2121 2320 2168 nam,
2351 2115 2604 2174 tanquam
2631 2112 2901 2169 exterum,
2932 2111 3182 2169 tanquam
3209 2099 3600 2164 adversarium,
3626 2107 3746 2151 tau-

2169 2212 2329 2266 quam
2369 2195 2646 2249 inimieum
2696 2195 2935 2248 omnium
2973 2194 3259 2248 bonorum.
3295 2190 3451 2245 lluuc
3499 2203 3631 2258 ergo
3661 2187 3748 2242 in-

2174 2298 2458 2356 terrogans
2491 2285 2622 2340 dicit
2659 2283 2844 2338 :Unde
2881 2285 3021 2338 uenis
3073 2284 3172 2337 tu?
3218 2283 3299 2337 Ab
3333 2279 3662 2342 homicidiis,
3714 2295 3744 2332 a

2170 2377 2542 2446 sanguinibus,
2589 2378 2655 2431 ab
2687 2376 2992 2440 adulteriis,
3033 2390 3062 2428 a
3110 2374 3295 2438 furtis,
3339 2389 3368 2427 a
3422 2371 3746 2434 mendaciis,

2174 2483 2430 2544 tanquam
2469 2470 2769 2532 homicida,
2805 2479 2859 2524 et
2893 2477 3144 2538 tanquam
3176 2466 3440 2522 mendacii
3478 2474 3655 2536 pater,
3690 2472 3749 2518 et

2171 2567 2365 2620 horum
2409 2573 2602 2619 auctor
2622 2572 2785 2631 atque
2819 2561 3070 2614 inventor
3101 2560 3372 2614 exsistens
3417 2571 3583 2627 super
3640 2566 3750 2610 ter—

2172 2673 2334 2713 ram:
2377 2654 2525 2710 Unde
2570 2655 2712 2708 venis
2753 2654 2847 2707 tu?
2883 2654 2962 2707 Ab
3011 2651 3383 2706 internecione
3414 2647 3567 2713 Abel,
3613 2663 3642 2701 a
3670 2647 3751 2716 gi-

2173 2756 2394 2819 gantum
2426 2745 2761 2818 impudicitia
2794 2754 2956 2814 atque
2988 2745 3207 2799 interitu
3259 2742 3496 2808 illorum,
3543 2755 3574 2794 a
3602 2749 3751 2793 turre

2174 2841 2530 2897 contumaciae
2572 2848 2738 2909 atque
2779 2837 3133 2908 dispersione.
3177 2837 3245 2890 ab
3297 2835 3436 2890 Esau
3488 2834 3750 2889 aviditate

2174 2944 2337 3004 atque
2362 2933 2548 2988 fratris
2574 2931 3060 2994 circumventione,
3095 2945 3123 2983 a
3165 2927 3469 3003 (’haraonis
3509 2925 3750 2996 pertina-

2173 3028 2258 3082 cia
2289 3035 2451 3096 atque
2485 3024 2824 3096 perditione,
2856 3023 2925 3078 ab
2959 3023 3123 3078 Israel
3159 3024 3211 3075 in
3242 3022 3456 3076 deserto
3483 3017 3751 3073 idol‘xam

2175 3119 2384 3174 cultura
2433 3127 2594 3187 atque
2627 3118 2803 3182 ruina,
2848 3130 2877 3167 a
2923 3114 3307 3184 prophetarum
3351 3105 3751 3182 persecutione,

2097 3247 2140 3304 ο
2175 3214 2243 3267 ah
2275 3211 2654 3267 interiectione
2698 3207 2942 3272 Joannis,
2980 3223 3010 3261 a
3055 3207 3364 3262 Judzeorum
3404 3202 3750 3266 crudelitate,

2175 3318 2230 3362 et
2259 3307 2327 3362 ab
2364 3307 2606 3361 omnium
2634 3319 2663 3358 a
2696 3302 2895 3359 saeculo
2921 3311 2974 3356 et
3004 3316 3175 3372 usque
3223 3301 3275 3355 in
3303 3299 3558 3354 saeculum
3584 3295 3756 3350 malo-

2177 3417 2296 3453 rum
2340 3398 2698 3468 perfectione.
2753 3394 2968 3463 Omnia,
3010 3395 3207 3464 inquit,
3252 3393 3390 3448 mala
3439 3407 3558 3462 qua:
3595 3404 3758 3458 super

2179 3505 2377 3547 terram
2408 3504 2597 3546 exorta
2647 3500 2793 3553 sunt,
2830 3506 2898 3544 ex
2931 3499 2985 3545 te
3032 3490 3242 3544 initium
3285 3490 3656 3554 sumpserunt,
3703 3490 3759 3535 et

2179 3600 2274 3654 per
2308 3595 2358 3638 te
2389 3584 2487 3639 sub
2530 3583 2671 3638 cmlo
2706 3581 3056 3636 disseminata
3103 3589 3254 3640 sunt,
3289 3588 3342 3630 et
3370 3586 3423 3630 tu
3453 3590 3535 3639 es,
3565 3589 3599 3628 ο
3642 3573 3759 3626 dia-

2179 3678 2326 3740 bole,
2353 3677 2598 3731 omnium
2629 3673 2822 3727 horum
2867 3672 3062 3736 factor,
3087 3680 3140 3726 et
3172 3668 3518 3740 suffragator,
3553 3674 3610 3720 et
3650 3663 3759 3716 iui-

2181 3771 2338 3830 tium,
2370 3777 2424 3823 et
2451 3767 2594 3822 finis.
2623 3765 2854 3826 Obltaec,
2883 3763 3076 3834 inquit,
3105 3779 3138 3818 o
3165 3759 3399 3824 diabole,
3431 3767 3485 3813 et
3505 3772 3656 3812 mors
3679 3755 3760 3809 vi-

2179 3858 2277 3922 vit,
2309 3867 2363 3912 et
2387 3855 2632 3910 infernus
2655 3853 2830 3919 floret,
2855 3861 2907 3906 et
2936 3852 3173 3906 tenebrae
3201 3848 3458 3920 gaudent,
3481 3857 3536 3901 et
3563 3846 3762 3900 obscu-

2181 3952 2316 4006 ritas
2344 3963 2449 4004 non
2494 3946 2821 4010 minoratur,‘
2853 3954 2907 3998 et
2935 3943 3190 4012 iniquitas
3217 3957 3322 3994 nou
3351 3938 3564 4003 deficit,
3596 3947 3651 3991 et
3672 3936 3762 4006 ju-

2181 4043 2284 4094 dex
2315 4038 2503 4092 mortis
2534 4036 2814 4091 victoriam
2849 4035 3065 4102 accipit.
3093 4032 3227 4087 Cum
3263 4045 3394 4100 ergo
3427 4030 3761 4099 interrogem

2184 4140 2235 4185 te
2263 4131 2406 4184 unde
2440 4127 2650 4192 venias,
2689 4141 2794 4180 non
2836 4125 2992 4196 quasi
3031 4124 3280 4178 nesciens
3337 4123 3634 4190 interrogo,
3669 4135 3767 4174 ne-

2181 4239 2287 4294 que
2316 4233 2373 4276 ut
2403 4223 2620 4289 ignarus
2648 4221 2918 4283 sciscitor,
2950 4218 3043 4273 sed
3081 4227 3139 4271 ut
3173 4214 3579 4284 reprehendens
3602 4221 3768 4282 atque

2183 4319 2460 4388 detegens,
2498 4316 2830 4370 convincens
2869 4322 3035 4382 atque
3083 4311 3436 4379 redarguens,
3470 4305 3770 4362 ostendens

2184 4422 2402 4478 quoque
2437 4417 2603 4475 atque
2631 4405 3016 4460 demonstrans
3046 4403 3188 4470 quod
3221 4401 3289 4454 ab
3319 4399 3464 4454 omni
3517 4396 3769 4466 impieta-

2185 4499 2255 4554 tis
2301 4509 2463 4569 atque
2517 4493 2798 4568 iniustitia:
2844 4493 3183 4564 perfectione
3234 4502 3397 4559 atque
3446 4488 3770 4558 operatione

494 4613 618 4652 cum
657 4597 864 4665 justum
907 4594 1007 4650 Joh
1039 4596 1325 4650 tormentis
1353 4593 1591 4650 afficeret
1614 4637 1629 4661 ,
1668 4595 1927 4664 nequitia:
1967 4608 2081 4648 sua:
2116 4591 2158 4644 D
2185 4591 2394 4646 venies.
2419 4590 2515 4644 Dic
2543 4588 2686 4643 unde
2714 4587 2869 4641 venis
2899 4595 2976 4652 tu,
3003 4584 3118 4638 zelo
3139 4597 3457 4646 succensus,
3483 4579 3770 4648 iniquitate

493 4691 859 4746 satisfaceret.
917 4689 1058 4759 Ergo
1112 4689 1246 4756 quia
1287 4697 1346 4742 ut
1393 4689 1504 4743 dixi
1554 4688 1826 4742 desiderio
1869 4703 1968 4741 suo
2015 4702 2080 4742 ac

492 4782 726 4837 consilio
756 4781 828 4835 ita
861 4781 1011 4834 venit
1039 4780 1405 4849 nequissimus
1438 4780 1688 4834 diabolus
1730 4789 1856 4833 ante
1885 4779 2077 4844 Deum,

493 4875 552 4929 in
584 4874 761 4928 medio
791 4873 1112 4942 angelorum
1155 4873 1352 4927 merito
1377 4872 1592 4927 venisse
1619 4887 1742 4926 eum
1769 4872 1933 4936 dicit,
1973 4887 2078 4926 non

495 4965 640 5034 quod
676 4963 790 5029 ipse
816 4963 1048 5026 venerit,
1079 4962 1174 5016 sed
1205 4962 1538 5017 desiderium
1588 4961 1708 5032 ejus
1742 4972 1908 5033 atque
1934 4964 2081 5031 cogi-

496 5053 636 5107 tatio
673 5053 840 5106 venit.
888 5053 1163 5107 Adversus
1197 5068 1360 5122 quam
1415 5053 1799 5123 cogitationem
1857 5067 2084 5122 respon-

497 5143 644 5198 disse
672 5144 870 5198 dicitur
902 5144 1064 5211 Deus,
1097 5155 1152 5198 et
1185 5144 1552 5211 interrogasse
1591 5143 1890 5208 diabolum,
1938 5145 2085 5199 unde

495 5236 728 5290 veniret.
765 5234 899 5289 Nam
939 5251 1069 5290 vero
1107 5253 1213 5290 non
1263 5244 1518 5306 poterant
1566 5235 1681 5290 haec
1728 5236 2088 5290 liistorialiter

498 5328 690 5392 scribi,
725 5343 901 5398 neque
928 5328 1087 5382 aliter
1120 5330 1278 5382 nobis
1314 5328 1555 5392 recitari,
1591 5329 1692 5382 nisi
1729 5337 1788 5381 ut
1836 5343 2084 5397 persona:

499 5419 863 5474 recitarentur
898 5420 1050 5487 quasi
1083 5421 1150 5473 ad
1181 5419 1409 5473 invicem
1440 5418 1855 5485 respondentes,
1888 5419 1958 5472 ob
1982 5419 2086 5473 hoc

495 5512 632 5570 dicit
660 5531 673 5568 :
710 5511 775 5564 Et
825 5512 959 5564 diatit
1005 5511 1145 5566 Deus
1191 5515 1258 5566 ad
1301 5513 1570 5565 diabolum
1599 5526 1618 5565 .‘
1639 5509 1788 5564 Unde
1817 5511 1958 5564 uenis
1989 5514 2087 5565 tu?

501 5605 618 5660 Non
655 5605 809 5674 quasi
853 5606 1218 5675 interrogans,
1256 5605 1340 5660 vel
1369 5620 1642 5674 quaerens,
1679 5603 1762 5657 vel
1795 5603 2088 5658 sciscitans

503 5696 752 5752 dixerit:
787 5696 938 5750 Unde
978 5698 1116 5751 uenis
1165 5697 1262 5751 tu?
1303 5697 1398 5752 sed
1441 5699 1692 5766 culpatis,
1725 5704 1781 5750 et
1808 5695 2087 5767 detegens,

577 5856 622 5887 "
651 5855 750 5912 Job
781 5871 817 5921 ι,
855 5856 904 5911 7.
985 5856 1220 5921 9“,Gen.
1257 5871 1334 5918 tu,
1371 5856 1422 5909 9.

1502 5856 1544 5886 9”
1593 5853 1731 5910 Psal.
1771 5868 1862 5916 cu,
1898 5852 1984 5917 20,
2017 5851 2107 5905 21.

2186 4693 2466 4746 oneratus,
2497 4680 2698 4734 invidia
2733 4678 2963 4749 plenus?
3006 4677 3138 4747 Ego,
3174 4676 3374 4744 inquit,
3405 4673 3526 4728 dedi
3561 4670 3683 4734 Job,
3715 4679 3772 4722 et

2188 4785 2244 4829 tu
2279 4772 2508 4827 invides.
2546 4771 2657 4842 Ego
2682 4771 2850 4838 adjeci
2879 4769 2980 4833 illi,
3009 4778 3064 4822 et
3095 4779 3148 4820 tu
3173 4765 3463 4819 aetuularis.
3489 4751 3603 4831 Ego
3633 4763 3773 4816 mul-

2189 4862 2458 4933 tiplicavi,
2482 4869 2538 4914 tu
2571 4877 2700 4916 vero
2725 4859 2962 4914 lluescis.
2996 4859 3108 4928 Ego
3130 4857 3356 4926 largitus
3387 4873 3526 4920 smn,
3560 4867 3612 4909 tu
3643 4871 3774 4909 vero

2192 4953 2410 5008 auferre
2441 4951 2678 5006 conaris.
2706 4949 3127 5021 Apprehcndam
3161 4949 3307 5002 enim
3339 4955 3410 5010 te,
3441 4957 3498 5000 et
3524 4947 3771 5015 detegam

2189 5046 2376 5101 divina
2413 5042 2785 5109 Providentia,
2841 5051 3098 5110 tanquam
3151 5040 3324 5094 furem
3373 5038 3567 5093 alienis
3616 5037 3775 5092 bouis

2187 5138 2512 5203 inhiantem,
2549 5147 2604 5192 et
2633 5144 2945 5206 sperantem
2978 5134 3125 5204 quod
3157 5147 3252 5202 per
3284 5133 3397 5186 ba'c
3435 5128 3642 5198 justum
3672 5125 3774 5181 Job

2187 5231 2512 5285 subvertere
2539 5228 2736 5298 possis.
2776 5227 2884 5282 Sed
2911 5241 3037 5297 ego,
3071 5225 3284 5293 inquit,
3319 5232 3373 5278 et
3401 5232 3546 5277 tuam
3576 5219 3775 5286 iniqui-

2189 5332 2352 5376 tatem
2384 5324 2734 5392 redarguam,
2763 5321 2901 5374 bona
2931 5316 3034 5373 Job
3067 5317 3158 5371 tibi
3191 5315 3478 5378 tradendo,
3508 5325 3569 5367 ut
3595 5323 3648 5367 et
3672 5310 3775 5364 Job

2179 5412 2382 5483 justum
2417 5413 2783 5466 demonstrem
2815 5422 2913 5477 per
2935 5405 3282 5462 tolerantiam
3316 5403 3602 5457 victoriam
3631 5401 3697 5454 de
3722 5409 3776 5452 te

2185 5513 2512 5558 smuentem.
2544 5500 2626 5556 Ob
2659 5501 2763 5555 hoc
2796 5512 2926 5568 ergo
2953 5506 3210 5565 tauquam
3245 5496 3588 5562 interrogans
3614 5491 3771 5544 dico:

2189 5595 2343 5650 Unde
2372 5596 2512 5649 venis
2541 5595 2640 5648 tu?
2693 5591 2762 5647 Ut
2801 5591 3014 5647 occulta
3049 5601 3138 5644 tua
3173 5588 3455 5642 meditatio
3489 5589 3772 5655 appareat,

2191 5701 2249 5752 ut
2276 5691 2574 5748 vehemens
2619 5699 2708 5746 tua
2760 5688 2998 5758 nequitia
3045 5683 3300 5741 omnibus
3345 5682 3772 5744 demonstretur,
