4174 6392
332 376 439 434 409

1477 373 1865 432 ΑΝυΝΥΜυδ
1904 371 1969 428 ΙΝ
2008 372 2152 430 JOB.
2189 404 2254 412 —
2297 371 2425 430 LIB.
2467 371 2510 426 l.

3510 371 3609 430 HO

332 503 392 547 ut
426 491 726 547 malitiosos
774 499 900 547 tuus
943 492 1084 546 livor
1133 493 1390 547 omnibus
1427 494 1756 552 innotescat.
1811 497 1920 552 Pro
1950 501 1997 556 Α
2024 510 2130 564 que
2161 504 2246 550 est
2274 507 2520 563 praesens
2563 500 2727 562 atque
2765 500 2940 545 totum
2982 491 3240 548 mundum
3266 490 3446 546 subito
3486 507 3609 560 per-

333 585 423 640 his
448 599 579 655 ergo
611 584 867 640 omnibus
909 585 1030 640 dico
1063 601 1077 638 :
1125 583 1274 639 Unde
1311 590 1455 640 venis
1495 590 1590 642 tu?
1641 589 1919 643 Adversus

333 687 454 740 qua:
479 673 811 741 respondens
835 672 1085 729 diabolus
1114 674 1244 728 dicit
1273 693 1287 727 :
1320 676 1552 732 Circuivi
1577 696 1782 734 omnem
1811 691 1919 733 ter-

332 780 445 820 ram
470 781 587 834 quae
621 765 718 819 sub
751 765 877 820 caelo
910 775 1008 834 est,
1033 779 1080 821 et
1107 769 1220 822 ueni
1250 770 1318 824 “.
1353 768 1722 841 Magniioquio
1755 785 1920 844 atque

332 857 644 927 arrogantia
698 858 892 923 uteris,
951 873 985 913 0
1033 860 1344 915 miserrime
1395 861 1630 931 diabole,
1681 864 1919 936 elatione

329 965 545 1021 quoque
569 959 734 1021 atque
759 950 1049 1021 jactantia,
1074 961 1135 1006 ut
1161 952 1235 1007 ita
1263 964 1528 1024 appareat
1550 958 1698 1025 quod
1725 972 1917 1014 omnes

328 1041 686 1112 magniloqui,
714 1040 1078 1110 jactanticuli,
1101 1054 1450 1116 arrogantes,
1482 1056 1536 1103 et
1563 1049 1785 1118 superbi
1810 1059 1920 1106 tua:

328 1131 588 1200 nequitia.-
616 1131 727 1186 sint
747 1129 1026 1202 discipuli,
1049 1143 1106 1190 et
1128 1135 1270 1204 apud
1303 1143 1358 1192 te
1387 1136 1681 1195 didicerint
1705 1155 1768 1194 ea
1795 1156 1917 1212 quae

328 1223 440 1278 Deo
475 1233 604 1279 sunt
645 1224 927 1280 contraria
974 1240 988 1277 :
1037 1225 1182 1282 Deus
1222 1227 1364 1282 enim
1404 1229 1645 1301 superbis
1691 1233 1915 1300 resistit,

325 1315 616 1371 humilibus
643 1326 819 1372 autem
846 1317 941 1371 dat
963 1319 1199 1388 gratiam
1232 1321 1298 1374 ⁸⁷.
1329 1319 1425 1376 His
1465 1324 1720 1380 similiter
1749 1327 1914 1381 etiam

324 1409 480 1464 Anna
521 1417 698 1464 mater
742 1409 1019 1467 Samuelis
1053 1411 1185 1466 dicit
1215 1428 1232 1468 :
1267 1410 1455 1468 Nolite
1498 1415 1645 1487 loqui
1691 1417 1916 1487 superba

323 1503 379 1555 in
418 1501 688 1569 superbia,
731 1513 913 1558 etnon
954 1512 1102 1558 exeat
1139 1505 1562 1578 magniloquium
1601 1525 1666 1564 ea:
1709 1527 1796 1565 ore
1830 1528 1914 1565 vs-

324 1601 432 1646 stro
461 1593 529 1650 ’⁸.
562 1592 668 1648 Sed
693 1593 885 1650 borum
921 1595 1208 1659 immemor
1244 1598 1516 1665 diabolus,
1545 1609 1600 1656 et
1641 1603 1778 1658 alios
1811 1603 1914 1659 do-

324 1685 457 1750 cuit,
501 1695 558 1741 et
611 1687 732 1757 ipse
760 1703 955 1758 magna
992 1689 1203 1745 locutus
1250 1691 1388 1746 dixit
1426 1711 1440 1745 :
1480 1692 1716 1750 Circuiui
1749 1707 1913 1752 totum

323 1787 521 1830 tentant
557 1794 675 1848 qua:
720 1780 814 1833 sub
849 1779 979 1834 caelo
1025 1790 1124 1834 est.
1163 1780 1456 1847 Intendite,
1506 1798 1540 1838 ο
1569 1786 1759 1850 amici,
1785 1787 1912 1855 quia

322 1869 588 1925 circuisse
623 1885 683 1926 se
713 1871 846 1927 dicit
882 1881 1052 1928 totam
1099 1883 1299 1930 terram
1327 1890 1449 1946 quae
1499 1878 1602 1932 sub
1637 1877 1776 1932 cmlo
1806 1885 1911 1943 est,

321 1965 416 2018 sed
448 1978 557 2016 non
593 1964 908 2021 carnalibus
954 1967 1220 2036 vestigiis,
1246 1981 1424 2038 neque
1465 1971 1913 2042 corruptibilibus

321 2056 622 2126 gressibus,
651 2057 745 2112 sed
780 2058 1012 2128 spiritali
1047 2068 1389 2128 transcursu,
1423 2071 1588 2133 atque
1618 2064 1672 2119 in
1716 2079 1912 2119 coron-

322 2148 419 2204 rali
468 2151 708 2206 transitu
760 2151 1016 2208 universa
1047 2163 1174 2224 'quae
1219 2155 1321 2209 sub
1360 2157 1502 2211 coelo
1560 2167 1692 2212 sunt
1735 2159 1914 2213 subito

319 2243 613 2311 pervolans
639 2252 803 2313 atque
842 2259 1162 2316 peragrans.
1207 2245 1363 2302 Sicut
1397 2261 1530 2316 ergo
1578 2263 1686 2303 non
1718 2264 1910 2304 corru-

321 2336 606 2403 ptibilibus
637 2336 938 2406 gressibus,
980 2352 1161 2407 neque
1191 2338 1506 2396 carnalibus
1534 2341 1782 2411 vestigiis
1805 2342 1914 2396 cir-

322 2426 488 2480 cuivit
529 2427 796 2496 diabolus,
831 2430 924 2485 sed
959 2429 1012 2484 in
1046 2431 1452 2503 incorruptibili
1497 2445 1662 2506 atque
1693 2436 1912 2492 occulto

326 2526 648 2575 transcursu
703 2539 719 2578 :
776 2523 857 2578 sic
913 2523 1168 2578 similiter
1222 2539 1350 2582 cum
1403 2527 1539 2582 dicit
1588 2530 1734 2598 quod
1783 2539 1912 2583 ante

325 2610 490 2666 Deum
523 2615 761 2681 steterit,
789 2631 899 2672 non
936 2616 1077 2673 facie
1103 2619 1170 2672 ad
1193 2617 1396 2676 faciem
1427 2635 1614 2676 coram
1660 2622 1772 2677 Deo
1797 2633 1912 2678 ste-

325 2704 406 2770 tit,
442 2707 540 2762 sed
572 2708 808 2765 occultis
831 2710 1284 2781 cogitationibus,
1329 2722 1384 2767 et
1417 2715 1769 2784 nequissimis
1798 2731 1912 2770 me-

323 2799 682 2858 ditationibus
712 2811 838 2860 ante
869 2804 1038 2860 Deum
1061 2807 1280 2862 venisse
1306 2809 1526 2876 dicitur,
1560 2810 1667 2865 hoc
1700 2821 1784 2864 est
1815 2826 1913 2865 nc-

323 2892 606 2960 quissimre
648 2891 768 2962 ejus
808 2895 1172 2966 cogitationes
1215 2912 1314 2967 pro
1359 2898 1478 2970 ejus
1537 2903 1912 2970 increpatione

323 2994 594 3042 steterunt
633 2996 761 3043 ante
791 2989 984 3044 Deum.
1013 2989 1120 3045 Sed
1146 2991 1388 3058 interim,
1442 2991 1641 3064 inquit,
1677 2995 1914 3050 Circuivi

323 3089 480 3134 totum
513 3089 713 3134 terram
737 3097 856 3150 quae
902 3082 996 3136 sub
1035 3082 1162 3137 εωίο
1205 3094 1303 3153 est,
1338 3087 1553 3140 et'ueui.
1606 3085 1734 3153 Sed,
1771 3091 1912 3146 male

2021 590 2232 644 volans.
2285 588 2340 642 Si
2371 589 2517 641 enim
2548 587 2697 641 venti
2733 585 2878 639 aeris
2906 587 3159 654 regiones
3193 599 3258 638 ac
3289 584 3609 652 provincias

2020 683 2199 738 subito
2232 679 2463 751 perﬂant
2497 688 2668 750 atque
2710 664 3020 742 transeunt,
3068 691 3250 731 nonne
3294 675 3463 729 multo
3492 689 3608 728 am-

2019 775 2160 845 plius
2203 773 2348 828 aerei
2391 771 2638 841 spiritus,
2684 770 2739 825 id
2802 778 2889 825 est
2942 767 3264 836 nequissimi
3307 766 3607 829 daemones,

2021 863 2200 917 subito
2251 860 2538 931 pervolant
2573 869 2743 916 totum
2799 858 3084 924 mundum,
3128 857 3310 911 subito
3348 855 3607 910 universa

2019 960 2316 1024 peragrant
2358 967 2481 1020 qua:
2525 951 2626 1006 sub
2669 950 2809 1006 cmlo
2840 959 2990 1013 sunt,
3028 948 3210 1007 subito
3257 946 3458 1016 ubique
3482 954 3608 1002 sunt

2018 1045 2351 1116 praesentes?
2385 1045 2444 1099 ln
2476 1043 2626 1100 omni
2653 1043 2840 1112 praelio
2864 1041 2949 1102 vel
2978 1055 3180 1112 pugna,
3216 1041 3270 1096 in
3301 1038 3451 1094 omni
3483 1053 3610 1109 per-

2021 1135 2336 1192 turbatione
2360 1145 2527 1208 atque
2551 1135 2744 1191 mortis
2767 1135 2950 1200 ruina,
2985 1134 3040 1188 in
3065 1133 3212 1189 omni
3241 1131 3514 1187 seditione
3542 1145 3610 1186 ac

2019 1228 2280 1295 tumultu,
2311 1230 2368 1285 in
2397 1229 2545 1286 omni
2577 1227 2932 1284 contentione
2959 1235 3018 1282 et
3049 1226 3169 1292 lite,
3216 1224 3272 1280 iu
3305 1223 3452 1279 omni
3477 1238 3609 1278 san-

2018 1324 2182 1398 guine
2211 1331 2270 1380 et
2303 1321 2624 1388 homicidio,
2649 1329 2705 1376 et
2732 1319 2880 1375 furto
2910 1329 3078 1390 atque
3103 1317 3395 1382 adulterio,
3429 1313 3606 1369 omni-

2017 1435 2124 1489 que
2147 1415 2484 1474 lamentabili
2517 1414 2662 1471 bello
2685 1414 2800 1470 sive
2831 1412 3084 1478 orientis,
3133 1411 3250 1467 sive
3280 1408 3604 1473 occidentis,

2018 1512 2133 1570 sive
2190 1508 2506 1575 meridiani,
2553 1508 2670 1564 sive
2717 1507 3011 1577 aquilonis,
3058 1505 3261 1574 ubique
3304 1511 3607 1572 praesentes

2018 1610 2148 1659 sunt
2178 1599 2498 1673 nequissimi
2542 1607 2710 1668 atque
2737 1598 2886 1654 aerei
2937 1599 3211 1652 daemones
3241 1593 3360 1664 plus
3385 1599 3607 1662 pertur-

2017 1697 2228 1762 bantes,
2272 1703 2330 1748 et
2374 1693 2775 1748 succendentes
2808 1700 2974 1758 atque
3009 1689 3262 1743 universa
3297 1693 3604 1740 moventes.

2017 1789 2175 1846 Unde
2207 1787 2571 1844 divinationes
2605 1794 2756 1852 sunt,
2793 1800 2857 1840 ex
2915 1799 3024 1854 quo
3054 1779 3436 1852 malignissiml
3499 1778 3607 1832 (lte-

2018 1895 2230 1946 mones,
2261 1879 2518 1948 aereique
2543 1878 2769 1947 spiritus
2801 1877 2982 1932 subito
3009 1877 3155 1930 hunc
3187 1873 3448 1927 mundum
3479 1883 3609 1938 per-

2015 1972 2262 2024 volantes
2317 1978 2481 2040 atque
2517 1968 2773 2023 universa
2820 1983 2941 2037 qua:
2971 1968 3024 2020 in
3075 1967 3224 2021 omni
3274 1966 3394 2023 loco
3445 1969 3609 2035 hujus

2015 2081 2203 2120 meum
2261 2069 2400 2117 nunt
2441 2060 2878 2129 contemplantes
2923 2073 2938 2111 :
2981 2068 3035 2114 et
3081 2075 3147 2114 ea
3181 2074 3303 2130 qua:
3349 2059 3611 2115 dicuntur

2017 2159 2322 2222 audientes,
2371 2157 2466 2226 qui
2499 2155 2626 2210 alibi
2658 2153 2973 2222 ubicunque
3007 2153 3164 2223 longe
3209 2152 3372 2222 positi
3403 2152 3612 2207 l‘uerint

2015 2251 2116 2306 Sub
2148 2247 2405 2318 nequitiae
2437 2245 2708 2301 ministris
2738 2244 2986 2299 revelant
3010 2254 3176 2313 atque
3207 2246 3608 2309 demonstrant,

2017 2350 2126 2396 tam
2155 2341 2211 2395 in
2253 2340 2462 2396 somnis
2487 2353 2651 2408 quam
2699 2338 2754 2391 in
2807 2335 3037 2406 vigiliis,
3085 2350 3186 2390 nec
3209 2351 3314 2390 non
3350 2338 3402 2389 in
3439 2337 3612 2404 phan-

2019 2433 2360 2499 tasmatibus,
2399 2440 2454 2488 et
2475 2429 2633 2500 juxta
2670 2431 2787 2485 hac
2818 2444 2940 2498 qua:
2967 2430 3128 2494 ﬁunt,
3178 2427 3264 2483 vel
3295 2440 3608 2497 emergunt,

2014 2526 2181 2579 etiam
2228 2523 2334 2579 alia
2361 2533 2527 2592 atque
2559 2521 2667 2577 alia
2691 2520 2880 2576 futura
2911 2535 3140 2591 sperare
3168 2529 3334 2590 atque
3377 2520 3614 2588 probare

2016 2621 2235 2676 docent.
2272 2618 2484 2674 Exinde
2524 2616 2696 2687 cmpit
2742 2614 3098 2671 divinationis
3138 2628 3298 2670 error
3339 2612 3480 2669 ﬁlios
3512 2614 3613 2668 ho-

2016 2714 2222 2766 minum
2261 2711 2317 2765 in
2357 2708 2679 2766 scandalum
2728 2709 2782 2762 ln
2817 2721 2914 2762 eos
2940 2707 3144 2776 quibus
3197 2719 3366 2774 super
3404 2714 3609 2760 terram

2014 2815 2196 2858 ortum
2227 2810 2332 2860 est.
2359 2801 2456 2856 llis
2486 2815 2722 2870 namque
2753 2798 3009 2854 omnibus
3033 2797 3423 2854 demonstratis
3447 2804 3613 2866 atque

2016 2895 2334 2953 memoratis
2396 2893 2829 2966 malignissimus
2889 2902 3057 2961 atque
3102 2903 3296 2945 aereus
3357 2889 3611 2945 diabolus

2018 2989 2190 3044 dicit:
2230 2987 2462 3042 Circuiui
2501 2996 2667 3040 totam
2699 2995 2898 3040 terram
2947 2999 3066 3055 qua:
3115 2983 3209 3036 sub
3260 2981 3388 3037 coelo
3427 2991 3526 3046 est,
3561 2991 3613 3035 et

2019 3085 2156 3139 veni.
2187 3083 2232 3139 Ο
2257 3081 2594 3151 nequissime
2619 3079 2958 3143 adversarie,
3000 3093 3033 3133 ο
3061 3077 3460 3148 malignissima
3489 3077 3612 3131 dia-

325 3171 610 3242 gloriaris;
653 3181 710 3227 et
750 3172 892 3227 mala
933 3181 1016 3228 est
1060 3175 1177 3232 hac
1227 3185 1318 3230 tua
1361 3177 1630 3248 gloriatio.
1686 3177 1911 3236 Terram
1942 3197 1984 3255 ο
2018 3179 2162 3246 bole,
2185 3193 2350 3249 quam
2383 3176 2656 3246 malignus
2689 3189 2775 3239 es,
2820 3183 2878 3228 et
2906 3173 2974 3227 ad
3020 3171 3207 3227 omnia
3245 3170 3386 3225 mala
3418 3181 3614 3224 versu-

325 3263 546 3328 circnis,
579 3265 674 3318 sed
705 3263 771 3317 ad
817 3263 1016 3319 coelum
1047 3281 1154 3322 non
1189 3271 1499 3326 reverteris.
1539 3271 1612 3324 Ea
1644 3287 1766 3342 qua:
1808 3274 1909 3327 sub

324 3349 458 3405 coelo
488 3359 618 3404 sunt
660 3365 947 3421 peragras,
986 3357 1080 3409 sed
1108 3356 1201 3410 illa
1251 3373 1374 3427 qua:
1409 3361 1463 3414 in
1509 3363 1741 3418 excelsis
1783 3373 1914 3418 sunt

325 3458 425 3498 non
457 3445 791 3514 possidebis.
839 3445 1073 3501 Circuivi
1127 3467 1333 3505 omnem
1389 3463 1590 3507 terram
1627 3471 1748 3526 qua:
1812 3455 1908 3508 sub

325 3537 446 3590 cwlo
472 3545 574 3590 est.
609 3536 875 3594 Circuivit
897 3555 1005 3595 non
1038 3542 1350 3598 carnalibus
1381 3546 1645 3613 vestigiis,
1671 3547 1768 3602 sed
1798 3549 1909 3601 cir-

323 3628 658 3684 cuitionibus
686 3630 1014 3701 iniquitatis,
1062 3649 1169 3688 non
1205 3638 1438 3692 terrenis
1480 3639 1781 3708 gressibus,
1815 3639 1910 3694 sed

323 3721 663 3788 spiritalibus
709 3724 1151 3792 seductionibus,
1223 3728 1456 3782 Circuivt'
1501 3739 1664 3784 totam
1715 3743 1912 3785 terram

322 3830 434 3883 quo:
456 3815 557 3869 sub
580 3816 706 3870 calo
740 3827 837 3872 est.
867 3818 984 3875 Non
1017 3835 1114 3888 per
1144 3829 1450 3890 temporum
1485 3824 1658 3891 Spatia
1708 3823 1912 3878 circui-

325 3908 413 3974 sti,
458 3909 556 3963 sed
599 3909 802 3976 subito,
837 3911 1093 3968 celeriter
1143 3929 1209 3967 ac
1264 3914 1528 3970 velociter
1580 3917 1915 3987 omniaquae

323 3999 420 4054 sub
463 4000 610 4056 coelo
643 4011 771 4055 sunt
816 4006 1141 4074 peragrasti,
1186 4013 1241 4058 et
1293 4006 1479 4059 omnia
1525 4021 1647 4075 quae
1688 4007 1758 4071 in,
1787 4023 1915 4063 aere

324 4101 449 4146 sunt
491 4092 852 4162 pervolando,
895 4104 948 4149 et
979 4104 1178 4150 cuncta
1207 4111 1330 4167 quae
1361 4098 1463 4152 sub
1499 4099 1641 4154 caelo
1675 4109 1803 4154 sunt
1830 4100 1915 4154 in-

325 4185 624 4253 spiciendo,
651 4187 834 4242 subito
861 4187 928 4242 ab
951 4189 1164 4243 oriente
1186 4191 1253 4244 ad
1276 4205 1530 4246 occasum
1555 4195 1911 4260 transeundo,

325 4285 377 4330 et
402 4291 429 4330 a
461 4277 773 4331 meridiano
800 4281 868 4333 ad
901 4280 1212 4349 aquilonem
1239 4281 1592 4349 pervolando,
1620 4293 1676 4340 et
1696 4299 1761 4339 ea
1792 4300 1915 4355 quae

325 4382 418 4438 per
444 4382 683 4440 quatuor
713 4372 977 4427 terminos
1008 4373 1157 4428 orbis
1185 4373 1238 4426 in
1269 4376 1524 4430 omnibus
1554 4378 1832 4446 gentibus,
1862 4389 1917 4431 et

325 4463 648 4531 provinciis,
706 4473 762 4519 et
802 4465 1120 4536 regionibus
1163 4475 1328 4537 atque
1384 4467 1586 4539 linguis
1625 4471 1782 4538 liunt,
1831 4472 1912 4526 vel

326 4557 581 4612 dicuntur
621 4558 834 4624 videns,
879 4569 932 4614 et
976 4560 1226 4627 audiens,
1271 4571 1328 4615 et
1369 4561 1589 4626 sciens,
1636 4577 1743 4620 nou
1797 4573 1916 4616 tan-
1950 4547 1993 4600 D

326 4664 485 4718 quam
542 4652 596 4705 in
636 4653 930 4721 praesentia
972 4653 1204 4718 habens,
1252 4655 1346 4709 sed
1385 4663 1644 4726 tanquam
1691 4656 1915 4725 Spiritus

326 4742 534 4808 volans,
566 4752 622 4799 et
642 4745 822 4799 omnia
849 4761 969 4815 qua:
997 4761 1131 4801 voce
1153 4746 1411 4801 dicuntur
1435 4749 1684 4811 audiens,
1713 4758 1768 4804 et
1795 4765 1914 4818 qua:

326 4837 584 4902 operibus
631 4836 768 4891 ﬁunt
822 4837 1073 4893 universa
1136 4839 1350 4904 videns,
1408 4854 1472 4892 ea
1527 4853 1659 4894 vero
1708 4855 1829 4908 qlia:
1860 4840 1912 4892 in

329 4928 492 4984 corde
524 4937 691 4999 atque
721 4928 864 4982 intra
900 4929 1143 4982 animum
1181 4937 1511 4992 tractantur,
1545 4929 1818 4984 nesciens.
1855 4929 1914 4983 Si

327 5021 470 5075 enim
513 5021 796 5078 hominum
837 5024 1198 5094 cogitationes
1248 5023 1465 5087 scisset,
1528 5022 1776 5093 profecto
1806 5025 1918 5079 nul-

327 5107 438 5167 lum
482 5113 763 5170 hominem
818 5115 1031 5170 salvum
1086 5115 1206 5171 ﬁeri
1259 5115 1625 5185 permisisset,
1673 5115 1916 5186 nihilque

333 5202 457 5261 boni
480 5209 771 5278 perlicere,
803 5209 901 5264 sed
932 5208 1115 5264 omnia
1153 5208 1292 5263 bona
1331 5224 1458 5263 mox
1491 5219 1550 5263 ut
1588 5209 1920 5279 cogitatione

334 5309 510 5370 ctepta
536 5299 788 5368 fuissent,
818 5302 1080 5357 continuo
1112 5301 1440 5367 destrueret,
1479 5301 1741 5356 continuo
1798 5315 1922 5369 per-

337 5392 496 5446 ﬁcere
546 5407 654 5447 non
699 5394 1059 5462 permisisset.
1098 5392 1254 5448 Nunc
1283 5403 1412 5448 vero
1441 5408 1504 5448 ea
1550 5393 1769 5462 quidem
1801 5408 1923 5462 qua:

336 5487 656 5554 cogitantur,
688 5488 773 5543 vel
805 5497 1110 5548 tractantur
1155 5489 1368 5559 ignorat
1398 5507 1410 5542 :
1452 5505 1515 5545 ea
1546 5505 1681 5544 vero
1711 5504 1833 5558 quae
1869 5489 1922 5542 in

335 5580 584 5645 Operibus
612 5581 770 5649 ﬁunt,
805 5591 860 5636 et
894 5597 992 5651 per
1021 5597 1209 5637 vocem
1246 5583 1524 5647 dicuntur,
1552 5583 1722 5647 audit,
1751 5590 1809 5634 et
1841 5582 1921 5633 vi-

339 5668 446 5736 det,
477 5683 663 5743 utpote
688 5675 920 5744 spiritus
953 5675 1184 5732 callidus
1215 5692 1280 5731 ac
1320 5676 1559 5740 subtilis,
1589 5685 1645 5730 et
1670 5675 1760 5743 qui
1801 5674 1918 5728 ubi-

409 5849 453 5880 "
498 5848 590 5907 iob
624 5869 662 5918 I,
698 5850 748 5904 7.
827 5851 868 5882 97
915 5850 928 5904 I
967 5849 1114 5907 Pctr.
1141 5868 1191 5919 ν,
1353 5854 1395 5885 ³⁸
1432 5853 1448 5907 l
1483 5854 1611 5923 Reg.
1657 5869 1714 5919 ll,
1760 5853 1813 5908 5.

2017 3285 2104 3328 tus
2148 3281 2312 3337 atque
2357 3267 2622 3324 callidus!
2664 3267 2802 3322 Cum
2851 3266 2998 3321 enim
3034 3265 3102 3319 ad
3133 3262 3303 3318 Deum
3349 3261 3613 3331 loqueris,

2015 3366 2381 3422 humilitatem
2435 3366 2669 3435 ﬁngens,
2715 3372 2886 3418 totam
2933 3370 3136 3416 terram
3187 3374 3309 3428 quae
3337 3357 3440 3412 sub
3475 3356 3615 3412 caelo

2015 3467 2103 3514 est
2143 3458 2412 3513 circuisse
2448 3467 2500 3512 te
2531 3457 2689 3521 dicis,
2729 3464 2788 3510 et
2816 3453 2939 3510 coeli
2973 3467 3081 3508 non
3119 3450 3438 3506 meministi.
3478 3449 3614 3504 Cum

2015 3562 2198 3608 autem
2221 3553 2288 3606 ad
2315 3550 2566 3604 homines
2591 3546 2852 3617 loqueris,
2879 3556 3013 3600 tunc
3037 3544 3392 3599 nihilominus
3417 3556 3615 3609 magna

2014 3641 2245 3711 loquens
2273 3649 2332 3693 ut
2360 3640 2607 3695 homines
2642 3633 2846 3708 rapias,
2891 3636 3031 3692 dicis
3061 3653 3075 3689 :
3108 3634 3176 3690 In
3207 3634 3396 3689 uelum
3430 3648 3619 3686 ascen-

2016 3735 2163 3798 dam,
2207 3749 2366 3801 super
2400 3731 2583 3785 stellas
2624 3731 2739 3786 caeli
2771 3746 2965 3800 ponam
2995 3727 3168 3783 sedem
3202 3741 3397 3793 meum,
3430 3735 3616 3780 clero

2016 3824 2206 3879 similis
2233 3823 2506 3877 Altissimo
2540 3823 2628 3876 ⁸³⁸.
2677 3821 2792 3876 lloc
2822 3821 3078 3875 nimirum
3106 3821 3177 3874 ob
3207 3820 3310 3874 hoc
3342 3818 3483 3874 dicis
3507 3858 3522 3884 ,
3559 3822 3618 3871 ut

2016 3932 2115 3987 pro
2132 3915 2414 3969 Altissimo
2432 3913 2645 3967 adorari
2665 3924 2828 3981 atque
2847 3912 2955 3967 coli
2984 3912 3052 3966 ab
3076 3911 3391 3965 hominibus
3410 3910 3613 3980 possis.

2087 4007 2353 4071 Circuivi,
2402 4007 2601 4077 inquit,
2649 4016 2814 4059 totam
2846 4016 3045 4060 terram
3087 4021 3207 4075 quw
3241 4003 3336 4058 sub
3366 4004 3494 4057 caelo
3516 4013 3615 4060 est.

2018 4101 2246 4156 Terram
2282 4101 2508 4166 circuis,
2529 4115 2562 4150 o
2588 4099 2825 4164 diabole,
2853 4099 2920 4152 ad
2951 4098 3324 4160 desolandum,
3346 4097 3411 4149 ad
3437 4105 3619 4150 exter-

2017 4195 2333 4249 minandum
2373 4209 2517 4246 eam.
2552 4193 2624 4246 Ea
2654 4206 2774 4262 qua:
2807 4189 2912 4245 sub
2935 4190 3076 4245 coelo
3106 4199 3232 4243 sunt
3263 4203 3520 4258 peragras
3549 4188 3617 4242 ad

2019 4285 2447 4356 perturbandam
2477 4294 2531 4338 et
2557 4282 3009 4353 pervertendum,
3035 4289 3089 4334 et
3112 4281 3179 4332 ad
3211 4279 3455 4332 furorem
3480 4294 3616 4332 con-

2018 4378 2264 4432 citandas
2296 4385 2459 4448 atque
2490 4373 2906 4430 exacerbandas
2953 4383 3145 4442 gentes
3182 4372 3454 4425 adversus
3483 4383 3618 4440 gené

2021 4483 2103 4528 tes
2151 4481 2206 4527 et
2234 4471 2502 4541 regiones.
2531 4469 2639 4523 Pro
2671 4467 2790 4523 istis
2816 4482 2948 4534 ergo
2975 4466 3251 4525 omnibus,
3284 4464 3480 4533 inquit,
3511 4465 3621 4518 cir-

2022 4565 2166 4621 cuivi
2203 4573 2375 4619 tetam
2404 4571 2606 4616 terram
2633 4575 2755 4631 quae
2781 4561 2882 4614 sub
2924 4558 3064 4613 ccelo
3096 4567 3200 4624 est,
3237 4567 3290 4610 et
3326 4557 3471 4609 veni.
3507 4556 3621 4610 Sed

2023 4659 2198 4712 adhuc
2227 4657 2389 4712 aliter
2413 4656 2635 4710 circuivi
2666 4662 2835 4708 lotam
2865 4661 3093 4716 terram,
3119 4665 3311 4705 omnes
3343 4659 3616 4714 terrenos,

2023 4764 2119 4804 eos
2163 4751 2257 4819 qui
2307 4759 2526 4804 terrena
2570 4747 2790 4815 sapiunt
2847 4754 3083 4810 tantum,
3130 4759 3225 4798 eos
3254 4744 3344 4812 qui
3401 4751 3618 4796 terrena

2025 4841 2137 4896 sola
2168 4841 2436 4911 cogitant,
2467 4851 2524 4896 et
2566 4837 2928 4904 meditantur,
2964 4823 3200 4906 diligunt
3237 4845 3401 4904 atque
3445 4833 3621 4901 requi-

2026 4941 2172 4986 runt.
2206 4932 2345 4987 istos
2374 4947 2504 5000 ergo
2532 4930 2756 4995 circuis,
2797 4928 3081 4998 exploras,
3107 4925 3357 4995 exquiris
3396 4935 3452 4979 et
3487 4939 3621 4977 con-

2024 5024 2228 5090 culcas,
2261 5026 2389 5094 quia
2435 5025 2694 5078 introitus
2727 5032 2782 5078 et
2822 5022 3006 5077 exitus
3039 5021 3183 5073 viam
3239 5027 3402 5086 atque
3431 5017 3535 5071 iter
3566 5020 3619 5068 in

2026 5117 2106 5170 eis
2134 5117 2322 5171 habes.
2353 5116 2467 5183 Sic,
2497 5117 2744 5184 inquam,
2779 5114 2980 5170 circuis
3010 5123 3232 5174 terram,
3251 5125 3283 5163 0
3307 5107 3541 5171 diabole,
3567 5115 3620 5160 et

2025 5223 2291 5278 peragras
2320 5222 2385 5262 ea
2433 5222 2555 5276 qua:
2587 5207 2687 5262 sub
2739 5205 2883 5261 cmlo
2930 5214 3080 5259 sunt.
3130 5203 3259 5270 Quae
3289 5211 3416 5256 sunt
3463 5196 3625 5255 haec?

2026 5300 2203 5354 Corda
2234 5313 2356 5369 qua:
2403 5314 2510 5353 non
2537 5307 2666 5353 sunt
2715 5297 2769 5350 in
2817 5297 2984 5361 c0310,
3011 5311 3133 5366 quae
3176 5295 3230 5349 in
3263 5293 3462 5348 malum
3491 5309 3624 5347 nun—

2026 5407 2191 5462 quam
2223 5392 2616 5456 ascenderunt,
2659 5406 2836 5458 neque
2881 5389 3005 5443 ﬁdei
3053 5388 3393 5457 integritate,
3440 5402 3620 5454 neque

2029 5487 2229 5540 mentis
2277 5485 2574 5546 desiderio,
2621 5499 2795 5553 neque
2845 5480 3059 5537 Domini
3107 5480 3397 5544 memoria,
3443 5495 3621 5548 neque

2030 5578 2454 5632 resurrectionis
2485 5576 2918 5645 exspectatione,
2970 5589 3150 5642 neque
3172 5571 3364 5642 iudicii
3401 5573 3616 5634 timore,

2028 5685 2204 5740 neque
2234 5686 2330 5742 Spe
2356 5670 2543 5741 gloria:
2570 5682 2804 5735 a-ternae,
2839 5670 2935 5725 sed
2966 5670 3162 5724 horum
3221 5667 3463 5721 nmmum
3500 5679 3622 5734 quae

1893 5854 1955 5884 ³⁸⁸
1989 5853 2088 5909 lsa.
2129 5867 2236 5922 xiv,
2267 5852 2355 5910 15.
