2087 3200
279 182 329 210 ιιι

842 184 1033 214 ANONYMUS
1051 185 1084 213 IN
1100 186 1171 216 J08.
1189 203 1223 208 —
1242 186 1305 215 LIB.
1324 188 1343 215 Ι.

1847 191 1899 219 8⁵9.

279 240 306 267 in
336 239 406 267 emlo
428 243 509 275 sunt,
524 240 531 252 ’
542 240 752 275 obliviscuntur,
778 242 931 278 despiciunt
957 251 1065 279 quoque
1078 246 1102 274 Α
1117 243 1219 278 Mosen,
1236 246 1269 272 de
1283 253 1337 280 quo
1350 244 1415 273 dicit
1430 244 1464 272 ad
1480 245 1570 273 Aaron
1583 252 1590 272 :
1605 245 1666 273 Non
1686 246 1755 273 sicut
1781 245 1899 282 [omqu

277 289 359 319 atque
375 284 547 319 delinquunt.
570 286 645 313 Talia
662 291 727 314 sunt
739 287 821 314 corda
846 287 967 315 omnium
991 287 1063 316 fero-

276 331 357 362 cium,
373 331 565 365 pertinacium,
588 339 682 360 eorum
702 333 747 367 qui
761 340 814 361 non
830 338 915 368 agunt
927 334 1063 369 peniten-

267 375 353 403 tiam.
380 375 570 411 Hujuscemodi
600 378 673 405 enim
703 379 786 406 corda
815 379 912 407 circuit
936 380 1061 408 diabolus

273 422 441 455 persuadens
455 427 538 458 atque
551 423 702 458 inlatuans,
713 426 869 454 obtundens
883 429 965 461 atque
977 426 1061 454 obdu-

273 474 347 498 rans.
361 475 455 495 eorum
471 469 521 504 qui
534 477 566 497 ea
579 477 639 505 qua:
650 478 731 506 super
743 472 842 499 coelum
854 478 920 501 sunt
932 474 959 501 In
971 473 1060 502 incor-

272 513 399 547 ruptione
425 522 480 542 non
494 516 614 550 sapiunt,
642 518 689 544 sed
703 525 736 545 ea
757 518 815 545 sola
838 526 899 554 qua:
912 519 961 548 sub
989 520 1059 548 ctelo

270 563 335 586 sunt
358 560 385 586 in
409 562 585 597 corruptione
611 570 693 597 super
715 568 817 591 terram
842 565 994 599 requirunt.
1020 565 1058 593 De

270 604 331 633 istis
345 613 410 640 ergo
424 607 551 635 omnibus
565 607 631 635 dicit
647 617 654 635 :
671 608 785 636 Circuivi
797 613 881 637 totum
892 616 989 638 terram
999 619 1058 646 qua

268 652 317 678 sub
331 652 396 679 mlo
414 657 464 686 est,
483 659 508 681 et
520 655 589 683 ueni.
610 656 632 682 Δ
648 655 727 683 nobis
740 661 832 683 autem
847 657 982 685 avertitur
994 665 1055 685 cum

266 697 353 725 donat
379 698 451 727 Deus
468 707 517 728 cor
540 701 681 734 mundum,
706 702 825 729 animam
845 708 959 736 castam,
979 711 1056 731 men-

269 747 377 778 temque
392 745 476 779 piam,
495 746 578 773 ﬁdem
591 746 736 782 integram,
758 748 864 783 plenam
879 749 1054 783 cbaritatem,

268 788 484 818 misericordiam
507 792 655 825 sinceram.
677 794 823 829 puritatem
843 802 896 823 non
920 795 1009 823 [ictam
1026 800 1054 824 et

267 842 342 869 spem
370 836 546 871 immobilem,
572 843 601 865 ut
624 846 720 867 omnes
745 840 906 874 nequissimi
929 841 1054 870 incursus

268 886 350 916 atque
364 888 490 911 accessus
505 883 585 919 longe
605 891 620 911 a
643 885 720 912 nobis
738 890 907 918 avertantur,
923 892 951 914 et
964 887 1053 915 omnis

267 928 387 955 versutia
403 928 462 962 ejus
476 929 589 957 contusa
611 935 695 965 atque
708 931 833 959 ineﬂicax
853 933 1054 968 comprobetur.
1069 922 1092 952 Β

268 973 321 1000 Sed
336 974 445 1002 interim
460 982 525 1002 cum
537 976 594 1003 hac
605 977 707 1004 diceret
719 977 843 1006 diabolus
854 979 926 1013 quod
939 979 1055 1008 circuis-

267 1023 308 1046 sot
333 1024 444 1053 terram,
469 1026 497 1049 et
511 1027 682 1057 peragrasset
702 1030 734 1051 ea
749 1031 811 1058 qua
830 1024 881 1052 sub
895 1025 967 1053 calo
979 1029 1053 1058 sunt,

266 1065 406 1099 respondit
420 1065 446 1093 ei
461 1065 544 1099 Deus,
567 1067 661 1095 dicens
678 1075 686 1095 :
701 1067 918 1097 Animaduertislt'
940 1070 975 1097 ad
990 1078 1053 1105 pue-

264 1117 325 1137 rum
340 1119 425 1138 meum
442 1111 503 1144 Job,
519 1113 581 1147 quia
593 1113 688 1140 similis
707 1114 731 1141 ei
746 1122 797 1141 non
814 1120 851 1142 est
870 1116 1009 1150 quisquam
1025 1117 1054 1144 in

264 1157 343 1183 terris
359 1157 398 1184 "7
414 1157 555 1193 Tanquam
567 1159 590 1187 si
611 1159 715 1188 diceret
729 1170 736 1187 :
751 1160 819 1194 Quia
834 1161 962 1196 gloriaris
980 1162 1053 1197 quod

264 1207 367 1230 terram
392 1203 544 1235 circuieris,
566 1209 594 1232 et
616 1213 648 1233 ea
669 1213 730 1241 qua
754 1207 805 1235 sub
822 1208 890 1235 cmlo
909 1213 972 1235 sunt
990 1215 1052 1243 per-

263 1249 413 1282 agraveris,
423 1249 466 1277 die
477 1249 554 1283 mihi,
567 1251 782 1280 animadvertisti
794 1253 827 1280 ad
836 1260 947 1288 puerum
962 1261 1052 1282 meum

261 1292 331 1321 Job?
351 1294 429 1328 Quod
443 1296 468 1323 si
487 1295 602 1325 forsitan
618 1297 730 1331 dixeris,
751 1299 844 1327 nescio
858 1299 921 1333 quis
935 1299 971 1327 sit
989 1299 1051 1333 Job,

262 1340 308 1368 hic
321 1346 374 1375 est,
386 1341 431 1369 cui
445 1349 498 1370 non
511 1347 554 1370 est
569 1343 651 1371 homo
662 1344 759 1372 similis
770 1352 852 1380 super
867 1350 978 1374 terram.
992 1346 1050 1382 Ego

261 1386 323 1414 dico
341 1387 412 1421 quod
423 1395 477 1415 non
490 1388 526 1415 sit
543 1388 582 1417 illi
595 1390 694 1418 similis
710 1398 792 1425 super
806 1396 906 1419 terram
922 1402 929 1420 :
943 1396 970 1420 ιιι
985 1400 1052 1420 vero

261 1431 308 1465 qui
318 1431 386 1459 dicis
399 1433 470 1466 quod
483 1436 584 1461 terram
598 1434 751 1469 circuieris,
765 1440 792 1463 et
806 1443 837 1464 ea
848 1444 907 1471 quae
918 1437 970 1464 sub
980 1437 1050 1466 cutio

259 1480 324 1503 sunt
339 1479 540 1513 peragraveris,
564 1481 677 1508 ostende
702 1481 783 1509 alium
807 1482 926 1510 similem
949 1483 997 1511 illi.
1015 1483 1049 1510 Et

260 1528 326 1549 vere
342 1524 499 1558 nequissimi
522 1525 622 1554 diaboli
647 1528 826 1562 cogitationes
843 1529 945 1564 arguit,
966 1535 1049 1565 atque

259 1567 383 1595 illicltum
399 1568 459 1604 ejus
471 1570 583 1598 livorem
603 1573 732 1606 ostendit,
746 1581 826 1608 quem
845 1575 992 1603 meditatus
1004 1580 1046 1603 est
1059 1588 1081 1617 ε

259 1620 291 1640 ac
304 1615 430 1649 nequiter
457 1617 597 1653 cogitavit,
614 1626 675 1646 cuin
694 1619 744 1647 Job
761 1620 865 1648 zelatur
880 1625 909 1649 et
930 1622 1044 1649 invidet.

257 1659 297 1686 Ac
320 1660 343 1687 si
365 1660 489 1689 diceret:
505 1662 560 1697 Ego
578 1670 663 1697 arguo
682 1665 870 1693 meditationes
894 1670 965 1699 tuas,
981 1674 1045 1695 ecce

257 1704 348 1732 revelo
373 1706 489 1734 consilia
513 1713 568 1740 tua,
584 1716 649 1736 ecce
673 1711 787 1738 ostendo
807 1711 956 1746 nequitiam
970 1716 1044 1739 tuam

255 1754 340 1783 atque
355 1749 479 1779 livorem.
503 1751 573 1782 Ecce
592 1753 627 1781 do
643 1754 689 1781 tibi
705 1755 859 1789 audaciam,
881 1756 1044 1792 utprol‘eras

256 1794 386 1822 malitiam
404 1800 489 1828 tuam,
501 1803 530 1825 ut
543 1798 688 1833 depromas
703 1800 897 1836 malignitatem
914 1807 997 1834 tuam,
1014 1806 1045 1830 ut

254 1839 289 1866 ad
308 1845 448 1869 certamen
463 1847 544 1877 atque
557 1844 678 1879 prndium
703 1845 811 1873 beatum
831 1847 964 1882 requiras.
986 1846 1043 1875 Nisi

254 1884 327 1912 enim
347 1886 472 1915 liduciam
500 1890 657 1925 acceperis,
683 1899 807 1926 quaerere
829 1900 882 1919 non
908 1892 1041 1921 audebis:

252 1931 469 1960 Animadvertiui
485 1934 520 1961 ad
542 1943 652 1970 puerum
675 1945 761 1964 meum
783 1936 856 1966 Job?
879 1937 935 1967 Hoc
945 1946 988 1968 est
1000 1948 1044 1968 re-

254 1976 352 2005 laxasti
377 1978 497 2007 animum
521 1984 606 2015 tuum,
630 1983 812 2017 cogitationes
835 1989 906 2018 tuas,
928 1986 1041 2015 consilia

253 2027 310 2056 tua,
325 2023 515 2054 meditationes
529 2031 598 2054 tuas.
610 2028 650 2055 Ad
661 2029 763 2063 quem?
777 2029 819 2057 Atl
833 2038 943 2064 puerum
956 2040 1042 2059 meum

251 2069 312 2097 Job.
334 2070 483 2100 Laetaberis
502 2073 657 2101 adversario
680 2075 779 2110 sagitta
801 2076 829 2103 in
847 2077 956 2105 modum
971 2078 1041 2113 ignis

251 2117 446 2145 comburente?
468 2117 544 2146 Hanc
556 2126 650 2147 vocem
672 2120 795 2149 diabolus
809 2129 980 2158 nequaquam
992 2132 1040 2151 au-

251 2160 310 2188 dire
328 2163 440 2196 patitur,
463 2170 517 2190 non
538 2163 637 2191 tolerat
659 2166 859 2199 nequissimus,
887 2172 916 2194 ut
940 2168 1040 2203 aliquis

251 2214 347 2235 servus
362 2207 408 2235 Dei
422 2209 470 2241 sit,
483 2208 526 2236 vel
541 2209 653 2238 omnino
671 2211 836 2239 nominetur.
863 2212 929 2241 Cum
948 2219 1037 2242 autem

1115 298 1188 317 metu
1201 290 1288 318 Moser
1300 291 1327 317 in
1343 295 1399 317 toto
1412 291 1489 317 domo
1503 299 1560 317 meo
1571 291 1656 325 ﬁdelis
1669 292 1689 319 ¹.
1706 290 1739 318 Ει
1757 296 1818 326 post
1829 298 1898 325 pau-

1115 337 1199 364 lulum
1216 345 1224 364 :
1240 336 1376 369 Quomodo
1392 345 1445 363 non
1460 337 1571 365 timuisti
1586 338 1660 373 loqui
1673 339 1705 364 de
1721 337 1822 372 famulo
1839 345 1897 364 meo

1113 382 1188 410 More
1200 382 1228 409 '3
1239 382 1310 415 Quid
1325 383 1377 410 boc
1393 381 1479 417 majus
1491 388 1544 416 est,
1560 383 1624 418 quid
1640 384 1777 419 superius,
1791 388 1821 411 ut
1835 384 1896 418 quis

1113 428 1149 457 sit
1166 427 1303 456 Creatoris
1319 436 1413 456 servus
1432 433 1514 463 atque
1528 428 1646 457 caelestis
1669 429 1742 464 regis
1761 428 1896 457 famulus?

1111 473 1171 502 Non
1186 479 1227 502 est
1241 474 1291 502 bac
1305 474 1391 509 major
1404 474 1500 509 gloria.
1514 474 1601 509 Super
1618 475 1675 502 hac
1689 479 1780 503 autem
1805 475 1893 510 ipsum

1111 518 1248 547 diabolum
1265 519 1398 554 increpat,
1421 519 1514 554 dejicit
1535 524 1617 554 atque
1638 518 1766 555 objurgat
1788 527 1837 554 per
1866 519 1894 547 id
1915 527 1922 555 j

1111 565 1182 600 quod
1202 564 1252 592 Job
1275 551 1395 599 puerum?
1410 551 1487 592 suum
1510 551 1650 600 appellat:
1667 551 1892 598 Animalia-erum,
1913 551 1920 580 ί

1110 610 1206 645 inquit,
1221 611 1256 636 ad
1269 618 1377 645 puerum
1390 618 1473 637 meum
1485 609 1555 637 Job?
1572 612 1610 638 Ac
1628 612 1650 638 si
1664 611 1783 639 diceret:
1800 612 1892 639 Nonne

1109 657 1197 683 victus
1212 664 1251 687 es,
1268 661 1295 684 et
1307 656 1428 690 dejectus
1442 660 1522 691 atque
1539 657 1707 691 humiliatus,
1723 662 1751 684 ut
1764 657 1814 685 Job
1830 666 1892 686 cor—

1110 701 1243 735 ruptibilis
1258 707 1339 736 atque
1353 706 1476 729 terrenus
1495 702 1575 729 homo
1592 710 1686 730 servus
1702 710 1777 730 meus
1802 703 1848 735 sit,
1863 708 1891 730 et

1108 748 1135 774 in
1150 755 1209 775 mea
1223 748 1351 775 servitute
1372 748 1497 775 maneat?
1515 748 1553 775 Tu
1570 756 1644 781 vero,
1658 755 1674 776 ο
1695 748 1811 782 diaboie,
1827 757 1889 776 cum

1108 796 1231 829 superior
1255 795 1293 822 sis
1320 794 1432 830 angelis,
1460 802 1521 822 cum
1549 795 1618 822 inter
1643 795 1784 823 cherubim
1810 802 1825 822 a
1846 802 1891 822 me

1107 847 1226 873 creatus,
1239 849 1254 868 a
1270 849 1327 868 mea
1343 841 1475 869 servitute
1492 841 1639 873 recessisti,
1655 846 1682 868 et
1696 848 1784 868 meum
1805 841 1888 868 mini-

1107 889 1218 916 sterium
1234 889 1413 923 dereliquisti,
1427 888 1522 915 merito
1538 895 1571 915 ex
1592 888 1695 915 sanctis
1717 887 1809 915 choris
1826 894 1888 922 pro-

1105 934 1192 969 iectus
1205 940 1287 968 atque
1299 942 1314 961 a
1329 934 1486 962 ctelestibus
1506 934 1599 969 pulsus
1619 934 1691 961 circa
1711 939 1796 961 terras
1807 934 1887 961 ober-

1106 987 1161 1011 ras,
1178 980 1249 1007 circa
1272 985 1358 1006 terras
1379 985 1480 1015 reptas,
1501 984 1528 1007 et
1552 984 1673 1007 terrenos
1692 980 1887 1007 circumvenire

1105 1026 1222 1052 conaris.
1238 1025 1278 1052 0b
1295 1026 1345 1052 hoc
1362 1033 1422 1052 cum
1444 1025 1511 1053 dicis
1526 1026 1596 1060 quod
1621 1030 1718 1052 terram
1736 1025 1885 1058 circuieris,

1104 1074 1131 1096 et
1144 1077 1175 1096 ea
1190 1077 1249 1103 qua:
1263 1070 1313 1096 sub
1327 1072 1395 1096 cutio
1419 1075 1482 1097 sunt
1502 1071 1700 1106 peragraveris,
1724 1071 1788 1105 quia
1802 1070 1886 1098 coale-

1104 1116 1186 1142 stium
1203 1116 1294 1151 refuga
1311 1116 1427 1143 ellectus
1443 1122 1524 1151 atque
1538 1117 1564 1143 in
1585 1116 1700 1143 terrenis
1717 1121 1834 1151 reptare,
1858 1116 1885 1143 in

1104 1167 1174 1189 terra
1204 1163 1378 1194 manducare,
1406 1163 1430 1189 in
1460 1170 1575 1198 persona
1592 1163 1725 1197 serpentis
1740 1170 1770 1190 es
1800 1162 1886 1191 male-

1103 1207 1200 1237 dictus.
1220 1208 1435 1235 animadvertisti
1462 1208 1553 1235 animo
1572 1208 1618 1235 illo
1640 1209 1816 1243 nequissimo,
1843 1208 1886 1235 itt-

1102 1253 1174 1286 vido,
1191 1253 1305 1286 crudeli,
1331 1261 1423 1288 pravo,
1440 1253 1508 1286 fero,
1530 1253 1563 1280 ad
1587 1261 1700 1288 puerum
1718 1262 1807 1281 meum
1830 1254 1884 1281 mi-

1103 1303 1165 1330 tem,
1191 1299 1347 1334 benignum,
1370 1298 1531 1333 subjectum,
1555 1299 1718 1334 religiosum,
1740 1307 1791 1327 non
1809 1299 1884 1326 fran-

1101 1345 1250 1377 dulentum,
1274 1346 1320 1372 sed
1350 1345 1487 1378 devotum,
1510 1346 1543 1373 ad
1571 1353 1685 1381 puerum
1712 1354 1811 1378 meum,
1840 1347 1882 1374 cui

1100 1398 1153 1417 non
1182 1396 1223 1418 est
1241 1391 1321 1418 homo
1339 1390 1433 1419 similis
1458 1399 1539 1426 super
1561 1393 1682 1419 terram?
1707 1391 1735 1419 ln
1756 1393 1882 1420 omnibus

1099 1436 1248 1464 virtutibus
1270 1442 1350 1471 atque
1376 1438 1474 1464 studiis
1497 1445 1549 1464 non
1570 1442 1613 1464 est
1634 1437 1672 1464 illi
1692 1437 1788 1465 similis
1801 1445 1884 1473 super

1100 1487 1213 1509 terram.
1235 1482 1370 1509 Abraham
1387 1490 1439 1510 non
1465 1488 1517 1516 est,
1540 1483 1615 1510 lsaac
1638 1483 1780 1518 requievit,
1799 1485 1891 1512 lsrael.

1100 1528 1235 1559 transivit,
1248 1526 1347 1562 Josepb
1360 1528 1477 1562 quietem
1495 1529 1641 1563 assumpsit
1655 1538 1660 1555 :
1674 1533 1815 1565 propterea
1827 1537 1881 1558 non

1099 1577 1142 1600 est
1159 1574 1196 1600 illi
1211 1573 1306 1600 similis
1326 1581 1406 1608 super
1421 1578 1530 1600 terram.
1549 1574 1614 1607 Ego,
1641 1574 1738 1609 inquit,
1757 1575 1882 1601 testitno-
1932 1611 1936 1614 ι

1098 1619 1172 1645 nittm
1188 1618 1318 1654 perbibeo
1338 1619 1484 1645 virtutibus
1499 1619 1567 1653 ejus,
1581 1624 1673 1653 utpote
1695 1620 1816 1647 omnium
1836 1627 1883 1648 co—

1096 1664 1185 1699 gnitor
1199 1664 1340 1691 Dominus.
1362 1664 1516 1691 Attestatur
1532 1665 1656 1692 videlicet
1672 1665 1709 1692 illi
1725 1666 1806 1692 etiam
1823 1673 1882 1692 ma—

1096 1711 1184 1745 lignus
1213 1715 1276 1737 tuus
1300 1710 1389 1742 livor,
1407 1718 1422 1737 ο
1448 1710 1563 1738 diabole.
1591 1710 1664 1743 Nisi,
1684 1711 1881 1746 inquit,meus

1095 1761 1190 1780 servus
1209 1753 1303 1780 fuisset
1328 1758 1438 1781 sanctus
1452 1762 1483 1781 ac
1501 1754 1616 1785 dignus,
1631 1760 1709 1789 atque
1725 1756 1791 1783 mihi
1811 1756 1881 1783 bene

1095 1798 1282 1831 complacens,
1302 1806 1354 1825 non
1370 1799 1462 1833 utique
1485 1807 1544 1826 eum
1571 1800 1674 1827 uelatus
1695 1800 1803 1833 fuisses,
1824 1810 1881 1829 non

1095 1844 1187 1878 utique
1204 1852 1266 1871 eum
1287 1845 1430 1872 invideres.
1452 1844 1508 1872 Non
1527 1853 1556 1872 es
1570 1847 1672 1873 zelatus
1693 1847 1780 1879 Esau,
1793 1855 1881 1882 neque

1094 1889 1201 1921 lsmael,
1217 1898 1268 1917 non
1286 1891 1416 1918 zelaberis
1438 1891 1511 1924 Saul,
1533 1897 1615 1926 atque
1637 1892 1780 1924 Achitofel,
1794 1900 1881 1928 neque

1093 1935 1196 1969 Doech,
1211 1944 1297 1971 neque
1312 1937 1394 1964 ullum
1410 1946 1443 1965 ex
1464 1938 1496 1965 iis
1516 1938 1562 1972 qui
1579 1942 1651 1965 tuam
1669 1947 1823 1973 perversam
1840 1940 1880 1967 l'e-

1093 1988 1189 2009 cerunt
1204 1983 1368 2010 voluntatem
1386 1991 1392 2009 :
1410 1984 1457 2010 sed
1482 1984 1583 2011 zeletus
1601 1991 1631 2011 es
1646 1992 1660 2011 a
1674 1984 1771 2012 saeculo
1786 1992 1884 2013 omnes

1092 2035 1185 2056 servos
1211 2037 1285 2056 meos
1305 2034 1388 2064 atque
1408 2030 1535 2062 cultores,
1548 2031 1573 2056 id
1592 2030 1711 2058 estAbel
1724 2035 1751 2059 et
1767 2030 1877 2066 Joseph,

1092 2079 1120 2101 et
1148 2083 1218 2102 nunc
1246 2075 1332 2110 ipsum
1350 2075 1412 2108 Job,
1438 2081 1518 2110 atque
1538 2076 1580 2103 his
1602 2077 1703 2104 similes
1723 2085 1836 2109 omnes.
1851 2083 1879 2105 et

1092 2128 1187 2147 onmes
1210 2120 1353 2148 sinceriter
1369 2129 1412 2148 me
1429 2122 1594 2149 invocantes.
1612 2122 1681 2155 Quia
1699 2131 1751 2150 non
1772 2129 1821 2156 est,
1834 2124 1878 2151 in-

1091 2166 1159 2200 quit,
1172 2167 1266 2193 similis
1289 2166 1329 2193 illi
1354 2175 1432 2202 super
1453 2172 1562 2194 terram.
1592 2168 1620 2195 ln
1641 2176 1694 2203 quo
1710 2176 1762 2196 non
1783 2174 1825 2197 est
1838 2170 1878 2197 si-

1091 2211 1163 2239 milis
1183 2212 1207 2239 ei
1224 2212 1366 2247 quisquam
1393 2220 1475 2247 super
1498 2218 1597 2240 terram
1614 2213 1668 2241 iln
1686 2215 1812 2242 omnibus
1830 2215 1878 2242 bo-

249 2252 313 2280 odio
324 2253 438 2282 haberet
454 2253 504 2281 Job
517 2259 599 2290 atque
613 2256 747 2284 zelaretur
758 2265 833 2290 eum,
847 2258 945 2294 adjecit
956 2266 1036 2294 super
1051 2258 1074 2287 D
1090 2257 1130 2285 nis
1153 2258 1291 2292 operibus,
1308 2264 1388 2293 atque
1409 2259 1469 2286 ideo
1491 2259 1605 2291 dilectis,
1620 2261 1678 2288 sine
1694 2260 1803 2295 querela
1823 2267 1876 2294 est,

248 2298 398 2333 nequitiam
416 2306 478 2327 cum
495 2307 603 2327 servum
622 2301 669 2328 Dei
684 2302 759 2330 illum
774 2305 928 2339 nuncupari
943 2306 1036 2332 audis-

248 2348 300 2377 set,
330 2344 386 2372 Deo
418 2350 567 2380 astrueute,
594 2347 636 2374 Ad
665 2358 776 2383 puerum
805 2359 892 2379 meum
912 2352 973 2381 Job.
1002 2353 1037 2381 Et

247 2393 433 2422 animadverte
444 2398 563 2430 quan'tus
574 2403 672 2424 sensus
685 2397 712 2424 in
727 2398 778 2425 hoe
791 2398 849 2433 ipso
864 2400 1036 2428 demonstra-

248 2442 293 2465 tur
306 2445 444 2472 sermone,
462 2447 524 2468 cum
538 2448 647 2468 servum
662 2450 741 2470 suum
753 2444 871 2479 appellat
885 2445 945 2473 Job.
973 2446 1034 2474 Pri-

246 2490 321 2510 mum
334 2484 442 2519 quidem
457 2489 585 2520 tanquam
605 2487 719 2522 gloriam
740 2489 792 2517 sibi
805 2490 941 2518 existimat
954 2497 1036 2527 atque

246 2527 375 2556 honorem
394 2530 515 2558 omnium
533 2531 663 2559 Dominus
677 2541 738 2560 eum
753 2539 846 2561 sancte
861 2539 943 2570 atque
961 2541 1035 2564 caste

247 2573 287 2600 illi
306 2575 427 2602 serviunt
448 2576 580 2604 homines.
600 2576 704 2605 Idcirco
725 2579 804 2613 quasi
826 2579 946 2614 glorians
970 2579 1034 2607 dicit

247 2627 321 2647 nunc
334 2628 399 2649 sane
414 2622 447 2649 de
460 2623 518 2651 solo
528 2622 590 2655 Job,
607 2623 723 2651 Puerum
741 2633 826 2652 meum
835 2624 897 2658 Job,
914 2627 965 2653 hoc
980 2630 1031 2659 est,

245 2673 354 2694 servum
369 2675 457 2696 meum
472 2676 479 2695 :
496 2669 559 2697 alibi
583 2675 674 2698 autem
700 2671 733 2698 de
758 2670 881 2706 plurimis
895 2679 903 2698 :
919 2671 983 2698 Misi
997 2672 1031 2698 ad

245 2719 289 2738 vos
310 2720 398 2739 omnes
422 2722 508 2743 servos
539 2723 608 2743 meo:
632 2717 771 2751 prophetas
793 2716 815 2745 '.
851 2716 929 2744 Unde
949 2717 1030 2743 etiam

247 2756 319 2791 ipsos
335 2757 468 2792 gloriﬁcat
492 2765 573 2796 atque
591 2762 748 2796 magnificat
776 2770 825 2798 per
842 2762 867 2789 id
884 2763 955 2797 quod
973 2770 1032 2790 ser-

245 2807 305 2835 vos,
319 2807 347 2830 et
361 2802 476 2833 famulos
503 2812 552 2833 eos
581 2807 680 2834 astruit
702 2813 784 2842 atque
810 2807 936 2842 appellat,
962 2807 1032 2834 sicut

1087 2307 1180 2337 utpote
1195 2303 1240 2337 qui
1256 2304 1281 2330 in
1302 2304 1375 2331 nullo
1393 2305 1479 2338 potuit
1497 2306 1666 2339 reprehendi.
1681 2306 1822 2341 Quamvis,
1835 2309 1877 2336 in<

1087 2349 1157 2383 quit,
1176 2353 1203 2375 tu
1225 2356 1286 2375 cum
1308 2350 1498 2384 reprehendas,
1512 2359 1528 2379 ο
1543 2352 1659 2383 diabole,
1672 2354 1749 2387 qttasi
1766 2360 1876 2389 propter

1087 2394 1197 2422 divitias
1218 2402 1261 2421 me
1276 2396 1420 2428 colentem,
1445 2402 1506 2430 post
1530 2398 1667 2432 paululum
1696 2400 1877 2434 probabitur.

1087 2440 1150 2475 quia
1164 2440 1274 2468 omnino
1288 2440 1338 2468 Job
1353 2442 1412 2468 sine
1423 2444 1532 2476 querela
1546 2450 1696 2477 permanet,
1715 2450 1741 2472 et
1765 2454 1817 2473 non
1832 2455 1877 2474 so-

1086 2486 1141 2513 lum
1155 2487 1213 2514 sine
1228 2487 1348 2521 querela,
1366 2488 1412 2515 sed
1437 2492 1465 2515 et
1480 2488 1580 2523 justus,
1595 2498 1655 2516 cum
1672 2491 1776 2525 justitia
1792 2493 1874 2520 etiam

1086 2539 1177 2560 verus.
1202 2532 1255 2559 Sed
1279 2533 1341 2567 quia
1364 2533 1485 2568 plerique
1508 2534 1646 2562 hominum
1664 2536 1689 2562 in
1712 2536 1762 2564 hoc
1775 2538 1875 2565 mundo

1084 2577 1209 2604 outnibus
1224 2577 1310 2604 modis
1321 2578 1379 2604 sine
1396 2578 1504 2612 querela
1518 2578 1623 2606 fuerunt
1639 2585 1667 2607 et
1679 2580 1743 2615 justi
1757 2586 1784 2608 et
1795 2590 1874 2609 vera-

1083 2630 1128 2650 ces
1145 2623 1171 2649 in
1192 2623 1315 2650 humanis
1340 2625 1469 2650 duntaxat
1494 2624 1603 2659 judiciis
1622 2631 1648 2653 et
1669 2628 1769 2659 causis,
1793 2633 1874 2662 atque

1084 2668 1305 2702 corruptibilibus
1318 2668 1432 2703 justitiis
1449 2670 1595 2704 universis,
1609 2675 1637 2698 et
1651 2672 1722 2705 quod
1738 2680 1872 2701 summum

1085 2717 1112 2740 et
1127 2713 1271 2740 maximum
1284 2718 1334 2746 est.
1348 2714 1392 2740 Dei
1407 2715 1549 2742 scientiam
1564 2724 1617 2743 non
1631 2717 1793 2750 habuerunt,
1806 2719 1873 2746 eba-

1086 2760 1193 2787 t‘itatem
1213 2768 1320 2796 quoque
1340 2760 1398 2794 Dei,
1424 2767 1505 2797 atque
1521 2764 1664 2796 culturam,
1679 2766 1776 2792 merito
1791 2772 1872 2799 super

1085 2805 1142 2832 haec
1159 2805 1283 2833 universa
1302 2804 1353 2833 Job
1382 2805 1451 2834 bona
1470 2807 1562 2842 adjicit
1585 2809 1610 2837 id
1635 2810 1707 2845 quod
1723 2810 1875 2838 maximum

282 2881 306 2898 "
317 2881 367 2911 Job
385 2892 405 2917 ι,
420 2884 447 2913 8.
487 2883 605 2914 'Matth.
619 2893 697 2920 nm,
716 2887 760 2915 δι.
799 2889 809 2905 ³
824 2887 905 2916 Num.
919 2888 1003 2921 xu,7.
1043 2888 1053 2904 '
1067 2888 1132 2917 ibid.
1148 2887 1176 2917 8.
