4174 6462
438 432 547 493 415

1579 432 1965 491 ANONYMUS
2003 432 2070 488 IN
2108 432 2246 489 JOB.
2282 465 2351 475 -α
2388 433 2515 489 LIB.
2559 434 2601 488 1.

3594 434 3700 491 414

434 562 521 608 est
554 553 770 619 dicens,
800 552 900 608 Dei
947 553 1150 608 cultor“
1177 569 1202 608 :
1233 553 1350 609 sive
1381 552 1500 607 sine
1540 551 1761 623 querela
1802 549 2017 616 fuisset,
2046 553 2093 612 Α
2124 548 2312 603 Deum.
2355 548 2546 618 Incipit
2582 555 2894 625 ostendere,
2928 547 3054 617 quia
3099 545 3357 618 nequiter
3411 548 3700 607 meditatus

434 644 550 699 sive
579 642 782 713 justus,
826 645 942 699 sive
971 659 1157 711 verax,
1197 645 1383 699 omnia
1433 644 1549 699 haec
1580 652 1808 713 propter
1842 643 2013 697 Deum

430 743 612 800 erant,
644 744 808 804 atque
842 733 935 789 Dei
967 736 1256 791 culturam.
1287 735 1461 806 Super
1493 750 1615 805 qua!
1640 734 1892 790 universa
1917 731 2014 788 ad-

426 824 627 896 jiciens
644 827 775 881 dicit
803 845 815 880 :
839 825 1117 881 Abstineas
1148 843 1202 880 se
1225 826 1292 880 ab
1319 827 1466 881 omni
1496 842 1552 880 re
1574 825 1796 893 mala“,
1825 832 2014 894 utpote

428 918 521 989 qui
548 918 712 973 Deum
740 917 972 984 colebat,
1003 927 1191 989 utpote
1233 919 1325 989 qui
1359 919 1527 973 Deum
1558 921 1853 981 metuebat,
1897 926 2014 970 tan-

429 1024 595 1078 quam
627 1009 718 1078 qui
754 1010 859 1063 Deo
889 1010 1186 1073 serviebat,
1218 1018 1273 1065 et
1300 1017 1558 1078 tanquam
1587 1009 1680 1079 qui
1733 1009 1845 1064 Deo
1890 1007 2010 1077 pla-

427 1116 548 1156 cert
585 1102 861 1172 cupiebat.
892 1102 984 1158 Sic
1012 1104 1195 1173 itaque
1230 1118 1396 1172 super
1427 1117 1621 1158 omnes
1645 1112 1871 1157 caeteras
1894 1101 2011 1157 vir-

427 1201 570 1248 tutes
603 1194 930 1263 praecipuam
959 1193 1080 1265 ejus
1122 1195 1383 1250 virtutem
1429 1196 1486 1250 in
1518 1194 1870 1251 conclusione
1921 1193 2013 1249 de-

424 1295 743 1341 monstrans
777 1286 871 1342 Dei
902 1288 1168 1343 cultorem
1200 1289 1353 1345 illum
1378 1288 1547 1345 fuisse
1569 1287 2012 1358 ostendit,atque

423 1379 493 1435 ab
531 1379 681 1434 omni
708 1394 767 1435 re
801 1380 939 1434 mala
963 1396 1023 1436 se
1063 1382 1450 1439 abstinentem.
1485 1382 1554 1437 Et
1582 1395 1712 1437 vere
1737 1396 1859 1437 cum
1889 1381 2009 1438 haec

422 1472 492 1526 ad
517 1471 790 1527 diabolum
821 1473 1079 1543 loquitur,
1107 1489 1206 1545 per
1246 1475 1363 1531 haec
1397 1475 1671 1532 diabolum
1704 1476 1886 1546 arguit
1918 1483 2006 1530 at-

421 1576 531 1632 que
583 1562 847 1632 increpat,
878 1571 933 1619 et
972 1563 1141 1620 veluti
1171 1564 1400 1630 diceret,
1432 1565 1584 1631 audi,
1605 1580 1638 1621 0
1673 1564 1907 1629 diabole,
1936 1564 2007 1619 ad

419 1662 475 1708 te
495 1654 639 1708 enim
674 1664 755 1708 est
789 1654 878 1711 hic
904 1670 1105 1721 sermo,
1151 1664 1206 1712 et
1240 1665 1329 1713 tua
1356 1658 1473 1713 hac
1512 1657 1812 1727 increpatio
1845 1666 2008 1726 atque

417 1745 745 1817 objurgatio.
780 1746 912 1803 Sine
942 1748 1171 1818 querela
1198 1758 1281 1805 est
1306 1747 1434 1816 Job,
1470 1760 1525 1805 tu
1575 1765 1708 1806 vero
1751 1748 2005 1805 omnibus

415 1839 747 1895 criminibus
773 1855 832 1896 es
862 1840 1119 1899 refertus.
1150 1840 1340 1898 Justus
1369 1851 1455 1899 est
1492 1841 1618 1907 Job,
1647 1851 1701 1897 tu
1729 1856 1859 1897 vero
1889 1840 2006 1910 ipse

413 1931 651 2000 injustus
696 1945 779 1997 es,
828 1940 885 1987 et
941 1934 1108 1988 totius
1162 1932 1446 2005 injustitiae
1499 1931 1848 2003 suffragator.
1891 1906 2002 1988 110-
2033 1906 2079 1963 Β

413 2035 511 2076 rus
558 2030 644 2077 est
692 2021 793 2079 Job
815 2062 833 2090 ,
871 2031 927 2078 tu
964 2031 1143 2079 autem
1189 2024 1358 2082 totius
1390 2023 1637 2080 veritatis
1677 2037 1738 2080 es
1770 2038 2000 2093 exsors,

412 2123 581 2185 atque
610 2115 757 2169 omni
788 2115 1072 2171 mendacio
1106 2118 1297 2186 plenus
1318 2158 1333 2181 ,
1356 2126 1413 2172 et
1435 2117 1614 2174 omnis
1639 2116 1888 2183 fallaciae,
1921 2125 2004 2172 at-

409 2220 520 2276 que
546 2205 655 2260 doli
680 2220 741 2261 es
762 2217 937 2277 pater.
970 2208 1065 2263 Dei
1096 2209 1273 2263 cultor
1298 2219 1383 2265 est
1406 2207 1528 2276 Job,
1559 2220 1614 2265 tu
1637 2226 1766 2266 vero
1792 2209 1885 2265 Dei
1916 2226 2003 2265 re-

408 2298 541 2369 fuga
567 2308 622 2352 et
665 2308 931 2369 apostata,
965 2309 1129 2370 atque
1171 2302 1390 2357 rebellis
1420 2319 1434 2356 :
1467 2309 1521 2356 et
1558 2317 1666 2356 non
1707 2302 1885 2357 solum
1916 2311 1998 2368 tu,

406 2391 505 2445 sed
538 2398 594 2446 et
628 2404 820 2446 omnes
866 2390 1118 2448 homines
1150 2392 1221 2448 ad
1271 2393 1377 2449 hoc
1418 2394 1673 2465 instigas,
1706 2394 1901 2449 suades
1943 2401 2000 2447 et

408 2481 592 2538 doces.
619 2481 868 2538 Abstinet
886 2495 947 2539 se
972 2484 1040 2539 ab
1066 2484 1213 2539 omni
1234 2499 1400 2554 opere
1418 2485 1561 2542 malo
1583 2494 1639 2542 et
1661 2487 1829 2542 verbo
1852 2484 1952 2540 Job
1978 2503 1992 2540 :

406 2582 466 2627 tu
499 2581 681 2628 autem
712 2588 874 2630 omne
922 2574 1123 2630 malum
1160 2584 1217 2632 et
1250 2576 1516 2646 illicitum,
1554 2588 1719 2648 atque
1768 2578 1994 2647 impium

403 2680 563 2734 opus,
590 2675 685 2720 aut
736 2668 958 2722 verbum
1008 2667 1291 2724 seminasti
1343 2669 1488 2725 inter
1529 2669 1799 2735 homines,
1832 2680 1996 2738 atque

405 2759 463 2812 in
494 2773 557 2813 ea
592 2774 711 2829 quae
739 2758 843 2815 sub
869 2760 1009 2815 coelo
1044 2771 1170 2817 sunt
1196 2762 1331 2816 oriri
1363 2761 1561 2818 fecisti.
1598 2762 1739 2817 Dicit
1761 2761 1994 2832 denique

402 2852 523 2910 Ι)ωο
573 2854 829 2911 universa
880 2855 1024 2911 Deus
1058 2858 1125 2914 ad
1169 2857 1465 2925 diabolum,
1509 2873 1633 2914 cum
1666 2856 1850 2912 laudat
1889 2856 1992 2913 Job

402 2956 461 3003 et
491 2949 767 3005 veraciter
792 2950 1105 3021 magnificat
1139 2965 1284 3018 eum,
1316 2960 1376 3006 ut
1404 2961 1591 3007 nosset
1618 2952 1863 3007 diabolus
1891 2957 1988 3005 ad-

402 3054 593 3096 versus
623 3055 785 3111 quem
819 3041 1087 3107 habebat,
1115 3055 1181 3096 ne
1214 3049 1403 3111 postea
1430 3041 1657 3108 diceret,
1699 3057 1805 3098 non
1856 3043 1989 3097 mihi

400 3133 686 3200 indicasti,
720 3150 902 3205 neque
931 3150 1032 3205 ego
1086 3136 1372 3205 sperabam
1419 3135 1475 3190 in
1524 3135 1785 3192 omnibus
1826 3151 1991 3207 super

304 3243 315 3253 ·
400 3235 603 3282 terram
630 3226 1004 3295 hujuscemodi
1036 3243 1158 3284 esse
1206 3228 1592 3284 constantiam.
1622 3228 1860 3285 Cunctos
1887 3246 1987 3284 au-
2015 3251 2059 3309 ο

398 3318 532 3383 divi,
562 3317 657 3388 qui
701 3319 917 3373 fuerunt
954 3320 1021 3375 ab
1045 3319 1201 3375 initio
1236 3320 1444 3386 saeculi,
1476 3330 1531 3376 et
1554 3320 1986 3392 quamplurimos

397 3407 535 3462 meis
563 3407 846 3478 discipulis
884 3409 1241 3480 circumdedi,
1271 3420 1435 3481 atque
1469 3411 1607 3469 meis
1637 3412 1851 3469 insidiis
1883 3429 1982 3485 ap-

395 3501 684 3569 prehendi.
712 3501 905 3558 Merito
935 3502 1193 3572 putabam
1239 3504 1401 3557 etiam
1440 3503 1584 3561 hunc
1617 3507 1775 3576 quasi
1817 3523 1984 3562 unum

395 3601 466 3646 ex
493 3594 748 3648 omnibus
784 3593 942 3649 facile
968 3608 1257 3664 superare.
1293 3594 1373 3651 0b
1402 3595 1507 3653 hoc
1540 3612 1670 3667 ergo
1710 3613 1780 3654 ne
1808 3598 1986 3655 victus

396 3682 645 3737 diabolus
673 3694 796 3752 post
822 3683 924 3740 hoc
959 3694 1145 3756 posset
1173 3702 1233 3741 ea
1261 3702 1381 3757 qua:
1410 3699 1714 3743 memorata
1741 3700 1867 3745 sunt
1901 3692 1985 3747 di-

394 3788 553 3839 cere,
591 3785 880 3844 propterea
936 3776 1258 3834 testilicatus
1289 3788 1372 3833 est
1420 3779 1493 3834 illi
1527 3780 1707 3848 Deus,
1746 3790 1804 3837 et
1856 3794 1985 3838 ante

394 3869 720 3938 prtemonuit
752 3868 819 3922 de
854 3870 1104 3927 omnibus
1133 3886 1254 3940 quae
1281 3872 1423 3926 circa
1451 3869 1553 3927 Job
1583 3885 1894 3940 agerentur,
1920 3891 1985 3930 ac

394 3956 441 4011 si
474 3957 682 4013 diceret
716 3973 731 4009 :
764 3957 886 4013 Noli
936 3969 1152 4030 putare,
1188 3977 1221 4016 o
1252 3961 1486 4027 diabole,
1517 3964 1661 4032 quod
1694 3964 1982 4020 adversum

392 4064 557 4103 avum
602 4048 705 4105 Job
753 4050 895 4105 Esau
938 4051 1176 4120 habeas,
1220 4061 1314 4106 aut
1365 4057 1655 4110 adversum
1700 4071 1863 4110 unum
1915 4069 1982 4111 ex

390 4138 533 4194 Esau
562 4141 852 4206 similibus,
871 4143 970 4198 sed
997 4144 1284 4199 adversum
1326 4142 1428 4200 Job
1462 4146 1651 4212 habes,
1680 4147 1733 4201 in
1771 4146 1877 4203 fide
1897 4147 1981 4201 in—

390 4231 798 4298 declinabilem,
837 4233 1172 4289 immobilem
1227 4235 1536 4305 iniustitia,
1592 4238 1645 4292 in
1680 4240 1982 4310 gratiarum

390 4324 700 4379 actionibus
734 4325 1158 4391 immutabilem,
1190 4327 1243 4381 in
1274 4327 1551 4383 doloribus
1592 4345 1696 4383 non
1729 4345 1983 4385 succurru-

391 4416 631 4483 hentem,
678 4433 784 4472 non
833 4418 1172 4474 deficientem
1209 4420 1261 4474 in
1300 4420 1760 4477 tribulationibus.
1796 4422 1981 4477 Talem

390 4509 557 4565 fuisse
582 4507 685 4566 Job
726 4510 909 4567 sciens
940 4511 1116 4578 Deus,
1144 4521 1271 4567 ante
1304 4514 1630 4569 testificatus
1657 4524 1744 4570 est
1768 4514 1983 4571 diabolo

2118 652 2204 699 est
2229 659 2243 696 :
2270 641 2461 710 incipit
2487 639 2787 710 publicare,
2812 641 2938 706 quia
2971 638 3238 695 malitiose
3268 641 3546 712 cogitavit.
3574 642 3700 699 Non

2116 736 2228 790 sine
2276 752 2460 799 causa,
2507 734 2784 803 inquiens,
2824 731 2927 786 Job
2966 731 3091 786 colit
3123 732 3313 789 Deum.
3358 732 3475 788 Non
3504 737 3696 805 gratis,

2116 828 2211 884 sed
2237 842 2358 883 cum
2384 826 2595 895 pretio;
2630 839 2735 878 non
2766 824 2990 888 frustra,
3025 823 3119 878 sed
3147 839 3247 892 pro
3276 826 3561 891 mercede;
3588 842 3695 883 non

2113 929 2338 988 propter
2362 918 2638 988 pietatem,
2671 916 2764 971 sed
2792 923 3014 984 propter
3034 916 3288 984 divitias;
3316 932 3445 972 non
3472 928 3698 989 propter

2113 1010 2329 1065 Domini
2360 1008 2730 1071 dilectionem,
2773 1008 2867 1061 sed
2900 1018 3121 1077 propter
3150 1008 3347 1078 peculii
3393 1010 3696 1067 multitudi-

2112 1117 2261 1157 nem.
2301 1099 2417 1155 Non
2468 1100 2588 1155 sine
2634 1113 2796 1154 causa
2836 1096 2939 1153 Job
2978 1098 3104 1155 colit
3156 1100 3342 1154 Deum.
3372 1099 3546 1157 Habet
3596 1117 3696 1173 pro

2112 1192 2309 1262 quibus
2332 1200 2728 1259 recompenset,
2758 1190 2927 1245 habet
2954 1204 3056 1259 pro
3086 1191 3284 1260 quibus
3314 1191 3507 1247 reddat
3532 1193 3696 1248 retri-

2109 1286 2409 1343 butionem.
2441 1282 2566 1339 Non
2617 1284 2732 1338 sine
2763 1298 2926 1337 causa
2960 1282 3083 1337 colit
3132 1282 3319 1339 Deum.
3346 1283 3405 1339 Si
3431 1285 3576 1341 enim
3610 1286 3693 1341 fe-

2108 1379 2417 1436 rocioribus
2478 1385 2643 1446 atque
2694 1376 3114 1431 immanioribus
3165 1376 3475 1433 hominibus
3518 1387 3695 1436 tantas

2108 1473 2390 1531 conferres
2424 1471 2666 1538 divitias,
2683 1478 2739 1525 et
2770 1478 2976 1524 tantam
3006 1470 3263 1539 gloriam,
3291 1480 3457 1541 atque
3483 1480 3691 1528 tantum

2106 1565 2392 1631 honorem,
2421 1563 2667 1636 profecto
2697 1580 2892 1621 omnes
2926 1579 3034 1620 uno
3082 1580 3349 1622 consensu
3390 1566 3484 1623 tibi
3519 1568 3694 1623 servi-

2106 1667 2229 1713 rent
2268 1666 2325 1713 et
2355 1666 2407 1713 te
2433 1657 2697 1713 colerent.
2726 1655 2853 1712 Non
2878 1657 2991 1711 sine
3022 1673 3188 1711 causa
3215 1658 3317 1712 Job
3347 1658 3471 1713 colit
3500 1659 3691 1729 Deum,

2104 1750 2201 1807 sed
2229 1759 2330 1820 pro
2361 1749 2586 1815 divitiis,
2604 1764 2705 1820 pro
2731 1748 3205 1819 possibilitatibns,
3238 1765 3337 1819 pro
3358 1751 3688 1818 substantia,

2106 1859 2206 1915 pro
2236 1843 2611 1909 facultatibus,
2640 1856 2741 1912 pro
2791 1842 3029 1913 potentia
3055 1850 3112 1897 et
3158 1842 3354 1912 gloria,
3391 1851 3556 1914 atque
3587 1845 3690 1901 bo-

2105 1948 2257 1990 nore.
2275 1932 2383 1989 Pro
2402 1933 2489 1989 his
2514 1947 2648 2002 ergo
2684 1939 2848 2001 atque
2878 1932 3072 1987 borum
3112 1931 3501 1989 blandimentis
3525 1943 3578 1990 te
3599 1949 3694 1991 co-

2104 2025 2187 2081 lit.
2220 2025 2378 2081 Nunc
2429 2039 2561 2081 vero
2592 2024 2752 2080 facile
2796 2032 2882 2079 est
2928 2023 3005 2079 illi
3060 2024 3241 2079 colere
3280 2032 3356 2091 te,
3391 2025 3554 2082 facile
3604 2037 3692 2084 est

2103 2120 2266 2175 etiam
2311 2120 2428 2174 sine
2452 2119 2672 2188 querela
2714 2128 2769 2174 et
2801 2119 3009 2189 justum
3053 2127 3218 2188 atque
3259 2132 3514 2176 veracem
3544 2135 3687 2179 esse.

2105 2212 2235 2268 Sine
2258 2212 2479 2284 querela
2503 2222 2609 2279 est,
2634 2212 2760 2281 quia
2795 2212 3210 2268 innumerabilia
3248 2211 3436 2279 habet,
3464 2223 3521 2268 et
3542 2214 3689 2271 nullo

2102 2305 2308 2376 indiget
2335 2322 2350 2371 ;
2380 2304 2560 2374 justus
2585 2316 2690 2368 est,
2722 2305 2846 2375 quia
2880 2305 3097 2359 divitias
3129 2304 3333 2373 habet;
3388 2318 3555 2360 verax
3581 2314 3685 2370 est,

2100 2399 2225 2466 quia
2276 2412 2466 2453 omnes
2492 2398 2731 2467 undique
2786 2396 2861 2451 illi
2900 2397 3254 2463 inclinantur,
3279 2404 3337 2453 et
3376 2412 3685 2454 sermonem

2098 2488 2218 2559 ejus
2255 2502 2426 2557 usque
2473 2486 2540 2542 ad
2577 2488 2750 2542 nubes
2784 2488 3086 2558 perferunt.
3131 2487 3236 2543 Sed
3279 2489 3428 2543 mitte
3468 2506 3686 2543 manum

2097 2589 2246 2632 tuam
2272 2587 2324 2632 et
2357 2588 2510 2649 tange
2540 2578 2718 2632 omnia
2748 2594 2866 2648 qua:
2897 2578 3054 2632 habet
3100 2587 3149 2631 et
3180 2579 3311 2632 scito
3345 2578 3391 2632 si
3418 2578 3686 2633 benedicat

2097 2678 2147 2723 te
2167 2668 2209 2725 ⁷.
2255 2667 2447 2733 Aufer,
2484 2667 2692 2737 inquit,
2733 2668 2985 2729 divitias.
3021 2667 3260 2737 exspolia
3307 2667 3684 2733 facultatibus,

2096 2762 2288 2833 detege
2317 2762 2510 2832 gloria,
2536 2760 2689 2829 priva
2724 2761 2952 2826 honore,
2977 2760 3203 2815 humilia
3233 2773 3301 2815 ex
3325 2759 3682 2829 sublimitate,

2093 2864 2150 2910 et
2174 2863 2303 2907 tunc
2334 2868 2439 2907 non
2462 2853 2637 2907 solum
2680 2852 2823 2908 hanc
2850 2853 3122 2908 culturam
3153 2851 3519 2923 derelinquet,
3550 2861 3608 2908 et
3635 2851 3685 2909 si

2093 2961 2200 3000 non
2231 2946 2283 3000 in
2314 2944 2571 3015 praesenti
2595 2952 2647 2999 te
2676 2945 2983 3006 benedicet.
3010 2944 3114 2998 hoc
3139 2954 3221 2999 est
3242 2944 3345 2999 nisi
3378 2952 3430 2998 te
3460 2945 3514 2999 in
3542 2959 3684 3015 pra:-

2093 3039 2234 3093 senti
2268 3036 2557 3093 maledicat
2591 3047 2648 3093 et
2681 3038 3045 3107 blasphemet,
3078 3044 3243 3105 atque
3267 3035 3542 3094 detrahat.
3569 3034 3686 3090 Mo-

2092 3146 2179 3188 ses
2206 3132 2351 3187 enim
2387 3145 2612 3203 magnus
2651 3131 2816 3185 homo
2846 3129 2938 3185 Dei
2970 3144 3094 3183 cum
3125 3129 3394 3183 scriberet
3416 3126 3540 3192 Job,
3567 3142 3681 3183 non

2094 3225 2169 3280 ita
2200 3224 2423 3294 scripsit
2455 3224 2599 3277 sicut
2657 3221 2910 3276 diabolus
2950 3220 3164 3275 locutus
3191 3229 3310 3285 est,
3344 3219 3440 3275 sed
3488 3220 3685 3275 decen-

2090 3318 2199 3374 tius
2228 3332 2294 3372 ac
2324 3316 2635 3387 benignius,
2662 3323 2850 3385 utpote
2880 3314 3111 3368 devotus
3132 3313 3227 3367 Dei
3264 3311 3520 3369 famulus.
3554 3312 3682 3367 Dia-

2087 3411 2244 3467 bolus
2273 3410 2415 3464 enim
2445 3407 2747 3463 crudeliter
2783 3421 2847 3462 ac
2881 3406 3132 3474 nequiter
3155 3404 3369 3460 locutus
3400 3412 3505 3472 est,
3536 3414 3592 3459 et
3622 3410 3684 3460 ut

2086 3504 2207 3576 plus
2237 3503 2303 3557 ad
2343 3500 2703 3563 iracundiam,
2751 3507 2808 3552 ut
2849 3497 3091 3567 putabat,
3119 3505 3440 3565 provocaret
3484 3496 3678 3561 Deum,

2088 3611 2197 3651 non
2220 3594 2359 3649 dixit
2384 3595 2431 3648 si
2467 3610 2571 3647 non
2614 3593 2670 3645 in
2710 3591 2902 3660 [aciem
2933 3600 2983 3643 te
3007 3589 3355 3652 benedixerit,
3376 3588 3471 3643 sed
3498 3589 3546 3643 si
3573 3602 3681 3643 non

2086 3689 2143 3742 in
2178 3687 2365 3758 faciem
2397 3686 2491 3739 tibi
2523 3684 2883 3739 maledixerit.
2928 3681 3106 3738 Moses
3137 3697 3269 3737 vero
3299 3680 3542 3735 illicitum
3592 3686 3682 3733 ata-

2088 3796 2193 3851 que
2227 3778 2503 3836 crudelem
2548 3776 2747 3833 diaboli
2786 3791 2977 3830 vocem
3030 3775 3359 3839 immutans,
3401 3772 3580 3828 dixit:
3611 3770 3680 3827 In

2086 3875 2279 3945 faciem
2314 3873 2411 3925 tibi
2460 3870 2746 3925 benedicet.
2789 3869 2904 3923 Non
2947 3868 3066 3924 sine
3108 3882 3296 3934 causa,
3338 3866 3547 3937 inquit,
3573 3863 3679 3923 Job

2087 3965 2217 4022 colit
2246 3965 2435 4019 Deum.
2468 3963 2534 4016 Et
2575 3962 2811 4032 utquid?
2836 3961 2922 4016 vel
2954 3961 3023 4015 01)
3058 3974 3219 4030 quam
3254 3973 3475 4015 causam
3503 3958 3679 4013 colit?

2088 4058 2228 4124 Quia
2266 4068 2325 4111 tu
2351 4056 2570 4109 munisti
2606 4055 2689 4108 illi
2709 4071 2770 4108 ea
2795 4069 2914 4124 qute
2936 4062 3085 4107 extra
3106 4055 3322 4106 domum
3353 4063 3509 4122 atque
3534 4051 3679 4106 intra

2085 4149 2299 4200 domum
2344 4146 2459 4216 ejus
2508 4156 2627 4199 sunt
2652 4144 2695 4197 ⁸.
2729 4143 2808 4198 Tu
2849 4143 3093 4209 munisti,
3132 4152 3186 4196 tu
3240 4140 3675 4210 circumdedisti,

2088 4248 2145 4293 tu
2172 4237 2537 4302 ebumbrasti,
2568 4245 2623 4289 tu
2671 4236 3027 4305 prospexisti,
3074 4246 3130 4290 tu
3184 4236 3350 4290 illaesa
3380 4234 3678 4291 custodisti

2085 4328 2269 4385 omnia
2325 4329 2465 4383 bona
2518 4325 2654 4395 ejus,
2689 4341 2794 4381 non
2828 4326 3002 4380 solum
3042 4342 3104 4381 ea
3136 4343 3257 4397 qua:
3285 4327 3426 4381 intra
3453 4327 3677 4381 domum

2086 4433 2238 4490 sunt,
2263 4424 2358 4479 sed
2384 4433 2438 4479 et
2460 4437 2524 4477 ea
2551 4436 2670 4492 qua:
2707 4420 3051 4476 extrinsecus
3092 4429 3221 4476 sunt
3251 4429 3407 4475 extra
3454 4420 3675 4476 domum

2088 4514 2370 4581 universa,
2399 4528 2520 4585 quae
2549 4521 2677 4569 sunt
2697 4512 2773 4568 oei
2802 4513 2857 4567 in
2897 4513 3152 4567 circuitu.
3195 4511 3443 4579 Quoties,
3472 4512 3672 4582 inquit,

386 4602 575 4659 dicens
613 4623 626 4659 :
664 4601 837 4659 Homo
865 4605 981 4660 sine
1001 4604 1237 4675 querela,
1252 4603 1636 4674 justtts,ueraa:
1662 4606 1762 4664 Dei
1786 4609 1979 4677 cultor,
2008 4592 2062 4653 Ῐ)
2086 4608 2235 4664 volui
2270 4607 2735 4679 appropinquare,
2765 4613 2823 4661 et
2851 4620 2959 4660 non
2986 4604 3168 4659 inveni
3198 4618 3503 4669 accessum,
3548 4618 3675 4659 cum

384 4693 659 4749 abstinens
688 4711 743 4749 se
770 4696 913 4749 omni
945 4712 1001 4749 re
1026 4693 1168 4749 mala
1189 4694 1232 4750 ⁸.

459 4785 568 4842 Sed
602 4796 658 4842 et
689 4802 810 4858 qua:
836 4788 889 4842 in
921 4787 1133 4843 laudem
1181 4788 1321 4844 beati
1348 4788 1449 4846 Job
1480 4790 1612 4847 dicit
1637 4791 1783 4849 Deus
1812 4802 1979 4863 atque

383 4878 441 4933 in
490 4881 864 4936 testimonium
899 4882 1222 4951 nequissimi
1262 4884 1485 4949 diaboli,
1532 4884 1647 4941 haec
1680 4887 1748 4941 ad
1805 4886 1981 4941 maxi-

382 4987 529 5026 mam
563 4972 1042 5029 inflammationem
1089 4974 1459 5044 profecerunt,
1483 4987 1539 5032 et
1564 4978 1974 5033 succensionem

382 5062 643 5131 nequitia:
679 5065 982 5119 adversarii
1019 5074 1186 5135 atque
1211 5067 1506 5121 maximam
1537 5068 1825 5122 adversum
1873 5065 1974 5122 Job

381 5155 803 5210 concitationem
830 5155 1019 5212 livoris
1061 5172 1125 5213 ac
1157 5157 1280 5213 zeli.
1320 5157 1517 5213 Merito
1543 5158 1768 5214 audacia
1798 5157 1974 5213 fretus

382 5246 752 5316 nequissimus
772 5288 788 5313 ,
817 5250 1243 5306 immoderanter
1272 5250 1489 5322 protulit
1532 5266 1689 5307 suam
1718 5251 1974 5321 iniquita-

383 5349 492 5393 tem
516 5340 705 5394 dicens
730 5356 744 5393 :
781 5337 905 5394 Non
926 5342 1040 5397 sine
1066 5359 1228 5398 causa
1264 5345 1429 5414 gratis
1456 5343 1557 5398 Job
1589 5344 1711 5397 colit
1734 5343 1904 5398 Deum
1929 5343 1975 5397 °.

381 5430 692 5503 Respondet
708 5433 1079 5500 nihilominus,
1096 5445 1151 5489 et
1167 5435 1322 5501 dicit,
1337 5450 1442 5490 non
1462 5435 1617 5492 labiis
1632 5438 1976 5507 depromens,

381 5540 559 5594 neque
590 5527 829 5581 humano
863 5541 957 5580 ore
998 5526 1236 5594 locutus,
1271 5530 1366 5583 sed
1396 5528 1643 5584 consiliis
1673 5530 1842 5599 iniqui
1874 5545 1974 5584 co-

380 5618 582 5687 gitans,
616 5628 779 5688 atque
803 5619 939 5688 ipsis
971 5619 1393 5689 cogitationibus
1427 5621 1616 5679 illicita
1654 5624 1966 5689 meditatus,

380 5712 715 5781 respondens
751 5710 998 5768 diabolus
1032 5712 1192 5779 dicit,
1229 5712 1352 5768 Non
1383 5715 1495 5770 sine
1519 5731 1683 5769 causa
1706 5712 1810 5770 Job
1843 5715 1967 5770 colit

489 5867 508 5898 "
543 5866 643 5925 Job
704 5886 745 5940 ι,
780 5869 834 5926 8.
914 5870 954 5902 δ*
992 5870 1124 5928 ibid.
1202 5874 1222 5906 ⁸
1258 5871 1387 5929 ibid.
1453 5875 1473 5907 ‘
1507 5872 1639 5931 ibid.
1671 5873 1724 5930 9.
1804 5875 1821 5907 ⁷
1848 5874 1979 5934 ibid.
2020 5876 2101 5933 11.

2086 4702 2330 4775 protegis
2377 4710 2542 4771 atque
2589 4697 2922 4756 obumbras?
2983 4696 3208 4766 Quoties
3236 4736 3252 4761 ,
3285 4696 3481 4767 inquit,
3524 4695 3673 4751 volui

2084 4795 2316 4868 perdere
2356 4803 2413 4850 et
2461 4794 2865 4859 exterminare,
2892 4799 2948 4846 et
2980 4806 3089 4847 non
3131 4789 3380 4861 permisit
3422 4789 3674 4858 omnipo-

2090 4900 2212 4945 tens
2266 4903 2464 4944 manus
2505 4888 2645 4943 tua?
2673 4887 2755 4942 Tu
2798 4886 3024 4942 munisti
3058 4868 3129 4941 ei.
3155 4885 3338 4940 omnia
3372 4898 3496 4954 qua:
3544 4892 3674 4939 sunt

2084 4983 2229 5038 intra
2266 4983 2487 5038 domum
2510 5022 2528 5048 ,
2566 4991 2732 5050 atque
2780 4990 2936 5036 extra
2987 4981 3206 5036 domum
3257 4976 3377 5049 ejus
3409 4986 3669 5049 tanquam

2082 5076 2301 5130 flamma
2356 5074 2496 5145 ignis
2529 5073 2849 5143 angelorum
2889 5081 3112 5126 tuorum
3160 5068 3403 5124 custodia
3431 5075 3557 5121 ante
3586 5081 3672 5122 me

2082 5167 2265 5224 omnia
2324 5168 2467 5223 bona
2508 5166 2880 5229 circumdans,
2938 5178 3218 5220 accessum
3264 5162 3396 5217 mihi
3448 5160 3671 5215 minime

2080 5259 2426 5325 concessisti,
2451 5273 2628 5328 neque
2656 5260 3037 5327 approximare
3060 5256 3193 5310 mihi
3221 5252 3543 5325 permisisti,
3566 5266 3671 5321 po-

2084 5360 2341 5406 testatem
2377 5350 2508 5405 mihi
2564 5350 2873 5404 nullatenus
2904 5348 3121 5403 dedisti.
3156 5347 3336 5414 Quare
3370 5360 3501 5416 ergo
3553 5344 3672 5400 lano

2087 5443 2184 5499 das
2223 5442 2324 5497 Job
2361 5442 2514 5511 quasi
2537 5442 2789 5511 justum?
2825 5441 2966 5507 Quid
3003 5439 3323 5510 magnificas
3360 5436 3486 5503 Job,
3510 5436 3668 5505 quasi

2088 5535 2185 5591 Dei
2210 5534 2477 5591 cultorem
2532 5544 2699 5605 atque
2746 5534 3061 5605 religiosum
3087 5533 3116 5586 ?
3143 5530 3259 5585 Non
3312 5528 3414 5586 Job
3452 5528 3670 5599 religio-

2077 5626 2233 5692 sitas,
2267 5638 2441 5694 neque
2461 5624 2673 5694 iustitia
2708 5626 2812 5681 hoc
2841 5624 2994 5691 fecit,
3040 5625 3138 5680 sed
3179 5622 3497 5693 largitiones
3538 5628 3667 5684 tum,

2075 5727 2240 5787 atque
2297 5715 2617 5787 multiplicia
2676 5726 2767 5774 tua
2828 5715 2990 5784 bona,
3038 5730 3138 5787 pro
3165 5716 3360 5786 quibus
3389 5721 3441 5768 te
3484 5709 3668 5768 colere

2178 5874 2202 5906 ⁸
2231 5873 2358 5931 ibid.
2390 5873 2472 5930 10.
