4174 6454
471 389 581 445 M5

1627 379 2017 440 ANONYMUS
2056 381 2124 437 IN
2159 382 2299 475 JQB.
2335 415 2406 427 -—
2436 383 2565 442 LIB.
2607 382 2646 439 i.

3645 377 3753 454 iis

470 513 704 570 videtur.
731 510 883 579 Quod
922 509 967 565 si
998 523 1106 564 non
1145 508 1249 563 hoc
1284 515 1386 570 est,
1429 505 1578 561 Mitte
1625 523 1842 560 manum
1881 516 2047 570 tuam,
2082 509 2126 566 Α
2157 507 2269 576 ipse
2295 505 2536 562 diabolus
2567 504 2832 562 estctiam
2867 499 3139 568 nunc,,qni
3162 499 3346 580 utique
3370 497 3468 550 fuit
3491 505 3544 551 et
3568 512 3716 580 nune
3734 517 3751 564 ;

460 617 627 674 tange
670 604 843 657 omnia
884 617 1002 671 qua
1034 600 1224 664 habet,
1258 599 1360 652 nisi
1397 598 1452 652 in
1501 600 1694 667 faciem
1736 600 2056 654 benedixerit

472 699 588 763 tibi,
621 695 703 750 vel
758 695 935 763 potius
989 690 1354 754 maledixerit,
1405 690 1550 745 sicut
1603 691 1732 744 dicit
1781 691 2053 748 diabolus.

471 787 574 853 Tu,
627 785 837 855 inquit,
884 783 1142 850 munisti,
1191 793 1247 837 ιιι
1297 782 1657 843 benedixisti,
1701 791 1756 836 tu
1799 782 2058 851 multipli-

470 879 630 943 casti,
661 889 714 931 tu
768 875 1107 932 conservasti
1137 885 1193 929 et
1222 890 1288 930 ea
1340 890 1461 944 quae
1511 874 1656 928 domi
1707 885 1866 939 sunt,
1895 885 1951 928 et
1995 889 2058 928 ea

473 983 592 1037 quae
618 978 772 1022 extra
805 969 1044 1030 domum.
1079 968 1173 1024 sed
1219 968 1270 1020 in
1318 968 1550 1020 circuitu
1589 975 1735 1027 sunt,
1763 975 1815 1018 et
1851 982 1912 1019 ea
1940 980 2060 1033 qua:

464 1071 596 1120 .sunt
642 1075 832 1130 prope,
868 1069 923 1114 et
969 1075 1034 1114 ea
1077 1074 1199 1129 quae
1255 1059 1412 1126 longe
1461 1066 1590 1113 sunt
1646 1058 1923 1112 universa.
1954 1056 2060 1112 Pro

472 1154 579 1214 his.
610 1153 806 1222 inquit,
834 1152 1091 1208 omnibus
1119 1153 1446 1221 deprecatur
1474 1159 1529 1205 et
1570 1149 1737 1215 colit,
1771 1157 1827 1204 et
1855 1148 2062 1219 gratias

473 1246 627 1315 agit:
659 1261 767 1299 non
817 1244 914 1299 tibi
962 1245 1166 1315 gratias
1199 1258 1387 1314 agens,
1431 1243 1529 1299 sed
1576 1258 1673 1312 pro
1731 1242 1866 1310 ipsis
1902 1241 2062 1296 bonis

476 1336 684 1406 gratias
739 1350 1189 1405 recompensans,
1240 1350 1346 1388 non
1383 1344 1434 1389 te
1462 1334 1711 1403 diligens,
1761 1334 1857 1388 sed
1890 1333 2061 1402 ipsam

474 1429 882 1484 multitudinem
927 1428 1170 1497 pecuniae
1203 1441 1395 1481 amans
1425 1434 1481 1480 et
1515 1441 1871 1489 conservans,
1901 1435 2065 1494 atque

473 1519 701 1590 perdere
731 1516 942 1588 nolens.
973 1515 1088 1570 Non
1125 1530 1275 1585 ergo,
1301 1515 1501 1584 inquit,
1528 1530 1625 1584 pro
1656 1524 1746 1568 tua
1777 1513 2064 1569 dilectione

478 1620 528 1663 te
557 1608 710 1672 colit,
746 1621 920 1677 neque
965 1616 1188 1676 propter
1231 1617 1378 1660 tuam
1419 1607 1813 1660 beatitudinem
1861 1607 2066 1676 gratias

465 1683 607 1771 ‘agit,
638 1699 731 1755 sed
781 1714 880 1770 pro
928 1699 1170 1768 pecunize
1215 1699 1374 1769 hujus
1417 1697 1791 1753 blandimento
1829 1708 1879 1754 te
1914 1697 2062 1763 colit,

476 1791 569 1843 sed
603 1798 828 1858 propter
855 1788 1251 1842 beatitudinem
1285 1804 1440 1844 suam
1475 1803 1766 1856 rerumque
1803 1789 2066 1858 plurima-

479 1898 594 1934 rum
626 1895 762 1950 quas
799 1879 887 1934 hic
911 1880 1150 1946 possidet
1173 1921 1188 1943 ,
1215 1879 1426 1949 copiam
1453 1895 1615 1950 quam
1644 1852 1836 1934 dedisti
1867 1881 1938 1945 ei,
1968 1881 2063 1935 tibi
2096 1852 2141 1912 Β

474 1972 682 2042 gratias
716 1972 852 2041 agit.
891 1970 1060 2024 Aufer
1108 1986 1240 2040 ergo
1292 1972 1366 2024 illi
1397 1987 1517 2040 quae
1551 1973 1744 2026 dedisti
1789 1973 2062 2038 universa,

476 2062 763 2132 apparebit
813 2062 1067 2116 omnibus
1120 2078 1240 2130 qum
1282 2064 1352 2117 sit
1390 2061 1492 2117 Job
1524 2064 1753 2133 perfidia
1780 2103 1796 2128 ,
1829 2075 1884 2118 et
1936 2066 2062 2135 quia

476 2169 584 2206 nou
637 2167 771 2222 pura
801 2152 1096 2206 dilectione
1129 2163 1178 2205 te
1207 2152 1357 2220 colit,
1393 2153 1488 2207 sed
1537 2164 1758 2222 propter
1780 2156 2063 2222 pecuniam

477 2255 768 2310 rerumque
811 2250 1085 2295 tantarum
1136 2243 1556 2310 possessionem,
1600 2259 1667 2296 ne
1710 2259 1828 2298 eam
1880 2245 1923 2300 si
1984 2247 2066 2300 in-

475 2343 662 2405 gratus
709 2336 957 2389 videatur
1013 2333 1261 2398 auferas,
1299 2344 1350 2390 te
1400 2347 1699 2389 reveretur.
1744 2337 1841 2392 Cui
1904 2339 2065 2408 digne

475 2433 869 2499 respondeatur
917 2438 974 2484 et
1023 2430 1234 2483 dicatur
1269 2431 1337 2484 ad
1367 2444 1514 2483 eum.
1540 2431 1690 2494 Dico,
1733 2432 2065 2501 nequissime

474 2522 698 2590 Satana,
733 2524 876 2589 dico,
910 2522 1143 2591 maligne
1173 2521 1409 2588 diabole,
1441 2539 1548 2578 non
1594 2524 1872 2594 intelligis,
1898 2542 1930 2580 o
1964 2528 2064 2580 mi-

474 2616 734 2679 serrime,
772 2615 899 2684 quia
950 2624 1007 2669 tu
1059 2615 1290 2683 teipsum
1349 2615 1578 2684 dejieis,
1613 2627 1668 2670 tu
1721 2619 2062 2688 temetipsum

473 2708 826 2762 condemnas.
859 2705 993 2760 Natu
1042 2706 1096 2760 in
1143 2707 1229 2762 his
1269 2723 1389 2774 qua:
1427 2707 1479 2761 in
1530 2706 1631 2762 Joh
1685 2709 2061 2778 reprehendis,

473 2799 616 2870 quod
669 2799 758 2855 ille
822 2801 1063 2871 ingratus
1103 2801 1405 2865 exsdterit,
1445 2802 1674 2870 teipsum
1729 2804 2063 2860 condemnas

475 2908 598 2946 eum
635 2901 688 2946 tu
722 2893 910 2946 eadem
954 2892 1174 2949 feceris.
1209 2891 1346 2947 Nam
1399 2893 1504 2948 hoc
1553 2895 1726 2964 ipsum
1776 2906 1830 2950 ttt
1885 2896 2060 2952 fecisti

474 2999 598 3038 cum
625 2998 653 3037 a
680 2982 789 3039 Deo
822 2985 1152 3052 discederes,
1184 2997 1346 3055 atque
1370 2987 1479 3042 Deo
1503 2989 1804 3056 resisteres,
1830 2991 2064 3046 derelin-

477 3089 673 3143 queres
706 3090 940 3145 quoque,
970 3086 1133 3146 atque
1156 3078 1402 3147 ingratus
1435 3081 1744 3146 exsisteres,
1779 3082 1844 3136 de
1868 3083 2063 3153 quibus

2158 599 2408 653 eumdem
2441 598 2746 668 iniquitatis
2774 597 2999 649 livorem
3034 595 3199 650 etiam
3236 577 3378 644 nunc
3414 591 3578 645 habet
3605 577 3754 644 circa

2158 706 2258 746 nos
2291 689 2474 758 procul
2498 690 2688 753 dubio,
2721 704 2883 759 quem
2914 697 2970 743 et
3006 696 3134 740 tunc
3171 683 3360 739 habuit
3393 692 3557 751 atque
3590 695 3755 746 exer-

2160 784 2272 837 Cltit
2303 783 2448 836 circa
2483 780 2609 836 Job.
2667 780 2780 834 Non
2830 780 3067 850 quiescit
3114 791 3353 846 unquam
3411 773 3753 828 adversarius

2160 885 2327 930 vester
2343 874 2612 939 diabolus,
2632 873 2726 928 sed
2758 882 3008 941 tanquam
3040 871 3120 926 lea
3145 871 3377 939 rugiens,
3395 867 3583 921 circuit
3608 882 3755 935 qua:-

2162 985 2279 1022 rens
2309 984 2462 1035 quem
2495 969 2703 1019 devoret
2732 967 2774 1019 ’.
2811 964 2929 1019 Non
2962 964 3196 1033 quiescit
3231 976 3467 1031 unquam
3495 973 3757 1014 accusare

2139 1059 2410 1120 ,homines
2431 1059 2500 1113 ad
2528 1057 2718 1124 Deum,
2741 1065 2795 1110 et
2818 1056 2986 1112 Deum
3014 1055 3080 1109 ad
3105 1052 3370 1108 homines.
3406 1049 3597 1106 Merito
3623 1065 3755 1128 ergo

2163 1153 2410 1209 diabolus
2439 1162 2522 1209 est
2563 1152 2888 1222 appellatus,
2921 1151 2974 1206 id
3009 1158 3092 1206 est
3126 1160 3426 1205 accusator.
3457 1146 3550 1202 Sic
3593 1163 3756 1204 nam-

2164 1259 2271 1314 que
2295 1253 2354 1298 et
2399 1254 2528 1298 tunc
2554 1242 2658 1299 Job
2714 1242 2996 1298 accusavit
3034 1243 3185 1297 circa
3228 1241 3421 1306 Deum,
3448 1241 3606 1310 quasi
3645 1254 3754 1294 non

2145 1346 2384 1406 propter
2434 1336 2840 1402 sinceritatem,
2872 1336 2969 1390 sed
3013 1343 3237 1404 propter
3266 1333 3513 1404 pecuniae
3545 1333 3756 1392 blandi-

2166 1430 2366 1484 tionetn
2395 1429 2561 1484 Deum
2587 1427 2819 1484 coluerit
2845 1445 2862 1485 :
2893 1437 2950 1482 et
2976 1428 3144 1482 Deum
3175 1425 3453 1481 accusavit
3475 1433 3530 1479 et
3559 1438 3752 1500 repre-

2165 1521 2353 1580 hendit
2383 1537 2490 1576 non
2525 1521 2770 1587 minime,
2802 1519 2896 1576 sed
2919 1521 3099 1588 potius
3121 1534 3284 1588 quam
3312 1517 3568 1581 maxime,
3595 1514 3754 1585 quasi

2166 1625 2275 1664 non
2309 1611 2502 1682 digne,
2549 1612 2642 1666 sed
2693 1613 3040 1668 continenter
3071 1608 3173 1664 Job
3222 1607 3441 1664 divitias
3476 1604 3756 1673 tribuerit,

2167 1706 2236 1764 ob
2268 1705 2371 1759 hoc
2398 1703 2598 1768 solum,
2628 1715 2685 1759 ut
2721 1706 3018 1764 adorarent
3057 1703 3206 1758 illum
3239 1711 3450 1758 tantum
3502 1699 3758 1755 homines

2168 1806 2224 1850 et
2248 1796 2510 1854 colerent.
2543 1794 2656 1852 lloc
2689 1796 2867 1864 ipsum
2900 1794 3156 1849 nimirum
3209 1792 3374 1847 etiam
3419 1805 3568 1846 nunc
3600 1791 3754 1858 facit,

2169 1898 2226 1943 et
2267 1904 2437 1958 usque
2475 1889 2540 1942 ad
2571 1887 3096 1958 consummationem
3137 1885 3319 1941 saeculi
3352 1897 3542 1939 omnes
3572 1883 3754 1939 homi-

2169 1996 2269 2039 nes
2299 1980 2514 2034 oceulte
2541 1994 2807 2034 accusans
2836 1979 2904 2033 ad
2936 1979 3103 2033 Deum
3136 1987 3191 2032 et
3213 1992 3311 2048 pro
3361 1975 3530 2033 verbo
3561 1990 3614 2030 et
3655 1990 3756 2051 pro

2167 2089 2357 2144 opere,
2387 2073 2641 2128 omnibus
2691 2071 3007 2128 hominibus
3054 2073 3280 2140 laqueos
3326 2080 3381 2126 et
3415 2080 3672 2142 capturas
3697 2076 3756 2144 et

2169 2166 2470 2221 tendieulas
2510 2164 2662 2234 ponit
2688 2175 2740 2219 et
2765 2163 3019 2219 scandala
3051 2163 3395 2230 multiplicat,
3423 2171 3480 2217 et
3524 2159 3754 2216 tribula-

2168 2261 2344 2312 tiones
2379 2266 2433 2311 et
2474 2256 2748 2311 molestias
2799 2255 3017 2326 ingerit,
3044 2255 3279 2308 maxime
3303 2254 3468 2325 justis
3499 2253 3756 2309 omnibus

2168 2359 2333 2420 atque
2363 2351 2589 2412 sanctis,
2613 2348 2759 2403 circa
2789 2362 2927 2417 quos
2957 2348 3120 2401 etiam
3148 2345 3320 2400 zelum
3353 2345 3516 2400 habet
3540 2354 3594 2400 et
3614 2344 3756 2400 bella

2166 2444 2391 2497 suscitat
2421 2451 2580 2509 atque
2601 2438 2842 2508 praelium
2874 2437 3184 2502 committit,
3207 2438 3348 2491 sicut
3371 2435 3506 2491 dicit
3537 2434 3591 2488 in
3622 2449 3758 2505 quo-

2167 2538 2289 2591 dam
2334 2535 2457 2589 loco
2512 2535 2816 2605 propheta:
2856 2532 2925 2587 Et
2960 2532 3189 2602 faciebat
3230 2530 3424 2584 bellum
3471 2546 3590 2586 cum
3626 2545 3756 2583 san-

2166 2631 2262 2683 ctis
2324 2627 2569 2680 altissimi
2632 2625 2760 2689 Dei,
2806 2633 2853 2678 et
2905 2623 3219 2693 pra’valebat
3269 2623 3344 2676 eis
3402 2622 3568 2675 donec
3619 2623 3757 2675 venit

2163 2721 2423 2789 Antiquus
2480 2719 2686 2772 dierum
2723 2725 2772 2770 et
2811 2714 3076 2784 judicium
3120 2713 3264 2766 dedit
3317 2712 3514 2766 sanctis
3567 2709 3759 2766 Excel-

2164 2819 2210 2871 si
2253 2817 2317 2870 '°.
2360 2814 2549 2869 Merito
2591 2826 2721 2878 ergo
2781 2811 2834 2864 in
2873 2807 3021 2864 omni
3080 2815 3325 2877 tempore
3385 2812 3542 2861 caute
3594 2808 3758 2874 atque

2163 2909 2391 2965 sollicite
2440 2907 2824 2968 observemus,
2863 2911 3026 2971 atque
3076 2900 3417 2956 intendamus
3473 2897 3760 2953 animabus

2165 3003 2384 3063 nostris,
2433 3009 2491 3055 ut
2537 3012 2636 3053 nec
2680 2997 2767 3051 hic
2805 3009 3087 3050 accessum
3129 2994 3196 3048 ad
3247 3007 3346 3048 nos
3389 2990 3757 3061 nequissimus

2166 3092 2423 3155 inveniat,
2455 3103 2553 3143 nec
2602 3086 2710 3140 illic
2763 3085 2816 3138 in
2851 3094 3140 3154 conspectu
3193 3082 3285 3137 Dei
3335 3095 3436 3136 nos
3465 3079 3759 3150 reprehen-

477 3180 621 3220 nunc
646 3164 748 3221 Job
777 3180 875 3220 nec
912 3167 1207 3236 quidquam
1256 3170 1570 3239 huiusmodi
1617 3172 1904 3229 facientem
1938 3190 2062 3244 pes-
2088 3195 2132 3258 ο
2165 3187 2276 3242 dat.

479 3258 616 3311 sitne
649 3257 1020 3326 reprehendis.
1055 3257 1159 3313 Sed
1185 3260 1422 3326 interim,
1448 3277 1481 3315 o
1511 3264 1744 3330 diabole,
1771 3267 1905 3321 dicis
1927 3270 2068 3337 quod

478 3364 586 3404 non
621 3359 840 3419 propter
889 3352 1319 3407 benedictionem
1373 3357 1515 3411 colat
1563 3374 1647 3413 me
1697 3357 1820 3426 Job,
1845 3362 1939 3414 sed
1971 3378 2068 3430 pro

479 3440 636 3496 donis
659 3442 796 3497 meis
830 3451 992 3512 atque
1021 3444 1270 3511 pecunia.
1303 3445 1398 3502 Die
1419 3463 1573 3519 ergo,
1601 3452 1936 3520 nequissime
1963 3453 2067 3507 Sa-

479 3541 630 3597 tana,
658 3541 918 3600 quantum
967 3535 1052 3589 vel
1099 3536 1226 3603 quid
1262 3538 1386 3592 dedi
1434 3537 1536 3595 Job
1559 3580 1575 3604 ,
1609 3544 2066 3610 quemadmodum

482 3625 622 3680 tibi?
655 3625 845 3682 Nonne
889 3636 940 3682 te
971 3630 1310 3699 superiorem
1347 3632 1554 3702 angelis
1582 3633 1707 3699 feci,
1742 3645 1799 3690 et
1832 3638 2068 3694 anterio-

473 3733 596 3782 rem
647 3719 994 3790 archangelis
1030 3721 1054 3774 ἲ
1095 3720 1287 3777 Nonne
1337 3723 1482 3777 inter
1529 3726 1749 3781 ordines
1782 3727 2066 3784 cherubim

481 3812 660 3866 creavi
686 3811 710 3865 ἲ
735 3812 924 3867 Nonne
951 3813 1377 3883 incorruptionis
1397 3816 1566 3887 gloria
1594 3827 1642 3872 te
1676 3817 2067 3878 indui?Nonne

480 3902 535 3968 in
566 3903 892 3959 indesinenti
926 3904 1113 3960 laetitia
1164 3907 1344 3962 vultus
1394 3908 1496 3962 mei
1526 3917 1577 3963 te
1624 3911 1884 3965 constitui
1915 3912 2067 3968 ?Pro

480 3996 680 4064 quibus
718 4006 770 4050 tu
797 3996 1063 4052 universis
1087 3999 1328 4068 ingratus
1356 4000 1624 4055 essistens
1659 4017 1744 4056 me
1771 4003 2067 4074 dereliqui-

480 4089 573 4153 sti,
603 4099 658 4144 et
703 4103 732 4142 a
772 4104 859 4144 me
892 4091 1191 4156 recessisti,
1237 4101 1293 4146 et
1335 4093 1550 4149 rebellis
1596 4097 1727 4148 mihi
1778 4097 2062 4154 exstiti-sti.

479 4179 576 4235 Dic
592 4196 741 4252 ergo,
757 4196 790 4236 ο
819 4182 1052 4250 diabole,
1077 4185 1204 4252 quid
1231 4185 1605 4254 hujuscemodi
1624 4187 1748 4242 dedi
1775 4187 1873 4243 Job
1891 4189 2067 4256 ?Quid

480 4273 852 4342 hujuscemodi
899 4276 1168 4346 impertivi
1201 4278 1224 4331 ?
1251 4276 1442 4333 Nonne
1475 4281 1757 4336 mortalem
1785 4291 1839 4337 et
1882 4299 2068 4338 corru-

479 4369 722 4438 ptibilem
767 4370 905 4423 infra
938 4371 1279 4441 angelorum,
1306 4373 1759 4444 archangelorum
1812 4387 2064 4430 naturam

481 4458 698 4511 creavi?
720 4457 910 4512 Nonne
936 4458 988 4512 in
1021 4461 1157 4516 valle
1181 4461 1522 4516 miseriarum
1547 4479 1669 4518 eum
1700 4466 1914 4520 caeteris
1942 4468 2067 4522 tiliis

2248 3274 2428 3339 Mitte,
2461 3271 2658 3342 inquit.
2681 3284 2901 3324 manum
2924 3277 3070 3322 tuam
3099 3280 3219 3336 qua:
3251 3278 3394 3319 nunc
3428 3262 3757 3328 circumdat,

2171 3382 2291 3437 qua:
2327 3378 2471 3419 nunc
2505 3363 2700 3423 munit,
2733 3376 2852 3430 qua:
2882 3374 3026 3414 nunc
3048 3357 3304 3428 protegit,
3337 3369 3456 3424 qum
3488 3367 3632 3408 nunc
3659 3368 3759 3406 une

2172 3461 2335 3528 dique
2363 3456 2677 3516 obumbrat,
2711 3469 2830 3522 quae
2882 3466 3024 3506 nunc
3053 3449 3360 3504 nullatenus
3407 3445 3538 3500 mihi
3575 3457 3759 3498 acces-

2171 3566 2289 3606 sum
2323 3549 2532 3603 tribuit.
2566 3546 2720 3600 Mitte
2752 3560 2896 3599 nunc
2925 3558 3143 3598 manum
3174 3551 3344 3603 tuam,
3373 3539 3478 3592 hoc
3505 3547 3590 3594 est
3621 3551 3762 3605 prae-

2171 3655 2387 3716 ceptum
2437 3651 2590 3697 tuum
2615 3682 2629 3704 ,
2659 3640 2959 3709 iussionem
2997 3647 3182 3698 tuam,
3234 3633 3521 3702 imperium
3584 3640 3757 3683 tuum.

2171 3735 2297 3793 Haec
2328 3749 2563 3804 namque
2603 3732 2921 3804 significans
2963 3730 3116 3796 dicit,
3151 3727 3306 3782 Mitte
3338 3741 3552 3780 manum
3588 3733 3760 3788 tuam,

2171 3845 2235 3885 ac
2261 3830 2306 3883 si
2339 3829 2569 3893 diceret,
2607 3827 2862 3895 praecipe,
2887 3823 3040 3892 jube,
3074 3821 3290 3884 manda,
3326 3819 3597 3890 permitte.
3631 3815 3759 3868 Ilaec

2170 3923 2357 3990 utique
2393 3921 2646 3974 universa
2684 3917 2888 3971 habens
2915 3915 3057 3968 intra
3087 3922 3324 3966 mentem
3358 3924 3512 3964 suam
3545 3907 3762 3976 nequis-

2171 4015 2340 4068 simus
2371 4011 2621 4066 diabolus
2664 4009 2836 4072 dixit,
2886 4005 3038 4060 Mitte
3077 4021 3294 4058 manum
3325 4013 3492 4056 tuam.
3535 4000 3652 4055 Non
3695 4001 3761 4054 de

2170 4121 2236 4163 eo
2262 4105 2446 4158 infelix
2494 4101 2633 4157 dixit
2683 4101 2748 4154 ad
2793 4101 3005 4161 Deum,
3039 4095 3192 4149 Mitte
3242 4111 3457 4148 manum
3491 4105 3657 4158 tuam,
3695 4105 3761 4144 co

2170 4195 2310 4266 quod
2331 4209 2546 4247 manum
2580 4192 2670 4246 Dei
2704 4190 2863 4244 vellet
2886 4187 3047 4250 mitti,
3073 4185 3280 4239 sciebat
3308 4199 3540 4252 namque
3571 4183 3760 4246 miser,

2171 4289 2299 4357 quia
2329 4286 2637 4353 ubicunque
2673 4298 2864 4336 manus
2889 4279 2984 4334 Dei
3025 4279 3283 4337 mittitur.
3332 4293 3454 4332 cum
3492 4275 3760 4346 propitia-

2173 4377 2319 4436 tione
2363 4373 2627 4441 mittitur,
2658 4371 2769 4426 illic
2807 4381 2861 4425 et
2893 4371 3070 4423 munit
3113 4379 3167 4423 et
3196 4369 3509 4432 auxiliatur,
3543 4381 3606 4421 ac
3638 4366 3760 4435 opi-

2174 4465 2374 4519 tulatur
2401 4473 2456 4518 et
2486 4463 2624 4532 regit
2659 4471 2712 4515 et
2739 4470 2895 4516 sanat
2926 4468 3086 4529 atque
3121 4458 3316 4513 salvat.
3345 4458 3470 4512 llaec
3501 4457 3760 4510 nimirum

479 4548 764 4604 hominum
800 4553 1062 4608 constitui
1102 4553 1348 4610 ?Nonne
1383 4555 1735 4610 mortalitatis
1775 4567 1830 4611 et
1873 4573 2065 4613 eorru-
2099 4540 2143 4596 Ῑ)
2173 4554 2352 4608 sciens
2376 4554 2616 4624 iniquus,
2643 4551 2786 4606 aliud
2822 4551 3149 4620 loquebatur
3187 4560 3243 4604 et
3282 4549 3430 4604 aliud
3461 4548 3762 4617 cogitabat,

479 4639 793 4710 ptibilitatis
822 4657 932 4698 sua:
971 4645 1315 4714 passionibus
1342 4662 1484 4710 eum,
1519 4655 1576 4700 ut
1622 4658 1852 4702 caateros
1892 4650 2068 4704 homi-

480 4748 604 4799 nes,
638 4733 1131 4805 subjeciiNempe
1185 4753 1291 4791 non
1339 4739 1391 4792 in
1441 4739 1677 4794 tristitiis
1726 4742 1860 4795 vivit
1907 4757 2069 4812 super

483 4828 732 4881 terram?
763 4825 967 4899 Nempe
998 4843 1104 4884 non
1129 4830 1344 4886 labores
1377 4848 1635 4886 manuum
1668 4849 1888 4888 suarum
1923 4852 2070 4889 man-

478 4908 931 4990 ducat?Nempe
982 4937 1087 4976 non
1142 4921 1355 4978 labores
1406 4938 1533 4978 suos
1591 4939 1695 4978 non
1744 4925 2070 4981 habentibus

481 5008 770 5076 dividens,
809 5012 940 5066 mihi
984 5013 1189 5082 gratias
1234 5014 1344 5082 agit
1386 5015 1408 5067 ?
1457 5013 1661 5085 Nempe
1718 5030 1824 5069 non
1871 5018 2070 5071 sudore

480 5101 662 5154 vultus
697 5103 776 5155 sui
819 5105 988 5158 edens
1031 5120 1115 5158 tne
1149 5105 1319 5159 colit?
1346 5105 1646 5173 Quomodo,
1683 5107 1878 5176 inquit,
1908 5123 1941 5161 0
1981 5109 2067 5160 in-

480 5189 799 5248 felicissime
824 5194 1054 5260 diabole,
1090 5211 1213 5250 cum
1251 5206 1303 5249 tu
1331 5213 1426 5265 pro
1446 5197 1704 5267 gloriosis
1738 5199 1792 5251 in
1820 5198 2067 5252 incorru-

481 5283 669 5354 ptione
705 5284 946 5353 ingratus
979 5287 1259 5341 exstiteris
1286 5326 1299 5349 ,
1343 5285 1443 5343 Job
1481 5289 1866 5358 reprehendis,
1915 5289 2063 5342 illum

485 5375 575 5444 qui
611 5376 663 5427 iu
694 5376 904 5444 exiguis
934 5385 1094 5446 atque
1131 5366 1313 5449 parvis
1344 5380 1516 5436 ﬁdelis
1541 5382 1835 5451 exsistens,
1867 5381 2071 5436 indesi-

486 5476 676 5521 uenter
721 5481 807 5520 me
854 5469 1038 5522 colens
1087 5472 1217 5524 mihi
1268 5474 1476 5540 gratias
1520 5474 1678 5543 agit?
1714 5473 1839 5530 Huic
1889 5476 2074 5546 itaque

489 5558 774 5611 audientes
801 5575 917 5624 nos,
958 5576 991 5614 ο
1026 5561 1128 5615 viri
1161 5565 1342 5632 periti,
1379 5576 1538 5620 caute
1574 5583 1672 5621 nos
1694 5568 2075 5633 observemus,

488 5649 719 5704 sollicite
758 5653 1039 5706 animabus
1091 5656 1292 5710 nostris
1338 5657 1708 5714 intendamus.
1755 5660 1889 5714 Nam
1934 5661 2074 5715 ident

560 5811 579 5840 ⁹
616 5808 628 5860 1
668 5810 810 5865 Petr.
846 5829 897 5880 ν,
933 5814 985 5871 8.
1068 5817 1108 5847 ‘°
1157 5812 1288 5868 Dan.
1327 5829 1424 5881 vn,
1463 5815 1555 5879 ‘2],
1607 5815 1695 5868 22.

2177 4644 2319 4699 aliud
2350 4644 2675 4714 suggerebat
2723 4653 2780 4697 et
2831 4642 2978 4696 aliud
3024 4641 3324 4711 quaerebat.
3361 4640 3442 4696 0b
3486 4642 3590 4695 hoc
3632 4653 3766 4710 ergo

2178 4740 2308 4794 dicit
2336 4738 2569 4798 callide:
2596 4737 2750 4792 Mitte
2777 4753 2995 4790 manum
3027 4746 3194 4790 tuam.
3219 4735 3600 4804 Bene,inquit,
3631 4748 3763 4789 ecce

2177 4830 2332 4885 mitto
2361 4845 2577 4884 manuni
2603 4844 2776 4883 meam
2807 4838 2864 4880 ut
2895 4836 2948 4881 tu
2979 4827 3117 4881 dicis
3145 4843 3160 4882 :
3191 4827 3269 4881 Ad
3294 4828 3421 4896 quid
3455 4826 3762 4880 faciendum

2174 4922 2385 4975 mittam
2415 4936 2632 4974 manum
2666 4935 2838 4974 meam
2869 4919 2893 4972 ?
2924 4917 3097 4981 Mitte,
3127 4917 3321 4988 inquit,
3351 4934 3564 4971 manum
3591 4926 3760 4982 tuam,

2171 5026 2218 5069 et
2255 5026 2410 5083 tange
2436 5014 2611 5066 omnia
2635 5029 2754 5083 quae
2786 5011 2960 5065 habet.
3001 5009 3113 5064 Cur
3160 5021 3399 5078 tangam,
3433 5009 3605 5078 inquit
3629 5008 3651 5060 ?
3679 5007 3760 5059 Ad

2171 5107 2480 5170 delendum,
2510 5106 2607 5171 ait,
2644 5116 2820 5174 tange,
2841 5106 2906 5158 ad
2931 5103 3234 5167 interitum,
3255 5104 3320 5156 ad
3349 5100 3760 5161 exterminium,

2171 5201 2238 5252 ad
2273 5199 2647 5268 perditionem.
2683 5198 3056 5267 thuomodo,
3091 5197 3284 5265 inquit,
3321 5194 3565 5263 perdam,
3596 5207 3629 5244 ο
3660 5191 3762 5246 ini-

2169 5292 2309 5344 inice
2338 5289 2575 5343 omnium
2603 5289 2866 5342 bonorum
2884 5287 3116 5354 diabole,
3144 5301 3204 5339 ea
3231 5301 3351 5354 quae
3371 5283 3547 5338 creavi
3571 5283 3594 5336 i
3619 5281 3760 5348 Quo-

2170 5369 2330 5434 modo
2360 5378 2718 5433 exlerminem
2758 5393 2820 5433 ea
2850 5391 2970 5446 quae
3010 5376 3181 5430 dedi?
3210 5374 3301 5428 Vel
3346 5374 3617 5444 quomodo
3665 5373 3759 5427 de-

2171 5473 2311 5527 leam
2345 5487 2406 5526 ea
2438 5486 2556 5539 qua:
2585 5486 2685 5542 ego
2727 5470 2830 5525 feci
2865 5472 2887 5525 ?
2917 5473 2984 5526 Et
3032 5472 3210 5526 adhuc
3249 5470 3448 5525 aliter:
3479 5469 3758 5535 Quomodo

2175 5564 2420 5635 perdam,
2443 5579 2475 5618 ο
2510 5563 2744 5628 diabole,
2764 5564 3127 5618 substantiam
3153 5578 3219 5619 ex
3241 5579 3344 5630 qua
3383 5561 3514 5616 mihi
3542 5577 3644 5615 non
3674 5562 3757 5614 itt-

2180 5659 2356 5729 dignte
2389 5659 2621 5712 victimae
2655 5655 2990 5722 offeruntur,
3026 5664 3187 5726 atque
3229 5657 3443 5712 sincera
3487 5651 3756 5708 sacriﬁcia
