4174 6408
371 301 498 373 “7‘-

1509 301 1894 373 ANON'vMU-s
1931 314 1998 370 1N
2032 313 2172 371 JOB.
2215 345 2283 354 -
2323 315 2451 370 LIB.
2493 309 2548 374 'l.

3543 313 3650 374 ω

367 437 722 494 immolantur
753 438 776 492 ἵ
809 437 1095 504 Quomodo
1145 439 1502 494 exterminem
1552 439 1916 494 substantiam
1939 477 1954 502 ,
1987 441 2033 497 Α
2061 437 2262 502 nando,
2297 438 2698 506 obumbrando,
2751 439 3104 509 protegendo,
3139 432 3321 494 omnia
3369 453 3490 508 quae
3549 439 3651 493 sub

363 531 507 585 unde
535 531 710 585 viduae
755 533 1060 585 vestiuntur
1094 539 1149 585 ct
1175 531 1406 598 orphani
1443 541 1742 600 pascuntur
1772 539 1826 585 et
1865 529 1951 584 in-

367 619 647 675 ﬁrmorum
699 621 938 688 scopula:
965 620 1226 674 calettunt
1262 619 1601 686 ?Quotnodo
1637 619 1882 686 perdam,
1918 627 1962 673 0'

365 711 600 776 diabole,
627 712 766 766 ﬁlios
793 711 910 778 ejus
933 715 1024 780 qui
1063 727 1148 766 me
1171 713 1400 765 nimium
1426 711 1643 782 diligit?
1671 711 1952 779 Quomodo

363 807 616 860 obturem
641 819 733 859 ora
766 819 956 859 eorum
995 805 1086 874 qui
1137 805 1188 858 in
1223 805 1536 860 innocentia
1571 819 1676 858 una
1705 821 1826 860 cum
1859 819 1950 871 pa-

365 909 448 949 tre
469 912 569 950 suo
597 897 696 952 Job
726 897 922 952 devote
951 899 1082 951 mihi
1116 899 1317 967 gratias
1340 909 1509 969 agunt
1538 897 1562 952 ?
1590 897 1697 952 Sed
1731 898 1950 952 interim

366 992 492 1060 quia
523 1006 632 1045 non
665 999 865 1058 potest,
912 991 1107 1060 inquit,
1145 991 1304 1047 aliter
1351 1003 1438 1046 tua
1477 993 1739 1063 iniquitas
1772 991 1958 1047 sedari

363 1083 470 1136 nisi
513 1083 614 1144 sic,
666 1079 800 1135 Ecce
838 1083 1011 1136 omnia
1059 1099 1177 1154 qua:
1218 1085 1408 1151 habet,
1466 1081 1584 1137 dedi
1629 1085 1684 1136 in
1737 1099 1957 1136 manum

363 1175 742 1230 tuam“.Nam
767 1175 811 1228 si
841 1191 945 1230 non
975 1177 1191 1242 dedero,
1223 1176 1508 1231 discedens
1551 1177 1870 1248 gloriaberis
1902 1185 1955 1230 et

365 1269 614 1339 plaudes,
643 1269 802 1338 quasi
831 1269 1004 1323 victor
1037 1269 1377 1332 discesseris,
1404 1270 1554 1337 quasi
1583 1283 1682 1338 ego
1709 1269 1810 1322 hoc
1835 1281 1958 1322 cer-

331 1357 334 1360 ’
363 1371 550 1416 tamen
586 1377 694 1415 non
729 1363 1116 1424 concesserim,
1155 1363 1310 1431 quasi
1343 1361 1446 1416 hoc
1471 1361 1668 1416 bellum
1706 1361 1820 1415 ﬁeri
1847 1375 1953 1414 non

362 1454 732 1524 permiserim,
785 1457 939 1524 quasi
971 1457 1039 1508 de
1071 1454 1173 1508 Job
1223 1456 1526 1509 constantia
1565 1471 1667 1510 non
1699 1469 1952 1525 prmsum-

359 1545 592 1616 pserim,
618 1545 774 1614 quasi
802 1553 928 1599 ante
953 1546 1195 1614 praelium
1234 1555 1289 1602 et
1317 1547 1758 1616 congressionem
1797 1561 1956 1613 supe-

361 1645 520 1690 ratus
556 1635 722 1690 fuerit
759 1635 883 1700 Job,
915 1637 1006 1707 qui
1045 1653 1190 1692 a-me
1230 1639 1609 1708 magnificatus
1637 1649 1801 1707 atque
1840 1639 1954 1692 lau-

361 1727 522 1782 datus
547 1737 650 1783 est.
685 1727 766 1783 Ob
791 1727 918 1793 hoc,
953 1728 1159 1792 inquit,
1193 1744 1259 1784 ne
1293 1731 1359 1784 de
1399 1729 1483 1784 his
1515 1729 1791 1800 glorieris.
1819 1729 1955 1783 Ecce

361 1821 538 1872 omnia
583 1835 701 1888 qua:
737 1819 919 1884 habet,
951 1819 1071 1872 dedi
1103 1819 1160 1873 in
1208 1835 1429 1873 manum
1461 1798 1628 1873 tuam.
1681 1821 1748 1874 Et
1775 1821 1957 1875 adhuc
1987 1798 2030 1852 Β

362 1923 674 1979 propterea,
706 1921 766 1965 ut
802 1925 924 1965 cum
957 1911 1060 1966 hoc
1091 1911 1240 1984 quod
1269 1911 1510 1982 gloriari,
1543 1918 1626 1967 vel
1660 1916 1956 1982 appiaude-

361 2021 423 2061 re
447 2021 552 2060 non
589 2003 942 2074 permitteris,
987 2019 1110 2059 cum
1145 2003 1249 2060 hoc
1296 2005 1412 2074 ipso
1442 2007 1606 2060 etiam
1646 2007 1954 2063 humilieris

359 2115 426 2155 ac
477 2099 732 2156 retuleris
765 2111 928 2171 atque
974 2099 1206 2155 mendax
1246 2103 1620 2170 comproberis
1648 2119 1660 2154 :
1688 2102 1789 2159 Job
1823 2119 1954 2158 vero

358 2192 634 2246 exaltetnr
657 2203 711 2246 et
738 2191 1104 2255 beatiﬁcetur,
1137 2201 1299 2260 atque
1325 2195 1500 2247 victor
1525 2194 1951 2260 demonstretur,

357 2295 416 2339 et
446 2285 518 2339 sit
548 2285 687 2339 Deus
719 2300 904 2350 verax,
931 2285 1020 2353 qui
1046 2285 1410 2339 testimonium
1443 2287 1716 2354 perhibuit
1739 2286 1859 2353 Job,
1897 2297 1952 2343 tu

359 2393 492 2434 vero
517 2379 731 2433 diabole
757 2378 1009 2443 mendax,
1041 2387 1206 2449 atque
1226 2390 1422 2433 auctor
1466 2379 1732 2434 mendacii
1763 2387 1952 2434 osten-

359 2471 527 2525 daris.
553 2469 636 2526 Ob
663 2471 768 2524 hoc
797 2486 927 2540 ergo
957 2471 1136 2524 omnia
1165 2483 1500 2540 quaecunque
1531 2471 1716 2536 habet,
1744 2471 1864 2526 dedi
1899 2471 1950 2524 in

359 2579 582 2617 manum
608 2572 776 2632 tuam,
811 2573 870 2617 ut
916 2577 1108 2617 omnes
1142 2563 1194 2617 in
1237 2573 1502 2631 perpetuo
1540 2561 1868 2633 cognoscant
1899 2571 1954 2618 et

357 2669 506 2710 tuam
559 2655 936 2726 iniquitatem,
982 2671 1014 2711 ο
1049 2655 1301 2720 diabole,
1337 2663 1391 2709 et
1439 2654 1538 2709 Job
1580 2655 1845 2723 justitiam
1887 2671 1952 2711 ac

361 2745 724 2812 tolerantiam,
756 2755 810 2802 et
836 2763 1010 2802 meam
1040 2746 1416 2816 praesentiam;
1450 2755 1506 2799 et
1535 2748 1660 2814 quia
1695 2747 1746 2800 in
1777 2748 1950 2802 tribu-

359 2841 652 2895 lationilius
687 2849 851 2909 atque
886 2839 1173 2894 tolerantia
1221 2838 1390 2908 probo
1420 2837 1622 2891 electos
1673 2853 1824 2892 meos
1856 2855 1870 2904 ;
1899 2847 1953 2891 et

360 2934 484 3002 quia
521 2935 764 3003 plurima:
793 2933 1160 2986 tribulationes
1184 2933 1477 2999 justomm,
1517 2939 1564 2984 et
1602 2947 1666 2985 ea;
1709 2933 1950 2984 omnibus

359 3029 442 3080 his
466 3027 706 3080 liberabit
731 3041 818 3078 eos
844 3023 1190 3090 Dominus";
1227 3033 1279 3078 et
1303 3025 1430 3093 quia
1462 3033 1717 3092 tanquam
1758 3038 1948 3077 aurum

362 3123 416 3175 in
455 3121 694 3185 fornace,
725 3119 798 3173 ita
820 3117 950 3187 justi
977 3126 1143 3186 atque
1177 3118 1289 3171 Deo
1323 3117 1691 3187 acceptabiles
1715 3119 1950 3186 proban-

361 3229 450 3269 tur
476 3217 526 3269 in
565 3214 886 3269 tentatione.
919 3211 999 3266 Ob
1042 3213 1144 3266 hoc
1186 3225 1318 3280 ergo
1353 3211 1691 3279 l'OSpOlldenS
1723 3210 1855 3264 dicit
1883 3209 1952 3264 ad

360 3307 631 3363 diabolum
663 3325 677 3360 :
720 3305 873 3372 Ecce,
909 3307 1098 3374 inquit,
1135 3304 1310 3357 omnia
1356 3319 1472 3374 qua:
1519 3303 1710 3368 habet,
1745 3303 1866 3357 dedi
1897 3303 1952 3357 in

360 3417 576 3454 manum
628 3411 788 3454 tuam.
825 3400 959 3466 Quia
1021 3399 1124 3454 hoc
1176 3398 1459 3468 quaesisti,
1496 3405 1554 3450 ut
1599 3411 1700 3466 ego
1731 3411 1951 3449 manum

361 3509 538 3546 meam
577 3496 868 3559 mitterem,
901 3493 1019 3547 ideo
1043 3508 1174 3547 ecce
1202 3507 1302 3562 ego
1333 3492 1453 3545 dedi
1489 3490 1672 3544 omnia
1704 3501 1957 3560 quaman-

360 3601 468 3658 que
501 3587 664 3641 habet
696 3587 748 3640 in
784 3601 998 3640 manum
1027 3597 1205 3651 tuam,
1240 3597 1293 3642 et
1329 3585 1599 3660 peculium
1630 3593 1683 3638 et
1729 3581 1865 3636 ﬁlios
1898 3591 1970 3662 et,

359 3679 720 3734 substantiam
752 3689 806 3736 et
845 3681 1057 3735 labores
1098 3690 1154 3734 et
1176 3681 1395 3735 divitias
1423 3689 1476 3733 et
1508 3677 1948 3748 possibilitatem.

357 3755 556 3830 Oinnia
580 3785 700 3840 qua:
725 3779 854 3826 sunt
879 3773 1018 3826 intra
1054 3774 1269 3826 domum
1296 3781 1350 3825 et
1373 3779 1528 3825 extra
1556 3771 1772 3825 domum
1811 3768 1949 3836 ejus,

357 3863 542 3918 omnia
565 3865 902 3936 quaecunque
935 3865 1095 3920 habet
1133 3883 1238 3918 non
1265 3865 1512 3930 defendo,
1539 3877 1714 3931 neque
1738 3871 1952 3915 contra-

360 3957 506 4024 dico,
539 3975 644 4014 non
694 3947 1002 4030 praepedio;
1045 3973 1220 4022 neque
1253 3957 1445 4020 obvio,
1473 3957 1568 4010 sed
1620 3957 1672 4008 in
1728 3967 1949 4007 manum

361 4061 508 4107 tuam
537 4053 712 4108 trado.
746 4051 990 4107 lnterﬁce
1012 4095 1026 4116 ,
1059 4054 1224 4122 perde
1263 4049 1384 4105 dele
1428 4060 1588 4120 atque
1620 4045 1947 4102 extermina.

358 4133 576 4203 Perﬁce
593 4147 886 4218 malignum
917 4157 1067 4202 tuum
1107 4147 1359 4202 livorem.
1391 4144 1558 4214 lmple
1603 4143 1950 4196 maledictum

359 4241 494 4298 illud
517 4251 666 4298 tuum
701 4243 901 4298 odium.
933 4241 1226 4298 Pecuniam
1270 4241 1413 4296 enim
1445 4249 1499 4294 et
1534 4239 1672 4292 ﬁlios
1705 4237 1804 4293 Job
1829 4251 1950 4306 per-

359 4333 480 4402 des,
515 4334 610 4392 sed
651 4336 972 4392 charitatem
1016 4335 1133 4404 ejus
1167 4350 1274 4390 non
1323 4334 1537 4403 perdes.
1573 4329 1948 4387 Substantiam

359 4439 428 4482 ac
453 4427 668 4484 labores
720 4427 838 4498 ejus
870 4428 1210 4498 intercipies,
1246 4428 1340 4483 sed
1378 4428 1748 4481 sinceritatem
1805 4423 1950 4476 illius

2053 529 2194 582 ccelo
2219 541 2348 582 sunt
2392 529 2535 585 facta
2569 531 2788 587 tuendo.
2830 533 2985 599 Quod
3017 545 3198 587 autem
3231 532 3302 586 ita
3336 541 3419 586 est
3468 533 3651 601 perdi-

2056 621 2186 676 tioni
2217 623 2397 676 dedita
2441 622 2758 692 nequissimi
2803 625 3004 678 diaboli
3055 639 3270 690 manus,
3300 625 3648 679 manifestum

2055 721 2142 767 est
2167 713 2217 766 in
2243 713 2375 779 Job;
2411 731 2533 783 quae
2567 731 2690 769 mox
2721 725 2779 769 ut
2809 717 3075 786 permissa
3102 727 3275 780 est,et
3307 733 3430 772 mox
3461 716 3652 786 utjuse

2052 805 2258 858 sionem
2278 805 2507 872 accepit,
2525 808 2706 860 statim
2731 808 2872 877 impa
2883 817 3100 862 rcenter
3117 815 3311 863 cuncta
3328 809 3524 877 perdit,
3541 819 3655 863 staa-

2057 897 2151 948 tim
2170 898 2354 950 omnia
2379 897 2656 952 interﬁcit.
2680 898 2836 964 Ecce,
2863 901 3106 968 inquam,
3139 901 3317 953 omnia
3343 917 3461 970 qua:
3493 902 3650 954 habet

2055 989 2202 1043 dedit
2225 989 2284 1042 in
2313 1007 2531 1044 manum
2555 991 2869 1046 tuam.Ecce
2885 1007 3079 1048 omnes
3097 994 3190 1048 tibi
3212 993 3388 1048 ademi
3407 996 3652 1050 occasio-

2059 1095 2176 1146 nes,
2193 1097 2322 1136 ecce
2347 1099 2450 1137 non
2471 1081 2640 1137 habes
2659 1084 3176 1150 contradictionem,
3195 1097 3324 1139 ecce
3345 1099 3452 1138 non
3480 1087 3652 1140 habes

2057 1175 2222 1229 ullam
2251 1177 2830 1244 replicationcm,ecce
2868 1191 2974 1232 non
3001 1179 3169 1233 habes
3194 1179 3604 1233 excusationem
3632 1196 3648 1232 :

2056 1269 2230 1321 omnia
2258 1285 2582 1338 qttwcuitqne
2615 1271 2765 1322 habet
2824 1269 2944 1323 dedi
2989 1271 3046 1324 in
3099 1285 3312 1323 manum
3361 1281 3530 1334 tuam,
3581 1282 3643 1326 ut

2058 1376 2180 1415 cum
2213 1371 2429 1414 Omnem
2459 1359 2560 1415 Job
2609 1361 2972 1416 substantiam
3004 1362 3322 1432 perdideris.
3362 1371 3486 1417 timc
3510 1379 3650 1432 prae—

2058 1453 2246 1506 sertim
2277 1467 2578 1522 cognoscas
2605 1451 2732 1521 quia
2767 1467 2876 1506 non
2909 1463 3132 1522 propter
3165 1453 3532 1508 substantiam
3564 1469 3651 1508 me

2059 1545 2186 1599 colit
2220 1543 2343 1612 Job,
2381 1546 2473 1599 sed
2509 1552 2731 1614 propter
2759 1545 3106 1611 charitatem,
3133 1546 3260 1614 quia
3293 1561 3400 1600 non
3425 1557 3653 1615 pr0ptcr

2061 1637 2346 1693 facultates
2376 1639 2582 1707 gratias
2609 1639 2744 1692 mihi
2773 1639 2906 1708 agit,
2955 1641 3049 1694 sed
3107 1649 3328 1708 pr0pter
3361 1641 3652 1695 sincerita-

2061 1739 2188 1787 tem.
2221 1729 2302 1786 Ob
2327 1732 2428 1785 boc
2460 1745 2590 1800 ergo
2615 1729 2752 1784 Ecce
2783 1733 2960 1784 omnia
2978 1747 3304 1801 quwcuuque
3337 1732 3490 1786 habet
3528 1735 3652 1787 dedi

2061 1825 2116 1876 in
2172 1840 2390 1877 manum
2459 1819 2627 1888 tuam,
2679 1824 2769 1876 sed
2811 1825 2984 1892 ipsum
3037 1839 3163 1877 cave
3225 1841 3288 1878 ne
3331 1835 3519 1894 tangas
3560 1827 3649 1879 η’.

2061 1913 2283 1978 Dixisti,
2315 1931 2348 1969 0
2373 1915 2606 1976 diabole,
2635 1916 2779 1984 quod
2826 1931 2932 1968 non
2978 1925 3205 1984 prOpter
3240 1916 3520 1984 pietatem,
3555 1919 3650 1972 sed

2061 2017 2286 2078 propter
2322 2009 2541 2062 divitias
2570 2007 2672 2063 Job
2695 2008 2924 2063 coluerit
2955 2023 3040 2062 me
3066 2022 3081 2060 :
3116 2009 3324 2074 dixisti,
3357 2009 3514 2065 aufer
3531 2025 3652 2080 quae

2063 2099 2283 2163 dedisti,
2335 2109 2389 2153 et
2433 2115 2732 2171 cognosces
2783 2101 2912 2170 quid
2967 2103 3040 2156 sit
3089 2100 3406 2173 Job.,Ego,
3449 2104 3648 2174 inquit,

2061 2207 2396 2263 cognoscere
2432 2207 2540 2248 non
2581 2207 2804 2249 necesse
2846 2193 3017 2250 habeo
3063 2215 3076 2249 :
3109 2187 3464 2264 przescicnter
3502 2198 3648 2250 enim

2061 2285 2176 2340 scio
2207 2287 2566 2340 constantiam
2610 2283 2710 2338 Job
2755 2294 2921 2354 atque
2972 2285 3312 2340 devotionem
3355 2303 3517 2354 quam
3551 2286 3653 2340 ha-

2061 2379 2155 2432 bet
2187 2378 2334 2432 circa
2375 2393 2462 2432 me
2497 2379 2718 2432 :omnia
2765 2393 2898 2432 vero
2927 2391 3268 2447 quaecunque
3296 2387 3423 2431 sunt
3447 2377 3544 2445 illi,
3583 2379 3650 2434 do

2063 2473 2116 2525 in
2151 2486 2372 2524 manum
2435 2479 2604 2536 lnam,
2668 2479 2726 2522 ut
2778 2484 2901 2524 cum
2953 2468 3298 2538 probaveris,
3352 2483 3650 2540 cognoscas

2061 2563 2185 2634 quia
2224 2565 2372 2618 solus
2405 2562 2504 2616 Job
2541 2561 2681 2616 valet
2737 2563 2995 2617 resistere
3047 2563 3314 2617 universa:
3369 2562 3647 2632 iniquitati

2061 2670 2224 2728 atque
2299 2659 2522 2712 malitia:
2573 2671 2697 2711 tua}.
2748 2657 2856 2712 Sed
2918 2657 3136 2710 interim
3192 2657 3394 2720 omnia,
3448 2656 3647 2724 inquit,

2059 2741 2383 2823 quwcunq'ue
2407 2751 2558 2804 habet
2599 2752 2721 2805 dedi
2747 2752 2804 2804 in
2864 2765 3081 2804 manum
3123 2758 3294 2812 tuam,
3343 2749 3433 2802 sed
3478 2749 3649 2817 ipsum

2060 2861 2182 2899 cave
2209 2861 2271 2898 ne
2297 2855 2502 2914 tangas.
2543 2845 2695 2911 Quod
2723 2843 3040 2913 quazsivisti,
3067 2843 3259 2911 inquit,
3287 2842 3454 2898 habes
3481 2859 3494 2894 :
3529 2857 3649 2911 qum

2061 2937 2270 3007 petisti,
2292 2939 2574 3004 accepisti,
2599 2947 2924 3006 potestatem
2953 2935 3272 2989 substantiae
3291 2943 3345 2988 et
3369 2935 3649 3004 possibili-

2068 3031 2194 3084 tatis
2211 3037 2375 3099 atquc
2393 3031 2730 3096 divitiarum,
2748 3028 2944 3100 peculii
2967 3027 3322 3083 nihilominus
3339 3037 3500 3095 atque
3517 3027 3651 3080 ﬁlio-

2063 3137 2181 3175 rum
2222 3141 2234 3176 :
2275 3123 2369 3176 sed
2409 3121 2583 3189 ipsum
2617 3138 2738 3175 cave
2775 3137 2834 3174 ne
2870 3129 3093 3189 tangas,
3135 3121 3264 3188 quia
3314 3135 3421 3174 non
3467 3119 3646 3189 ipsum

2055 3216 2320 3286 qumsisti,
2341 3217 2432 3270 sed
2455 3229 2794 3284 qnzecunque
2812 3213 2993 3268 habet.
3011 3211 3220 3265 Idcirco
3233 3211 3488 3266 omnibus
3506 3227 3647 3280 quae-

2055 3325 2271 3379 cunque
2307 3309 2469 3364 habet
2506 3307 2749 3378 acceptis
2784 3307 2962 3377 ipsum
2997 3323 3120 3361 care
3155 3323 3215 3359 ne
3233 3318 3441 3375 tangas,
3469 3315 3648 3374 neque

2055 3403 2372 3466 carnaliter,
2401 3415 2578 3468 neque
2616 3399 2956 3468 spiritaliter,
2989 3412 3165 3466 neque
3199 3395 3508 3460 manifeste,
3552 3411 3648 3450 ne-

2053 3511 2161 3565 que
2194 3495 2452 3548 latenter.
2487 3493 2671 3562 Ipsum
2710 3507 2832 3546 care
2870 3508 2933 3544 ne
2965 3499 3170 3559 tangas.
3215 3488 3328 3544 Cur
3360 3489 3507 3542 enim
3537 3501 3644 3541 non

2058 3585 2314 3654 tangam?
2339 3584 2418 3638 0b
2449 3583 2574 3646 hoc,
2601 3582 2796 3650 inquit,
2832 3581 2958 3650 quia
2978 3587 3230 3634 servatur
3253 3579 3318 3633 ad
3345 3579 3646 3632 secundant

2054 3677 2431 3740 luctatidnem,
2464 3687 2739 3730 certamen
2768 3687 2985 3743 quoque
3031 3682 3086 3727 et
3142 3671 3529 3735 constantiam,
3562 3679 3648 3722 at-

2053 3786 2160 3841 que
2185 3771 2483 3825 tolerantiae
2511 3769 2985 3838 approbationem.
3015 3765 3247 3833 Sulliclt,
3281 3765 3476 3834 inquit,
3501 3777 3646 3818 nunc

2055 3861 2168 3915 haec
2204 3877 2324 3930 qua:
2359 3875 2456 3930 per
2507 3861 2751 3928 pecunia:
2789 3871 2956 3928 atque
3015 3859 3250 3914 ﬁliorum
3285 3859 3644 3929 perditionem

2055 3951 2113 4006 ﬁt
2143 3952 2390 4006 tentatio.
2425 3950 2616 4006 Merito
2643 3951 2822 4020 ipsum
2856 3965 2990 4005 cave
3021 3967 3087 4005 ne
3117 3959 3330 4021 tangas.
3357 3951 3400 4006 Ο
3425 3951 3645 4004 bonitas

2056 4055 2170 4112 tua,
2201 4060 2316 4111 rex,
2343 4060 2376 4100 ο
2401 4045 2575 4106 virtus
2599 4054 2764 4116 atque
2803 4041 3210 4114 magniﬁcentia
3257 4053 3364 4106 tua,
3394 4033 3640 4100 Eternei

2054 4139 2225 4205 Quam
2257 4154 2506 4207 magnam
2540 4137 2969 4193 consolationem
3010 4135 3204 4191 tribuis
3241 4137 3306 4191 iis
3336 4138 3428 4206 qui
3480 4135 3544 4190 ad
3589 4145 3645 4191 te

2054 4231 2422 4300 confugerint,
2446 4239 2500 4283 et
2519 4229 2844 4284 constantiae
2878 4227 3131 4282 ﬁduciam
3152 4245 3178 4280 a
3199 4235 3251 4282 te
3276 4228 3640 4298 speraverint,

2054 4333 2114 4378 ut
2144 4339 2318 4391 neque
2341 4323 2624 4378 hominum
2659 4335 2837 4390 neque
2861 4321 3235 4391 jumentorum
3259 4361 3274 4387 ,
3323 4335 3494 4389 neque
3524 4321 3642 4372 ani-

2055 4423 2325 4469 matorum
2371 4428 2547 4482 neque
2599 4412 3021 4467 inanimatorum
3055 4419 3380 4480 potestatem
3441 4409 3640 4464 habeat

361 4527 526 4592 atque
577 4517 875 4590 gratiarum
925 4521 1195 4574 actionem
1236 4534 1341 4572 non
1379 4515 1714 4585 intercipics.
1751 4513 1944 4570 Omnia
1979 4502 2022 4557 ο
2051 4505 2422 4569 adversarius.
2451 4505 2552 4559 nisi
2590 4505 2677 4558 Ubi
2703 4501 2870 4557 fuerit
2902 4503 3234 4572 permissus!
3285 4501 3405 4556 Νοῐι
3455 4513 3637 4556 autem

359 4623 495 4678 ergo
523 4623 860 4680 quaecunque
915 4609 1079 4666 habet
1108 4609 1232 4664 dedi
1268 4609 1320 4662 in
1380 4622 1598 4661 manum
1635 4614 1804 4669 tuam,
1832 4619 1952 4672 quae

363 4697 500 4768 iram
555 4709 720 4770 atque
769 4699 1006 4770 gladium
1052 4701 1315 4767 continet,
1372 4714 1492 4768 quae
1542 4695 1726 4768 praelia
1785 4705 1951 4765 atque

361 4789 500 4846 bella
555 4801 834 4862 operatur,
885 4807 1006 4862 qua:
1049 4793 1411 4862 perditionem
1444 4799 1607 4860 atque
1647 4787 1951 4843 damnatio-

361 4895 486 4934 nem
531 4881 764 4951 perﬁcit,
796 4897 917 4952 quae
958 4883 1235 4938 doloribus
1268 4883 1524 4946 satiatur,
1554 4895 1673 4949 quae
1730 4877 1952 4933 sceleri-

359 4969 463 5026 bus
497 4981 659 5040 atque
695 4971 1067 5044 jmpietatibus
1095 4973 1290 5028 inhiat.
1327 4971 1383 5025 ln
1419 4974 1585 5038 hanc,
1611 4967 1806 5038 inquit,
1837 4983 1953 5021 ma-

359 5079 490 5117 num
529 5073 676 5118 tuam
719 5065 876 5120 trado
922 5065 1105 5120 omnia
1149 5079 1485 5136 quaecunque
1531 5072 1658 5116 sunt
1686 5059 1865 5124 illius;
1897 5059 1948 5113 in

365 5157 506 5208 lianc
536 5171 780 5222 manum,
807 5173 926 5226 quae
955 5157 1000 5212 si
1039 5157 1378 5228 praevaleret,
1415 5171 1631 5212 onmem
1675 5153 1948 5208 hominem

361 5257 417 5298 et
451 5260 665 5299 onmem
705 5247 956 5316 spiritum
987 5249 1077 5318 qui
1118 5248 1221 5301 sub
1251 5245 1389 5302 cmlo
1417 5257 1522 5310 est,
1557 5243 1738 5298 subito
1763 5243 1814 5295 in
1839 5243 1946 5294 ictu

361 5339 504 5393 oculi
537 5340 823 5408 perderet,
863 5341 1069 5396 deleret
1126 5354 1288 5412 atque
1334 5340 1687 5402 interﬁceret,
1741 5335 1782 5391 si
1826 5350 1949 5404 per-

362 5431 692 5498 mitteretur,
726 5441 780 5486 et
832 5433 875 5486 si
905 5432 1058 5501 juxta
1111 5433 1444 5485 voluntatem
1497 5426 1804 5496 iniquitatis
1835 5439 1947 5478 sure

359 5515 683 5592 potestatem
710 5525 952 5580 haberet.
986 5525 1089 5580 Sed
1120 5525 1325 5579 resistit
1360 5523 1432 5577 illi
1459 5527 1802 5588 omnipotens
1837 5531 1949 5570 ma-

359 5634 463 5672 nus
491 5617 604 5684 Dei,
649 5627 812 5688 atque
839 5616 1147 5671 'fortissima
1179 5617 1400 5671 dextera
1438 5613 1714 5670 Creatoris
1756 5613 1950 5682 guber-

435 5784 474 5814 ¹¹
519 5779 617 5838 Job
649 5799 689 5848 ι,
723 5781 810 5835 12.
891 5783 930 5816 ²²
961 5781 1105 5838 Psal.
1142 5791 1330 5846 xxxnl,
1358 5781 1444 5834 ‘20.
1545 5779 1610 5830 "f
1651 5773 1750 5830 Jul)
1785 5792 1828 5841 l,
1869 5773 1950 5829 l2.

2052 4596 2410 4667 permittitur,
2444 4595 2548 4651 nisi
2581 4595 2670 4650 ubi
2697 4595 2912 4650 noverit
2951 4591 3094 4648 Deus
3131 4609 3231 4663 pro
3287 4593 3410 4648 ﬁdei
3461 4595 3638 4647 mani-

2051 4688 2363 4752 festatione,
2407 4695 2461 4742 et
2484 4687 2807 4743 constantia:
2844 4685 3262 4754 approbatione,
3304 4695 3468 4753 atque
3524 4683 3640 4752 glo-

2050 4782 2215 4836 riosae
2272 4777 2734 4834 renmnerationis
2797 4779 3177 4838 retributione.
3241 4776 3367 4832 Hatc
3429 4777 3640 4830 scilicet

2055 4885 2158 4925 nos
2187 4870 2422 4924 scientes
2447 4869 2679 4924 sollicite
2705 4881 2867 4938 atque
2896 4869 3090 4922 devote
3128 4867 3196 4921 ad
3245 4867 3412 4921 Deum
3449 4867 3639 4921 confu-

2054 4963 2287 5035 giamus,
2325 4961 2718 5016 instantissime
2747 4971 2912 5030 atque
2936 4959 3308 5014 sincerissime
3344 4959 3398 5013 in
3425 4959 3636 5014 oratio-

2055 5055 2216 5109 nibus
2248 5055 2411 5109 Deum
2441 5054 2778 5118 invocemus,
2817 5063 2876 5105 ut
2901 5060 3117 5105 avertat
3152 5065 3182 5103 a
3213 5049 3372 5106 nobis
3415 5051 3638 5119 maligni

2054 5144 2318 5211 insidias;
2357 5153 2414 5198 ut
2440 5143 2636 5212 eripiat
2666 5157 2765 5196 nos
2788 5142 2854 5195 de
2897 5139 3210 5194 crudelibus
3239 5137 3385 5192 illius
3446 5138 3635 5193 incur-

2053 5238 2322 5303 sionibus,
2355 5248 2408 5290 et
2433 5253 2538 5291 non
2557 5233 2845 5304 permittat
2870 5247 2968 5286 nos
2995 5231 3190 5286 tentari
3217 5245 3380 5300 super
3407 5230 3459 5285 id
3492 5225 3638 5300 quod

2051 5330 2328 5399 pessimus
2362 5327 2612 5383 sutl'erre.

2123 5419 2282 5486 Ecce,
2316 5422 2516 5489 inquit,
2554 5419 2798 5471 universa
2854 5431 3173 5485 autent-nque
3217 5416 3368 5470 habet
3424 5415 3543 5470 dedi
3583 5417 3637 5470 in

2053 5533 2214 5571 manu
2239 5524 2348 5568 tua.
2384 5511 2500 5566 Non
2535 5511 2680 5576 ideo,
2713 5510 2910 5580 inquit.
2942 5509 3064 5563 dedi
3091 5509 3204 5564 haec
3227 5509 3406 5562 omnia
3433 5511 3486 5562 in
3523 5523 3636 5562 ma;

2059 5625 2132 5664 nu
2170 5619 2281 5676 tua,
2316 5607 2440 5680 quia
2471 5613 2788 5676 oportuerat
2815 5603 2898 5658 vel
2929 5601 3136 5674 justum
3187 5599 3384 5668 fuerat,
3413 5599 3508 5656 sed
3564 5601 3635 5654 ob
