2087 3196
267 136 322 165 H9

832 136 1026 165 ANONYMUS
1042 137 1075 165 IN
1093 137 1162 165 JOB.
1182 153 1217 158 —-
1236 137 1299 166 LIB.
1319 139 1339 166 Ι.

1841 141 1895 169 420

268 199 322 227 hoc
337 202 366 225 ut
378 197 505 233 nequitiae
523 202 576 224 tute
590 197 748 225 occasiones
760 198 906 226 auferrem.
916 198 1056 232 Quomodo
1069 199 1095 231 Α
1110 199 1163 226 alio
1176 204 1302 234 poterant
1324 200 1490 228 manducare
1505 199 1547 228 vel
1560 201 1652 229 bibere
1682 200 1744 229 talis
1767 208 1799 228 ac
1825 201 1894 229 tanti

267 245 340 273 enim
353 243 456 278 justum
470 248 541 276 erat,
553 243 594 271 vel
608 248 766 279 oportuerat
777 249 807 271 ut
822 244 914 271 darem
930 245 957 271 in
974 252 1053 272 manu

268 295 314 318 tua
337 290 402 325 juga
426 291 506 317 boum
522 297 583 325 qute
603 290 699 317 viduas
712 290 814 318 orando
843 290 998 318 revelabant
1027 295 1056 318 et

268 342 365 370 greges
381 342 521 370 pecorum,
534 335 581 369 qui
614 335 751 369 nrphanos
785 335 946 368 vestiebant,
973 341 1055 370 atque

268 381 483 408 calefaciebant?
495 380 637 414 Quomodo
651 386 819 415 oportuerat,
830 381 871 409 vel
882 382 986 416 justum
995 387 1055 409 erat

267 432 297 455 ut
307 427 397 462 justos
410 432 438 455 et
452 428 611 455 innocentes
624 428 695 455 ﬁlios
706 428 758 455 Job
771 432 798 454 tu
820 429 944 462 nequiter
967 428 1054 455 inter-

268 473 401 507 ﬁceres,o
413 473 530 506 diabole,
543 480 604 500 cum
624 472 739 500 dixerim
751 477 813 508 post
824 473 850 500 in
863 473 921 508 lege
931 482 937 500 :
946 472 1055 500 Just-tm

266 526 291 547 et
305 520 470 546 innocentem
481 527 532 546 non
549 519 652 546 occidet
667 519 707 546 ”?
723 519 782 546 Non
804 526 870 554 ergo
895 524 1055 553 oportuerat

268 573 356 601 neque
364 566 468 600 justum
484 565 585 597 fuerat,
600 566 647 593 sed
663 570 776 600 propter
791 565 963 601 iniquitatem
980 570 1053 593 tuam

266 617 293 640 et
309 612 397 639 zelum
415 617 444 639 et
456 612 582 644 livorem,
598 616 627 638 ut
646 611 840 638 inexcusabilis
856 610 1053 646 comproberis,

266 663 295 686 et
319 658 422 693 absque
449 658 667 685 contradictione
697 657 882 692 redarguarls,
910 662 1053 692 propterea

265 712 325 732 ecce
352 705 442 731 omnia
463 712 623 739 quacunque
654 704 731 730 habet
754 704 816 731 dedi
840 704 868 730 in
891 712 972 731 manu
995 709 1052 738 tua,

265 751 313 778 sed
328 751 413 785 ipsum
433 758 493 777 caue
519 758 551 777 ne
569 755 674 785 tangas.
689 748 723 776 Et
738 749 837 784 factum
856 755 893 777 est
908 750 984 783 quasi
997 750 1052 777 dies

265 796 314 824 illa
326 796 359 823 “.
375 796 440 829 Quae
455 796 590 823 diesillla
606 797 664 823 dies
679 796 706 823 in
723 804 777 831 qua
787 796 922 832 malignus
940 796 1053 831 parmis.

266 842 370 870 sionem
388 842 503 876 accepit,
530 841 557 868 in
590 849 643 877 qua
673 842 856 877 nequissimus
881 842 978 869 ﬁducia
1011 846 1052 869 est

266 887 363 920 fretos,
376 887 404 914 in
419 894 472 922 qua
484 887 529 915 die
543 887 667 916 diabolus
680 888 856 915 innocentum
878 892 992 916 mortem
1015 888 1054 915 fa-

265 933 386 961 bricatus
401 937 444 961 est
458 942 465 960 :
480 932 514 960 Et
529 933 629 968 factum
643 938 683 961 est
704 934 781 969 quasi
795 935 850 961 diu
869 934 929 965 illa,
947 933 973 961 in
999 941 1052 968 qua

265 979 389 1006 diabolus
408 979 519 1015 gavisus
533 984 586 1011 est,
601 979 648 1015 qtti
671 988 810 1015 nunquam
830 985 872 1008 est
887 981 1006 1016 gavisus,
1024 980 1051 1008 in

264 1032 318 1061 qua
337 1024 472 1061 malignus
492 1025 651 1058 exsultavit,
665 1026 712 1060 qui
741 1033 879 1060 nunquam
915 1026 1052 1055 exsultare

264 1075 308 1099 est
323 1071 526 1106 comprobatus.
544 1070 611 1098 Nam
631 1071 840 1099 exsultationem
857 1071 932 1099 ducit
957 1079 1050 1099 eorum

264 1116 311 1150 qui
325 1121 389 1144 sunt
402 1116 594 1151 perditionem,
607 1122 690 1151 atque
710 1117 832 1144 vivorum
864 1117 1051 1145 mortiﬁcatio-

265 1170 338 1190 nem.
352 1162 387 1189 Et
397 1162 497 1197 factum
510 1168 548 1190 ut
558 1163 626 1190 sicut
639 1163 687 1190 illa
712 1163 779 1190 dies.
806 1162 875 1196 Quae
894 1163 973 1190 dies?
993 1162 1050 1196 Illa,

264 1208 364 1244 inquit,
380 1209 438 1236 dies
453 1209 479 1236 in
490 1216 544 1244 qua
554 1208 601 1236 ﬁlii
616 1207 668 1236 Job
679 1214 708 1237 et
719 1209 781 1236 ﬁliae
796 1209 972 1237 novissimum
987 1209 1050 1237 illud

264 1254 451 1283 unanimitatis
466 1260 548 1290 atque
556 1255 711 1283 concordia
724 1255 868 1290 prandium
883 1255 1051 1290 pranderunt

263 1309 345 1337 super
358 1306 470 1329 terram.
488 1301 515 1329 lu
534 1301 611 1329 caelis
629 1308 746 1336 namque
769 1306 879 1329 aeternae
899 1302 993 1338 gloriae
1024 1306 1051 1330 et

264 1346 480 1382 incorruptibilis
494 1347 665 1375 beatitudine
682 1348 785 1382 pariter
816 1348 954 1375 fruuntur.
973 1348 1049 1382 Quod

263 1398 354 1420 autem
367 1392 548 1420 novissimum
563 1393 705 1427 prandium
723 1398 787 1420 tunc
797 1393 823 1420 in
841 1401 956 1428 corpore
967 1401 1049 1429 pran-

263 1437 371 1470 deruut,
383 1445 444 1465 mox
460 1439 657 1473 subsequenter
676 1439 804 1471 ostendit,
821 1439 933 1466 dicens:
947 1438 983 1466 Et
1000 1439 1050 1473 [ilii

261 1484 314 1511 Job
325 1489 350 1511 et
367 1484 632 1519 [iliwmanducabant
647 1490 670 1511 et
691 1485 809 1512 bibebant
824 1487 851 1511 in
866 1486 944 1512 domo
957 1485 1050 1520 fratris

262 1531 305 1557 sui
318 1530 429 1564 majoris
439 1530 472 1563 ”,
489 1538 519 1558 ac
531 1530 612 1557 veluti
625 1531 728 1565 parvuli
742 1530 859 1558 infantes
873 1531 953 1558 malis
961 1532 1050 1559 omni-

263 1575 314 1603 bus
326 1580 462 1611 espertcs,
474 1577 554 1604 simul
568 1577 663 1604 sedent
676 1581 701 1604 et
717 1582 805 1608 stam,
826 1577 905 1604 simul
917 1582 945 1604 et
956 1576 1051 1605 ludunt

263 1626 291 1649 et
306 1621 413 1654 bibunt,
441 1630 490 1649 nec
521 1622 669 1658 quidquam
694 1623 769 1656 mali,
795 1628 842 1649 aut
872 1623 971 1655 illiciti,
1003 1627 1052 1651 aut

262 1667 344 1696 etiam
361 1668 471 1695 obsceni
492 1668 525 1695 de
542 1668 656 1695 invicem
671 1668 703 1695 ad
718 1669 834 1695 invicem
857 1668 975 1703 cogitant
990 1677 998 1695 :
1013 1668 1050 1695 ita

261 1717 290 1741 et
306 1713 457 1741 beatissimi
478 1713 523 1740 ﬁlii
540 1713 592 1741 Job
608 1721 640 1741 ac
656 1713 717 1740 filim
733 1714 801 1741 casti
817 1718 896 1740 erant
913 1713 1012 1741 animis
1023 1718 1051 1741 et

261 1759 363 1787 mundo
379 1760 472 1791 corde,
487 1764 515 1786 et
530 1759 703 1787 immaculata
725 1759 892 1787 conscientia
911 1763 939 1787 et
962 1759 1051 1787 omni-

261 1804 313 1833 bus
339 1804 519 1833 immunditiis
543 1809 627 1839 atque
650 1805 753 1833 illicitis
783 1809 921 1840 expertes.
954 1805 1050 1833 Merito

262 1858 325 1878 cum
353 1850 542 1885 hujuscemodi
569 1855 671 1882 essent,
692 1850 773 1878 simul
800 1850 1000 1878 manducabant
1023 1854 1051 1878 et

261 1896 389 1924 bibebant
401 1900 487 1923 caste.
500 1896 540 1924 ita
554 1901 635 1924 erant
649 1896 730 1924 simul
744 1896 810 1924 olim
832 1897 918 1923 Adam
942 1902 971 1924 et
995 1896 1049 1924 Eva

260 1942 380 1977 quandiu
405 1942 432 1969 in
446 1942 574 1977 paradiso
595 1943 622 1970 in
646 1942 804 1971 innocentia
826 1944 1048 1978 permansissent.

260 1988 299 2016 lla
316 1992 342 2016 et
357 1996 429 2016 nunc
442 1993 504 2017 sunt
515 1989 542 2016 in
557 1993 651 2017 sancta
669 1989 789 2017 Ecclesia
804 1995 887 2017 castae
901 1989 1000 2016 animae
1016 1996 1048 2016 ac

259 2039 370 2068 sanctae,
385 2035 457 2063 sicut
485 2035 623 2070 simplices
649 2035 779 2068 infantes,
809 2041 892 2071 atque
922 2035 1049 2063 omnibus

259 2081 338 2109 malis
350 2085 487 2116 expertes.
505 2080 673 2109 Sic-scilicet
685 2080 796 2109 fuerunt
809 2082 892 2109 etiam
908 2080 1049 2116 benignis-

259 2127 333 2159 simi,
347 2134 379 2154 ac
400 2127 455 2155 Deo
470 2127 574 2159 dilecti.
588 2132 670 2163 atque
688 2127 814 2156 omnibus
829 2127 932 2163 angelis
945 2127 1048 2155 sanctis

259 2172 318 2208 ejus
330 2171 439 2201 ﬁliiJob
456 2178 568 2208 propter
587 2173 773 2201 innocentiam
804 2178 832 2200 et
858 2174 1045 2201 sanctitatem.

1072 883 1091 909 Β

1064 1560 1086 1589 C

1107 244 1159 272 viri
1177 244 1224 273 ﬁlii
1243 251 1364 281 tempore
1382 255 1397 273 :.
1407 246 1472 281 quia
1493 253 1543 274 nec
1575 247 1634 281 ipse
1661 252 1739 275 extra
1770 247 1894 275 ordinem

1108 292 1272 320 manducare
1287 292 1330 320 vel
1344 292 1439 320 bibere
1454 293 1551 321 solitus
1563 298 1642 326 erat,
1658 293 1706 321 sed
1730 293 1894 328 competenti

1109 341 1240 372 tempore,
1271 338 1318 365 sed
1341 337 1475 372 disposito
1485 343 1608 371 tempore
1621 343 1704 374 atque
1720 338 1846 366 ordinato
1866 343 1895 367 et

1109 383 1167 418 ipse
1178 383 1362 417 manducavit,
1376 388 1404 412 et
1419 384 1490 411 ﬁlios
1509 391 1574 411 suos
1590 384 1663 412 circa
1677 384 1803 412 ordinem
1819 391 1895 412 man-

1108 429 1208 456 ducare
1221 428 1323 457 docuit.
1339 429 1386 457 Sic
1405 429 1497 465 itaque
1511 430 1577 458 hora
1594 430 1700 464 prandii
1725 430 1893 458 manducan-

1108 474 1182 502 tibus
1195 474 1250 502 illis
1263 482 1295 502 ac
1307 474 1475 508 bibentibus,
1486 474 1538 503 Job
1555 482 1622 503 sane
1634 476 1662 503 iu
1676 476 1757 503 domo
1770 483 1830 509 sua,
1844 476 1894 503 ﬁlii

1108 524 1197 548 autem
1211 520 1307 555 ejuset
1322 520 1396 554 ﬁliae,
1422 520 1450 547 in
1480 520 1562 548 domo
1584 520 1678 548 fratris
1700 521 1742 549 sui
1771 521 1893 556 majoris,

1107 567 1220 594 nuntius
1234 566 1310 593 venit
1320 566 1355 594 ad
1367 565 1430 593 Job.
1449 565 1515 593 Erat
1527 573 1646 601 namque
1660 566 1819 601 nequissimi
1834 567 1894 594 dia-

1106 612 1161 640 boli
1173 612 1304 643 versutia,
1318 616 1349 638 ut
1362 612 1458 640 horam
1472 612 1577 647 prandii
1592 613 1760 644 observaret,
1770 616 1800 639 ut
1813 620 1893 647 pran-

1108 658 1186 684 dente
1202 658 1248 684 illo
1269 658 1361 684 triSIes
1389 665 1420 685 ac
1446 657 1601 685 mortiferus
1627 658 1737 685 nuntios
1767 659 1800 685 ad
1830 666 1892 685 eutn

1107 703 1236 735 mitteret,
1251 710 1304 737 quo
1321 703 1408 737 magis
1433 703 1558 737 fatigaret
1585 708 1612 730 et
1633 711 1694 730 eum
1715 704 1891 737 interﬁceret,

1107 754 1135 775 ut
1148 754 1268 782 tempore
1282 749 1457 776 comestiouis
1472 757 1503 776 ac
1518 754 1597 783 putus
1611 754 1693 783 atque
1712 749 1892 783 jucunditatis

1108 794 1198 821 tristes
1216 795 1326 821 nuntios
1342 795 1474 822 mittendo
1488 796 1604 822 deﬁcere
1617 796 1691 822 illum
1702 796 1805 830 justum
1820 795 1892 823 face.

1107 844 1156 866 ret.
1168 840 1231 866 llaec
1246 848 1363 875 namque
1379 842 1567 868 detuoustrans
1585 842 1648 868 dicit
1663 850 1672 868 .'
1690 841 1758 869 Ecce
1783 843 1890 869 nuntius

1108 885 1175 911 venit
1192 886 1226 910 ad
1237 885 1287 911 Job
1301 885 1333 919 '°,
1349 885 1471 913 dolorum
1489 891 1570 920 atque
1593 887 1740 920 gemituum
1771 887 1890 918 nuntius,

1107 931 1238 958 malorum
1266 935 1347 965 atque
1379 931 1568 959 amaritudinis
1592 939 1690 965 pra-co,
1711 932 1892 959 tribulationis

1107 980 1187 1010 atque
1206 977 1337 1012 angustia:
1352 977 1523 1011 praedicator.
1539 977 1656 1004 Nuntius
1673 977 1748 1004 venit
1771 978 1803 1004 ad
1831 977 1890 1009 Job,

1107 1023 1152 1056 qui
1174 1028 1350 1049 conservatus
1373 1023 1406 1049 ab
1423 1024 1579 1050 adversario
1603 1025 1701 1050 missus
1721 1028 1761 1050 est
1784 1032 1799 1050 a
1827 1024 1892 1051 dia—

1106 1068 1178 1095 bolo.
1203 1068 1319 1095 Nuntius
1347 1069 1420 1096 venit
1441 1069 1475 1096 ad
1501 1069 1568 1102 Job,
1587 1070 1723 1103 concisus,
1744 1069 1890 1099 laceratus.

1106 1114 1279 1149 compilatus,
1310 1120 1451 1146 contusus,
1477 1115 1555 1147 ﬁcos,
1573 1115 1734 1148 lamentans,
1761 1116 1891 1151 plangcns

1105 1166 1132 1187 et
1152 1160 1320 1193 vociferans,
1346 1165 1427 1195 atque
1454 1161 1578 1189 universa
1605 1169 1666 1196 qua:
1693 1166 1754 1189 sunt
1779 1162 1891 1189 misera-

1105 1207 1168 1233 bilia
1189 1206 1262 1233 luctu
1279 1206 1481 1240 demonstrans,
1499 1207 1534 1234 ita
1558 1215 1573 1234 a
1592 1208 1709 1242 maligno
1732 1207 1844 1235 edoctus
1862 1213 1893 1234 ut

1105 1253 1163 1287 ipso
1180 1253 1268 1287 potius
1288 1253 1434 1280 miserabili
1458 1261 1507 1280 suo
1524 1253 1596 1281 luctu
1612 1261 1642 1281 ac
1662 1253 1770 1288 planctu
1793 1254 1820 1280 in
1844 1254 1890 1280 Dei

1105 1299 1343 1333 reprehensionem
1371 1298 1437 1333 justi
1470 1299 1540 1326 illius
1575 1305 1693 1326 mentem
1731 1301 1889 1327 concitaret.

1105 1345 1220 1372 Nuntius
1249 1346 1320 1372 venit
1338 1345 1372 1372 ad
1395 1344 1444 1372 Job
1467 1351 1494 1372 et
1519 1346 1587 1374 dixit
1605 1346 1651 1376 illi,
1681 1346 1828 1373 miserabili
1849 1351 1890 1373 at-

1105 1399 1157 1425 que
1183 1391 1348 1426 lacrymabili
1373 1399 1439 1418 voce
1462 1391 1530 1418 dixit
1556 1391 1580 1418 ei
1606 1399 1614 1418 :
1638 1392 1708 1425 Quid
1732 1393 1846 1427 cogitas,
1873 1399 1890 1419 ο

1104 1436 1170 1464 Job?
1196 1438 1236 1464 Ad
1268 1445 1387 1464 mensam
1411 1438 1506 1470 sedes,
1525 1442 1551 1465 et
1575 1446 1607 1466 ea
1635 1446 1694 1473 quae
1720 1438 1890 1473 contigerunt

1106 1483 1223 1516 ignoras.
1253 1483 1360 1510 Deliciis
1384 1483 1487 1515 uteris,
1527 1488 1554 1510 et
1581 1484 1736 1512 accidentes
1764 1483 1811 1510 tibi
1839 1483 1890 1510 mi-

1104 1530 1191 1556 serias
1212 1530 1310 1556 nescis.
1338 1529 1411 1557 Dixit
1431 1529 1468 1556 illi
1488 1538 1495 1556 ε
1512 1529 1553 1556 Ad
1577 1537 1696 1557 mensam
1720 1529 1889 1564 splendidam

1103 1575 1273 1607 sedes,Job:
1295 1575 1342 1603 sed
1363 1575 1441 1603 bodic
1465 1575 1498 1602 ad
1518 1583 1650 1607 mensam,
1677 1583 1738 1603 cras
1766 1582 1830 1603 vero
1855 1575 1888 1602 ad

1103 1621 1201 1649 lectum
1213 1621 1285 1648 foras
1299 1622 1501 1656 deportatorum
1514 1622 1641 1653 ﬁliorum,
1658 1622 1738 1649 modo
1752 1622 1777 1649 in
1790 1622 1890 1657 jucun-

1103 1669 1198 1700 ditate,
1217 1673 1277 1703 post
1289 1668 1426 1702 paululum
1440 1673 1529 1694 autem
1551 1668 1576 1694 in
1600 1667 1701 1695 infelici
1722 1672 1888 1703 paupertate.

1102 1715 1178 1748 Quod
1193 1716 1214 1742 si
1228 1723 1281 1742 non
1295 1715 1384 1742 credis
1396 1734 1403 1746 ,
1418 1715 1488 1747 quod
1508 1714 1530 1740 si
1558 1722 1610 1740 non
1641 1721 1735 1748 speras
1765 1714 1802 1741 ita
1827 1721 1887 1741 esse

1101 1761 1163 1788 autli
1179 1760 1266 1795 :Juga
1283 1761 1358 1787 boum
1377 1766 1482 1786 tuorum
1497 1760 1608 1786 arabaut
1622 1766 1646 1787 et
1663 1761 1745 1787 asina:
1757 1761 1838 1795 juxta
1855 1761 1890 1787 il-

1101 1806 1140 1833 los
1149 1807 1300 1841 pascebant,
1316 1811 1339 1833 et
1356 1811 1479 1833 venerunt
1494 1806 1630 1839 pra'dones
1653 1810 1676 1832 et
1701 1806 1815 1839 pra-dati
1828 1812 1888 1833 sunt

1101 1853 1159 1885 illa,
1174 1858 1197 1879 et
1212 1860 1306 1885 pueros
1329 1853 1481 1879 occiderunt
1506 1853 1532 1879 in
1546 1860 1592 1878 ore
1620 1852 1718 1887 gladii,
1731 1857 1755 1879 et
1774 1853 1888 1879 remansi

1100 1907 1146 1933 ego
1162 1898 1245 1930 solus,
1260 1904 1283 1924 et
1299 1899 1356 1924 veni
1372 1903 1398 1925 ut
1424 1898 1471 1925 tibi
1494 1899 1643 1925 nuntiarem
1656 1898 1687 1925 ".
1708 1897 1730 1926 0
1747 1898 1889 1933 multiplex

1101 1949 1181 1978 atque
1194 1944 1291 1970 callida
1308 1944 1456 1971 adversarii
1472 1944 1584 1976 astutia,
1610 1949 1638 1970 ut
1658 1944 1752 1971 eadem
1776 1951 1835 1978 qua:
1847 1944 1889 1971 iu-

1100 1995 1223 2023 gesserat
1236 1990 1316 2022 mala,
1328 1990 1364 2016 ita
1380 1989 1476 2017 callide
1491 1994 1642 2022 enarraret,
1655 1995 1683 2016 ut
1701 1990 1734 2017 ad
1751 1989 1797 2017 Dei
1816 1989 1887 2017 blas-

1099 2036 1235 2069 phemiam
1249 2034 1316 2068 justi
1331 2034 1401 2062 illius
1413 2035 1463 2062 viri
1482 2035 1600 2062 animum
1616 2041 1776 2069 provocarat
1787 2036 1792 2062 !
1803 2034 1886 2070 luga,

1101 2082 1198 2115 inquit,
1222 2081 1300 2108 boum
1327 2085 1432 2107 tuorum
1468 2081 1590 2108 arebant.
1615 2080 1674 2108 Non
1704 2081 1776 2108 enim
1798 2081 1886 2108 otiosa

1099 2132 1178 2153 crant
1193 2134 1280 2161 neque
1295 2127 1399 2154 inutilia
1412 2126 1533 2159 stabant,
1554 2126 1602 2153 sed
1617 2126 1736 2153 arabant
1763 2126 1885 2153 ultimam

1099 2178 1248 2204 araturam,
1260 2178 1341 2207 atque
1362 2172 1536 2200 novissimam
1562 2177 1723 2199 exercentes
1738 2171 1884 2199 culturam.

261 2219 298 2246 De
313 2219 375 2246 istis
388 2226 454 2254 ergo
466 2218 529 2246 ﬁliis
542 2218 595 2246 Job
607 2219 673 2246 dicit
689 2219 750 2246 istic
777 2228 784 2246 :
803 2218 837 2245 Et
868 2217 918 2253 ﬁlii
947 2218 998 2246 Job
1021 2224 1046 2246 et
1064 2231 1085 2258 ι)
1100 2219 1168 2252 Quid
1180 2219 1214 2245 ad
1233 2219 1298 2248 haec.
1318 2218 1423 2252 inquit?
1438 2217 1471 2243 Et
1488 2222 1610 2244 venerunt
1633 2218 1768 2251 prwdone:
1782 2223 1804 2244 et
1815 2225 1883 2251 pre:-

258 2264 324 2300 ﬁlia:
337 2265 566 2292 manducabautet
592 2264 713 2292 bibebant
738 2266 766 2292 in
788 2265 866 2291 doma
890 2264 985 2299 fratris
1005 2265 1047 2292 sui

258 2310 382 2344 majoris.
399 2310 432 2337 Et
442 2310 469 2337 in
491 2310 542 2338 hoc
554 2310 626 2345 quod
644 2310 739 2345 majori
752 2310 886 2345 primatus
910 2310 998 2338 honor
1013 2310 1048 2337 ab

258 2356 386 2384 omnibus
397 2355 589 2387 exhibebatur,
605 2356 633 2383 in
651 2356 705 2383 hoc
718 2356 776 2391 ipso
787 2356 869 2383 etiam
884 2356 954 2383 sicut
973 2360 1001 2383 et
1020 2356 1046 2383 ln

258 2401 386 2429 omnibus
398 2401 472 2429 circa
488 2401 535 2429 Dei
548 2402 748 2430 ordinationem
764 2402 905 2429 ambulare
916 2409 1045 2436 propera-

257 2451 366 2474 verant.
379 2446 425 2474 Dei
441 2447 513 2475 enim
526 2447 674 2480 ordinatio,
689 2453 772 2483 atque
784 2447 830 2475 Dei
854 2447 960 2482 justitia
989 2447 1046 2474 hinc

258 2496 310 2524 est,
327 2496 357 2519 ut
367 2492 464 2528 majori
482 2493 613 2527 primatus
625 2493 711 2521 honor
723 2493 758 2521 ab
777 2493 903 2521 omnibus
917 2493 1046 2520 exhibea-

257 2540 312 2565 tur.
328 2537 528 2565 Manducabant
544 2546 609 2573 ergo
623 2544 651 2566 ct
677 2539 806 2566 bibebant
819 2546 872 2566 nou
897 2539 1044 2570 luxuriose.

258 2590 345 2617 neque
359 2584 523 2619 petulanter,
541 2592 629 2619 neque
645 2584 780 2619 superﬂua
794 2584 944 2619 loquentes,
957 2591 1045 2619 neque

257 2628 352 2657 illicita
383 2629 546 2662 fabulantes,
567 2631 615 2657 sed
640 2630 842 2657 manducabant
870 2635 897 2658 et
916 2631 1045 2659 bibebant

256 2674 399 2703 laudantes
422 2683 500 2703 suum
531 2675 708 2710 Creatorem,
735 2677 936 2705 benefactorem
961 2684 1039 2705 suum

257 2721 412 2753 adorantes,
428 2726 511 2754 atque
522 2720 640 2749 alentem
653 2728 682 2749 se
695 2721 900 2750 benediceutcs.
921 2722 966 2750 Sic
989 2722 1041 2750 ita-

256 2774 309 2802 que
321 2767 521 2794 manducabant
532 2771 560 2794 et
573 2767 701 2794 bibebant
721 2767 766 2795 ﬁlii
786 2767 846 2796 Job.
862 2768 922 2802 Quo
937 2772 1041 2803 tempo-

256 2813 305 2840 re?
320 2812 430 2840 Certum
454 2817 496 2840 est
507 2813 579 2848 quod
598 2817 721 2848 tempore
745 2815 861 2848 prandii.
881 2814 939 2843 Non
968 2816 1040 2843 enim

291 2871 315 2888 ⁸³
329 2869 414 2899 Exod.
429 2878 509 2905 nui,
518 2871 544 2898 7.
583 2871 605 2888 “
617 2871 668 2900 Job
685 2879 704 2905 ι,
723 2873 766 2900 lii.

814 2873 914 2903 "ibid.
952 2875 1053 2904 "ibid.
1072 2874 1115 2903 14.

1100 2266 1155 2290 dati
1171 2269 1230 2291 sunt
1242 2272 1283 2290 ea.
1295 2263 1357 2296 Joh,
1369 2263 1410 2290 vel
1430 2263 1500 2290 unde
1519 2263 1565 2290 tibi
1579 2264 1664 2296 vives,
1679 2263 1721 2290 vel
1738 2264 1808 2291 unde
1823 2263 1886 2290 aliis

1099 2310 1230 2338 beneﬁcia
1247 2310 1408 2345 imperties?
1424 2309 1501 2337 Unde
1518 2309 1559 2336 vel
1573 2310 1619 2337 tibi
1631 2310 1729 2342 victus,
1742 2310 1783 2337 vel
1804 2310 1884 2337 mise-

1098 2357 1136 2384 ris
1151 2362 1177 2384 et
1189 2363 1241 2383 nou
1254 2355 1414 2383 habentibus
1426 2355 1555 2383 refectio?
1572 2354 1638 2390 Juga
1666 2356 1745 2382 bottm
1777 2360 1884 2383 tuorum

1096 2402 1225 2435 arabant,
1238 2410 1297 2437 qua:
1315 2409 1365 2429 nec
1379 2402 1425 2429 tibi
1440 2402 1521 2433 ultra,
1535 2410 1584 2429 nec
1603 2402 1664 2430 aliis
1679 2402 1803 2429 arabunt.
1823 2402 1884 2428 Asi-

1096 2456 1138 2475 nae
1153 2452 1204 2475 tua:
1220 2447 1374 2483 pascebant,
1391 2456 1450 2482 quze
1465 2447 1534 2474 ultra
1549 2447 1620 2475 fetus
1631 2456 1683 2475 non
1698 2448 1809 2480 facient,
1824 2454 1883 2482 qum

1095 2502 1145 2521 nec
1159 2494 1205 2521 tibi
1226 2501 1276 2521 nec
1291 2494 1352 2520 aliis
1367 2494 1524 2528 proderunt.
1537 2493 1638 2526 Quare,
1655 2494 1741 2528 inquit
1751 2492 1810 2521 ?0b
1821 2494 1881 2525 hoc,

1094 2541 1141 2571 ait.
1158 2541 1220 2575 quia
1235 2544 1364 2567 venerunt
1388 2541 1528 2574 praedones
1545 2545 1572 2567 et
1602 2540 1714 2575 praedati
1747 2545 1810 2567 sunt
1839 2547 1880 2567 ea.

1093 2587 1142 2620 Qui
1157 2586 1194 2613 ait
1208 2594 1215 2612 :
1229 2586 1344 2612 Tantum
1362 2593 1404 2613 me
1418 2591 1512 2617 terres,
1523 2594 1538 2612 υ
1555 2586 1646 2616 homo,
1661 2586 1738 2620 quasi
1753 2585 1823 2620 jugis
1836 2585 1882 2612 de-

1093 2632 1219 2667 praedatis
1231 2632 1322 2659 vivere
1342 2639 1395 2658 non
1420 2632 1532 2666 possim.
1557 2631 1627 2658 Sunt
1654 2631 1730 2666 pueri
1762 2630 1880 2665 plurimi,

1093 2678 1182 2705 coloni
1197 2678 1435 2710 abundantissimi,
1450 2678 1494 2712 qui
1521 2677 1639 2705 universi
1673 2676 1880 2704 mercimonium

1094 2723 1237 2756 facientes,
1256 2728 1284 2751 et
1299 2731 1341 2750 me
1355 2728 1381 2750 et
1392 2730 1421 2750 se
1438 2728 1560 2758 pascant,
1571 2728 1598 2750 et
1614 2731 1657 2751 me
1671 2727 1697 2750 et
1714 2730 1744 2750 se
1755 2722 1880 2749 tolerent.

1095 2769 1147 2797 Sed
1163 2770 1307 2804 respondet
1325 2770 1434 2796 nuntius
1449 2770 1493 2803 qui
1508 2774 1627 2802 venerat,
1643 2774 1669 2797 et
1687 2769 1753 2796 dicit
1767 2778 1774 2795 :
1792 2768 1881 2795 Inani-

1096 2820 1136 2843 ter
1152 2816 1199 2843 tibi
1212 2816 1356 2847 blandiris,
1373 2824 1389 2841 o
1404 2815 1466 2848 Job,
1492 2820 1574 2851 atque
1593 2818 1760 2851 supervacue
1775 2822 1878 2850 speras,

1176 2874 1199 2892 "
1212 2874 1277 2903 ibid.
1294 2874 1336 2908 Η,
1352 2874 1394 2902 l5.
