2087 3219
197 154 248 183 LE]
768 159 883 188 ANONY
889 160 961 188 MUS
979 160 1013 188 IN

197 215 274 250 quod
287 215 378 244 coloni
393 217 586 246 remanserint.
600 217 667 247 Nam
680 219 708 247 hi
722 219 768 255 qui
783 220 848 255 juga
864 221 946 248 boum
959 226 987 248 et
1001 231 1024 258 Α

198 262 293 290 asinas
309 261 458 297 depradati
470 268 545 297 sunt,
561 264 642 292 iidem
660 265 710 301 ipsi
725 270 752 293 et
768 273 868 300 pueros
881 267 990 294 occide-

198 312 273 336 runt.
289 306 616 341 Quomodooccideruut?
636 311 663 339 ln
685 319 733 340 ore
766 312 858 347 gladii,
888 312 987 347 inquit,

196 361 251 381 non
266 359 457 389 pepercerunt,
470 363 523 383 non
543 357 646 384 miserti
659 362 733 391 sunt,
743 365 795 386 non
807 358 987 392 reliquerunt;

195 399 243 427 sed
260 407 357 428 omnes
374 400 559 436 imparcenter
577 403 753 436 occiderunt,
773 404 821 431 sed
847 403 988 431 immiseri-

195 445 318 473 corditer
342 445 550 480 interfecerunt,
574 452 656 483 atque
683 448 805 476 omnium
825 447 986 482 sanguinem

195 491 343 519 crudeliter
354 491 492 520 fuderunt.
512 492 577 521 Mihi
594 494 656 526 soli,
671 494 769 529 lnquit,
796 496 986 528 pepercerunt,

194 544 239 565 me
253 536 339 564 solum
355 537 529 568 remiserunt.
544 539 577 567 Et
600 547 661 567 cum
685 539 761 567 solus
783 539 985 571 remansissem,

192 584 256 612 veni
270 587 300 611 ut
314 584 469 613 nuntiarem
486 585 544 613 tibi.
556 585 636 619 Quid,
650 585 750 620 inquit,
784 586 847 613 mihi
864 584 984 617 nuntias,

162 660 169 670 ’
192 636 211 656 ο
221 630 322 659 homo?
336 630 394 659 Hoc
412 631 479 659 mihi
492 631 601 659 nuntias
616 632 689 667 quod
714 631 857 666 praedones
871 630 985 666 praedati

193 681 270 710 sunt,
285 682 313 705 et
326 685 387 705 cum
400 676 513 712 praedati
535 677 660 709 fuissent,
674 678 766 711 pueris
777 685 830 704 non
857 684 985 711 peperce-

191 728 268 757 runt,
284 723 332 751 sed
342 728 368 750 et
379 723 452 758 ipsos
469 723 496 750 in
517 730 564 750 ore
576 722 657 757 gladii
672 723 841 755 occiderunt,
857 723 984 757 reliquias

190 769 258 797 mihi
276 777 330 797 non
352 770 537 802 dimittentcs,
559 776 647 804 neque
670 769 765 796 solatia
787 769 982 803 relinquentes.

190 814 265 848 Hinc,
281 815 378 850 inquit,
389 815 454 842 mihi
469 817 587 848 nuntias,
607 815 700 842 nuntia
713 821 737 842 et
749 815 902 850 prazdoucs,
916 823 982 841 nuu-

189 861 229 889 tia
245 861 486 894 etintertectores,
499 866 528 889 ut
551 862 572 889 si
592 869 713 896 possum,
729 862 827 896 inquit,
848 862 981 888 vindicem

189 915 234 935 me
250 916 257 934 :
273 908 345 943 quod
363 907 386 935 si
406 915 459 935 non
484 908 560 935 valeo
585 907 726 934 vindicare
743 908 775 935 de
793 907 834 934 his
862 908 906 941 qui
930 907 981 934 hoc
999 900 1018 926 Β

188 955 323 988 fecerunt,
341 962 388 982 eos
401 961 568 987 enumerem,
586 955 640 981 Deo
653 959 742 981 autem
757 955 781 981 id
794 955 865 988 quod
879 954 980 981 factum

188 1005 242 1033 est,
256 1005 285 1027 ut
298 999 372 1034 juste
389 1001 508 1036 inquirat
524 1001 726 1028 commendem.
741 1000 776 1027 At
793 1004 865 1032 tunc,
882 1000 978 1034 inquit,

187 1054 204 1074 ο
216 1047 308 1079 Ιιοιιιο,
324 1054 384 1074 cum
401 1052 429 1073 lu
447 1046 520 1074 solus
533 1047 665 1079 evaseris,
680 1047 713 1073 ad
736 1046 883 1072 maximum
912 1046 979 1072 mihi

187 1092 345 1120 incendium
362 1093 485 1126 evasisti,
500 1101 548 1127 pro
564 1097 711 1126 augmento
731 1092 831 1120 doloris
850 1092 914 1119 mihi
932 1092 980 1118 ad-

186 1138 297 1166 venisti.
314 1138 549 1173 Depraedationem
568 1139 633 1166 mihi
651 1139 770 1170 nuntias,
790 1142 817 1165 et
840 1138 980 1173 prmdoues

186 1191 240 1212 non
255 1185 392 1219 publicas.
411 1185 448 1212 De
466 1185 592 1220 proximo
608 1189 683 1216 sunt,
708 1193 741 1211 an
758 1185 791 1211 de
808 1184 980 1218 longinquo?

185 1230 283 1258 Hostes
306 1235 369 1258 sunt
382 1230 480 1265 publici
504 1239 538 1257 an
572 1231 646 1258 iures
669 1231 793 1258 occulti?
811 1230 863 1257 Sed
890 1231 912 1256 is
931 1230 977 1264 qui

185 1277 283 1310 evasit,
300 1284 354 1304 non
369 1277 428 1304 ideo
448 1281 477 1304 ut
492 1277 515 1304 ei
530 1282 688 1311 parceretur
704 1277 856 1308 evasit,sed
869 1281 978 1310 propter

185 1327 360 1358 augmentum
382 1323 540 1350 tentationis
553 1322 604 1350 Job
625 1323 747 1350 advenit.
770 1322 819 1349 llic
831 1330 896 1357 ergo
911 1322 977 1349 nihil

185 1369 318 1397 adversus
333 1376 364 1396 ea
381 1376 442 1404 qua:
453 1369 524 1396 dicta
541 1373 603 1396 sunt
619 1369 773 1402 respondit,
796 1369 842 1395 sed
872 1373 976 1395 tantum

182 1415 327 1449 pmdones
343 1415 494 1443 nominavit.
516 1424 523 1442 :
556 1422 606 1442 nos
633 1415 786 1449 intelligere
815 1414 976 1446 admonens,

184 1465 266 1496 atque
292 1461 371 1489 nobis
401 1461 608 1495 intelligendum
636 1461 806 1495 relinquens,
834 1469 901 1495 quos
935 1460 977 1487 vel

183 1507 278 1542 quales
290 1508 433 1542 praedones
450 1507 635 1535 nominaverit
654 1516 661 1534 :
679 1507 740 1534 illos
755 1507 813 1534 sine
828 1507 909 1539 dubio
930 1506 976 1541 qui

183 1552 218 1579 de
231 1552 301 1580 cmlo
314 1558 424 1588 propter
437 1554 605 1588 apostasiam
620 1554 646 1580 in
662 1554 781 1589 praedam
798 1557 976 1583 venerunt.et

182 1605 218 1625 ex
236 1603 393 1626 sanctorum
412 1600 503 1627 choris
518 1603 628 1634 propter
643 1600 844 1626 contumaciam
862 1599 972 1633 projecti

183 1648 255 1671 sunt.
269 1644 307 1671 llli
328 1644 524 1680 nimirum,qui
541 1645 591 1672 sub
608 1645 680 1672 ccelo
695 1652 804 1672 omnem
833 1645 975 1679 captivita-

183 1695 237 1717 tem
247 1690 424 1718 ostenderunt
449 1696 502 1718 tam
517 1690 667 1718 carnalium
697 1698 778 1726 quam
801 1691 973 1723 spiritalium,

180 1735 228 1770 qui
242 1737 353 1770 prtedati
369 1741 431 1764 sunt
446 1737 590 1764 universos
604 1738 649 1772 qui
671 1742 738 1764 sunt
762 1744 842 1772 super
861 1741 972 1769 terram,

181 1782 325 1810 manifeste
335 1787 362 1810 et
373 1784 488 1811 occulte.
503 1784 540 1810 De
566 1791 681 1818 quorum
708 1784 864 1818 captivitate
880 1783 974 1810 dicunt

180 1828 268 1855 sancti
285 1837 292 1856 :
309 1828 484 1860 Benedizisti,
500 1829 621 1862 Domine,
636 1835 733 1856 terram
756 1834 839 1861 tuam,
855 1828 973 1856 avertisti

177 1874 358 1908 captivitatem
370 1874 455 1901 Iacob
467 1875 499 1902 ¹⁸.
512 1875 546 1902 Ει
561 1875 625 1902 alibi
641 1883 648 1901 :
660 1875 730 1902 Cum
744 1876 900 1902 converterit
918 1875 974 1903 Do-

179 1921 266 1947 minus
280 1921 457 1955 captivitatem
483 1922 564 1955 plebis
582 1929 647 1954 suae,
672 1921 814 1948 exsultabit
836 1922 919 1949 Jacob
948 1927 973 1949 et

178 1966 314 1993 imabitur
329 1966 416 1994 Israel
430 1968 462 1994 ”.
481 1967 526 1995 Isti
544 1969 648 1995 scilicet
664 1968 816 2002 prmdones,
842 1968 887 1995 isti
914 1977 972 1996 me-

178 2017 332 2039 morantur.
352 2012 497 2047 Venerunt,
512 2014 610 2049 inquit,
628 2014 774 2048 prwdones.
798 2013 875 2042 Unde
894 2022 974 2042 vene-

178 2058 264 2086 runt?
280 2059 357 2086 Exse
374 2059 450 2094 ipsis,
471 2067 504 2086 an
533 2068 564 2087 ex
592 2059 739 2090 Chaldmis.
768 2067 802 2087 an
825 2060 908 2086 etiam
939 2067 972 2088 ex

178 2104 338 2141 Egyptiis?
350 2105 403 2134 Sed
423 2113 456 2133 ex
474 2106 554 2134 nullis
571 2107 687 2135 istorum
715 2111 860 2138 venerunt,
876 2107 924 2134 sed
937 2114 972 2134 ex

177 2151 285 2187 abyssis
300 2156 449 2184 venerunt,
467 2159 500 2179 ex
513 2153 688 2181 interioribtls
705 2153 873 2181 infernorum
890 2160 972 2180 vene-

178 2202 255 2231 runt,
266 2199 338 2226 sicut
360 2198 441 2234 paulo
459 2203 519 2233 post
545 2199 777 2227 demonstrabitur
803 2201 829 2227 in
854 2199 970 2227 ﬁliorum

177 2244 376 2272 internecione.
390 2244 455 2272 Inde
468 2252 532 2280 ergo
543 2250 680 2273 venerunt
692 2245 737 2273 isti
754 2247 911 2281 praedones,
929 2247 969 2273 di-
986 2258 1009 2287 υ

178 2290 255 2318 missi
272 2291 306 2318 ad
330 2291 508 2318 tentationem
534 2296 615 2326 atque
643 2292 675 2318 ad
700 2293 887 2326 probationem
903 2292 968 2326 justi

178 2335 261 2363 illius.
278 2336 316 2363 De
328 2336 388 2364 istis
414 2343 478 2370 ergo
508 2336 599 2363 dicit:
627 2336 757 2363 Venerunt
785 2337 922 2369 praedones
944 2341 969 2363 et

178 2381 429 2415 prtzdatisunteos.
452 2381 498 2408 Isti
518 2388 636 2416 namque
666 2386 729 2408 sunt
747 2382 793 2415 qui
824 2389 838 2407 a
867 2381 967 2409 saeculo

178 2427 325 2461 depraedati
340 2432 404 2455 sunt
416 2427 559 2462 plurimos,
569 2431 596 2454 et
609 2426 725 2462 plurima
739 2427 765 2454 iu
782 2428 968 2462 captivitatem

177 2472 324 2500 duxerunt.
350 2472 397 2500 Isti
414 2471 561 2507 depraedati
578 2478 643 2500 sunt
668 2473 736 2501 Cain
766 2481 814 2508 per
841 2473 970 2501 sacriﬁcii

177 2518 389 2550 aemulationem,
401 2518 522 2554 gigantes
537 2526 585 2554 per
597 2519 764 2553 superbiam,
780 2519 841 2546 illos
862 2520 896 2546 ad
915 2524 972 2546 tur-

180 2572 236 2592 rem
249 2572 298 2600 per
311 2564 358 2592 Dei
373 2565 594 2592 contumaciam:
621 2565 681 2592 illos
710 2565 738 2592 in
770 2565 897 2593 Sodomis
922 2573 970 2599 per

176 2611 353 2646 turpitudinis
384 2610 548 2645 lasciviam};
573 2611 642 2638 Esau
669 2619 717 2646 per
739 2611 968 2639 insatiabilitatem

177 2660 260 2692 atque
269 2657 461 2692 petulantiam;
474 2657 643 2684 Pharaonem
661 2665 707 2692 per
719 2657 765 2685 Dei
782 2662 971 2692 contemptum

177 2709 261 2738 atque
274 2704 470 2739 pertinaciam;
483 2703 543 2730 illos
556 2703 583 2730 in
598 2704 708 2731 deserto
716 2711 764 2738 per
775 2703 968 2736 idololatriam,

178 2750 300 2785 aliosque
317 2750 474 2777 innumeros
495 2750 645 2784 pereadem
665 2749 810 2784 deprwdati
841 2754 914 2781 sunt,
942 2753 969 2776 et

179 2796 221 2824 his
240 2796 348 2830 similia,
363 2800 443 2831 atque
462 2804 510 2830 per
522 2795 589 2823 alias
619 2795 778 2823 innumeras
795 2797 917 2823 rationes
939 2800 967 2823 et

989 1581 1011 1612 C

212 2878 233 2894 "
246 2877 317 2906 Psal.
331 2885 441 2912 Lxxuv,
454 2877 482 2905 ‘2.

523 2878 543 2894 "
558 2877 629 2906 Psal.
646 2885 693 2912 ιιι,
711 2877 736 2907 7.
775 2877 797 2893 ’⁸
808 2877 880 2905 Psal.
895 2885 1007 2912 cum,

1034 160 1106 188 JOD.
1126 177 1162 182 —
1180 160 1245 188 LIB.
1267 161 1288 189 I.
1779 164 1834 192 422

1039 219 1151 255 pmdati
1165 224 1231 247 sunt
1246 227 1262 247 a
1279 219 1379 247 saeculo
1390 224 1418 248 et
1432 220 1624 256 deprmdantur
1636 228 1722 256 usque
1737 224 1765 249 tu
1780 231 1833 251 saa-

1039 265 1142 298 culum,
1158 265 1227 293 alios
1242 273 1292 300 per
1307 265 1435 294 adulterii
1464 267 1659 301 appetentiam,
1677 272 1706 295 ut
1730 269 1831 303 Amon,

1039 311 1108 339 alios
1118 319 1168 347 per
1179 312 1294 339 honoris
1327 312 1524 345 ambitionem,
1553 317 1582 340 ut
1605 312 1736 346 Absalon,
1762 314 1833 344 alios

1038 364 1087 392 per
1098 357 1255 390 avaritiam,
1273 362 1303 385 ιιι
1314 357 1423 385 Iudam.
1450 358 1520 386 Istos
1536 365 1602 394 ergo
1627 359 1740 394 praedati
1768 365 1833 388 sunt

1039 403 1199 438 nequissimi
1226 403 1327 431 diaboli
1340 405 1444 437 hostes,
1463 404 1530 431 alias
1544 409 1634 431 autem
1650 404 1718 433 alios
1732 406 1833 440 deprae-

1038 448 1095 476 dati
1111 453 1185 482 sunt,
1199 452 1229 476 ut
1243 449 1300 477 Noe
1315 449 1411 482 Cham,
1429 449 1547 477 Abrahae
1560 449 1668 484 lsmael,
1695 454 1724 477 ut
1753 450 1831 480 Isaac

1037 494 1163 526 Esau,ut
1180 494 1262 522 Israel
1287 494 1397 523 Simeon
1417 495 1481 524 Levi
1505 500 1533 524 et
1545 495 1650 529 Ruben,
1667 501 1695 524 ut
1723 497 1765 524 Eli
1789 505 1831 525 sa-

1037 540 1141 568 cerdoti
1155 540 1245 575 Ophni
1257 546 1286 568 et
1300 541 1416 569 Phinecs
1428 541 1498 569 ﬁlios
1509 542 1579 576 eius,
1597 546 1627 569 ut
1649 542 1732 570 David
1748 551 1828 579 supe-

1038 586 1095 613 rius
1108 591 1276 615 memoratos
1290 586 1373 620 ﬁlios,
1394 591 1478 622 atque
1503 588 1566 615 aliis
1585 587 1654 616 alios
1671 589 1775 623 primos
1796 597 1829 617 ac

1037 632 1210 661 novissimos.
1218 633 1284 666 Quae
1295 633 1421 661 universa
1428 633 1547 661 scientes
1559 642 1609 662 nos
1621 639 1703 669 atque
1714 635 1823 662 audien-

1037 682 1077 706 tes
1094 678 1268 707 intendamus
1285 684 1366 707 caute
1376 680 1520 708 animabus
1534 681 1647 714 nostris,
1661 689 1694 708 ne
1703 682 1827 716 praeden-

1037 728 1081 751 tur
1093 732 1150 757 nos,
1164 730 1246 760 atque
1260 725 1425 760 populantur
1450 727 1592 761 prazdones
1618 727 1766 761 daemones,
1791 736 1827 756 ne

1036 770 1141 798 dicatur
1152 771 1185 798 de
1197 770 1276 799 nobis
1287 779 1294 798 :
1311 771 1443 799 Venerunt
1455 773 1593 807 prazdones
1601 777 1626 800 et
1639 773 1753 808 pradati
1765 779 1824 802 sunt

1035 823 1088 848 eos,
1104 823 1138 843 ne
1172 816 1368 852 compellamur
1398 816 1477 845 ﬂetus
1507 822 1590 853 atque
1622 818 1824 848 lamentatimiis

1035 861 1169 889 canticum
1179 867 1322 890 cantantes
1334 862 1425 890 dicere
1444 872 1451 890 :
1463 862 1550 897 Super
1558 863 1669 898 flumina
1680 863 1824 900 Babylonia

1033 907 1087 934 illic
1101 908 1215 935 sedimus
1234 913 1260 935 et
1280 909 1443 943 ﬂeuimus".
1473 909 1514 937 0b
1538 917 1621 944 quam
1646 912 1726 938 rem?
1754 912 1824 944 Quia

1032 953 1087 981 illic
1104 955 1333 990 interrogaverunt
1350 964 1407 989 nos,
1422 957 1468 991 qui
1478 957 1594 991 captiuos
1618 957 1750 984 duxerunt
1776 966 1823 985 nos

1031 1000 1107 1027 verba
1124 1002 1275 1028 cantionum
1286 1002 1320 1030 “.
1352 1001 1405 1029 Sed
1426 1010 1488 1029 eum
1516 1003 1574 1030 haec
1601 1003 1692 1030 omnia
1716 1004 1823 1032 audiret

1031 1045 1093 1079 Job,
1108 1047 1176 1073 tanti
1193 1048 1292 1082 peculii
1312 1048 1552 1083 depraedationem,
1579 1053 1663 1083 atque
1688 1049 1823 1077 venientis

1030 1096 1058 1119 et
1072 1094 1208 1120 narrantis
1221 1093 1453 1126 lamentationem,
1472 1101 1521 1122 nec
1549 1094 1695 1129 quidquam
1711 1095 1762 1122 hac
1793 1102 1823 1122 re

1031 1144 1090 1173 quae
1103 1138 1216 1165 obvenit
1229 1139 1339 1173 dignum
1354 1138 1429 1172 fecit,
1440 1139 1487 1167 sed
1501 1140 1603 1174 pariter
1612 1139 1684 1166 hunc
1699 1139 1821 1168 auditum

1029 1185 1178 1216 sustinens,
1190 1184 1289 1212 blande
1304 1184 1444 1212 enarranti
1464 1184 1516 1212 sibi
1542 1185 1682 1223 respondit
1701 1185 1795 1213 dicens
1811 1194 1819 1214 :

1030 1229 1100 1263 Quid
1115 1230 1213 1265 ejulas,
1227 1237 1243 1257 ο
1257 1230 1318 1256 vir'l
1331 1230 1395 1264 quid
1411 1229 1586 1263 lamenteris,
1603 1238 1620 1257 ο
1634 1230 1739 1257 homo?
1775 1231 1822 1258 Di-

1030 1276 1157 1303 vitiarum
1173 1276 1340 1310 possibilitas
1364 1277 1402 1303 ita
1432 1283 1540 1311 semper
1564 1281 1606 1303 est
1627 1276 1772 1309 vertibilis,
1790 1281 1822 1305 ut

1029 1321 1109 1349 hodie
1123 1322 1159 1349 sit
1173 1322 1228 1354 hic,
1251 1322 1371 1349 crastina
1395 1329 1461 1350 vero
1492 1321 1568 1348 alibi.
1599 1321 1633 1348 Et
1655 1322 1820 1357 praesertim,

1030 1366 1125 1402 inquit,
1142 1368 1204 1402 quia
1219 1368 1320 1395 inimici
1345 1368 1457 1403 praedati
1483 1372 1557 1401 sunt,
1579 1368 1644 1403 quia
1669 1369 1820 1397 adversarii

1028 1414 1211 1446 abstulerunt,
1223 1414 1286 1449 quia
1312 1413 1404 1448 injusti
1422 1413 1604 1448 diripuerunt.
1627 1415 1693 1450 Ego,
1720 1415 1819 1451 inquit,

1029 1464 1058 1486 ut
1072 1459 1197 1487 inimicos
1211 1461 1382 1495 acquirerem
1399 1467 1451 1487 non
1468 1460 1559 1495 gessi,
1585 1468 1673 1495 neque
1694 1461 1820 1489 inimicos

1028 1512 1071 1532 me
1087 1506 1179 1540 putavi
1192 1505 1303 1533 habere.
1314 1506 1347 1533 Et
1358 1506 1421 1540 quia
1437 1513 1493 1533 non
1514 1506 1637 1540 peccanti
1652 1506 1820 1534 mihiinimi-

1027 1551 1051 1579 ci
1078 1551 1188 1586 quidem
1206 1551 1295 1579 eil‘ecti
1318 1552 1376 1579 hmc
1401 1551 1595 1586 ingesserunt,
1621 1556 1650 1578 ut
1672 1556 1699 1578 et
1720 1559 1820 1586 pueros

1027 1597 1195 1629 occiderent,
1211 1601 1237 1624 et
1250 1597 1384 1631 peculium
1401 1597 1568 1631 abriperent,
1582 1597 1641 1623 sine
1653 1596 1714 1624 illos
1730 1597 1820 1632 possi-

1027 1643 1092 1670 dere
1105 1643 1164 1670 hate
1179 1651 1240 1670 cum
1253 1643 1404 1678 iniquitate,
1420 1643 1499 1671 nobis
1513 1651 1579 1670 vero
1591 1643 1666 1670 dabit
1681 1643 1752 1670 lleus
1765 1643 1818 1670 alia

1026 1689 1085 1717 sine
1109 1694 1233 1724 peccato.
1254 1689 1308 1717 Sed
1331 1697 1392 1716 cum
1419 1689 1477 1717 haec
1501 1689 1607 1716 audiret
1636 1689 1820 1724 nequissimus

1026 1734 1149 1762 diabolus
1162 1742 1177 1762 a
1192 1736 1272 1763 heato
1280 1734 1345 1768 Job,
1360 1740 1387 1762 et
1403 1743 1451 1762 ore
1472 1736 1555 1769 dicta,
1571 1740 1599 1763 et
1619 1735 1712 1762 animo
1734 1735 1821 1763 medi-

1027 1784 1093 1813 tata,
1111 1781 1273 1815 liquefactus
1289 1781 1360 1808 intra
1375 1782 1562 1816 semetipsum,
1588 1781 1758 1816 insipienter,
1776 1782 1821 1809 in-

1024 1828 1093 1862 quit,
1106 1826 1156 1854 ieci
1172 1833 1202 1855 ut
1225 1828 1366 1863 praedones
1390 1827 1572 1859 nominarem,
1597 1827 1698 1855 abstuli
1723 1835 1739 1855 a
1761 1827 1820 1856 Deo

1025 1874 1095 1901 hanc
1105 1874 1285 1910 culpam.Non
1296 1874 1368 1902 enim
1383 1874 1497 1909 imputat
1506 1874 1559 1901 Deo
1572 1872 1623 1901 Job
1631 1874 1702 1909 quod
1710 1879 1820 1909 gestum

1024 1925 1077 1952 est,
1095 1921 1142 1948 sed
1160 1920 1315 1955 iniquorum
1334 1920 1454 1947 virorum
1475 1920 1613 1954 nequitiae.
1628 1920 1697 1956 Ego,
1716 1920 1817 1955 inquit,

1024 1966 1156 2001 meipsum
1171 1966 1349 1997 circumveni,
1366 1973 1415 2000 ego
1429 1967 1494 1993 mihi
1511 1966 1562 2000 ipsi
1580 1967 1720 1994 contraria
1732 1967 1816 2001 gessi.

1023 2011 1126 2039 Idcirco
1140 2012 1311 2039 consideravi
1332 2012 1396 2045 quid
1421 2011 1530 2044 faciam,
1561 2017 1718 2039 convertam
1745 2018 1819 2040 nunc

1022 2064 1176 2085 sermonem
1192 2058 1225 2084 ad
1241 2057 1373 2089 ctelestia,
1388 2063 1544 2084 convertam
1567 2057 1622 2084 hac
1636 2057 1662 2084 in
1685 2057 1730 2084 Dei
1746 2057 1818 2085 blas-

1023 2104 1169 2139 phemiam.
1201 2103 1263 2130 Haec
1284 2111 1345 2130 cum
1361 2104 1542 2137 nequissimus
1557 2105 1668 2137 cogitat,
1685 2103 1817 2130 continuo

1022 2150 1105 2177 alium
1121 2150 1247 2177 nuntium
1267 2150 1352 2177 mittit
1363 2151 1396 2177 ad
1413 2149 1485 2177 Job:
1503 2149 1556 2182 Qui
1581 2157 1641 2176 cum
1664 2150 1816 2184 ingredere-

1022 2201 1075 2229 tur,
1089 2196 1158 2224 dixit
1170 2196 1195 2223 ei
1205 2203 1216 2223 :
1227 2195 1302 2232 Ignis
1314 2196 1407 2223 cecidit
1423 2196 1454 2223 de
1467 2195 1541 2227 mlo,
1552 2199 1576 2221 et
1587 2195 1729 2222 combussit
1744 2203 1814 2228 oves,

1022 2246 1047 2269 et
1058 2250 1153 2276 pueros
1169 2242 1321 2277 combussit,
1329 2241 1467 2272 similiter.
1482 2246 1507 2268 et
1521 2242 1592 2268 evasi
1613 2249 1661 2276 ego
1681 2241 1753 2268 solus
1765 2260 1773 2274 ,
1788 2247 1815 2269 et

1023 2289 1080 2316 ueni
1095 2293 1123 2316 ut
1137 2287 1184 2315 tibi
1195 2288 1344 2315 nuntiarem
1357 2287 1391 2314 “.
1406 2286 1464 2315 Non
1473 2291 1526 2319 est,
1544 2286 1680 2321 inquit,ut
1695 2292 1723 2314 tu
1738 2287 1814 2315 arbi-

1024 2335 1114 2368 traris,
1127 2341 1144 2362 o
1157 2333 1218 2368 Job,
1235 2334 1308 2369 quod
1322 2341 1356 2361 ex
1383 2334 1538 2361 hominibus
1552 2334 1607 2360 sint
1625 2333 1673 2360 tibi
1692 2332 1735 2360 hre
1746 2333 1812 2361 insi-

1022 2380 1083 2412 diae,
1097 2385 1178 2415 atque
1187 2380 1230 2408 hic
1245 2381 1371 2407 incursus
1386 2387 1393 2406 :
1409 2387 1462 2407 non
1474 2384 1517 2407 est
1530 2387 1562 2406 ex
1579 2379 1734 2406 hominibus
1744 2399 1752 2412 ,
1766 2380 1814 2407 sed

1018 2433 1051 2454 ex
1065 2426 1131 2460 Deo,
1152 2426 1186 2453 de
1201 2425 1278 2453 caelis
1290 2425 1427 2461 est.lguis
1441 2425 1539 2453 cecidit
1557 2426 1590 2452 de
1603 2425 1683 2458 cmlo,
1697 2430 1723 2453 et
1736 2433 1812 2453 com-

1018 2473 1192 2501 bussitoves.
1207 2471 1278 2506 Noli,
1304 2472 1403 2506 inquit,
1432 2472 1603 2507 temetipsum
1628 2471 1770 2505 seducere,
1796 2479 1813 2499 ο

1019 2517 1081 2552 Job,
1100 2517 1154 2546 noli
1170 2517 1287 2552 teipsum
1297 2518 1508 2550 circumvenire,
1531 2525 1584 2545 non
1601 2525 1635 2545 ex
1657 2517 1814 2546 hominibus

1021 2570 1063 2592 est
1073 2564 1284 2597 circumventio,
1297 2564 1343 2591 sed
1357 2572 1390 2591 ex
1407 2563 1461 2591 Deo
1475 2568 1518 2590 est
1531 2564 1581 2591 ista
1606 2563 1810 2591 exterminatio.

1021 2609 1080 2638 Non
1098 2617 1132 2637 ex
1149 2610 1265 2638 terrenis
1280 2610 1327 2637 tibi
1345 2614 1388 2637 est
1413 2609 1458 2636 hic
1477 2609 1620 2642 incursus,
1633 2610 1681 2637 sed
1691 2610 1724 2637 de
1734 2609 1812 2637 ccelis

1020 2662 1062 2685 est
1076 2657 1122 2684 tibi
1142 2656 1194 2684 iste
1205 2656 1340 2684 interitus.
1364 2654 1441 2689 Quod
1461 2656 1484 2683 si
1505 2662 1559 2683 non
1582 2655 1690 2687 credis,
1723 2655 1785 2683 audi
1802 2662 1811 2682 :

1020 2702 1095 2738 Ignis
1107 2702 1200 2729 cecidit
1214 2702 1247 2729 de
1262 2702 1326 2729 caelo
1337 2720 1345 2734 ,
1360 2706 1385 2728 et
1409 2700 1551 2728 combussit
1569 2708 1638 2733 aven,
1664 2706 1688 2727 et
1715 2709 1811 2736 pueros

1020 2748 1152 2775 similiter.
1165 2747 1231 2775 Nam
1245 2754 1307 2775 cum
1321 2754 1387 2775 oves
1399 2746 1584 2779 combureret,
1595 2754 1742 2782 puerorum
1758 2755 1811 2774 non

1020 2799 1062 2823 est
1079 2795 1217 2822 misertus.
1233 2793 1291 2823 Non
1304 2793 1425 2829 pepercit
1438 2793 1608 2828 pastoribus,
1626 2794 1673 2821 sed
1682 2793 1811 2821 similiter

1022 2878 1048 2906 I.
1084 2879 1104 2893 ¹¹
1119 2878 1185 2905 ibid.
1201 2878 1228 2907 3.
1267 2878 1290 2894 ¹¹
1305 2877 1355 2905 Job
1370 2884 1390 2910 ι,
1404 2876 1447 2905 I6.
