4174 6414
360 397 471 454 4‘35

1499 368 1886 451 ANONYMUS
1922 386 1989 442 IN
2028 386 2168 445 JOB.
2214 423 2282 432 -.
2321 368 2452 448 Lui.
2494 378 2533 448 ι.

3540 389 3646 449 426

360 525 435 576 de
462 520 604 575 caelo
636 518 859 580 cecidit,
890 529 1000 573 non
1048 517 1192 584 quod
1225 527 1292 572 ac
1325 514 1466 572 ccelo
1492 516 1588 571 hic
1616 516 1759 588 ignis
1802 516 1943 568 ceci-
1980 515 2024 572 A
2058 518 2414 587 unusquisque
2445 518 2515 572 ad
2546 511 2765 574 ua‘iorem
2808 518 3039 589 proximi
3099 520 3184 573 sui
3235 520 3544 575 Itinniebant
3571 522 3640 575 ".

362 615 529 677 derit,
580 613 672 668 sed
719 614 843 683 quia
892 614 964 669 ita
1018 612 1260 674 ﬁnxerit,
1331 623 1495 681 atque
1544 611 1613 664 ita
1685 609 1953 679 malignus

361 706 635 769 docuerit,
659 714 717 759 ut
748 706 912 762 Deum
938 707 1084 761 circa
1117 705 1219 761 Job
1250 712 1554 770 accusaret,
1581 702 1759 758 et‘Job
1780 701 1947 756 Deum

360 800 749 870 blasphemare
773 800 1146 870 compelleret.
1168 800 1350 855 Tertia
1378 815 1509 872 ergo
1535 814 1631 869 per
1660 800 1763 854 tria
1796 800 1951 870 equi-

366 904 489 947 tum
519 906 749 957 cornua,
779 893 869 962 qui
905 892 1145 948 camelos
1185 892 1586 947 circumdantes
1616 892 1951 947 extermina-

368 995 595 1039 verunt.
634 984 816 1040 Prima
844 1001 974 1057 ergo
998 994 1096 1054 per
1123 986 1403 1055 praadones
1430 985 1617 1054 procul
1649 985 1818 1039 dubio
1849 1000 1947 1053 pe-

360 1078 603 1142 destres,
638 1078 874 1133 secunda
918 1094 1014 1150 per
1039 1080 1214 1149 ignem
1247 1079 1483 1148 desuper
1505 1079 1941 1144 comburentem,

367 1170 532 1224 tertia
562 1186 659 1239 per
684 1171 932 1239 equitum
1004 1173 1105 1226 tria
1144 1188 1349 1228 cornua
1382 1172 1474 1242 qui
1505 1172 1747 1227 camelos
1793 1185 1947 1241 prte—

358 1261 475 1315 dati
510 1270 659 1315 sunt.
701 1260 935 1327 Omnia,
980 1262 1188 1331 inquit,
1236 1263 1351 1318 haec
1394 1265 1583 1334 jacens
1612 1260 1940 1320 sustinebis.

355 1352 721 1410 Job?0mnia
772 1354 889 1410 haec
940 1356 1219 1424 patienter
1272 1356 1638 1426 supportabis,
1679 1369 1713 1408 ο
1746 1349 1945 1407 homo?

354 1448 593 1510 (Icelum,
624 1448 819 1519 inquit,
850 1457 905 1503 et
930 1458 1074 1503 terra
1104 1449 1390 1504 adversum
1421 1452 1473 1504 te
1505 1449 1940 1511 insurrexerunt,

353 1549 412 1593 et
449 1538 617 1593 siles?
665 1538 746 1593 Ad
797 1540 1163 1595 dimicandum
1219 1550 1412 1595 contra
1463 1550 1516 1595 te
1556 1536 1653 1595 Dei
1707 1541 1942 1609 imperio

356 1640 563 1683 armata
596 1641 743 1695 sunt,
774 1640 828 1686 et
861 1630 1045 1687 taces?
1072 1632 1240 1697 Alter,
1280 1633 1477 1702 inquit,
1513 1634 1729 1686 nuntius
1780 1633 1918 1687 venit

353 1724 425 1775 ad
445 1719 574 1785 Job,
610 1721 768 1788 alter,
803 1732 929 1791 post
966 1722 1222 1792 primum,
1257 1735 1484 1778 numero
1515 1737 1652 1777 vero
1686 1722 1882 1777 tertius
1918 1737 1932 1774 :

351 1815 495 1869 alter
529 1816 584 1869 itt
635 1815 905 1881 nequitia,
938 1816 1132 1871 tertius
1178 1830 1309 1871 vero
1348 1816 1401 1871 in
1432 1816 1810 1872 enuntiatione
1847 1816 1942 1870 nti-

351 1907 535 1962 seria.
566 1903 706 1962 Istos
743 1922 982 1977 namque
1011 1908 1375 1977 nequissimos
1424 1909 1645 1964 nuntios
1689 1909 1941 1964 miseria-

353 2014 477 2053 rum
505 2000 919 2055 annuntiatores
938 2010 1102 2070 atque
1133 2002 1395 2055 malorum
1424 2013 1791 2070 suggestores,
1824 2011 1943 2054 tan—

348 2097 518 2159 quam
549 2090 706 2145 bonae
728 2092 1131 2160 praedicationis
1160 2093 1406 2156 nuntios,
1430 2091 1685 2146 mittebat
1721 2091 1942 2161 nequis-

348 2184 549 2240 simus.
597 2183 744 2251 Quos
785 2185 949 2238 etiam
1002 2184 1124 2239 ideo
1179 2192 1477 2253 superesse
1529 2182 1678 2247 fecit,
1716 2194 1774 2237 ut
1825 2181 1942 2251 ejus

352 2276 564 2331 malitia
607 2277 738 2331 huic
785 2276 1135 2331 miseriarum
1178 2267 1578 2331 denunti'ationi
1614 2277 1938 2332 deserviret.

349 2358 469 2418 Non
504 2363 650 2418 enim
681 2363 858 2434 angeli
893 2363 1133 2430 fuerunt,
1168 2364 1309 2419 sicut
1333 2357 1557 2434 quidam
1581 2366 1938 2434 arbitrantur,

348 2460 528 2527 neque
553 2457 834 2527 spiritales
863 2458 1160 2522 daemones,
1188 2458 1283 2513 sed
1324 2458 1577 2515 homines
1617 2458 1837 2529 quidam
1872 2472 1938 2516 ex

349 2548 571 2604 famulis
606 2547 729 2615 Job,
763 2550 1072 2605 conservati
1118 2551 1189 2606 ab
1226 2550 1562 2615 adversario,
1601 2560 1770 2621 atque
1813 2565 1941 2606 suc-

314 2634 499 2698 censi
532 2656 562 2695 a
604 2640 825 2698 diabolo
853 2640 920 2696 ad
952 2641 1177 2697 dicenda
1220 2642 1403 2698 omnia
1432 2656 1498 2697 ac
1538 2642 1809 2708 facienda,
1844 2650 1942 2713 per

345 2748 472 2804 quae
504 2744 730 2805 possent
770 2734 873 2791 Job
913 2736 1242 2792 subvertere
1280 2736 1349 2790 ad
1384 2727 1483 2792 Dei
1519 2721 1939 2807 blasphemiam.

344 2821 572 2883 Tertius
607 2841 739 2899 ergo
781 2827 871 2883 hic
918 2828 1142 2884 nuntius
1174 2827 1324 2883 venit
1369 2828 1440 2884 ad
1474 2824 1598 2892 Job,
1644 2837 1701 2884 et
1747 2828 1940 2884 tertius

345 2919 553 2976 doloris
575 2935 754 2990 praeco
774 2920 849 2975 illi
872 2921 1121 2986 ellectus,
1140 2922 1336 2977 tertius
1354 2921 1701 2988 memoravit,
1716 2921 1903 2977 dicens
1922 2940 1936 2976 :

347 3012 569 3085 Equites
600 3016 837 3082 fecerunt
877 3017 983 3069 tria
1023 3031 1249 3070 cornua.
1279 3013 1380 3083 Qui
1410 3014 1647 3085 equites,
1672 3028 1707 3070 0
1738 3014 1941 3070 homo?

346 3100 595 3159 Mentiris
611 3106 774 3160 etiam
802 3106 926 3161 istic
947 3116 1003 3162 et
1049 3105 1103 3160 in
1151 3107 1366 3172 ovibus,
1397 3121 1520 3161 cum
1548 3105 1762 3162 diceres
1795 3103 1940 3178 quod

2060 607 2153 661 Isti
2193 622 2324 679 ergo
2356 610 2492 665 tales
2530 619 2656 665 sunt
2688 612 2812 681 equi
2845 611 3066 677 diaboli,
3097 612 3184 666 isti
3216 623 3345 667 sunt
3368 614 3493 683 equi
3526 629 3642 667 ma-

2058 700 2210 769 ligni,
2232 711 2287 757 et
2323 703 2411 758 isti
2439 718 2628 759 omnes
2659 706 2749 776 qui
2779 704 3020 775 ejusdem
3054 706 3307 759 serviunt
3336 706 3639 773 iniquitati,

2060 793 2145 847 isti
2174 810 2402 865 quorum
2444 797 2607 865 pedes
2637 797 2690 852 in
2732 797 3114 867 iniquitatibus
3155 786 3407 854 currunt.
3446 797 3643 869 llujns-

2058 886 2201 940 modi
2228 890 2462 958 namque
2488 903 2751 959 equorum
2784 890 2949 957 pedes
2972 888 3185 943 veloces
3209 898 3336 945 sunt
3372 889 3437 942 ad
3468 888 3643 945 eﬂun-

2056 978 2293 1033 dendum
2323 981 2665 1050 sanguinem.
2695 980 2918 1050 Equites
2948 988 3074 1035 sunt
3101 981 3412 1049 nequissimi
3438 981 3639 1036 d:emo-

2056 1085 2154 1127 nes
2217 1081 2381 1143 atque
2432 1073 2575 1128 aerei
2625 1073 2876 1144 spiritus.
2930 1071 3079 1129 Talis
3133 1075 3277 1128 enim
3333 1089 3506 1143 equus
3538 1074 3639 1129 fuit.

2061 1163 2192 1219 olim
2233 1164 2751 1234 Nabuchodonosor,
2778 1170 2870 1224 sed
2908 1185 3010 1224 non
3036 1168 3261 1238 jugiter,
3297 1169 3391 1223 sed
3428 1177 3635 1237 septem

2054 1258 2216 1314 annis
2276 1269 2505 1327 tantum,
2536 1260 2734 1329 quibus
2769 1276 2796 1314 a
2832 1258 3183 1329 nequissimis
3237 1257 3532 1327 equitibus,
3584 1259 3634 1312 id

2053 1350 2523 1415 estdzemonibus,
2577 1351 2943 1419 imparcenter
2991 1360 3074 1407 est
3129 1351 3456 1420 exagitatus.
3489 1349 3637 1405 Talis

2052 1459 2222 1513 equus
2250 1443 2352 1497 fuit
2377 1456 2430 1499 et
2460 1443 2552 1499 ille
2585 1445 2675 1513 qui
2708 1445 2759 1499 in
2796 1443 3108 1515 Evangeliis
3139 1460 3167 1498 a
3202 1444 3413 1514 legione
3439 1443 3637 1499 simili-

2053 1546 2137 1593 ter
2172 1552 2271 1608 per
2294 1537 2509 1593 deserta
2553 1547 2610 1592 et
2637 1551 2735 1607 per
2768 1548 2981 1593 montes
3007 1537 3310 1606 urgebatur
3340 1538 3514 1593 donec
3537 1552 3636 1594 ve-

2050 1626 2209 1681 niens
2260 1626 2523 1681 Dominus
2570 1626 2690 1680 illos
2724 1627 2944 1696 quidem
2988 1626 3160 1682 malos
3197 1627 3429 1697 equites,
3470 1627 3521 1682 id
3552 1636 3637 1685 est

2051 1720 2349 1786 daemones,
2385 1716 2661 1788 eli‘ugavit,
2709 1728 2766 1774 et
2818 1719 2967 1772 illum
3044 1720 3305 1774 miserum
3361 1719 3631 1775 liberavit.

2048 1810 2266 1881 Aliique
2302 1811 2574 1865 innumeri
2628 1827 2656 1864 a
2712 1810 2932 1876 steculo,
2966 1811 3055 1867 alii
3104 1821 3316 1882 aperte,
3374 1811 3464 1867 alii
3504 1828 3636 1869 vero

2044 1904 2274 1965 occulte.
2329 1903 2543 1959 diverse
2590 1918 2655 1959 ac
2709 1902 2860 1958 varie
2908 1904 3215 1960 daemonum
3268 1903 3394 1973 equi
3450 1903 3631 1961 eli‘ecti

2044 2008 2173 2052 sunt
2204 2016 2218 2052 :
2251 1998 2449 2067 quibus
2486 1997 2759 2052 universis
2786 2013 2912 2052 cum
2936 2008 3121 2054 essent
3164 1998 3424 2052 immundi
3466 2008 3632 2069 atque

2043 2089 2433 2154 exsecrabiles,
2460 2089 2512 2143 in
2540 2090 2699 2143 malis
2728 2089 2807 2142 usi
2837 2090 3064 2144 sunteis
3093 2089 3408 2159 nequissimi
3433 2090 3632 2145 diem»

2044 2192 2163 2241 nes,
2193 2177 2317 2231 aliis
2346 2192 2479 2232 sane
2509 2178 2577 2232 ad
2610 2179 2957 2234 velocitatem
3002 2179 3279 2246 homicidii
3317 2191 3374 2235 et
3403 2181 3629 2252 sangui-

2043 2270 2150 2336 nis,
2178 2269 2572 2326 devastationis
2596 2286 2815 2343 quoque
2846 2281 3013 2344 atque
3065 2272 3388 2344 nequissimi
3421 2273 3627 2338 livoris,

2042 2369 2097 2416 et
2122 2362 2364 2417 omnium
2397 2366 2520 2434 quae
2544 2363 2800 2420 voluntas
2842 2364 3041 2421 diaboli
3075 2374 3239 2438 atque
3269 2381 3407 2437 opus
3438 2367 3628 2439 exige-

2042 2452 2156 2510 bat.
2188 2456 2265 2510 De
2307 2456 2426 2512 istis
2455 2470 2586 2526 ergo
2613 2457 2892 2527 equitibus
2930 2451 3063 2515 dicit
3108 2458 3228 2513 istic
3258 2475 3272 2512 :
3301 2457 3521 2527 Equites
3555 2461 3630 2530 fe-

2042 2555 2225 2602 cerunt
2283 2550 2389 2603 tria
2441 2566 2642 2604 cornua
2666 2560 2751 2605 :et
2777 2551 3249 2608 circumdederunt
3278 2554 3528 2610 camelos.
3558 2555 3629 2611 Et

2042 2655 2144 2695 cur
2171 2640 2275 2694 tria
2302 2655 2532 2706 cornua,
2561 2650 2617 2697 et
2644 2658 2749 2697 non
2774 2644 3057 2713 quatuor?
3082 2642 3162 2701 Ob
3190 2644 3295 2701 hoc
3329 2648 3457 2717 quia
3489 2662 3630 2719 qua-s

2044 2739 2168 2786 tuor
2197 2733 2507 2788 reservavit
2550 2749 2652 2805 pro
2686 2745 2926 2803 quatuor
2970 2736 3164 2793 domus
3210 2738 3424 2809 angulis
3456 2740 3522 2795 ad
3546 2740 3631 2797 it»

2043 2822 2392 2880 teriiciendos
2432 2824 2551 2896 ejus
2590 2825 2748 2882 ﬁlios.
2782 2826 2862 2883 0b
2896 2827 3001 2882 hoc
3051 2843 3181 2899 ergo
3242 2846 3349 2885 non
3392 2842 3631 2903 quatuor

2041 2916 2140 2973 sed
2170 2916 2276 2971 tria
2307 2930 2518 2973 cornua
2552 2918 2819 2984 iecerunt,
2844 2919 2949 2976 hoc
2979 2931 3056 2975 est
3094 2920 3394 2989 ﬁnxerunt,
3446 2927 3629 2982 consi-

2042 3011 2410 3079 mulaverunt,
2450 3023 2824 3080 armaverunt,
2871 3025 3058 3087 utpote
3107 3017 3319 3087 equites
3348 3017 3504 3088 equis
3546 3034 3629 3076 se-

2041 3105 2233 3161 dentes
2260 3147 2277 3172 ,
2335 3117 2498 3177 atque
2548 3109 2863 3164 universam
2908 3117 3249 3163 armaturam
3304 3108 3572 3166 habentes
3601 3152 3619 3177 ,

346 3197 492 3265 ignis
520 3197 809 3253 cecidisset
844 3200 910 3253 de
950 3198 1115 3264 caelo,
1141 3199 1392 3268 quinimo
1444 3198 1710 3281 mentitur
1741 3198 1929 3253 diabo.
1960 3214 2003 3287 ο
2045 3197 2298 3254 timorem
2348 3200 2728 3265 ostendentes,
2757 3210 2930 3271 atque
2970 3200 3348 3256 fortitudinem
3398 3202 3628 3259 demon‘

346 3285 436 3340 lus
471 3287 562 3355 qui
603 3286 657 3342 in
697 3297 752 3341 te
784 3287 1047 3356 loquitur.
1091 3287 1229 3353 Illic,
1267 3287 1463 3357 inquit,
1495 3302 1529 3342 ο
1579 3271 1934 3343 callidissime

344 3376 575 3447 Satana,
598 3380 816 3435 voluisti
862 3378 1031 3434 Deum
1079 3382 1404 3452 depravare,
1436 3381 1595 3452 quasi
1638 3381 1822 3452 ignem
1865 3385 1933 3436 de

343 3470 489 3528 caelo
519 3477 684 3543 super
717 3487 849 3527 oves
885 3474 1193 3528 mittentem
1230 3473 1360 3529 :bie
1391 3488 1521 3529 vero
1561 3474 1643 3529 vis
1682 3473 1932 3529 homines

344 3566 601 3621 incusare
629 3566 783 3636 quasi
812 3566 1101 3621 adversum
1131 3563 1232 3622 Job
1254 3566 1658 3622 insurrexerint
1696 3565 1889 3621 illicite
1918 3582 1931 3617 :

344 3667 406 3713 nt
436 3659 581 3714 circa
628 3664 927 3729 utrumque
963 3656 1065 3715 Job
1096 3661 1281 3715 odium
1322 3660 1654 3729 acquireret,
1688 3669 1744 3715 et
1784 3663 1932 3714 circa

344 3751 515 3807 Deum
560 3752 954 3823 blasphemiam
981 3792 997 3817 ,
1028 3761 1082 3807 et
1127 3752 1275 3808 circa
1320 3752 1572 3809 homines
1612 3753 1834 3820 bellum,
1866 3768 1932 3808 ex

342 3844 542 3913 quibus
572 3852 824 3899 neutrum
861 3844 934 3899 illi
964 3845 1192 3900 credere
1224 3845 1491 3914 acquievit
1532 3846 1933 3900 constantissi-

341 3952 467 3991 mus
495 3934 618 3992 Job.
673 3937 782 3993 Sed
830 3938 1007 3994 adhuc
1064 3940 1281 4009 equites,
1324 3939 1521 4009 inquit,
1551 3939 1791 4008 fecerunt
1830 3939 1933 3993 sibi

340 4030 449 4082 tria
483 4045 709 4083 cornua.
735 4029 837 4096 Qui
860 4031 1094 4099 equites,
1118 4047 1151 4086 ο
1178 4032 1381 4087 homo?
1401 4031 1536 4087 Nam
1564 4031 1658 4087 illo
1683 4040 1933 4101 tempore

339 4136 449 4175 non
479 4131 640 4177 erant
661 4123 874 4194 equites
904 4124 1123 4194 plurimi
1151 4126 1294 4181 inter
1318 4125 1587 4191 homines,
1616 4126 1710 4181 sed
1741 4139 1931 4195 quam-

340 4214 565 4282 plurimi
614 4215 895 4269 hominum
931 4218 1234 4287 pedestres,
1260 4219 1522 4273 adversus
1559 4218 1791 4272 invicem
1815 4216 1933 4273 bel-

338 4306 450 4359 lum
495 4307 774 4377 gerebant.
832 4308 934 4374 Qui
982 4323 1114 4378 ergo
1164 4307 1388 4363 fuerunt
1447 4309 1661 4378 equites
1690 4310 1784 4379 qui
1823 4309 1928 4363 tria

338 4413 548 4453 cornua
583 4399 687 4454 sibi
734 4398 1006 4466 fecerunt,
1035 4402 1139 4456 hoc
1176 4411 1282 4470 est,
1307 4402 1398 4473 qui
1432 4402 1632 4472 triplici
1676 4401 1840 4458 modo
1869 4416 1931 4457 se

338 4500 715 4557 armaverunt,
742 4492 833 4563 qui
863 4493 1059 4565 triplici
1090 4494 1279 4564 praelia
1313 4494 1793 4550 circumdederunt
1816 4504 1928 4549 ‘ca-

2041 3300 2281 3348 strantes
2315 3310 2329 3346 :
2355 3291 2575 3364 Equites
2596 3293 2833 3361 Iecerunt
2858 3294 2965 3348 tria
2991 3310 3214 3349 cornua.
3234 3292 3279 3351 Ο
3296 3309 3459 3365 quam
3486 3296 3627 3350 mul-

2040 3383 2278 3453 tiplicem
2318 3384 2740 3455 inquisitionem
2778 3396 2945 3457 atque
2998 3388 3424 3458 disputationem
3462 3389 3626 3447 habet

2037 3472 2129 3533 hic
2161 3490 2344 3531 sermo
2380 3477 2394 3530 l
2447 3474 2693 3531 Primum
2741 3479 2961 3547 quidem
2998 3479 3103 3536 boc
3139 3481 3438 3552 intelligere
3466 3481 3628 3539 debet

2038 3569 2217 3625 omnis
2244 3568 2483 3639 sapiens,
2521 3570 2647 3639 quia
2672 3571 2924 3627 universa
2950 3571 3192 3641 potentia
3211 3586 3375 3642 atque
3408 3575 3625 3630 exerci-

2042 3668 2157 3725 tus,
2187 3668 2244 3715 et
2273 3674 2469 3715 omnes
2499 3660 2804 3716 daemonum
2834 3672 3067 3718 catervas
3097 3663 3255 3718 simul
3283 3664 3394 3718 illic
3426 3678 3628 3720 conve-

2038 3763 2264 3821 nerunt,
2290 3764 2343 3810 et
2371 3757 2583 3826 pariter
2608 3772 2667 3812 se
2701 3758 2990 3811 adversum
3021 3756 3239 3815 butum
3276 3757 3379 3814 Job
3407 3759 3459 3817 in
3488 3776 3626 3830 prae-

2035 3845 2112 3902 lio
2161 3857 2538 3915 armaverunt,
2572 3850 2892 3903 universum
2940 3849 3201 3905 mundum
3231 3849 3621 3920 despexerunt,

2035 3946 2246 3994 tantum
2281 3948 2341 3992 ut
2368 3936 2471 3992 Job
2518 3948 2862 4007 superarent.
2917 3939 3055 3995 Nam
3121 3949 3296 3995 totum
3360 3942 3624 3996 mundum

2036 4045 2192 4085 sttum
2223 4029 2636 4099 indicaverunt,
2672 4039 2729 4084 et
2770 4032 3060 4086 adversum
3091 4030 3265 4086 solum
3293 4028 3395 4085 Job
3421 4030 3623 4087 bellum

2035 4129 2345 4190 gesserunt,
2386 4128 2575 4188 utpote
2631 4119 2758 4189 quia
2816 4136 2923 4174 non
2978 4130 3096 4175 erat
3152 4122 3348 4177 similis
3393 4122 3534 4178 alius
3570 4125 3622 4179 in

2000 4226 2003 4231 '
2037 4220 2151 4267 toto
2181 4210 2404 4264 mundo.
2442 4210 2571 4264 Item
2619 4209 2795 4265 adhuc
2841 4211 2942 4266 tria
2984 4227 3191 4267 cornua
3234 4211 3491 4267 fecerunt
3524 4227 3624 4281 pro

2034 4302 2229 4372 peculii
2266 4303 2710 4372 consumptione,
2737 4312 2791 4357 et
2818 4303 3054 4357 liliorum
3096 4304 3424 4374 perditione,
3460 4316 3623 4376 atque

2034 4396 2280 4465 corporis
2307 4393 2490 4466 plaga,
2523 4407 2782 4463 superare
2807 4409 2931 4449 eum
2967 4396 3225 4451 nitentes.
3258 4395 3384 4450 Tria
3419 4412 3622 4453 cornua

2035 4489 2305 4555 fecerunt,
2341 4490 2468 4559 quia
2524 4497 2581 4544 et
2627 4504 2754 4544 cum
2788 4503 2857 4545 eo
2915 4490 3075 4545 tertio
3118 4494 3398 4561 congressi
3463 4502 3613 4547 sunt.

338 4582 549 4637 melos?
586 4583 663 4638 llli
700 4583 925 4640 fuerunt
964 4586 1242 4655 spiritales
1278 4591 1516 4655 equites.
1550 4585 1605 4639 id
1656 4595 1742 4641 est
1781 4587 1926 4641 aerei
1961 4572 2007 4630 Ῑ)
2037 4582 2216 4637 Semel
2240 4595 2373 4638 sane
2410 4594 2536 4635 cum
2565 4595 2730 4636 omne
2759 4581 3030 4651 peculium
3070 4592 3233 4651 atque
3270 4582 3412 4638 filios
3443 4584 3622 4639 subito

336 4675 585 4745 Spiritus,
614 4676 707 4747 qui
755 4687 956 4732 terram
1001 4687 1314 4749 peragrant,
1352 4681 1442 4749 qui
1498 4678 1721 4749 pelagus
1746 4688 1930 4734 trans-

334 4777 492 4831 eunt,
521 4768 612 4839 qui
638 4784 821 4824 aerem
849 4771 1156 4840 pervolant,
1210 4771 1304 4841 qui
1336 4771 1485 4826 omni
1514 4781 1676 4826 vento
1707 4780 1760 4826 et
1788 4784 1928 4839 aqua

336 4867 505 4928 atque
532 4860 788 4916 omnibus
812 4864 1150 4932 tempestivis
1189 4864 1448 4934 procellis
1489 4865 1929 4921 vehementiores

335 4958 483 5015 sunt,
515 4961 680 5020 atque
712 4953 1015 5009 velociores
1041 4954 1097 5008 in
1128 4970 1254 5008 aera
1282 4970 1381 5010 sua
1422 4956 1732 5025 iniquitate.
1765 4956 1921 5012 Unde

334 5042 499 5095 etiam
536 5044 752 5113 equites
806 5045 967 5116 digne
1007 5046 1375 5117 appellantur,
1417 5048 1509 5119 qui
1538 5063 1702 5118 super
1725 5063 1918 5105 omnes

334 5130 646 5190 luxuriosos
678 5147 842 5207 atque
886 5140 1188 5206 impudicos
1221 5141 1412 5196 sedent
1445 5154 1706 5213 tanquam
1758 5156 1924 5213 super

334 5236 529 5292 equos,
564 5233 621 5280 et
658 5225 817 5296 juxta
849 5230 1151 5299 nequitiam
1191 5246 1346 5286 suam
1372 5232 1656 5302 exagitant
1686 5233 1827 5301 illos,
1863 5243 1921 5289 et

336 5316 403 5369 ad
434 5332 549 5372 sua:
576 5317 890 5390 iniquitatis
920 5334 1084 5393 atque
1129 5324 1482 5394 impudicitiae
1523 5326 1917 5394 perfectionem

334 5420 529 5466 omnes
553 5410 896 5469 insectantur
919 5415 1064 5480 illos,
1090 5417 1158 5471 de
1187 5417 1387 5486 quibus
1419 5418 1617 5473 dicitur
1644 5436 1659 5476 ε
1692 5420 1918 5475 Adulter

334 5502 474 5555 sicut
524 5504 874 5563 admissarius
928 5511 1024 5564 sub
1074 5511 1215 5564 omni
1265 5527 1472 5565 sessore
1520 5511 1693 5566 hinnit
1720 5513 1786 5567 ³³.
1812 5514 1917 5568 Et:

337 5592 520 5650 Nolite
563 5598 682 5667 ﬁeri
735 5603 871 5655 sicut
905 5619 1069 5673 equus
1117 5615 1165 5658 et
1203 5606 1377 5659 mulus
1410 5608 1463 5659 in
1491 5607 1680 5677 quibus
1703 5622 1805 5659 non
1844 5616 1922 5660 est

334 5687 715 5746 intellectus“.
757 5694 822 5748 Et
850 5696 1065 5753 adhuc:
1099 5698 1239 5768 Equi
1281 5699 1592 5753 admissarii
1616 5698 1745 5766 [acti
1771 5713 1917 5766 sunt,

403 5886 634 5942 "Eccii.
660 5902 856 5945 χχχιιι.
889 5887 941 5940 6.
1018 5884 1064 5916 ’⁸
1092 5883 1234 5938 Psal.
1269 5899 1420 5950 χχχι,
1450 5885 1482 5939 9

657 5983 927 6040 l’naou.
954 5978 1051 6039 GR
1115 5977 1312 6039 XVII.

1586 5881 1629 5913 ³⁷
1658 5878 1856 5935 Jerem.
1888 5894 1941 5947 v,
1964 5879 2016 5934 8.

2042 4676 2431 4733 interfecerunt
2467 4691 2482 4739 ;
2518 4675 2779 4740 secundo,
2808 4675 3026 4745 quando
3060 4686 3232 4738 totum
3272 4690 3474 4745 corpus
3505 4676 3622 4747 ejus

2035 4769 2325 4838 putredine
2356 4783 2421 4822 ac
2447 4767 2728 4823 vermibus
2778 4766 3163 4837 repleverunt;
3208 4766 3393 4831 tertio,
3447 4782 3622 4837 quan-

2032 4861 2103 4914 do
2132 4876 2230 4933 per
2259 4874 2488 4916 uxorem
2515 4862 2877 4925 seduxerunt,
2904 4860 3064 4915 amici
3085 4874 3215 4915 vero
3238 4858 3617 4928 culpaverunt.

2030 4956 2225 5010 Adhuc
2255 4964 2435 5009 autem
2454 4954 2557 5008 tria
2573 4968 2776 5008 cornua
2794 4952 3065 5018 fecerunt,
3084 4961 3344 5023 tanquam
3363 4952 3466 5007 tria
3480 4967 3622 5022 prse-

2032 5049 2189 5118 cipua
2216 5061 2283 5102 ac
2305 5046 2626 5115 singularia,
2658 5047 2709 5099 id
2726 5053 2813 5101 est
2851 5059 3023 5115 spem,
3051 5044 3235 5109 tidem,
3265 5044 3620 5110 cbaritatem,

2030 5139 2262 5209 praedari
2287 5152 2412 5194 eum
2438 5147 2723 5194 conantes.
2751 5135 2939 5191 Fidem
2956 5150 3117 5206 quam
3149 5135 3202 5190 in
3225 5135 3319 5190 Dei
3345 5134 3620 5191 culturam

2028 5232 2241 5293 habuit,
2261 5244 2412 5301 spem
2433 5240 2653 5286 aeterna
2668 5227 3009 5284 liberationis
3031 5243 3094 5282 ac
3115 5226 3361 5282 caelestis
3387 5226 3621 5299 refrige-

2030 5326 2121 5389 rii,
2150 5325 2478 5379 charitatem
2495 5324 2641 5377 circa
2659 5324 2823 5377 Deum
2842 5336 2948 5394 qua
2973 5321 3106 5376 nihil
3120 5329 3206 5376 est
3234 5320 3427 5391 majus,
3444 5336 3621 5393 neque

2028 5426 2082 5479 in
2114 5422 2219 5477 hoc
2246 5420 2466 5483 smmtlo,
2494 5434 2670 5489 neque
2705 5420 2757 5473 in
2776 5415 2983 5471 futuro.
3019 5414 3126 5467 Pro
3155 5414 3241 5469 his
3277 5427 3410 5484 ergo
3441 5416 3612 5468 omni-

2030 5515 2132 5569 bus
2164 5512 2411 5568 fecerunt
2436 5511 2539 5565 tria
2575 5524 2783 5564 cornua
2813 5507 3136 5576 nequissimi
3159 5507 3456 5570 daemones,
3496 5521 3619 5561 om-

2031 5621 2129 5662 nes
2152 5606 2361 5676 pariter
2380 5604 2669 5659 adversum
2696 5599 2799 5656 Job
2824 5600 3168 5661 dimicantes,
3198 5612 3392 5654 omnes
3420 5600 3619 5653 unania
3673 5661 3679 5669 ⁸

2033 5700 2193 5753 miter
2217 5698 2507 5753 adversum
2532 5709 2654 5750 eum
2683 5702 2914 5750 stantes.
2947 5689 3108 5747 Solus
3142 5699 3329 5747 autem
3361 5689 3615 5748 diabolus

3291 5954 3363 6017 15
