4174 6434
591 396 693 449 ΗἹ

1725 391 2109 450 ANONYMUS
2148 389 2211 446 IN
2251 392 2388 448 JOB.
2426 427 2486 432 —
2532 391 2658 452 LIB.
2696 398 2739 452 Ι.

3761 404 3865 459 423

588 515 677 585 qui
719 521 802 567 est
856 513 907 566 in
965 513 1255 582 iniquitate
1301 515 1591 578 maximus,
1626 529 1864 583 praesens
1916 512 2018 567 Job
2064 522 2178 565 erat
2211 513 2254 567 Α
2284 515 2376 568 sia:
2410 517 2672 568 unitatem
2703 517 3038 571 incessanter
3059 514 3345 570 dimicant.
3373 514 3479 570 Sed
3505 518 3864 586 quemadmo-

589 605 823 659 snllicite
853 605 1154 660 observans
1208 605 1392 660 infelix
1423 607 1642 675 quando
1678 607 2029 676 blasphemiae
2059 621 2168 660 ser-

591 713 802 752 monem
859 711 926 751 est
974 695 1106 764 justi
1159 697 1301 752 illius
1360 713 1454 753 ore
1514 698 1779 767 potuisset
1833 699 2041 754 audire.
2100 697 2167 751 Et

588 799 795 856 quanto
836 788 1012 856 magis
1038 789 1395 857 torquebatur
1430 788 1531 844 Job
1581 790 1741 844 corde
1797 789 2164 844 lamentabilia

589 880 775 933 nuntia
832 878 1060 934 subinde
1107 881 1401 945 audiendo,
1449 890 1600 934 tanto
1643 881 1762 948 plus
1810 881 2167 950 torquebatur

587 969 834 1025 diabolus
888 985 949 1025 ea
1002 986 1124 1040 qua:
1165 971 1385 1026 volebat
1438 972 1519 1025 vel
1577 971 1939 1037 desiderabat,
1993 972 2043 1026 id
2081 981 2164 1026 est

585 1062 681 1114 Dei
713 1061 1128 1131 blasphemiam,
1167 1062 1234 1117 ab
1262 1078 1327 1115 eo
1363 1078 1465 1117 non
1513 1061 1809 1118 audiendo.
1845 1061 1951 1117 Sed
1983 1063 2163 1117 adhuc

589 1152 690 1205 tria
718 1167 921 1206 cornua
967 1153 1214 1208 fecerunt
1266 1155 1344 1219 hi,
1380 1155 1473 1224 qui
1523 1156 1786 1208 adversus
1819 1155 1922 1208 tria
1963 1154 2160 1210 saacula

584 1246 654 1298 ab
699 1244 856 1298 initio
899 1255 953 1298 et
1003 1260 1172 1316 usque
1216 1245 1268 1300 in
1321 1245 1481 1300 ﬁnem
1526 1245 1723 1300 bellum
1771 1256 2076 1317 gesserunt,
2106 1255 2162 1300 et

588 1335 852 1390 adversus
881 1349 1002 1389 eum
1030 1337 1120 1405 qui
1151 1337 1218 1392 ab
1249 1338 1405 1392 initio
1437 1337 1538 1392 fuit
1574 1353 1746 1406 usque
1775 1340 1841 1392 ad
1873 1338 2156 1406 diluvium,

582 1438 636 1481 et
674 1443 702 1481 a
732 1428 936 1482 diluvio
982 1443 1153 1498 usque
1197 1431 1264 1484 ad
1291 1431 1593 1498 passionem
1618 1441 1670 1485 et
1703 1433 2157 1487 resurrectionem

580 1521 795 1575 Domini
833 1521 1058 1578 Christi.
1083 1533 1139 1576 et
1167 1538 1338 1592 usque
1391 1525 1441 1578 in
1499 1526 1658 1578 linem
1694 1533 1749 1577 et
1796 1525 2159 1579 resurrectio-

583 1628 703 1666 nem
735 1612 998 1665 omnimn.
1028 1612 1092 1666 Et
1113 1613 1293 1668 adhuc
1328 1614 1427 1668 tria
1466 1629 1670 1669 cornua
1701 1613 1949 1669 fecerunt
1977 1615 2032 1668 hi
2061 1615 2153 1684 qui

578 1704 840 1757 adversus
878 1704 978 1755 tria
1013 1704 1288 1766 dimicant,
1334 1706 1594 1759 adversus
1640 1704 1810 1776 legem
1840 1717 1894 1759 et
1930 1706 2159 1776 prophe-

579 1805 661 1848 tas
715 1804 878 1863 atque
922 1794 1214 1863 apostolos.
1250 1797 1552 1851 Adversum
1625 1796 1797 1866 legem
1857 1812 2011 1861 sane,
2057 1811 2155 1866 per

573 1884 843 1940 idolorum
899 1887 1241 1955 iniquitatem
1263 1927 1279 1950 ,

575 1977 1078 2047 pscudoprophetas
1112 1997 1125 2033 :
1159 1981 1287 2036 item
1332 1990 1388 2036 et
1416 1981 1679 2035 adversus
1727 1979 2003 2051 apostolos
2053 1995 2150 2049 per

571 2070 736 2126 falsos
774 2071 1066 2140 apostolos.
1113 2072 1239 2127 Post
1270 2089 1391 2143 quze
1422 2074 1669 2129 universa
1695 2117 1711 2142 ,
1746 2091 1778 2130 ο
1809 2077 1992 2142 amici,
2026 2078 2151 2131 ulti-

571 2179 715 2217 mam
741 2164 924 2218 audite
956 2165 1400 2234 disputationem.
1436 2168 1742 2223 Adversum
1775 2167 1880 2222 Job
1911 2169 2064 2233 olim,
2091 2181 2144 2224 et

571 2255 836 2311 adversus
886 2271 1074 2312 omnes
1134 2258 1534 2328 subsequenter
1579 2261 1755 2315 tribus
1782 2261 2040 2317 cornibus
2067 2263 2146 2318 di-

571 2348 816 2413 micavit,
856 2350 1030 2404 tribus
1077 2350 1340 2405 cornibus
1394 2365 1723 2420 congressus
1780 2362 1884 2418 est,
1943 2354 2142 2424 triplici

569 2439 727 2494 modo
783 2440 1034 2503 tentavit,
1076 2439 1229 2509 juxta
1289 2444 1470 2496 omnia
1525 2458 1646 2512 qua:
1699 2455 1915 2498 ostensa
1974 2453 2137 2516 atque

565 2539 864 2584 memorata
929 2538 1072 2585 sunt.
1146 2528 1300 2586 Nunc
1362 2547 1488 2587 vero
1550 2535 1861 2590 novissimis
1924 2547 2136 2608 tempo-

565 2622 737 2686 ribus,
808 2632 972 2693 atque
1018 2623 1070 2677 in
1114 2624 1304 2678 ultimo
1356 2625 1575 2690 saaculo,
1633 2642 1739 2682 non
1793 2629 1844 2683 in
1889 2630 1973 2685 bis
2008 2630 2141 2685 solis

565 2713 736 2768 tribus
769 2713 1024 2769 rornibus
1051 2714 1299 2780 dimicat,
1333 2716 1529 2785 triplici
1567 2719 1728 2773 modo
1766 2721 2136 2790 congreditur,

565 2809 660 2863 sed
689 2806 836 2860 mille
865 2808 1062 2870 modis,
1090 2823 1153 2864 ac
1178 2809 1545 2880 multipliciter
1573 2811 1816 2879 dimicat,
1842 2813 2136 2884 congredi-

563 2912 651 2954 Iur
678 2910 732 2954 et
765 2908 957 2964 tentat,
1011 2899 1323 2966 insidiatur,
1372 2903 1583 2956 seducit
1640 2915 1799 2971 atque
1847 2906 2134 2972 subvertit,

561 3007 658 3058 per
679 2991 1082 3054 multitudinem
1117 2992 1405 3055 luerosum,
1432 3009 1526 3062 per
1554 2994 1868 3050 innumeros
1893 3011 2130 3062 errores,

555 3098 654 3152 per
690 3082 1028 3139 abundantes
1061 3083 1392 3147 seductores,
1433 3100 1529 3156 per
1565 3087 2009 3153 pscudocbristos
2067 3104 2132 3144 ac

554 3173 1036 3239 pseudodoctores,
1089 3173 1288 3242 quibus
1332 3174 1419 3229 hic
1474 3176 1704 3230 mundus
1747 3176 1982 3248 repletus
2023 3189 2127 3240 est.

2275 607 2400 658 dum
2446 616 2575 662 tunc
2630 608 2800 660 tribus
2847 607 3109 661 cornibus
3153 607 3413 662 adversus
3459 605 3560 659 Job
3601 622 3863 676 congres-

2275 713 2389 762 sus,
2425 714 2545 752 cum
2575 698 2897 753 confusione
2927 707 3009 752 est
3037 709 3347 768 superatus,
3378 699 3511 752 nihil
3559 700 3863 768 przevalens

2271 787 2535 842 adversus
2575 786 2676 842 Job
2703 807 2714 840 :
2739 788 2819 843 sic
2869 801 2923 844 et
2960 803 3106 842 nunc
3149 789 3336 842 multis
3383 790 3560 842 modis
3598 791 3862 845 adversus

2272 877 2566 932 Ecclesiam
2622 894 2951 951 congressus
2983 889 3089 943 est,
3117 889 3174 933 et
3203 895 3298 949 per
3330 880 3649 936 innumeras
3689 883 3860 937 hazre-

2269 985 2357 1024 ses
2409 971 2670 1026 adversus
2713 987 2835 1026 eam
2885 971 3178 1037 dimicans,
3243 982 3530 1026 revocatur
3574 972 3855 1040 confusus,

2270 1063 2404 1117 nihil
2431 1064 2729 1132 praavalens
2745 1077 2872 1117 vere
2886 1063 3238 1118 credentibus
3274 1062 3581 1118 animabus.
3611 1063 3854 1119 Firmum

2267 1153 2412 1206 enim
2447 1153 2850 1207 ﬁrmamentum
2896 1153 2989 1207 Dei
3046 1153 3248 1206 stabit:
3279 1150 3342 1205 Et
3368 1164 3532 1220 portw
3561 1153 3854 1222 inferorum

2267 1260 2372 1296 non
2406 1243 2762 1314 praevalebunt
2796 1243 3048 1298 adversus
3083 1259 3198 1296 eam
3217 1243 3284 1306 ’⁸,
3313 1243 3453 1296 sicut
3492 1243 3624 1298 dicit
3664 1241 3850 1298 Domi-

2265 1350 2388 1400 nus,
2435 1347 2620 1404 portas
2679 1335 2878 1390 inferni
2948 1340 3325 1401 memorando,
3381 1337 3627 1390 diversas
3674 1345 3851 1391 sectas

2262 1436 2424 1496 atque
2449 1428 2688 1483 hazreses
2716 1428 3039 1492 inﬁdelium,
3059 1443 3179 1498 quae
3211 1444 3381 1498 usque
3405 1428 3470 1483 ad
3495 1438 3679 1498 portas
3715 1428 3848 1484 infe-

2266 1534 2446 1573 rorum
2487 1519 2766 1575 deducunt
2793 1535 2983 1576 omnes
3005 1519 3097 1591 qui
3121 1535 3216 1576 eos
3242 1533 3542 1576 sectantur.
3578 1522 3708 1577 Post
3727 1537 3848 1592 qua:

2261 1610 2538 1677 universa,
2589 1610 2768 1666 adhuc
2817 1627 2986 1665 unum
3038 1611 3409 1667 advertamus.
3455 1612 3585 1666 Tria
3637 1627 3842 1667 cornua

2262 1701 2389 1756 fecit
2429 1701 2678 1758 diabolus
2733 1703 2788 1757 in
2831 1711 3018 1772 typum
3064 1713 3228 1773 atque
3278 1703 3507 1772 ﬁguram
3558 1703 3843 1774 trionyma:

2261 1792 2408 1847 illius
2439 1803 2620 1861 sectae,
2647 1794 2921 1864 triumque
2951 1795 3173 1849 deorum
3201 1795 3445 1860 haeresis,
3475 1810 3594 1866 qua:
3625 1797 3842 1850 univer-

1353 1889 1613 1942 adversus
1685 1887 1988 1958 prophetas
2056 1902 2152 1958 per
2184 1887 2226 1942 B
2256 1901 2372 1939 sum
2405 1886 2594 1941 orbem
2633 1895 2792 1941 terrae
2823 1888 2876 1940 in
2917 1888 3136 1940 modum
3196 1889 3542 1942 tenebrarum
3589 1888 3835 1958 replevit,

2252 1991 2372 2044 qua:
2395 1973 2610 2030 Patrem
2635 1985 2690 2031 ct
2724 1975 2919 2031 Filium
2944 1987 3000 2030 et
3030 1975 3288 2046 Spiritum
3321 1989 3565 2032 sanctum
3594 1979 3839 2048 aliquan-

2250 2068 2320 2122 do
2353 2079 2609 2138 tanquam
2661 2078 2771 2123 tres
2822 2069 2970 2135 colit,
3004 2083 3392 2139 nonnunquam
3425 2085 3590 2124 unum
3625 2072 3833 2134 adorat,

2248 2163 2701 2230 quemadmodum
2728 2161 3038 2216 Graecorum
3061 2160 3243 2230 lingua
3273 2173 3631 2230 memoratur,
3661 2165 3834 2218 triada

2250 2252 2330 2307 vel
2374 2253 2686 2308 homusiou.
2730 2253 2889 2307 Istam
2927 2268 3057 2322 ergo
3091 2249 3378 2308 Trinitatis
3409 2264 3612 2308 sectam
3640 2264 3693 2310 et
3718 2255 3834 2310 ha:-

2251 2346 2412 2398 resim
2451 2356 2615 2415 atque
2658 2344 3034 2400 infidelitatem
3064 2342 3179 2412 jam
3226 2345 3356 2400 olim
3391 2346 3460 2400 de
3489 2345 3648 2416 longe
3685 2348 3834 2400 desi-

2245 2453 2422 2508 gnans
2457 2438 2872 2492 versutissimus
2905 2438 2995 2492 ille
3019 2435 3270 2494 diabolus
3301 2438 3402 2492 tria
3439 2453 3646 2492 cornua
3682 2439 3831 2494 misit

2244 2531 2309 2584 ad
2338 2530 2440 2586 Job
2490 2530 2935 2600 deprazdandum.
2969 2530 3060 2586 Sic
3092 2547 3325 2603 namque
3349 2532 3512 2586 etiam
3547 2547 3688 2587 nunc
3716 2548 3831 2586 me-

2245 2634 2454 2678 morata
2503 2625 2772 2695 trionyma
2823 2625 3071 2690 haeresis,
3110 2626 3412 2694 prmsertim
3441 2625 3715 2695 praedatur
3745 2636 3829 2678 at—

2242 2731 2347 2784 que
2380 2723 2656 2785 expugnat
2687 2715 3009 2772 Ecclesiam.
3049 2715 3155 2771 Sed
3197 2732 3319 2770 cum
3354 2717 3564 2772 videret
3605 2718 3827 2786 nequis-

2241 2807 2410 2860 simus
2458 2806 2706 2862 diabolus
2746 2809 2890 2877 quod
2946 2807 3080 2861 nihil
3128 2806 3452 2876 profecisset
3498 2823 3596 2878 per
3639 2809 3824 2862 omnia

2239 2915 2359 2967 qua:
2390 2900 2576 2969 gessit,
2615 2899 2811 2969 adjecit
2842 2900 2943 2955 hoc
2977 2902 3117 2970 quod
3147 2909 3265 2954 erat
3293 2902 3613 2961 maximum,
3651 2911 3819 2970 atque

2238 2991 2539 3044 mirabilem
2573 2989 2640 3062 [f.
2683 2989 3070 3064 miserabilem]
3108 2992 3342 3046 ﬁliorum
3373 2992 3821 3047 internecionem.

2237 3083 2521 3152 Sagittavit
2540 3085 2708 3152 prima
2728 3087 2945 3154 sagitta,
2964 3094 3141 3140 etnon
3163 3084 3708 3153 vulneravitjuslum.
3728 3082 3823 3138 Sa-

2236 3175 2451 3237 gittavit
2477 3179 2711 3230 secunda
2731 3177 3210 3246 perieulosiore,ct
3235 3193 3342 3231 non
3363 3177 3497 3232 lmsit
3523 3178 3575 3232 in
3595 3179 3822 3232 veritate

555 3277 693 3330 quos
731 3264 1102 3330 nequissimus
1128 3265 1437 3330 seminavit,
1463 3281 1602 3334 quos
1629 3269 2008 3325 atrocissimus
2037 3271 2128 3326 ille
2159 3240 2200 3296 ε
2241 3265 2546 3324 fundatum.
2591 3269 2880 3336 Sagittavit
2910 3277 2964 3322 et
3005 3268 3161 3322 tertia
3194 3284 3288 3338 per
3333 3269 3435 3322 tria
3469 3283 3695 3333 cornua,
3725 3269 3819 3321 sed

555 3353 828 3416 produxit,
859 3367 996 3422 quos
1031 3353 1461 3424 malignissimus
1499 3355 1650 3419 fecit,
1687 3357 1877 3414 ﬂorem
1920 3370 1977 3414 et
2010 3359 2125 3415 fru-

553 3453 697 3500 ctum
724 3443 777 3495 in
810 3443 1128 3498 inﬁdelitate
1156 3455 1319 3514 atque
1348 3460 1538 3501 errore
1570 3447 1765 3503 afferre
1791 3451 2126 3520 coegit,qui-

553 3533 652 3589 bus
687 3535 796 3600 hic,
837 3547 894 3589 ut
927 3536 1184 3601 diximus,
1222 3540 1452 3592 mundus
1484 3539 1715 3607 repletus
1749 3551 1851 3608 est,
1893 3543 1985 3611 qui
2028 3559 2124 3599 ve-

549 3639 753 3680 nerunt
800 3639 854 3682 et
912 3629 1142 3684 veniunt
1207 3631 1258 3684 in
1313 3631 1479 3684 verbo
1540 3632 1775 3699 Domini,
1811 3633 1864 3688 in
1917 3636 2120 3690 vestitu

546 3716 752 3780 ovium,
782 3717 1112 3772 intrinsecus
1137 3731 1316 3774 autem
1345 3730 1471 3774 sunt
1505 3719 1612 3790 lupi
1647 3738 1888 3792 rapaces,
1925 3740 2120 3782 nomen

543 3808 982 3863 Christianorum
1023 3810 1309 3878 habentes,
1338 3824 1503 3882 atque
1535 3815 1774 3884 speciem
1797 3818 2042 3885 pietatis,
2068 3831 2122 3874 et

543 3898 824 3952 erroribus
849 3909 903 3953 et
928 3901 1295 3970 impietatihus
1309 3913 1470 3973 atque
1497 3906 1903 3963 seductionibus
1930 3910 2119 3965 referti

544 4000 691 4044 sunt.
730 3988 819 4044 Isti
852 4001 975 4046 sunt
1003 4008 1143 4048 vera:
1190 3993 1369 4060 ianua:
1403 3997 1612 4062 mortis,
1656 4008 1710 4051 et
1742 3999 1842 4055 via:
1893 4001 2114 4057 inferni.

541 4079 633 4136 Isti
671 4093 796 4136 sunt
829 4083 919 4152 qui
953 4099 981 4137 a
1008 4086 1236 4140 veritate
1275 4087 1541 4155 plurimos
1580 4093 2027 4160 prmvaricantur,
2061 4107 2116 4151 et

538 4189 568 4228 tt
599 4173 704 4228 [ide
734 4176 1047 4231 innumeros
1079 4177 1338 4234 aberrare
1371 4179 1599 4234 faciunt.
1646 4179 1739 4237 Isti
1787 4195 1917 4239 sunt
1948 4187 2114 4240 mini-

538 4266 642 4320 stri
671 4266 890 4337 maligni
917 4266 1135 4333 diaboli,
1177 4279 1338 4340 atque
1381 4273 1556 4328 nuntii
1585 4276 1814 4330 veritate
1835 4290 2111 4336 carentes.

536 4357 626 4410 l'sti
657 4367 785 4412 sunt
817 4360 946 4414 caeci
971 4359 1137 4414 duces
1163 4376 1453 4418 caecorum.
1490 4362 1580 4420 lsti
1618 4377 1748 4420 sunt
1778 4368 1950 4424 nubes
1990 4370 2110 4424 sine

533 4462 697 4515 aqua,
733 4448 928 4502 nebula
981 4464 1011 4503 a
1059 4462 1379 4518 tempestate
1416 4453 1622 4521 fugata,
1674 4456 1876 4524 quibus
1909 4459 2107 4530 caligo,

528 4537 618 4592 vel
657 4537 851 4591 nebula
907 4539 1226 4594 interiorum
1281 4543 1626 4598 tenebrarum
1662 4547 1821 4616 digne
1861 4562 2110 4605 servatur

528 4639 690 4696 atque.
717 4630 1046 4684 custoditur.
1079 4632 1214 4686 Istos
1257 4646 1387 4702 ergo
1419 4632 1714 4703 fugiamus,
1745 4653 1779 4691 ο
1810 4639 1936 4705 viri,
1971 4639 2104 4694 istos

529 4723 633 4774 late
681 4722 1000 4789 devitemus,
1035 4740 1068 4777 ο
1117 4725 1299 4780 amici.
1334 4725 1474 4781 Istos
1517 4729 1646 4784 odio
1694 4730 2018 4799 habeamus,
2047 4742 2103 4788 et

527 4814 901 4867 infidelitatem
957 4826 1122 4885 atque
1167 4832 1414 4874 errorem
1467 4821 1558 4888 qui
1619 4823 1670 4874 in
1705 4821 1786 4877 eis
1817 4833 1921 4889 est,
1952 4825 2102 4880 velut

523 4904 798 4958 flammam
865 4905 1002 4976 ignis
1055 4908 1418 4975 declinemus,
1467 4925 1567 4979 pro
1615 4927 1679 4966 eo
1733 4929 1800 4967 ne
1833 4929 1955 4968 cum
1992 4915 2098 4971 illis

519 4994 754 5049 ﬂamma:
786 4996 1218 5069 inexstinguibili
1259 5002 1310 5054 in
1343 5002 1428 5056 die
1465 5002 1663 5059 furoris
1689 5015 1854 5074 atque
1883 5007 2098 5061 revela-

523 5085 684 5139 tionis
731 5086 865 5156 justi
914 5087 1103 5156 jndicii
1141 5090 1234 5145 Dei
1289 5094 1686 5162 mancipenmr.
1721 5093 1849 5150 Haec
1889 5096 2098 5152 scilicet

516 5177 770 5231 universa
805 5181 1246 5245 memoravimus,
1284 5181 1409 5251 quia
1441 5183 1546 5237 tria
1584 5199 1788 5238 cornua
1829 5186 1895 5240 ad
1935 5187 2095 5240 dimi-

516 5268 747 5323 candum
774 5279 936 5341 atque
968 5275 1425 5343 congrediendum
1451 5277 1712 5332 adversus
1734 5276 1834 5333 Job
1872 5281 2092 5349 nequis-

515 5361 635 5414 simi
665 5361 937 5418 daamones
979 5364 1248 5420 fecerunt.
1287 5368 1367 5422 Ad
1420 5368 1792 5424 dimicandum
1824 5386 1952 5425 vero
1996 5373 2090 5427 ad-

515 5467 707 5508 versus
734 5453 940 5509 Eeclesi
981 5472 1032 5510 m
1066 5473 1170 5511 non
1222 5459 1322 5513 tria
1359 5468 1566 5515 tantum
1619 5477 1845 5531 cornua,
1873 5467 1966 5519 sed
2008 5466 2089 5519 in-

513 5561 733 5599 numera
798 5555 958 5614 atque
1006 5549 1405 5608 inzestimabilia
1463 5571 1652 5612 omnes
1724 5568 1885 5613 secta:
1925 5568 2086 5628 atque

508 5641 740 5694 lnercses
759 5636 966 5701 faciunt
1007 5657 1102 5708 per
1128 5658 1262 5714 quas
1294 5646 1580 5706 universas
1610 5651 1871 5707 adversus
1895 5650 2086 5707 Eccle-

582 5819 626 5850 ’⁸
654 5817 843 5876 Matth.
864 5836 974 5888 xvr,
1009 5819 1092 5877 18.

2237 3356 2352 3411 haec
2379 3357 2626 3411 inefﬁcax
2660 3358 2869 3412 exstitit
2889 3373 2986 3429 per
3010 3359 3375 3414 tolerantiam.
3407 3358 3514 3414 Ista
3540 3374 3668 3430 ergo
3694 3375 3817 3413 cum

2232 3450 2334 3506 Job
2365 3460 2665 3505 retrorsum
2698 3468 2804 3507 non
2840 3462 3135 3519 averteret,
3181 3451 3381 3516 Unam,
3413 3452 3612 3522 inquit,
3645 3451 3819 3505 habeo

2233 3544 2407 3599 adhuc
2435 3545 2814 3609 novissimum,
2854 3561 2917 3600 ac
2956 3545 3343 3600 terribiliorem
3377 3543 3619 3598 ultimam
3657 3553 3818 3612 atque

2234 3635 2748 3701 lamentabiliorem,
2800 3637 2852 3692 id
2880 3647 2966 3691 est
3010 3637 3244 3690 filiorum
3288 3637 3720 3690 internecionem
3751 3651 3815 3690 ac

2230 3728 2610 3797 perditionem,
2646 3737 2896 3784 natorum
2925 3729 3248 3799 supplicimn
3297 3737 3461 3798 atque
3493 3729 3802 3782 comminu-

2232 3819 2452 3874 tionem.
2521 3817 2778 3881 Sustulit,
2840 3820 3033 3888 inquit,
3097 3829 3261 3888 atque
3316 3818 3576 3874 sustinuit
3627 3818 3808 3888 priora

2227 3924 2349 3966 cum
2387 3911 2453 3965 de
2493 3911 2618 3965 ﬁliis
2649 3926 2708 3966 se
2764 3909 3165 3977 consolaretur,
3198 3909 3293 3964 sed
3339 3910 3498 3964 istam
3536 3924 3643 3963 non
3682 3925 3809 3977 sup-

2228 4005 2463 4074 portabit
2505 4020 2680 4074 neque
2723 4004 3031 4058 sustinebit.
3085 4003 3200 4058 Hoc
3241 4017 3372 4075 ergo
3420 4001 3642 4074 faciam,
3699 4019 3808 4056 non

2224 4095 2400 4149 sinam
2429 4109 2550 4148 eum
2590 4094 2885 4164 respirare,
2916 4109 3019 4148 non
3053 4095 3366 4165 permittam
3399 4093 3667 4164 resipisci,
3700 4109 3806 4147 non

2222 4185 2532 4254 permittam
2580 4183 2873 4248 consolari,
2905 4185 3000 4239 sed
3045 4185 3438 4255 subsequenter
3467 4196 3629 4255 atque
3673 4186 3803 4238 sub-

2222 4276 2348 4330 inde
2391 4275 2832 4330 lamentabilibus
2877 4291 3000 4330 eum
3048 4276 3254 4331 nuntiis
3301 4275 3635 4345 inquietabo.
3675 4273 3803 4330 Haec

2219 4383 2342 4424 cum
2377 4377 2576 4422 tractat
2619 4367 3012 4435 nequissimus,
3047 4378 3211 4436 atque
3253 4367 3395 4436 apud
3444 4367 3798 4436 semetipsum

2219 4459 2486 4529 loquitur,
2539 4458 2824 4512 confestim
2869 4473 2934 4513 ea
2989 4459 3327 4526 adimplevit.
3385 4457 3576 4513 Merito
3622 4458 3801 4512 adlmc

2218 4551 2496 4606 anteriore
2529 4549 2782 4618 loquente
2815 4549 2959 4602 alius
2989 4550 3213 4602 nuntius
3243 4550 3393 4602 venit
3429 4548 3495 4602 ad
3531 4546 3652 4603 Job.
3678 4546 3798 4600 Non

2212 4645 2498 4715 quieverat
2543 4643 2693 4712 prior
2737 4641 3009 4696 narrando
3051 4639 3214 4704 mala,
3249 4652 3304 4695 et
3333 4640 3627 4709 incipiebat
3655 4639 3800 4693 alter

2213 4749 2437 4789 narrare
2488 4735 2745 4803 pessima.
2781 4733 2898 4788 Non
2930 4731 3256 4788 occurrebat
3302 4733 3460 4786 beato
3505 4730 3606 4786 Job
3645 4731 3797 4800 inge-

2212 4828 2440 4882 miscere
2486 4842 2584 4896 pro
2642 4826 2920 4895 prioribus
2966 4824 3267 4887 doloribus,
3306 4831 3528 4891 propter
3571 4821 3708 4874 alias
3740 4828 3796 4874 et

2209 4918 2398 4971 varias
2423 4917 2704 4987 angustias
2739 4929 2860 4985 quae
2885 4913 3343 4983 superveniebant
3369 4911 3464 4965 illi.
3490 4911 3545 4964 In
3575 4911 3792 4964 modum

2207 5019 2388 5062 autem
2438 5008 2842 5062 vehementium
2927 5020 3193 5074 aquarum
3255 5002 3492 5058 diversis
3556 5002 3793 5054 miseriis

2196 5097 2326 5166 justi
2361 5098 2502 5152 illius
2537 5099 2775 5150 animam
2813 5095 3080 5149 inundare
3116 5093 3484 5162 nequissimus
3518 5106 3788 5161 propera-

2203 5189 2315 5244 bat.
2359 5187 2510 5241 Alter
2556 5201 2686 5254 ergo
2727 5185 2951 5238 nuntius
2994 5184 3144 5237 venit
3188 5182 3256 5235 ad
3309 5179 3438 5244 Job,
3475 5181 3612 5233 alter
3670 5188 3792 5248 post

2203 5281 2557 5344 anteriorem,
2584 5287 2811 5347 quartus
2846 5291 2976 5330 vero
3011 5289 3264 5331 nmnero.
3311 5273 3462 5327 Alter
3495 5287 3626 5327 vero
3658 5287 3789 5324 nun-

2203 5372 2308 5426 tius
2340 5371 2487 5426 venit
2532 5369 2599 5422 ad
2633 5365 2754 5432 Job,
2796 5377 3015 5438 propter
3069 5367 3382 5420 nuntiorum
3430 5379 3493 5419 ac
3535 5363 3785 5418 dolorum

2199 5473 2366 5532 atque
2421 5460 2685 5514 malorum
2736 5459 3137 5512 diversitatem.
3187 5457 3340 5510 Alter
3382 5455 3610 5509 nuntius
3638 5455 3785 5506 venit

2200 5557 2265 5609 ad
2295 5554 2417 5621 Job,
2451 5564 2504 5607 et
2532 5551 2665 5606 dicit
2693 5551 2740 5605 ei
2769 5570 2780 5603 :
2808 5549 2948 5604 Ecce
2976 5557 3232 5618 quartus,
3263 5549 3462 5618 inquit,
3496 5545 3781 5616 praestolor

2199 5647 2315 5714 tibi,
2352 5661 2384 5700 ο
2411 5643 2536 5712 Job,
2567 5642 2821 5699 dolorum
2868 5640 3094 5695 nuntius
3129 5647 3293 5710 atque
3339 5638 3604 5695 malorum
3640 5652 3779 5706 prte-
