4174 6402
358 439 464 494 429

1490 428 1874 494 ANONYMUS
1910 429 1980 492 1N
2016 424 2158 496 tos.
2198 469 2268 479 —
2303 427 2433 492 LIB.
2477 438 2518 492 ι.

3514 440 3620 496 450

359 576 446 624 co,
475 567 527 614 et
550 572 657 613 non
695 551 1027 623 succumbis,
1054 571 1229 629 neque
1257 557 1450 614 deﬁcis
1469 559 1493 612 ‘i
1515 558 1622 614 Sed
1644 559 1772 614 licet
1791 543 1939 629 prio-
1965 566 2014 622 Α
2043 558 2288 628 profecto
2316 560 2592 614 aestimans
2620 559 2764 628 quod
2799 559 3025 614 mortuis
3053 559 3179 616 ﬁliis
3217 559 3338 616 ﬁliae
3363 577 3621 632 superes-

362 652 512 705 ribus
547 664 651 704 non
697 650 1070 715 succubueris,
1128 649 1442 706 novissimis
1475 661 1656 705 tamen
1682 667 1938 707 succum-

360 742 455 795 bes
491 747 548 794 et
595 738 818 809 pavebis
872 748 1036 809 atque
1089 739 1332 803 deﬁcies,
1396 754 1519 794 cum
1582 740 1938 794 novissimum

2044 659 2164 704 sent
2197 650 2247 704 ei
2278 650 2344 704 ad
2369 648 2816 712 consolationem,
2852 650 3235 706 consolaretur
3262 668 3342 706 se.
3379 650 3462 708 0b
3494 653 3620 718 ltoc,

2042 739 2240 809 inquit,
2282 741 2465 794 omnia
2515 741 2809 796 denomino
2860 751 3025 811 atque
3079 741 3293 809 intimo,
3340 752 3398 798 ut
3444 745 3624 813 potius

361 841 525 900 atque
567 831 973 886 lamentabilem
1019 831 1253 886 ﬁliorum
1299 834 1544 886 nuntium
1593 835 1784 888 audire
1831 850 1938 888 non
2035 829 2170 898 justi
2207 830 2352 884 illius
2393 841 2628 885 mentem
2665 834 3008 900 perturbem,
3055 846 3161 900 quo
3206 830 3368 885 facile
3410 832 3477 885 ad
3526 831 3626 888 Dei

361 922 687 976 sustinueris
713 938 726 974 :
765 919 916 985 Filii,
943 922 1138 990 inquit,
1169 924 1248 976 tui
1279 933 1327 977 et
1352 923 1484 992 ﬁlia:
1508 937 1613 980 tua:
1633 943 1753 979 cum
1787 942 1941 980 man-

359 1013 610 1067 ducareut
657 1023 702 1068 et
751 1013 974 1068 biberent
1013 1015 1066 1067 in
1122 1015 1277 1068 domo
1324 1016 1505 1083 fratris
1561 1019 1644 1070 sui
1695 1018 1938 1087 majoris,

360 1105 534 1158 subito
565 1105 702 1158 venit
742 1105 963 1172 spiritus
997 1105 1060 1158 ab
1097 1121 1288 1168 eremo,
1315 1117 1361 1159 et
1387 1107 1552 1177 tetigit
1575 1117 1808 1178 quatuor
1843 1125 1943 1161 an-

360 1199 510 1268 gulos
560 1197 747 1250 domus
795 1197 963 1262 illius,
1011 1208 1059 1250 et
1115 1198 1302 1251 ceeidit
1330 1215 1489 1266 super
1517 1199 1662 1268 ﬁlios
1717 1210 1858 1267 tuos,
1889 1209 1939 1253 et

360 1290 558 1342 mortui
590 1290 794 1343 sunt".
836 1287 974 1355 Hoc,
1023 1289 1223 1359 inquit,
1258 1299 1342 1343 est
1387 1291 1746 1345 novissimum
1780 1301 1834 1346 et
1859 1290 1942 1344 Ia-

362 1381 658 1436 mentabile
715 1390 881 1451 atque
943 1381 1202 1436 miserum
1256 1383 1528 1446 nuntium,
1580 1382 1724 1451 quod
1773 1383 1940 1436 etiam

361 1471 741 1541 ignorantibus
797 1470 1032 1526 ﬁliorum
1095 1472 1483 1539 dilectionem,
1551 1489 1793 1529 amorem
1859 1475 1944 1528 vel

361 1563 639 1625 aﬁ'ectum,
697 1565 1082 1634 compatiendo
1133 1575 1357 1620 revocat
1422 1566 1660 1621 animum
1723 1576 1944 1637 propter

363 1663 471 1707 tam
500 1655 860 1710 miserabilem
883 1665 1130 1710 'causam.
1162 1655 1282 1710 Filii
1311 1656 1410 1722 tui,
1442 1656 1636 1721 inquit,
1668 1672 1806 1727 ques
1846 1674 1945 1712 uu-

363 1743 531 1812 tristi,
603 1760 736 1814 quos
796 1746 1063 1810 educasti,
1115 1761 1253 1816 quos
1304 1749 1373 1801 ad
1417 1747 1788 1802 maturitatem
1819 1763 1940 1803 cum

361 1837 546 1892 labore
592 1836 926 1906 perduxisti;
975 1837 1066 1892 ﬁlii
1106 1838 1183 1893 tui
1217 1854 1353 1910 quos
1400 1839 1654 1908 pietatem
1685 1838 1939 1902 docuisti,

2042 921 2434 990 blasphemiam
2459 937 2745 992 provocem
2778 922 3110 993 patientem:
3146 923 3620 988 Manducantibus,

2042 1015 2243 1083 inquit,
2271 1033 2333 1069 ac
2357 1016 2647 1070 bibentibus
2678 1016 2982 1070 meridiano
3008 1025 3274 1085 tempore,
3307 1017 3440 1071 hora
3467 1032 3622 1087 praua

2042 1107 2138 1170 dii,
2165 1107 2338 1161 subito
2380 1109 2598 1176 spiritus
2639 1108 2775 1162 venit
2831 1107 2897 1161 ab
2928 1123 3100 1162 eremo
3136 1108 3202 1162 ³¹.
3238 1107 3364 1163 Haec
3389 1109 3625 1164 scientes

2044 1196 2220 1251 sancti
2277 1205 2439 1266 atque
2487 1197 2678 1252 horum
2738 1212 3030 1264 memores,
3089 1199 3232 1268 quod
3287 1199 3403 1266 ipso
3462 1201 3629 1254 meri-

2043 1290 2207 1344 diano
2253 1299 2514 1358 tempore,
2549 1289 2686 1344 hora
2734 1290 2969 1359 prandii,
3014 1291 3168 1344 ruina
3204 1293 3458 1361 occupati
3499 1303 3625 1347 sunt

2044 1380 2140 1434 lilii
2175 1380 2278 1435 Job
2310 1391 2474 1451 atque
2515 1381 2738 1444 mortui,
2768 1389 3068 1441 oraverunt
3097 1382 3162 1434 ad
3200 1381 3368 1437 Deum
3401 1398 3627 1438 conser-

2043 1473 2158 1526 Vari
2190 1473 2331 1526 sicut
2354 1488 2382 1525 a
2419 1472 2634 1542 negotio
2670 1473 2722 1526 in
2754 1473 2997 1528 tenebris
3028 1472 3360 1537 ambulante,
3401 1473 3473 1528 ita
3509 1486 3565 1529 et
3593 1489 3627 1527 ω

2047 1565 2198 1618 ruina
2231 1574 2285 1620 et
2321 1580 2351 1619 a
2382 1565 2650 1619 daemonio
2683 1565 3008 1622 meridiano.
3047 1564 3197 1621 Sicut
3240 1566 3386 1620 enim
3432 1567 3487 1621 in
3523 1581 3625 1621 nm

2047 1656 2153 1712 ctis
2179 1657 2436 1721 tenebris,
2466 1657 2547 1712 sic
2581 1657 2832 1712 similiter
2869 1658 2922 1712 in
2960 1658 3139 1714 medio
3181 1657 3405 1713 meridie
3447 1658 3631 1729 plures

2044 1749 2346 1804 daemonum
2373 1748 2700 1803 tentationes
2724 1764 2782 1804 se
2815 1749 3197 1805 demonstrant
3222 1765 3384 1820 quam
3417 1754 3630 1807 caeteris

2048 1837 2403 1909 temporibus.
2454 1836 2570 1894 Hoc
2617 1837 2871 1892 nimirum
2901 1836 3102 1893 claruit
3138 1839 3190 1894 in
3225 1838 3349 1894 ﬁliis
3377 1839 3500 1906 Job,
3534 1843 3629 1912 qui

361 1947 498 2003 quos
535 1932 627 1987 Dei
677 1934 892 1987 cultura
937 1932 1199 1997 imbuisti,
1232 1943 1372 2001 quos
1407 1943 1461 1988 ut
1491 1933 1722 1987 invicem
1767 1948 1826 1987 se
1857 1933 1940 1987 di-
1975 1929 2016 1983 Β
2048 1945 2152 1985 non
2177 1931 2286 1985 alio
2314 1939 2576 1998 tempore,
2603 1930 2697 1984 sed
2723 1931 2900 1987 medio
2927 1931 3200 1987 interfecti
3227 1941 3353 1987 sunt
3378 1934 3629 1991 meridie.

359 2023 593 2095 ligerent
625 2025 994 2090 introduxisti,
1025 2039 1162 2094 quos
1207 2025 1258 2078 in
1296 2024 1444 2078 omni
1478 2023 1692 2094 justitia
1731 2023 1827 2080 tibi
1861 2025 1940 2080 si—

360 2115 519 2170 miles
567 2114 876 2178 reddidisti;
923 2113 1016 2169 ﬁlii
1067 2115 1139 2168 tui
1181 2130 1411 2184 quorum
1461 2115 1600 2171 ﬁlios
1637 2115 1823 2171 videre
1852 2131 1945 2171 cu-

362 2208 534 2278 pisti,
591 2221 823 2277 quorum
890 2209 1262 2278 posteritatem
1311 2217 1633 2278 exspectare
1688 2209 1880 2275 orasti,
1913 2224 1944 2262 a

359 2301 559 2368 quibus
595 2300 648 2356 in
674 2309 896 2357 senecta
932 2301 1278 2370 requiescere
1309 2309 1361 2354 te
1387 2301 1617 2371 sperasti
1645 2319 1660 2367 ;
1692 2301 1781 2356 isti
1811 2316 1946 2372 ergo

362 2391 460 2447 ﬁlii
511 2392 612 2458 tui,
643 2402 696 2448 et
734 2407 840 2447 non
891 2391 1065 2446 solum
1121 2390 1236 2458 ﬁlii,
1278 2391 1372 2447 sed
1437 2403 1493 2446 et
1538 2391 1696 2456 ﬁliae,
1757 2400 1941 2458 castae,

362 2485 596 2547 mundat,
625 2483 992 2539 immaculata:
1045 2493 1209 2552 atque
1256 2483 1702 2551 incoinqninatae,
1729 2498 1866 2552 quas
1891 2484 1944 2536 in

364 2583 609 2645 tempore
660 2575 974 2644 nuptiarum
1011 2574 1261 2644 gloriosis
1282 2573 1500 2628 coronis
1530 2588 1795 2629 coronare
1817 2589 1940 2644 spe-

360 2666 558 2732 rabas;
613 2667 702 2722 isti
750 2681 880 2738 ergo
920 2666 1080 2722 simul
1114 2665 1166 2720 in
1207 2681 1372 2720 unum
1402 2666 1735 2721 unanimiter
1778 2675 1942 2737 atque

360 2759 730 2827 concorditer,
780 2769 950 2826 caste,
978 2760 1233 2828 benigne,
1283 2759 1485 2814 munde
1531 2759 1658 2812 dum
1717 2759 1946 2812 mandu-

360 2860 494 2907 cant
537 2859 594 2907 et
639 2852 855 2916 bibunt,
892 2867 1000 2906 non
1052 2861 1336 2922 vagantes,
1375 2864 1557 2920 neque
1603 2851 1940 2916 oberrantes,

360 2959 538 3015 neque
569 2953 691 3014 post
737 2943 1132 3013 impudicitiam
1172 2951 1483 3009 currentes,
1524 2956 1704 3013 neque
1737 2942 1804 2995 ad
1840 2941 1945 2996 illi-

361 3035 470 3089 cita
530 3033 901 3100 intendentes,
950 3048 1126 3103 neque
1172 3031 1444 3102 superﬂua
1494 3030 1799 3102 loquentes,
1849 3030 1945 3085 sed

361 3142 488 3181 cum
523 3127 824 3198 gratiarum
878 3125 1093 3180 actione
1147 3125 1564 3187 manducantes,
1619 3134 1786 3193 atque
1820 3136 1946 3177 cum

360 3218 741 3273 benedictione
802 3219 1075 3283 bibentes,
1105 3226 1160 3273 et
1208 3216 1341 3271 illud
1373 3216 1518 3288 quod
1567 3224 1690 3285 post
1747 3213 1948 3270 hocab

2047 2022 2252 2086 Subito,
2281 2022 2477 2092 inquit,
2503 2022 2722 2087 spiritus
2755 2023 2889 2077 venit
2915 2023 2980 2076 ab
3001 2039 3194 2086 eremo,
3222 2033 3268 2077 et
3295 2025 3462 2093 tetigit
3491 2042 3630 2096 qua.

2047 2123 2171 2168 tuor
2210 2115 2438 2185 angulos
2493 2114 2704 2168 domus.
2758 2113 2804 2170 0
2851 2113 3243 2185 malignissime
3292 2110 3627 2184 adversarie,

2048 2206 2174 2262 item
2203 2206 2313 2260 Deo
2340 2205 2616 2276 applicare
2640 2207 2813 2277 cupis,
2848 2207 2976 2261 item
2995 2205 3310 2262 Creatorem
3332 2207 3631 2277 depravare

2047 2300 2268 2368 quaeris,
2303 2298 2507 2354 idcirco
2529 2297 2806 2368 spiritum,
2836 2299 2938 2354 hoc
2958 2307 3041 2355 est
3075 2309 3318 2368 ventum,
3355 2301 3421 2355 ab
3443 2316 3632 2358 eremo

2049 2391 2236 2447 venire
2275 2391 2434 2446 dicis.
2467 2391 2602 2445 Nam
2637 2391 2765 2460 quia
2795 2389 2940 2445 Deus
2965 2400 3048 2445 est
3083 2391 3177 2460 qui
3219 2391 3472 2460 producit
3495 2407 3629 2448 ven-

2050 2491 2131 2536 tos
2154 2482 2219 2536 tle
2241 2482 2513 2537 thesauris
2530 2481 2664 2548 suis,
2699 2481 2896 2537 merito
2927 2492 3142 2535 ventum
3169 2483 3236 2535 ab
3259 2496 3442 2538 eremo
3471 2484 3630 2554 quasi

2048 2589 2078 2627 a
2111 2573 2222 2628 Deo
2249 2578 2474 2629 missum
2502 2574 2686 2629 venire
2714 2573 2852 2628 dicis
2887 2590 2902 2626 :
2944 2583 3000 2627 ut
3030 2585 3082 2628 et
3120 2575 3221 2628 hoc
3245 2574 3392 2645 quod
3426 2574 3629 2630 factum

2049 2676 2135 2721 est
2163 2665 2270 2721 Deo
2295 2666 2612 2736 imputetur,
2638 2679 2749 2720 non
2779 2665 2832 2719 in
2866 2664 3030 2729 bono,
3065 2665 3158 2720 sed
3187 2665 3240 2719 in
3268 2667 3432 2733 malo,
3465 2677 3627 2737 atque

2051 2757 2286 2812 audienti
2318 2756 2372 2810 in
2405 2755 2745 2811 scandalum.
2780 2754 2914 2811 Nam
2942 2757 3085 2812 sicut
3107 2772 3269 2826 super
3292 2773 3422 2813 oves
3450 2757 3630 2829 ignem

2047 2847 2116 2902 de
2154 2847 2294 2902 coelo
2333 2848 2534 2901 cadere
2564 2848 2720 2912 dixit,
2769 2847 2844 2901 ita
2894 2855 2950 2903 et
2979 2863 3121 2903 nunc
3153 2849 3428 2918 spiritum,
3463 2851 3514 2905 id
3547 2860 3633 2908 est.

2046 2946 2292 3003 ventum,
2332 2939 2399 2993 ab
2430 2952 2615 2993 eremo
2652 2939 2867 2994 venisse
2908 2939 3089 2995 dicit:
3137 2949 3194 2994 ut
3243 2949 3473 3010 utraque
3518 2942 3630 2999 Deo

2047 3028 2348 3099 applicaret
2378 3043 2478 3098 pro
2513 3029 2869 3099 blasphemiae
2902 3031 3310 3101 provocatione,
3344 3042 3509 3102 atque
3541 3049 3632 3090 re-

2048 3124 2430 3194 prebensionis
2469 3125 2799 3180 occasione:
2830 3123 3246 3194 Subito,inquit,
3284 3125 3506 3195 spiritus
3547 3145 3631 3182 ve-

2050 3213 2130 3267 nit
2159 3213 2222 3266 ab
2261 3229 2455 3267 eremo.
2488 3212 2810 3284 Derepente,
2847 3215 3145 3284 insperate,
3178 3215 3327 3271 illico
3365 3232 3489 3271 cum
3523 3225 3630 3273 tm-

361 3310 620 3381 Apostolo
658 3310 860 3365 dictum
909 3323 996 3366 est
1039 3287 1399 3379 adimplentes
1432 3323 1447 3359 :
1475 3307 1599 3364 Siue
1625 3309 1751 3362 dum
1784 3323 1938 3361 mam
1971 3287 2013 3346 (ἶ
2053 3313 2196 3375 petu,
2236 3305 2480 3375 spiritus,
2510 3315 2722 3371 ventus,
2762 3315 3074 3377 tempestas,
3116 3308 3354 3377 procella
3387 3310 3534 3365 venit
3562 3311 3632 3367 ab

360 3398 591 3460 ducaris,
655 3398 760 3451 sive
807 3398 933 3450 dum
993 3398 1206 3464 bibitis,
1250 3399 1356 3451 sive
1415 3399 1541 3450 dum
1607 3397 1756 3450 aliud
1813 3397 1942 3468 quid

359 3487 540 3558 agitis,
595 3489 773 3543 omnia
827 3489 882 3542 in
922 3489 1149 3560 gloriam
1197 3489 1292 3543 Dei
1346 3489 1506 3558 facile
1524 3488 1607 3555 ‘°;
1645 3489 1724 3544 sic
1760 3488 1945 3558 itaque

361 3580 820 3636 tnanducantibus
836 3595 901 3635 ac
923 3581 1234 3637 bibentibus
1259 3581 1383 3636 liliis
1417 3595 1484 3635 ac
1519 3579 1731 3636 ﬁliabus
1763 3581 1940 3637 tuis...

359 3670 528 3738 Bene,
573 3672 772 3741 inquit,
805 3688 935 3728 ecce
977 3674 1267 3728 ostendisti
1310 3673 1453 3742 quod
1488 3672 1942 3727 manducaverint

357 3773 416 3819 et
444 3764 704 3832 biberint,
743 3765 969 3820 ostende
1003 3775 1058 3820 et
1110 3765 1214 3820 boc
1246 3764 1387 3834 quod
1430 3763 1634 3818 factum
1680 3775 1768 3819 est
1810 3763 1938 3820 dum

356 3854 692 3910 manducent
724 3865 780 3910 et
815 3856 1025 3911 bibunt.
1062 3855 1253 3923 Majas,
1292 3856 1487 3922 inquit,
1537 3863 1621 3910 est
1670 3870 1832 3926 quam
1880 3866 1944 3912 ut

357 3947 576 4004 edicere
629 3948 861 4016 valeam,
899 3948 1196 4037 terribilius
1239 3957 1323 4003 est
1369 3963 1532 4017 quam
1586 3959 1647 4004 ut
1692 3947 1942 4019 proferre

355 4046 609 4100 audeam.
645 4044 754 4100 Sed
788 4045 1034 4112 interim,
1067 4046 1162 4112 ait,
1201 4045 1327 4115 quia
1363 4060 1471 4100 non
1509 4053 1594 4100 est
1625 4043 1936 4108 tacendum,

357 4136 558 4202 dicam,
597 4136 891 4206 proferam.
947 4135 1140 4193 Subito
1185 4138 1414 4208 spiritus
1458 4137 1609 4192 venit
1653 4137 1722 4192 ab
1756 4151 1940 4192 eremo

355 4228 432 4283 ita
466 4228 644 4295 fortis,
683 4231 756 4285 ita
792 4231 1064 4301 copiosus,
1097 4231 1169 4285 ita
1208 4232 1530 4295 vehemens,
1570 4230 1645 4286 ita
1678 4229 1940 4286 terribilis

355 4329 518 4390 atque
558 4322 1026 4392 insupportabilis,
1070 4332 1131 4377 ut
1168 4331 1412 4394 tangeret
1445 4332 1682 4392 quatuor
1711 4322 1938 4394 angulos

355 4411 574 4476 domus,
597 4421 654 4467 et
684 4413 917 4468 illideret
945 4429 1064 4468 eam
1109 4427 1274 4483 super
1307 4413 1448 4468 ﬁlios
1478 4423 1619 4480 tuos,
1651 4421 1707 4468 et
1736 4413 1934 4467 mortui

356 4513 505 4561 sunt.
535 4502 724 4575 Cujus,
755 4505 946 4576 inquit,
977 4506 1078 4562 fuit
1101 4505 1216 4560 haec
1242 4505 1472 4560 domus?
1504 4505 1716 4560 Fratris
1746 4519 1933 4560 eorum

354 4595 600 4664 majoris.
637 4597 752 4652 Non
789 4598 1024 4663 fuerunt,
1066 4599 1262 4668 inquit,
1298 4597 1352 4652 in
1396 4608 1585 4654 extera
1621 4599 1802 4664 domo,
1838 4613 1936 4652 ne-

354 4702 463 4757 que
493 4689 548 4742 in
581 4689 774 4754 aliena,
807 4690 902 4745 sed
944 4691 997 4744 in
1032 4691 1251 4760 propria
1282 4691 1435 4745 fuere
1469 4689 1653 4752 domo,
1693 4691 1744 4742 in
1775 4689 1936 4742 domo

357 4781 452 4834 11111
483 4781 582 4846 tui,
610 4780 796 4835 fratris
821 4783 904 4837 sui
939 4780 1184 4850 majoris.
1213 4781 1259 4838 Ο
1301 4781 1636 4852 nequissime
1669 4781 1933 4834 adversa-

358 4873 458 4934 rie,
514 4887 547 4927 o
587 4873 941 4929 callidissime
975 4873 1234 4929 diabole!
1272 4875 1383 4929 Cur
1431 4888 1539 4928 non
1588 4872 1772 4928 dixisti
1807 4872 1938 4926 sim-

355 4963 592 5033 pliciter.
628 4977 674 5019 et
731 4966 929 5019 mortui
959 4976 1105 5032 sunt,
1154 4967 1248 5020 sed
1290 4976 1348 5021 et
1384 4976 1580 5021 cuncta
1620 4978 1934 5027 enumeras,

358 5061 540 5112 omnia
602 5057 945 5122 denominas,
1000 5068 1054 5114 et
1104 5058 1262 5124 ﬁlios,
1306 5068 1362 5113 et
1413 5058 1572 5124 ﬁlias,
1634 5067 1690 5111 et
1729 5057 1933 5118 cibum,

354 5158 410 5202 et
442 5158 652 5217 potum,
696 5157 751 5204 et
798 5151 1038 5214 domum,
1092 5160 1148 5205 et
1187 5151 1431 5213 fratrem,
1478 5157 1531 5204 et
1563 5148 1736 5214 ﬁlium
1789 5157 1936 5200 tuum

354 5241 656 5310 majorem?
693 5241 749 5295 In
806 5244 968 5298 domo
1013 5243 1263 5313 inquiens
1314 5242 1500 5296 fratris
1549 5241 1654 5305 sui,
1711 5239 1802 5294 ﬁlii
1861 5239 1935 5292 tui

371 5333 611 5402 majoris.
677 5334 758 5390 Ob
819 5336 942 5400 hoc,
997 5336 1194 5405 inquit,
1240 5336 1352 5388 haec
1392 5335 1574 5388 omnia
1639 5335 1935 5387 denumero

355 5435 520 5492 atque
553 5426 862 5490 denomino,
890 5443 996 5496 quo
1038 5427 1207 5496 magis
1238 5434 1468 5478 atteram
1502 5433 1666 5493 atque
1697 5421 1932 5494 allligam

355 5517 590 5570 animant
648 5517 809 5586 ejus:
860 5528 1023 5587 atque
1068 5517 1138 5571 ob
1181 5517 1286 5570 hoc
1328 5516 1442 5570 hac
1495 5515 1679 5568 omnia
1720 5514 1933 5582 loquor,

355 5624 466 5676 quo
512 5611 684 5680 magis
734 5612 1100 5664 comminuam
1152 5623 1249 5662 cor
1278 5608 1416 5675 ejus,
1454 5606 1539 5661 cui
1583 5606 1700 5660 haec
1732 5605 1929 5660 refero.

355 5699 412 5753 Si
440 5700 606 5767 solos,
649 5701 842 5771 inquit,
892 5700 1031 5755 [ilics
1075 5700 1464 5763 nominassem,
1513 5709 1568 5751 et
1609 5697 1748 5751 tilias
1798 5712 1928 5760 non,

427 5882 474 5913 ”
501 5878 602 5935 Job
632 5897 672 5945 ι,
709 5879 793 5947 18,
844 5879 922 5934 19.
1000 5880 1042 5911 ³⁰
1083 5879 1100 5933 l
1131 5877 1255 5934 Cor.
1292 5894 1348 5942 Χ,
1379 5878 1462 5931 ⁸51.

1967 4651 2016 4708 D

1545 5876 1588 5909 ³³
1623 5877 1722 5933 Job
1752 5892 1790 5942 I,
1820 5873 1904 5941 18,
1935 5875 2017 5930 I9.

2051 3413 2254 3453 eremo.
2284 3398 2350 3452 Et
2377 3399 2508 3469 quid
2533 3397 2693 3454 fecit?
2726 3398 2938 3470 Tetigit,
2967 3400 3162 3470 inquit,
3191 3412 3425 3472 quatuor
3455 3421 3630 3474 angu-

2000 3523 2004 3526 -
2050 3491 2128 3544 los
2155 3491 2363 3557 domus,
2387 3500 2436 3544 et
2459 3491 2645 3545 cecidit
2668 3507 2826 3560 super
2850 3491 2992 3561 ﬁlios
3015 3503 3156 3559 tuos,
3187 3504 3236 3548 et
3258 3497 3455 3550 mortui
3479 3511 3626 3556 sunt.

2050 3584 2182 3653 Quis
2198 3601 2348 3655 ergo,
2375 3585 2472 3649 ait,
2497 3595 2582 3640 est
2613 3585 2805 3640 mortis
2831 3599 3018 3640 eorum
3049 3599 3194 3651 reus,
3218 3603 3251 3642 ο
3275 3587 3417 3642 Job?
3440 3589 3632 3645 Nonne

2049 3679 2138 3747 qui
2173 3687 2392 3732 ventum
2421 3676 2674 3746 produxit
2705 3686 2870 3747 atque
2895 3677 3156 3732 adduxit?
3181 3676 3334 3733 Sicut
3361 3688 3416 3734 et
3447 3678 3629 3734 ovium

2052 3778 2265 3824 tuarum
2301 3768 2698 3824 combustionis
2742 3769 2866 3838 quis
2914 3778 3107 3824 auctor
3147 3777 3253 3835 est,
3303 3769 3403 3826 nisi
3447 3785 3494 3824 IS
3534 3772 3628 3840 qui

2049 3859 2227 3930 ignem
2262 3859 2328 3914 de
2355 3859 2498 3915 coelo
2521 3861 2708 3914 misit?
2737 3860 2845 3916 Sed
2867 3861 3015 3928 audi,
3046 3862 3242 3933 inquit,
3275 3877 3308 3917 o
3334 3861 3459 3918 Job.
3491 3863 3629 3918 Cum

2047 3951 2368 4007 substantiae
2383 3951 2776 4006 abundantiam
2793 3953 3022 4022 perdere
3039 3953 3434 4023 contempsisti,
3454 3955 3633 4008 omni-

2048 4045 2148 4099 bus
2169 4042 2517 4098 facultatibus
2546 4042 2644 4098 tibi
2662 4042 2857 4100 ablatis
2874 4045 3181 4102 sustinuisti
3207 4066 3219 4101 :
3241 4046 3472 4102 ﬁliorum
3497 4063 3632 4104 vero

2046 4135 2400 4207 perditionem
2416 4135 2684 4204 quomodo
2697 4136 3022 4192 sustinebis?
3038 4145 3285 4191 natorum
3302 4147 3628 4194 tormentum

2045 4230 2314 4301 quomodo
2361 4227 2662 4298 bajulabis?
2705 4226 2915 4295 Subito,
2959 4229 3156 4298 inquit,
3196 4231 3332 4284 venit
3361 4231 3426 4284 ab
3452 4248 3629 4287 eremo

2044 4321 2282 4390 spiritus,
2306 4331 2354 4376 et
2371 4321 2537 4391 tetigit
2561 4330 2789 4390 quatuor
2807 4320 3030 4390 angulos
3050 4320 3259 4388 domus,
3276 4329 3325 4375 et
3342 4323 3528 4377 cecidit
3544 4341 3632 4378 .m-

2043 4429 2136 4480 per
2149 4412 2289 4481 ﬁlios
2311 4421 2448 4476 tuos,
2467 4410 2724 4464 etmortui
2742 4419 2885 4462 sunt.
2905 4407 3009 4463 Per
3027 4410 3128 4464 hoc
3151 4411 3294 4479 quod
3328 4411 3458 4465 dicit
3487 4412 3629 4478 ﬁlios

2045 4502 2448 4569 tuos,stimulat
2468 4517 2687 4557 sensum
2709 4501 2846 4569 ,ejus,
2879 4502 3158 4557 doloribus
3184 4501 3355 4556 afﬁcit
3387 4504 3625 4558 animam

2044 4593 2182 4663 ejus,
2197 4593 2475 4664 quuefacit
2491 4592 2787 4665 praecordia
2801 4593 2940 4664 ejus,
2959 4603 3217 4663 provocat
3233 4603 3469 4648 mentem
3487 4595 3628 4664 ejus,

2043 4703 2152 4758 quo
2179 4689 2351 4758 magis
2382 4697 2502 4756 post
2535 4686 2673 4741 ﬁlios
2705 4685 3012 4755 liquescens
3037 4686 3488 4740 succenderetur.
3515 4685 3624 4740 Sed

2043 4789 2246 4851 quanto
2277 4779 2397 4850 plus
2431 4779 2796 4850 nequissimus
2843 4779 3170 4834 tentationes
3213 4777 3316 4834 Job
3370 4779 3630 4849 multipli-

2044 4873 2224 4937 cabat,
2256 4881 2404 4926 tanto
2431 4871 2661 4939 amplius
2685 4885 2943 4926 coronam
2978 4870 3160 4940 gloria:
3188 4872 3328 4939 apud
3357 4883 3622 4926 aeternum

2043 4963 2288 5019 Jndicem
2313 4963 2361 5017 ei
2389 4962 2789 5030 angmentabat.
2819 4961 3080 5029 Quienim
3111 4962 3412 5033 simplicem
3451 4973 3632 5018 trans-

2043 5057 2166 5113 ierit
2218 5055 2571 5110 tentationem
2592 5054 2676 5108 vel
2701 5053 3417 5123 probationem,simpliccm
3440 5055 3627 5122 procul

2041 5148 2205 5203 dubio
2222 5147 2453 5215 accipiet
2473 5145 2802 5200 mercedem.
2817 5145 2918 5211 Qui
2941 5156 3119 5198 autem
3141 5143 3305 5198 fuerit
3324 5143 3624 5212 multiplici-

2043 5247 2126 5292 ter
2151 5239 2437 5307 probatus,
2459 5233 2742 5303 multiplici
2766 5233 2940 5302 gloria
2961 5233 3080 5287 sine
3099 5231 3265 5286 dubio
3293 5247 3320 5284 a
3340 5231 3488 5300 justo
3517 5230 3626 5285 Deo

2042 5327 2410 5390 coronabitur,
2426 5326 2880 5396 quemadmodum
2905 5325 3098 5379 beatus
3121 5323 3244 5388 Job,
3260 5325 3350 5392 qui
3371 5322 3625 5378 omnibus

2042 5421 2237 5476 diaboli
2259 5419 2691 5489 malignitatibus
2706 5427 2868 5485 atque
2883 5417 3136 5471 versutiis
3159 5415 3411 5485 superior
3435 5423 3519 5468 est
3541 5414 3626 5467 ef-

2045 5512 2557 5576 fectus,etomnibus
2570 5518 2713 5565 tenta
2723 5509 2956 5564 tionibus
2971 5509 3087 5579 ejus
3105 5508 3296 5562 fortior
3309 5507 3626 5574 comproba-

2046 5615 2130 5659 tus
2153 5603 2429 5675 respoudit
2451 5605 2522 5668 ei,
2545 5603 2755 5657 dicens:
2780 5598 2922 5656 Dicis
2945 5601 3085 5670 quod
3105 5603 3173 5654 ab
3192 5613 3378 5653 eremo
3400 5596 3625 5662 veniens

2041 5696 2284 5766 Spiritus,
2316 5697 2420 5752 hoc
2443 5703 2528 5751 est
2552 5703 2767 5760 ventus,
2791 5703 2846 5750 et
2879 5701 3104 5763 tangens
3136 5697 3370 5762 quatuor
3394 5687 3624 5756 angulos
