4174 6420
523 423 625 474 451

1667 412 2042 471 ANONYMUS
2084 407 2148 464 IN
2186 408 2325 465 ΜΒ.
2368 445 2434 451 —
2470 413 2601 468 LIB.
2646 415 2691 470 1.

3694 421 3800 474 452

531 543 725 595 domus
763 538 955 607 dejecit
992 553 1133 601 eam,
1178 549 1233 593 et
1275 538 1414 592 ﬁlios
1448 552 1595 593 meos
1641 537 1921 591 interfecit
1954 551 1969 589 :
2020 535 2113 589 sed
2146 537 2185 590 Α
2220 535 2347 590 Tale
2382 538 2657 592 desertum
2695 538 2869 593 factus
2908 550 2996 595 est
3045 540 3132 595 ille
3178 540 3360 596 infelix
3410 541 3594 604 ludas,
3649 556 3798 613 post-

536 632 803 696 inentiris,
860 632 1050 699 inquit,
1099 646 1132 683 ο
1163 630 1397 692 diabolo.
1441 640 1498 683 et
1547 645 1633 685 me
1681 645 1786 683 non
1832 628 2108 681 irridehis.

532 724 799 787 Mentiris,
829 738 861 775 ο
893 723 1300 786 malignissime,
1336 733 1390 775 et
1421 738 1509 776 me
1549 738 1654 776 non
1691 721 2108 777 circumvenies.

530 815 818 886 Nunquam
850 816 1162 870 enim-venti
1185 832 1212 868 a
1241 816 1352 869 Deo
1383 818 1601 870 excitati
1630 824 1866 884 quatuor
1915 824 2108 868 contra

526 909 763 963 invicem
793 907 1078 973 ﬂaverant,
1108 923 1281 977 neque
1307 907 1460 971 flant,
1485 908 1579 961 sed
1598 924 1735 961 unus
1760 917 1813 961 et
1832 922 1990 972 unus,
2018 916 2112 959 aut

531 998 635 1054 istc
659 1012 750 1054 aut
769 1001 874 1055 ille.
920 1000 1203 1069 Nunquam
1225 1002 1366 1055 enim
1394 1000 1632 1054 auditum
1654 1011 1736 1053 est
1757 1001 1898 1067 quod
1919 997 2108 1052 ﬂantes

532 1092 678 1144 venti
725 1090 915 1144 domos
965 1106 993 1143 a
1050 1089 1419 1145 fundamentis
1464 1091 1872 1150 subverterent,
1916 1097 1971 1141 et
2018 1103 2112 1142 eas

530 1184 768 1235 maxime
805 1197 922 1248 quae
960 1196 1121 1249 super
1167 1181 1319 1235 arida
1368 1192 1495 1235 sunt
1540 1180 1793 1245 fundatae,
1837 1181 1904 1233 ad
1939 1181 2112 1234 instar

533 1275 752 1329 navium
783 1289 903 1342 quae
933 1274 985 1326 in
1025 1272 1213 1343 pelago
1244 1273 1496 1336 natitant,
1529 1273 1855 1343 generaliter
1876 1272 2106 1327 subver-

532 1368 696 1419 tendo
746 1366 1140 1419 demersemnt.
1195 1364 1319 1420 Hzec
1376 1379 1650 1433 nunquam
1700 1372 2109 1433 provenerunt,

531 1472 708 1526 neque
742 1455 1087 1525 provenient,
1119 1471 1148 1510 a
1176 1466 1462 1511 ventorum
1496 1456 1684 1510 [labris
1720 1456 1801 1510 vel
1830 1455 2104 1525 procellis.

532 1548 674 1611 Noli,
700 1548 894 1617 inquit,
925 1548 1237 1603 insimulare
1268 1549 1550 1603 mendacio
1580 1549 1777 1613 Deum,
1803 1565 1837 1603 ο
1865 1548 2097 1611 diabole,

530 1642 637 1695 tuis
668 1640 985 1705 sceleribus,
1015 1640 1119 1694 noli
1154 1640 1453 1709 depravare
1500 1640 1816 1695 Creatorem
1847 1643 1953 1695 tuis
1982 1657 2108 1711 per-

530 1734 661 1787 ditis
690 1732 1088 1801 iniquitatibus.
1126 1732 1201 1785 Ex
1235 1742 1285 1787 te
1308 1734 1451 1786 enim
1498 1743 1624 1786 sunt
1666 1734 1781 1787 haec
1811 1743 1865 1787 et
1894 1748 2001 1787 nou
2037 1748 2104 1788 ex

531 1825 681 1878 Deo:
715 1838 780 1878 ex
824 1833 913 1876 tua
942 1823 1245 1890 iniquitate,
1277 1834 1333 1877 et
1362 1839 1467 1877 non
1493 1838 1558 1877 ex
1592 1822 1871 1878 Creatoris
1900 1826 2109 1879 immis-

540 1919 715 1974 sione.
768 1916 980 1978 Subito,
1012 1918 1208 1986 inquit,
1253 1918 1470 1985 spiritus
1500 1917 1639 1971 venit
1680 1919 1748 1970 ab
1788 1934 1981 1972 eremo.
2028 1917 2104 1973 De

534 2021 586 2064 te
618 2010 733 2079 ipso
764 2008 881 2063 haec
926 2008 1185 2078 loqueris,
1217 2007 1405 2063 infelix
1448 2008 1686 2065 diabolo.
1732 2009 1813 2065 Tu
1857 2010 2111 2065 videlicet

529 2120 593 2157 es
617 2102 843 2173 spiritus
885 2102 953 2154 ab
996 2115 1182 2155 eremo
1220 2101 1466 2163 veniens,
1517 2111 1573 2154 tu
1618 2110 1852 2171 quatuor
1881 2102 2109 2173 angulos

526 2197 723 2249 domus
766 2193 1014 2262 tetigisti,
1058 2201 1219 2261 atque
1261 2192 1493 2247 ﬁliorum
1541 2194 1969 2250 internecionem
2027 2195 2105 2249 fe-

530 2287 676 2341 cisti.
712 2286 796 2341 Tu
838 2298 899 2340 es
936 2284 1025 2354 qui
1063 2285 1355 2353 aliquando
1392 2288 1445 2339 in
1492 2287 1677 2342 hostes
1714 2289 2020 2357 prmdantes
2062 2300 2111 2345 te

533 2378 951 2448 transfigurasti,
987 2377 1278 2445 aliquando
1315 2378 1366 2430 in
1412 2377 1593 2445 ignem
1631 2378 1697 2432 de
1747 2378 1885 2433 curio
1916 2381 2112 2435 caden-

530 2480 677 2531 tem;
713 2483 1102 2537 nonnunquam
1134 2478 1313 2522 autem
1358 2470 1412 2522 iu
1455 2472 1556 2524 tria
1600 2486 1802 2525 cornua
1842 2474 2111 2542 equitum,

526 2562 669 2618 sicut
711 2574 766 2617 et
788 2577 929 2616 nunc
964 2563 1016 2614 in
1065 2562 1357 2630 procellam
1404 2564 1549 2616 venti
1597 2573 1834 2633 quatuor
1883 2564 2111 2633 angulos

528 2656 719 2709 domus
754 2664 1085 2724 tangentem,
1124 2664 1179 2707 et
1209 2654 1378 2723 ipsam
1409 2654 1630 2708 domum
1671 2671 1699 2708 a
1744 2656 2111 2712 fundamentis

527 2746 947 2809 subvertentem,
980 2757 1143 2815 atque
1193 2761 1285 2801 eos
1334 2746 1423 2813 qui
1461 2746 1786 2801 intrinsecus
1839 2758 1998 2801 erant
2037 2750 2113 2802 in-

528 2838 911 2893 terﬁcientem.
982 2836 1131 2900 Tute,
1189 2838 1385 2906 inquit,
1424 2838 1725 2906 iniquitatis
1767 2841 2113 2909 operationes

526 2939 653 2984 sunt
694 2930 809 2985 haec
851 2930 1055 2994 omnia,
1082 2943 1117 2983 ο
1164 2930 1498 2998 nequissime
1540 2930 1771 2985 diabole.
1812 2930 1942 2985 Nam
1972 2931 2112 2986 Deus

528 3032 755 3076 mortem
826 3037 930 3076 non
996 3020 1145 3085 fecit,
1206 3037 1382 3092 neque
1427 3023 1641 3076 laetatur
1696 3023 1749 3076 in
1808 3024 2112 3093 perditione

524 3116 792 3179 vivorum,
846 3115 941 3169 sed
1003 3124 1092 3168 tua
1146 3115 1343 3169 invidia
1404 3126 1567 3185 atque
1626 3116 1744 3171 zelo
1812 3131 1958 3171 mors
2029 3117 2110 3171 in-

2214 644 2376 698 quam
2413 628 2654 697 Spiritus
2687 642 2909 687 sanctus
2939 632 3369 689 familiaritatem
3400 643 3566 704 atque
3600 635 3800 690 illumi-

2216 721 2487 774 uatiouem
2515 738 2545 773 a
2569 738 2628 776 se
2653 723 2883 790 expulit,
2906 733 2960 777 et
2983 735 3294 780 sanctorum
3318 726 3638 796 angelorum
3672 742 3802 782 con-

2209 812 2546 883 junctionem
2595 824 2759 881 atque
2793 814 3177 869 habitationem
3221 832 3249 869 a
3283 832 3343 870 se
3382 817 3606 880 amovit,
3654 818 3801 872 sicut

2214 904 2346 959 dicit
2370 919 2386 956 :
2407 904 2476 957 Et
2491 916 2603 970 post
2617 906 2727 959 hac
2748 906 2975 959 introivit
2997 908 3051 959 in
3064 923 3179 960 eum
3198 906 3429 962 Satanas
3448 908 3513 964 ³⁸.
3535 908 3694 964 Tales
3711 923 3803 962 so-

2215 997 2466 1051 litudines
2493 996 2712 1052 fuerunt
2736 998 2863 1049 olim
2885 1012 3075 1052 omnes
3128 1000 3613 1070 pseudoprophette
3634 1011 3797 1069 atque

2217 1088 2336 1143 falsi
2365 1092 2698 1155 sacerdotes,
2731 1090 2806 1144 illi
2836 1093 2901 1145 ad
2934 1108 3071 1161 quos
3102 1092 3232 1144 dicit
3254 1092 3504 1146 Michzeas
3527 1094 3791 1161 propheta

2214 1193 2341 1237 ante
2367 1186 2555 1239 Achab
2603 1202 2781 1254 regem
2815 1186 2979 1241 Israel
3015 1204 3028 1239 :
3073 1185 3223 1239 Dedit
3263 1185 3517 1239 Dominus
3550 1188 3796 1255 spiritum

2212 1280 2514 1331 mendacem
2555 1279 2612 1331 in
2662 1295 2750 1332 ore
2782 1280 3015 1333 omnium
3049 1281 3419 1345 prop/telarum
3462 1288 3673 1331 tuorum
3726 1278 3794 1333 ⁸³.

2212 1369 2369 1435 Quod
2421 1386 2547 1423 cum
2580 1370 2818 1425 audisset
2852 1370 3104 1438 princeps
3165 1370 3403 1438 ipsorum
3463 1372 3798 1439 pseudopro-

2212 1462 2496 1531 phetarum
2562 1461 2859 1517 Sedecbias
2918 1461 3059 1515 filius
3118 1462 3419 1525 Chanaam,
3483 1464 3803 1531 percutiens

2213 1552 2491 1607 “ichmam
2524 1553 2580 1607 in
2614 1553 2891 1607 maxillam
2925 1552 3064 1609 dixit
3095 1572 3109 1608 :
3152 1553 3286 1619 Quis
3312 1553 3544 1623 Spiritus
3582 1553 3803 1609 Domini

2212 1643 2449 1698 discessit
2471 1660 2503 1697 a
2525 1660 2630 1710 me,
2647 1655 2703 1697 ut
2725 1644 3026 1714 loqueretur
3049 1646 3103 1698 in
3130 1656 3179 1699 te
3201 1644 3285 1699 ³δῖ
3311 1644 3414 1700 Per
3434 1660 3554 1715 quze
3572 1647 3793 1701 eviden-

2213 1745 2298 1791 ter
2323 1736 2585 1801 ostendit,
2612 1736 2740 1806 quia
2785 1736 3038 1792 discessit
3073 1738 3143 1791 ab
3178 1752 3245 1792 eo
3284 1736 3523 1807 Spiritus
3557 1737 3792 1801 Domini.

2212 1839 2266 1882 et
2297 1830 2562 1884 habitavit
2598 1831 2651 1883 in
2691 1844 2758 1885 eo
2804 1830 3028 1898 spiritus
3061 1830 3285 1896 diaboli,
3329 1838 3518 1901 utpote
3555 1831 3807 1886 desolato-

2218 1938 2246 1975 a
2278 1921 2485 1992 Spiritu
2544 1930 2754 1977 sancto.
2792 1920 2941 1977 Talia
2992 1921 3208 1977 deserta
3252 1922 3379 1977 facti
3428 1931 3557 1977 sunt
3599 1921 3794 1988 Judaei,

2212 2014 2303 2081 qui
2338 2013 2567 2068 Domino
2596 2030 2700 2069 non
2734 2013 3107 2077 crediderunt,
3144 2028 3321 2083 neque
3360 2017 3640 2086 suscipere
3669 2031 3792 2069 eum

2212 2114 2520 2169 voluerunt.
2553 2114 2853 2185 Propterea
2889 2116 3025 2169 dixit
3066 2117 3134 2168 ad
3166 2128 3262 2170 eos
3304 2112 3570 2166 Dominus
3600 2128 3613 2163 :
3660 2108 3806 2161 Ecce

2214 2206 2538 2276 relinquetur
2604 2208 2747 2263 vobis
2800 2208 2989 2261 domus
3053 2218 3220 2261 vestra
3266 2207 3475 2259 deserta
3520 2204 3585 2256 ³⁸.
3643 2200 3804 2255 Talia

2213 2300 2422 2355 scilicet
2456 2300 2670 2361 deserta
2706 2299 2849 2355 facta
2894 2310 3021 2355 sunt
3066 2300 3230 2355 etiam
3262 2314 3407 2353 nunc
3442 2312 3636 2352 omnes
3671 2296 3797 2349 iuti-

2214 2392 2412 2445 delium
2444 2401 2610 2446 sectae
2638 2401 2801 2460 atque
2828 2391 3094 2455 luereses,
3124 2407 3244 2462 qua:
3270 2390 3529 2445 desolata:
3557 2388 3679 2443 fidei
3707 2404 3799 2441 ve-

2214 2485 2379 2538 ritate
2412 2496 2574 2555 atque
2620 2486 2769 2539 omni
2809 2485 3033 2555 pietate,
3073 2484 3126 2537 in
3159 2483 3358 2553 quibus
3393 2481 3654 2535 habitans
3678 2480 3799 2531 dia-

2214 2576 2367 2631 holus
2412 2576 2791 2630 multitudines
2830 2573 3211 2630 scandalorum
3266 2582 3525 2641 tauquam
3584 2570 3803 2623 zizania

2214 2669 2267 2721 in
2290 2669 2369 2722 eis
2389 2668 2522 2723 oriri
2556 2666 2704 2723 fecit.
2724 2667 2858 2722 Post
2883 2681 3007 2737 quae
3030 2667 3286 2721 universa
3314 2666 3489 2721 adhuc
3513 2667 3566 2719 in
3600 2665 3805 2719 ultimo

2216 2759 2341 2813 talia
2370 2760 2584 2816 deserta
2614 2770 2741 2815 sunt
2766 2774 2956 2817 omnes
2978 2746 3306 2831 pertinaces,
3334 2773 3525 2813 omnes
3548 2748 3807 2813 crudeles

2214 2854 2303 2921 qui
2340 2868 2444 2909 non
2493 2863 2659 2925 agunt
2686 2853 3089 2925 paenitentiam,
3122 2852 3212 2921 qui
3247 2852 3583 2906 contristant
3617 2847 3796 2916 Spiri-

2215 2955 2327 3001 tum
2381 2956 2652 3013 sanctum,
2702 2947 2756 3000 in
2802 2959 2910 3016 quo
2942 2944 3149 3014 pridem
3194 2942 3393 3013 signati
3424 2951 3550 2995 sunt
3599 2940 3657 2992 in
3710 2939 3807 2993 die

2213 3039 2631 3109 redemptionis,
2668 3037 2760 3107 qui
2804 3036 3138 3093 contristent
3171 3046 3393 3088 sanctos
3426 3030 3669 3100 angelos,
3701 3030 3794 3099 qui

2214 3131 2449 3200 gaudent
2493 3142 2659 3197 super
2690 3142 2807 3191 eos,
2848 3126 2941 3195 qui
2992 3139 3089 3195 pro
3123 3125 3363 3192 peccatis
3416 3120 3795 3191 pmuitonliam

529 3210 712 3262 troivit
754 3210 807 3263 iu
854 3208 1132 3265 mundum.
1178 3208 1332 3261 Sicut
1367 3209 1511 3262 euim
1548 3209 1600 3262 in
1638 3219 1807 3262 totum
1850 3208 2105 3262 mundum

2215 3230 2400 3289 agunt.
2437 3220 2641 3276 Omaes
2677 3233 2808 3288 ergo
2839 3218 2928 3272 isti
2973 3216 3196 3271 desolati
3231 3225 3359 3270 sunt
3400 3216 3489 3283 qui
3533 3229 3637 3267 non
3681 3225 3797 3281 pue-

528 3301 678 3356 u'tors
713 3301 962 3355 introivit
1003 3316 1103 3370 per
1139 3311 1286 3355 tuum
1333 3301 1533 3366 zelum,
1566 3301 1638 3353 ita
1675 3310 1730 3354 et
1760 3315 1905 3354 nunc
1942 3314 2106 3368 super

529 3395 667 3449 filios
701 3392 795 3449 iob
828 3409 922 3464 per
950 3404 1101 3447 tuum
1138 3394 1311 3450 zelum
1347 3404 1402 3447 et
1448 3394 1705 3446 invidiam
1742 3393 1979 3464 perditio
2013 3395 2110 3448 ad-

525 3486 697 3549 venit,
742 3496 905 3555 atque
945 3488 1222 3552 interitus,
1266 3501 1300 3542 ο
1342 3487 1675 3555 nequissime
1721 3486 1957 3544 diabolo.
1998 3488 2111 3543 Hoc

525 3593 705 3635 autem
758 3593 812 3633 tu
844 3583 959 3651 ipse
1003 3581 1070 3635 de
1119 3583 1408 3650 temetipso
1459 3580 1865 3648 demonstrans,
1913 3582 2047 3636 dicis
2090 3599 2105 3634 :

526 3674 714 3729 Subito
741 3676 961 3744 spiritus
992 3677 1126 3728 venit
1156 3675 1220 3727 ab
1256 3691 1451 3728 eremo.
1491 3674 1685 3730 Subito
1716 3675 1860 3728 enim
1892 3674 2109 3729 occulte

524 3778 686 3837 atque
716 3768 963 3822 clanculo
989 3769 1305 3821 innumeros
1332 3768 1623 3835 suhvertis,
1655 3769 1971 3822 innumeros
2000 3768 2103 3820 cirv

523 3861 825 3922 cumvcnis,
874 3870 930 3914 et
976 3870 1080 3914 ture
1125 3860 1597 3915 condemnationis
1642 3860 1889 3915 heredes
1945 3858 2100 3925 facis,

522 3968 662 4022 quos
691 3954 788 4007 aevi
821 3963 1021 4008 aeterna
1051 3954 1335 4007 conversio
1376 3952 1558 4007 subito
1597 3950 1977 4023 apprehendit,
2016 3960 2107 4003 ut-

524 4054 648 4112 pote
673 4059 701 4095 a
744 4053 796 4097 te
826 4045 875 4097 iu
910 4044 1066 4097 malis
1098 4045 1368 4099 seductos.
1404 4041 1485 4099 0b
1510 4046 1611 4099 hoc
1645 4060 1777 4113 ergo
1802 4044 1986 4098 subito
2015 4058 2104 4096 ve-

526 4140 604 4193 uit
638 4138 875 4207 spiritus.
920 4136 998 4197 Tu
1040 4141 1154 4207 ipse
1188 4155 1247 4195 es
1287 4140 1429 4194 aeris
1480 4147 1798 4208 penetrator
1829 4136 2099 4199 diabolus,

523 4247 820 4301 aereusque
839 4233 1061 4301 spiritus
1085 4232 1152 4286 ab
1178 4245 1399 4286 eremo:
1426 4230 1652 4299 spiritus
1685 4244 1813 4283 vero
1842 4239 2103 4298 tauquam

525 4330 576 4379 iu
608 4340 850 4380 cremum
887 4340 951 4378 ac
975 4325 1346 4388 solitudinem,
1390 4322 1479 4376 ubi
1512 4336 1687 4391 neque
1715 4320 1981 4384 hominis,
2014 4335 2104 4374 ne-

522 4431 628 4487 que
661 4417 1025 4487 quadrupedis
1056 4416 1341 4485 vestigium
1367 4415 1601 4469 traditur
1627 4412 1901 4483 projectus
1935 4422 2100 4481 atque

520 4512 797 4581 expulsus.
824 4513 927 4565 Aut
958 4511 1134 4564 adhuc
1162 4509 1390 4564 venitab
1408 4522 1614 4571 eremo,
1642 4516 1825 4574 utpote
1851 4506 2099 4561 omuium

519 4604 824 4657 divinorum
855 4618 1065 4665 exsors,
1086 4613 1140 4655 et
1169 4601 1236 4654 ab
1267 4601 1523 4657 omnibus
1544 4599 1848 4658 desolatus.
1869 4600 1977 4653 Aut
2002 4602 2095 4653 ad-

518 4694 625 4749 huc
650 4695 717 4749 ab
755 4709 940 4748 eremo
971 4693 1141 4757 venit,
1173 4701 1359 4761 utpote
1394 4707 1496 4744 non
1528 4690 1702 4744 solum
1741 4692 1793 4744 in
1820 4692 2099 4759 corrupti-

516 4788 717 4845 bilihus
755 4798 917 4857 atque
949 4786 1262 4839 iuanimalis
1296 4783 1679 4839 solitudinibus
1720 4794 2098 4853 sequestratus

517 4899 581 4937 ac
617 4883 926 4943 destitutus,
965 4879 1057 4933 sed
1087 4878 1333 4946 quinimo
1363 4878 1534 4945 magis
1564 4877 1618 4929 in
1649 4876 1902 4929 humanis
1934 4886 2097 4944 atque

519 4974 771 5027 animatis
796 4971 1200 5031 solitudinibus.
1234 4984 1353 5038 qua:
1376 4979 1502 5022 sunt
1531 4968 1728 5021 anima:
1762 4968 1959 5036 impiae,
1985 4982 2099 5022 sce-

520 5066 726 5126 leratzr,
756 5074 1024 5125 errantes,
1057 5060 1323 5126 infideles,
1358 5077 1477 5130 qua:
1503 5070 1629 5113 sunt
1667 5059 1920 5114 desolata-
1949 5059 2093 5113 omni

519 5154 828 5217 sanctitate,
881 5169 1001 5222 quas
1054 5168 1160 5206 non
1210 5152 1526 5206 habitantur
1588 5167 1765 5221 neque
1826 5166 1854 5204 a
1911 5161 2097 5206 sancto

520 5246 722 5314 Spiritu
748 5245 1052 5307 Paraclctu,
1094 5260 1267 5314 neque
1302 5261 1330 5297 a
1367 5244 1571 5298 sanctis
1596 5243 1805 5313 angelis
1832 5243 1924 5295 Dei
1962 5261 1974 5294 :
2014 5251 2097 5294 ut-

519 5347 643 5404 pote
677 5338 731 5390 in
770 5337 1075 5405 huiusmodi
1118 5337 1350 5391 desertis
1400 5336 1678 5398 habitans,
1708 5350 1737 5387 a
1784 5336 1997 5388 deserto
2028 5340 2098 5385 te-

520 5431 694 5495 ipsum
727 5428 913 5482 venire
948 5429 1103 5482 dicis.
1142 5427 1273 5482 Tale
1305 5428 1579 5481 desertum
1611 5426 1789 5479 factus
1816 5434 1898 5478 est
1932 5426 2096 5479 etiam

518 5523 608 5577 ille
644 5536 803 5590 quem
846 5522 1026 5590 scapis
1074 5522 1393 5575 mundatum
1440 5530 1603 5589 atque
1646 5530 1896 5574 ornatum
1949 5533 2079 5585 repe

520 5620 665 5669 r'iens
706 5614 1069 5683 nequissimus
1106 5624 1267 5682 atque
1310 5612 1621 5666 immundus
1672 5612 1913 5680 spiritus,
1966 5610 2099 5665 alios

518 5716 726 5775 septem
778 5704 1069 5774 nequiores
1120 5718 1179 5759 se
1230 5717 1516 5759 assumens
1573 5702 1842 5757 habitavit
1903 5703 1957 5756 in
2010 5717 2094 5756 eo.

586 5881 1064 5952 "loari.x1u,27.
1143 5883 1187 5914 ³³
1220 5880 1283 5936 lll
1334 5882 1465 5951 Reg.
1496 5901 1627 5950 xxu,
1657 5885 1748 5940 9.5.

1828 5885 1871 5917 "
1914 5884 2040 5940 ibid.
2068 5883 2161 5938 2i.

2214 3312 2514 3366 nituerunt.
2551 3310 2772 3365 Habitat
2810 3324 2945 3364 vero
2978 3310 3031 3363 in
3062 3308 3197 3372 illis,
3227 3316 3417 3375 utpote
3451 3310 3503 3359 in
3537 3303 3795 3365 desertis,

2212 3403 2485 3472 malignus
2522 3402 2872 3457 adversarius
2900 3400 2992 3469 qui
3040 3408 3185 3454 tenet
3219 3413 3312 3451 cor
3339 3412 3551 3457 eorum,
3601 3406 3662 3449 ut
3698 3408 3796 3447 nec

2212 3495 2279 3547 ad
2322 3493 2695 3562 paenitentiam
2748 3490 3135 3551 confiteantur,
3181 3501 3358 3556 neque
3401 3485 3609 3555 jejunis
3638 3497 3796 3538 exer-

2212 3595 2394 3641 ceant.
2458 3599 2638 3653 neque
2696 3583 3074 3652 eleemosynas
3124 3579 3352 3634 faciant.
3386 3576 3511 3630 istis
3559 3586 3811 3641 namque

2211 3690 2432 3748 peccata
2467 3677 2838 3733 dominantur.
2871 3676 2962 3730 isti
3000 3688 3131 3737 ergo
3157 3687 3348 3726 omnes
3379 3684 3501 3726 cum
3540 3678 3668 3723 sunt
3704 3666 3796 3719 do-

2210 3770 2366 3825 solati
2392 3772 2680 3824 sanctitate
2701 3779 2753 3823 et
2779 3769 2883 3822 fide
2911 3777 3075 3837 atque
3102 3766 3196 3821 Dei
3224 3766 3440 3827 timore,
3474 3761 3795 3817 desolantur

2207 3864 2275 3917 de
2307 3878 2473 3931 regno
2507 3862 2622 3926 Dei,
2653 3872 2710 3917 et
2740 3861 3105 3931 projiciuutnr
3131 3862 3199 3913 de
3231 3858 3418 3914 choris
3449 3865 3794 3918 sanctorum,

2209 3967 2373 4025 atque
2399 3956 2452 4007 in
2486 3955 2739 4009 tenebras
2777 3954 3079 4009 exteriores
3120 3952 3391 4021 pellentur
3420 3960 3476 4004 et
3510 3949 3566 4002 in
3602 3948 3785 4018 ignem

2210 4046 2725 4116 iuexstiuguibilem,
2756 4046 2850 4115 qui
2881 4054 3221 4115 praeparatus
3248 4052 3333 4097 est
3364 4041 3585 4097 diabolo
3607 4049 3663 4095 et
3689 4054 3807 4093 an-r

2209 4141 2346 4210 gelis
2376 4140 2512 4205 ejus.
2554 4136 2681 4191 Haec
2726 4138 2910 4206 itaque
2950 4146 3107 4190 notat
3134 4137 3410 4196 universa,
3446 4133 3573 4203 quia
3613 4131 3791 4185 dicit:

2209 4230 2395 4285 Subito
2426 4230 2645 4295 spiritus
2672 4229 2808 4281 venit
2847 4229 2911 4280 ab
2943 4243 3138 4289 eremo,
3167 4236 3215 4279 et
3241 4226 3417 4295 tetigit
3431 4235 3663 4293 quatuor
3694 4238 3795 4275 an-

2207 4323 2360 4393 gulos
2396 4322 2603 4376 domus.
2637 4321 2693 4375 In
2729 4320 2886 4374 tertia
2942 4319 3097 4389 plaga
3132 4319 3234 4372 tria
3274 4333 3479 4372 cornua
3517 4314 3647 4369 fecit
3673 4314 3794 4367 dia-

2208 4414 2386 4478 bolus,
2417 4412 2469 4465 in
2500 4421 2692 4481 quarta
2723 4425 2854 4464 vero
2882 4409 3037 4479 plaga
3070 4418 3308 4478 quatuor
3338 4404 3565 4473 angulos
3598 4406 3807 4466 domus»

2211 4507 2407 4576 tetigit,
2438 4517 2494 4560 et
2527 4503 2723 4559 cecidit
2755 4504 2971 4557 domus.
3002 4501 3068 4555 Et
3098 4501 3231 4570 quid
3278 4500 3322 4553 si
3365 4514 3530 4553 unum
3582 4495 3794 4565 tetigis-

2210 4606 2293 4650 set
2340 4595 2618 4664 angulum,
2663 4594 2859 4649 cadere
2906 4608 3015 4648 non
3068 4591 3373 4662 potuisset?
3424 4590 3563 4659 Ergo
3609 4588 3654 4643 si
3698 4602 3795 4656 per

2211 4702 2378 4739 unum
2414 4686 2665 4755 angulum
2702 4692 2912 4753 poterat
2949 4683 3166 4748 cadere,
3200 4696 3298 4735 cur
3327 4694 3518 4735 omnes
3556 4686 3797 4747 quatuor

2212 4779 2436 4848 angulos
2491 4777 2715 4847 tetigit?
2772 4776 2930 4831 Audi.
2988 4774 3235 4840 Quatuor
3286 4772 3543 4841 angulos,
3610 4768 3663 4821 id
3709 4775 3794 4821 est

2209 4881 2441 4935 quatuor
2466 4880 2668 4939 partes,
2712 4868 2913 4938 tetigit,
2950 4870 3019 4921 ob
3046 4866 3172 4931 hoc,
3207 4874 3265 4918 ut
3296 4863 3611 4917 ostenderet
3643 4857 3793 4911 fero-

2208 4966 2427 5021 citatem
2471 4974 2525 5017 et
2586 4959 2877 5023 insaniam,
2929 4970 2986 5013 et
3044 4952 3523 5025 intemperantiarn
3574 4961 3794 5018 quoque

2208 5067 2375 5124 atque
2405 5054 2805 5119 crudelitatem,
2856 5048 3291 5104 cruentationem
3333 5056 3497 5114 atque
3544 5041 3791 5094 animum

2209 5164 2361 5204 somn
2406 5145 2806 5201 homicidalem.
2841 5141 2974 5196 Nam
3008 5154 3199 5195 omnes
3234 5137 3552 5206 nequissimi
3582 5134 3792 5188 daemo-

2207 5255 2304 5295 nes
2338 5249 2397 5291 ut
2441 5237 2668 5292 relaxati
2705 5243 2850 5299 sunt,
2888 5242 2942 5287 et
2976 5246 3099 5285 mox
3137 5242 3195 5283 ut
3244 5226 3659 5298 permissionem
3698 5238 3792 5278 ac-

2208 5336 2491 5399 ceperunt,
2529 5325 2786 5381 continuo
2825 5337 3017 5378 omnes
3070 5319 3401 5391 generaliter
3433 5317 3502 5371 ab
3532 5314 3797 5370 omnibus

2199 5421 2447 5492 partibus
2478 5433 2640 5488 super
2673 5418 2897 5471 domum
2930 5414 3102 5482 ipsam
3133 5414 3415 5465 irrueruut
3441 5407 3793 5469 festinantes,

2198 5523 2360 5581 atque
2410 5511 2696 5564 adversum
2756 5508 2986 5561 invicem
3042 5505 3342 5574 rapientes,
3401 5500 3523 5569 quis
3580 5500 3789 5566 primus

2199 5607 2335 5659 hanc
2381 5601 2722 5671 iniquitatem
2780 5599 3078 5667 acciperet,
3121 5594 3245 5665 quis
3288 5592 3496 5661 primus
3546 5589 3647 5643 hoc
3690 5588 3789 5641 ho-

2205 5697 2477 5751 micidium
2529 5702 2887 5763 perpetraret.
2952 5688 3034 5744 Οἱ)
3086 5688 3189 5743 hoc
3231 5700 3363 5755 ergo
3412 5697 3508 5751 per
3553 5690 3789 5750 quatuor

2240 5882 2284 5913 ³⁵
2310 5878 2509 5935 Matth.
2542 5889 2700 5939 xxttt,
2735 5873 2826 5928 '58.
