4174 6384
522 311 624 363 455

1661 309 2029 367 ANONYMIIS
2066 313 2136 366 1N
2173 311 2311 367 JOB.
2353 344 2413 351 —
2454 312 2580 365 LIB.
2622 312 2662 364 i.

3667 312 3773 367 4'36

525 428 697 497 major
733 446 837 482 non
888 430 1163 494 sustinuit,
1224 444 1343 497 quae
1388 428 1522 483 alius
1564 438 1690 484 ante
1733 445 1857 485 eum
1909 447 2099 501 passus
2127 437 2174 493 Α
2203 433 2476 501 inquiens,
2499 432 2718 487 dorsum
2743 432 3113 489 nudum.ecce
3134 445 3329 499 corpus
3357 430 3644 487 detectum.
3664 430 3771 486 Vos

524 535 629 573 non
704 529 804 573 est.
858 519 980 573 Haec
1024 520 1251 573 audiens
1314 518 1415 574 Job
1473 534 1630 589 quem
1679 524 1970 577 meditatus
2011 532 2096 576 est

524 610 789 674 diabolus,
848 611 1093 679 quzesivit
1143 612 1523 680 nequissimus,
1584 626 1741 680 quem
1781 614 1947 667 voluit
1994 614 2096 667 iui-

524 715 683 768 qnus,
763 715 925 769 quem
991 702 1318 772 excogitavit
1378 703 1631 772 injustus.
1703 702 1826 757 llaec
1874 705 2097 760 audiens

523 790 646 855 Job,
717 806 872 860 quem
935 791 1110 861 angeli
1172 794 1422 849 admirati
1470 803 1617 859 sunt,
1691 810 1849 864 quem
1919 796 2095 851 incor-

527 883 809 953 ruptibiles
863 884 1242 951 laudaverunt,
1308 897 1366 941 ut
1408 887 1453 942 is
1513 887 1608 955 qui
1658 888 1724 942 de
1776 897 1920 942 terra
1980 889 2097 959 pla-

523 986 732 1029 smatus
776 984 885 1037 est,
919 974 1150 1030 viriliter
1187 977 1508 1047 pugnaverit
1548 980 1809 1033 adversus
1841 993 1967 1033 eum
2000 981 2091 1049 qui

522 1068 589 1120 de
607 1066 760 1121 cmlis
784 1066 1026 1134 deiectus
1047 1077 1153 1130 est,
1174 1077 1235 1121 ut
1257 1069 1433 1137 pulvis
1457 1070 1721 1125 adversus
1743 1072 2012 1141 spiritum,
2036 1083 2096 1125 ut

522 1158 685 1212 homo
717 1158 978 1213 adversus
1007 1159 1301 1224 diabolum,
1343 1170 1402 1215 ut
1436 1165 1802 1233 corruptibilis
1837 1167 2096 1223 adversus

522 1254 987 1321 incorruptibilem
1020 1264 1337 1308 constanter
1376 1256 1609 1321 steterit,
1669 1266 1723 1310 et
1757 1275 1860 1312 non
1898 1273 2091 1314 succu-

521 1344 725 1408 buerit,
760 1352 921 1411 atque
953 1344 1235 1397 victoriam
1267 1346 1333 1399 de
1362 1345 1454 1400 illo
1485 1347 1795 1416 sumpserit.
1824 1347 1958 1403 Cum
1993 1349 2092 1401 tri-

520 1437 623 1490 bus
663 1435 952 1489 malitiosis
982 1436 1195 1505 sagittis
1250 1452 1276 1491 a
1309 1437 1524 1491 diabolo
1560 1438 1924 1508 sagittaretur,
1956 1440 2093 1495 tole-

522 1528 716 1581 rantia
735 1536 899 1595 atque
928 1526 1051 1581 fidei
1077 1539 1232 1584 scuto
1256 1543 1315 1582 se
1344 1538 1634 1599 protegens
1669 1531 1883 1584 transiit
1913 1532 2089 1585 illiba-

520 1628 628 1672 tus.
662 1615 791 1670 Post
826 1630 961 1685 quas
983 1627 1094 1671 tres
1119 1626 1313 1686 quarta
1340 1618 1619 1687 sagittavit
1658 1619 1809 1673 illum
1841 1620 2092 1675 inimicus

518 1714 760 1761 tentator
796 1706 1089 1760 novissime
1127 1722 1250 1760 cum
1286 1707 1472 1761 dolore
1525 1708 1738 1773 ultima,
1771 1709 2089 1774 miserabili,

520 1800 616 1853 sed
643 1812 742 1853 uec
797 1800 898 1852 bac
933 1798 1137 1868 aliquid
1171 1801 1398 1869 peregit,
1457 1816 1557 1855 nec
1606 1816 1700 1870 per
1745 1802 1901 1857 istam
1937 1819 2089 1858 suam

520 1892 851 1947 voluntatem
891 1891 1142 1960 perfecit,
1171 1902 1227 1947 et
1269 1893 1391 1948 ideo
1432 1904 1712 1963 computat
1757 1896 1912 1950 istam
1936 1897 2089 1965 quasi

520 1997 683 2036 unam
710 1999 723 2034 :
760 1997 864 2036 non
897 1983 1041 2036 enim
1076 1992 1198 2037 erat
1224 1999 1350 2049 una,
1383 1986 1476 2039 sed
1512 1986 1693 2041 decem
1720 1997 1878 2041 erant
1908 1988 1959 2042 in
1991 1990 2090 2043 bac

520 2075 658 2144 ipsa.
687 2073 823 2128 Nam
865 2074 1052 2129 decem
1091 2074 1325 2129 ﬁliorum
1355 2092 1460 2129 una
1516 2075 1619 2131 fuit
1671 2079 1919 2147 perditio,
1951 2096 2092 2137 unus

520 2166 794 2222 interitus.
830 2166 983 2233 Quod
1035 2176 1214 2220 autem
1256 2182 1362 2221 non
1389 2167 1752 2223 vulneraverit
1796 2170 1945 2224 illum
1976 2172 2092 2225 dia-

519 2258 698 2323 bolus,
720 2274 897 2328 neque
925 2259 1167 2315 dolorem
1216 2260 1507 2315 iucusserit
1560 2261 1946 2330 nequissimus,
1976 2264 2091 2317 evi-

519 2352 713 2405 denter
733 2351 972 2406 ostendit
1000 2367 1121 2407 mox
1168 2353 1220 2405 in
1260 2353 1715 2423 subsequentibus
1747 2372 1759 2407 :
1806 2353 1952 2409 Tunc
1972 2373 2092 2410 sur-

518 2442 655 2496 rexit
671 2442 844 2497 Job".
869 2444 925 2497 Si
945 2445 1092 2497 enim
1118 2446 1453 2508 vulneratus,
1474 2447 1556 2499 vel
1580 2448 1994 2513 contaminatus,
2009 2448 2091 2503 vel

519 2530 790 2585 laceratus
837 2530 1044 2596 fuisset,
1091 2546 1315 2602 surgere
1361 2534 1585 2588 omnino
1650 2549 1755 2587 non
1806 2534 2090 2601 potuisset.

518 2618 663 2691 Ergo
715 2620 843 2689 quia
878 2621 1135 2686 surrexit,
1174 2622 1523 2675 manifestum
1553 2629 1636 2676 est
1672 2620 1813 2688 quod
1859 2619 2091 2676 fortissi-

517 2724 641 2765 mus
665 2712 1053 2779 perseveravit,
1084 2722 1249 2780 atque
1276 2712 1477 2767 illaesus
1506 2711 1763 2782 perstitit.
1802 2709 1947 2764 Tunc
1966 2727 2091 2766 sur-

518 2805 652 2857 rexit
692 2803 815 2859 Job.
874 2803 1128 2858 Surrexit
1176 2805 1380 2869 animo,
1404 2806 1644 2859 surrexit
1693 2804 1818 2870 fide,
1857 2806 2092 2859 surrexit

516 2898 762 2952 veritatis
794 2899 995 2960 studio,
1056 2900 1295 2954 surrexit
1337 2900 1403 2955 ad
1436 2900 1703 2970 przelium,
1744 2900 1984 2954 surrexit
2023 2898 2089 2952 ad

516 2989 798 3053 virtutem,
845 2990 1084 3044 surrexit
1144 2991 1210 3045 ad
1258 2989 1495 3053 oliicium
1543 2991 1883 3048 constantius.
1944 2989 2091 3043 Tunc

517 3082 889 3136 surrexitlob.
910 3082 1130 3137 Certum
1151 3092 1231 3137 est
1248 3083 1372 3153 quia
1397 3097 1519 3137 cum
1544 3082 1893 3147 surrexisset,
1910 3080 2042 3135 dicit
2071 3095 2087 3133 :

519 3171 672 3226 Nunc
711 3172 835 3228 belli
867 3183 1101 3242 tempus,
1147 3189 1290 3231 nunc
1328 3174 1673 3243 approbatio,
1726 3188 1868 3228 nunc
1912 3173 2089 3227 victo-

521 3263 619 3317 ria:
663 3264 931 3333 acceptio,
991 3279 1135 3319 nunc
1194 3279 1519 3320 coronarum
1567 3266 2092 3334 compositio,nunc

518 3353 894 3409 retributionis
952 3355 1329 3425 exspectatio,
1398 3370 1543 3417 nunc
1610 3356 1851 3411 audaciae
1916 3355 2093 3425 mani-

518 3442 756 3507 festatio.
820 3445 975 3513 Quod
1002 3455 1183 3501 autem
1215 3448 1282 3502 ad
1323 3448 1439 3501 haec
1465 3446 1647 3501 omnia
1677 3447 1919 3503 surrexit
1968 3445 2090 3512 Job,

517 3544 682 3603 atque
720 3535 786 3590 ad
812 3536 1269 3592 horumomnium
1302 3538 1670 3593 ostensionem
1694 3576 1709 3602 ,
1766 3546 1930 3607 atque
1968 3552 2091 3607 per-

518 3624 827 3693 fectionem,
854 3628 1007 3697 juxta
1046 3630 1160 3685 haec
1188 3646 1307 3700 quae
1357 3641 1681 3699 sequuntur,
1743 3628 2089 3685 manifestam

515 3718 938 3782 est:Couscidit,
969 3721 1163 3789 inquit,
1190 3724 1495 3776 vestimenta
1522 3738 1620 3775 sua
1651 3721 1719 3775 "'.
1741 3722 1851 3777 Cur
1872 3724 2089 3778 consci-

516 3811 640 3865 dit?
666 3811 747 3869 0b
776 3813 878 3866 hoc
906 3814 1192 3879 conscidit,
1222 3823 1280 3866 ut
1302 3813 1608 3883 expeditior
1638 3824 1800 3882 atque
1833 3823 2092 3869 constan-

520 3903 625 3961 tior
655 3905 955 3963 exstitisset
1012 3906 1064 3957 in
1109 3905 1333 3973 praelio,
1386 3914 1439 3959 ut
1494 3906 1582 3960 illa
1634 3920 1753 3974 qua:
1814 3908 2093 3961 retardant

516 3993 836 4062 deponeret,
879 4005 935 4046 ut
972 3994 1058 4048 illa
1106 4010 1226 4063 qua:
1261 3995 1562 4064 impediunt
1623 4011 1652 4049 a
1693 4011 1750 4049 se
1781 3995 2090 4066 proﬁceret,

518 4094 578 4139 ut
635 4094 888 4153 tanquam
944 4088 1341 4143 audacissimus
1376 4088 1666 4156 praeliator.
1732 4098 1781 4143 et
1833 4097 2091 4157 tanquam

516 4176 807 4245 singularis
837 4180 1231 4234 monomacbus
1265 4180 1528 4234 adversus
1563 4180 1880 4237 innumeros
1912 4182 2094 4235 inimi-

517 4280 632 4331 cos,
665 4277 719 4320 et
747 4270 1007 4323 adversus
1042 4269 1446 4326 inaestimabiles
1487 4271 1868 4337 adversarios,
1904 4272 2092 4342 singu-

517 4357 707 4412 lariter
740 4358 1029 4415 immobilis
1058 4362 1410 4429 perstitisset.
1438 4361 1518 4417 0b
1544 4363 1648 4418 hoc
1673 4379 1803 4434 ergo
1829 4366 2094 4421 conscidit

2200 520 2489 590 ﬂagellato,
2531 536 2631 592 ego
2659 530 2839 576 autem
2876 521 3155 575 sull'cram.
3194 520 3299 577 Vos
3324 521 3627 585 verberate,
3673 538 3775 593 ego

2199 622 2378 668 autem
2427 614 2749 677 sustineam,
2797 616 2983 670 dicens
3028 628 3149 667 cum
3215 612 3449 668 Jeremia
3504 612 3774 667 :Dorsum

2198 720 2367 757 meum
2397 705 2518 757 dedi
2539 706 2609 757 ad
2633 706 2843 774 ﬂagella
2867 706 2931 771 ⁸⁸;
2963 706 3149 759 dicens
3186 719 3307 758 cum
3338 704 3504 757 David
3543 722 3556 757 :
3590 705 3768 774 Supra
3838 695 3856 712 ⁸

2196 794 2410 848 dorsum
2464 811 2632 849 meum
2683 797 3075 869 fabricaverunt
3125 806 3420 863 peccatores
3444 795 3512 848 ”.
3560 794 3667 855 Sed
3717 806 3776 848 et

2195 887 2373 941 adhuc
2405 903 2527 943 cum
2556 888 2747 943 eodem
2790 889 2957 942 David
2993 907 3005 942 :
3040 886 3107 941 Et
3140 904 3284 941 eram
3339 888 3635 959 ﬂagellatus
3665 898 3775 953 tota

2197 979 2281 1031 die
2295 978 2361 1030 ⁸⁸.
2395 978 2588 1031 Adhuc
2608 977 2875 1031 conscidit
2910 976 3235 1032 vestimenta
3261 991 3381 1043 sua,
3407 992 3471 1031 ac
3498 976 3542 1031 si
3570 976 3775 1041 diceret

2195 1070 2265 1124 ad
2299 1070 2443 1138 ipsos
2476 1070 2817 1127 adversarios
2849 1070 3210 1140 nequissimos
3242 1084 3257 1121 :
3290 1067 3335 1123 Ο
3359 1066 3581 1138 maligni
3612 1076 3777 1137 atque

2195 1160 2366 1233 iniqui
2423 1162 2743 1226 adversarii,
2786 1171 3058 1216 mortuum
3114 1175 3198 1214 me
3245 1158 3547 1235 aestimatis,
3593 1167 3651 1211 ut
3678 1173 3775 1213 vos

2194 1254 2416 1323 putatis,
2470 1263 2526 1308 et
2563 1264 2620 1308 ut
2660 1254 2812 1309 vobis
2846 1253 3061 1308 videtur
3095 1252 3149 1306 in
3191 1260 3391 1306 terram
3428 1264 3512 1304 me
3544 1248 3775 1317 sepelire

2194 1345 2545 1415 praparatisl
2580 1346 2638 1401 Si
2681 1361 2812 1415 ergo
2839 1360 2925 1399 me
2963 1354 3231 1399 mortuum
3264 1340 3569 1404 aestimatis,
3599 1356 3632 1394 ο
3660 1340 3768 1393 ini-

2194 1437 2683 1509 micilanticipem
2741 1438 2796 1492 in
2851 1436 3147 1507 pretiosam
3201 1449 3376 1490 meam
3440 1432 3770 1502 sepulturam

2195 1528 2554 1591 conscindere
2583 1529 2852 1596 pretiosas
2882 1536 3044 1596 atque
3077 1525 3290 1595 regales
3317 1540 3464 1580 meas
3490 1533 3690 1585 vestes,
3715 1533 3773 1577 ut

2196 1634 2293 1672 uec
2322 1627 2445 1686 post
2477 1629 2708 1673 mortem
2742 1617 3025 1687 gaudeatis
3072 1630 3166 1668 eas
3220 1614 3579 1683 possidentes.
3634 1610 3774 1667 Puto

2195 1709 2337 1776 quod
2368 1723 2432 1762 ex
2462 1708 2553 1763 illo
2579 1717 2980 1767 consueverunt
3015 1704 3290 1768 homines,
3325 1718 3447 1756 cum
3480 1701 3771 1771 pretiosam

2198 1799 2531 1867 sepulturam
2560 1800 2786 1854 cuilibet
2824 1796 3093 1863 miserint,
3140 1793 3501 1854 consciudunt
3526 1807 3668 1857 eam,
3707 1807 3776 1846 ne

2198 1891 2365 1959 aliqui
2401 1892 2616 1945 scelesti
2645 1900 2698 1945 et
2738 1890 2912 1959 ipsum
2955 1900 3151 1953 corpus
3178 1884 3487 1955 projiciant,
3518 1894 3574 1939 et
3603 1884 3772 1953 ipsam

2198 1983 2488 2047 pretiosam
2522 1980 2855 2051 sepulturam
2892 1978 3221 2049 possideant.
3244 1976 3397 2044 Quod
3436 1976 3481 2030 si
3517 1988 3777 2045 tanquam,

2199 2074 2465 2128 viventem
2523 2089 2631 2139 me,
2663 2072 2860 2141 inquit,
2898 2071 3181 2140 iudicatis,
3209 2084 3357 2133 ecce,
3383 2068 3578 2137 inquit,
3608 2070 3781 2136 etiam,

2197 2164 2278 2217 sic
2304 2165 2478 2218 nudus
2496 2172 2660 2232 atque
2684 2162 2993 2231 scapulatus
3014 2171 3100 2217 sto
3129 2169 3321 2215 contra
3346 2173 3464 2226 vos,
3496 2174 3773 2229 nunquam

2198 2251 2349 2307 vobis
2371 2267 2648 2307 cessurus.
2679 2252 2783 2306 Aut
2806 2251 2985 2306 adhuc
3012 2250 3280 2307 conscidit
3302 2249 3626 2304 vestimenta
3651 2264 3771 2307 sua.

2197 2343 2356 2408 Ecce,
2388 2345 2586 2414 inquit,
2612 2360 2647 2400 ο
2679 2344 2900 2414 maligni
2939 2343 3181 2397 inimici!
3213 2340 3484 2412 peculium
3513 2356 3773 2396 consum-

2197 2435 2419 2504 psistis,
2461 2436 2601 2492 filios
2659 2435 2998 2507 perdidistis,
3041 2433 3401 2488 substantiam
3449 2432 3777 2507 diripuistis,

2198 2540 2299 2585 nec
2322 2525 2619 2594 quidquam
2660 2525 2805 2579 aliud
2849 2524 2952 2579 nisi
2994 2522 3168 2578 solum
3203 2539 3398 2593 corpus
3441 2534 3605 2592 atque
3635 2523 3774 2576 banc

2198 2627 2404 2673 vestem
2434 2618 2563 2672 mibi
2604 2618 2922 2688 reliquistis.
2998 2618 3218 2683 Tollite,
3280 2619 3475 2687 inquit,
3531 2627 3583 2671 et
3630 2617 3774 2672 hanc

2199 2719 2425 2778 vestem,
2473 2709 2701 2781 projicio
2734 2712 2899 2765 etiam
2929 2710 3071 2765 banc
3106 2710 3280 2777 vobis,
3335 2710 3470 2765 uibil
3504 2710 3644 2779 apud
3686 2724 3773 2764 me

2198 2814 2477 2860 remaneat
2506 2820 2574 2858 ex
2612 2804 2695 2859 bis
2723 2819 2845 2869 quae
2878 2804 2931 2861 in
2957 2812 3275 2872 potestatem
3300 2803 3555 2874 nequitiae
3578 2810 3775 2858 vestrte

2197 2897 2319 2950 data
2347 2906 2493 2951 sunt.
2550 2894 2667 2950 Non
2697 2896 2769 2949 sit
2806 2895 2940 2948 mibi
2995 2910 3060 2948 ex
3106 2894 3259 2949 vobis
3289 2894 3391 2949 hoc
3426 2892 3769 2957 beneficium,

2195 2986 2315 3042 oleo
2346 2996 2695 3055 peccatorum
2731 3002 2837 3040 non
2877 2996 3110 3055 ungetur
3134 2995 3297 3055 caput
3351 2998 3552 3038 meum.
3592 2983 3773 3052 Super

2198 3093 2319 3147 quae
2340 3078 2613 3145 universa,
2638 3093 2786 3142 ecce,
2821 3077 3015 3147 inquit,
3045 3084 3099 3131 et
3127 3076 3301 3147 ipsum
3328 3091 3523 3145 corpus
3546 3076 3769 3139 nudum,

2194 3169 2487 3237 detectum,
2524 3178 2769 3239 paratum
2822 3168 2889 3221 ad
2929 3180 3107 3235 paenae
3163 3167 3650 3236 supportationem,
3702 3163 3775 3229 ad,

2192 3258 2438 3315 dolorum
2491 3260 2857 3314 tolerantiam.
2907 3257 3157 3329 Torque,
3212 3258 3416 3331 inquit,
3473 3257 3770 3321 contuude,

2192 3349 2442 3414 verbera,
2477 3359 2680 3405 etcum
2712 3366 2808 3421 per
2845 3361 3043 3405 cuncta
3089 3350 3426 3420 probaveris,
3474 3363 3771 3417 cognoscas

2192 3442 2316 3511 quia
2342 3442 2489 3497 solus
2520 3440 2621 3497 Job
2654 3443 3038 3512 insuperabilis
3066 3456 3401 3513 permanens
3430 3442 3481 3493 iu
3515 3439 3771 3494 ouinibus

2194 3549 2464 3603 nunquam
2498 3534 2653 3589 cedet
2681 3535 2937 3604 nequitia:
2972 3534 3221 3606 ﬂagellis.
3279 3533 3405 3588 Haec
3435 3534 3617 3601 itaque
3646 3534 3773 3586 uni-

2191 3638 2347 3679 versa
2375 3638 2495 3678 cum
2536 3625 2803 3694 cogitaret
2841 3638 2895 3679 et
2923 3627 3255 3693 loqueretur,
3307 3634 3469 3694 atque
3496 3624 3625 3693 ipsis
3650 3637 3772 3690 per-

2194 3716 2383 3770 liceret
2422 3716 2601 3779 factis.
2631 3716 2877 3772 Surrexit
2915 3729 2961 3771 et
2995 3719 3251 3771 conscidit
3293 3719 3595 3771 vestimenta
3648 3730 3769 3778 sua,

2193 3818 2240 3861 et
2269 3810 2500 3861 totondit
2546 3826 2748 3862 comam
2801 3811 2994 3878 capitis
3040 3822 3226 3877 utpote
3260 3808 3608 3878 superfluam,
3632 3809 3772 3863 otio—

2194 3915 2312 3955 sam
2362 3913 2525 3971 atque
2555 3902 2802 3959 inutilem
2841 3924 2851 3958 :
2888 3901 3134 3955 Totoudit
3181 3918 3386 3956 comam
3432 3902 3620 3969 capitis
3661 3901 3773 3965 sui,

2194 3992 2352 4048 factis
2386 3993 2672 4063 periicieus
2695 3995 2745 4048 id
2775 3994 2919 4063 quod
2954 4003 3138 4064 postea
3167 3994 3377 4047 duriter
3405 3993 3471 4045 ab
3510 3992 3770 4061 Apostolo

2195 4086 2599 4139 interminatum
2632 4096 2715 4139 est
2738 4087 2926 4153 verbo,
2944 4086 3071 4155 quia
3095 4084 3174 4138 vir
3195 4086 3240 4137 si
3266 4100 3469 4137 comam
3497 4084 3769 4149 nutrierit,

2194 4176 2487 4244 ignominia
2522 4187 2595 4229 est
2625 4176 2704 4241 illi
2735 4175 2802 4231 “.
2854 4174 2979 4229 Haec
3021 4177 3203 4244 itaque
3228 4176 3524 4231 observans
3556 4173 3658 4247 ιρι)
3689 4182 3772 4229 l0-

2196 4271 2373 4324 tondit'
2406 4285 2614 4325 comam
2646 4271 2841 4340 capitis
2869 4271 2974 4324 sui.
3002 4269 3136 4323 Cum
3195 4270 3542 4333 totondisset,
3584 4268 3779 4337 procul

2196 4362 2359 4416 dubio
2389 4364 2536 4431 quod
2589 4361 2718 4431 ipsis
2752 4376 2872 4415 eam
2924 4361 3256 4415 adversariis
3308 4361 3579 4429 projecit:
3608 4358 3777 4425 Ecce,

516 4450 836 4503 vestimenta
862 4466 981 4504 sua.
1013 4450 1144 4505 Nam
1168 4463 1222 4507 et
1245 4468 1375 4515 vere
1406 4454 1663 4509 talismos
1694 4464 1776 4510 est
1804 4456 1856 4509 in
1898 4456 2091 4524 aiiqui-
2126 4492 2167 4545 υ
2200 4454 2397 4522 inquit,
2442 4452 2614 4514 tollite
2663 4463 2715 4512 et
2765 4453 2928 4519 hanc,
2959 4452 3158 4507 habete
3189 4452 3350 4506 etiam
3388 4460 3442 4504 et
3491 4450 3655 4515 hanc,
3680 4449 3773 4503 de-

515 4538 617 4593 bus
639 4540 911 4609 gentibus,
940 4550 1022 4608 ut,
1058 4557 1185 4597 cum
1225 4544 1294 4599 ad
1316 4544 1509 4599 durum
1549 4546 1789 4615 praelium
1818 4549 2088 4614 venerint,

517 4638 645 4684 tunc
672 4631 927 4685 nimirum
958 4633 1267 4689 scindentes
1291 4637 1613 4695 vestimenta
1639 4654 1733 4693 sua
1756 4654 1877 4693 cum
1906 4640 2090 4697 furore

514 4732 678 4792 atque
716 4722 1085 4793 indignatione
1115 4734 1339 4779 currant
1388 4737 1574 4783 contra
1606 4731 1951 4786 adversarios
2001 4732 2088 4786 in-

514 4822 903 4882 temperanter,
935 4814 1079 4868 nudo
1108 4826 1349 4884 pectore,
1389 4834 1511 4881 cum
1541 4820 1733 4875 fiducia
1763 4838 1823 4876 se
1854 4820 2091 4876 oll‘eren-

515 4914 618 4968 tes,
647 4914 703 4957 ut
738 4912 821 4958 est
871 4901 1136 4973 Syrorum
1168 4920 1321 4974 gens.
1373 4906 1504 4961 item
1539 4926 1674 4974 vero
1697 4911 1816 4965 alias
1846 4912 2090 4967 barbarae

509 5006 698 5065 gentes
717 4997 1083 5066 exspoliautes
1104 5013 1185 5063 se,
1203 5008 1369 5068 atque
1408 5001 1459 5054 in
1492 5003 1623 5071 ipsis
1652 5005 1847 5059 tunicis
1868 5020 1928 5061 se
1954 5021 2090 5074 prai-

514 5086 816 5156 cingentes,
851 5086 993 5142 nudo
1042 5098 1283 5158 pectore,
1328 5101 1489 5160 atque
1535 5095 1798 5163 scapulati
1858 5096 2091 5152 viriliter

512 5186 644 5231 eunt
677 5178 729 5231 in
762 5180 1030 5247 praelium.
1087 5181 1178 5237 Sic
1230 5185 1413 5253 itaque
1444 5186 1778 5242 admirabilis
1809 5186 1910 5255 .lgob
1960 5204 2090 5245 cou-

510 5268 764 5324 sciudens
817 5273 1139 5327 vestimenta
1183 5290 1307 5340 sua,
1361 5287 1524 5346 atque
1566 5278 1750 5333 omnia
1808 5282 2086 5350 deponens

510 5361 930 5429 impedimenta,
958 5366 1135 5419 nudus
1165 5377 1329 5435 atque
1364 5372 1539 5424 audax
1568 5371 1719 5425 stetit
1758 5372 1809 5426 in
1840 5374 2084 5442 spiritale

509 5454 774 5522 praelium.
818 5456 923 5510 Aut
953 5458 1129 5514 adhuc
1163 5462 1432 5517 conscidit
1472 5465 1793 5519 vestimenta
1822 5481 1937 5531 sua,
1966 5468 2083 5523 sine

511 5560 662 5600 mora
690 5546 1042 5616 semetipsum
1068 5551 1134 5604 ad
1169 5550 1314 5621 ipsas
1339 5568 1650 5624 przeparans
1682 5556 1885 5626 plagas.
1920 5556 2081 5625 Ecce,

2194 4546 2383 4616 glutite
2420 4554 2473 4600 et
2521 4546 2701 4600 istam.
2751 4545 2944 4607 Arbor,
3017 4544 3215 4610 inquit,
3290 4558 3409 4597 sum
3467 4540 3772 4609 fructifera,

2194 4639 2373 4692 omnia
2403 4652 2525 4707 qure
2548 4636 2818 4707 superflua
2852 4652 2879 4688 a
2904 4650 2991 4690 me
3022 4634 3269 4703 projicio,
3300 4644 3357 4688 ut
3391 4633 3633 4688 illibatus
3658 4648 3773 4701 per-

2194 4731 2396 4786 fectum
2429 4730 2667 4786 fructum
2701 4728 2944 4783 aﬂ‘eram.
2978 4726 3115 4781 Vitis
3148 4729 3291 4781 enim
3318 4742 3436 4780 sum
3481 4727 3619 4780 bene
3659 4742 3774 4778 ma-

2194 4825 2419 4887 ceriata,
2476 4822 2739 4879 abscinde
2776 4838 2805 4875 a
2834 4836 2919 4875 me
2949 4820 3199 4875 universa
3233 4817 3526 4889 superﬂua,
3578 4828 3636 4870 ut
3691 4818 3776 4871 in-

2194 4918 2453 4987 congruis
2483 4915 2737 4971 omnibus
2766 4914 2916 4969 dicar
2957 4920 3239 4983 purgatus,
3292 4926 3357 4965 ac
3401 4912 3626 4979 justitiae
3654 4925 3774 4979 per-

2194 5008 2365 5062 feram
2395 5005 2699 5076 perfeetum
2732 5004 2993 5059 fructum.
3045 5003 3304 5059 Totoudit
3335 5016 3548 5058 comam
3579 5001 3776 5068 capitis

2191 5099 2299 5166 sui,
2347 5114 2451 5154 nou
2480 5108 2540 5154 ut
2571 5098 2779 5170 lugens,
2822 5098 2916 5152 sed
2969 5107 3028 5151 ut
3056 5096 3259 5150 luctqu
3291 5095 3570 5164 deponens
3600 5102 3767 5160 atque

2191 5190 2503 5261 projiciens,
2532 5191 2789 5260 omnique
2818 5190 2964 5244 luctu
3016 5205 3110 5259 per
3147 5188 3490 5244 tolerantiam
3520 5188 3775 5256 superior

2190 5283 2474 5338 exsistens.
2508 5280 2760 5337 Totoudit
2787 5296 2999 5335 comam
3024 5280 3216 5351 capitis
3246 5280 3349 5335 sui.
3385 5278 3541 5334 Sicut
3571 5276 3775 5345 Joseph

2192 5390 2315 5429 cum
2362 5375 2427 5427 de
2459 5387 2706 5427 carcere-
2733 5387 2762 5427 a
2794 5372 3082 5427 Pharaone
3120 5372 3473 5436 educeretur,
3507 5368 3651 5423 sicut
3690 5365 3777 5422 Jo-

2192 5466 2369 5521 nathaz
2394 5464 2534 5518 filius
2564 5479 2684 5517 cum
2722 5463 2887 5519 David
2917 5466 2983 5518 ad
3034 5462 3334 5518 Jerusalem
3366 5472 3489 5531 post
3537 5469 3773 5517 mortem

2188 5556 2424 5614 Absalon
2480 5566 2861 5621 reverteretur,
2911 5565 2966 5612 et
2995 5557 3085 5609 alii
3144 5555 3416 5610 innumeri
3446 5554 3657 5625 priores
3708 5564 3776 5609 ac

585 5726 625 5761 υ
658 5724 924 5793 ,Ιοιηιῖα
1005 5728 1205 5802 "ibid.
1278 5730 1457 5803 “.lsa.
1482 5747 1533 5799 ι,
1560 5733 1615 5792 6.
1691 5734 2223 5809 "Psal.cxxvut,3.
2250 5737 2296 5771 ⁸ο
2322 5735 2461 5793 Psal.
2494 5750 2661 5803 uxu,
2715 5735 2800 5793 ii.
2876 5732 2919 5765 “
2954 5732 2975 5803 l
3001 5734 3124 5793 Cor.
3160 5749 3232 5800 xi,
3270 5732 3353 5805 li.
