4174 6398
386 331 489 384 437

1519 328 1904 385 ANONYMUS
1940 328 2014 380 IN.
2041 327 2183 387 JOB.
2225 361 2294 376 -—-
2327 328 2455 383 LIB.
2495 326 2542 383 Ι.

3557 327 3666 384 iss-

387 450 616 520 posteri,
655 450 894 517 quandiu
936 447 1212 519 lugebant,
1261 465 1366 504 non
1413 452 1712 505 tondebant
1740 466 1977 515 comam,
2011 453 2055 506 A
2083 464 2142 504 se
2185 460 2314 505 ante
2347 450 2512 504 Deum
2573 444 2886 510 humilians,
2951 444 3343 513 nequissimum
3385 443 3660 501 diabolum

389 542 640 611 deposito
683 551 861 595 autem
899 543 1044 596 luctu
1095 540 1380 596 confestim
1443 542 1762 606 tondebant,
1815 544 1884 596 ila
1913 549 1970 597 et

390 647 538 686 nunc
564 633 758 687 beatus
783 632 886 688 Job
919 633 1146 688 totondit
1174 649 1389 688 comam
1416 635 1610 702 capitis
1634 636 1738 698 sui,
1785 644 1842 688 ut
1872 635 1971 688 htt-

363 705 625 780 .miliaret
654 741 734 792 se,
783 735 840 778 ut
879 725 1192 795 subjiceret,
1227 735 1284 778 ut
1314 727 1588 780 miseriam
1637 725 1969 780 ostenderet.

388 818 542 884 Quod
571 828 656 874 est
697 819 856 886 hujus
901 818 979 871 rei
1028 817 1333 872 indicium?
1379 817 1480 872 hoc
1512 818 1655 886 quod
1704 818 1754 870 iu
1783 817 1974 872 subse-

386 910 679 978 quentibus
739 910 940 963 dictum
990 919 1130 963 est:
1177 909 1413 978 Aspersit
1466 924 1698 979 namque
1776 919 1971 963 terram

386 1015 544 1068 super
571 1009 724 1066 caput
753 1014 909 1051 suum
939 999 1006 1050 ⁸³.
1044 997 1156 1053 Nisi
1193 1001 1336 1054 enim
1377 1000 1536 1054 valde
1557 999 1867 1053 humiliaret
1890 1014 1969 1062 se,

386 1106 496 1144 non
525 1091 714 1160 utique
760 1102 921 1160 caput
951 1106 1107 1146 suum
1141 1100 1282 1145 terra
1315 1101 1628 1161 aspergeret
1666 1109 1679 1144 :
1711 1091 1968 1158 Aspersit,

386 1183 632 1252 inquam,
669 1193 865 1246 terram
896 1198 1056 1251 super
1087 1194 1241 1252 caput
1277 1200 1452 1236 suum.
1504 1181 1657 1238 Unde
1685 1184 1824 1236 hanc
1849 1183 1970 1251 opi-

385 1273 606 1326 nionem
637 1273 940 1340 sumpsisti,
967 1289 1007 1326 o.
1029 1274 1183 1327 beate
1206 1271 1342 1329 Job!
1383 1285 1441 1326 ut
1467 1283 1667 1326 terram
1695 1273 1854 1342 capiti
1881 1283 1970 1326 tuo

384 1365 810 1434 aspergeres?-A
840 1365 1058 1430 tritavo,
1093 1365 1288 1434 inquit,
1319 1365 1538 1434 generis
1563 1364 1668 1419 mei
1695 1364 1970 1418 Abraham

385 1460 599 1514 dicente
629 1477 644 1513 :
683 1457 799 1528 Ego
829 1475 945 1512 sum
978 1467 1121 1510 terra
1149 1468 1196 1510 et
1240 1458 1371 1511 cinis
1397 1456 1465 1521 ⁸³,
1497 1465 1554 1511 ει
1585 1471 1614 1509 a
1661 1456 1969 1526 patriarcha

387 1550 551 1604 totius
577 1549 792 1618 generis
821 1548 1043 1601 humani
1080 1547 1275 1614 Adam,
1312 1549 1379 1602 ad
1412 1563 1576 1616 quem
1601 1549 1810 1602 dictqu
1848 1558 1967 1602 est:

389 1641 553 1696 Terra
591 1657 671 1706 es,
727 1651 774 1694 et
813 1641 869 1693 in
905 1650 1104 1694 terram
1135 1641 1234 1692 ibis
1259 1639 1326 1693 ⁸⁸.
1394 1638 1518 1695 llaec
1555 1639 1736 1707 itaque
1765 1639 1833 1692 ab
1866 1638 1970 1692 illis

384 1733 612 1788 audiens
647 1743 815 1799 atque
843 1745 1053 1785 memor
1085 1731 1318 1800 aspersit
1379 1740 1580 1785 terram
1633 1729 1797 1800 capiti
1847 1746 1966 1784 suo.

2081 553 2250 606 usque
2301 539 2367 591 ad
2425 536 2631 590 inferos
2671 532 2889 600 dejecit.
2942 532 3082 600 Quid
3139 534 3389 599 dicimus,
3434 549 3467 589 ο
3519 536 3661 590 viri?

2080 628 2330 696 Nunquid
2380 642 2448 682 ex
2505 627 2613 682 alio
2653 641 2883 696 corpore
2926 634 3144 679 creatus
3196 633 3278 679 est
3311 623 3444 680 Job?
3468 626 3655 682 Absiti

2082 721 2194 777 Non
2218 722 2362 776 enim
2387 737 2508 776 cum
2543 735 2895 790 personarum
2930 720 3255 788 acceptione
3283 720 3658 775 creavit‘Dens

2080 815 2215 870 alios
2247 815 2405 879 tales,
2438 815 2650 884 aliquos
2676 813 3031 869 nihilominus
3070 813 3202 868 tales
3223 852 3238 876 ,
3291 815 3384 867 sed
3411 815 3551 868 idem
3577 823 3664 867 est

2079 908 2318 962 omnium
2359 907 2563 976 plasma
2615 907 2682 961 de
2745 908 2874 962 limo
2925 919 3106 973 terrae,
3159 907 3253 961 sed
3310 905 3536 975 aequalis
3578 913 3662 959 est

2079 998 2316 1051 omnium
2349 998 2528 1051 anima
2559 1013 2623 1052 ex
2655 998 2747 1052 Dei
2785 998 3120 1068 operatione.
3144 997 3249 1051 Sed
3286 996 3410 1064 quia
3443 1009 3547 1048 non
3576 1003 3662 1047 est

2079 1090 2319 1143 omnium
2354 1090 2546 1144 similis
2580 1089 2851 1153 voluntas,
2882 1104 3057 1159 neque
3098 1092 3294 1157 pietas,
3337 1102 3510 1155 neque
3537 1086 3657 1140 reli-

2079 1181 2323 1253 giositas,
2356 1197 2532 1252 neque
2551 1183 2704 1246 fides,
2727 1197 2904 1252 nequc
2935 1182 3270 1251 propositum
3296 1180 3444 1234 circa
3467 1180 3655 1256 Deum,

2081 1290 2256 1345 neque
2305 1290 2429 1345 spes
2485 1277 2607 1329 vita:
2647 1284 2890 1340 aeternae,
2939 1289 3115 1344 neque
3169 1275 3331 1328 timor
3375 1273 3658 1344 gehennae,

2080 1379 2256 1433 neque
2295 1364 2598 1419 inferorum
2629 1365 2952 1434 supplicium
3004 1366 3062 1419 in.
3101 1364 3346 1418 tenebris
3369 1363 3660 1418 exteriori-

2080 1452 2199 1519 bus,
2226 1455 2428 1512 idcirco
2459 1472 2564 1510 non
2597 1471 2787 1510 omnes
2822 1455 3073 1511 homines
3104 1456 3243 1507 idem
3281 1454 3660 1510 demonstrant

2078 1547 2439 1615 propositum,
2489 1561 2667 1616 neque
2693 1546 2938 1601 eamdem
2983 1545 3352 1607 tolerantiam,
3396 1560 3502 1600 non
3531 1544 3658 1613 quia

2080 1655 2186 1694 non
2221 1649 2471 1708 possunt,
2521 1640 2614 1694 sed
2655 1641 2784 1709 quia
2822 1640 3034 1695 uolunt.
3081 1639 3378 1709 Propterea
3406 1639 3662 1709 digneac

2071 1728 2221 1797 juste
2247 1731 2628 1801 magnificatur
2659 1732 2849 1787 beatus
2873 1731 3000 1799 Job,
3029 1732 3155 1801 quia
3183 1730 3370 1785 volens
3401 1731 3662 1786 sustinuit

383 1825 503 1878 Non
545 1826 730 1895 itaque
761 1839 880 1878 sum
914 1833 1174 1893 tanquam
1216 1821 1464 1878 diabolus
1492 1823 1584 1892 qui
1616 1823 1684 1876 de
1709 1820 1850 1877 caelo
1886 1837 1977 1876 ce-
2008 1823 2049 1876 B
2079 1824 2194 1878 haac
2227 1824 2408 1877 omnia
2439 1839 2563 1878 cum
2618 1825 2915 1892 gratiarum
2941 1823 3287 1887 actionibus.
3354 1821 3488 1875 Nam
3538 1834 3660 1892 post

383 1917 538 1984 cidit,
584 1917 681 1971 sed
718 1931 836 1971 sum
870 1926 1123 1986 tanquam
1171 1929 1312 1969 unus
1340 1928 1413 1968 ex
1464 1913 1787 1969 hominibus.
1819 1922 1973 1968 ortus

385 2009 451 2063 de
474 2019 645 2072 terra,
669 2009 899 2077 ideoque
924 2018 1124 2063 terram
1145 2022 1372 2078 aspergo
1396 2021 1560 2076 super
1583 2015 1746 2075 caput
1766 2021 1971 2061 meum.

382 2098 503 2157 Non
531 2116 650 2156 sum
686 2101 829 2156 sicut
853 2098 1098 2155 diabolus
1137 2114 1203 2155 ex
1243 2097 1652 2168 incorruptione
1677 2097 1970 2168 projectus,

383 2194 480 2250 sed
531 2208 650 2249 sum
707 2205 963 2261 tanquam
1023 2208 1161 2247 unus
1214 2193 1652 2260 corruptibilium
1715 2192 1785 2247 de
1843 2191 1973 2246 limo

383 2286 708 2356 plasmatus.
775 2283 965 2340 Merito
1035 2296 1241 2339 terram
1310 2300 1536 2354 aspergo
1593 2300 1755 2353 super
1811 2293 1972 2352 caput

382 2392 586 2442 meum,
609 2387 672 2431 ut
705 2380 938 2442 noverit,
975 2378 1173 2446 inquit,
1205 2378 1454 2432 diabolus
1485 2379 1853 2447 nequissimus
1878 2381 1973 2431 ad-

381 2485 572 2525 versus
602 2485 764 2539 quem
801 2471 987 2534 habet,
1022 2472 1150 2539 quia
1177 2472 1440 2526 adversus
1472 2480 1750 2526 terrenum
1783 2471 1970 2534 habet,

382 2563 646 2620 adversus
693 2563 1132 2634 corruptibilem,
1188 2565 1454 2620 adversus
1501 2565 1810 2628 mortalem,
1872 2565 1974 2618 ad-

382 2671 574 2714 versus
602 2658 883 2712 hominem
910 2658 976 2711 de
1015 2657 1146 2712 limo
1183 2668 1342 2711 terrae
1380 2657 1728 2726 plasmatum.
1761 2655 1841 2712 Ob
1869 2656 1972 2712 hoc

383 2743 624 2812 aspergit
663 2754 806 2798 terra
833 2754 995 2807 caput
1031 2760 1208 2809 suum,
1245 2756 1304 2798 ut
1352 2745 1590 2804 instruat
1644 2759 1834 2802 omnes
1862 2755 1972 2801 ter-

382 2849 564 2902 renos,
617 2838 998 2908 corruptibiles
1061 2847 1227 2908 atque
1276 2838 1573 2905 mortales,
1625 2840 1754 2909 quia
1805 2840 1969 2896 etiam

383 2928 485 2996 ipsi
519 2939 745 2997 possunt
791 2929 1042 2984 similiter
1070 2940 1221 2985 stare
1252 2930 1515 2986 adversus
1549 2932 1966 3001 nequissimum.

382 3018 643 3085 Possunt,
703 3022 950 3090 inquam,
1002 3022 1254 3077 similiter.
1307 3022 1539 3079 sufferre
1589 3039 1656 3078 ac
1711 3039 1971 3094 superare

381 3127 574 3167 omnes
607 3117 939 3168 teutationes
967 3115 1191 3182 diaboli,
1223 3116 1269 3171 si
1298 3116 1467 3171 Deum
1490 3116 1782 3172 dilexerint
1806 3125 1969 3186 atque

383 3207 676 3261 metuerint
727 3225 740 3259 :
793 3209 938 3262 sicut
985 3208 1325 3265 admirabilis
1357 3208 1461 3264 Job
1505 3208 1766 3264 sustinuit
1801 3218 1967 3278 atque

383 3297 618 3365 portavit
667 3313 778 3352 non
812 3299 1082 3353 modicum
1123 3299 1348 3370 aliquid,
1397 3301 1494 3356 sed
1540 3316 1769 3371 magnos
1798 3311 1850 3356 et
1893 3301 1968 3356 in.

381 3398 575 3459 gentes
621 3400 785 3460 atque
827 3392 1098 3448 terribiles
1154 3393 1370 3449 dolores
1411 3407 1478 3447 ac
1521 3400 1815 3457 tormenta,
1848 3409 1969 3464 qua:

380 3481 522 3546 alius
571 3481 664 3536 illo
703 3497 804 3537 nec
847 3484 1020 3552 prior,
1083 3499 1184 3540 nec
1249 3487 1525 3555 posterior
1574 3487 1837 3541 sustinuit
1872 3504 1886 3540 :
1916 3496 1971 3542 ει

381 3575 527 3642 quod
582 3584 669 3628 est
705 3576 978 3645 superius,
1043 3593 1150 3631 non
1203 3578 1409 3633 habens
1471 3579 1704 3632 formam
1760 3596 1823 3633 cx
1861 3579 1969 3633 alio

382 3669 584 3735 priore,
613 3683 714 3723 nec
744 3669 1356 3739 exemplumrecipiens
1397 3670 1463 3724 ab
1511 3670 1615 3725 alio
1668 3672 1963 3726 anteriore.

379 3757 516 3812 Cum
546 3774 709 3812 unum
740 3774 805 3812 ex
858 3759 1112 3829 plurimis
1156 3760 1369 3814 videtur
1408 3757 1581 3814 Jacob
1623 3760 1790 3814 filium
1846 3775 1971 3830 per-

381 3849 603 3915 didisse,
633 3865 662 3905 a
691 3852 902 3905 caeteris
927 3851 1182 3906 omnibus
1220 3852 1489 3905 consolari
1525 3867 1631 3907 nou
1657 3852 1967 3921 patuit,sed

383 3943 522 3998 dixit
555 3961 568 3996 :
608 3942 707 4004 Ibo
737 3953 858 4013 post,
883 3943 1054 4010 ﬁlium
1085 3958 1262 3997 meum
1297 3941 1490 4012 lugens.
1509 3943 1567 3997 in
1599 3943 1867 4013 infernum
1898 3943 1966 3997 ⁸⁸.

383 4035 760 4106 Magnanimos
779 4047 961 4091 autem
994 4034 1096 4092 10b
1121 4043 1246 4106 post
1278 4035 1474 4105 peculii
1500 4037 1886 4107 perditionem,
1914 4046 1970 4092 et

382 4140 506 4198 post
531 4131 774 4184 omnium
821 4129 1087 4184 bonorum
1125 4129 1512 4199 direptionem,
1547 4129 1789 4184 omnium
1829 4129 1970 4185 ωε.-

381 4236 501 4276 rum
540 4222 908 4280 miserabilem
949 4222 1230 4276 interitum
1281 4225 1486 4292 pariter
1511 4221 1674 4277 simul
1711 4236 1833 4276 cum
1872 4238 1970 4275 au-

381 4308 549 4364 disset
576 4326 682 4364 non
712 4311 1027 4380 suspiravit,
1057 4326 1162 4365 non
1201 4312 1487 4381 ingemuit,
1523 4327 1628 4368 non
1673 4313 1969 4382 reprehen-

381 4399 480 4465 dit,
517 4414 622 4454 non
651 4401 956 4468 maledixit,
987 4416 1094 4456 non
1120 4402 1542 4474 blasphetnavit,
1571 4417 1680 4456 non
1704 4401 1975 4472 culpavit,

2077 1913 2195 1969 hmc
2240 1914 2494 1968 universa
2527 1929 2648 1983 quae
2675 1915 2932 1984 superius
2972 1926 3269 1968 memorata
3319 1922 3444 1966 sunt
3497 1922 3659 1981 atque

2074 2012 2317 2070 ostensa,
2358 2004 2497 2058 dixit
2545 2021 2558 2057 :
2598 2002 2667 2057 Et
2716 2007 2995 2073 prostravit
3025 2019 3082 2057 se
3114 2003 3168 2056 in
3209 2014 3371 2070 terra,
3405 2013 3453 2055 et
3488 2004 3658 2057 oravit

2075 2096 2145 2149 ad
2198 2095 2484 2150 Dominum
2513 2096 2578 2151 ⁸⁸.
2629 2096 2872 2151 Primum
2906 2099 3170 2161 surrexit,
3227 2105 3276 2149 et
3338 2097 3408 2150 ita
3440 2097 3654 2150 demum

2074 2205 2133 2246 se
2163 2189 2480 2259 prostravit.
2510 2189 2763 2244 Surrexit
2795 2191 2862 2242 ad
2889 2191 3156 2259 pra:liutn,
3179 2189 3475 2258 prostravit
3507 2190 3568 2244 s'e
3589 2191 3657 2243 ad

2073 2295 2310 2352 precem.
2345 2279 2598 2335 Surrexit
2622 2282 2689 2334 ad
2717 2281 2996 2346 virtutem,
3023 2280 3320 2350 prostravit
3345 2295 3405 2336 se
3430 2281 3496 2334 ad
3527 2295 3658 2335 ora-

2077 2374 2299 2429 tionem.
2331 2372 2580 2429 Surrexit
2601 2373 2669 2425 ad
2698 2373 2940 2429 victoriae
2964 2373 3382 2443 perfectionem,
3417 2384 3658 2442 prosua-

2075 2465 2152 2518 vit
2181 2479 2239 2519 se
2265 2465 2332 2519 ad
2367 2480 2584 2520 coronae
2611 2466 3009 2535 acceptionem.
3054 2462 3191 2518 Nam
3244 2475 3298 2519 et
3327 2473 3452 2518 ante
3486 2465 3660 2534 impe-

2073 2564 2286 2612 ratores
2325 2557 2415 2627 qui
2464 2558 2700 2613 victores
2740 2558 3092 2621 exstiterunt,
3151 2571 3260 2611 non
3297 2565 3528 2620 stantes,
3562 2557 3658 2610 sed

2073 2650 2325 2705 deorsqu
2352 2653 2644 2706 adorantes
2671 2666 2935 2706 coronam
2975 2651 3272 2721 accipiunt.
3302 2648 3397 2704 Sic
3424 2664 3658 2719 namque

2073 2749 2130 2796 ει
2172 2742 2365 2796 beatus
2395 2741 2497 2797 Job
2547 2742 2600 2796 in
2648 2745 2819 2812 prima
2851 2742 3143 2796 tentatione
3167 2755 3332 2811 quam
3364 2754 3462 2810 per
3492 2755 3658 2809 pecu-

2072 2832 2202 2887 lium
2236 2843 2400 2903 atque
2437 2833 2580 2888 ﬁlios
2608 2837 2886 2890 sustinens
2915 2833 3198 2888 victoriam
3229 2834 3295 2887 de
3339 2835 3657 2888 adversario

2071 2927 2378 2996 acquisivit,
2430 2927 2499 2980 ad
2526 2927 2828 2982 orationem
2859 2941 2918 2982 se
2952 2927 3264 2997 prostravit,
3302 2934 3361 2980 ut
3388 2925 3658 2996 perfectas

2075 3019 2378 3074 tolerantia:
2429 3035 2543 3074 suae
2595 3034 2627 3073 a
2678 3018 2789 3074 Deo
2820 3019 3092 3087 acciperet
3124 3032 3372 3074 coronas.
3438 3015 3520 3072 Ob
3552 3018 3658 3072 hoc

2073 3127 2203 3183 ergo
2246 3115 2540 3182 prostravit
2589 3127 2647 3167 se
2691 3119 2746 3164 et
2797 3109 2975 3166 oravit
3024 3111 3091 3165 ad
3136 3109 3447 3164 Dominum.
3480 3111 3654 3176 Quem

2073 3220 2194 3258 cum
2231 3215 2564 3274 prostratum
2598 3204 2808 3258 videret
2842 3204 3110 3268 diabolus,
3148 3205 3370 3274 gavisus
3398 3211 3482 3257 est
3502 3203 3658 3256 valde

2073 3296 2261 3352 infelix
2295 3314 2309 3351 :
2343 3312 2466 3352 cum
2495 3309 2676 3352 autem
2709 3299 3026 3352 adorantem
3080 3307 3245 3366 atque
3282 3304 3530 3351 orantem
3561 3310 3659 3348 au-

2075 3390 2559 3459 disset,obstupuit
2599 3399 2768 3460 atque
2791 3390 3010 3460 expavit
3039 3407 3052 3442 :
3087 3387 3419 3452 Prostratus,
3455 3388 3654 3458 inquit,

2070 3484 2236 3538 oravit
2263 3484 2332 3537 ad
2369 3482 2672 3537 Dominum.
2690 3481 2791 3538 Job
2812 3493 3118 3554 prostratus
3143 3480 3338 3550 deiecit
3359 3481 3678 3546 diabolum,

2073 3577 2239 3630 altum
2279 3578 2610 3642 humiliavit,
2641 3577 2937 3631 exaltatum
2990 3575 3380 3647 supplantavit,
3414 3571 3659 3630 confudit

2074 3668 2291 3733 fortem,
2333 3669 2662 3724 deformavit
2696 3670 2920 3726 elatum.
2961 3667 3139 3738 Super
3175 3669 3290 3723 haec
3321 3675 3504 3721 autem
3537 3681 3658 3719 om-

2072 3762 2183 3827 nia,
2216 3765 2357 3831 quod
2391 3764 2647 3818 oumibus
2700 3763 2873 3830 majus
2914 3773 3079 3832 atque
3101 3759 3352 3831 superius
3391 3767 3497 3823 est,
3530 3773 3655 3812 cum

2071 3869 2166 3908 sua
2203 3855 2572 3922 prostratione
2595 3851 2699 3907 Job
2737 3852 3010 3907 diabolum
3046 3851 3264 3922 dejecit,
3289 3861 3346 3906 et
3389 3865 3487 3905 sua
3517 3850 3654 3906 tole-

2073 3945 2251 3998 rantia
2301 3945 2694 4013 nequissimum
2736 3953 2980 4014 superat,
3015 3944 3246 3998 formam
3279 3940 3661 4010 ostenditejus

2070 4033 2162 4103 qui
2193 4034 2258 4088 de
2280 4033 2421 4088 caelo
2447 4033 2597 4088 venit
2627 4049 2640 4085 :
2673 4035 2765 4103 qui
2804 4045 2862 4087 ιιι
2906 4049 3133 4103 granum
3162 4033 3330 4088 tritici
3368 4033 3423 4086 in
3451 4042 3652 4087 terram

2070 4125 2268 4180 cadens
2300 4125 2569 4180 diabolum
2599 4125 2816 4194 dejecit,
2847 4135 2903 4180 et
2932 4125 3126 4180 fortem
3155 4125 3420 4196 alligavit,
3444 4134 3499 4178 et
3527 4139 3656 4178 vasa

2070 4216 2187 4286 ejus
2222 4217 2462 4288 diripuit,
2505 4226 2562 4271 et
2608 4215 2780 4286 spolia
2834 4217 3039 4281 divisit,
3097 4227 3152 4272 et
3195 4217 3462 4286 captivam
3503 4217 3660 4272 duxit

2070 4308 2468 4377 captivitatem,
2514 4318 2570 4364 et
2615 4309 2867 4378 passione
2918 4317 3082 4376 atque
3129 4309 3533 4363 resurrectione
3561 4323 3658 4365 sua

2072 4401 2332 4460 mundum
2390 4402 2644 4470 redemit,
2677 4412 2842 4470 atque
2867 4402 3124 4456 saeculum
3157 4400 3409 4456 salvavit.
3455 4400 3658 4457 Horum

380 4509 493 4550 non
539 4496 675 4552 dixit
709 4510 772 4550 ea
834 4509 956 4564 qua:
990 4494 1221 4550 dicenda
1278 4495 1418 4549 ratio
1462 4495 1812 4564 exposcebat,
1845 4508 1967 4564 quae
2000 4527 2044 4581 Β
2074 4509 2306 4563 namque
2342 4495 2598 4549 omnium
2622 4494 2850 4550 formam
2907 4506 3073 4562 atque
3123 4494 3434 4563 exemplum
3473 4505 3660 4549 osten-

379 4604 527 4645 nunc
555 4589 743 4648 illicite
771 4589 961 4644 dicunt
989 4589 1230 4658 plurimi.
1283 4587 1393 4643 Cur
1413 4587 1613 4643 dedisti
1644 4587 1969 4657 primo,,aut

380 4696 479 4736 cur
526 4683 799 4738 abstulisti
841 4681 1042 4736 modo?
1092 4681 1206 4737 Cur
1263 4681 1549 4736 oblectasti
1604 4679 1804 4750 primo,
1854 4679 1970 4734 sive

381 4773 616 4843 peculio,
650 4773 766 4828 sive
815 4771 982 4828 filiis?
1013 4773 1097 4827 vel
1129 4787 1228 4828 cur
1253 4773 1478 4843 privasti
1509 4788 1651 4827 nunc
1683 4772 1768 4827 bis
1793 4773 1972 4828 omni-

382 4869 484 4921 bus
515 4866 766 4935 pariter?
815 4864 1006 4921 Melius
1042 4874 1168 4920 erat
1218 4875 1278 4919 ut
1313 4865 1537 4920 omnino
1564 4880 1672 4920 non
1698 4864 1966 4929 dedisses,

379 4973 548 5028 quam
605 4965 668 5012 ut
719 4957 856 5011 dans
898 4972 1115 5011 rursum
1167 4957 1434 5011 auferres.
1493 4954 1692 5010 Utilius
1739 4965 1858 5010 erat
1910 4965 1970 5010 ut

379 5047 603 5118 omnino
651 5061 762 5102 non
800 5047 1137 5110 ostenderes,
1195 5061 1358 5116 quam
1394 5052 1454 5100 ut
1503 5046 1740 5102 05tensis
1792 5048 1969 5102 denuo

383 5137 661 5193 multares.
710 5139 818 5193 Sed
887 5137 1022 5192 nihil
1072 5138 1264 5193 horum
1308 5137 1466 5205 dixit,
1526 5151 1705 5208 neque
1745 5138 1968 5192 omnino

377 5231 642 5299 cogitavit
687 5231 1071 5286 sanctissimus
1125 5241 1290 5300 atque
1340 5231 1816 5286 constantissimus
1880 5231 1970 5286 ille

378 5321 500 5387 Job,
529 5338 635 5380 non
663 5333 870 5379 tantum
899 5334 960 5378 ut
1001 5334 1236 5379 mentem
1266 5323 1639 5392 refrigeraret,
1674 5324 1777 5380 nisi
1830 5335 1958 5378 tan-

383 5424 495 5468 tum
529 5423 590 5468 ut
617 5416 743 5485 quia
775 5417 967 5486 ingens
999 5416 1152 5472 dolor
1175 5424 1296 5470 erat
1329 5417 1430 5470 hoc
1454 5418 1598 5485 quod
1627 5417 1825 5470 factum
1855 5427 1962 5482 est,

382 5522 500 5575 qua:
535 5507 753 5577 pertulit
780 5509 1113 5563 ostenderet.
1152 5507 1658 5571 Vestesconscidit,
1686 5519 1850 5577 caput
1876 5518 1962 5566 to-

379 5601 576 5669 tondit,
609 5611 810 5660 terram
846 5603 1008 5674 capiti
1040 5619 1137 5658 suo
1165 5601 1538 5672 aspersit.tPer
1561 5617 1679 5671 quae
1707 5603 1960 5661 universa

455 5792 500 5822 “
529 5790 627 5851 Job
671 5808 708 5860 ι,
746 5795 836 5850 20.
915 5793 959 5827 ⁸³
994 5793 1126 5851 Gen.
1167 5793 1432 5864 xv1u,27.

1512 5793 1554 5827 ⁸⁸
1577 5793 1712 5852 Geu.
1752 5811 1834 5866 ιιι,
1870 5798 1954 5855 l9.
2036 5799 2080 5836 ⁸⁵
2111 5795 2244 5854 Gen.
2280 5811 2487 5867 xxxvii,
2517 5795 2606 5853 35.

2075 4585 2233 4652 dens,
2270 4596 2394 4655 post
2426 4589 2622 4642 horum
2656 4588 2895 4642 omnium
2937 4585 3366 4641 lauteutabilium
3422 4585 3661 4643 tolerant:-

2078 4680 2207 4735 tiam
2265 4690 2574 4750 prostratus
2629 4682 2682 4735 in
2728 4689 2870 4734 terra
2911 4682 3088 4734 oravit
3149 4680 3216 4733 ad
3266 4681 3574 4745 Dominum,
3601 4691 3660 4733 ιιι

2072 4774 2366 4844 prostratio
2398 4773 2517 4844 ejus
2543 4775 2700 4828 ruina
2737 4772 3043 4829 efﬁceretur
3074 4772 3290 4829 diabolo
3340 4783 3504 4844 atque
3531 4774 3662 4829 sub.

2075 4866 2280 4921 versori
2316 4865 2576 4937 maligno,
2612 4875 2669 4921 et
2704 4866 2930 4936 figurant
2971 4881 3066 4934 per
3101 4867 3215 4922 lucc
3265 4865 3318 4920 in
3348 4881 3408 4921 se
3444 4875 3661 4937 gereret

2075 4961 2345 5030 passionis
2389 4976 2453 5014 ac
2487 4961 2908 5014 resurrectionis
2941 4960 3175 5014 Domini.
3213 4958 3550 5027 Prostratus,
3582 4959 3659 5014 in-

2073 5052 2215 5121 quit,
2239 5053 2413 5107 oravit
2452 5053 2518 5105 ad
2549 5053 2837 5106 Dominqu
2877 5067 2940 5107 ex
2979 5062 3087 5105 tota
3123 5052 3328 5113 anima,
3361 5061 3416 5106 et
3443 5067 3512 5106 ex
3551 5061 3658 5107 t0ta

2075 5157 2275 5208 mente,
2304 5154 2358 5199 ct
2389 5162 2454 5200 ex
2486 5145 2668 5200 cordis
2723 5146 3110 5212 profunditate.
3157 5146 3345 5199 Oravit
3373 5145 3442 5200 ad
3472 5146 3660 5200 Domi-

2075 5253 2223 5290 num.
2253 5237 2392 5304 Quid
2436 5237 2649 5293 oravit?
2677 5237 3068 5303 Tolerantiam,
3105 5239 3501 5303 sufferentiam,
3531 5245 3677 5302 ron-,1

2075 5331 2514 5386 suntu‘tationem.
2544 5332 2732 5384 Uravit
2772 5333 2838 5383 ad
2869 5331 3180 5396 Dominum,
3235 5343 3429 5385 sensus
3483 5329 3661 5383 illiba-

2080 5423 2300 5486 tiouctn,
2324 5423 2522 5479 mentis
2558 5425 2950 5493 integritatem,
2979 5425 3173 5478 anima:
3206 5423 3521 5478 sanitatem.
3548 5419 3684 5494 Hoc.

2077 5531 2208 5586 ergo
2242 5518 2418 5572 oravit
2442 5518 2507 5572 ad
2535 5517 2843 5582 Dominum,
2879 5527 3166 5582 utsanam,
3199 5516 3394 5586 inquit,
3419 5517 3658 5568 animam

2080 5625 2254 5665 meam
2284 5622 2446 5681 atque
2473 5611 2736 5668 illibatum
2763 5625 2860 5667 cor
2889 5621 3066 5664 meum
3097 5610 3371 5668 custodiat
3399 5606 3661 5663 Dominus

2669 5840 2676 5848 .
2714 5794 2752 5826 δί’
2777 5792 2877 5851 J'ob
2905 5809 2943 5860 ι,
2975 5791 3068 5850 20.
