4174 6398
499 326 607 383 459
626 338 657 365 ⁸

1632 321 2016 383 mosmos
2056 319 2121 375 IN
2160 318 2300 393 tos.
2336 350 2406 361 -
2442 320 2570 377 LIB.
2610 323 2652 376 ι.

3666 321 3775 378 440

501 454 557 497 et
599 456 695 497 rex
737 441 1002 507 omnium,
1036 449 1091 499 et
1122 456 1395 509 nunquam
1437 442 1565 496 mihi
1599 440 1912 510 praevalebit
1944 440 2097 495 mali-
2128 444 2172 501 Α
2202 439 2472 505 labantur,
2528 452 2589 496 ut
2621 441 2939 495 videbantur
2991 440 3235 509 lugentes
3278 446 3440 508 atque
3473 438 3655 493 moesti
3700 441 3778 493 si-

500 548 663 602 guns,
690 543 743 588 et
782 547 1057 600 nunquam
1099 547 1185 587 me
1216 532 1499 603 superabit
1546 533 1778 589 callidus
1816 532 2088 589 inimicus.

503 625 821 694 Quanquam
875 633 1082 679 atterat
1136 640 1353 689 carnes,
1413 640 1720 696 quanquam
1757 624 2093 681 comminuat

502 733 645 782 ossa,
680 732 992 788 quanquam
1038 729 1325 773 consumat
1376 732 1593 782 nervos,
1638 720 1684 774 si
1738 720 1957 783 animae,
2007 719 2091 771 in-

500 812 640 880 quit,
693 826 826 866 uicte
880 826 1078 866 sensus
1117 812 1360 867 illibatus
1398 828 1427 867 a
1470 823 1525 869 et
1557 814 1917 877 custodiatur,
1957 829 2094 869 nun-

501 919 663 973 quam
698 918 728 957 a
769 912 820 957 te
849 904 1104 968 seducar,
1139 904 1363 961 Domine
1407 905 1549 960 Deus
1604 921 1776 970 mens,
1816 920 2090 974 nunquam

501 996 794 1051 abstrahar
829 1011 859 1049 a
886 995 1158 1051 charitate
1204 1005 1318 1061 tua,
1354 1011 1449 1051 rex
1501 1011 1672 1052 meus.
1722 998 1930 1051 Idcirco
1973 1012 2094 1053 ora-

500 1089 705 1143 tionem
736 1086 853 1155 ejus
893 1088 1197 1142 exaudiens
1243 1087 1405 1151 Deus,
1457 1097 1622 1157 atque
1652 1089 2091 1158 deprecationem

502 1180 649 1235 illius
682 1179 987 1247 suscipiens
1006 1176 1187 1246 justus
1210 1177 1402 1247 judex,
1456 1188 1579 1249 post
1616 1178 1732 1233 haec
1764 1179 1980 1234 locutus
2010 1191 2094 1236 est

500 1272 569 1327 ad
597 1271 896 1335 diabolum,
926 1271 1144 1325 dicens:
1174 1270 1309 1327 Ecce
1341 1271 1542 1324 tradidi
1565 1270 1661 1333 tibi
1685 1272 1861 1336 illum,
1887 1283 2091 1331 tantum

499 1366 733 1419 animam
767 1363 881 1432 ejus
921 1380 985 1418 ne
1012 1362 1239 1432 tetigeris
1266 1363 1334 1414 ".
1395 1361 1487 1419 Sic
1531 1364 1714 1434 itaque
1767 1374 2091 1435 prostratus,

498 1457 678 1512 oravit
717 1456 784 1509 ad
832 1454 1023 1508 Deum.
1069 1454 1210 1509 Vere
1260 1465 1600 1525 prostratus,
1658 1456 1759 1510 hoc
1810 1465 1895 1511 est
1940 1456 2094 1511 valde

501 1562 673 1618 usque
698 1548 766 1602 ad
798 1555 997 1601 terram
1050 1546 1394 1621 humiliatus,
1427 1548 1621 1617 merito
1647 1558 1851 1603 vestem
1881 1549 2093 1603 consci-

500 1640 601 1704 dit,
637 1654 847 1695 comam
894 1639 1095 1707 capitis
1143 1640 1407 1704 totondit,
1444 1649 1646 1695 terram
1680 1642 1843 1710 capiti
1876 1655 1975 1697 suo
2000 1656 2089 1695 as-

498 1731 689 1801 persit.
719 1728 849 1785 Post
875 1744 993 1785 nare
1023 1730 1276 1786 universa
1305 1739 1615 1800 prostratus
1677 1732 1852 1786 oravit
1882 1733 1951 1787 ad
1986 1731 2093 1787 Do-

499 1821 731 1878 minum.
770 1821 882 1887 Sic,
918 1822 1115 1892 inquit,
1151 1837 1246 1878 rex
1279 1822 1476 1879 Ninive
1507 1834 1629 1896 post
1672 1824 1776 1879 hoc
1817 1824 1874 1878 in
1904 1826 2089 1880 cinere

498 1924 554 1969 et
587 1916 769 1970 cilicio
797 1916 1016 1983 sedens,
1042 1924 1097 1971 et
1124 1931 1246 1971 cum
1267 1916 1573 1985 humilitate
1612 1932 1796 1983 orans,
1835 1926 1959 1987 post
1995 1917 2091 1971 tri-

500 2007 665 2061 duum
707 2007 1081 2075 imminentem
1109 2006 1476 2063 calamitatem
1507 2008 1716 2078 eﬂ'ugit.
1755 2010 2087 2079 Sic,inquit,

498 2106 554 2153 et
590 2096 768 2154 Josias
818 2095 1171 2174 ierosolymas
1210 2112 1307 2155 rex
1336 2108 1517 2158 vestes
1553 2116 1681 2155 suas
1734 2102 2091 2157 conscindens

498 2204 611 2259 prae
636 2190 832 2245 timore
862 2190 1309 2246 comminationis
1350 2190 1467 2254 Dei,
1517 2192 1749 2249 famulos
1781 2208 1909 2250 suos
1935 2195 2092 2249 vesti-

498 2284 601 2339 bus
635 2284 951 2351 conscissis,
992 2291 1048 2338 et
1093 2292 1239 2338 terra
1272 2293 1438 2355 atque
1469 2285 1655 2341 cinere
1677 2288 1916 2355 aspersis
1944 2286 2093 2342 misit

498 2376 567 2429 ad
596 2376 996 2446 deprecandam
1041 2384 1205 2446 atque
1237 2377 1571 2432 exorandam
1622 2376 1815 2432 faciem
1850 2377 2088 2433 Domini.

499 2467 592 2525 Sic
622 2467 786 2523 etiam
817 2467 1027 2536 primus
1053 2467 1138 2521 bis
1169 2467 1424 2531 omnibus
1465 2467 1804 2524 admirabilis
1827 2468 1930 2524 Job
1962 2484 2091 2525 con-

498 2559 663 2629 scidit
688 2559 1013 2625 vestimenta
1041 2574 1161 2625 sua,
1180 2569 1235 2615 et
1260 2575 1471 2627 comam
1500 2561 1691 2633 capitis
1714 2561 1797 2616 sui
1834 2561 2088 2626 totondit,

497 2660 553 2727 et
587 2660 788 2721 terram
817 2653 986 2723 capiti
1036 2666 1136 2706 suo
1176 2652 1429 2722 aspersit,
1457 2661 1513 2707 et
1565 2653 1640 2708 ita
1676 2662 1987 2724 prostratus
2022 2654 2090 2708 ad

498 2745 784 2800 Dominum
806 2744 1005 2800 ‘oravit.
1037 2742 1354 2817 Prostratus
1401 2753 1486 2809 est
1519 2745 1586 2801 ad
1617 2746 1945 2813 orationem,
1993 2746 2091 2801 sed

498 2853 604 2893 non
643 2836 843 2893 cecidit
882 2844 1139 2907 tanquam
1172 2837 1523 2892 adversarius
1574 2837 1629 2892 in
1663 2839 2089 2895 contumaciam.

497 2929 810 2986 Prostratus
848 2939 933 2985 est
970 2930 1039 2984 ad
1070 2944 1312 3005 precem,
1363 2930 1507 2985 sicut
1531 2930 1811 2987 Abraham
1831 2946 1955 2986 cum
1991 2946 2091 3002 pro

496 3021 638 3078 Loth
667 3031 921 3089 orasset:
952 3024 1049 3078 sed
1084 3032 1189 3081 non
1220 3023 1419 3087 cecidit
1442 3024 1494 3077 in
1522 3024 1931 3091 contumeliam,
1950 3024 2091 3080 sicut

2194 533 2491 589 mulatione
2537 532 2887 599 dixitzQuid
2946 530 3313 601 exspectatis,
3363 545 3397 583 ο
3442 529 3587 584 viri?
3635 530 3775 597 Quid

2194 624 2499 688 sustinetis,
2534 624 2874 679 obomiues?
2933 623 3186 685 Hoccine,
3234 634 3294 676 ut
3345 622 3556 691 lugeam
3589 624 3776 679 vobis-

2194 717 2361 771 cum?
2393 714 2654 781 Hoccine,
2690 724 2751 770 ut
2784 714 3061 769 vobiscum
3097 714 3403 769 lamenter?
3436 714 3550 771 Non
3591 714 3775 785 lugeo,

2193 806 2390 878 inquit,
2420 808 2496 861 rei
2550 804 2835 861 familiaris
2873 806 3233 877 direptionem
3264 825 3278 861 :
3311 806 3507 861 ablata:
3537 820 3778 876 namque

2194 888 2323 953 sunt
2369 898 2500 952 mihi
2537 912 2659 951 cum
2695 897 2906 966 peculio
2950 898 3157 967 pariter
3187 898 3352 954 etiam
3398 897 3661 953 molestia:
3691 907 3777 951 at-

2195 1005 2300 1059 que
2334 1004 2498 1045 curm.
2542 990 2659 1045 Non
2697 989 2963 1044 lamentor
2987 988 3223 1044 ﬁliorum
3254 990 3564 1057 decessum,
3598 1000 3776 1045 trans-

2197 1082 2295 1149 ivit
2320 1083 2467 1138 enim
2499 1082 2568 1137 ab
2599 1081 2772 1138 oculis
2805 1083 2943 1137 meis
2985 1082 3206 1149 tristitia
3237 1091 3292 1137 ct
3317 1082 3491 1139 dolor.
3524 1083 3581 1139 Si
3630 1085 3776 1145 enim

2194 1175 2399 1243 pariter
2444 1189 2655 1229 mecum
2693 1174 3007 1229 atlviverent
3052 1189 3217 1243 super
3257 1185 3483 1239 terram,
3521 1190 3645 1231 cum
3677 1176 3775 1230 do-

2194 1267 2309 1321 lore
2348 1281 2500 1321 eram
2526 1267 2872 1336 cogitaturus
2909 1266 3098 1336 quales
3137 1265 3388 1330 fuissent,
3433 1267 3623 1338 quales
3650 1283 3778 1337 pro—

2194 1359 2472 1425 fecissent,
2510 1360 2723 1429 qualem
2760 1361 2919 1416 ﬁnem
2944 1369 3366 1430 exspectassent.
3395 1360 3469 1416 De
3500 1362 3620 1417 istis
3642 1378 3776 1433 ergo

2192 1464 2419 1505 securus
2443 1449 2670 1507 eﬂectus
2702 1464 2809 1505 non
2841 1451 3126 1515 lamentor,
3152 1466 3257 1505 non
3291 1451 3485 1521 plango
3510 1453 3653 1521 quod
3678 1468 3775 1509 vos

2195 1543 2416 1612 cupitis,
2470 1560 2575 1599 non
2636 1543 2978 1614 reprehendo
3028 1544 3173 1613 quod
3219 1558 3315 1599 vos
3352 1543 3620 1613 quaeritis,
3662 1559 3769 1598 non

2196 1634 2515 1704 blasphemo
2535 1636 2677 1706 quod
2709 1650 2804 1693 vos
2838 1636 3017 1691 vultis.
3048 1635 3163 1697 Non
3208 1636 3429 1700 ridebit,
3471 1636 3666 1706 inquit,
3706 1635 3774 1693 de

2197 1739 2283 1780 me
2317 1724 2591 1789 diabolus,
2623 1739 2728 1780 non
2765 1725 3022 1795 gaudebit
3054 1735 3113 1780 ut
3153 1734 3336 1795 sperat
3362 1739 3526 1794 super
3550 1740 3637 1780 me
3669 1726 3776 1781 ini-

2194 1818 2390 1884 micus,
2420 1833 2529 1873 non
2552 1819 2791 1873 inveniet
2812 1820 2953 1887 apud
2982 1833 3068 1873 me
3103 1819 3156 1875 id
3198 1820 3340 1889 quod
3370 1829 3651 1890 exspectat
3680 1835 3777 1875 ne-

2191 1908 2488 1980 quissimus
2515 1927 2527 1962 :
2562 1907 2752 1963 Nudus
2777 1910 2912 1964 exivi
2939 1911 3004 1964 de
3038 1919 3186 1964 utero
3209 1911 3394 1973 matris
3420 1926 3571 1976 mete,
3601 1914 3785 1967 nudas

2191 2004 2277 2056 ibo
2297 2001 2390 2055 sub
2432 2010 2628 2056 terram
2645 2001 2712 2055 "'.
2750 2002 2894 2056 Nihil
2942 2001 3107 2057 habui
3150 2018 3273 2058 cum
3323 2004 3612 2067 venissem,
3638 2002 3771 2057 nihil

2193 2092 2413 2162 requiro
2440 2107 2563 2147 cum
2599 2094 2731 2149 iero.
2758 2092 2903 2148 Nihil
2934 2094 3090 2149 attuli
3131 2103 3311 2159 natus,
3355 2094 3490 2149 nihil
3520 2094 3649 2148 hinc
3677 2108 3775 2147 au-

2190 2184 2365 2239 feram
2400 2184 2682 2241 sublatus:
2708 2184 2763 2243 Ν
2769 2190 2904 2239 udus
2940 2186 3077 2240 exivi
3120 2186 3185 2240 de
3215 2195 3365 2240 utero
3404 2186 3590 2239 matris
3622 2201 3773 2253 mete,

2192 2294 2299 2347 non
2326 2279 2594 2349 peculium
2650 2293 2749 2335 nec
2789 2279 2928 2335 ﬁlios
2974 2280 3203 2343 habens,
3230 2293 3407 2347 neque
3451 2278 3657 2333 divitiis
3682 2278 3765 2332 vel

2192 2369 2650 2438 possibilitatibus
2676 2369 2917 2437 indutus,
2964 2370 3139 2431 nudus
3188 2378 3238 2423 et
3280 2368 3368 2422 ibo
3416 2368 3514 2422 sub
3555 2378 3769 2422 terrast.

2191 2459 2346 2528 Quod
2374 2461 2519 2525 enim
2546 2460 2750 2526 pariter
2778 2474 2903 2523 cum
2953 2472 3182 2529 corpore
3234 2457 3470 2528 positum
3509 2457 3674 2513 fuerit
3720 2459 3772 2511 in

2194 2564 2361 2619 terra,
2408 2569 2531 2611 cum
2592 2554 2780 2609 eodem
2848 2568 3077 2619 corpore
3129 2561 3293 2608 terrm
3329 2551 3557 2609 efﬁcitur
3605 2566 3771 2624 terra.

2192 2644 2387 2711 Merito
2427 2646 2605 2701 nudus
2638 2646 2729 2700 ibo
2759 2645 2861 2700 sub
2888 2658 3114 2700 terram.
3165 2644 3354 2700 Nudus
3402 2646 3514 2710 ibo,
3576 2647 3775 2719 nudus,

2192 2740 2389 2809 inquit,
2424 2740 2657 2811 peculio,
2691 2741 2787 2796 sed
2818 2748 2873 2794 et
2917 2749 3180 2810 peccato:
3206 2745 3383 2796 nudus
3418 2742 3645 2807 divitiis,
3675 2742 3774 2798 sed

2191 2844 2245 2889 et
2267 2834 2635 2904 impietatibus
2664 2850 2677 2886 :
2707 2834 2885 2897 nudus
2914 2834 3242 2899 substantia,
3269 2836 3362 2889 sed
3400 2845 3456 2890 et
3480 2834 3770 2905 iniustitia.
3806 2875 3816 2881 -

2194 2926 2351 2983 Sicut
2393 2926 2538 2982 enim
2581 2928 2649 2982 de
2678 2926 2995 2991 carnalibus
3024 2924 3475 2995 possibilitatibus
3510 2928 3777 2989 universis

2192 3021 2368 3075 nudus
2415 3018 2643 3075 eﬂ'ectus
2685 3034 2829 3085 sum,
2858 3018 2955 3085 ita,
2986 3020 3183 3090 inquit,
3232 3020 3388 3074 etab
3429 3020 3683 3075 omnibus
3708 3021 3778 3074 il-

500 3115 748 3171 diabolus
786 3115 877 3184 qui
911 3115 979 3175 de
1002 3114 1141 3181 caelo
1173 3116 1451 3186 proiectus
1478 3124 1562 3171 est
1607 3124 1831 3186 pr0pter
1867 3126 2085 3187 aposta-
2115 3128 2161 3188 (ι
2192 3113 2357 3169 licitis
2412 3113 2589 3168 nudus
2660 3113 2752 3167 ibo
2806 3114 2908 3169 sub
2958 3122 3184 3167 terram.
3255 3111 3371 3187 Non
3425 3113 3777 3177 comitantur,

498 3205 660 3275 siam.
723 3205 831 3261 S‘ed
882 3206 1111 3262 forsitan
1166 3208 1298 3263 dicit
1341 3206 1583 3277 aliquis:
1624 3216 1681 3264 et
1739 3222 1839 3263 cur
1870 3210 2091 3264 omnino

500 3297 736 3354 totondit
779 3311 989 3351 comam
1022 3298 1219 3366 capitis
1262 3299 1365 3363 sui,
1395 3298 1479 3353 vel
1509 3298 1580 3355 ob
1612 3314 1775 3368 quam
1808 3314 1922 3355 rem
1957 3314 2090 3355 con-

497 3390 659 3445 scidit
681 3389 1009 3445 vestimenta
1039 3404 1162 3455 sua,
1198 3392 1280 3444 vel
1314 3390 1386 3455 ob
1415 3405 1578 3460 quam
1607 3405 1826 3446 causam
1860 3394 2093 3461 asperslt

496 3482 666 3552 capiti
716 3496 816 3537 suo
843 3482 1088 3547 terram?
1137 3483 1338 3537 Audite
1383 3499 1397 3534 :
1432 3483 1609 3549 primo
1636 3484 1853 3552 quidem
1880 3497 1979 3554 pro
2007 3483 2092 3538 his

497 3574 754 3645 omnibus
779 3589 899 3643 quae
926 3573 1302 3629 demonstrata
1350 3582 1508 3640 sunt;
1568 3574 1697 3629 item
1735 3588 1868 3629 sane
1914 3574 2090 3631 adhuc

496 3666 823 3720 Vestimenta
884 3680 981 3735 sua
1019 3664 1291 3719 conscidit
1342 3664 1412 3719 ob
1444 3665 1570 3731 hoc,
1609 3666 1735 3735 quia
1770 3681 1837 3722 ex
1864 3667 1948 3724 his
1971 3682 2092 3738 qua:

502 3754 715 3827 diabolo
764 3756 889 3811 data
939 3766 1088 3822 sunt,
1148 3758 1290 3827 apud
1338 3771 1396 3811 se
1442 3757 1577 3812 nihil
1616 3758 1854 3813 residere
1898 3759 2089 3816 voluit.

496 3848 723 3904 Comam
752 3864 883 3917 vero
910 3849 1106 3921 capitis
1153 3850 1237 3905 sui
1292 3852 1527 3909 totondit
1567 3853 1639 3905 oh
1680 3853 1803 3917 hoc,
1835 3852 1961 3923 quia
1994 3854 2092 3909 de-

496 3941 674 4011 posita
705 3942 1017 3997 divitiarqu
1052 3942 1413 4009 abundantia,
1472 3946 1639 3998 etiam
1674 3959 1846 3999 comae
1899 3947 2093 4001 nimie—

496 4042 661 4087 tatem
702 4034 999 4104 deponeret
1036 4052 1051 4088 :
1094 4044 1151 4101 et
1211 4035 1531 4091 adversario
1591 4038 1925 4105 ostenderet,
1962 4038 2091 4109 quia

496 4125 637 4180 sicut
661 4141 857 4195 passus
883 4136 969 4182 est
1001 4128 1128 4197 quia
1160 4141 1377 4183 comam
1415 4128 1667 4193 totondit,
1699 4131 1770 4184 ita
1802 4145 1926 4185 cum
1956 4130 2094 4185 mul-

499 4218 785 4274 titudinem
813 4218 1081 4275 bonorum
1106 4220 1404 4290 deponeret
1429 4230 1595 4291 atque
1626 4223 1923 4288 amitteret,
1955 4223 2095 4293 nihil,

496 4325 556 4368 se
583 4324 801 4381 passum
834 4309 1002 4366 fuisse
1022 4312 1349 4368 aestimasset
1372 4328 1388 4366 :
1415 4310 1591 4378 aufer,
1615 4312 1887 4383 inquiens,
1909 4315 2090 4369 omnia

496 4401 791 4473 superﬂua,
819 4402 953 4458 nihil
986 4403 1115 4457 mihi
1147 4404 1385 4473 supersit
1424 4419 1491 4459 ex
1531 4404 1618 4459 his
1666 4419 1789 4474 quae
1829 4404 1925 4459 tibi
1963 4404 2088 4461 data

497 4472 645 4551 sunt.
676 4494 904 4551 Terram
938 4510 1070 4552 vero
1098 4496 1171 4551 ob
1206 4472 1307 4552 hoc
1356 4497 1592 4569 aspersit
1630 4472 1796 4567 capiti
1855 4511 1977 4563 suo,
2028 4508 2085 4551 ut
2124 4472 2166 4535 υ

497 4606 564 4645 ex
612 4600 768 4662 parte
806 4591 1121 4647 ostenderet
1176 4590 1414 4651 filiorum
1472 4590 1735 4646 dolorem.
1788 4588 1901 4646 Nisi
1936 4589 2082 4645 enim

498 4680 600 4735 hoc
628 4678 875 4747 fecisset,
897 4679 1135 4736 alienum
1167 4680 1322 4735 illum
1364 4695 1393 4733 a
1428 4689 1622 4735 natura
1651 4670 1888 4735 humana
1921 4679 2088 4735 fuisse

498 4772 831 4843 diceremus.
890 4772 1014 4828 Haec
1044 4772 1296 4829 videlicet
1328 4773 1578 4843 universa
1620 4774 1809 4843 gessit,
1865 4780 2087 4842 propter

499 4866 802 4920 naturalem
839 4865 1106 4935 dolorem.
1138 4863 1355 4920 Gratias
1390 4878 1523 4919 vero
1556 4865 1667 4934 egit
1709 4872 1929 4934 propter
1955 4878 2087 4919 con-

502 4957 761 5011 stantiam
818 4967 873 5012 et
918 4958 1115 5011 anima:
1156 4959 1461 5020 veritatem,
1518 4950 1683 5027 atque
1733 4956 1883 5010 illam
1922 4969 2086 5025 quam

504 5047 651 5101 circa
676 5048 844 5103 Deum
876 5050 1070 5105 habuit
1101 5048 1498 5105 sinceritatem.
1532 5048 1661 5105 Post
1689 5061 1809 5118 qua:
1837 5047 2089 5102 universa

500 5138 638 5193 dixit
668 5142 736 5194 ad
775 5158 862 5196 eos
888 5142 955 5195 ⁸⁸.
979 5144 1057 5198 Ad
1084 5156 1221 5213 quos
1238 5143 1367 5199 ?.Ad
1398 5141 1754 5197 advenientes
1782 5140 2088 5196 daemonum

507 5232 748 5287 nuntios.
786 5232 922 5287 Nam
966 5234 1097 5288 mihi
1154 5244 1392 5305 quatuor
1432 5232 1890 5304 praestolabantur
1918 5234 1991 5298 ei,
2037 5242 2093 5287 et

502 5333 739 5392 quatuor
756 5326 1096 5381 miseriarum
1116 5327 1531 5396 praedicationes
1554 5326 1605 5383 ei
1632 5325 1937 5391 afferentes,
1955 5340 2088 5395 qua-

506 5425 629 5471 tuor
658 5417 1099 5473 lamentabilibus
1128 5420 1341 5491 sagittis
1366 5434 1491 5475 eum
1517 5420 1860 5489 sagittantes.
1894 5418 2090 5473 Novis-

506 5510 643 5563 sima
677 5511 1076 5566 Iamentabilior
1106 5512 1207 5566 iuit
1241 5521 1407 5583 atque
1438 5513 1637 5568 animm
1668 5513 1924 5585 contigua
1955 5509 2094 5566 [ilio-

508 5616 626 5656 rum
667 5602 917 5671 perditio.
960 5603 1040 5657 Ad
1092 5604 1224 5659 istos
1274 5619 1404 5673 ergo
1441 5615 1678 5675 quatuor
1714 5607 1806 5675 qui
1851 5613 2082 5676 prasto-

573 5777 614 5811 υ
647 5773 745 5834 Job
779 5792 837 5843 ιι,
880 5776 930 5831 b'.
1013 5775 1346 5845 “Jobl,‘21.
1419 5780 1460 5811 ιθ
1498 5780 1623 5835 ibid.
1703 5780 2149 5865 ⁵⁰1Τίιημᾳεᾎ

2195 3204 2390 3275 inquit,
2418 3219 2653 3270 mecum,
2676 3220 2854 3275 neque
2882 3204 3217 3275 malignitas,
3252 3220 3432 3277 neque
3472 3205 3777 3270 iracundia,

2195 3310 2375 3365 neque
2407 3296 2688 3367 superbia,
2724 3311 2901 3370 neque
2934 3298 3165 3364 invidia,
3198 3312 3372 3368 neque
3403 3297 3573 3363 zelus,
3603 3312 3780 3367 neque

2194 3388 2489 3459 cupiditas,
2523 3404 2700 3459 neque
2746 3390 3051 3445 alienarum
3101 3406 3284 3446 rerum
3318 3390 3645 3461 appetentis,
3679 3404 3776 3444 ne-

2193 3495 2300 3550 que
2334 3482 2683 3549 contumelia,
2722 3496 2901 3553 neque
2938 3482 3234 3547 calumnia,
3273 3496 3446 3551 neque
3494 3480 3776 3544 violentia,

2194 3586 2369 3642 neque
2398 3572 2757 3643 impudicitia,
2802 3590 2980 3646 neque
3007 3575 3254 3641 lascivia,
3287 3587 3467 3644 neque
3505 3572 3675 3627 ullum
3708 3588 3777 3630 ex

2194 3664 2282 3721 his
2311 3680 2432 3736 qua:
2454 3666 2567 3721 Deo
2599 3668 2875 3723 contraria
2902 3676 3051 3723 sunt.
3102 3667 3227 3723 lstis
3257 3680 3496 3738 namque
3523 3664 3779 3721 omnibus

2196 3760 2372 3814 nudus
2399 3758 2488 3814 ibo
2527 3759 2628 3815 sub
2671 3767 2897 3815 terram.
2956 3759 3073 3817 Non
3106 3760 3252 3814 enim
3285 3774 3405 3815 sum
3432 3758 3556 3814 talis
3588 3757 3776 3828 quales

2196 3850 2270 3904 illi
2294 3851 2361 3905 de
2384 3851 2585 3921 quibus
2612 3851 2813 3907 dicitur
2847 3869 2861 3905 :
2893 3852 3034 3918 Quia
3056 3870 3159 3907 non
3184 3854 3476 3908 habuerunt
3508 3862 3779 3923 tegumen-

2194 3952 2326 4007 tum,
2376 3942 2587 4012 infertto
2640 3946 2811 4001 vestiti
2875 3954 3012 4000 sunt.
3066 3942 3277 4010 Nudus,
3321 3944 3565 4015 inquam,
3621 3942 3779 3997 malis

2192 4036 2451 4092 omnibus
2495 4036 2585 4092 ibo
2623 4037 2723 4092 sub
2750 4044 2976 4101 terram,
3036 4037 3212 4093 nudus
3242 4036 3419 4103 malis,
3464 4035 3620 4091 bonis
3647 4050 3780 4090 vero

2192 4126 2447 4184 omnibus
2487 4128 2727 4190 indutus.
2771 4129 2982 4198 justitia
3018 4130 3270 4193 vestitus,
3328 4130 3622 4185 sanctitate
3667 4128 3777 4187 cir-

2194 4221 2500 4287 cumdatus,
2534 4220 2799 4276 cbaritate
2837 4232 3089 4287 ornatus,
3122 4222 3493 4277 misericordia
3532 4236 3596 4277 ac
3621 4220 3779 4277 bonis

2193 4312 2449 4381 operibus
2469 4321 2785 4367 coronatus.
2816 4313 2964 4368 Beati
2992 4322 3140 4378 sunt,
3158 4323 3213 4368 et
3237 4314 3382 4369 beati
3407 4322 3593 4377 erunt,
3615 4328 3649 4369 ο
3664 4312 3781 4383 κιο-τ

2197 4403 2343 4459 riose
2373 4401 2514 4459 Job!
2546 4418 2738 4459 omnes
2759 4405 2848 4473 qui
2894 4414 2947 4459 te
2973 4404 3173 4460 imitati
3205 4403 3428 4470 fuerint,
3463 4418 3654 4460 omnes
3687 4403 3779 4473 qui

2194 4503 2317 4564 post
2352 4496 2701 4571 tqpotuerint
2724 4511 2845 4550 cum
2874 4497 3070 4551 ﬁducia
3092 4498 3307 4556 dicere:
3329 4498 3522 4552 Nudus
3550 4498 3693 4552 exivi
3714 4496 3786 4550 de

2196 4595 2343 4641 utero
2366 4588 2550 4641 matris
2580 4603 2729 4651 meae,
2756 4589 2929 4641 nudus
2956 4597 3005 4642 et
3032 4588 3119 4642 ibo
3149 4589 3207 4644 in
3240 4602 3434 4643 terram
3454 4602 3472 4641 :
3490 4588 3583 4657 qui
3610 4587 3779 4642 etiam

2194 4694 2317 4735 cum
2340 4680 2597 4749 Apostolo
2626 4681 2807 4736 dicere
2840 4682 3108 4737 veraciter
3130 4691 3386 4752 possunt:
3420 4680 3575 4735 Nihil
3603 4679 3782 4735 intuli-

2194 4787 2313 4827 mus
2328 4773 2383 4826 in
2406 4773 2543 4826 hunc
2561 4772 2838 4838 mundum,
2853 4784 3211 4828 verumtamen
3228 4789 3323 4828 nec
3333 4774 3547 4841 aufem
3574 4773 3779 4841 atiquid

2197 4880 2473 4933 pessumus
2502 4864 2571 4919 “.
2605 4863 2697 4919 Va:
2728 4876 2911 4921 autem
2938 4865 3045 4922 illis
3073 4866 3166 4936 qui
3197 4866 3325 4922 nudi
3357 4865 3578 4937 quidem
3612 4878 3782 4920 vene-

2198 4966 2347 5022 runt,
2381 4957 2684 5014 innumeris
2733 4968 2915 5014 autem
2953 4957 3237 5026 injustitiis
3288 4967 3453 5028 atque
3482 4956 3781 5025 impietati-

2196 5047 2321 5115 bns,
2346 5049 2671 5125 crudelitate
2701 5066 2919 5123 quoque
2956 5059 3127 5123 atque
3168 5049 3499 5107 inﬁdelitate
3520 5047 3779 5112 onerati,

2197 5148 2362 5209 atque
2400 5142 2728 5209 pmgravati
2780 5141 2933 5197 ibunt
2967 5143 3024 5197 in
3054 5151 3282 5199 terram.
3325 5139 3644 5210 Huiusmodi
3683 5153 3781 5193 ve-

2197 5234 2431 5286 stientur
2453 5232 2765 5288 calamitate
2787 5244 2951 5303 atque
2983 5234 3229 5299 miseria,
3259 5233 3313 5288 in
3343 5232 3434 5288 die
3460 5232 3593 5301 justi
3618 5239 3782 5301 atque

2198 5339 2485 5392 personam
2521 5340 2627 5379 non
2681 5325 3213 5397 accipientisjudicii
3244 5325 3365 5383 Dei.
3396 5322 3594 5379 Nudas
3647 5322 3784 5379 exivi

2194 5418 2260 5471 de
2292 5427 2442 5471 utero
2468 5418 2656 5472 matris
2687 5434 2836 5484 mete,
2870 5419 3014 5475 sicut
3038 5429 3091 5475 et
3134 5432 3327 5474 omnes
3360 5418 3633 5482 homines,
3669 5416 3785 5472 sic-

2196 5518 2255 5562 ut
2312 5519 2368 5564 et
2402 5509 2582 5565 omnis
2621 5524 2774 5576 caro,
2809 5511 2960 5566 sicut
3002 5520 3059 5566 et
3110 5525 3307 5567 omnes
3348 5510 3735 5580 corruptibiles
3760 5547 3779 5574 ,

2199 5603 2374 5671 nudus
2420 5612 2470 5659 et
2502 5602 2584 5659 ibo
2633 5603 2688 5658 in
2714 5613 2930 5679 terram.
2980 5602 3094 5661 Hoc
3123 5603 3299 5675 ipsum
3325 5616 3560 5673 namque
3588 5615 3786 5672 exspe«
