  <div class='ocr_page' id='page_1' title='image "/cluster/home/n/w/nwhite01/storage/ocr_20150623/17:no.7/coo.31924054872977/232.png"; bbox 0 0 4174 6386; ppageno 0'>
   <div class='ocr_carea' id='block_1_1' title="bbox 468 352 566 409">
    <p class='ocr_par' dir='ltr' id='par_1_1' title="bbox 468 352 566 409">
     <span class='ocr_line' id='line_1_1' title="bbox 468 352 566 409; baseline -0.031 0"><span class='ocrx_word' id='word_1_1' title='bbox 468 352 566 409; x_wconf 66' lang='lat' dir='ltr'><strong>Ml</strong></span> 
     </span>
    </p>
   </div>
   <div class='ocr_carea' id='block_1_2' title="bbox 1598 336 2611 402">
    <p class='ocr_par' dir='ltr' id='par_1_2' title="bbox 1598 336 2611 402">
     <span class='ocr_line' id='line_1_2' title="bbox 1598 336 2611 402; baseline -0.005 -2"><span class='ocrx_word' id='word_1_2' title='bbox 1598 343 1983 402; x_wconf 79' lang='lat' dir='ltr'><strong>ANONYMUS</strong></span> <span class='ocrx_word' id='word_1_3' title='bbox 2018 340 2085 396; x_wconf 85' lang='lat' dir='ltr'><strong>IN</strong></span> <span class='ocrx_word' id='word_1_4' title='bbox 2119 338 2259 396; x_wconf 80' lang='lat' dir='ltr'><strong>JOB.</strong></span> <span class='ocrx_word' id='word_1_5' title='bbox 2297 366 2365 378; x_wconf 92' lang='lat'><strong>—</strong></span> <span class='ocrx_word' id='word_1_6' title='bbox 2402 336 2531 393; x_wconf 85' lang='lat' dir='ltr'><strong>LIB.</strong></span> <span class='ocrx_word' id='word_1_7' title='bbox 2570 338 2611 395; x_wconf 81' lang='lat' dir='ltr'><strong>l.</strong></span> 
     </span>
    </p>
   </div>
   <div class='ocr_carea' id='block_1_3' title="bbox 3629 330 3739 389">
    <p class='ocr_par' dir='ltr' id='par_1_3' title="bbox 3629 330 3739 389">
     <span class='ocr_line' id='line_1_3' title="bbox 3629 330 3739 389; baseline 0.018 -3"><span class='ocrx_word' id='word_1_8' title='bbox 3629 330 3739 389; x_wconf 67' lang='lat'><strong>452</strong></span> 
     </span>
    </p>
   </div>
   <div class='ocr_carea' id='block_1_4' title="bbox 469 448 3732 540">
    <p class='ocr_par' dir='ltr' id='par_1_4' title="bbox 469 448 3732 540">
     <span class='ocr_line' id='line_1_4' title="bbox 469 448 3732 540; baseline -0.009 -10"><span class='ocrx_word' id='word_1_9' title='bbox 469 481 626 530; x_wconf 82' lang='lat' dir='ltr'><strong>ctaut</strong></span> <span class='ocrx_word' id='word_1_10' title='bbox 664 485 877 533; x_wconf 91' lang='lat' dir='ltr'><strong>omnes,</strong></span> <span class='ocrx_word' id='word_1_11' title='bbox 906 471 1033 540; x_wconf 88' lang='lat' dir='ltr'><strong>quia</strong></span> <span class='ocrx_word' id='word_1_12' title='bbox 1076 470 1217 525; x_wconf 90' lang='lat' dir='ltr'><strong>idem</strong></span> <span class='ocrx_word' id='word_1_13' title='bbox 1240 478 1326 524; x_wconf 85' lang='lat' dir='ltr'><strong>est</strong></span> <span class='ocrx_word' id='word_1_14' title='bbox 1352 468 1610 523; x_wconf 91' lang='lat' dir='ltr'><strong>introitus</strong></span> <span class='ocrx_word' id='word_1_15' title='bbox 1640 469 1896 524; x_wconf 85' lang='lat' dir='ltr'><strong>omnibus</strong></span> <span class='ocrx_word' id='word_1_16' title='bbox 1922 509 1936 534; x_wconf 93' lang='lat'><strong>,</strong></span> <span class='ocrx_word' id='word_1_17' title='bbox 1994 477 2043 522; x_wconf 86' lang='lat' dir='ltr'><strong>et</strong></span> <span class='ocrx_word' id='word_1_18' title='bbox 2077 471 2118 525; x_wconf 79' lang='grc' dir='ltr'><strong>Α</strong></span> <span class='ocrx_word' id='word_1_19' title='bbox 2153 474 2205 516; x_wconf 88' lang='lat' dir='ltr'><strong>nt</strong></span> <span class='ocrx_word' id='word_1_20' title='bbox 2244 461 2468 515; x_wconf 85' lang='lat' dir='ltr'><strong>Domino</strong></span> <span class='ocrx_word' id='word_1_21' title='bbox 2499 456 2697 525; x_wconf 75' lang='lat' dir='ltr'><strong>placuit</strong></span> <span class='ocrx_word' id='word_1_22' title='bbox 2747 456 2825 509; x_wconf 86' lang='lat' dir='ltr'><strong>ita</strong></span> <span class='ocrx_word' id='word_1_23' title='bbox 2853 454 3052 524; x_wconf 75' lang='lat' dir='ltr'><strong>factum</strong></span> <span class='ocrx_word' id='word_1_24' title='bbox 3080 462 3176 513; x_wconf 87' lang='lat' dir='ltr'><strong>est.</strong></span> <span class='ocrx_word' id='word_1_25' title='bbox 3207 453 3278 507; x_wconf 86' lang='lat' dir='ltr'><strong>sit</strong></span> <span class='ocrx_word' id='word_1_26' title='bbox 3303 466 3492 506; x_wconf 81' lang='lat' dir='ltr'><strong>nomen</strong></span> <span class='ocrx_word' id='word_1_27' title='bbox 3516 448 3732 504; x_wconf 85' lang='lat' dir='ltr'><strong>Domini</strong></span> 
     </span>
    </p>
   </div>
   <div class='ocr_carea' id='block_1_5' title="bbox 469 561 2047 627">
    <p class='ocr_par' dir='ltr' id='par_1_5' title="bbox 469 561 2047 627">
     <span class='ocr_line' id='line_1_5' title="bbox 469 561 2047 627; baseline -0.004 -6"><span class='ocrx_word' id='word_1_28' title='bbox 469 567 649 621; x_wconf 90' lang='lat' dir='ltr'><strong>exitus</strong></span> <span class='ocrx_word' id='word_1_29' title='bbox 678 563 892 627; x_wconf 84' lang='lat' dir='ltr'><strong>similis,</strong></span> <span class='ocrx_word' id='word_1_30' title='bbox 927 564 1043 617; x_wconf 88' lang='lat' dir='ltr'><strong>sive</strong></span> <span class='ocrx_word' id='word_1_31' title='bbox 1086 577 1205 627; x_wconf 89' lang='lat' dir='ltr'><strong>rex,</strong></span> <span class='ocrx_word' id='word_1_32' title='bbox 1264 561 1381 616; x_wconf 94' lang='lat' dir='ltr'><strong>sive</strong></span> <span class='ocrx_word' id='word_1_33' title='bbox 1426 561 1675 626; x_wconf 89' lang='lat' dir='ltr'><strong>famulus,</strong></span> <span class='ocrx_word' id='word_1_34' title='bbox 1712 564 1827 616; x_wconf 83' lang='lat' dir='ltr'><strong>sive</strong></span> <span class='ocrx_word' id='word_1_35' title='bbox 1854 562 2006 616; x_wconf 83' lang='lat' dir='ltr'><strong>dives</strong></span> <span class='ocrx_word' id='word_1_36' title='bbox 2030 601 2047 627; x_wconf 93' lang='lat'><strong>,</strong></span> 
     </span>
    </p>
   </div>
   <div class='ocr_carea' id='block_1_6' title="bbox 470 654 2048 727">
    <p class='ocr_par' dir='ltr' id='par_1_6' title="bbox 470 654 2048 727">
     <span class='ocr_line' id='line_1_6' title="bbox 470 654 2048 727; baseline -0.004 -14"><span class='ocrx_word' id='word_1_37' title='bbox 470 658 585 713; x_wconf 83' lang='lat' dir='ltr'><strong>sive</strong></span> <span class='ocrx_word' id='word_1_38' title='bbox 611 670 834 727; x_wconf 85' lang='lat' dir='ltr'><strong>egenus,</strong></span> <span class='ocrx_word' id='word_1_39' title='bbox 863 656 980 709; x_wconf 85' lang='lat' dir='ltr'><strong>sive</strong></span> <span class='ocrx_word' id='word_1_40' title='bbox 1012 670 1261 723; x_wconf 89' lang='lat' dir='ltr'><strong>magnus,</strong></span> <span class='ocrx_word' id='word_1_41' title='bbox 1290 654 1403 708; x_wconf 82' lang='lat' dir='ltr'><strong>sive</strong></span> <span class='ocrx_word' id='word_1_42' title='bbox 1437 654 1663 723; x_wconf 89' lang='lat' dir='ltr'><strong>pusillus</strong></span> <span class='ocrx_word' id='word_1_43' title='bbox 1694 695 1708 719; x_wconf 95' lang='lat'><strong>,</strong></span> <span class='ocrx_word' id='word_1_44' title='bbox 1740 655 1858 709; x_wconf 90' lang='lat' dir='ltr'><strong>sive</strong></span> <span class='ocrx_word' id='word_1_45' title='bbox 1892 654 2048 719; x_wconf 90' lang='lat' dir='ltr'><strong>liber,</strong></span> 
     </span>
    </p>
   </div>
   <div class='ocr_carea' id='block_1_7' title="bbox 472 746 2049 815">
    <p class='ocr_par' dir='ltr' id='par_1_7' title="bbox 472 746 2049 815">
     <span class='ocr_line' id='line_1_7' title="bbox 472 746 2049 815; baseline -0.004 -10"><span class='ocrx_word' id='word_1_46' title='bbox 472 751 588 805; x_wconf 86' lang='lat' dir='ltr'><strong>sive</strong></span> <span class='ocrx_word' id='word_1_47' title='bbox 614 763 829 813; x_wconf 82' lang='lat' dir='ltr'><strong>servus,</strong></span> <span class='ocrx_word' id='word_1_48' title='bbox 884 748 1060 801; x_wconf 88' lang='lat' dir='ltr'><strong>nudus</strong></span> <span class='ocrx_word' id='word_1_49' title='bbox 1111 747 1210 801; x_wconf 95' lang='lat' dir='ltr'><strong>ibit</strong></span> <span class='ocrx_word' id='word_1_50' title='bbox 1255 747 1307 801; x_wconf 90' lang='lat' dir='ltr'><strong>in</strong></span> <span class='ocrx_word' id='word_1_51' title='bbox 1346 756 1572 809; x_wconf 86' lang='lat' dir='ltr'><strong>terram,</strong></span> <span class='ocrx_word' id='word_1_52' title='bbox 1607 762 1706 801; x_wconf 88' lang='lat' dir='ltr'><strong>nec</strong></span> <span class='ocrx_word' id='word_1_53' title='bbox 1757 746 2049 815; x_wconf 86' lang='lat' dir='ltr'><strong>quidquam</strong></span> 
     </span>
    </p>
   </div>
   <div class='ocr_carea' id='block_1_8' title="bbox 470 838 2049 908">
    <p class='ocr_par' dir='ltr' id='par_1_8' title="bbox 470 838 2049 908">
     <span class='ocr_line' id='line_1_8' title="bbox 470 838 2049 908; baseline -0.004 -9"><span class='ocrx_word' id='word_1_54' title='bbox 470 843 615 899; x_wconf 85' lang='lat' dir='ltr'><strong>valet</strong></span> <span class='ocrx_word' id='word_1_55' title='bbox 646 840 864 895; x_wconf 90' lang='lat' dir='ltr'><strong>auferre</strong></span> <span class='ocrx_word' id='word_1_56' title='bbox 893 854 1099 893; x_wconf 86' lang='lat' dir='ltr'><strong>secum.</strong></span> <span class='ocrx_word' id='word_1_57' title='bbox 1130 839 1261 892; x_wconf 81' lang='lat' dir='ltr'><strong>Nam</strong></span> <span class='ocrx_word' id='word_1_58' title='bbox 1293 848 1346 893; x_wconf 93' lang='lat' dir='ltr'><strong>et</strong></span> <span class='ocrx_word' id='word_1_59' title='bbox 1374 840 1476 893; x_wconf 92' lang='lat' dir='ltr'><strong>hoc</strong></span> <span class='ocrx_word' id='word_1_60' title='bbox 1522 839 1697 907; x_wconf 87' lang='lat' dir='ltr'><strong>ipsum</strong></span> <span class='ocrx_word' id='word_1_61' title='bbox 1728 838 1873 908; x_wconf 89' lang='lat' dir='ltr'><strong>quod</strong></span> <span class='ocrx_word' id='word_1_62' title='bbox 1921 852 2049 894; x_wconf 91' lang='lat' dir='ltr'><strong>cum</strong></span> 
     </span>
    </p>
   </div>
   <div class='ocr_carea' id='block_1_9' title="bbox 474 930 2055 1003">
    <p class='ocr_par' dir='ltr' id='par_1_9' title="bbox 474 930 2055 1003">
     <span class='ocr_line' id='line_1_9' title="bbox 474 930 2055 1003; baseline -0.001 -14"><span class='ocrx_word' id='word_1_63' title='bbox 474 948 700 1003; x_wconf 88' lang='lat' dir='ltr'><strong>corpore</strong></span> <span class='ocrx_word' id='word_1_64' title='bbox 729 931 983 996; x_wconf 84' lang='lat' dir='ltr'><strong>mittitur,</strong></span> <span class='ocrx_word' id='word_1_65' title='bbox 1016 947 1121 987; x_wconf 93' lang='lat' dir='ltr'><strong>non</strong></span> <span class='ocrx_word' id='word_1_66' title='bbox 1156 931 1364 987; x_wconf 81' lang='lat' dir='ltr'><strong>auferet</strong></span> <span class='ocrx_word' id='word_1_67' title='bbox 1398 946 1608 986; x_wconf 88' lang='lat' dir='ltr'><strong>secum.</strong></span> <span class='ocrx_word' id='word_1_68' title='bbox 1636 930 1749 985; x_wconf 86' lang='lat' dir='ltr'><strong>Non</strong></span> <span class='ocrx_word' id='word_1_69' title='bbox 1764 940 1943 984; x_wconf 90' lang='lat' dir='ltr'><strong>autem</strong></span> <span class='ocrx_word' id='word_1_70' title='bbox 1975 946 2055 987; x_wconf 83' lang='lat' dir='ltr'><strong>se-</strong></span> 
     </span>
    </p>
   </div>
   <div class='ocr_carea' id='block_1_10' title="bbox 474 1022 2055 1093">
    <p class='ocr_par' dir='ltr' id='par_1_10' title="bbox 474 1022 2055 1093">
     <span class='ocr_line' id='line_1_10' title="bbox 474 1022 2055 1093; baseline -0.003 -13"><span class='ocrx_word' id='word_1_71' title='bbox 474 1041 595 1080; x_wconf 89' lang='lat' dir='ltr'><strong>cum</strong></span> <span class='ocrx_word' id='word_1_72' title='bbox 629 1024 758 1079; x_wconf 88' lang='lat' dir='ltr'><strong>illud</strong></span> <span class='ocrx_word' id='word_1_73' title='bbox 794 1023 967 1087; x_wconf 89' lang='lat' dir='ltr'><strong>tollet,</strong></span> <span class='ocrx_word' id='word_1_74' title='bbox 1019 1023 1147 1092; x_wconf 85' lang='lat' dir='ltr'><strong>quia</strong></span> <span class='ocrx_word' id='word_1_75' title='bbox 1183 1038 1287 1077; x_wconf 88' lang='lat' dir='ltr'><strong>non</strong></span> <span class='ocrx_word' id='word_1_76' title='bbox 1330 1024 1522 1090; x_wconf 90' lang='lat' dir='ltr'><strong>sentit,</strong></span> <span class='ocrx_word' id='word_1_77' title='bbox 1552 1025 1679 1093; x_wconf 82' lang='lat' dir='ltr'><strong>quia</strong></span> <span class='ocrx_word' id='word_1_78' title='bbox 1714 1038 1818 1077; x_wconf 90' lang='lat' dir='ltr'><strong>non</strong></span> <span class='ocrx_word' id='word_1_79' title='bbox 1851 1022 2055 1077; x_wconf 91' lang='lat' dir='ltr'><strong>intelli-</strong></span> 
     </span>
    </p>
   </div>
   <div class='ocr_carea' id='block_1_11' title="bbox 474 1113 2052 1188">
    <p class='ocr_par' dir='ltr' id='par_1_11' title="bbox 474 1113 2052 1188">
     <span class='ocr_line' id='line_1_11' title="bbox 474 1113 2052 1188; baseline -0.003 -17"><span class='ocrx_word' id='word_1_80' title='bbox 474 1118 570 1188; x_wconf 92' lang='lat' dir='ltr'><strong>git,</strong></span> <span class='ocrx_word' id='word_1_81' title='bbox 594 1117 721 1186; x_wconf 87' lang='lat' dir='ltr'><strong>quia</strong></span> <span class='ocrx_word' id='word_1_82' title='bbox 755 1124 900 1169; x_wconf 90' lang='lat' dir='ltr'><strong>terra</strong></span> <span class='ocrx_word' id='word_1_83' title='bbox 935 1113 1187 1179; x_wconf 77' lang='lat' dir='ltr'><strong>efficitur,</strong></span> <span class='ocrx_word' id='word_1_84' title='bbox 1229 1115 1356 1184; x_wconf 83' lang='lat' dir='ltr'><strong>quia</strong></span> <span class='ocrx_word' id='word_1_85' title='bbox 1401 1116 1453 1168; x_wconf 89' lang='lat' dir='ltr'><strong>in</strong></span> <span class='ocrx_word' id='word_1_86' title='bbox 1505 1116 1914 1169; x_wconf 83' lang='lat' dir='ltr'><strong>resurrectione</strong></span> <span class='ocrx_word' id='word_1_87' title='bbox 1947 1130 2052 1169; x_wconf 93' lang='lat' dir='ltr'><strong>non</strong></span> 
     </span>
    </p>
   </div>
   <div class='ocr_carea' id='block_1_12' title="bbox 474 1206 2055 1279">
    <p class='ocr_par' dir='ltr' id='par_1_12' title="bbox 474 1206 2055 1279">
     <span class='ocr_line' id='line_1_12' title="bbox 474 1206 2055 1279; baseline -0.002 -14"><span class='ocrx_word' id='word_1_88' title='bbox 474 1208 719 1279; x_wconf 84' lang='lat' dir='ltr'><strong>corporis</strong></span> <span class='ocrx_word' id='word_1_89' title='bbox 743 1208 1045 1278; x_wconf 79' lang='lat' dir='ltr'><strong>sepultura,</strong></span> <span class='ocrx_word' id='word_1_90' title='bbox 1071 1210 1165 1263; x_wconf 88' lang='lat' dir='ltr'><strong>sed</strong></span> <span class='ocrx_word' id='word_1_91' title='bbox 1191 1209 1385 1262; x_wconf 81' lang='lat' dir='ltr'><strong>aniune</strong></span> <span class='ocrx_word' id='word_1_92' title='bbox 1414 1206 1549 1261; x_wconf 85' lang='lat' dir='ltr'><strong>fides</strong></span> <span class='ocrx_word' id='word_1_93' title='bbox 1580 1216 1636 1261; x_wconf 93' lang='lat' dir='ltr'><strong>et</strong></span> <span class='ocrx_word' id='word_1_94' title='bbox 1669 1208 1861 1276; x_wconf 84' lang='lat' dir='ltr'><strong>pietas,</strong></span> <span class='ocrx_word' id='word_1_95' title='bbox 1892 1208 2055 1262; x_wconf 88' lang='lat' dir='ltr'><strong>mise-</strong></span> 
     </span>
    </p>
   </div>
   <div class='ocr_carea' id='block_1_13' title="bbox 476 1297 2054 1369">
    <p class='ocr_par' dir='ltr' id='par_1_13' title="bbox 476 1297 2054 1369">
     <span class='ocr_line' id='line_1_13' title="bbox 476 1297 2054 1369; baseline -0.001 -14"><span class='ocrx_word' id='word_1_96' title='bbox 476 1301 707 1356; x_wconf 88' lang='lat' dir='ltr'><strong>ricordia</strong></span> <span class='ocrx_word' id='word_1_97' title='bbox 767 1315 984 1369; x_wconf 88' lang='lat' dir='ltr'><strong>quoque</strong></span> <span class='ocrx_word' id='word_1_98' title='bbox 1038 1309 1093 1354; x_wconf 87' lang='lat' dir='ltr'><strong>et</strong></span> <span class='ocrx_word' id='word_1_99' title='bbox 1145 1300 1432 1354; x_wconf 83' lang='lat' dir='ltr'><strong>sinceritas</strong></span> <span class='ocrx_word' id='word_1_100' title='bbox 1482 1300 1801 1367; x_wconf 84' lang='lat' dir='ltr'><strong>requiritur.</strong></span> <span class='ocrx_word' id='word_1_101' title='bbox 1861 1297 2054 1353; x_wconf 86' lang='lat' dir='ltr'><strong>Nudus</strong></span> 
     </span>
    </p>
   </div>
   <div class='ocr_carea' id='block_1_14' title="bbox 474 1392 2053 1454">
    <p class='ocr_par' dir='ltr' id='par_1_14' title="bbox 474 1392 2053 1454">
     <span class='ocr_line' id='line_1_14' title="bbox 474 1392 2053 1454; baseline -0.003 -7"><span class='ocrx_word' id='word_1_102' title='bbox 474 1393 607 1447; x_wconf 72' lang='lat' dir='ltr'><strong>exivi</strong></span> <span class='ocrx_word' id='word_1_103' title='bbox 632 1395 697 1446; x_wconf 89' lang='lat' dir='ltr'><strong>de</strong></span> <span class='ocrx_word' id='word_1_104' title='bbox 723 1402 872 1446; x_wconf 82' lang='lat' dir='ltr'><strong>utero</strong></span> <span class='ocrx_word' id='word_1_105' title='bbox 903 1393 1093 1446; x_wconf 77' lang='lat' dir='ltr'><strong>matris</strong></span> <span class='ocrx_word' id='word_1_106' title='bbox 1127 1407 1276 1454; x_wconf 71' lang='lat' dir='ltr'><strong>metu,</strong></span> <span class='ocrx_word' id='word_1_107' title='bbox 1317 1392 1490 1445; x_wconf 83' lang='lat' dir='ltr'><strong>nudus</strong></span> <span class='ocrx_word' id='word_1_108' title='bbox 1521 1400 1572 1444; x_wconf 88' lang='lat' dir='ltr'><strong>et</strong></span> <span class='ocrx_word' id='word_1_109' title='bbox 1603 1392 1686 1443; x_wconf 87' lang='lat' dir='ltr'><strong>ibo</strong></span> <span class='ocrx_word' id='word_1_110' title='bbox 1711 1392 1805 1443; x_wconf 88' lang='lat' dir='ltr'><strong>sub</strong></span> <span class='ocrx_word' id='word_1_111' title='bbox 1839 1400 2053 1444; x_wconf 86' lang='lat' dir='ltr'><strong>terram.</strong></span> 
     </span>
    </p>
   </div>
   <div class='ocr_carea' id='block_1_15' title="bbox 476 1484 2059 1555">
    <p class='ocr_par' dir='ltr' id='par_1_15' title="bbox 476 1484 2059 1555">
     <span class='ocr_line' id='line_1_15' title="bbox 476 1484 2059 1555; baseline -0.001 -15"><span class='ocrx_word' id='word_1_112' title='bbox 476 1485 756 1555; x_wconf 80' lang='lat' dir='ltr'><strong>Tanquam</strong></span> <span class='ocrx_word' id='word_1_113' title='bbox 816 1487 860 1540; x_wconf 88' lang='lat' dir='ltr'><strong>si</strong></span> <span class='ocrx_word' id='word_1_114' title='bbox 924 1485 1131 1540; x_wconf 89' lang='lat' dir='ltr'><strong>diceret</strong></span> <span class='ocrx_word' id='word_1_115' title='bbox 1162 1499 1177 1538; x_wconf 93' lang='lat'><strong>:</strong></span> <span class='ocrx_word' id='word_1_116' title='bbox 1214 1486 1256 1537; x_wconf 93' lang='grc' dir='ltr'><strong>Ο</strong></span> <span class='ocrx_word' id='word_1_117' title='bbox 1285 1484 1387 1538; x_wconf 90' lang='lat' dir='ltr'><strong>viri</strong></span> <span class='ocrx_word' id='word_1_118' title='bbox 1417 1484 1720 1553; x_wconf 60' lang='lat' dir='ltr'><strong>prudentiae</strong></span> <span class='ocrx_word' id='word_1_119' title='bbox 1753 1495 1916 1551; x_wconf 88' lang='lat' dir='ltr'><strong>atque</strong></span> <span class='ocrx_word' id='word_1_120' title='bbox 1970 1498 2059 1538; x_wconf 85' lang='lat' dir='ltr'><strong>sa-</strong></span> 
     </span>
    </p>
   </div>
   <div class='ocr_carea' id='block_1_16' title="bbox 477 1573 2058 1646">
    <p class='ocr_par' dir='ltr' id='par_1_16' title="bbox 477 1573 2058 1646">
     <span class='ocr_line' id='line_1_16' title="bbox 477 1573 2058 1646; baseline -0.001 -17"><span class='ocrx_word' id='word_1_121' title='bbox 477 1576 716 1645; x_wconf 77' lang='lat' dir='ltr'><strong>pientize,</strong></span> <span class='ocrx_word' id='word_1_122' title='bbox 741 1576 889 1646; x_wconf 90' lang='lat' dir='ltr'><strong>quod</strong></span> <span class='ocrx_word' id='word_1_123' title='bbox 919 1586 1004 1630; x_wconf 88' lang='lat' dir='ltr'><strong>est</strong></span> <span class='ocrx_word' id='word_1_124' title='bbox 1038 1575 1272 1629; x_wconf 88' lang='lat' dir='ltr'><strong>mortale</strong></span> <span class='ocrx_word' id='word_1_125' title='bbox 1323 1574 1425 1628; x_wconf 82' lang='lat' dir='ltr'><strong>hoc</strong></span> <span class='ocrx_word' id='word_1_126' title='bbox 1476 1573 1880 1636; x_wconf 87' lang='lat' dir='ltr'><strong>indumentum,</strong></span> <span class='ocrx_word' id='word_1_127' title='bbox 1937 1590 2058 1643; x_wconf 78' lang='lat' dir='ltr'><strong>qua:</strong></span> 
     </span>
    </p>
   </div>
   <div class='ocr_carea' id='block_1_17' title="bbox 475 1664 2058 1736">
    <p class='ocr_par' dir='ltr' id='par_1_17' title="bbox 475 1664 2058 1736">
     <span class='ocr_line' id='line_1_17' title="bbox 475 1664 2058 1736; baseline -0.001 -16"><span class='ocrx_word' id='word_1_128' title='bbox 475 1676 558 1720; x_wconf 90' lang='lat' dir='ltr'><strong>est</strong></span> <span class='ocrx_word' id='word_1_129' title='bbox 613 1666 728 1719; x_wconf 64' lang='lat' dir='ltr'><strong>haec</strong></span> <span class='ocrx_word' id='word_1_130' title='bbox 778 1679 1113 1736; x_wconf 86' lang='lat' dir='ltr'><strong>supervacua</strong></span> <span class='ocrx_word' id='word_1_131' title='bbox 1154 1664 1351 1735; x_wconf 79' lang='lat' dir='ltr'><strong>gloria,</strong></span> <span class='ocrx_word' id='word_1_132' title='bbox 1408 1677 1530 1733; x_wconf 75' lang='lat' dir='ltr'><strong>quae</strong></span> <span class='ocrx_word' id='word_1_133' title='bbox 1561 1673 1690 1717; x_wconf 86' lang='lat' dir='ltr'><strong>sunt</strong></span> <span class='ocrx_word' id='word_1_134' title='bbox 1721 1672 1950 1718; x_wconf 73' lang='lat' dir='ltr'><strong>terrenae</strong></span> <span class='ocrx_word' id='word_1_135' title='bbox 1978 1664 2058 1718; x_wconf 84' lang='lat' dir='ltr'><strong>hae</strong></span> 
     </span>
    </p>
   </div>
   <div class='ocr_carea' id='block_1_18' title="bbox 476 1753 2053 1825">
    <p class='ocr_par' dir='ltr' id='par_1_18' title="bbox 476 1753 2053 1825">
     <span class='ocr_line' id='line_1_18' title="bbox 476 1753 2053 1825; baseline -0.001 -17"><span class='ocrx_word' id='word_1_136' title='bbox 476 1766 638 1825; x_wconf 89' lang='lat' dir='ltr'><strong>atque</strong></span> <span class='ocrx_word' id='word_1_137' title='bbox 665 1755 848 1810; x_wconf 69' lang='lat' dir='ltr'><strong>infida:</strong></span> <span class='ocrx_word' id='word_1_138' title='bbox 870 1755 1091 1821; x_wconf 60' lang='lat' dir='ltr'><strong>divitia,</strong></span> <span class='ocrx_word' id='word_1_139' title='bbox 1118 1770 1239 1823; x_wconf 63' lang='lat' dir='ltr'><strong>quae</strong></span> <span class='ocrx_word' id='word_1_140' title='bbox 1259 1764 1386 1809; x_wconf 90' lang='lat' dir='ltr'><strong>sunt</strong></span> <span class='ocrx_word' id='word_1_141' title='bbox 1409 1754 1569 1808; x_wconf 89' lang='lat' dir='ltr'><strong>hodie</strong></span> <span class='ocrx_word' id='word_1_142' title='bbox 1589 1762 1643 1807; x_wconf 89' lang='lat' dir='ltr'><strong>et</strong></span> <span class='ocrx_word' id='word_1_143' title='bbox 1672 1753 1914 1808; x_wconf 89' lang='lat' dir='ltr'><strong>crastina</strong></span> <span class='ocrx_word' id='word_1_144' title='bbox 1949 1770 2053 1808; x_wconf 91' lang='lat' dir='ltr'><strong>non</strong></span> 
     </span>
    </p>
   </div>
   <div class='ocr_carea' id='block_1_19' title="bbox 2154 542 3733 615">
    <p class='ocr_par' dir='ltr' id='par_1_19' title="bbox 2154 542 3733 615">
     <span class='ocr_line' id='line_1_19' title="bbox 2154 542 3733 615; baseline -0.008 -7"><span class='ocrx_word' id='word_1_145' title='bbox 2154 554 2510 610; x_wconf 81' lang='lat' dir='ltr'><strong>benedictum.</strong></span> <span class='ocrx_word' id='word_1_146' title='bbox 2543 547 2943 604; x_wconf 80' lang='lat' dir='ltr'><strong>Lainentabiles</strong></span> <span class='ocrx_word' id='word_1_147' title='bbox 2970 588 2985 613; x_wconf 94' lang='lat'><strong>,</strong></span> <span class='ocrx_word' id='word_1_148' title='bbox 3052 546 3252 615; x_wconf 88' lang='lat' dir='ltr'><strong>inquit,</strong></span> <span class='ocrx_word' id='word_1_149' title='bbox 3295 546 3362 599; x_wconf 92' lang='lat' dir='ltr'><strong>ad</strong></span> <span class='ocrx_word' id='word_1_150' title='bbox 3417 557 3503 598; x_wconf 91' lang='lat' dir='ltr'><strong>me</strong></span> <span class='ocrx_word' id='word_1_151' title='bbox 3536 542 3733 596; x_wconf 86' lang='lat' dir='ltr'><strong>misisti</strong></span> 
     </span>
    </p>
   </div>
   <div class='ocr_carea' id='block_1_20' title="bbox 2156 633 3737 708">
    <p class='ocr_par' dir='ltr' id='par_1_20' title="bbox 2156 633 3737 708">
     <span class='ocr_line' id='line_1_20' title="bbox 2156 633 3737 708; baseline -0.008 -8"><span class='ocrx_word' id='word_1_152' title='bbox 2156 648 2400 708; x_wconf 87' lang='lat' dir='ltr'><strong>nuntios,</strong></span> <span class='ocrx_word' id='word_1_153' title='bbox 2428 659 2461 696; x_wconf 91' lang='grc' dir='ltr'><strong>ο</strong></span> <span class='ocrx_word' id='word_1_154' title='bbox 2493 639 2730 706; x_wconf 89' lang='lat' dir='ltr'><strong>diahole,</strong></span> <span class='ocrx_word' id='word_1_155' title='bbox 2764 649 2821 694; x_wconf 91' lang='lat' dir='ltr'><strong>et</strong></span> <span class='ocrx_word' id='word_1_156' title='bbox 2852 638 3045 693; x_wconf 86' lang='lat' dir='ltr'><strong>noxios</strong></span> <span class='ocrx_word' id='word_1_157' title='bbox 3075 647 3241 706; x_wconf 90' lang='lat' dir='ltr'><strong>atque</strong></span> <span class='ocrx_word' id='word_1_158' title='bbox 3270 633 3737 690; x_wconf 85' lang='lat' dir='ltr'><strong>immisericordcs</strong></span> 
     </span>
    </p>
   </div>
   <div class='ocr_carea' id='block_1_21' title="bbox 2156 725 3737 805">
    <p class='ocr_par' dir='ltr' id='par_1_21' title="bbox 2156 725 3737 805">
     <span class='ocr_line' id='line_1_21' title="bbox 2156 725 3737 805; baseline -0.008 -13"><span class='ocrx_word' id='word_1_159' title='bbox 2156 748 2259 792; x_wconf 69' lang='lat' dir='ltr'><strong>tum</strong></span> <span class='ocrx_word' id='word_1_160' title='bbox 2290 735 2554 804; x_wconf 74' lang='lat' dir='ltr'><strong>nequitiae</strong></span> <span class='ocrx_word' id='word_1_161' title='bbox 2593 734 2821 805; x_wconf 77' lang='lat' dir='ltr'><strong>legatos,</strong></span> <span class='ocrx_word' id='word_1_162' title='bbox 2853 746 2947 799; x_wconf 90' lang='lat' dir='ltr'><strong>per</strong></span> <span class='ocrx_word' id='word_1_163' title='bbox 2978 744 3116 801; x_wconf 90' lang='lat' dir='ltr'><strong>quos</strong></span> <span class='ocrx_word' id='word_1_164' title='bbox 3149 744 3235 783; x_wconf 88' lang='lat' dir='ltr'><strong>me</strong></span> <span class='ocrx_word' id='word_1_165' title='bbox 3285 725 3600 782; x_wconf 87' lang='lat' dir='ltr'><strong>crudelibus</strong></span> <span class='ocrx_word' id='word_1_166' title='bbox 3632 736 3737 779; x_wconf 72' lang='lat' dir='ltr'><strong>tua:</strong></span> 
     </span>
    </p>
   </div>
   <div class='ocr_carea' id='block_1_22' title="bbox 2156 820 3738 900">
    <p class='ocr_par' dir='ltr' id='par_1_22' title="bbox 2156 820 3738 900">
     <span class='ocr_line' id='line_1_22' title="bbox 2156 820 3738 900; baseline -0.009 -15"><span class='ocrx_word' id='word_1_167' title='bbox 2156 829 2458 900; x_wconf 78' lang='lat' dir='ltr'><strong>iniquitatis</strong></span> <span class='ocrx_word' id='word_1_168' title='bbox 2485 826 2749 897; x_wconf 84' lang='lat' dir='ltr'><strong>sagittasti</strong></span> <span class='ocrx_word' id='word_1_169' title='bbox 2771 824 3005 895; x_wconf 78' lang='lat' dir='ltr'><strong>sagittis,</strong></span> <span class='ocrx_word' id='word_1_170' title='bbox 3026 837 3162 891; x_wconf 91' lang='lat' dir='ltr'><strong>quas</strong></span> <span class='ocrx_word' id='word_1_171' title='bbox 3179 834 3299 891; x_wconf 84' lang='lat' dir='ltr'><strong>ego,</strong></span> <span class='ocrx_word' id='word_1_172' title='bbox 3330 820 3528 888; x_wconf 89' lang='lat' dir='ltr'><strong>inquit,</strong></span> <span class='ocrx_word' id='word_1_173' title='bbox 3546 832 3738 872; x_wconf 90' lang='lat' dir='ltr'><strong>omnes</strong></span> 
     </span>
    </p>
   </div>
   <div class='ocr_carea' id='block_1_23' title="bbox 2156 910 3735 981">
    <p class='ocr_par' dir='ltr' id='par_1_23' title="bbox 2156 910 3735 981">
     <span class='ocr_line' id='line_1_23' title="bbox 2156 910 3735 981; baseline -0.008 -6"><span class='ocrx_word' id='word_1_174' title='bbox 2156 919 2457 975; x_wconf 88' lang='lat' dir='ltr'><strong>identidem</strong></span> <span class='ocrx_word' id='word_1_175' title='bbox 2497 921 2549 973; x_wconf 92' lang='lat' dir='ltr'><strong>in</strong></span> <span class='ocrx_word' id='word_1_176' title='bbox 2588 930 2638 974; x_wconf 92' lang='lat' dir='ltr'><strong>te</strong></span> <span class='ocrx_word' id='word_1_177' title='bbox 2672 928 3007 981; x_wconf 87' lang='lat' dir='ltr'><strong>convertam,</strong></span> <span class='ocrx_word' id='word_1_178' title='bbox 3044 914 3352 969; x_wconf 86' lang='lat' dir='ltr'><strong>crudeliora</strong></span> <span class='ocrx_word' id='word_1_179' title='bbox 3377 912 3617 968; x_wconf 77' lang='lat' dir='ltr'><strong>efﬁciens</strong></span> <span class='ocrx_word' id='word_1_180' title='bbox 3642 910 3735 964; x_wconf 89' lang='lat' dir='ltr'><strong>tibi</strong></span> 
     </span>
    </p>
   </div>
   <div class='ocr_carea' id='block_1_24' title="bbox 2156 1005 3737 1082">
    <p class='ocr_par' dir='ltr' id='par_1_24' title="bbox 2156 1005 3737 1082">
     <span class='ocr_line' id='line_1_24' title="bbox 2156 1005 3737 1082; baseline -0.006 -14"><span class='ocrx_word' id='word_1_181' title='bbox 2156 1014 2208 1068; x_wconf 90' lang='lat' dir='ltr'><strong>in</strong></span> <span class='ocrx_word' id='word_1_182' title='bbox 2226 1012 2421 1082; x_wconf 88' lang='lat' dir='ltr'><strong>spiritu</strong></span> <span class='ocrx_word' id='word_1_183' title='bbox 2452 1013 2700 1067; x_wconf 89' lang='lat' dir='ltr'><strong>vulnera.</strong></span> <span class='ocrx_word' id='word_1_184' title='bbox 2722 1011 3002 1072; x_wconf 79' lang='lat' dir='ltr'><strong>Dominus,</strong></span> <span class='ocrx_word' id='word_1_185' title='bbox 3028 1009 3272 1077; x_wconf 89' lang='lat' dir='ltr'><strong>inquam,</strong></span> <span class='ocrx_word' id='word_1_186' title='bbox 3290 1008 3456 1075; x_wconf 81' lang='lat' dir='ltr'><strong>dedit,</strong></span> <span class='ocrx_word' id='word_1_187' title='bbox 3480 1005 3737 1060; x_wconf 87' lang='lat' dir='ltr'><strong>Dominus</strong></span> 
     </span>
    </p>
   </div>
   <div class='ocr_carea' id='block_1_25' title="bbox 2156 1097 3740 1171">
    <p class='ocr_par' dir='ltr' id='par_1_25' title="bbox 2156 1097 3740 1171">
     <span class='ocr_line' id='line_1_25' title="bbox 2156 1097 3740 1171; baseline -0.004 -12"><span class='ocrx_word' id='word_1_188' title='bbox 2156 1106 2393 1171; x_wconf 73' lang='lat' dir='ltr'><strong>abstulit,</strong></span> <span class='ocrx_word' id='word_1_189' title='bbox 2424 1108 2558 1160; x_wconf 89' lang='lat' dir='ltr'><strong>sicut</strong></span> <span class='ocrx_word' id='word_1_190' title='bbox 2593 1104 2818 1159; x_wconf 90' lang='lat' dir='ltr'><strong>Domino</strong></span> <span class='ocrx_word' id='word_1_191' title='bbox 2872 1102 3073 1165; x_wconf 83' lang='lat' dir='ltr'><strong>placuit</strong></span> <span class='ocrx_word' id='word_1_192' title='bbox 3122 1103 3197 1154; x_wconf 90' lang='lat' dir='ltr'><strong>ita</strong></span> <span class='ocrx_word' id='word_1_193' title='bbox 3235 1100 3437 1169; x_wconf 75' lang='lat' dir='ltr'><strong>factum</strong></span> <span class='ocrx_word' id='word_1_194' title='bbox 3491 1107 3589 1153; x_wconf 88' lang='lat' dir='ltr'><strong>est.</strong></span> <span class='ocrx_word' id='word_1_195' title='bbox 3624 1097 3740 1153; x_wconf 83' lang='lat' dir='ltr'><strong>Hoc</strong></span> 
     </span>
    </p>
   </div>
   <div class='ocr_carea' id='block_1_26' title="bbox 2159 1191 3738 1260">
    <p class='ocr_par' dir='ltr' id='par_1_26' title="bbox 2159 1191 3738 1260">
     <span class='ocr_line' id='line_1_26' title="bbox 2159 1191 3738 1260; baseline -0.005 -7"><span class='ocrx_word' id='word_1_196' title='bbox 2159 1199 2260 1253; x_wconf 90' lang='lat' dir='ltr'><strong>fuit</strong></span> <span class='ocrx_word' id='word_1_197' title='bbox 2296 1198 2517 1253; x_wconf 90' lang='lat' dir='ltr'><strong>diabolo</strong></span> <span class='ocrx_word' id='word_1_198' title='bbox 2550 1197 2764 1260; x_wconf 83' lang='lat' dir='ltr'><strong>vulnus,</strong></span> <span class='ocrx_word' id='word_1_199' title='bbox 2798 1196 2900 1250; x_wconf 90' lang='lat' dir='ltr'><strong>hoc</strong></span> <span class='ocrx_word' id='word_1_200' title='bbox 2932 1195 3033 1248; x_wconf 90' lang='lat' dir='ltr'><strong>fuit</strong></span> <span class='ocrx_word' id='word_1_201' title='bbox 3074 1193 3288 1248; x_wconf 87' lang='lat' dir='ltr'><strong>diabolo</strong></span> <span class='ocrx_word' id='word_1_202' title='bbox 3314 1191 3535 1246; x_wconf 90' lang='lat' dir='ltr'><strong>aictio</strong></span> <span class='ocrx_word' id='word_1_203' title='bbox 3557 1199 3612 1245; x_wconf 89' lang='lat' dir='ltr'><strong>et</strong></span> <span class='ocrx_word' id='word_1_204' title='bbox 3642 1191 3738 1245; x_wconf 82' lang='lat' dir='ltr'><strong>do-</strong></span> 
     </span>
    </p>
   </div>
   <div class='ocr_carea' id='block_1_27' title="bbox 2156 1284 3739 1356">
    <p class='ocr_par' dir='ltr' id='par_1_27' title="bbox 2156 1284 3739 1356">
     <span class='ocr_line' id='line_1_27' title="bbox 2156 1284 3739 1356; baseline -0.004 -11"><span class='ocrx_word' id='word_1_205' title='bbox 2156 1292 2261 1356; x_wconf 91' lang='lat' dir='ltr'><strong>lor,</strong></span> <span class='ocrx_word' id='word_1_206' title='bbox 2296 1288 2573 1344; x_wconf 90' lang='lat' dir='ltr'><strong>tribulatio</strong></span> <span class='ocrx_word' id='word_1_207' title='bbox 2609 1303 2827 1356; x_wconf 90' lang='lat' dir='ltr'><strong>quoque</strong></span> <span class='ocrx_word' id='word_1_208' title='bbox 2870 1297 3032 1356; x_wconf 89' lang='lat' dir='ltr'><strong>atque</strong></span> <span class='ocrx_word' id='word_1_209' title='bbox 3093 1286 3338 1355; x_wconf 72' lang='lat' dir='ltr'><strong>angustia</strong></span> <span class='ocrx_word' id='word_1_210' title='bbox 3382 1303 3394 1338; x_wconf 93' lang='lat'><strong>:</strong></span> <span class='ocrx_word' id='word_1_211' title='bbox 3456 1284 3579 1353; x_wconf 90' lang='lat' dir='ltr'><strong>quia</strong></span> <span class='ocrx_word' id='word_1_212' title='bbox 3614 1298 3739 1338; x_wconf 91' lang='lat' dir='ltr'><strong>cum</strong></span> 
     </span>
    </p>
   </div>
   <div class='ocr_carea' id='block_1_28' title="bbox 2159 1373 3737 1451">
    <p class='ocr_par' dir='ltr' id='par_1_28' title="bbox 2159 1373 3737 1451">
     <span class='ocr_line' id='line_1_28' title="bbox 2159 1373 3737 1451; baseline -0.003 -19"><span class='ocrx_word' id='word_1_213' title='bbox 2159 1389 2311 1451; x_wconf 89' lang='lat' dir='ltr'><strong>putat</strong></span> <span class='ocrx_word' id='word_1_214' title='bbox 2359 1388 2414 1434; x_wconf 92' lang='lat' dir='ltr'><strong>et</strong></span> <span class='ocrx_word' id='word_1_215' title='bbox 2437 1379 2552 1431; x_wconf 92' lang='lat' dir='ltr'><strong>vult</strong></span> <span class='ocrx_word' id='word_1_216' title='bbox 2582 1378 2976 1447; x_wconf 81' lang='lat' dir='ltr'><strong>blasphemiam</strong></span> <span class='ocrx_word' id='word_1_217' title='bbox 3011 1377 3200 1431; x_wconf 89' lang='lat' dir='ltr'><strong>audire</strong></span> <span class='ocrx_word' id='word_1_218' title='bbox 3230 1392 3256 1428; x_wconf 87' lang='lat' dir='ltr'><strong>a</strong></span> <span class='ocrx_word' id='word_1_219' title='bbox 3291 1373 3416 1439; x_wconf 86' lang='lat' dir='ltr'><strong>Joh,</strong></span> <span class='ocrx_word' id='word_1_220' title='bbox 3461 1388 3515 1429; x_wconf 91' lang='lat' dir='ltr'><strong>et</strong></span> <span class='ocrx_word' id='word_1_221' title='bbox 3548 1389 3737 1443; x_wconf 89' lang='lat' dir='ltr'><strong>repre—</strong></span> 
     </span>
    </p>
   </div>
   <div class='ocr_carea' id='block_1_29' title="bbox 2160 1464 3743 1528">
    <p class='ocr_par' dir='ltr' id='par_1_29' title="bbox 2160 1464 3743 1528">
     <span class='ocr_line' id='line_1_29' title="bbox 2160 1464 3743 1528; baseline -0.006 -2"><span class='ocrx_word' id='word_1_222' title='bbox 2160 1471 2474 1527; x_wconf 89' lang='lat' dir='ltr'><strong>hensionem</strong></span> <span class='ocrx_word' id='word_1_223' title='bbox 2494 1485 2557 1525; x_wconf 91' lang='lat' dir='ltr'><strong>ac</strong></span> <span class='ocrx_word' id='word_1_224' title='bbox 2573 1468 2918 1523; x_wconf 84' lang='lat' dir='ltr'><strong>maledictum</strong></span> <span class='ocrx_word' id='word_1_225' title='bbox 2948 1467 3000 1521; x_wconf 91' lang='lat' dir='ltr'><strong>in</strong></span> <span class='ocrx_word' id='word_1_226' title='bbox 3031 1466 3219 1528; x_wconf 91' lang='lat' dir='ltr'><strong>Deum,</strong></span> <span class='ocrx_word' id='word_1_227' title='bbox 3241 1464 3638 1520; x_wconf 82' lang='lat' dir='ltr'><strong>confessionem</strong></span> <span class='ocrx_word' id='word_1_228' title='bbox 3660 1472 3743 1517; x_wconf 84' lang='lat' dir='ltr'><strong>st-</strong></span> 
     </span>
    </p>
   </div>
   <div class='ocr_carea' id='block_1_30' title="bbox 2158 1556 3741 1634">
    <p class='ocr_par' dir='ltr' id='par_1_30' title="bbox 2158 1556 3741 1634">
     <span class='ocr_line' id='line_1_30' title="bbox 2158 1556 3741 1634; baseline -0.003 -20"><span class='ocrx_word' id='word_1_229' title='bbox 2158 1579 2264 1633; x_wconf 85' lang='lat' dir='ltr'><strong>que</strong></span> <span class='ocrx_word' id='word_1_230' title='bbox 2293 1564 2591 1634; x_wconf 85' lang='lat' dir='ltr'><strong>gratiarum</strong></span> <span class='ocrx_word' id='word_1_231' title='bbox 2624 1561 2891 1615; x_wconf 88' lang='lat' dir='ltr'><strong>actionem</strong></span> <span class='ocrx_word' id='word_1_232' title='bbox 2917 1560 3145 1614; x_wconf 91' lang='lat' dir='ltr'><strong>audivit.</strong></span> <span class='ocrx_word' id='word_1_233' title='bbox 3183 1558 3297 1612; x_wconf 86' lang='lat' dir='ltr'><strong>Hoc</strong></span> <span class='ocrx_word' id='word_1_234' title='bbox 3320 1556 3523 1611; x_wconf 87' lang='lat' dir='ltr'><strong>factum</strong></span> <span class='ocrx_word' id='word_1_235' title='bbox 3551 1566 3634 1611; x_wconf 91' lang='lat' dir='ltr'><strong>est</strong></span> <span class='ocrx_word' id='word_1_236' title='bbox 3664 1556 3741 1610; x_wconf 90' lang='lat' dir='ltr'><strong>illi</strong></span> 
     </span>
    </p>
   </div>
   <div class='ocr_carea' id='block_1_31' title="bbox 2160 1652 3743 1729">
    <p class='ocr_par' dir='ltr' id='par_1_31' title="bbox 2160 1652 3743 1729">
     <span class='ocr_line' id='line_1_31' title="bbox 2160 1652 3743 1729; baseline -0.005 -18"><span class='ocrx_word' id='word_1_237' title='bbox 2160 1658 2301 1729; x_wconf 82' lang='lat' dir='ltr'><strong>ignis</strong></span> <span class='ocrx_word' id='word_1_238' title='bbox 2331 1660 2618 1723; x_wconf 81' lang='lat' dir='ltr'><strong>devorans,</strong></span> <span class='ocrx_word' id='word_1_239' title='bbox 2658 1660 2760 1713; x_wconf 90' lang='lat' dir='ltr'><strong>hoc</strong></span> <span class='ocrx_word' id='word_1_240' title='bbox 2784 1656 2987 1711; x_wconf 88' lang='lat' dir='ltr'><strong>factum</strong></span> <span class='ocrx_word' id='word_1_241' title='bbox 3020 1663 3105 1708; x_wconf 87' lang='lat' dir='ltr'><strong>est</strong></span> <span class='ocrx_word' id='word_1_242' title='bbox 3134 1653 3209 1708; x_wconf 90' lang='lat' dir='ltr'><strong>illi</strong></span> <span class='ocrx_word' id='word_1_243' title='bbox 3259 1652 3570 1707; x_wconf 88' lang='lat' dir='ltr'><strong>incendium</strong></span> <span class='ocrx_word' id='word_1_244' title='bbox 3611 1666 3743 1720; x_wconf 91' lang='lat' dir='ltr'><strong>per-</strong></span> 
     </span>
    </p>
   </div>
   <div class='ocr_carea' id='block_1_32' title="bbox 2161 1742 3744 1818">
    <p class='ocr_par' dir='ltr' id='par_1_32' title="bbox 2161 1742 3744 1818">
     <span class='ocr_line' id='line_1_32' title="bbox 2161 1742 3744 1818; baseline -0.001 -19"><span class='ocrx_word' id='word_1_245' title='bbox 2161 1750 2485 1818; x_wconf 90' lang='lat' dir='ltr'><strong>urens,quia</strong></span> <span class='ocrx_word' id='word_1_246' title='bbox 2511 1748 2613 1802; x_wconf 92' lang='lat' dir='ltr'><strong>hoc</strong></span> <span class='ocrx_word' id='word_1_247' title='bbox 2635 1749 2840 1803; x_wconf 88' lang='lat' dir='ltr'><strong>audivit</strong></span> <span class='ocrx_word' id='word_1_248' title='bbox 2859 1747 3002 1816; x_wconf 85' lang='lat' dir='ltr'><strong>quod</strong></span> <span class='ocrx_word' id='word_1_249' title='bbox 3027 1760 3132 1800; x_wconf 92' lang='lat' dir='ltr'><strong>non</strong></span> <span class='ocrx_word' id='word_1_250' title='bbox 3160 1742 3418 1814; x_wconf 78' lang='lat' dir='ltr'><strong>sperabat</strong></span> <span class='ocrx_word' id='word_1_251' title='bbox 3443 1759 3456 1797; x_wconf 89' lang='lat'><strong>:</strong></span> <span class='ocrx_word' id='word_1_252' title='bbox 3487 1742 3744 1797; x_wconf 71' lang='lat' dir='ltr'><strong>Dominus</strong></span> 
     </span>
    </p>
   </div>
   <div class='ocr_carea' id='block_1_33' title="bbox 476 1816 3745 1917">
    <p class='ocr_par' dir='ltr' id='par_1_33' title="bbox 476 1816 3745 1917">
     <span class='ocr_line' id='line_1_33' title="bbox 476 1816 3745 1917; baseline -0.003 -15"><span class='ocrx_word' id='word_1_253' title='bbox 476 1816 623 1913; x_wconf 79' lang='lat' dir='ltr'><strong>sunt,</strong></span> <span class='ocrx_word' id='word_1_254' title='bbox 655 1862 776 1917; x_wconf 74' lang='lat' dir='ltr'><strong>qua:</strong></span> <span class='ocrx_word' id='word_1_255' title='bbox 820 1847 983 1901; x_wconf 90' lang='lat' dir='ltr'><strong>hodie</strong></span> <span class='ocrx_word' id='word_1_256' title='bbox 1014 1816 1247 1901; x_wconf 80' lang='lat' dir='ltr'><strong>irrident</strong></span> <span class='ocrx_word' id='word_1_257' title='bbox 1276 1846 1439 1900; x_wconf 91' lang='lat' dir='ltr'><strong>istum</strong></span> <span class='ocrx_word' id='word_1_258' title='bbox 1470 1886 1486 1911; x_wconf 97' lang='lat'><strong>,</strong></span> <span class='ocrx_word' id='word_1_259' title='bbox 1544 1844 1785 1900; x_wconf 85' lang='lat' dir='ltr'><strong>crastina</strong></span> <span class='ocrx_word' id='word_1_260' title='bbox 1813 1860 1943 1899; x_wconf 90' lang='lat' dir='ltr'><strong>vero</strong></span> <span class='ocrx_word' id='word_1_261' title='bbox 1969 1845 2056 1898; x_wconf 84' lang='lat' dir='ltr'><strong>die</strong></span> <span class='ocrx_word' id='word_1_262' title='bbox 2090 1816 2129 1870; x_wconf 75' lang='grc' dir='ltr'><strong>Β</strong></span> <span class='ocrx_word' id='word_1_263' title='bbox 2164 1838 2330 1903; x_wconf 88' lang='lat' dir='ltr'><strong>dedit,</strong></span> <span class='ocrx_word' id='word_1_264' title='bbox 2364 1816 2412 1894; x_wconf 84' lang='lat' dir='ltr'><strong>et</strong></span> <span class='ocrx_word' id='word_1_265' title='bbox 2452 1838 2705 1893; x_wconf 79' lang='lat' dir='ltr'><strong>Dominus</strong></span> <span class='ocrx_word' id='word_1_266' title='bbox 2732 1838 2973 1902; x_wconf 77' lang='lat' dir='ltr'><strong>abstulit,</strong></span> <span class='ocrx_word' id='word_1_267' title='bbox 2997 1839 3130 1891; x_wconf 86' lang='lat' dir='ltr'><strong>sicut</strong></span> <span class='ocrx_word' id='word_1_268' title='bbox 3161 1835 3392 1889; x_wconf 87' lang='lat' dir='ltr'><strong>Domino</strong></span> <span class='ocrx_word' id='word_1_269' title='bbox 3438 1834 3636 1902; x_wconf 82' lang='lat' dir='ltr'><strong>placuit</strong></span> <span class='ocrx_word' id='word_1_270' title='bbox 3661 1834 3745 1891; x_wconf 80' lang='lat' dir='ltr'><strong>ita</strong></span> 
     </span>
    </p>
   </div>
   <div class='ocr_carea' id='block_1_34' title="bbox 478 1935 2057 2000">
    <p class='ocr_par' dir='ltr' id='par_1_34' title="bbox 478 1935 2057 2000">
     <span class='ocr_line' id='line_1_34' title="bbox 478 1935 2057 2000; baseline -0.003 -5"><span class='ocrx_word' id='word_1_271' title='bbox 478 1949 610 1996; x_wconf 90' lang='lat' dir='ltr'><strong>euut</strong></span> <span class='ocrx_word' id='word_1_272' title='bbox 641 1940 707 1993; x_wconf 85' lang='lat' dir='ltr'><strong>ad</strong></span> <span class='ocrx_word' id='word_1_273' title='bbox 745 1939 953 1993; x_wconf 81' lang='lat' dir='ltr'><strong>alium?</strong></span> <span class='ocrx_word' id='word_1_274' title='bbox 984 1937 1190 1994; x_wconf 83' lang='lat' dir='ltr'><strong>Fumus</strong></span> <span class='ocrx_word' id='word_1_275' title='bbox 1213 1946 1297 1992; x_wconf 90' lang='lat' dir='ltr'><strong>est</strong></span> <span class='ocrx_word' id='word_1_276' title='bbox 1322 1936 1601 2000; x_wconf 86' lang='lat' dir='ltr'><strong>deficiens,</strong></span> <span class='ocrx_word' id='word_1_277' title='bbox 1637 1935 1735 1991; x_wconf 86' lang='lat' dir='ltr'><strong>llos</strong></span> <span class='ocrx_word' id='word_1_278' title='bbox 1765 1945 1849 1991; x_wconf 84' lang='lat' dir='ltr'><strong>est</strong></span> <span class='ocrx_word' id='word_1_279' title='bbox 1881 1945 2057 1991; x_wconf 88' lang='lat' dir='ltr'><strong>trans-</strong></span> 
     </span>
    </p>
   </div>
   <div class='ocr_carea' id='block_1_35' title="bbox 479 2029 2057 2099">
    <p class='ocr_par' dir='ltr' id='par_1_35' title="bbox 479 2029 2057 2099">
     <span class='ocr_line' id='line_1_35' title="bbox 479 2029 2057 2099; baseline -0.003 -11"><span class='ocrx_word' id='word_1_280' title='bbox 479 2034 630 2097; x_wconf 87' lang='lat' dir='ltr'><strong>iens,</strong></span> <span class='ocrx_word' id='word_1_281' title='bbox 676 2034 842 2089; x_wconf 89' lang='lat' dir='ltr'><strong>herba</strong></span> <span class='ocrx_word' id='word_1_282' title='bbox 866 2041 1266 2088; x_wconf 80' lang='lat' dir='ltr'><strong>estarescens:</strong></span> <span class='ocrx_word' id='word_1_283' title='bbox 1304 2039 1359 2084; x_wconf 90' lang='lat' dir='ltr'><strong>et</strong></span> <span class='ocrx_word' id='word_1_284' title='bbox 1382 2029 1475 2099; x_wconf 92' lang='lat' dir='ltr'><strong>qui</strong></span> <span class='ocrx_word' id='word_1_285' title='bbox 1510 2029 1715 2084; x_wconf 85' lang='lat' dir='ltr'><strong>habent</strong></span> <span class='ocrx_word' id='word_1_286' title='bbox 1764 2030 1902 2093; x_wconf 84' lang='lat' dir='ltr'><strong>illas,</strong></span> <span class='ocrx_word' id='word_1_287' title='bbox 1936 2040 2057 2083; x_wconf 85' lang='lat' dir='ltr'><strong>tan-</strong></span> 
     </span>
    </p>
   </div>
   <div class='ocr_carea' id='block_1_36' title="bbox 478 2118 2055 2193">
    <p class='ocr_par' dir='ltr' id='par_1_36' title="bbox 478 2118 2055 2193">
     <span class='ocr_line' id='line_1_36' title="bbox 478 2118 2055 2193; baseline -0.002 -15"><span class='ocrx_word' id='word_1_288' title='bbox 478 2139 639 2193; x_wconf 88' lang='lat' dir='ltr'><strong>quam</strong></span> <span class='ocrx_word' id='word_1_289' title='bbox 673 2138 779 2178; x_wconf 92' lang='lat' dir='ltr'><strong>non</strong></span> <span class='ocrx_word' id='word_1_290' title='bbox 808 2124 1073 2188; x_wconf 84' lang='lat' dir='ltr'><strong>habeant,</strong></span> <span class='ocrx_word' id='word_1_291' title='bbox 1101 2122 1227 2191; x_wconf 88' lang='lat' dir='ltr'><strong>quia</strong></span> <span class='ocrx_word' id='word_1_292' title='bbox 1251 2120 1455 2176; x_wconf 88' lang='lat' dir='ltr'><strong>diutius</strong></span> <span class='ocrx_word' id='word_1_293' title='bbox 1477 2136 1580 2174; x_wconf 92' lang='lat' dir='ltr'><strong>non</strong></span> <span class='ocrx_word' id='word_1_294' title='bbox 1606 2118 1809 2175; x_wconf 86' lang='lat' dir='ltr'><strong>habent</strong></span> <span class='ocrx_word' id='word_1_295' title='bbox 1841 2139 1855 2175; x_wconf 91' lang='lat'><strong>:</strong></span> <span class='ocrx_word' id='word_1_296' title='bbox 1889 2132 1944 2175; x_wconf 92' lang='lat' dir='ltr'><strong>et</strong></span> <span class='ocrx_word' id='word_1_297' title='bbox 1964 2122 2055 2189; x_wconf 88' lang='lat' dir='ltr'><strong>qui</strong></span> 
     </span>
    </p>
   </div>
   <div class='ocr_carea' id='block_1_37' title="bbox 479 2212 2055 2284">
    <p class='ocr_par' dir='ltr' id='par_1_37' title="bbox 479 2212 2055 2284">
     <span class='ocr_line' id='line_1_37' title="bbox 479 2212 2055 2284; baseline -0.003 -14"><span class='ocrx_word' id='word_1_298' title='bbox 479 2231 585 2271; x_wconf 93' lang='lat' dir='ltr'><strong>non</strong></span> <span class='ocrx_word' id='word_1_299' title='bbox 622 2216 826 2271; x_wconf 83' lang='lat' dir='ltr'><strong>habent</strong></span> <span class='ocrx_word' id='word_1_300' title='bbox 866 2215 1010 2279; x_wconf 88' lang='lat' dir='ltr'><strong>illas,</strong></span> <span class='ocrx_word' id='word_1_301' title='bbox 1063 2223 1323 2284; x_wconf 88' lang='lat' dir='ltr'><strong>tauquam</strong></span> <span class='ocrx_word' id='word_1_302' title='bbox 1379 2214 1511 2269; x_wconf 88' lang='lat' dir='ltr'><strong>nihil</strong></span> <span class='ocrx_word' id='word_1_303' title='bbox 1562 2212 1871 2275; x_wconf 85' lang='lat' dir='ltr'><strong>amiserint,</strong></span> <span class='ocrx_word' id='word_1_304' title='bbox 1930 2214 2055 2282; x_wconf 82' lang='lat' dir='ltr'><strong>quia</strong></span> 
     </span>
    </p>
   </div>
   <div class='ocr_carea' id='block_1_38' title="bbox 480 2301 2058 2375">
    <p class='ocr_par' dir='ltr' id='par_1_38' title="bbox 480 2301 2058 2375">
     <span class='ocr_line' id='line_1_38' title="bbox 480 2301 2058 2375; baseline 0 -15"><span class='ocrx_word' id='word_1_305' title='bbox 480 2321 585 2365; x_wconf 88' lang='lat' dir='ltr'><strong>non</strong></span> <span class='ocrx_word' id='word_1_306' title='bbox 613 2314 997 2375; x_wconf 88' lang='lat' dir='ltr'><strong>permanenter</strong></span> <span class='ocrx_word' id='word_1_307' title='bbox 1021 2304 1426 2375; x_wconf 88' lang='lat' dir='ltr'><strong>relinquuntur.</strong></span> <span class='ocrx_word' id='word_1_308' title='bbox 1450 2301 1643 2359; x_wconf 86' lang='lat' dir='ltr'><strong>Nudus</strong></span> <span class='ocrx_word' id='word_1_309' title='bbox 1665 2307 1802 2359; x_wconf 77' lang='lat' dir='ltr'><strong>exivi</strong></span> <span class='ocrx_word' id='word_1_310' title='bbox 1825 2307 1889 2359; x_wconf 90' lang='lat' dir='ltr'><strong>de</strong></span> <span class='ocrx_word' id='word_1_311' title='bbox 1911 2316 2058 2360; x_wconf 90' lang='lat' dir='ltr'><strong>utero</strong></span> 
     </span>
    </p>
   </div>
   <div class='ocr_carea' id='block_1_39' title="bbox 478 2397 2055 2468">
    <p class='ocr_par' dir='ltr' id='par_1_39' title="bbox 478 2397 2055 2468">
     <span class='ocr_line' id='line_1_39' title="bbox 478 2397 2055 2468; baseline -0.001 -16"><span class='ocrx_word' id='word_1_312' title='bbox 478 2399 665 2452; x_wconf 84' lang='lat' dir='ltr'><strong>matris</strong></span> <span class='ocrx_word' id='word_1_313' title='bbox 696 2414 849 2462; x_wconf 76' lang='lat' dir='ltr'><strong>mete,</strong></span> <span class='ocrx_word' id='word_1_314' title='bbox 882 2413 1081 2466; x_wconf 88' lang='lat' dir='ltr'><strong>corpus</strong></span> <span class='ocrx_word' id='word_1_315' title='bbox 1110 2397 1317 2452; x_wconf 84' lang='lat' dir='ltr'><strong>habens</strong></span> <span class='ocrx_word' id='word_1_316' title='bbox 1348 2407 1557 2453; x_wconf 88' lang='lat' dir='ltr'><strong>tantum</strong></span> <span class='ocrx_word' id='word_1_317' title='bbox 1589 2410 1755 2468; x_wconf 90' lang='lat' dir='ltr'><strong>atque</strong></span> <span class='ocrx_word' id='word_1_318' title='bbox 1794 2398 2055 2463; x_wconf 85' lang='lat' dir='ltr'><strong>animam,</strong></span> 
     </span>
    </p>
   </div>
   <div class='ocr_carea' id='block_1_40' title="bbox 480 2490 2062 2557">
    <p class='ocr_par' dir='ltr' id='par_1_40' title="bbox 480 2490 2062 2557">
     <span class='ocr_line' id='line_1_40' title="bbox 480 2490 2062 2557; baseline -0.001 -11"><span class='ocrx_word' id='word_1_319' title='bbox 480 2490 653 2546; x_wconf 81' lang='lat' dir='ltr'><strong>nudus</strong></span> <span class='ocrx_word' id='word_1_320' title='bbox 672 2499 721 2544; x_wconf 91' lang='lat' dir='ltr'><strong>et</strong></span> <span class='ocrx_word' id='word_1_321' title='bbox 747 2490 832 2543; x_wconf 89' lang='lat' dir='ltr'><strong>ibo</strong></span> <span class='ocrx_word' id='word_1_322' title='bbox 856 2490 953 2545; x_wconf 87' lang='lat' dir='ltr'><strong>sub</strong></span> <span class='ocrx_word' id='word_1_323' title='bbox 984 2500 1205 2546; x_wconf 85' lang='lat' dir='ltr'><strong>terram.</strong></span> <span class='ocrx_word' id='word_1_324' title='bbox 1240 2492 1393 2547; x_wconf 88' lang='lat' dir='ltr'><strong>Sicut</strong></span> <span class='ocrx_word' id='word_1_325' title='bbox 1418 2492 1560 2556; x_wconf 89' lang='lat' dir='ltr'><strong>veni,</strong></span> <span class='ocrx_word' id='word_1_326' title='bbox 1582 2493 1653 2546; x_wconf 88' lang='lat' dir='ltr'><strong>ita</strong></span> <span class='ocrx_word' id='word_1_327' title='bbox 1680 2502 1735 2546; x_wconf 91' lang='lat' dir='ltr'><strong>et</strong></span> <span class='ocrx_word' id='word_1_328' title='bbox 1762 2491 1873 2557; x_wconf 89' lang='lat' dir='ltr'><strong>ibo,</strong></span> <span class='ocrx_word' id='word_1_329' title='bbox 1906 2490 1981 2544; x_wconf 88' lang='lat' dir='ltr'><strong>ita</strong></span> <span class='ocrx_word' id='word_1_330' title='bbox 2005 2500 2062 2545; x_wconf 90' lang='lat' dir='ltr'><strong>et</strong></span> 
     </span>
    </p>
   </div>
   <div class='ocr_carea' id='block_1_41' title="bbox 482 2581 2059 2654">
    <p class='ocr_par' dir='ltr' id='par_1_41' title="bbox 482 2581 2059 2654">
     <span class='ocr_line' id='line_1_41' title="bbox 482 2581 2059 2654; baseline 0.002 -19"><span class='ocrx_word' id='word_1_331' title='bbox 482 2594 639 2648; x_wconf 87' lang='lat' dir='ltr'><strong>exeo,</strong></span> <span class='ocrx_word' id='word_1_332' title='bbox 680 2581 856 2637; x_wconf 87' lang='lat' dir='ltr'><strong>aliena</strong></span> <span class='ocrx_word' id='word_1_333' title='bbox 887 2592 1082 2637; x_wconf 89' lang='lat' dir='ltr'><strong>cuncta</strong></span> <span class='ocrx_word' id='word_1_334' title='bbox 1138 2583 1473 2654; x_wconf 85' lang='lat' dir='ltr'><strong>relinquens,</strong></span> <span class='ocrx_word' id='word_1_335' title='bbox 1505 2599 1629 2639; x_wconf 91' lang='lat' dir='ltr'><strong>cum</strong></span> <span class='ocrx_word' id='word_1_336' title='bbox 1658 2598 1888 2652; x_wconf 90' lang='lat' dir='ltr'><strong>corpore</strong></span> <span class='ocrx_word' id='word_1_337' title='bbox 1941 2583 2059 2638; x_wconf 91' lang='lat' dir='ltr'><strong>solo</strong></span> 
     </span>
    </p>
   </div>
   <div class='ocr_carea' id='block_1_42' title="bbox 482 2674 2062 2748">
    <p class='ocr_par' dir='ltr' id='par_1_42' title="bbox 482 2674 2062 2748">
     <span class='ocr_line' id='line_1_42' title="bbox 482 2674 2062 2748; baseline 0.001 -20"><span class='ocrx_word' id='word_1_338' title='bbox 482 2674 591 2742; x_wconf 87' lang='lat' dir='ltr'><strong>ibo,</strong></span> <span class='ocrx_word' id='word_1_339' title='bbox 623 2683 786 2743; x_wconf 87' lang='lat' dir='ltr'><strong>atque</strong></span> <span class='ocrx_word' id='word_1_340' title='bbox 813 2677 998 2731; x_wconf 86' lang='lat' dir='ltr'><strong>anima</strong></span> <span class='ocrx_word' id='word_1_341' title='bbox 1038 2677 1304 2731; x_wconf 86' lang='lat' dir='ltr'><strong>transibo.</strong></span> <span class='ocrx_word' id='word_1_342' title='bbox 1330 2677 1461 2744; x_wconf 68' lang='lat' dir='ltr'><strong>Quae</strong></span> <span class='ocrx_word' id='word_1_343' title='bbox 1494 2678 1702 2748; x_wconf 89' lang='lat' dir='ltr'><strong>accepi,</strong></span> <span class='ocrx_word' id='word_1_344' title='bbox 1728 2677 1929 2746; x_wconf 91' lang='lat' dir='ltr'><strong>inquit,</strong></span> <span class='ocrx_word' id='word_1_345' title='bbox 1963 2676 2062 2730; x_wconf 79' lang='lat' dir='ltr'><strong>ha-</strong></span> 
     </span>
    </p>
   </div>
   <div class='ocr_carea' id='block_1_43' title="bbox 482 2762 2058 2836">
    <p class='ocr_par' dir='ltr' id='par_1_43' title="bbox 482 2762 2058 2836">
     <span class='ocr_line' id='line_1_43' title="bbox 482 2762 2058 2836; baseline 0.004 -21"><span class='ocrx_word' id='word_1_346' title='bbox 482 2762 607 2828; x_wconf 90' lang='lat' dir='ltr'><strong>beo,</strong></span> <span class='ocrx_word' id='word_1_347' title='bbox 639 2777 760 2832; x_wconf 67' lang='lat' dir='ltr'><strong>quae</strong></span> <span class='ocrx_word' id='word_1_348' title='bbox 802 2763 957 2818; x_wconf 90' lang='lat' dir='ltr'><strong>attuli</strong></span> <span class='ocrx_word' id='word_1_349' title='bbox 999 2780 1103 2819; x_wconf 91' lang='lat' dir='ltr'><strong>non</strong></span> <span class='ocrx_word' id='word_1_350' title='bbox 1143 2767 1321 2820; x_wconf 88' lang='lat' dir='ltr'><strong>amisi.</strong></span> <span class='ocrx_word' id='word_1_351' title='bbox 1358 2766 1641 2836; x_wconf 90' lang='lat' dir='ltr'><strong>Snperllua</strong></span> <span class='ocrx_word' id='word_1_352' title='bbox 1687 2768 1869 2823; x_wconf 87' lang='lat' dir='ltr'><strong>omnia</strong></span> <span class='ocrx_word' id='word_1_353' title='bbox 1900 2768 2058 2822; x_wconf 81' lang='lat' dir='ltr'><strong>dere-</strong></span> 
     </span>
    </p>
   </div>
   <div class='ocr_carea' id='block_1_44' title="bbox 482 2853 2062 2928">
    <p class='ocr_par' dir='ltr' id='par_1_44' title="bbox 482 2853 2062 2928">
     <span class='ocr_line' id='line_1_44' title="bbox 482 2853 2062 2928; baseline 0.004 -21"><span class='ocrx_word' id='word_1_354' title='bbox 482 2853 734 2924; x_wconf 87' lang='lat' dir='ltr'><strong>linquens</strong></span> <span class='ocrx_word' id='word_1_355' title='bbox 766 2855 938 2910; x_wconf 88' lang='lat' dir='ltr'><strong>nudus</strong></span> <span class='ocrx_word' id='word_1_356' title='bbox 968 2856 1050 2910; x_wconf 88' lang='lat' dir='ltr'><strong>ibo</strong></span> <span class='ocrx_word' id='word_1_357' title='bbox 1079 2856 1225 2915; x_wconf 88' lang='lat' dir='ltr'><strong>illuc.</strong></span> <span class='ocrx_word' id='word_1_358' title='bbox 1274 2858 1422 2925; x_wconf 90' lang='lat' dir='ltr'><strong>Illuc,</strong></span> <span class='ocrx_word' id='word_1_359' title='bbox 1455 2858 1656 2928; x_wconf 89' lang='lat' dir='ltr'><strong>inquit,</strong></span> <span class='ocrx_word' id='word_1_360' title='bbox 1712 2873 1821 2928; x_wconf 91' lang='lat' dir='ltr'><strong>quo</strong></span> <span class='ocrx_word' id='word_1_361' title='bbox 1880 2858 2009 2913; x_wconf 92' lang='lat' dir='ltr'><strong>illuc</strong></span> <span class='ocrx_word' id='word_1_362' title='bbox 2037 2858 2062 2912; x_wconf 85' lang='lat'><strong>?</strong></span> 
     </span>
    </p>
   </div>
   <div class='ocr_carea' id='block_1_45' title="bbox 482 2946 2049 3022">
    <p class='ocr_par' dir='ltr' id='par_1_45' title="bbox 482 2946 2049 3022">
     <span class='ocr_line' id='line_1_45' title="bbox 482 2946 2049 3022; baseline 0.003 -20"><span class='ocrx_word' id='word_1_363' title='bbox 482 2946 721 3002; x_wconf 87' lang='lat' dir='ltr'><strong>Primum</strong></span> <span class='ocrx_word' id='word_1_364' title='bbox 747 2949 965 3018; x_wconf 89' lang='lat' dir='ltr'><strong>quidem</strong></span> <span class='ocrx_word' id='word_1_365' title='bbox 990 2950 1116 3005; x_wconf 90' lang='lat' dir='ltr'><strong>illuc</strong></span> <span class='ocrx_word' id='word_1_366' title='bbox 1152 2950 1239 3005; x_wconf 91' lang='lat' dir='ltr'><strong>ibo</strong></span> <span class='ocrx_word' id='word_1_367' title='bbox 1285 2967 1396 3021; x_wconf 93' lang='lat' dir='ltr'><strong>quo</strong></span> <span class='ocrx_word' id='word_1_368' title='bbox 1445 2966 1634 3007; x_wconf 90' lang='lat' dir='ltr'><strong>omnes</strong></span> <span class='ocrx_word' id='word_1_369' title='bbox 1681 2951 1894 3022; x_wconf 86' lang='lat' dir='ltr'><strong>priores</strong></span> <span class='ocrx_word' id='word_1_370' title='bbox 1944 2952 2049 3006; x_wconf 90' lang='lat' dir='ltr'><strong>mei</strong></span> 
     </span>
    </p>
   </div>
   <div class='ocr_carea' id='block_1_46' title="bbox 485 3041 2059 3112">
    <p class='ocr_par' dir='ltr' id='par_1_46' title="bbox 485 3041 2059 3112">
     <span class='ocr_line' id='line_1_46' title="bbox 485 3041 2059 3112; baseline -0.002 -11"><span class='ocrx_word' id='word_1_371' title='bbox 485 3041 688 3110; x_wconf 78' lang='lat' dir='ltr'><strong>ierunt,</strong></span> <span class='ocrx_word' id='word_1_372' title='bbox 714 3058 826 3112; x_wconf 86' lang='lat' dir='ltr'><strong>quo</strong></span> <span class='ocrx_word' id='word_1_373' title='bbox 853 3058 1043 3099; x_wconf 88' lang='lat' dir='ltr'><strong>omnes</strong></span> <span class='ocrx_word' id='word_1_374' title='bbox 1063 3045 1131 3099; x_wconf 89' lang='lat' dir='ltr'><strong>ab</strong></span> <span class='ocrx_word' id='word_1_375' title='bbox 1149 3045 1327 3112; x_wconf 93' lang='lat' dir='ltr'><strong>initio,</strong></span> <span class='ocrx_word' id='word_1_376' title='bbox 1358 3045 1483 3100; x_wconf 91' lang='lat' dir='ltr'><strong>illuc</strong></span> <span class='ocrx_word' id='word_1_377' title='bbox 1509 3046 1562 3100; x_wconf 91' lang='lat' dir='ltr'><strong>in</strong></span> <span class='ocrx_word' id='word_1_378' title='bbox 1592 3054 1796 3101; x_wconf 87' lang='lat' dir='ltr'><strong>terram</strong></span> <span class='ocrx_word' id='word_1_379' title='bbox 1828 3054 2059 3103; x_wconf 87' lang='lat' dir='ltr'><strong>matrem</strong></span> 
     </span>
    </p>
   </div>
   <div class='ocr_carea' id='block_1_47' title="bbox 482 3132 2059 3199">
    <p class='ocr_par' dir='ltr' id='par_1_47' title="bbox 482 3132 2059 3199">
     <span class='ocr_line' id='line_1_47' title="bbox 482 3132 2059 3199; baseline 0.001 -13"><span class='ocrx_word' id='word_1_380' title='bbox 482 3132 748 3199; x_wconf 88' lang='lat' dir='ltr'><strong>omnium,</strong></span> <span class='ocrx_word' id='word_1_381' title='bbox 790 3134 843 3188; x_wconf 89' lang='lat' dir='ltr'><strong>in</strong></span> <span class='ocrx_word' id='word_1_382' title='bbox 888 3143 1089 3189; x_wconf 86' lang='lat' dir='ltr'><strong>terram</strong></span> <span class='ocrx_word' id='word_1_383' title='bbox 1128 3136 1371 3189; x_wconf 89' lang='lat' dir='ltr'><strong>omnium</strong></span> <span class='ocrx_word' id='word_1_384' title='bbox 1423 3136 1665 3191; x_wconf 86' lang='lat' dir='ltr'><strong>domum.</strong></span> <span class='ocrx_word' id='word_1_385' title='bbox 1700 3135 1870 3191; x_wconf 87' lang='lat' dir='ltr'><strong>Terra</strong></span> <span class='ocrx_word' id='word_1_386' title='bbox 1902 3150 2059 3189; x_wconf 84' lang='lat' dir='ltr'><strong>nam-</strong></span> 
     </span>
    </p>
   </div>
   <div class='ocr_carea' id='block_1_48' title="bbox 483 3223 2067 3294">
    <p class='ocr_par' dir='ltr' id='par_1_48' title="bbox 483 3223 2067 3294">
     <span class='ocr_line' id='line_1_48' title="bbox 483 3223 2067 3294; baseline 0.001 -16"><span class='ocrx_word' id='word_1_387' title='bbox 483 3240 589 3294; x_wconf 86' lang='lat' dir='ltr'><strong>que</strong></span> <span class='ocrx_word' id='word_1_388' title='bbox 618 3234 703 3279; x_wconf 91' lang='lat' dir='ltr'><strong>est</strong></span> <span class='ocrx_word' id='word_1_389' title='bbox 735 3226 928 3280; x_wconf 89' lang='lat' dir='ltr'><strong>domus</strong></span> <span class='ocrx_word' id='word_1_390' title='bbox 950 3226 1194 3280; x_wconf 88' lang='lat' dir='ltr'><strong>omnium</strong></span> <span class='ocrx_word' id='word_1_391' title='bbox 1224 3224 1564 3280; x_wconf 85' lang='lat' dir='ltr'><strong>mortalium.</strong></span> <span class='ocrx_word' id='word_1_392' title='bbox 1618 3223 1753 3279; x_wconf 86' lang='lat' dir='ltr'><strong>Illuc</strong></span> <span class='ocrx_word' id='word_1_393' title='bbox 1789 3240 1901 3294; x_wconf 91' lang='lat' dir='ltr'><strong>quo</strong></span> <span class='ocrx_word' id='word_1_394' title='bbox 1931 3224 2067 3280; x_wconf 89' lang='lat' dir='ltr'><strong>abiit</strong></span> 
     </span>
    </p>
   </div>
   <div class='ocr_carea' id='block_1_49' title="bbox 485 3315 2068 3385">
    <p class='ocr_par' dir='ltr' id='par_1_49' title="bbox 485 3315 2068 3385">
     <span class='ocr_line' id='line_1_49' title="bbox 485 3315 2068 3385; baseline 0.003 -15"><span class='ocrx_word' id='word_1_395' title='bbox 485 3316 575 3371; x_wconf 84' lang='lat' dir='ltr'><strong>ille</strong></span> <span class='ocrx_word' id='word_1_396' title='bbox 603 3316 669 3370; x_wconf 90' lang='lat' dir='ltr'><strong>ad</strong></span> <span class='ocrx_word' id='word_1_397' title='bbox 698 3331 860 3385; x_wconf 91' lang='lat' dir='ltr'><strong>quem</strong></span> <span class='ocrx_word' id='word_1_398' title='bbox 916 3317 1119 3372; x_wconf 90' lang='lat' dir='ltr'><strong>dictum</strong></span> <span class='ocrx_word' id='word_1_399' title='bbox 1166 3326 1287 3373; x_wconf 86' lang='lat' dir='ltr'><strong>est:</strong></span> <span class='ocrx_word' id='word_1_400' title='bbox 1326 3315 1493 3371; x_wconf 85' lang='lat' dir='ltr'><strong>Terra</strong></span> <span class='ocrx_word' id='word_1_401' title='bbox 1549 3334 1627 3382; x_wconf 83' lang='lat' dir='ltr'><strong>es,</strong></span> <span class='ocrx_word' id='word_1_402' title='bbox 1680 3327 1731 3372; x_wconf 89' lang='lat' dir='ltr'><strong>et</strong></span> <span class='ocrx_word' id='word_1_403' title='bbox 1784 3318 1842 3371; x_wconf 87' lang='lat' dir='ltr'><strong>in</strong></span> <span class='ocrx_word' id='word_1_404' title='bbox 1873 3327 2068 3374; x_wconf 87' lang='lat' dir='ltr'><strong>terram</strong></span> 
     </span>
    </p>
   </div>
   <div class='ocr_carea' id='block_1_50' title="bbox 486 3409 2066 3480">
    <p class='ocr_par' dir='ltr' id='par_1_50' title="bbox 486 3409 2066 3480">
     <span class='ocr_line' id='line_1_50' title="bbox 486 3409 2066 3480; baseline 0.001 -15"><span class='ocrx_word' id='word_1_405' title='bbox 486 3410 591 3465; x_wconf 86' lang='lat' dir='ltr'><strong>ibis</strong></span> <span class='ocrx_word' id='word_1_406' title='bbox 621 3409 692 3464; x_wconf 79' lang='lat'><strong>“.</strong></span> <span class='ocrx_word' id='word_1_407' title='bbox 727 3410 842 3472; x_wconf 86' lang='lat' dir='ltr'><strong>lllo,</strong></span> <span class='ocrx_word' id='word_1_408' title='bbox 876 3410 1072 3480; x_wconf 90' lang='lat' dir='ltr'><strong>inquit,</strong></span> <span class='ocrx_word' id='word_1_409' title='bbox 1104 3410 1193 3464; x_wconf 89' lang='lat' dir='ltr'><strong>ibo</strong></span> <span class='ocrx_word' id='word_1_410' title='bbox 1225 3412 1401 3464; x_wconf 90' lang='lat' dir='ltr'><strong>nudus</strong></span> <span class='ocrx_word' id='word_1_411' title='bbox 1450 3410 1595 3465; x_wconf 87' lang='lat' dir='ltr'><strong>sicut</strong></span> <span class='ocrx_word' id='word_1_412' title='bbox 1628 3418 1683 3466; x_wconf 91' lang='lat' dir='ltr'><strong>et</strong></span> <span class='ocrx_word' id='word_1_413' title='bbox 1709 3411 1886 3466; x_wconf 92' lang='lat' dir='ltr'><strong>nudus</strong></span> <span class='ocrx_word' id='word_1_414' title='bbox 1919 3411 2066 3467; x_wconf 91' lang='lat' dir='ltr'><strong>veni.</strong></span> 
     </span>
    </p>
   </div>
   <div class='ocr_carea' id='block_1_51' title="bbox 483 3501 2066 3572">
    <p class='ocr_par' dir='ltr' id='par_1_51' title="bbox 483 3501 2066 3572">
     <span class='ocr_line' id='line_1_51' title="bbox 483 3501 2066 3572; baseline 0.001 -17"><span class='ocrx_word' id='word_1_415' title='bbox 483 3501 593 3556; x_wconf 80' lang='lat' dir='ltr'><strong>Aut</strong></span> <span class='ocrx_word' id='word_1_416' title='bbox 625 3501 802 3555; x_wconf 88' lang='lat' dir='ltr'><strong>adhuc</strong></span> <span class='ocrx_word' id='word_1_417' title='bbox 833 3501 946 3569; x_wconf 92' lang='lat' dir='ltr'><strong>illo,</strong></span> <span class='ocrx_word' id='word_1_418' title='bbox 981 3501 1155 3572; x_wconf 89' lang='lat' dir='ltr'><strong>inquit</strong></span> <span class='ocrx_word' id='word_1_419' title='bbox 1189 3543 1205 3569; x_wconf 94' lang='lat'><strong>,</strong></span> <span class='ocrx_word' id='word_1_420' title='bbox 1252 3503 1342 3557; x_wconf 91' lang='lat' dir='ltr'><strong>ibo</strong></span> <span class='ocrx_word' id='word_1_421' title='bbox 1390 3502 1479 3557; x_wconf 91' lang='lat' dir='ltr'><strong>ubi</strong></span> <span class='ocrx_word' id='word_1_422' title='bbox 1534 3510 1662 3557; x_wconf 82' lang='lat' dir='ltr'><strong>sunt</strong></span> <span class='ocrx_word' id='word_1_423' title='bbox 1711 3502 2066 3557; x_wconf 79' lang='lat' dir='ltr'><strong>tabernacula</strong></span> 
     </span>
    </p>
   </div>
   <div class='ocr_carea' id='block_1_52' title="bbox 482 3591 2069 3661">
    <p class='ocr_par' dir='ltr' id='par_1_52' title="bbox 482 3591 2069 3661">
     <span class='ocr_line' id='line_1_52' title="bbox 482 3591 2069 3661; baseline 0.003 -16"><span class='ocrx_word' id='word_1_424' title='bbox 482 3591 778 3658; x_wconf 83' lang='lat' dir='ltr'><strong>iustorum,</strong></span> <span class='ocrx_word' id='word_1_425' title='bbox 806 3592 898 3647; x_wconf 88' lang='lat' dir='ltr'><strong>ubi</strong></span> <span class='ocrx_word' id='word_1_426' title='bbox 944 3603 1070 3647; x_wconf 88' lang='lat' dir='ltr'><strong>sunt</strong></span> <span class='ocrx_word' id='word_1_427' title='bbox 1098 3604 1416 3647; x_wconf 88' lang='lat' dir='ltr'><strong>sanctorum</strong></span> <span class='ocrx_word' id='word_1_428' title='bbox 1449 3592 1656 3661; x_wconf 64' lang='lat' dir='ltr'><strong>gloriae,</strong></span> <span class='ocrx_word' id='word_1_429' title='bbox 1694 3593 1784 3648; x_wconf 92' lang='lat' dir='ltr'><strong>ubi</strong></span> <span class='ocrx_word' id='word_1_430' title='bbox 1822 3604 1903 3649; x_wconf 88' lang='lat' dir='ltr'><strong>est</strong></span> <span class='ocrx_word' id='word_1_431' title='bbox 1936 3593 2069 3649; x_wconf 85' lang='lat' dir='ltr'><strong>lide-</strong></span> 
     </span>
    </p>
   </div>
   <div class='ocr_carea' id='block_1_53' title="bbox 488 3683 2070 3754">
    <p class='ocr_par' dir='ltr' id='par_1_53' title="bbox 488 3683 2070 3754">
     <span class='ocr_line' id='line_1_53' title="bbox 488 3683 2070 3754; baseline -0.002 -12"><span class='ocrx_word' id='word_1_432' title='bbox 488 3684 620 3743; x_wconf 91' lang='lat' dir='ltr'><strong>lium</strong></span> <span class='ocrx_word' id='word_1_433' title='bbox 669 3686 909 3754; x_wconf 87' lang='lat' dir='ltr'><strong>requies,</strong></span> <span class='ocrx_word' id='word_1_434' title='bbox 950 3684 1041 3738; x_wconf 91' lang='lat' dir='ltr'><strong>ubi</strong></span> <span class='ocrx_word' id='word_1_435' title='bbox 1100 3692 1187 3739; x_wconf 91' lang='lat' dir='ltr'><strong>est</strong></span> <span class='ocrx_word' id='word_1_436' title='bbox 1220 3684 1434 3754; x_wconf 85' lang='lat' dir='ltr'><strong>piorum</strong></span> <span class='ocrx_word' id='word_1_437' title='bbox 1465 3683 1792 3750; x_wconf 84' lang='lat' dir='ltr'><strong>consolatio,</strong></span> <span class='ocrx_word' id='word_1_438' title='bbox 1838 3686 1925 3739; x_wconf 88' lang='lat' dir='ltr'><strong>ubi</strong></span> <span class='ocrx_word' id='word_1_439' title='bbox 1986 3695 2070 3741; x_wconf 87' lang='lat' dir='ltr'><strong>est</strong></span> 
     </span>
    </p>
   </div>
   <div class='ocr_carea' id='block_1_54' title="bbox 489 3775 2066 3838">
    <p class='ocr_par' dir='ltr' id='par_1_54' title="bbox 489 3775 2066 3838">
     <span class='ocr_line' id='line_1_54' title="bbox 489 3775 2066 3838; baseline 0.001 -7"><span class='ocrx_word' id='word_1_440' title='bbox 489 3775 924 3831; x_wconf 89' lang='lat' dir='ltr'><strong>misericordium</strong></span> <span class='ocrx_word' id='word_1_441' title='bbox 964 3775 1281 3838; x_wconf 68' lang='lat' dir='ltr'><strong>haereditas,</strong></span> <span class='ocrx_word' id='word_1_442' title='bbox 1317 3775 1406 3833; x_wconf 86' lang='lat' dir='ltr'><strong>ubi</strong></span> <span class='ocrx_word' id='word_1_443' title='bbox 1454 3784 1535 3830; x_wconf 90' lang='lat' dir='ltr'><strong>est</strong></span> <span class='ocrx_word' id='word_1_444' title='bbox 1595 3776 2066 3833; x_wconf 87' lang='lat' dir='ltr'><strong>immaculatormn</strong></span> 
     </span>
    </p>
   </div>
   <div class='ocr_carea' id='block_1_55' title="bbox 486 3866 2063 3932">
    <p class='ocr_par' dir='ltr' id='par_1_55' title="bbox 486 3866 2063 3932">
     <span class='ocr_line' id='line_1_55' title="bbox 486 3866 2063 3932; baseline 0.001 -10"><span class='ocrx_word' id='word_1_445' title='bbox 486 3869 791 3932; x_wconf 80' lang='lat' dir='ltr'><strong>beatitudo,</strong></span> <span class='ocrx_word' id='word_1_446' title='bbox 826 3868 912 3922; x_wconf 90' lang='lat' dir='ltr'><strong>ubi</strong></span> <span class='ocrx_word' id='word_1_447' title='bbox 948 3877 1035 3922; x_wconf 91' lang='lat' dir='ltr'><strong>est</strong></span> <span class='ocrx_word' id='word_1_448' title='bbox 1077 3867 1355 3921; x_wconf 89' lang='lat' dir='ltr'><strong>veracium</strong></span> <span class='ocrx_word' id='word_1_449' title='bbox 1412 3866 1599 3921; x_wconf 67' lang='lat' dir='ltr'><strong>laetitia</strong></span> <span class='ocrx_word' id='word_1_450' title='bbox 1657 3878 1712 3922; x_wconf 93' lang='lat' dir='ltr'><strong>et</strong></span> <span class='ocrx_word' id='word_1_451' title='bbox 1750 3869 2063 3924; x_wconf 82' lang='lat' dir='ltr'><strong>exsultatio.</strong></span> 
     </span>
    </p>
   </div>
   <div class='ocr_carea' id='block_1_56' title="bbox 534 3958 2071 4029">
    <p class='ocr_par' dir='ltr' id='par_1_56' title="bbox 534 3958 2071 4029">
     <span class='ocr_line' id='line_1_56' title="bbox 534 3958 2071 4029; baseline 0.001 -15"><span class='ocrx_word' id='word_1_452' title='bbox 534 3958 618 4014; x_wconf 91' lang='lat' dir='ltr'><strong>luc</strong></span> <span class='ocrx_word' id='word_1_453' title='bbox 640 3959 751 4023; x_wconf 90' lang='lat' dir='ltr'><strong>ibo,</strong></span> <span class='ocrx_word' id='word_1_454' title='bbox 785 3959 877 4013; x_wconf 90' lang='lat' dir='ltr'><strong>ubi</strong></span> <span class='ocrx_word' id='word_1_455' title='bbox 906 3968 990 4012; x_wconf 76' lang='lat' dir='ltr'><strong>est</strong></span> <span class='ocrx_word' id='word_1_456' title='bbox 1022 3958 1112 4013; x_wconf 89' lang='lat' dir='ltr'><strong>lux</strong></span> <span class='ocrx_word' id='word_1_457' title='bbox 1143 3968 1197 4013; x_wconf 92' lang='lat' dir='ltr'><strong>et</strong></span> <span class='ocrx_word' id='word_1_458' title='bbox 1225 3959 1355 4021; x_wconf 88' lang='lat' dir='ltr'><strong>vita,</strong></span> <span class='ocrx_word' id='word_1_459' title='bbox 1382 3958 1473 4013; x_wconf 91' lang='lat' dir='ltr'><strong>ubi</strong></span> <span class='ocrx_word' id='word_1_460' title='bbox 1499 3969 1583 4013; x_wconf 91' lang='lat' dir='ltr'><strong>est</strong></span> <span class='ocrx_word' id='word_1_461' title='bbox 1604 3959 1776 4029; x_wconf 86' lang='lat' dir='ltr'><strong>gloria</strong></span> <span class='ocrx_word' id='word_1_462' title='bbox 1799 3960 2071 4029; x_wconf 87' lang='lat' dir='ltr'><strong>&#39;ctjucun-</strong></span> 
     </span>
    </p>
   </div>
   <div class='ocr_carea' id='block_1_57' title="bbox 489 4050 2071 4125">
    <p class='ocr_par' dir='ltr' id='par_1_57' title="bbox 489 4050 2071 4125">
     <span class='ocr_line' id='line_1_57' title="bbox 489 4050 2071 4125; baseline -0.002 -14"><span class='ocrx_word' id='word_1_463' title='bbox 489 4052 650 4119; x_wconf 85' lang='lat' dir='ltr'><strong>ditas,</strong></span> <span class='ocrx_word' id='word_1_464' title='bbox 680 4051 772 4107; x_wconf 91' lang='lat' dir='ltr'><strong>ubi</strong></span> <span class='ocrx_word' id='word_1_465' title='bbox 807 4061 891 4107; x_wconf 90' lang='lat' dir='ltr'><strong>est</strong></span> <span class='ocrx_word' id='word_1_466' title='bbox 926 4050 1110 4106; x_wconf 75' lang='lat' dir='ltr'><strong>laetitia</strong></span> <span class='ocrx_word' id='word_1_467' title='bbox 1136 4060 1192 4105; x_wconf 93' lang='lat' dir='ltr'><strong>et</strong></span> <span class='ocrx_word' id='word_1_468' title='bbox 1216 4050 1536 4115; x_wconf 87' lang='lat' dir='ltr'><strong>exsultatio,</strong></span> <span class='ocrx_word' id='word_1_469' title='bbox 1568 4050 1652 4104; x_wconf 89' lang='lat' dir='ltr'><strong>vel</strong></span> <span class='ocrx_word' id='word_1_470' title='bbox 1688 4052 1831 4107; x_wconf 91' lang='lat' dir='ltr'><strong>unde</strong></span> <span class='ocrx_word' id='word_1_471' title='bbox 1861 4052 2071 4125; x_wconf 90' lang='lat' dir='ltr'><strong>aufugit</strong></span> 
     </span>
    </p>
   </div>
   <div class='ocr_carea' id='block_1_58' title="bbox 490 4142 2071 4215">
    <p class='ocr_par' dir='ltr' id='par_1_58' title="bbox 490 4142 2071 4215">
     <span class='ocr_line' id='line_1_58' title="bbox 490 4142 2071 4215; baseline 0.001 -16"><span class='ocrx_word' id='word_1_472' title='bbox 490 4144 667 4209; x_wconf 91' lang='lat' dir='ltr'><strong>dolor,</strong></span> <span class='ocrx_word' id='word_1_473' title='bbox 703 4143 923 4199; x_wconf 90' lang='lat' dir='ltr'><strong>tristitia</strong></span> <span class='ocrx_word' id='word_1_474' title='bbox 957 4152 1013 4197; x_wconf 92' lang='lat' dir='ltr'><strong>et</strong></span> <span class='ocrx_word' id='word_1_475' title='bbox 1038 4143 1294 4212; x_wconf 89' lang='lat' dir='ltr'><strong>gemitus,</strong></span> <span class='ocrx_word' id='word_1_476' title='bbox 1324 4142 1414 4197; x_wconf 91' lang='lat' dir='ltr'><strong>ubi</strong></span> <span class='ocrx_word' id='word_1_477' title='bbox 1438 4142 1834 4200; x_wconf 88' lang='lat' dir='ltr'><strong>obliviscentur</strong></span> <span class='ocrx_word' id='word_1_478' title='bbox 1858 4146 2071 4215; x_wconf 88' lang='lat' dir='ltr'><strong>priores</strong></span> 
     </span>
    </p>
   </div>
   <div class='ocr_carea' id='block_1_59' title="bbox 491 4236 2069 4308">
    <p class='ocr_par' dir='ltr' id='par_1_59' title="bbox 491 4236 2069 4308">
     <span class='ocr_line' id='line_1_59' title="bbox 491 4236 2069 4308; baseline 0.001 -16"><span class='ocrx_word' id='word_1_479' title='bbox 491 4236 871 4293; x_wconf 89' lang='lat' dir='ltr'><strong>tribulationes</strong></span> <span class='ocrx_word' id='word_1_480' title='bbox 899 4236 984 4291; x_wconf 64' lang='lat' dir='ltr'><strong>ha:</strong></span> <span class='ocrx_word' id='word_1_481' title='bbox 1011 4250 1133 4305; x_wconf 67' lang='lat' dir='ltr'><strong>quae</strong></span> <span class='ocrx_word' id='word_1_482' title='bbox 1158 4245 1287 4289; x_wconf 91' lang='lat' dir='ltr'><strong>sunt</strong></span> <span class='ocrx_word' id='word_1_483' title='bbox 1319 4236 1372 4290; x_wconf 93' lang='lat' dir='ltr'><strong>in</strong></span> <span class='ocrx_word' id='word_1_484' title='bbox 1396 4250 1627 4305; x_wconf 88' lang='lat' dir='ltr'><strong>corpore</strong></span> <span class='ocrx_word' id='word_1_485' title='bbox 1651 4254 1815 4308; x_wconf 83' lang='lat' dir='ltr'><strong>super</strong></span> <span class='ocrx_word' id='word_1_486' title='bbox 1843 4250 2069 4294; x_wconf 90' lang='lat' dir='ltr'><strong>terram.</strong></span> 
     </span>
    </p>
   </div>
   <div class='ocr_carea' id='block_1_60' title="bbox 500 4329 2073 4403">
    <p class='ocr_par' dir='ltr' id='par_1_60' title="bbox 500 4329 2073 4403">
     <span class='ocr_line' id='line_1_60' title="bbox 500 4329 2073 4403; baseline 0.003 -19"><span class='ocrx_word' id='word_1_487' title='bbox 500 4329 632 4384; x_wconf 91' lang='lat' dir='ltr'><strong>llluc</strong></span> <span class='ocrx_word' id='word_1_488' title='bbox 660 4331 771 4397; x_wconf 89' lang='lat' dir='ltr'><strong>ibo,</strong></span> <span class='ocrx_word' id='word_1_489' title='bbox 811 4329 902 4382; x_wconf 87' lang='lat' dir='ltr'><strong>ubi</strong></span> <span class='ocrx_word' id='word_1_490' title='bbox 940 4337 1023 4383; x_wconf 91' lang='lat' dir='ltr'><strong>est</strong></span> <span class='ocrx_word' id='word_1_491' title='bbox 1059 4329 1470 4386; x_wconf 82' lang='lat' dir='ltr'><strong>tribulationum</strong></span> <span class='ocrx_word' id='word_1_492' title='bbox 1521 4332 1810 4403; x_wconf 86' lang='lat' dir='ltr'><strong>depositio,</strong></span> <span class='ocrx_word' id='word_1_493' title='bbox 1846 4333 1938 4388; x_wconf 90' lang='lat' dir='ltr'><strong>ubi</strong></span> <span class='ocrx_word' id='word_1_494' title='bbox 1987 4344 2073 4389; x_wconf 89' lang='lat' dir='ltr'><strong>est</strong></span> 
     </span>
    </p>
   </div>
   <div class='ocr_carea' id='block_1_61' title="bbox 491 4425 2071 4491">
    <p class='ocr_par' dir='ltr' id='par_1_61' title="bbox 491 4425 2071 4491">
     <span class='ocr_line' id='line_1_61' title="bbox 491 4425 2071 4491; baseline 0.002 -11"><span class='ocrx_word' id='word_1_495' title='bbox 491 4426 861 4481; x_wconf 89' lang='lat' dir='ltr'><strong>remuneratio</strong></span> <span class='ocrx_word' id='word_1_496' title='bbox 892 4425 1161 4489; x_wconf 89' lang='lat' dir='ltr'><strong>laborum,</strong></span> <span class='ocrx_word' id='word_1_497' title='bbox 1191 4425 1279 4480; x_wconf 91' lang='lat' dir='ltr'><strong>ubi</strong></span> <span class='ocrx_word' id='word_1_498' title='bbox 1324 4426 1561 4481; x_wconf 65' lang='lat' dir='ltr'><strong>Abrahae</strong></span> <span class='ocrx_word' id='word_1_499' title='bbox 1589 4427 1761 4491; x_wconf 90' lang='lat' dir='ltr'><strong>sinus,</strong></span> <span class='ocrx_word' id='word_1_500' title='bbox 1809 4426 1896 4482; x_wconf 92' lang='lat' dir='ltr'><strong>ubi</strong></span> <span class='ocrx_word' id='word_1_501' title='bbox 1920 4425 2071 4483; x_wconf 83' lang='lat' dir='ltr'><strong>Isaac</strong></span> 
     </span>
    </p>
   </div>
   <div class='ocr_carea' id='block_1_62' title="bbox 2164 1924 3740 1999">
    <p class='ocr_par' dir='ltr' id='par_1_62' title="bbox 2164 1924 3740 1999">
     <span class='ocr_line' id='line_1_62' title="bbox 2164 1924 3740 1999; baseline -0.002 -16"><span class='ocrx_word' id='word_1_502' title='bbox 2164 1928 2361 1999; x_wconf 77' lang='lat' dir='ltr'><strong>factum</strong></span> <span class='ocrx_word' id='word_1_503' title='bbox 2397 1940 2497 1994; x_wconf 86' lang='lat' dir='ltr'><strong>est,</strong></span> <span class='ocrx_word' id='word_1_504' title='bbox 2522 1930 2589 1984; x_wconf 88' lang='lat' dir='ltr'><strong>sit</strong></span> <span class='ocrx_word' id='word_1_505' title='bbox 2623 1945 2810 1984; x_wconf 85' lang='lat' dir='ltr'><strong>nomen</strong></span> <span class='ocrx_word' id='word_1_506' title='bbox 2837 1929 3049 1983; x_wconf 87' lang='lat' dir='ltr'><strong>Domini</strong></span> <span class='ocrx_word' id='word_1_507' title='bbox 3074 1926 3402 1981; x_wconf 83' lang='lat' dir='ltr'><strong>benedictum</strong></span> <span class='ocrx_word' id='word_1_508' title='bbox 3430 1927 3489 1979; x_wconf 89' lang='lat' dir='ltr'><strong>in</strong></span> <span class='ocrx_word' id='word_1_509' title='bbox 3522 1924 3740 1980; x_wconf 72' lang='lat' dir='ltr'><strong>sa&#39;cula.</strong></span> 
     </span>
    </p>
   </div>
   <div class='ocr_carea' id='block_1_63' title="bbox 2165 2020 3748 2092">
    <p class='ocr_par' dir='ltr' id='par_1_63' title="bbox 2165 2020 3748 2092">
     <span class='ocr_line' id='line_1_63' title="bbox 2165 2020 3748 2092; baseline -0.001 -17"><span class='ocrx_word' id='word_1_510' title='bbox 2165 2021 2281 2076; x_wconf 84' lang='lat' dir='ltr'><strong>Non</strong></span> <span class='ocrx_word' id='word_1_511' title='bbox 2323 2023 2468 2078; x_wconf 91' lang='lat' dir='ltr'><strong>enim</strong></span> <span class='ocrx_word' id='word_1_512' title='bbox 2507 2033 2715 2079; x_wconf 88' lang='lat' dir='ltr'><strong>tantum</strong></span> <span class='ocrx_word' id='word_1_513' title='bbox 2753 2024 3049 2092; x_wconf 82' lang='lat' dir='ltr'><strong>tetigerunt</strong></span> <span class='ocrx_word' id='word_1_514' title='bbox 3080 2021 3178 2078; x_wconf 86' lang='lat' dir='ltr'><strong>lob</strong></span> <span class='ocrx_word' id='word_1_515' title='bbox 3215 2021 3595 2077; x_wconf 87' lang='lat' dir='ltr'><strong>lamentabiles</strong></span> <span class='ocrx_word' id='word_1_516' title='bbox 3628 2020 3748 2075; x_wconf 73' lang='lat' dir='ltr'><strong>istm</strong></span> 
     </span>
    </p>
   </div>
   <div class='ocr_carea' id='block_1_64' title="bbox 2165 2114 3746 2189">
    <p class='ocr_par' dir='ltr' id='par_1_64' title="bbox 2165 2114 3746 2189">
     <span class='ocr_line' id='line_1_64' title="bbox 2165 2114 3746 2189; baseline -0.001 -19"><span class='ocrx_word' id='word_1_517' title='bbox 2165 2118 2369 2173; x_wconf 89' lang='lat' dir='ltr'><strong>diaboli</strong></span> <span class='ocrx_word' id='word_1_518' title='bbox 2402 2120 2634 2189; x_wconf 73' lang='lat' dir='ltr'><strong>sagittas,</strong></span> <span class='ocrx_word' id='word_1_519' title='bbox 2659 2129 2919 2189; x_wconf 90' lang='lat' dir='ltr'><strong>quantum</strong></span> <span class='ocrx_word' id='word_1_520' title='bbox 2950 2118 3376 2173; x_wconf 86' lang='lat' dir='ltr'><strong>vulneraverunt</strong></span> <span class='ocrx_word' id='word_1_521' title='bbox 3406 2130 3529 2171; x_wconf 89' lang='lat' dir='ltr'><strong>eum</strong></span> <span class='ocrx_word' id='word_1_522' title='bbox 3565 2114 3746 2170; x_wconf 88' lang='lat' dir='ltr'><strong>since-</strong></span> 
     </span>
    </p>
   </div>
   <div class='ocr_carea' id='block_1_65' title="bbox 2175 2209 3751 2284">
    <p class='ocr_par' dir='ltr' id='par_1_65' title="bbox 2175 2209 3751 2284">
     <span class='ocr_line' id='line_1_65' title="bbox 2175 2209 3751 2284; baseline -0.002 -18"><span class='ocrx_word' id='word_1_523' title='bbox 2175 2227 2251 2267; x_wconf 72' lang='lat' dir='ltr'><strong>ra:</strong></span> <span class='ocrx_word' id='word_1_524' title='bbox 2278 2212 2396 2281; x_wconf 91' lang='lat' dir='ltr'><strong>ejus</strong></span> <span class='ocrx_word' id='word_1_525' title='bbox 2428 2215 2728 2284; x_wconf 89' lang='lat' dir='ltr'><strong>gratiarum</strong></span> <span class='ocrx_word' id='word_1_526' title='bbox 2753 2215 3014 2268; x_wconf 88' lang='lat' dir='ltr'><strong>actiones.</strong></span> <span class='ocrx_word' id='word_1_527' title='bbox 3050 2213 3313 2267; x_wconf 78' lang='lat' dir='ltr'><strong>Dominus</strong></span> <span class='ocrx_word' id='word_1_528' title='bbox 3344 2213 3513 2273; x_wconf 86' lang='lat' dir='ltr'><strong>dedit,</strong></span> <span class='ocrx_word' id='word_1_529' title='bbox 3557 2220 3604 2265; x_wconf 91' lang='lat' dir='ltr'><strong>et</strong></span> <span class='ocrx_word' id='word_1_530' title='bbox 3640 2209 3751 2264; x_wconf 85' lang='lat' dir='ltr'><strong>Do-</strong></span> 
     </span>
    </p>
   </div>
   <div class='ocr_carea' id='block_1_66' title="bbox 2166 2302 3745 2374">
    <p class='ocr_par' dir='ltr' id='par_1_66' title="bbox 2166 2302 3745 2374">
     <span class='ocr_line' id='line_1_66' title="bbox 2166 2302 3745 2374; baseline 0.001 -18"><span class='ocrx_word' id='word_1_531' title='bbox 2166 2305 2341 2357; x_wconf 84' lang='lat' dir='ltr'><strong>minus</strong></span> <span class='ocrx_word' id='word_1_532' title='bbox 2381 2305 2618 2359; x_wconf 85' lang='lat' dir='ltr'><strong>abstulit.</strong></span> <span class='ocrx_word' id='word_1_533' title='bbox 2648 2304 2880 2372; x_wconf 85' lang='lat' dir='ltr'><strong>Quando</strong></span> <span class='ocrx_word' id='word_1_534' title='bbox 2913 2305 3105 2368; x_wconf 86' lang='lat' dir='ltr'><strong>voluit,</strong></span> <span class='ocrx_word' id='word_1_535' title='bbox 3135 2304 3334 2374; x_wconf 83' lang='lat' dir='ltr'><strong>inquit,</strong></span> <span class='ocrx_word' id='word_1_536' title='bbox 3366 2302 3515 2357; x_wconf 88' lang='lat' dir='ltr'><strong>dedit</strong></span> <span class='ocrx_word' id='word_1_537' title='bbox 3554 2311 3614 2357; x_wconf 90' lang='lat' dir='ltr'><strong>ut</strong></span> <span class='ocrx_word' id='word_1_538' title='bbox 3640 2302 3745 2358; x_wconf 88' lang='lat' dir='ltr'><strong>bo-</strong></span> 
     </span>
    </p>
   </div>
   <div class='ocr_carea' id='block_1_67' title="bbox 2172 2398 3748 2466">
    <p class='ocr_par' dir='ltr' id='par_1_67' title="bbox 2172 2398 3748 2466">
     <span class='ocr_line' id='line_1_67' title="bbox 2172 2398 3748 2466; baseline -0.001 -16"><span class='ocrx_word' id='word_1_539' title='bbox 2172 2405 2369 2460; x_wconf 85' lang='lat' dir='ltr'><strong>nus,et</strong></span> <span class='ocrx_word' id='word_1_540' title='bbox 2389 2400 2607 2466; x_wconf 88' lang='lat' dir='ltr'><strong>quando</strong></span> <span class='ocrx_word' id='word_1_541' title='bbox 2623 2398 2793 2453; x_wconf 90' lang='lat' dir='ltr'><strong>voluit</strong></span> <span class='ocrx_word' id='word_1_542' title='bbox 2829 2398 3149 2465; x_wconf 90' lang='lat' dir='ltr'><strong>identidem,</strong></span> <span class='ocrx_word' id='word_1_543' title='bbox 3174 2407 3234 2453; x_wconf 91' lang='lat' dir='ltr'><strong>ut</strong></span> <span class='ocrx_word' id='word_1_544' title='bbox 3267 2398 3473 2452; x_wconf 89' lang='lat' dir='ltr'><strong>habens</strong></span> <span class='ocrx_word' id='word_1_545' title='bbox 3505 2403 3748 2464; x_wconf 84' lang='lat' dir='ltr'><strong>potesta-</strong></span> 
     </span>
    </p>
   </div>
   <div class='ocr_carea' id='block_1_68' title="bbox 2170 2488 3747 2556">
    <p class='ocr_par' dir='ltr' id='par_1_68' title="bbox 2170 2488 3747 2556">
     <span class='ocr_line' id='line_1_68' title="bbox 2170 2488 3747 2556; baseline 0.001 -15"><span class='ocrx_word' id='word_1_546' title='bbox 2170 2496 2278 2542; x_wconf 92' lang='lat' dir='ltr'><strong>tem</strong></span> <span class='ocrx_word' id='word_1_547' title='bbox 2305 2488 2547 2543; x_wconf 87' lang='lat' dir='ltr'><strong>abstulit.</strong></span> <span class='ocrx_word' id='word_1_548' title='bbox 2585 2490 2843 2545; x_wconf 86' lang='lat' dir='ltr'><strong>Dominus</strong></span> <span class='ocrx_word' id='word_1_549' title='bbox 2872 2490 3035 2556; x_wconf 86' lang='lat' dir='ltr'><strong>dedit,</strong></span> <span class='ocrx_word' id='word_1_550' title='bbox 3090 2498 3139 2544; x_wconf 87' lang='lat' dir='ltr'><strong>et</strong></span> <span class='ocrx_word' id='word_1_551' title='bbox 3190 2490 3449 2545; x_wconf 83' lang='lat' dir='ltr'><strong>Dominus</strong></span> <span class='ocrx_word' id='word_1_552' title='bbox 3502 2489 3747 2543; x_wconf 81' lang='lat' dir='ltr'><strong>abstulit.</strong></span> 
     </span>
    </p>
   </div>
   <div class='ocr_carea' id='block_1_69' title="bbox 2172 2580 3748 2651">
    <p class='ocr_par' dir='ltr' id='par_1_69' title="bbox 2172 2580 3748 2651">
     <span class='ocr_line' id='line_1_69' title="bbox 2172 2580 3748 2651; baseline 0.001 -18"><span class='ocrx_word' id='word_1_553' title='bbox 2172 2580 2351 2644; x_wconf 90' lang='lat' dir='ltr'><strong>Dedit,</strong></span> <span class='ocrx_word' id='word_1_554' title='bbox 2375 2581 2571 2650; x_wconf 86' lang='lat' dir='ltr'><strong>inquit,</strong></span> <span class='ocrx_word' id='word_1_555' title='bbox 2600 2591 2660 2636; x_wconf 93' lang='lat' dir='ltr'><strong>ut</strong></span> <span class='ocrx_word' id='word_1_556' title='bbox 2688 2582 2993 2637; x_wconf 85' lang='lat' dir='ltr'><strong>innotescat</strong></span> <span class='ocrx_word' id='word_1_557' title='bbox 3020 2597 3183 2651; x_wconf 88' lang='lat' dir='ltr'><strong>quam</strong></span> <span class='ocrx_word' id='word_1_558' title='bbox 3216 2581 3387 2637; x_wconf 87' lang='lat' dir='ltr'><strong>fidelis</strong></span> <span class='ocrx_word' id='word_1_559' title='bbox 3416 2581 3515 2635; x_wconf 92' lang='lat' dir='ltr'><strong>sim</strong></span> <span class='ocrx_word' id='word_1_560' title='bbox 3544 2618 3558 2643; x_wconf 91' lang='lat'><strong>,</strong></span> <span class='ocrx_word' id='word_1_561' title='bbox 3585 2594 3748 2649; x_wconf 81' lang='lat' dir='ltr'><strong>quam</strong></span> 
     </span>
    </p>
   </div>
   <div class='ocr_carea' id='block_1_70' title="bbox 2168 2674 3748 2744">
    <p class='ocr_par' dir='ltr' id='par_1_70' title="bbox 2168 2674 3748 2744">
     <span class='ocr_line' id='line_1_70' title="bbox 2168 2674 3748 2744; baseline 0.002 -18"><span class='ocrx_word' id='word_1_562' title='bbox 2168 2674 2255 2744; x_wconf 90' lang='lat' dir='ltr'><strong>pie</strong></span> <span class='ocrx_word' id='word_1_563' title='bbox 2289 2675 2637 2743; x_wconf 88' lang='lat' dir='ltr'><strong>dispensem,</strong></span> <span class='ocrx_word' id='word_1_564' title='bbox 2688 2691 2853 2744; x_wconf 90' lang='lat' dir='ltr'><strong>quam</strong></span> <span class='ocrx_word' id='word_1_565' title='bbox 2907 2675 3339 2731; x_wconf 91' lang='lat' dir='ltr'><strong>misericorditer</strong></span> <span class='ocrx_word' id='word_1_566' title='bbox 3400 2676 3748 2733; x_wconf 89' lang='lat' dir='ltr'><strong>distribuam.</strong></span> 
     </span>
    </p>
   </div>
   <div class='ocr_carea' id='block_1_71' title="bbox 2167 2765 3747 2841">
    <p class='ocr_par' dir='ltr' id='par_1_71' title="bbox 2167 2765 3747 2841">
     <span class='ocr_line' id='line_1_71' title="bbox 2167 2765 3747 2841; baseline 0.003 -21"><span class='ocrx_word' id='word_1_567' title='bbox 2167 2765 2403 2821; x_wconf 82' lang='lat' dir='ltr'><strong>Abstulit</strong></span> <span class='ocrx_word' id='word_1_568' title='bbox 2423 2777 2630 2829; x_wconf 87' lang='lat' dir='ltr'><strong>autem,</strong></span> <span class='ocrx_word' id='word_1_569' title='bbox 2661 2776 2718 2821; x_wconf 92' lang='lat' dir='ltr'><strong>ut</strong></span> <span class='ocrx_word' id='word_1_570' title='bbox 2747 2777 3006 2837; x_wconf 89' lang='lat' dir='ltr'><strong>appareat</strong></span> <span class='ocrx_word' id='word_1_571' title='bbox 3035 2768 3306 2837; x_wconf 90' lang='lat' dir='ltr'><strong>quomodo</strong></span> <span class='ocrx_word' id='word_1_572' title='bbox 3337 2771 3543 2839; x_wconf 85' lang='lat' dir='ltr'><strong>gratias</strong></span> <span class='ocrx_word' id='word_1_573' title='bbox 3567 2783 3747 2841; x_wconf 86' lang='lat' dir='ltr'><strong>agam,</strong></span> 
     </span>
    </p>
   </div>
   <div class='ocr_carea' id='block_1_72' title="bbox 2169 2856 3750 2928">
    <p class='ocr_par' dir='ltr' id='par_1_72' title="bbox 2169 2856 3750 2928">
     <span class='ocr_line' id='line_1_72' title="bbox 2169 2856 3750 2928; baseline 0.004 -20"><span class='ocrx_word' id='word_1_574' title='bbox 2169 2856 2443 2924; x_wconf 92' lang='lat' dir='ltr'><strong>quomodo</strong></span> <span class='ocrx_word' id='word_1_575' title='bbox 2470 2858 2755 2922; x_wconf 85' lang='lat' dir='ltr'><strong>confitear,</strong></span> <span class='ocrx_word' id='word_1_576' title='bbox 2813 2857 3090 2927; x_wconf 91' lang='lat' dir='ltr'><strong>quomodo</strong></span> <span class='ocrx_word' id='word_1_577' title='bbox 3142 2859 3386 2921; x_wconf 89' lang='lat' dir='ltr'><strong>adorem,</strong></span> <span class='ocrx_word' id='word_1_578' title='bbox 3429 2858 3550 2928; x_wconf 89' lang='lat' dir='ltr'><strong>plus</strong></span> <span class='ocrx_word' id='word_1_579' title='bbox 3605 2874 3750 2915; x_wconf 83' lang='lat' dir='ltr'><strong>nunc</strong></span> 
     </span>
    </p>
   </div>
   <div class='ocr_carea' id='block_1_73' title="bbox 2171 2948 3747 3019">
    <p class='ocr_par' dir='ltr' id='par_1_73' title="bbox 2171 2948 3747 3019">
     <span class='ocr_line' id='line_1_73' title="bbox 2171 2948 3747 3019; baseline 0.004 -19"><span class='ocrx_word' id='word_1_580' title='bbox 2171 2948 2333 3003; x_wconf 87' lang='lat' dir='ltr'><strong>rebus</strong></span> <span class='ocrx_word' id='word_1_581' title='bbox 2361 2948 2612 3011; x_wconf 89' lang='lat' dir='ltr'><strong>sublatis,</strong></span> <span class='ocrx_word' id='word_1_582' title='bbox 2640 2963 2803 3017; x_wconf 89' lang='lat' dir='ltr'><strong>quam</strong></span> <span class='ocrx_word' id='word_1_583' title='bbox 2840 2949 3050 3019; x_wconf 87' lang='lat' dir='ltr'><strong>pridem</strong></span> <span class='ocrx_word' id='word_1_584' title='bbox 3088 2949 3250 3005; x_wconf 86' lang='lat' dir='ltr'><strong>datis.</strong></span> <span class='ocrx_word' id='word_1_585' title='bbox 3286 2949 3550 3005; x_wconf 82' lang='lat' dir='ltr'><strong>Dominus</strong></span> <span class='ocrx_word' id='word_1_586' title='bbox 3577 2951 3747 3016; x_wconf 87' lang='lat' dir='ltr'><strong>dedit,</strong></span> 
     </span>
    </p>
   </div>
   <div class='ocr_carea' id='block_1_74' title="bbox 2172 3042 3748 3106">
    <p class='ocr_par' dir='ltr' id='par_1_74' title="bbox 2172 3042 3748 3106">
     <span class='ocr_line' id='line_1_74' title="bbox 2172 3042 3748 3106; baseline 0.001 -8"><span class='ocrx_word' id='word_1_587' title='bbox 2172 3051 2219 3098; x_wconf 88' lang='lat' dir='ltr'><strong>et</strong></span> <span class='ocrx_word' id='word_1_588' title='bbox 2244 3042 2505 3097; x_wconf 82' lang='lat' dir='ltr'><strong>Dominus</strong></span> <span class='ocrx_word' id='word_1_589' title='bbox 2525 3042 2764 3097; x_wconf 83' lang='lat' dir='ltr'><strong>abstulit.</strong></span> <span class='ocrx_word' id='word_1_590' title='bbox 2782 3042 2939 3097; x_wconf 87' lang='lat' dir='ltr'><strong>Dedit</strong></span> <span class='ocrx_word' id='word_1_591' title='bbox 2961 3058 3056 3097; x_wconf 91' lang='lat' dir='ltr'><strong>sua</strong></span> <span class='ocrx_word' id='word_1_592' title='bbox 3080 3045 3342 3098; x_wconf 90' lang='lat' dir='ltr'><strong>etiterum</strong></span> <span class='ocrx_word' id='word_1_593' title='bbox 3368 3044 3591 3098; x_wconf 90' lang='lat' dir='ltr'><strong>abstulit</strong></span> <span class='ocrx_word' id='word_1_594' title='bbox 3615 3056 3711 3099; x_wconf 84' lang='lat' dir='ltr'><strong>sua</strong></span> <span class='ocrx_word' id='word_1_595' title='bbox 3733 3061 3748 3106; x_wconf 67' lang='grc' dir='ltr'><strong>ι</strong></span> 
     </span>
    </p>
   </div>
   <div class='ocr_carea' id='block_1_75' title="bbox 2171 3134 3752 3210">
    <p class='ocr_par' dir='ltr' id='par_1_75' title="bbox 2171 3134 3752 3210">
     <span class='ocr_line' id='line_1_75' title="bbox 2171 3134 3752 3210; baseline -0.004 -16"><span class='ocrx_word' id='word_1_596' title='bbox 2171 3152 2292 3210; x_wconf 86' lang='lat' dir='ltr'><strong>ego,</strong></span> <span class='ocrx_word' id='word_1_597' title='bbox 2322 3135 2517 3205; x_wconf 89' lang='lat' dir='ltr'><strong>inquit,</strong></span> <span class='ocrx_word' id='word_1_598' title='bbox 2557 3134 2693 3189; x_wconf 89' lang='lat' dir='ltr'><strong>nihil</strong></span> <span class='ocrx_word' id='word_1_599' title='bbox 2735 3134 2918 3200; x_wconf 89' lang='lat' dir='ltr'><strong>amisi,</strong></span> <span class='ocrx_word' id='word_1_600' title='bbox 2958 3136 3164 3191; x_wconf 92' lang='lat' dir='ltr'><strong>nullum</strong></span> <span class='ocrx_word' id='word_1_601' title='bbox 3201 3150 3397 3205; x_wconf 90' lang='lat' dir='ltr'><strong>passus</strong></span> <span class='ocrx_word' id='word_1_602' title='bbox 3421 3151 3539 3189; x_wconf 90' lang='lat' dir='ltr'><strong>sum</strong></span> <span class='ocrx_word' id='word_1_603' title='bbox 3577 3136 3752 3192; x_wconf 56' lang='lat' dir='ltr'><strong>detri-t</strong></span> 
     </span>
    </p>
   </div>
   <div class='ocr_carea' id='block_1_76' title="bbox 2175 3226 3754 3297">
    <p class='ocr_par' dir='ltr' id='par_1_76' title="bbox 2175 3226 3754 3297">
     <span class='ocr_line' id='line_1_76' title="bbox 2175 3226 3754 3297; baseline -0.003 -12"><span class='ocrx_word' id='word_1_604' title='bbox 2175 3240 2437 3285; x_wconf 89' lang='lat' dir='ltr'><strong>mentum.</strong></span> <span class='ocrx_word' id='word_1_605' title='bbox 2486 3226 2679 3283; x_wconf 75' lang='lat' dir='ltr'><strong>Merito</strong></span> <span class='ocrx_word' id='word_1_606' title='bbox 2732 3238 3018 3297; x_wconf 90' lang='lat' dir='ltr'><strong>postquam</strong></span> <span class='ocrx_word' id='word_1_607' title='bbox 3047 3242 3177 3282; x_wconf 88' lang='lat' dir='ltr'><strong>usus</strong></span> <span class='ocrx_word' id='word_1_608' title='bbox 3211 3242 3332 3281; x_wconf 91' lang='lat' dir='ltr'><strong>sum</strong></span> <span class='ocrx_word' id='word_1_609' title='bbox 3370 3226 3603 3293; x_wconf 85' lang='lat' dir='ltr'><strong>reddidi,</strong></span> <span class='ocrx_word' id='word_1_610' title='bbox 3640 3242 3754 3280; x_wconf 69' lang='lat' dir='ltr'><strong>mu~</strong></span> 
     </span>
    </p>
   </div>
   <div class='ocr_carea' id='block_1_77' title="bbox 2171 3316 3759 3390">
    <p class='ocr_par' dir='ltr' id='par_1_77' title="bbox 2171 3316 3759 3390">
     <span class='ocr_line' id='line_1_77' title="bbox 2171 3316 3759 3390; baseline -0.003 -13"><span class='ocrx_word' id='word_1_611' title='bbox 2171 3322 2343 3377; x_wconf 88' lang='lat' dir='ltr'><strong>tuanti</strong></span> <span class='ocrx_word' id='word_1_612' title='bbox 2386 3321 2519 3376; x_wconf 90' lang='lat' dir='ltr'><strong>mihi</strong></span> <span class='ocrx_word' id='word_1_613' title='bbox 2548 3336 2610 3374; x_wconf 91' lang='lat' dir='ltr'><strong>ea</strong></span> <span class='ocrx_word' id='word_1_614' title='bbox 2638 3320 2843 3389; x_wconf 87' lang='lat' dir='ltr'><strong>gratias</strong></span> <span class='ocrx_word' id='word_1_615' title='bbox 2879 3333 3067 3390; x_wconf 88' lang='lat' dir='ltr'><strong>agens.</strong></span> <span class='ocrx_word' id='word_1_616' title='bbox 3099 3318 3359 3373; x_wconf 84' lang='lat' dir='ltr'><strong>Dominus</strong></span> <span class='ocrx_word' id='word_1_617' title='bbox 3386 3318 3549 3385; x_wconf 84' lang='lat' dir='ltr'><strong>dedit,</strong></span> <span class='ocrx_word' id='word_1_618' title='bbox 3572 3327 3622 3372; x_wconf 90' lang='lat' dir='ltr'><strong>et</strong></span> <span class='ocrx_word' id='word_1_619' title='bbox 3652 3316 3759 3372; x_wconf 90' lang='lat' dir='ltr'><strong>Do-</strong></span> 
     </span>
    </p>
   </div>
   <div class='ocr_carea' id='block_1_78' title="bbox 2168 3409 3756 3479">
    <p class='ocr_par' dir='ltr' id='par_1_78' title="bbox 2168 3409 3756 3479">
     <span class='ocr_line' id='line_1_78' title="bbox 2168 3409 3756 3479; baseline -0.004 -11"><span class='ocrx_word' id='word_1_620' title='bbox 2168 3414 2342 3468; x_wconf 85' lang='lat' dir='ltr'><strong>minus</strong></span> <span class='ocrx_word' id='word_1_621' title='bbox 2365 3411 2604 3476; x_wconf 90' lang='lat' dir='ltr'><strong>abstulit,</strong></span> <span class='ocrx_word' id='word_1_622' title='bbox 2632 3412 2767 3467; x_wconf 83' lang='lat' dir='ltr'><strong>sicut</strong></span> <span class='ocrx_word' id='word_1_623' title='bbox 2800 3410 3023 3464; x_wconf 87' lang='lat' dir='ltr'><strong>Domino</strong></span> <span class='ocrx_word' id='word_1_624' title='bbox 3047 3409 3249 3479; x_wconf 84' lang='lat' dir='ltr'><strong>placuit</strong></span> <span class='ocrx_word' id='word_1_625' title='bbox 3280 3410 3359 3463; x_wconf 89' lang='lat' dir='ltr'><strong>ita</strong></span> <span class='ocrx_word' id='word_1_626' title='bbox 3397 3409 3609 3471; x_wconf 80' lang='lat' dir='ltr'><strong>factum</strong></span> <span class='ocrx_word' id='word_1_627' title='bbox 3639 3417 3756 3472; x_wconf 74' lang='lat' dir='ltr'><strong>est;</strong></span> 
     </span>
    </p>
   </div>
   <div class='ocr_carea' id='block_1_79' title="bbox 2168 3498 3758 3566">
    <p class='ocr_par' dir='ltr' id='par_1_79' title="bbox 2168 3498 3758 3566">
     <span class='ocr_line' id='line_1_79' title="bbox 2168 3498 3758 3566; baseline -0.002 -10"><span class='ocrx_word' id='word_1_628' title='bbox 2168 3505 2237 3558; x_wconf 92' lang='lat' dir='ltr'><strong>sit</strong></span> <span class='ocrx_word' id='word_1_629' title='bbox 2266 3519 2453 3557; x_wconf 85' lang='lat' dir='ltr'><strong>nomen</strong></span> <span class='ocrx_word' id='word_1_630' title='bbox 2483 3502 2697 3556; x_wconf 88' lang='lat' dir='ltr'><strong>Domini</strong></span> <span class='ocrx_word' id='word_1_631' title='bbox 2734 3500 3089 3556; x_wconf 86' lang='lat' dir='ltr'><strong>benedictum.</strong></span> <span class='ocrx_word' id='word_1_632' title='bbox 3121 3498 3261 3566; x_wconf 85' lang='lat' dir='ltr'><strong>Quid</strong></span> <span class='ocrx_word' id='word_1_633' title='bbox 3310 3499 3467 3564; x_wconf 87' lang='lat' dir='ltr'><strong>dicis,</strong></span> <span class='ocrx_word' id='word_1_634' title='bbox 3509 3514 3543 3554; x_wconf 89' lang='grc' dir='ltr'>ο</span> <span class='ocrx_word' id='word_1_635' title='bbox 3600 3498 3758 3553; x_wconf 86' lang='lat' dir='ltr'><strong>beate</strong></span> 
     </span>
    </p>
   </div>
   <div class='ocr_carea' id='block_1_80' title="bbox 2171 3591 3760 3657">
    <p class='ocr_par' dir='ltr' id='par_1_80' title="bbox 2171 3591 3760 3657">
     <span class='ocr_line' id='line_1_80' title="bbox 2171 3591 3760 3657; baseline -0.003 -6"><span class='ocrx_word' id='word_1_636' title='bbox 2171 3595 2309 3652; x_wconf 85' lang='lat' dir='ltr'><strong>Job?</strong></span> <span class='ocrx_word' id='word_1_637' title='bbox 2338 3595 2599 3652; x_wconf 89' lang='lat' dir='ltr'><strong>Dominus</strong></span> <span class='ocrx_word' id='word_1_638' title='bbox 2627 3610 2755 3651; x_wconf 82' lang='lat' dir='ltr'><strong>vere</strong></span> <span class='ocrx_word' id='word_1_639' title='bbox 2802 3593 2972 3657; x_wconf 90' lang='lat' dir='ltr'><strong>dedit,</strong></span> <span class='ocrx_word' id='word_1_640' title='bbox 3021 3595 3119 3650; x_wconf 88' lang='lat' dir='ltr'><strong>sed</strong></span> <span class='ocrx_word' id='word_1_641' title='bbox 3177 3607 3284 3647; x_wconf 91' lang='lat' dir='ltr'><strong>non</strong></span> <span class='ocrx_word' id='word_1_642' title='bbox 3320 3591 3583 3647; x_wconf 90' lang='lat' dir='ltr'><strong>Dominus</strong></span> <span class='ocrx_word' id='word_1_643' title='bbox 3627 3604 3760 3647; x_wconf 88' lang='lat' dir='ltr'><strong>vere</strong></span> 
     </span>
    </p>
   </div>
   <div class='ocr_carea' id='block_1_81' title="bbox 2170 3684 3756 3756">
    <p class='ocr_par' dir='ltr' id='par_1_81' title="bbox 2170 3684 3756 3756">
     <span class='ocr_line' id='line_1_81' title="bbox 2170 3684 3756 3756; baseline -0.002 -13"><span class='ocrx_word' id='word_1_644' title='bbox 2170 3689 2414 3755; x_wconf 86' lang='lat' dir='ltr'><strong>abstulit,</strong></span> <span class='ocrx_word' id='word_1_645' title='bbox 2451 3687 2544 3743; x_wconf 88' lang='lat' dir='ltr'><strong>sed</strong></span> <span class='ocrx_word' id='word_1_646' title='bbox 2578 3688 2798 3743; x_wconf 88' lang='lat' dir='ltr'><strong>abstulit</strong></span> <span class='ocrx_word' id='word_1_647' title='bbox 2827 3688 3073 3744; x_wconf 89' lang='lat' dir='ltr'><strong>omnium</strong></span> <span class='ocrx_word' id='word_1_648' title='bbox 3105 3686 3361 3741; x_wconf 89' lang='lat' dir='ltr'><strong>inimicus</strong></span> <span class='ocrx_word' id='word_1_649' title='bbox 3389 3697 3445 3739; x_wconf 89' lang='lat' dir='ltr'><strong>et</strong></span> <span class='ocrx_word' id='word_1_650' title='bbox 3475 3684 3756 3756; x_wconf 84' lang='lat' dir='ltr'><strong>nequissi-</strong></span> 
     </span>
    </p>
   </div>
   <div class='ocr_carea' id='block_1_82' title="bbox 2170 3778 3761 3848">
    <p class='ocr_par' dir='ltr' id='par_1_82' title="bbox 2170 3778 3761 3848">
     <span class='ocr_line' id='line_1_82' title="bbox 2170 3778 3761 3848; baseline -0.003 -13"><span class='ocrx_word' id='word_1_651' title='bbox 2170 3795 2293 3835; x_wconf 88' lang='lat' dir='ltr'><strong>mus</strong></span> <span class='ocrx_word' id='word_1_652' title='bbox 2322 3779 2671 3835; x_wconf 81' lang='lat' dir='ltr'><strong>adversarius</strong></span> <span class='ocrx_word' id='word_1_653' title='bbox 2722 3789 2888 3848; x_wconf 89' lang='lat' dir='ltr'><strong>atque</strong></span> <span class='ocrx_word' id='word_1_654' title='bbox 2936 3779 3153 3833; x_wconf 90' lang='lat' dir='ltr'><strong>invidus</strong></span> <span class='ocrx_word' id='word_1_655' title='bbox 3183 3778 3456 3833; x_wconf 88' lang='lat' dir='ltr'><strong>diabolus.</strong></span> <span class='ocrx_word' id='word_1_656' title='bbox 3495 3778 3761 3837; x_wconf 84' lang='lat' dir='ltr'><strong>Dominus</strong></span> 
     </span>
    </p>
   </div>
   <div class='ocr_carea' id='block_1_83' title="bbox 2172 3868 3759 3936">
    <p class='ocr_par' dir='ltr' id='par_1_83' title="bbox 2172 3868 3759 3936">
     <span class='ocr_line' id='line_1_83' title="bbox 2172 3868 3759 3936; baseline -0.001 -10"><span class='ocrx_word' id='word_1_657' title='bbox 2172 3870 2340 3936; x_wconf 88' lang='lat' dir='ltr'><strong>dedit,</strong></span> <span class='ocrx_word' id='word_1_658' title='bbox 2374 3873 2467 3925; x_wconf 88' lang='lat' dir='ltr'><strong>sed</strong></span> <span class='ocrx_word' id='word_1_659' title='bbox 2509 3868 2854 3925; x_wconf 87' lang='lat' dir='ltr'><strong>adversarius</strong></span> <span class='ocrx_word' id='word_1_660' title='bbox 2879 3870 3125 3924; x_wconf 88' lang='lat' dir='ltr'><strong>abstulit.</strong></span> <span class='ocrx_word' id='word_1_661' title='bbox 3157 3869 3425 3925; x_wconf 87' lang='lat' dir='ltr'><strong>Dominus</strong></span> <span class='ocrx_word' id='word_1_662' title='bbox 3475 3868 3647 3933; x_wconf 87' lang='lat' dir='ltr'><strong>dedit,</strong></span> <span class='ocrx_word' id='word_1_663' title='bbox 3702 3879 3759 3925; x_wconf 91' lang='lat' dir='ltr'><strong>et</strong></span> 
     </span>
    </p>
   </div>
   <div class='ocr_carea' id='block_1_84' title="bbox 2172 3961 3754 4033">
    <p class='ocr_par' dir='ltr' id='par_1_84' title="bbox 2172 3961 3754 4033">
     <span class='ocr_line' id='line_1_84' title="bbox 2172 3961 3754 4033; baseline -0.003 -15"><span class='ocrx_word' id='word_1_664' title='bbox 2172 3964 2425 4019; x_wconf 90' lang='lat' dir='ltr'><strong>inimicus</strong></span> <span class='ocrx_word' id='word_1_665' title='bbox 2448 3964 2635 4033; x_wconf 88' lang='lat' dir='ltr'><strong>refuga</strong></span> <span class='ocrx_word' id='word_1_666' title='bbox 2664 3962 2916 4017; x_wconf 88' lang='lat' dir='ltr'><strong>abstulit.</strong></span> <span class='ocrx_word' id='word_1_667' title='bbox 2946 3961 3118 4017; x_wconf 88' lang='lat' dir='ltr'><strong>Porro</strong></span> <span class='ocrx_word' id='word_1_668' title='bbox 3142 3962 3185 4017; x_wconf 89' lang='lat' dir='ltr'><strong>si</strong></span> <span class='ocrx_word' id='word_1_669' title='bbox 3230 3961 3483 4016; x_wconf 89' lang='lat' dir='ltr'><strong>diabolus</strong></span> <span class='ocrx_word' id='word_1_670' title='bbox 3508 3961 3754 4029; x_wconf 80' lang='lat' dir='ltr'><strong>abstulit,</strong></span> 
     </span>
    </p>
   </div>
   <div class='ocr_carea' id='block_1_85' title="bbox 2172 4053 3761 4126">
    <p class='ocr_par' dir='ltr' id='par_1_85' title="bbox 2172 4053 3761 4126">
     <span class='ocr_line' id='line_1_85' title="bbox 2172 4053 3761 4126; baseline -0.002 -16"><span class='ocrx_word' id='word_1_671' title='bbox 2172 4057 2442 4126; x_wconf 89' lang='lat' dir='ltr'><strong>quomodo</strong></span> <span class='ocrx_word' id='word_1_672' title='bbox 2481 4054 2616 4109; x_wconf 92' lang='lat' dir='ltr'><strong>dicit</strong></span> <span class='ocrx_word' id='word_1_673' title='bbox 2642 4053 2746 4110; x_wconf 78' lang='lat' dir='ltr'><strong>Job</strong></span> <span class='ocrx_word' id='word_1_674' title='bbox 2770 4055 2914 4123; x_wconf 93' lang='lat' dir='ltr'><strong>quod</strong></span> <span class='ocrx_word' id='word_1_675' title='bbox 2955 4054 3217 4109; x_wconf 89' lang='lat' dir='ltr'><strong>Dominus</strong></span> <span class='ocrx_word' id='word_1_676' title='bbox 3245 4054 3573 4109; x_wconf 80' lang='lat' dir='ltr'><strong>abstulerit?</strong></span> <span class='ocrx_word' id='word_1_677' title='bbox 3603 4054 3761 4125; x_wconf 87' lang='lat' dir='ltr'><strong>Igno-</strong></span> 
     </span>
    </p>
   </div>
   <div class='ocr_carea' id='block_1_86' title="bbox 2176 4144 3758 4215">
    <p class='ocr_par' dir='ltr' id='par_1_86' title="bbox 2176 4144 3758 4215">
     <span class='ocr_line' id='line_1_86' title="bbox 2176 4144 3758 4215; baseline -0.003 -13"><span class='ocrx_word' id='word_1_678' title='bbox 2176 4161 2303 4202; x_wconf 89' lang='lat' dir='ltr'><strong>rans</strong></span> <span class='ocrx_word' id='word_1_679' title='bbox 2337 4154 2500 4215; x_wconf 87' lang='lat' dir='ltr'><strong>atque</strong></span> <span class='ocrx_word' id='word_1_680' title='bbox 2533 4161 2631 4215; x_wconf 90' lang='lat' dir='ltr'><strong>per</strong></span> <span class='ocrx_word' id='word_1_681' title='bbox 2652 4146 3017 4214; x_wconf 77' lang='lat' dir='ltr'><strong>suspicionem</strong></span> <span class='ocrx_word' id='word_1_682' title='bbox 3041 4145 3197 4200; x_wconf 91' lang='lat' dir='ltr'><strong>dicit.</strong></span> <span class='ocrx_word' id='word_1_683' title='bbox 3232 4144 3465 4198; x_wconf 85' lang='lat' dir='ltr'><strong>Putabat</strong></span> <span class='ocrx_word' id='word_1_684' title='bbox 3494 4144 3640 4197; x_wconf 91' lang='lat' dir='ltr'><strong>enim</strong></span> <span class='ocrx_word' id='word_1_685' title='bbox 3674 4151 3758 4197; x_wconf 86' lang='lat' dir='ltr'><strong>at-</strong></span> 
     </span>
    </p>
   </div>
   <div class='ocr_carea' id='block_1_87' title="bbox 2175 4236 3760 4308">
    <p class='ocr_par' dir='ltr' id='par_1_87' title="bbox 2175 4236 3760 4308">
     <span class='ocr_line' id='line_1_87' title="bbox 2175 4236 3760 4308; baseline -0.001 -15"><span class='ocrx_word' id='word_1_686' title='bbox 2175 4254 2282 4308; x_wconf 89' lang='lat' dir='ltr'><strong>que</strong></span> <span class='ocrx_word' id='word_1_687' title='bbox 2311 4238 2688 4293; x_wconf 89' lang='lat' dir='ltr'><strong>arbitrabatur</strong></span> <span class='ocrx_word' id='word_1_688' title='bbox 2703 4237 2847 4306; x_wconf 92' lang='lat' dir='ltr'><strong>quod</strong></span> <span class='ocrx_word' id='word_1_689' title='bbox 2871 4236 3129 4290; x_wconf 83' lang='lat' dir='ltr'><strong>Dominus</strong></span> <span class='ocrx_word' id='word_1_690' title='bbox 3150 4236 3459 4301; x_wconf 89' lang='lat' dir='ltr'><strong>abstulerit,</strong></span> <span class='ocrx_word' id='word_1_691' title='bbox 3482 4249 3536 4291; x_wconf 88' lang='lat' dir='ltr'><strong>et</strong></span> <span class='ocrx_word' id='word_1_692' title='bbox 3550 4236 3760 4293; x_wconf 89' lang='lat' dir='ltr'><strong>nescie-</strong></span> 
     </span>
    </p>
   </div>
   <div class='ocr_carea' id='block_1_88' title="bbox 2173 4329 3757 4401">
    <p class='ocr_par' dir='ltr' id='par_1_88' title="bbox 2173 4329 3757 4401">
     <span class='ocr_line' id='line_1_88' title="bbox 2173 4329 3757 4401; baseline -0.003 -13"><span class='ocrx_word' id='word_1_693' title='bbox 2173 4334 2267 4388; x_wconf 87' lang='lat' dir='ltr'><strong>bat</strong></span> <span class='ocrx_word' id='word_1_694' title='bbox 2299 4332 2439 4401; x_wconf 90' lang='lat' dir='ltr'><strong>quod</strong></span> <span class='ocrx_word' id='word_1_695' title='bbox 2463 4330 2712 4384; x_wconf 90' lang='lat' dir='ltr'><strong>diabolus</strong></span> <span class='ocrx_word' id='word_1_696' title='bbox 2746 4329 2987 4391; x_wconf 90' lang='lat' dir='ltr'><strong>abstulit,</strong></span> <span class='ocrx_word' id='word_1_697' title='bbox 3033 4329 3369 4385; x_wconf 85' lang='lat' dir='ltr'><strong>concedente</strong></span> <span class='ocrx_word' id='word_1_698' title='bbox 3408 4330 3638 4385; x_wconf 90' lang='lat' dir='ltr'><strong>Domino</strong></span> <span class='ocrx_word' id='word_1_699' title='bbox 3671 4340 3757 4384; x_wconf 84' lang='lat' dir='ltr'><strong>at-</strong></span> 
     </span>
    </p>
   </div>
   <div class='ocr_carea' id='block_1_89' title="bbox 2173 4418 3757 4494">
    <p class='ocr_par' dir='ltr' id='par_1_89' title="bbox 2173 4418 3757 4494">
     <span class='ocr_line' id='line_1_89' title="bbox 2173 4418 3757 4494; baseline 0 -19"><span class='ocrx_word' id='word_1_700' title='bbox 2173 4439 2281 4494; x_wconf 89' lang='lat' dir='ltr'><strong>que</strong></span> <span class='ocrx_word' id='word_1_701' title='bbox 2316 4422 2691 4493; x_wconf 90' lang='lat' dir='ltr'><strong>permittente.</strong></span> <span class='ocrx_word' id='word_1_702' title='bbox 2740 4421 2879 4491; x_wconf 87' lang='lat' dir='ltr'><strong>Ergo</strong></span> <span class='ocrx_word' id='word_1_703' title='bbox 2914 4421 3050 4475; x_wconf 89' lang='lat' dir='ltr'><strong>dicit</strong></span> <span class='ocrx_word' id='word_1_704' title='bbox 3087 4418 3228 4476; x_wconf 86' lang='lat' dir='ltr'><strong>Job:</strong></span> <span class='ocrx_word' id='word_1_705' title='bbox 3287 4420 3545 4476; x_wconf 82' lang='lat' dir='ltr'><strong>Dominus</strong></span> <span class='ocrx_word' id='word_1_706' title='bbox 3572 4422 3757 4485; x_wconf 88' lang='lat' dir='ltr'><strong>dedit,</strong></span> 
     </span>
    </p>
   </div>
   <div class='ocr_carea' id='block_1_90' title="bbox 492 4513 3760 4587">
    <p class='ocr_par' dir='ltr' id='par_1_90' title="bbox 492 4513 3760 4587">
     <span class='ocr_line' id='line_1_90' title="bbox 492 4513 3760 4587; baseline -0.002 -15"><span class='ocrx_word' id='word_1_707' title='bbox 492 4518 815 4587; x_wconf 78' lang='lat' dir='ltr'><strong>proprietas,</strong></span> <span class='ocrx_word' id='word_1_708' title='bbox 877 4517 966 4570; x_wconf 88' lang='lat' dir='ltr'><strong>ubi</strong></span> <span class='ocrx_word' id='word_1_709' title='bbox 1020 4517 1187 4572; x_wconf 68' lang='lat' dir='ltr'><strong>Israel</strong></span> <span class='ocrx_word' id='word_1_710' title='bbox 1250 4517 1562 4581; x_wconf 88' lang='lat' dir='ltr'><strong>familiaris,</strong></span> <span class='ocrx_word' id='word_1_711' title='bbox 1603 4518 1697 4573; x_wconf 89' lang='lat' dir='ltr'><strong>ubi</strong></span> <span class='ocrx_word' id='word_1_712' title='bbox 1754 4528 2067 4574; x_wconf 90' lang='lat' dir='ltr'><strong>sanctorum</strong></span> <span class='ocrx_word' id='word_1_713' title='bbox 2106 4528 2146 4582; x_wconf 81' lang='grc' dir='ltr'>ι)</span> <span class='ocrx_word' id='word_1_714' title='bbox 2180 4517 2434 4571; x_wconf 85' lang='lat' dir='ltr'><strong>Dominus</strong></span> <span class='ocrx_word' id='word_1_715' title='bbox 2467 4513 3140 4580; x_wconf 84' lang='lat' dir='ltr'><strong>abstulit;sicutDomino</strong></span> <span class='ocrx_word' id='word_1_716' title='bbox 3175 4514 3377 4585; x_wconf 86' lang='lat' dir='ltr'><strong>placuit</strong></span> <span class='ocrx_word' id='word_1_717' title='bbox 3432 4514 3508 4568; x_wconf 87' lang='lat' dir='ltr'><strong>ita</strong></span> <span class='ocrx_word' id='word_1_718' title='bbox 3556 4514 3760 4583; x_wconf 77' lang='lat' dir='ltr'><strong>factum</strong></span> 
     </span>
    </p>
   </div>
   <div class='ocr_carea' id='block_1_91' title="bbox 492 4608 2067 4681">
    <p class='ocr_par' dir='ltr' id='par_1_91' title="bbox 492 4608 2067 4681">
     <span class='ocr_line' id='line_1_91' title="bbox 492 4608 2067 4681; baseline 0.002 -20"><span class='ocrx_word' id='word_1_719' title='bbox 492 4609 707 4673; x_wconf 71' lang='lat' dir='ltr'><strong>animae,</strong></span> <span class='ocrx_word' id='word_1_720' title='bbox 748 4608 834 4661; x_wconf 90' lang='lat' dir='ltr'><strong>ubi</strong></span> <span class='ocrx_word' id='word_1_721' title='bbox 868 4608 1185 4677; x_wconf 87' lang='lat' dir='ltr'><strong>angelorum</strong></span> <span class='ocrx_word' id='word_1_722' title='bbox 1234 4610 1412 4673; x_wconf 88' lang='lat' dir='ltr'><strong>chori,</strong></span> <span class='ocrx_word' id='word_1_723' title='bbox 1466 4611 1556 4665; x_wconf 93' lang='lat' dir='ltr'><strong>ubi</strong></span> <span class='ocrx_word' id='word_1_724' title='bbox 1617 4609 2067 4681; x_wconf 90' lang='lat' dir='ltr'><strong>archangelorum</strong></span> 
     </span>
    </p>
   </div>
   <div class='ocr_carea' id='block_1_92' title="bbox 492 4698 2065 4768">
    <p class='ocr_par' dir='ltr' id='par_1_92' title="bbox 492 4698 2065 4768">
     <span class='ocr_line' id='line_1_92' title="bbox 492 4698 2065 4768; baseline 0.002 -15"><span class='ocrx_word' id='word_1_725' title='bbox 492 4714 678 4762; x_wconf 87' lang='lat' dir='ltr'><strong>voces.</strong></span> <span class='ocrx_word' id='word_1_726' title='bbox 714 4701 802 4754; x_wconf 92' lang='lat' dir='ltr'><strong>ubi</strong></span> <span class='ocrx_word' id='word_1_727' title='bbox 833 4698 1072 4768; x_wconf 90' lang='lat' dir='ltr'><strong>Spiritus</strong></span> <span class='ocrx_word' id='word_1_728' title='bbox 1097 4702 1272 4755; x_wconf 82' lang='lat' dir='ltr'><strong>sancti</strong></span> <span class='ocrx_word' id='word_1_729' title='bbox 1298 4701 1623 4757; x_wconf 90' lang='lat' dir='ltr'><strong>illuminatio</strong></span> <span class='ocrx_word' id='word_1_730' title='bbox 1647 4741 1662 4765; x_wconf 91' lang='lat'><strong>,</strong></span> <span class='ocrx_word' id='word_1_731' title='bbox 1717 4702 1808 4757; x_wconf 91' lang='lat' dir='ltr'><strong>ubi</strong></span> <span class='ocrx_word' id='word_1_732' title='bbox 1858 4702 2065 4757; x_wconf 90' lang='lat' dir='ltr'><strong>Christi</strong></span> 
     </span>
    </p>
   </div>
   <div class='ocr_carea' id='block_1_93' title="bbox 493 4790 2069 4861">
    <p class='ocr_par' dir='ltr' id='par_1_93' title="bbox 493 4790 2069 4861">
     <span class='ocr_line' id='line_1_93' title="bbox 493 4790 2069 4861; baseline 0.001 -15"><span class='ocrx_word' id='word_1_733' title='bbox 493 4805 749 4861; x_wconf 90' lang='lat' dir='ltr'><strong>regnum,</strong></span> <span class='ocrx_word' id='word_1_734' title='bbox 812 4790 900 4846; x_wconf 86' lang='lat' dir='ltr'><strong>ubi</strong></span> <span class='ocrx_word' id='word_1_735' title='bbox 932 4791 1121 4845; x_wconf 68' lang='lat' dir='ltr'><strong>aeterni</strong></span> <span class='ocrx_word' id='word_1_736' title='bbox 1159 4791 1255 4847; x_wconf 89' lang='lat' dir='ltr'><strong>Dei</strong></span> <span class='ocrx_word' id='word_1_737' title='bbox 1324 4791 1503 4848; x_wconf 86' lang='lat' dir='ltr'><strong>Patris</strong></span> <span class='ocrx_word' id='word_1_738' title='bbox 1536 4794 1737 4848; x_wconf 82' lang='lat' dir='ltr'><strong>infecta</strong></span> <span class='ocrx_word' id='word_1_739' title='bbox 1775 4793 1946 4861; x_wconf 88' lang='lat' dir='ltr'><strong>gloria</strong></span> <span class='ocrx_word' id='word_1_740' title='bbox 1986 4802 2069 4847; x_wconf 89' lang='lat' dir='ltr'><strong>at-</strong></span> 
     </span>
    </p>
   </div>
   <div class='ocr_carea' id='block_1_94' title="bbox 491 4878 2067 4951">
    <p class='ocr_par' dir='ltr' id='par_1_94' title="bbox 491 4878 2067 4951">
     <span class='ocr_line' id='line_1_94' title="bbox 491 4878 2067 4951; baseline -0.003 -15"><span class='ocrx_word' id='word_1_741' title='bbox 491 4896 597 4951; x_wconf 90' lang='lat' dir='ltr'><strong>que</strong></span> <span class='ocrx_word' id='word_1_742' title='bbox 620 4881 815 4936; x_wconf 86' lang='lat' dir='ltr'><strong>beatus</strong></span> <span class='ocrx_word' id='word_1_743' title='bbox 847 4890 1195 4950; x_wconf 88' lang='lat' dir='ltr'><strong>conspectus.</strong></span> <span class='ocrx_word' id='word_1_744' title='bbox 1228 4878 1381 4948; x_wconf 90' lang='lat' dir='ltr'><strong>Illuc,</strong></span> <span class='ocrx_word' id='word_1_745' title='bbox 1414 4881 1614 4951; x_wconf 90' lang='lat' dir='ltr'><strong>inquit,</strong></span> <span class='ocrx_word' id='word_1_746' title='bbox 1647 4881 1760 4945; x_wconf 90' lang='lat' dir='ltr'><strong>ibo,</strong></span> <span class='ocrx_word' id='word_1_747' title='bbox 1794 4880 1920 4935; x_wconf 89' lang='lat' dir='ltr'><strong>illuc</strong></span> <span class='ocrx_word' id='word_1_748' title='bbox 1943 4894 2067 4948; x_wconf 82' lang='lat' dir='ltr'><strong>per-</strong></span> 
     </span>
    </p>
   </div>
   <div class='ocr_carea' id='block_1_95' title="bbox 492 4970 2069 5041">
    <p class='ocr_par' dir='ltr' id='par_1_95' title="bbox 492 4970 2069 5041">
     <span class='ocr_line' id='line_1_95' title="bbox 492 4970 2069 5041; baseline -0.001 -16"><span class='ocrx_word' id='word_1_749' title='bbox 492 4971 730 5039; x_wconf 86' lang='lat' dir='ltr'><strong>veniam,</strong></span> <span class='ocrx_word' id='word_1_750' title='bbox 788 4985 895 5026; x_wconf 92' lang='lat' dir='ltr'><strong>non</strong></span> <span class='ocrx_word' id='word_1_751' title='bbox 933 4970 1361 5041; x_wconf 85' lang='lat' dir='ltr'><strong>reprehendens,</strong></span> <span class='ocrx_word' id='word_1_752' title='bbox 1395 4986 1500 5025; x_wconf 87' lang='lat' dir='ltr'><strong>non</strong></span> <span class='ocrx_word' id='word_1_753' title='bbox 1566 4970 1932 5036; x_wconf 88' lang='lat' dir='ltr'><strong>maledicens,</strong></span> <span class='ocrx_word' id='word_1_754' title='bbox 1962 4984 2069 5024; x_wconf 90' lang='lat' dir='ltr'><strong>non</strong></span> 
     </span>
    </p>
   </div>
   <div class='ocr_carea' id='block_1_96' title="bbox 493 5063 2075 5135">
    <p class='ocr_par' dir='ltr' id='par_1_96' title="bbox 493 5063 2075 5135">
     <span class='ocr_line' id='line_1_96' title="bbox 493 5063 2075 5135; baseline -0.002 -16"><span class='ocrx_word' id='word_1_755' title='bbox 493 5064 905 5133; x_wconf 85' lang='lat' dir='ltr'><strong>blasphemans,</strong></span> <span class='ocrx_word' id='word_1_756' title='bbox 938 5080 1045 5119; x_wconf 87' lang='lat' dir='ltr'><strong>non</strong></span> <span class='ocrx_word' id='word_1_757' title='bbox 1078 5064 1401 5129; x_wconf 87' lang='lat' dir='ltr'><strong>criminans,</strong></span> <span class='ocrx_word' id='word_1_758' title='bbox 1441 5063 1535 5119; x_wconf 87' lang='lat' dir='ltr'><strong>sed</strong></span> <span class='ocrx_word' id='word_1_759' title='bbox 1584 5063 1793 5135; x_wconf 88' lang='lat' dir='ltr'><strong>gratias</strong></span> <span class='ocrx_word' id='word_1_760' title='bbox 1821 5075 1989 5128; x_wconf 83' lang='lat' dir='ltr'><strong>agens</strong></span> <span class='ocrx_word' id='word_1_761' title='bbox 2020 5070 2075 5116; x_wconf 90' lang='lat' dir='ltr'><strong>et</strong></span> 
     </span>
    </p>
   </div>
   <div class='ocr_carea' id='block_1_97' title="bbox 492 5157 2069 5229">
    <p class='ocr_par' dir='ltr' id='par_1_97' title="bbox 492 5157 2069 5229">
     <span class='ocr_line' id='line_1_97' title="bbox 492 5157 2069 5229; baseline -0.001 -17"><span class='ocrx_word' id='word_1_762' title='bbox 492 5159 785 5223; x_wconf 87' lang='lat' dir='ltr'><strong>confitens,</strong></span> <span class='ocrx_word' id='word_1_763' title='bbox 816 5168 982 5228; x_wconf 88' lang='lat' dir='ltr'><strong>atque</strong></span> <span class='ocrx_word' id='word_1_764' title='bbox 1012 5174 1134 5214; x_wconf 91' lang='lat' dir='ltr'><strong>cum</strong></span> <span class='ocrx_word' id='word_1_765' title='bbox 1163 5159 1464 5229; x_wconf 84' lang='lat' dir='ltr'><strong>gratiarum</strong></span> <span class='ocrx_word' id='word_1_766' title='bbox 1494 5157 1803 5213; x_wconf 87' lang='lat' dir='ltr'><strong>actionibus</strong></span> <span class='ocrx_word' id='word_1_767' title='bbox 1845 5157 2029 5212; x_wconf 91' lang='lat' dir='ltr'><strong>dicens</strong></span> <span class='ocrx_word' id='word_1_768' title='bbox 2056 5174 2069 5210; x_wconf 89' lang='lat'><strong>:</strong></span> 
     </span>
    </p>
   </div>
   <div class='ocr_carea' id='block_1_98' title="bbox 493 5247 2075 5317">
    <p class='ocr_par' dir='ltr' id='par_1_98' title="bbox 493 5247 2075 5317">
     <span class='ocr_line' id='line_1_98' title="bbox 493 5247 2075 5317; baseline -0.002 -13"><span class='ocrx_word' id='word_1_769' title='bbox 493 5248 755 5304; x_wconf 83' lang='lat' dir='ltr'><strong>Dominus</strong></span> <span class='ocrx_word' id='word_1_770' title='bbox 783 5250 950 5315; x_wconf 86' lang='lat' dir='ltr'><strong>dedit,</strong></span> <span class='ocrx_word' id='word_1_771' title='bbox 982 5249 1241 5304; x_wconf 83' lang='lat' dir='ltr'><strong>Dominus</strong></span> <span class='ocrx_word' id='word_1_772' title='bbox 1266 5249 1508 5316; x_wconf 82' lang='lat' dir='ltr'><strong>abstulit,</strong></span> <span class='ocrx_word' id='word_1_773' title='bbox 1541 5250 1675 5303; x_wconf 88' lang='lat' dir='ltr'><strong>sicut</strong></span> <span class='ocrx_word' id='word_1_774' title='bbox 1707 5248 1930 5302; x_wconf 89' lang='lat' dir='ltr'><strong>Domino</strong></span> <span class='ocrx_word' id='word_1_775' title='bbox 1958 5247 2075 5317; x_wconf 85' lang='lat' dir='ltr'><strong>pla-</strong></span> 
     </span>
    </p>
   </div>
   <div class='ocr_carea' id='block_1_99' title="bbox 494 5342 2074 5413">
    <p class='ocr_par' dir='ltr' id='par_1_99' title="bbox 494 5342 2074 5413">
     <span class='ocr_line' id='line_1_99' title="bbox 494 5342 2074 5413; baseline -0.001 -17"><span class='ocrx_word' id='word_1_776' title='bbox 494 5344 624 5407; x_wconf 86' lang='lat' dir='ltr'><strong>cuit,</strong></span> <span class='ocrx_word' id='word_1_777' title='bbox 658 5344 737 5397; x_wconf 89' lang='lat' dir='ltr'><strong>ita</strong></span> <span class='ocrx_word' id='word_1_778' title='bbox 779 5344 984 5413; x_wconf 81' lang='lat' dir='ltr'><strong>factum</strong></span> <span class='ocrx_word' id='word_1_779' title='bbox 1029 5355 1103 5398; x_wconf 85' lang='lat' dir='ltr'><strong>est</strong></span> <span class='ocrx_word' id='word_1_780' title='bbox 1132 5343 1202 5398; x_wconf 83' lang='grc'>⁸².</span> <span class='ocrx_word' id='word_1_781' title='bbox 1233 5342 1352 5400; x_wconf 81' lang='lat' dir='ltr'><strong>Non</strong></span> <span class='ocrx_word' id='word_1_782' title='bbox 1384 5357 1481 5397; x_wconf 92' lang='lat' dir='ltr'><strong>ero</strong></span> <span class='ocrx_word' id='word_1_783' title='bbox 1503 5382 1519 5405; x_wconf 91' lang='lat'><strong>,</strong></span> <span class='ocrx_word' id='word_1_784' title='bbox 1569 5342 1781 5411; x_wconf 85' lang='lat' dir='ltr'><strong>inquit,</strong></span> <span class='ocrx_word' id='word_1_785' title='bbox 1810 5342 2074 5410; x_wconf 87' lang='lat' dir='ltr'><strong>ingratus,</strong></span> 
     </span>
    </p>
   </div>
   <div class='ocr_carea' id='block_1_100' title="bbox 493 5437 2077 5510">
    <p class='ocr_par' dir='ltr' id='par_1_100' title="bbox 493 5437 2077 5510">
     <span class='ocr_line' id='line_1_100' title="bbox 493 5437 2077 5510; baseline -0.002 -18"><span class='ocrx_word' id='word_1_786' title='bbox 493 5454 600 5493; x_wconf 86' lang='lat' dir='ltr'><strong>non</strong></span> <span class='ocrx_word' id='word_1_787' title='bbox 624 5455 717 5495; x_wconf 92' lang='lat' dir='ltr'><strong>ero</strong></span> <span class='ocrx_word' id='word_1_788' title='bbox 739 5438 1155 5510; x_wconf 81' lang='lat' dir='ltr'><strong>inlidigraphus,</strong></span> <span class='ocrx_word' id='word_1_789' title='bbox 1179 5440 1320 5495; x_wconf 90' lang='lat' dir='ltr'><strong>sicut</strong></span> <span class='ocrx_word' id='word_1_790' title='bbox 1348 5449 1428 5505; x_wconf 89' lang='lat' dir='ltr'><strong>tu,</strong></span> <span class='ocrx_word' id='word_1_791' title='bbox 1456 5438 1784 5504; x_wconf 84' lang='lat' dir='ltr'><strong>adversarie;</strong></span> <span class='ocrx_word' id='word_1_792' title='bbox 1821 5451 1926 5492; x_wconf 91' lang='lat' dir='ltr'><strong>non</strong></span> <span class='ocrx_word' id='word_1_793' title='bbox 1952 5437 2077 5490; x_wconf 80' lang='lat' dir='ltr'><strong>red-</strong></span> 
     </span>
    </p>
   </div>
   <div class='ocr_carea' id='block_1_101' title="bbox 494 5528 2077 5600">
    <p class='ocr_par' dir='ltr' id='par_1_101' title="bbox 494 5528 2077 5600">
     <span class='ocr_line' id='line_1_101' title="bbox 494 5528 2077 5600; baseline -0.001 -15"><span class='ocrx_word' id='word_1_794' title='bbox 494 5531 615 5585; x_wconf 88' lang='lat' dir='ltr'><strong>dam</strong></span> <span class='ocrx_word' id='word_1_795' title='bbox 647 5530 849 5587; x_wconf 89' lang='lat' dir='ltr'><strong>malum</strong></span> <span class='ocrx_word' id='word_1_796' title='bbox 879 5546 978 5600; x_wconf 90' lang='lat' dir='ltr'><strong>pro</strong></span> <span class='ocrx_word' id='word_1_797' title='bbox 1009 5531 1175 5597; x_wconf 92' lang='lat' dir='ltr'><strong>bono,</strong></span> <span class='ocrx_word' id='word_1_798' title='bbox 1207 5531 1350 5586; x_wconf 85' lang='lat' dir='ltr'><strong>sicut</strong></span> <span class='ocrx_word' id='word_1_799' title='bbox 1378 5540 1455 5594; x_wconf 91' lang='lat' dir='ltr'><strong>tu,</strong></span> <span class='ocrx_word' id='word_1_800' title='bbox 1491 5529 1680 5584; x_wconf 86' lang='lat' dir='ltr'><strong>infelix</strong></span> <span class='ocrx_word' id='word_1_801' title='bbox 1707 5529 1949 5594; x_wconf 88' lang='lat' dir='ltr'><strong>diabole;</strong></span> <span class='ocrx_word' id='word_1_802' title='bbox 1979 5528 2077 5583; x_wconf 87' lang='lat' dir='ltr'><strong>sed</strong></span> 
     </span>
    </p>
   </div>
   <div class='ocr_carea' id='block_1_102' title="bbox 493 5620 2072 5692">
    <p class='ocr_par' dir='ltr' id='par_1_102' title="bbox 493 5620 2072 5692">
     <span class='ocr_line' id='line_1_102' title="bbox 493 5620 2072 5692; baseline 0 -16"><span class='ocrx_word' id='word_1_803' title='bbox 493 5623 779 5689; x_wconf 83' lang='lat' dir='ltr'><strong>confiteor,</strong></span> <span class='ocrx_word' id='word_1_804' title='bbox 804 5625 932 5692; x_wconf 88' lang='lat' dir='ltr'><strong>quia</strong></span> <span class='ocrx_word' id='word_1_805' title='bbox 954 5622 1209 5679; x_wconf 86' lang='lat' dir='ltr'><strong>Dominus</strong></span> <span class='ocrx_word' id='word_1_806' title='bbox 1232 5623 1400 5689; x_wconf 89' lang='lat' dir='ltr'><strong>dedit,</strong></span> <span class='ocrx_word' id='word_1_807' title='bbox 1425 5622 1685 5678; x_wconf 86' lang='lat' dir='ltr'><strong>Dominus</strong></span> <span class='ocrx_word' id='word_1_808' title='bbox 1715 5620 1952 5689; x_wconf 86' lang='lat' dir='ltr'><strong>abstulit,</strong></span> <span class='ocrx_word' id='word_1_809' title='bbox 1969 5622 2072 5685; x_wconf 79' lang='lat' dir='ltr'><strong>sic-</strong></span> 
     </span>
    </p>
   </div>
   <div class='ocr_carea' id='block_1_103' title="bbox 564 5800 1465 5877">
    <p class='ocr_par' dir='ltr' id='par_1_103' title="bbox 564 5800 1465 5877">
     <span class='ocr_line' id='line_1_103' title="bbox 564 5800 1465 5877; baseline 0.003 -19"><span class='ocrx_word' id='word_1_810' title='bbox 564 5805 606 5835; x_wconf 81' lang='lat'>“</span> <span class='ocrx_word' id='word_1_811' title='bbox 643 5802 781 5877; x_wconf 58' lang='lat' dir='ltr'><strong>Gen.</strong></span> <span class='ocrx_word' id='word_1_812' title='bbox 815 5819 898 5877; x_wconf 73' lang='lat' dir='ltr'><strong>ut,</strong></span> <span class='ocrx_word' id='word_1_813' title='bbox 936 5803 1025 5860; x_wconf 74' lang='grc'><strong>19.</strong></span> <span class='ocrx_word' id='word_1_814' title='bbox 1104 5805 1147 5836; x_wconf 84' lang='grc'><strong><em>⁵²</em></strong></span> <span class='ocrx_word' id='word_1_815' title='bbox 1173 5801 1272 5871; x_wconf 72' lang='lat' dir='ltr'><strong>Joh</strong></span> <span class='ocrx_word' id='word_1_816' title='bbox 1310 5819 1346 5869; x_wconf 89' lang='lat' dir='ltr'><strong>I,</strong></span> <span class='ocrx_word' id='word_1_817' title='bbox 1372 5800 1465 5873; x_wconf 71' lang='grc'><strong>21.</strong></span> 
     </span>
    </p>
   </div>
   <div class='ocr_carea' id='block_1_104' title="bbox 2177 4604 3762 4679">
    <p class='ocr_par' dir='ltr' id='par_1_104' title="bbox 2177 4604 3762 4679">
     <span class='ocr_line' id='line_1_104' title="bbox 2177 4604 3762 4679; baseline -0.003 -17"><span class='ocrx_word' id='word_1_818' title='bbox 2177 4619 2275 4663; x_wconf 88' lang='lat' dir='ltr'><strong>est.</strong></span> <span class='ocrx_word' id='word_1_819' title='bbox 2312 4608 2437 4664; x_wconf 65' lang='lat' dir='ltr'><strong>Haec</strong></span> <span class='ocrx_word' id='word_1_820' title='bbox 2472 4622 2706 4679; x_wconf 90' lang='lat' dir='ltr'><strong>namque</strong></span> <span class='ocrx_word' id='word_1_821' title='bbox 2733 4607 2832 4663; x_wconf 90' lang='lat' dir='ltr'><strong>fuit</strong></span> <span class='ocrx_word' id='word_1_822' title='bbox 2871 4607 2959 4662; x_wconf 87' lang='lat' dir='ltr'><strong>illa</strong></span> <span class='ocrx_word' id='word_1_823' title='bbox 2990 4621 3119 4661; x_wconf 85' lang='lat' dir='ltr'><strong>vere</strong></span> <span class='ocrx_word' id='word_1_824' title='bbox 3149 4621 3347 4677; x_wconf 86' lang='lat' dir='ltr'><strong>magna</strong></span> <span class='ocrx_word' id='word_1_825' title='bbox 3378 4604 3481 4661; x_wconf 85' lang='lat' dir='ltr'><strong>.Iob</strong></span> <span class='ocrx_word' id='word_1_826' title='bbox 3503 4614 3762 4661; x_wconf 80' lang='lat' dir='ltr'><strong>constan-</strong></span> 
     </span>
    </p>
   </div>
   <div class='ocr_carea' id='block_1_105' title="bbox 2180 4699 3761 4772">
    <p class='ocr_par' dir='ltr' id='par_1_105' title="bbox 2180 4699 3761 4772">
     <span class='ocr_line' id='line_1_105' title="bbox 2180 4699 3761 4772; baseline -0.004 -15"><span class='ocrx_word' id='word_1_827' title='bbox 2180 4704 2273 4767; x_wconf 90' lang='lat' dir='ltr'><strong>tia,</strong></span> <span class='ocrx_word' id='word_1_828' title='bbox 2306 4703 2448 4771; x_wconf 90' lang='lat' dir='ltr'><strong>quod</strong></span> <span class='ocrx_word' id='word_1_829' title='bbox 2486 4702 2738 4758; x_wconf 89' lang='lat' dir='ltr'><strong>nesciens</strong></span> <span class='ocrx_word' id='word_1_830' title='bbox 2765 4702 2895 4772; x_wconf 89' lang='lat' dir='ltr'><strong>quia</strong></span> <span class='ocrx_word' id='word_1_831' title='bbox 2936 4702 3183 4757; x_wconf 89' lang='lat' dir='ltr'><strong>diabolus</strong></span> <span class='ocrx_word' id='word_1_832' title='bbox 3212 4701 3479 4764; x_wconf 90' lang='lat' dir='ltr'><strong>abstulit,</strong></span> <span class='ocrx_word' id='word_1_833' title='bbox 3532 4699 3761 4768; x_wconf 88' lang='lat' dir='ltr'><strong>putabat</strong></span> 
     </span>
    </p>
   </div>
   <div class='ocr_carea' id='block_1_106' title="bbox 2178 4791 3760 4866">
    <p class='ocr_par' dir='ltr' id='par_1_106' title="bbox 2178 4791 3760 4866">
     <span class='ocr_line' id='line_1_106' title="bbox 2178 4791 3760 4866; baseline -0.002 -19"><span class='ocrx_word' id='word_1_834' title='bbox 2178 4796 2320 4866; x_wconf 90' lang='lat' dir='ltr'><strong>quod</strong></span> <span class='ocrx_word' id='word_1_835' title='bbox 2356 4795 2617 4850; x_wconf 90' lang='lat' dir='ltr'><strong>Dominus</strong></span> <span class='ocrx_word' id='word_1_836' title='bbox 2649 4796 2957 4859; x_wconf 89' lang='lat' dir='ltr'><strong>abstulerit,</strong></span> <span class='ocrx_word' id='word_1_837' title='bbox 3014 4804 3071 4849; x_wconf 90' lang='lat' dir='ltr'><strong>et</strong></span> <span class='ocrx_word' id='word_1_838' title='bbox 3114 4795 3218 4851; x_wconf 92' lang='lat' dir='ltr'><strong>hoc</strong></span> <span class='ocrx_word' id='word_1_839' title='bbox 3247 4803 3469 4864; x_wconf 89' lang='lat' dir='ltr'><strong>putans,</strong></span> <span class='ocrx_word' id='word_1_840' title='bbox 3529 4791 3760 4846; x_wconf 91' lang='lat' dir='ltr'><strong>Domino</strong></span> 
     </span>
    </p>
   </div>
   <div class='ocr_carea' id='block_1_107' title="bbox 2178 4882 3756 4957">
    <p class='ocr_par' dir='ltr' id='par_1_107' title="bbox 2178 4882 3756 4957">
     <span class='ocr_line' id='line_1_107' title="bbox 2178 4882 3756 4957; baseline -0.004 -17"><span class='ocrx_word' id='word_1_841' title='bbox 2178 4887 2333 4957; x_wconf 86' lang='lat' dir='ltr'><strong>quasi</strong></span> <span class='ocrx_word' id='word_1_842' title='bbox 2369 4885 2636 4941; x_wconf 88' lang='lat' dir='ltr'><strong>auferenti</strong></span> <span class='ocrx_word' id='word_1_843' title='bbox 2659 4886 2866 4955; x_wconf 86' lang='lat' dir='ltr'><strong>gratias</strong></span> <span class='ocrx_word' id='word_1_844' title='bbox 2897 4886 3030 4957; x_wconf 85' lang='lat' dir='ltr'><strong>agit.</strong></span> <span class='ocrx_word' id='word_1_845' title='bbox 3062 4885 3341 4949; x_wconf 87' lang='lat' dir='ltr'><strong>Dominus,</strong></span> <span class='ocrx_word' id='word_1_846' title='bbox 3370 4883 3565 4953; x_wconf 87' lang='lat' dir='ltr'><strong>inquit,</strong></span> <span class='ocrx_word' id='word_1_847' title='bbox 3591 4882 3756 4947; x_wconf 87' lang='lat' dir='ltr'><strong>dedit,</strong></span> 
     </span>
    </p>
   </div>
   <div class='ocr_carea' id='block_1_108' title="bbox 2181 4974 3760 5047">
    <p class='ocr_par' dir='ltr' id='par_1_108' title="bbox 2181 4974 3760 5047">
     <span class='ocr_line' id='line_1_108' title="bbox 2181 4974 3760 5047; baseline -0.003 -15"><span class='ocrx_word' id='word_1_848' title='bbox 2181 4991 2227 5032; x_wconf 91' lang='lat' dir='ltr'><strong>et</strong></span> <span class='ocrx_word' id='word_1_849' title='bbox 2255 4978 2513 5033; x_wconf 86' lang='lat' dir='ltr'><strong>Dominus</strong></span> <span class='ocrx_word' id='word_1_850' title='bbox 2545 4978 2787 5043; x_wconf 87' lang='lat' dir='ltr'><strong>abstulit,</strong></span> <span class='ocrx_word' id='word_1_851' title='bbox 2818 4979 2953 5033; x_wconf 89' lang='lat' dir='ltr'><strong>sicut</strong></span> <span class='ocrx_word' id='word_1_852' title='bbox 2987 4978 3213 5033; x_wconf 89' lang='lat' dir='ltr'><strong>Domino</strong></span> <span class='ocrx_word' id='word_1_853' title='bbox 3240 4976 3440 5047; x_wconf 86' lang='lat' dir='ltr'><strong>placuit</strong></span> <span class='ocrx_word' id='word_1_854' title='bbox 3462 4977 3535 5028; x_wconf 84' lang='lat' dir='ltr'><strong>ita</strong></span> <span class='ocrx_word' id='word_1_855' title='bbox 3560 4974 3760 5041; x_wconf 76' lang='lat' dir='ltr'><strong>factum</strong></span> 
     </span>
    </p>
   </div>
   <div class='ocr_carea' id='block_1_109' title="bbox 2177 5064 3761 5136">
    <p class='ocr_par' dir='ltr' id='par_1_109' title="bbox 2177 5064 3761 5136">
     <span class='ocr_line' id='line_1_109' title="bbox 2177 5064 3761 5136; baseline -0.003 -11"><span class='ocrx_word' id='word_1_856' title='bbox 2177 5080 2299 5136; x_wconf 83' lang='lat' dir='ltr'><strong>est;</strong></span> <span class='ocrx_word' id='word_1_857' title='bbox 2352 5071 2419 5125; x_wconf 88' lang='lat' dir='ltr'><strong>sit</strong></span> <span class='ocrx_word' id='word_1_858' title='bbox 2473 5087 2661 5125; x_wconf 87' lang='lat' dir='ltr'><strong>nomen</strong></span> <span class='ocrx_word' id='word_1_859' title='bbox 2714 5070 2925 5125; x_wconf 89' lang='lat' dir='ltr'><strong>Domini</strong></span> <span class='ocrx_word' id='word_1_860' title='bbox 2980 5070 3311 5125; x_wconf 80' lang='lat' dir='ltr'><strong>benedictum</strong></span> <span class='ocrx_word' id='word_1_861' title='bbox 3347 5069 3402 5121; x_wconf 82' lang='lat' dir='ltr'><strong>in</strong></span> <span class='ocrx_word' id='word_1_862' title='bbox 3446 5066 3664 5121; x_wconf 62' lang='lat' dir='ltr'><strong>saecula.</strong></span> <span class='ocrx_word' id='word_1_863' title='bbox 3699 5064 3761 5121; x_wconf 82' lang='lat' dir='ltr'><strong>Si</strong></span> 
     </span>
    </p>
   </div>
   <div class='ocr_carea' id='block_1_110' title="bbox 2175 5159 3758 5234">
    <p class='ocr_par' dir='ltr' id='par_1_110' title="bbox 2175 5159 3758 5234">
     <span class='ocr_line' id='line_1_110' title="bbox 2175 5159 3758 5234; baseline -0.004 -16"><span class='ocrx_word' id='word_1_864' title='bbox 2175 5164 2321 5218; x_wconf 90' lang='lat' dir='ltr'><strong>enim</strong></span> <span class='ocrx_word' id='word_1_865' title='bbox 2350 5164 2547 5219; x_wconf 89' lang='lat' dir='ltr'><strong>scisset</strong></span> <span class='ocrx_word' id='word_1_866' title='bbox 2585 5162 2687 5218; x_wconf 83' lang='lat' dir='ltr'><strong>Job</strong></span> <span class='ocrx_word' id='word_1_867' title='bbox 2705 5164 2846 5234; x_wconf 88' lang='lat' dir='ltr'><strong>quod</strong></span> <span class='ocrx_word' id='word_1_868' title='bbox 2875 5164 3167 5219; x_wconf 85' lang='lat' dir='ltr'><strong>adversum</strong></span> <span class='ocrx_word' id='word_1_869' title='bbox 3199 5161 3473 5217; x_wconf 88' lang='lat' dir='ltr'><strong>diabolum</strong></span> <span class='ocrx_word' id='word_1_870' title='bbox 3500 5159 3758 5222; x_wconf 86' lang='lat' dir='ltr'><strong>habebat,</strong></span> 
     </span>
    </p>
   </div>
   <div class='ocr_carea' id='block_1_111' title="bbox 2179 5254 3762 5326">
    <p class='ocr_par' dir='ltr' id='par_1_111' title="bbox 2179 5254 3762 5326">
     <span class='ocr_line' id='line_1_111' title="bbox 2179 5254 3762 5326; baseline -0.004 -15"><span class='ocrx_word' id='word_1_871' title='bbox 2179 5267 2235 5311; x_wconf 94' lang='lat' dir='ltr'><strong>et</strong></span> <span class='ocrx_word' id='word_1_872' title='bbox 2255 5257 2383 5326; x_wconf 90' lang='lat' dir='ltr'><strong>quia</strong></span> <span class='ocrx_word' id='word_1_873' title='bbox 2416 5256 2661 5312; x_wconf 89' lang='lat' dir='ltr'><strong>diabolus</strong></span> <span class='ocrx_word' id='word_1_874' title='bbox 2692 5272 2818 5311; x_wconf 88' lang='lat' dir='ltr'><strong>cum</strong></span> <span class='ocrx_word' id='word_1_875' title='bbox 2860 5256 2955 5311; x_wconf 91' lang='lat' dir='ltr'><strong>illo</strong></span> <span class='ocrx_word' id='word_1_876' title='bbox 2988 5258 3093 5312; x_wconf 92' lang='lat' dir='ltr'><strong>hoc</strong></span> <span class='ocrx_word' id='word_1_877' title='bbox 3146 5256 3358 5312; x_wconf 89' lang='lat' dir='ltr'><strong>bellum</strong></span> <span class='ocrx_word' id='word_1_878' title='bbox 3399 5254 3655 5319; x_wconf 86' lang='lat' dir='ltr'><strong>faciebat,</strong></span> <span class='ocrx_word' id='word_1_879' title='bbox 3705 5261 3762 5306; x_wconf 90' lang='lat' dir='ltr'><strong>et</strong></span> 
     </span>
    </p>
   </div>
   <div class='ocr_carea' id='block_1_112' title="bbox 2184 5348 3759 5420">
    <p class='ocr_par' dir='ltr' id='par_1_112' title="bbox 2184 5348 3759 5420">
     <span class='ocr_line' id='line_1_112' title="bbox 2184 5348 3759 5420; baseline -0.001 -16"><span class='ocrx_word' id='word_1_880' title='bbox 2184 5351 2319 5420; x_wconf 85' lang='lat' dir='ltr'><strong>quia</strong></span> <span class='ocrx_word' id='word_1_881' title='bbox 2352 5350 2625 5420; x_wconf 90' lang='lat' dir='ltr'><strong>malignus</strong></span> <span class='ocrx_word' id='word_1_882' title='bbox 2652 5349 2905 5405; x_wconf 83' lang='lat' dir='ltr'><strong>inimicus</strong></span> <span class='ocrx_word' id='word_1_883' title='bbox 2942 5365 3053 5405; x_wconf 89' lang='lat' dir='ltr'><strong>rem</strong></span> <span class='ocrx_word' id='word_1_884' title='bbox 3110 5349 3431 5405; x_wconf 83' lang='lat' dir='ltr'><strong>familiarem</strong></span> <span class='ocrx_word' id='word_1_885' title='bbox 3466 5359 3522 5404; x_wconf 89' lang='lat' dir='ltr'><strong>et</strong></span> <span class='ocrx_word' id='word_1_886' title='bbox 3548 5349 3686 5404; x_wconf 81' lang='lat' dir='ltr'><strong>illius</strong></span> <span class='ocrx_word' id='word_1_887' title='bbox 3708 5348 3759 5403; x_wconf 89' lang='lat' dir='ltr'><strong>ei</strong></span> 
     </span>
    </p>
   </div>
   <div class='ocr_carea' id='block_1_113' title="bbox 2179 5438 3761 5510">
    <p class='ocr_par' dir='ltr' id='par_1_113' title="bbox 2179 5438 3761 5510">
     <span class='ocr_line' id='line_1_113' title="bbox 2179 5438 3761 5510; baseline -0.001 -18"><span class='ocrx_word' id='word_1_888' title='bbox 2179 5438 2500 5503; x_wconf 85' lang='lat' dir='ltr'><strong>abstulerat,</strong></span> <span class='ocrx_word' id='word_1_889' title='bbox 2537 5438 2783 5508; x_wconf 89' lang='lat' dir='ltr'><strong>profecto</strong></span> <span class='ocrx_word' id='word_1_890' title='bbox 2808 5440 3034 5495; x_wconf 88' lang='lat' dir='ltr'><strong>omnino</strong></span> <span class='ocrx_word' id='word_1_891' title='bbox 3065 5439 3132 5493; x_wconf 88' lang='lat' dir='ltr'><strong>ad</strong></span> <span class='ocrx_word' id='word_1_892' title='bbox 3171 5439 3398 5495; x_wconf 86' lang='lat' dir='ltr'><strong>nihilum</strong></span> <span class='ocrx_word' id='word_1_893' title='bbox 3448 5438 3592 5510; x_wconf 87' lang='lat' dir='ltr'><strong>ipsas</strong></span> <span class='ocrx_word' id='word_1_894' title='bbox 3642 5447 3761 5492; x_wconf 57' lang='lat' dir='ltr'><strong>leno</strong></span> 
     </span>
    </p>
   </div>
   <div class='ocr_carea' id='block_1_114' title="bbox 2178 5530 3756 5603">
    <p class='ocr_par' dir='ltr' id='par_1_114' title="bbox 2178 5530 3756 5603">
     <span class='ocr_line' id='line_1_114' title="bbox 2178 5530 3756 5603; baseline -0.001 -19"><span class='ocrx_word' id='word_1_895' title='bbox 2178 5531 2412 5586; x_wconf 88' lang='lat' dir='ltr'><strong>tationes</strong></span> <span class='ocrx_word' id='word_1_896' title='bbox 2439 5530 2754 5596; x_wconf 88' lang='lat' dir='ltr'><strong>deduceret,</strong></span> <span class='ocrx_word' id='word_1_897' title='bbox 2793 5544 2848 5587; x_wconf 94' lang='lat' dir='ltr'><strong>et</strong></span> <span class='ocrx_word' id='word_1_898' title='bbox 2878 5531 2930 5586; x_wconf 91' lang='lat' dir='ltr'><strong>in</strong></span> <span class='ocrx_word' id='word_1_899' title='bbox 2986 5532 3321 5588; x_wconf 86' lang='lat' dir='ltr'><strong>derisionem</strong></span> <span class='ocrx_word' id='word_1_900' title='bbox 3350 5531 3502 5585; x_wconf 84' lang='lat' dir='ltr'><strong>illum</strong></span> <span class='ocrx_word' id='word_1_901' title='bbox 3531 5530 3756 5603; x_wconf 71' lang='lat' dir='ltr'><strong>habens,</strong></span> 
     </span>
    </p>
   </div>
   <div class='ocr_carea' id='block_1_115' title="bbox 2177 5623 3762 5696">
    <p class='ocr_par' dir='ltr' id='par_1_115' title="bbox 2177 5623 3762 5696">
     <span class='ocr_line' id='line_1_115' title="bbox 2177 5623 3762 5696; baseline 0.003 -19"><span class='ocrx_word' id='word_1_902' title='bbox 2177 5623 2456 5691; x_wconf 80' lang='lat' dir='ltr'><strong>evidenter</strong></span> <span class='ocrx_word' id='word_1_903' title='bbox 2489 5624 2758 5682; x_wconf 84' lang='lat' dir='ltr'><strong>adversus</strong></span> <span class='ocrx_word' id='word_1_904' title='bbox 2807 5624 3084 5681; x_wconf 87' lang='lat' dir='ltr'><strong>inimicum</strong></span> <span class='ocrx_word' id='word_1_905' title='bbox 3138 5624 3414 5681; x_wconf 84' lang='lat' dir='ltr'><strong>resisteret</strong></span> <span class='ocrx_word' id='word_1_906' title='bbox 3472 5632 3528 5679; x_wconf 91' lang='lat' dir='ltr'><strong>et</strong></span> <span class='ocrx_word' id='word_1_907' title='bbox 3571 5630 3762 5696; x_wconf 68' lang='lat' dir='ltr'><strong>aperta</strong></span> 
     </span>
    </p>
   </div>
  </div>
