4174 6386
1036 242 1065 260 Ο

439 331 545 387 “3

1571 327 1956 386 ANONYMUS
1997 330 2063 385 IN
2104 331 2244 387 JOB.
2288 365 2355 374 —
2388 331 2514 386 LIB.
2555 329 2596 385 1.

3601 324 3708 380 Mi

438 454 702 509 adversus
728 461 972 523 apertum
1008 452 1222 508 hostem
1251 461 1441 508 staret.
1481 452 1639 509 Nunc
1661 469 1796 509 vero
1827 455 2014 509 inimi-
2049 463 2094 519 Α
2123 454 2265 523 quod
2302 455 2414 508 vult
2447 453 2725 514 Dominus,
2758 451 2864 504 vita
2895 459 2998 514 est,
3036 449 3124 504 lus
3173 458 3278 514 est,
3320 446 3540 516 requies
3570 454 3655 500 est
3686 484 3704 507 ,

439 560 538 598 cus
573 543 789 612 quidem
826 544 929 598 hoc
977 543 1178 598 celavit
1209 544 1476 609 diabolus,
1523 561 1648 600 cum
1682 546 1815 600 istos
1846 548 1895 598 ei
1935 546 2010 599 in-

439 636 609 692 ferret
636 636 892 691 labores:
945 635 1407 691 clementissimus
1452 646 1632 691 autem
1671 637 1931 691 Dominus
1967 637 2019 691 in

437 727 750 796 suspicione
778 737 894 780 erat
929 736 984 780 et
1043 726 1398 780 incusabatur
1437 728 1523 780 his
1555 727 1832 782 omnibus.
1885 726 2018 779 Nam

438 833 562 871 cum
599 817 801 871 diceret
830 816 1113 871 diabolus:
1145 815 1291 887 Ignis
1319 818 1506 870 cecidit
1523 818 1588 871 de
1612 819 1762 880 cwlo,
1783 817 2019 881 eI,Sub-

436 910 510 961 ito
545 908 768 976 spiritus
811 909 948 961 venit
981 909 1046 959 ab
1087 923 1282 971 eremo,
1347 909 1514 962 Deum
1571 910 1856 964 incusabat
1899 911 2018 965 istis

433 999 733 1054 doloribus.
795 998 1065 1054 Similiter
1089 1015 1212 1054 cuin
1243 1001 1485 1055 audisset
1517 999 1643 1065 Job,
1675 1002 1820 1070 quod
1878 1002 2020 1072 ignis

433 1093 630 1146 cecidit
656 1093 723 1146 de
761 1092 901 1146 cmlo
933 1102 989 1146 et
1023 1093 1324 1147 combussit
1354 1109 1508 1159 oves,
1547 1102 1603 1148 et
1630 1096 1757 1165 quia
1787 1097 2018 1166 spiritus

432 1184 580 1236 venit
611 1185 678 1238 ab
705 1199 890 1238 eremo
935 1193 990 1238 et
1033 1185 1187 1238 ruina
1235 1186 1436 1240 occidit
1485 1187 1605 1256 ejus
1655 1187 1838 1252 ﬁlios,
1888 1189 2015 1259 quid

433 1273 578 1328 aliud
612 1275 876 1341 suspicari
911 1283 1126 1344 poterat
1153 1275 1252 1330 nisi
1284 1278 1427 1344 quod
1459 1277 1600 1330 Deus
1632 1277 1706 1330 illi
1745 1278 1894 1346 ipsos
1923 1280 2016 1333 do-

431 1362 578 1417 lores
604 1363 822 1417 caelitus
877 1365 1236 1419 immisisSet?
1266 1366 1349 1421 0b
1382 1367 1484 1421 hoc
1533 1385 1663 1439 ergo
1713 1373 2012 1436 praesertim

431 1457 812 1527 magnificatur
836 1456 960 1521 Job,
987 1460 1112 1528 quia
1147 1476 1267 1514 cum
1304 1461 1448 1516 Deus
1475 1463 1785 1531 suspicatur
1815 1464 1868 1517 in
1899 1465 2015 1519 istis

433 1546 608 1616 plagis
628 1562 690 1602 ac
720 1548 1024 1614 doloribus,
1053 1553 1292 1620 suscepit
1343 1570 1464 1606 cum
1496 1556 1809 1608 constantia
1848 1566 2012 1626 atque

433 1639 736 1709 gratiarum
783 1639 1129 1696 actionibus:
1172 1652 1225 1696 et
1273 1658 1377 1697 non
1412 1645 1568 1708 dixit,
1601 1644 1735 1714 quid
1791 1649 2010 1713 peccavi

429 1731 573 1784 circa
609 1740 660 1785 te
688 1740 743 1784 ut
773 1731 898 1784 talia
934 1735 1113 1800 patiar
1139 1750 1200 1788 ex
1237 1735 1332 1789 te?
1370 1736 1474 1790 Sed
1503 1753 1625 1792 cum
1685 1739 1754 1793 ab
1791 1738 2012 1793 inimico

2125 559 2325 600 acterna
2373 545 2649 599 beatitudo
2685 554 2791 607 est,
2845 545 2954 596 vita
3005 543 3148 596 enim
3178 543 3232 595 in
3266 539 3538 595 voluntate
3587 539 3702 608 ejus

2128 648 2233 701 est,
2286 648 2336 691 et
2387 639 2470 690 ira
2542 638 2597 689 in
2645 636 3005 704 indignatione
3058 633 3168 698 eius
3216 632 3285 684 ".
3334 629 3704 697 Quodcunque

2122 745 2251 801 ergo
2277 730 2479 798 placuit
2536 727 2784 791 Domino,
2811 727 2928 779 sive
2957 736 3268 794 perculere,
3312 722 3426 776 sive
3447 720 3700 781 multare,

2121 823 2236 877 sive
2263 822 2461 885 ditare,
2488 821 2600 876 sive
2620 834 2915 889 pauperem
2940 817 3144 878 facere,
3174 816 3290 868 sive
3311 828 3560 883 arguere.
3586 813 3701 866 sive

2121 913 2420 981 corripere,
2451 909 2633 965 omnia
2663 907 2940 962 beatitudo
2968 915 3051 960 est
3075 903 3508 972 incorruptibilis
3537 911 3702 970 atque

2122 1005 2451 1057 indesinens.
2491 1001 2711 1063 Beatus,
2741 1001 2936 1069 inquit,
2969 1000 3124 1051 homo
3154 1013 3306 1066 quem
3341 1008 3396 1048 tu
3414 996 3696 1060 erudieris,

2121 1094 2344 1148 Domine
2365 1095 2432 1144 “.
2469 1092 2614 1148 Sicut
2645 1091 2869 1146 Domino
2894 1091 3115 1157 placuit,
3142 1090 3216 1142 ita
3249 1089 3444 1158 factum
3473 1096 3546 1140 est
3570 1102 3590 1151 ;
3630 1087 3696 1139 sit

2121 1202 2308 1240 nomen
2342 1185 2556 1240 Domini
2611 1183 2938 1238 benedictum
2991 1183 3046 1234 in
3076 1179 3296 1236 saecula.
3349 1178 3440 1233 Sic
3479 1184 3698 1246 oportet.

2119 1293 2312 1333 omnes
2338 1278 2680 1332 Christianos
2700 1317 2716 1342 ,
2768 1285 2932 1344 atque
2964 1287 3154 1327 omnes
3192 1271 3476 1325 credentes
3505 1268 3692 1322 dicere

2117 1379 2172 1423 et
2206 1371 2386 1424 facere
2411 1380 2466 1424 et
2499 1369 2743 1438 cogitare
2775 1367 2829 1421 in
2871 1366 3126 1419 omnibus
3160 1378 3281 1432 qua:
3309 1377 3404 1416 eos
3457 1361 3693 1414 circnm-

2117 1463 2386 1524 dederint,
2423 1471 2587 1530 atque
2614 1459 2695 1515 eis
2718 1457 3087 1520 occurrerint,
3123 1455 3239 1510 sive
3272 1453 3534 1524 pecunias
3569 1467 3695 1521 per-

2116 1553 2268 1617 dant,
2291 1553 2406 1606 sive
2434 1551 2527 1605 lilii
2549 1550 2892 1612 auferantur,
2919 1547 3034 1602 sive
3059 1555 3357 1616 paupertas
3391 1545 3700 1606 incumbat,

2115 1648 2230 1702 sive
2262 1645 2549 1700 infirmitas
2581 1643 2929 1697 immittatur.
2976 1641 3170 1695 Dicant
3225 1641 3278 1693 in
3311 1639 3394 1694 bis
3439 1638 3694 1692 omnibus

2115 1754 2239 1792 cum
2267 1737 2586 1791 sinceritate
2617 1751 2630 1787 :
2667 1732 2819 1788 Sicut
2873 1730 3100 1784 Domino
3129 1730 3350 1797 placuit,
3385 1728 3459 1780 ita
3489 1727 3691 1797 factum

427 1834 805 1893 percuteretur
830 1835 993 1896 atque
1023 1827 1308 1884 doloribus
1342 1831 1687 1900 adiceretur,
1718 1832 2006 1887 Dominum
2043 1831 2084 1885 Β
2115 1839 2233 1892 est;
2280 1829 2346 1881 sit
2381 1843 2568 1880 nomen
2623 1826 2838 1880 Domini
2861 1823 3186 1877 benedictum
3234 1821 3290 1874 in
3324 1820 3543 1874 sarcula.
3584 1819 3695 1872 Νυη

426 1921 481 1974 in
521 1921 637 1974 istis
671 1921 954 1976 doloribus
1017 1924 1420 1990 suspicabatur,
1470 1933 1526 1977 et
1573 1926 1783 1994 gratias
1812 1927 2008 1994 agebat

425 2009 751 2080 percutienti
804 2025 865 2064 se
924 2023 1091 2080 atque
1120 2012 1399 2068 doloribus
1451 2013 1732 2080 allicienti,
1768 2016 2004 2072 dicens:

423 2098 684 2153 Dominus
709 2101 872 2162 dedit,
905 2111 954 2152 et
1009 2101 1270 2156 Dominus
1321 2105 1562 2171 abstulit,
1589 2107 1725 2158 sicut
1779 2105 2006 2161 Domino

421 2191 620 2255 placuit
652 2193 723 2244 ita
748 2196 949 2260 factum
971 2205 1046 2247 est
1075 2211 1093 2258 ,°
1122 2196 1192 2248 sit
1220 2213 1407 2249 nomen
1440 2196 1652 2251 Domini
1680 2199 2006 2252 benedictum

422 2284 476 2334 in
504 2286 724 2337 stvcula.
771 2285 894 2337 Haec
928 2286 1111 2354 itaque
1160 2288 1437 2354 universa,
1469 2298 1632 2358 atque
1661 2291 1904 2358 pluriora
1937 2292 2004 2344 ad

421 2375 799 2444 praiswlantes
835 2376 935 2430 sibi
964 2378 1284 2448 nequissimi
1320 2382 1542 2433 nuntios
1577 2381 1768 2434 beatus
1797 2381 1900 2435 Job
1927 2381 2006 2435 lo-

418 2477 578 2524 cutus
603 2478 708 2531 est,
731 2478 785 2522 et
818 2483 912 2537 per
958 2469 1078 2524 illos
1133 2470 1201 2524 ad
1257 2469 1433 2540 ipsum
1465 2471 1741 2526 diabolum
1772 2474 1865 2542 qui
1911 2489 2004 2530 cos

419 2559 664 2624 miserat,
683 2561 1003 2628 quistabant
1036 2571 1162 2616 ante
1189 2578 1310 2616 eum
1342 2563 1547 2629 tristes,
1583 2579 1647 2619 ac
1689 2564 1879 2620 ﬂentes
1905 2567 2007 2620 sic-

420 2661 478 2702 ut
503 2652 794 2714 tinxerant,
840 2665 1167 2722 omnemque
1211 2653 1486 2708 miseriam
1536 2658 1890 2712 ostendentes
1940 2674 2003 2712 ac

419 2742 822 2810 depromentes,
859 2753 916 2796 ut
939 2742 1096 2799 facile
1125 2746 1340 2800 beatum
1365 2745 1472 2800 Job
1507 2749 1573 2800 ad
1608 2747 2000 2817 blasphemiam

417 2846 798 2900 provocarent.
831 2837 911 2890 Ad
963 2852 1102 2906 quos
1145 2839 1379 2907 plurima
1413 2849 1469 2893 et
1515 2839 1620 2894 alia
1651 2841 1869 2896 locutus
1899 2841 2002 2898 Job

415 2926 556 2978 dixit
585 2944 599 2979 :
633 2927 742 2979 Cur
786 2929 969 2982 tristes
1007 2930 1159 3007 estis,
1193 2946 1226 2984 ο
1249 2932 1538 2987 homines?
1568 2932 1649 2988 0b
1678 2951 1841 3004 quam
1866 2952 1998 2990 cau-

414 3032 532 3069 sam
568 3017 804 3085 ejulatis,
829 3035 863 3074 ο
903 3022 1048 3075 viri?
1074 3021 1151 3076 Ne
1197 3023 1336 3078 forte
1365 3025 1473 3081 hoc
1520 3043 1616 3081 vos
1655 3029 1952 3082 contristat
1984 3070 1998 3095 ,

413 3110 540 3176 quia
578 3126 676 3178 ego
712 3111 818 3164 Deo
843 3111 1050 3180 gratias
1081 3129 1205 3183 ago.
1241 3113 1318 3168 Ne
1344 3114 1486 3170 forte
1511 3117 1610 3170 hoc
1637 3117 1793 3172 vobis
1824 3119 1995 3173 mole-

2114 1936 2235 1974 tnen
2270 1919 2508 1985 Domini,
2533 1919 2729 1987 inquit,
2787 1927 3008 1985 propter
3037 1915 3183 1983 quod
3213 1913 3395 1967 omnia
3449 1913 3693 1966 sustineo

2112 2029 2276 2084 atque
2305 2014 2527 2079 suffero,
2561 2023 2786 2084 pr0pter
2818 2013 2962 2080 quod
2990 2009 3245 2064 onmibns
3273 2023 3396 2078 quae
3428 2006 3561 2060 mihi
3593 2005 3692 2060 ob-

2110 2115 2375 2160 venerunt
2397 2107 2648 2176 superior
2685 2103 2913 2158 exsisto.
2945 2101 3027 2155 Sit
3076 2115 3263 2154 nomen
3290 2099 3502 2152 Domini
3539 2098 3697 2151 bene-

2109 2198 2309 2250 dictum
2343 2198 2397 2250 in
2423 2196 2640 2251 secula.
2674 2194 2880 2249 Nomen
2910 2193 3145 2258 Domini,
3189 2193 3332 2262 quod
3367 2191 3690 2246 mirabiliter

2109 2289 2276 2344 caelos
2291 2289 2556 2354 extendit,
2581 2288 2728 2358 quod
2755 2298 2960 2342 terram
2990 2286 3222 2339 firmiter
3248 2285 3519 2348 fundavit,
3544 2284 3698 2353 quod

2109 2386 2335 2454 abyssos
2362 2381 2681 2434 terribiliter
2720 2378 2977 2446 signavit.
3015 2375 3096 2431 Sit
3151 2393 3337 2431 nomen
3369 2376 3587 2430 Domini
3609 2375 3688 2430 be-

2109 2475 2370 2528 nedictum
2399 2475 2452 2526 in
2482 2473 2678 2526 sarcula
2709 2489 2726 2526 :
2760 2473 2904 2540 quod
2933 2485 3058 2522 cum
3091 2469 3352 2523 vidissent
3392 2468 3580 2522 leones
3626 2467 3681 2521 in

2110 2565 2352 2630 Danicle,
2380 2566 2432 2618 iu
2461 2581 2630 2634 agnos
2663 2564 2928 2620 immutati
2961 2572 3087 2617 sunt
3113 2579 3128 2615 :
3154 2562 3296 2630 quod
3321 2576 3442 2615 cum
3471 2559 3700 2614 ﬂamma

2106 2658 2247 2728 ignis
2275 2659 2587 2727 agnovisset
2619 2656 2670 2707 in
2700 2654 2904 2706 Anania
2937 2667 2992 2706 et
3016 2653 3212 2707 Azsria
3246 2663 3296 2705 et
3334 2651 3572 2715 Misaele,
3600 2652 3684 2706 fo-

2106 2766 2197 2804 ras
2224 2767 2253 2802 a
2286 2751 2507 2803 fornace
2538 2748 2696 2818 fugit,
2732 2757 2895 2814 atque
2943 2761 3040 2799 eos
3066 2746 3158 2814 qui
3191 2755 3345 2798 extra
3397 2745 3682 2798 fornacem

2103 2853 2264 2898 crant
2293 2840 2613 2904 combussit,
2643 2849 2828 2907 utpote
2856 2853 2960 2891 non
2993 2840 3255 2892 habentes
3282 2839 3333 2890 in
3360 2853 3417 2891 se
3437 2848 3683 2892 sanctum

2105 2950 2300 2990 nomen
2327 2934 2569 2997 Domini;
2597 2932 2705 2984 illis
2731 2940 2910 2984 autem
2930 2931 3020 3000 qui
3049 2930 3187 2982 intra
3217 2930 3497 2984 fornacem
3531 2941 3686 2983 erant

2103 3043 2209 3081 non
2245 3023 2730 3095 appropinquavit,
2775 3022 2902 3090 quia
2942 3021 3187 3076 terribile
3218 3035 3416 3074 nomen
3465 3020 3681 3074 Domini

2104 3119 2155 3172 in
2183 3118 2288 3172 illis
2311 3118 2610 3186 conspexit.
2639 3115 2749 3170 lloc
2781 3117 2946 3169 etiam
2969 3123 3024 3168 et
3047 3123 3198 3168 cetus
3227 3129 3351 3166 cum
3381 3115 3592 3167 videret
3613 3115 3667 3166 in

413 3213 556 3257 stum
589 3215 691 3267 est,
718 3208 859 3274 quod
885 3222 987 3274 ego
1015 3209 1163 3262 danti
1194 3224 1255 3264 ea
1278 3210 1676 3267 confessionem
1705 3216 1793 3280 do,
1819 3227 1876 3270 et
1901 3231 2000 3269 au-
2026 3193 2070 3253 (ἶ
2102 3207 2262 3274 Joua,
2285 3210 2563 3278 obstupuit
2595 3220 2757 3276 atque
2801 3207 3027 3260 illaesum
3085 3219 3209 3258 eum
3245 3220 3408 3274 quem
3441 3210 3507 3260 de
3557 3208 3690 3261 navi,

413 3298 609 3351 ferenti
642 3313 704 3351 ea
728 3298 1128 3354 invocationem
1156 3301 1371 3356 emitto.
1403 3301 1518 3358 Non
1545 3321 1630 3359 me
1659 3309 1822 3363 homo
1852 3308 1996 3361 mul-

415 3390 568 3455 tavit,
637 3391 732 3444 sed
787 3390 930 3446 Deus
961 3393 1028 3447 de
1065 3393 1222 3449 caelis
1253 3396 1345 3463 qui
1393 3398 1526 3452 mihi
1577 3398 1726 3452 dedit
1754 3398 1996 3464 diversa,

412 3480 660 3549 abstulit,
694 3484 838 3537 sicut
890 3492 944 3538 et
989 3498 1087 3540 vos
1147 3486 1347 3554 dicitis,
1379 3491 1525 3558 quod
1562 3491 1701 3560 ignis
1748 3491 1816 3546 de
1855 3491 1996 3548 ctelo

411 3572 695 3630 ceciderit.
730 3575 787 3629 Si
811 3591 944 3646 ergo
974 3591 1077 3631 non
1105 3578 1269 3634 homo
1298 3581 1430 3635 mihi
1457 3582 1712 3637 damnum
1744 3583 1994 3653 ingessit,

411 3664 506 3716 sed
536 3665 678 3718 Deus
699 3667 924 3734 quando
953 3669 1127 3724 voluit
1176 3671 1344 3738 dedit,
1374 3683 1430 3727 et
1478 3675 1604 3729 item
1645 3675 1866 3744 quando
1907 3692 1998 3730 vo-

414 3755 513 3810 luit
545 3757 790 3824 abstulit,
823 3762 1026 3828 gratias
1049 3763 1098 3817 ei
1136 3765 1228 3834 qui
1257 3766 1423 3830 dedit,
1461 3776 1515 3820 et
1560 3767 1766 3838 gratias
1796 3767 1992 3823 identi-

409 3849 530 3904 dem
553 3851 602 3902 ei
627 3852 719 3920 qui
751 3853 994 3906 abstulit.
1033 3854 1140 3909 Sua
1175 3857 1344 3919 dedit,
1375 3867 1431 3911 et
1464 3858 1594 3912 item
1625 3875 1721 3912 sua
1747 3860 1992 3924 abstulit,

407 3957 464 3998 et
489 3961 609 4017 ego,
649 3949 748 4014 ait,
778 3947 912 4001 nihil
940 3949 1122 4002 amisi.
1146 3949 1278 4004 Nam
1307 3967 1374 4005 ex
1405 3960 1564 4005 utero
1593 3961 1840 4008 materno
1895 3972 1995 4009 nn-

407 4036 507 4090 dus
543 4037 786 4102 veniens,
821 4037 954 4092 nihil
991 4040 1177 4093 habui.
1238 4039 1340 4107 Qui
1398 4041 1586 4096 habuit
1640 4042 1788 4098 dedit
1835 4045 1991 4112 tnihi,

409 4129 673 4181 mutuavit
707 4129 878 4182 utenti
919 4130 1073 4195 mihi,
1109 4131 1332 4186 abstulit
1364 4147 1485 4201 qua:
1536 4148 1631 4187 sua
1662 4144 1825 4201 sunt;
1859 4138 1993 4190 nihil

405 4221 638 4288 perdidi,
663 4222 758 4276 sed
785 4223 991 4292 gratias
1013 4239 1116 4294 ago
1142 4227 1430 4288 mutuanti,
1457 4241 1589 4280 usus
1621 4227 1706 4281 his
1723 4243 1844 4297 quae
1869 4229 1991 4283 data

405 4325 532 4368 sunt
561 4315 720 4375 mihi,
744 4325 797 4369 et
830 4317 1094 4370 confiteor
1126 4317 1397 4387 largitori,
1435 4319 1623 4374 dicens
1655 4335 1670 4372 :
1727 4319 1990 4376 Dominus

402 4407 570 4471 dedit,
601 4419 648 4460 et
684 4407 937 4461 Dominus
960 4409 1369 4473 abstulit;sicut
1401 4409 1630 4466 Domino
1663 4414 1884 4481 placuit,
1914 4415 1989 4467 ita

402 4493 602 4563 factum
633 4507 727 4550 est.
764 4495 982 4552 Placuit
1013 4509 1169 4554 antea
1198 4511 1258 4554 ut
1297 4501 1477 4566 daret,
1518 4502 1725 4570 placuit
1757 4519 1902 4558 nunc
1930 4516 1988 4558 ut

402 4602 593 4642 rursus
620 4588 881 4643 auferret.
918 4589 1069 4644 Sicut
1128 4591 1352 4646 Domino
1393 4595 1614 4662 placuit,
1648 4597 1724 4648 ita
1777 4595 1976 4662 factum

398 4687 498 4733 est.
547 4678 721 4734 Omne
775 4683 918 4750 quod
957 4681 1066 4736 Deo
1123 4684 1389 4753 placuerit
1421 4689 1623 4741 bonum
1679 4697 1784 4751 est,
1817 4703 1985 4742 omne

399 4773 544 4840 quod
576 4773 804 4827 Domino
857 4774 1123 4844 placuerit
1171 4777 1379 4847 justum
1411 4789 1514 4833 est.
1569 4779 1778 4835 Placuit
1813 4780 1890 4834 illi
1924 4790 1982 4835 ut

399 4863 578 4926 daret,
614 4863 752 4918 bene
775 4867 998 4933 placuit.
1031 4865 1240 4920 Placuit
1271 4867 1346 4921 illi
1393 4869 1684 4924 identidem
1717 4881 1774 4925 ut
1796 4870 1982 4926 aufer-

401 4953 671 5021 ret,juste
700 4955 921 5023 placuit.
957 4955 1108 5011 Sicut
1149 4957 1371 5012 Domino
1412 4960 1632 5028 placuit,
1670 4962 1746 5016 ita
1775 4963 1981 5030 factum

397 5054 496 5100 est.
523 5047 769 5111 Quandiu
800 5049 874 5103 illi
911 5051 1110 5119 placuit
1146 5052 1434 5108 habuimus
1457 5095 1472 5120 ,
1525 5056 1744 5124 quando
1781 5057 1983 5124 placuit

397 5137 448 5189 ei
482 5153 587 5192 non
619 5139 899 5196 habemus.
930 5141 1078 5196 Sicut
1116 5142 1340 5198 Domino
1394 5146 1617 5209 placuit,
1661 5146 1735 5199 ita
1779 5147 1980 5216 factum

396 5238 492 5284 est.
529 5231 761 5298 Quando
814 5235 1140 5301 habuimus,
1176 5252 1282 5291 non
1336 5248 1625 5307 propterea
1659 5250 1848 5292 nostra
1882 5241 1982 5292 ha-

353 5383 360 5390 _
399 5323 634 5388 lmimus,
666 5327 759 5380 sed
796 5327 1006 5382 Domini
1040 5349 1050 5384 :
1080 5338 1132 5383 et
1159 5344 1282 5384 cum
1327 5331 1682 5400 perderemus
1740 5333 1922 5384 omnia
1956 5371 1972 5396 ,

400 5429 504 5468 non
538 5419 758 5485 propria
788 5418 1144 5486 perdidimus,
1177 5423 1271 5476 sed
1295 5421 1516 5476 abstulit
1544 5437 1662 5489 quae
1688 5437 1782 5476 sua
1817 5432 1978 5476 erant

402 5507 678 5570 Dominus,
716 5506 863 5562 Sicut
891 5509 1112 5566 Domino
1140 5513 1370 5580 placuit,
1394 5514 1468 5566 ita
1503 5513 1704 5581 factum
1730 5523 1828 5577 est,
1863 5514 1974 5569 sic-

405 5607 464 5658 ut
499 5601 758 5656 Dominus
823 5603 1014 5668 voluit,
1062 5604 1204 5660 sicut
1272 5606 1496 5660 Domino
1531 5607 1753 5676 placuit.
1802 5607 1978 5662 Omne

474 5782 518 5818 ⁸³
559 5782 702 5843 Psal.
740 5801 886 5850 xxix,
917 5784 968 5838 6.
1041 5784 1086 5816 ⁵⁸
1131 5783 1268 5842 Psal.
1313 5803 1463 5853 XCIII,
1497 5787 1578 5847 l2.

1658 5788 1704 5821 ⁵⁵
1731 5792 1850 5846 Act.
1885 5805 1954 5848 iv.
1988 5793 2070 5846 12.

2102 3313 2414 3373 susceperat
2449 3302 2703 3366 reddidit,
2731 3297 3366 3354 intaminatumremisit
3409 3313 3570 3366 quem
3604 3299 3684 3352 νὶ-

2102 3411 2227 3450 vum
2261 3394 2520 3463 suscepit.
2556 3392 2692 3456 lloc,
2726 3393 2970 3461 inquam,
3018 3405 3215 3445 nomen
3253 3390 3465 3444 Domini
3517 3392 3682 3444 bene-

2103 3490 2307 3542 dictum
2335 3487 2388 3540 in
2418 3485 2638 3540 saecula.
2675 3482 2790 3538 Hoc
2814 3500 3010 3538 nomen
3042 3484 3185 3550 quod
3235 3485 3392 3553 pauci
3422 3498 3487 3536 ex
3539 3484 3686 3552 prio-

2102 3581 2248 3635 ribus
2273 3587 2636 3649 agnoverunt,
2669 3578 3006 3645 posteriores
3038 3591 3166 3630 vero
3195 3592 3386 3630 omnes
3436 3590 3686 3645 suscepe-

2100 3683 2243 3726 runt.
2276 3672 2386 3725 lloc
2423 3688 2615 3724 nomen
2649 3674 2716 3724 de
2751 3685 2859 3739 quo
2886 3670 3080 3724 dicunt
3112 3670 3291 3723 sancti
3337 3685 3402 3722 ex
3451 3685 3683 3738 persona

2099 3765 2191 3819 Dei
2223 3783 2234 3818 :
2262 3762 2427 3820 Vobis
2449 3765 2540 3833 qui
2575 3765 2779 3817 timetis
2809 3776 3007 3817 nomen
3039 3777 3218 3815 meum
3271 3762 3684 3831 cognominabi-

2100 3865 2407 3910 turnovum
2441 3870 2634 3910 nomen
2665 3856 2811 3926 quod
2869 3855 3224 3909 benedicetur
3253 3870 3418 3922 super
3453 3863 3679 3912 terram.

2095 3947 2162 4001 Et
2190 3949 2365 4002 adhuc
2390 3964 2404 3999 :
2441 3945 2564 4001 Non
2585 3959 2661 4002 est
2690 3964 2878 4002 nomen
2911 3947 3062 4000 aliud
3089 3949 3185 4002 sub
3210 3949 3336 4000 triuio
3381 3948 3564 4000 datum
3587 3948 3682 4000 ho-

2095 4040 2319 4093 minibus
2349 4041 2404 4094 in
2429 4057 2534 4110 quo
2562 4049 2799 4109 oporteat
2827 4057 2920 4094 nos
2948 4042 3122 4094 salvos
3146 4041 3265 4109 ﬁeri
3295 4039 3368 4092 ".
3413 4039 3548 4105 lloc,
3607 4041 3682 4093 in.

2095 4146 2284 4212 quam,
2311 4147 2506 4187 nomen
2535 4131 2752 4186 Domini
2807 4135 2881 4186 sit
2930 4134 3273 4189 benedictum
3329 4132 3385 4185 in
3434 4133 3677 4187 saecula:

2094 4225 2242 4292 quod
2272 4226 2408 4278 iram
2445 4225 2668 4290 avertit,
2695 4227 2838 4293 quod
2866 4226 3212 4280 maledictum
3263 4227 3486 4281 abstulit
3513 4237 3679 4295 atque

2095 4318 2329 4380 remisit,
2371 4318 2511 4385 quod
2535 4319 2810 4371 daemones
2835 4319 3052 4372 terruit.
3085 4318 3197 4373 lloc
3241 4334 3434 4374 nomen
3466 4319 3684 4372 Domini

2093 4409 2165 4462 sit
2190 4410 2535 4463 benedictmn
2570 4409 2622 4462 in
2648 4409 2864 4462 szecula.
2897 4408 2979 4462 Sit
3011 4411 3354 4465 benedictum
3391 4412 3442 4464 in
3469 4410 3676 4480 angelis

2095 4508 2150 4553 et
2184 4501 2235 4553 in
2271 4501 2608 4564 hominibus,
2636 4503 2688 4554 in
2721 4500 3036 4555 coelestibus
3067 4501 3388 4566 virtutibus,
3415 4502 3466 4554 in
3513 4501 3678 4570 spiri~

2095 4593 2236 4646 tibus
2269 4602 2429 4661 atque
2454 4594 2505 4647 in
2541 4593 2792 4647 omnibus
2817 4592 3091 4661 jnstortnn
3121 4594 3432 4658 animabus,
3458 4594 3511 4646 in
3536 4609 3674 4662 gen-

2088 4685 2229 4739 tibus
2251 4696 2305 4740 et
2340 4687 2392 4739 in
2416 4687 2672 4740 omnibus
2701 4687 2943 4740 fidelium
2996 4687 3530 4756 congregationibus.
3589 4687 3672 4740 Sit

2090 4795 2276 4832 nomen
2300 4779 2512 4833 Domini
2541 4782 2887 4833 benedictum.
2932 4779 3244 4848 Quousque,
3303 4791 3398 4832 aut
3429 4779 3671 4848 quandiu

2087 4872 2159 4926 sit
2192 4872 2574 4926 benedictum?
2610 4872 2674 4926 In
2712 4873 2930 4934 sa'cula,
2969 4874 3160 4942 inquit,
3205 4874 3257 4926 in
3312 4872 3471 4925 linem
3519 4885 3660 4939 pra:-

2090 4965 2259 5017 sentis
2283 4975 2339 5017 et
2374 4965 2426 5018 in
2463 4966 2621 5019 initio
2659 4967 2852 5019 infiniti
2881 4966 3024 5019 illius
3057 4966 3264 5020 saeculi.
3300 4965 3405 5028 Sit,
3444 4964 3620 5034 inquit
3652 5003 3668 5028 ,

2092 5071 2286 5109 nomen
2321 5057 2529 5112 Domini
2562 5059 2904 5113 benedictum
2939 5060 2991 5112 in
3039 5058 3325 5112 animabus
3363 5067 3668 5121 castorum,

2089 5146 2143 5199 in
2185 5149 2438 5202 cordibus
2470 5151 2704 5218 piorum,
2731 5150 2784 5204 in
2814 5150 3085 5205 mentibus
3137 5149 3516 5218 religiosorum
3540 5188 3555 5212 ,
3612 5147 3668 5200 iu

2087 5239 2313 5293 ecclesia
2349 5252 2683 5306 sanctorum,
2717 5243 2770 5296 in
2796 5243 3218 5312 congregatione
3252 5241 3676 5295 verissimorum

2088 5330 2181 5386 Dei
2211 5331 2557 5388 famulorum.
2592 5333 2674 5388 Sit
2705 5351 2899 5389 nomen
2937 5335 3147 5388 Domini
3184 5333 3529 5389 benedictum
3558 5347 3666 5384 non

2083 5423 2138 5476 in
2169 5435 2412 5494 tempOre
2451 5427 2700 5482 dimenso
2746 5438 2910 5496 atque
2965 5437 3190 5494 statuto,
3217 5429 3311 5482 sed
3355 5428 3408 5479 in
3441 5427 3661 5480 saacula.

2085 5515 2140 5570 In
2169 5523 2385 5585 sarcula,
2426 5521 2622 5591 inquit,
2653 5523 2766 5576 sive
2797 5523 2849 5574 in
2873 5521 3129 5592 praesenti
3159 5521 3360 5576 steculo
3396 5535 3566 5583 usque
3612 5520 3664 5571 in

2088 5610 2272 5679 linem,
2298 5612 2412 5668 sive
2442 5613 2494 5668 in
2537 5612 2721 5669 futuro
2764 5614 2966 5670 saeculo
2995 5613 3086 5669 illo
3118 5612 3332 5670 infinito
3382 5622 3545 5682 atque
3580 5611 3665 5665 in-
