4174 6388
453 332 560 390 445

1571 337 1956 397 ΛΝΟΝΥΜΗΞ
1993 342 2060 397 ΙΝ
2097 342 2236 401 JOB.
2276 375 2343 384 -—
2375 345 2504 402 LlB.
2545 346 2585 401 Ι.

3611 362 3716 417 416

453 469 754 524 deﬁcienti.
791 469 877 526 Si,
915 486 1102 526 nomen
1130 470 1346 526 υοηιεηε
1373 474 1699 530 benedictum
1732 481 1786 532 ίη
1809 484 2025 538 meum.
2062 473 2097 523 Α
2133 463 2222 530 qui
2251 464 2304 517 in
2337 467 2540 520 mundo
2561 477 2689 522 sunt
2721 477 2997 537 statuens,
3031 471 3200 528 dicit:
3236 473 3302 529 In
3331 477 3572 534 omnibus
3597 497 3714 546 qua:

450 560 830 629 Circumcnsio,
862 563 1056 632 inquit,
1087 565 1154 618 ad
1185 573 1398 634 tempus
1453 567 1577 635 fuit,
1609 569 1693 624 lex
1729 586 1902 640 usque
1963 575 2028 626 ad

457 649 854 719 plenitudinem
884 656 1141 723 temporis
1191 655 1312 712 fuit.
1350 657 1644 728 Postquam
1676 662 1823 718 venit
1857 662 2029 734 pleni-

455 741 585 797 tudo
612 743 875 813 temporis
911 746 1061 800 misit
1113 747 1252 803 Deus
1286 747 1484 804 Filium
1544 765 1700 806 suum
1729 753 1820 822 qui
1858 753 2028 823 legem

453 833 716 906 implevit,
767 845 822 890 et
843 839 1072 906 gratiam
1103 839 1512 906 demonstravit,
1550 853 1605 898 et
1644 858 1843 900 nomen
1895 845 2028 899 illud

451 927 851 982 benedictionis
883 927 1201 997 impertiens
1228 933 1440 988 ctmctis
1468 934 1518 987 in
1549 945 1811 1005 perpetuo
1840 945 2030 1006 peten-

454 1019 594 1073 tibus
629 1019 870 1073 tradidit.
919 1018 1003 1074 Sit
1032 1037 1220 1075 nomen
1245 1021 1458 1078 Domini
1487 1025 1812 1080 benedictum
1832 1028 1890 1081 in
1929 1043 2030 1081 sw-

450 1109 594 1164 cula.
637 1109 842 1164 Nomen
869 1110 1081 1168 Domini
1109 1114 1186 1168 ait
1215 1115 1363 1179 boni,
1399 1117 1793 1183 misericordis,
1818 1119 2031 1189 patien-

451 1201 541 1263 tis,
574 1201 816 1272 benigni,
850 1202 1279 1260 clementissimi.
1310 1205 1396 1261 Sit
1444 1223 1640 1264 nomen
1676 1211 1891 1266 Domini
1933 1213 2027 1266 be-

449 1293 745 1358 nedictum,
771 1293 861 1362 qui
891 1295 1321 1352 benedictionem
1383 1301 1673 1356 seminavit
1703 1341 1718 1365 ,
1773 1306 2029 1373 produxit

447 1393 610 1454 atque
645 1385 907 1439 ostendit.
944 1385 1027 1441 Sit
1063 1404 1256 1444 nomen
1296 1392 1508 1446 Domini
1533 1393 1902 1461 benedictum,
1935 1399 2028 1469 qui

446 1482 638 1531 cuncta
667 1476 806 1530 bene
832 1477 1068 1546 perlicit,
1099 1481 1191 1549 qui
1214 1494 1407 1538 cuncta
1437 1486 1574 1540 bona
1606 1488 1876 1544 universis
1899 1504 2026 1559 pro-

446 1565 609 1628 videt,
647 1567 737 1635 qui
780 1567 938 1633 bene,
997 1571 1196 1640 inquit,
1233 1574 1363 1629 mihi
1417 1591 1664 1647 magnam
1711 1581 2026 1647 patientiam

445 1668 608 1728 atque
634 1659 969 1715 tolerantiam
1001 1665 1349 1732 condonavit,
1383 1678 1443 1721 ut
1470 1678 1723 1738 tanquam
1749 1686 1940 1726 aurum
1973 1673 2026 1726 in

445 1751 665 1809 fornace
693 1757 967 1824 probatus,
993 1759 1291 1827 perspicua:
1317 1762 1457 1826 Iidei,
1485 1763 1780 1820 tolerantia
1812 1779 2027 1836 quoque

444 1854 605 1914 atque
630 1847 903 1914 patientiae
929 1847 1159 1903 formam
1187 1850 1400 1906 cunctis
1421 1854 1816 1923 subsequenter
1841 1865 2026 1910 osten-
2056 1841 2098 1894 Β

443 1936 590 2000 dam,
620 1937 800 2004 justus
826 1941 1229 2009 comprobatus,
1269 1943 1475 1999 electus
1508 1945 1908 2002 demonstratns
1939 1961 2025 2002 at-

441 2041 547 2096 que
581 2030 878 2097 probabilis
905 2045 1181 2098 ostensus,
1219 2047 1325 2087 non
1368 2034 1598 2089 Domino
1645 2037 1740 2106 qui
1767 2046 1854 2092 est
1883 2053 2023 2106 prte-

2131 555 2178 606 ei
2207 556 2514 610 acciderunt
2543 559 2679 612 nihil
2709 562 2945 627 peccavit
2995 561 3122 617 Job.
3160 565 3492 621 Acciderunt
3549 584 3597 622 et
3633 572 3713 623 die

2131 647 2293 710 vitim,
2321 657 2375 701 et
2406 649 2600 718 gloria,
2633 653 2725 706 sed
2780 653 2919 707 nihil
2983 665 3249 724 peccavit,
3294 673 3399 712 non
3453 661 3597 713 enim
3629 672 3712 714 est

2131 738 2302 793 elatus
2333 739 2385 793 in
2419 742 2755 809 superbiam.
2787 744 2998 800 Accidit
3031 747 3082 800 ei
3128 749 3388 816 splendor
3417 759 3472 804 et
3500 751 3711 814 laetitia,

2132 829 2225 883 sed
2259 845 2362 886 nec
2397 833 2691 902 quidquam
2721 838 2990 904 peccavit.
3040 837 3157 892 Non
3183 841 3328 894 enim
3375 853 3459 897 est
3508 842 3712 897 oblitus

2134 922 2380 977 timorem
2420 923 2658 987 Domini.
2712 941 2888 998 neque
2930 929 3222 999 dereliquit
3275 933 3707 989 misericordia-nt

2131 1028 2195 1067 ac
2223 1014 2649 1072 miserationem.
2683 1017 2813 1074 Post
2851 1020 2968 1074 haec
2996 1022 3246 1078 videlicet
3271 1025 3466 1080 accidit
3488 1027 3537 1081 ei
3572 1042 3708 1098 pau-

2131 1113 2311 1172 pertas
2340 1122 2403 1162 ac
2435 1107 2676 1176 miseria,
2707 1111 2804 1165 sed
2834 1111 2968 1166 nihil
3011 1116 3257 1182 peccavit
3290 1115 3410 1184 Job,
3443 1119 3570 1188 quia
3602 1135 3707 1175 non

2131 1194 2529 1265 blasphemavit
2552 1201 2798 1256 omnium
2849 1203 3244 1261 dominantem.
3297 1207 3509 1264 Accidit
3534 1210 3584 1264 ei
3612 1211 3711 1266 do-

2130 1285 2234 1350 lor,
2267 1297 2320 1343 et
2351 1289 2527 1357 plaga,
2560 1301 2614 1345 et
2646 1307 2858 1349 vermes
2884 1304 2939 1350 et
2967 1301 3193 1367 putredo
3221 1318 3235 1353 :
3273 1300 3366 1354 sed
3420 1301 3554 1354 nihil
3583 1317 3710 1371 pec-

2129 1379 2273 1433 cavit
2301 1379 2483 1447 justus
2514 1382 2629 1438 ille.
2687 1383 2824 1439 Nam
2871 1402 2996 1440 cum
3047 1390 3349 1458 gratiarum
3403 1391 3710 1447 actionibus

2129 1473 2481 1528 vehementes
2511 1474 2629 1529 illos
2679 1477 2939 1532 sustinuit
2992 1480 3230 1535 dolores.
3268 1480 3547 1537 Veraciter
3573 1499 3707 1554 ergo

2129 1563 2321 1617 scribit
2351 1579 2576 1635 magnus
2625 1567 2716 1622 ille
2751 1567 2966 1641 Moyses
2996 1571 3064 1625 de
3085 1569 3210 1638 Job,
3237 1583 3292 1626 et
3325 1575 3593 1630 veraciter
3623 1575 3709 1630 di-

2129 1654 2250 1710 cit:
2303 1653 2376 1710 In
2409 1658 2648 1713 omnibus
2697 1676 2816 1730 quae
2871 1665 2924 1715 ei
2955 1664 3263 1717 acciderunt
3300 1666 3430 1718 nihil
3478 1669 3708 1736 peccavit

2129 1743 2251 1811 Job,
2283 1765 2448 1818 neque
2480 1750 2535 1804 in
2563 1762 2840 1820 conspectu
2871 1751 3083 1806 Domini
3121 1772 3283 1824 neque
3308 1758 3366 1810 in
3393 1759 3547 1811 labiis
3575 1760 3706 1814 suis.

2129 1839 2266 1904 Quid
2287 1851 2372 1894 est
2395 1841 2538 1910 quod
2558 1842 2716 1906 dicis,
2745 1859 2777 1897 ο
2805 1861 2998 1914 magne
3027 1845 3277 1918 Moyses?
3299 1850 3428 1918 quid
3456 1859 3535 1904 est
3565 1852 3708 1920 quod

2130 1930 2391 1998 loqueris,
2427 1949 2591 2003 neque
2630 1935 2684 1988 in
2715 1949 2999 2006 Conspectu
3049 1938 3296 2002 Domini,
3330 1958 3496 2010 neque
3528 1943 3582 1996 in
3630 1943 3710 1998 la-

2127 2022 2225 2076 biis
2255 2024 2409 2078 suis?
2430 2025 2563 2094 Ego,
2598 2027 2797 2096 inquit,
2832 2029 3040 2099 absque
3075 2032 3360 2086 mendacio
3412 2034 3624 2103 loquor,
3654 2047 3710 2089 ot

441 2119 607 2184 scius,
638 2121 732 2174 sed
767 2121 1080 2178 hominibus
1128 2125 1182 2179 in
1217 2125 1416 2180 mundo
1449 2125 1848 2194 ignorantibus.
1888 2127 2021 2182 Nam

2125 2113 2271 2183 juste
2297 2115 2514 2185 loquor.
2540 2117 2597 2172 In
2627 2130 2918 2189 conspectu
2945 2123 3089 2176 enim
3130 2124 3340 2178 Domini
3367 2141 3473 2179 non
3511 2140 3704 2194 pecca-

441 2209 701 2279 praescius
731 2210 992 2268 Dominus
1022 2215 1186 2268 etiam
1227 2225 1354 2270 ante
1394 2217 1661 2284 passionis
1687 2216 1900 2270 initium
1938 2228 2022 2270 to-

460 2302 686 2356 erantite
723 2304 929 2358 sciebat
953 2306 1180 2360 exitum.
1213 2307 1406 2364 Merito
1437 2307 1804 2364 testimonium
1841 2309 2024 2378 pet-hi.

440 2395 577 2460 Juit,
610 2397 702 2466 qui
735 2397 805 2452 ob
838 2398 939 2453 hoc
969 2398 1138 2468 ipsam
1166 2401 1520 2455 tentationem
1550 2400 1824 2469 permisit,
1859 2411 1916 2453 ut
1939 2400 2023 2455 his

440 2487 614 2556 quiin
661 2491 862 2543 mundo
909 2501 1036 2544 sunt
1087 2491 1543 2560 comprobaretur
1562 2491 1766 2562 justus.
1799 2491 1906 2547 Pro
1935 2492 2022 2547 his

439 2596 570 2649 ergo
599 2582 852 2636 omnibus
893 2582 965 2635 sit
993 2597 1189 2637 nomen
1223 2582 1431 2636 Domini
1466 2582 1811 2636 benedictum
1834 2584 1888 2637 in
1917 2598 2020 2638 sa:-

437 2671 579 2728 cula.
607 2671 733 2726 Haec
755 2672 1038 2726 audientes
1059 2673 1447 2740 subsequenter
1483 2671 1648 2726 etiam
1685 2671 1858 2725 sancti
1895 2687 2022 2741 pro-

438 2765 616 2835 pheta:
644 2779 674 2817 a
712 2763 872 2818 beato
901 2762 1002 2818 Job
1033 2763 1212 2818 edocti
1257 2762 1548 2816 dixerunt:
1582 2761 1662 2816 Sit
1689 2778 1878 2817 nomen
1908 2763 2017 2817 Do-

437 2857 567 2910 mini
594 2855 921 2910 benedictum
947 2871 1012 2910 επ
1031 2853 1127 2909 hoc
1151 2869 1290 2907 nunc
1317 2863 1366 2908 et
1397 2869 1561 2924 usque
1593 2855 1648 2907 in
1669 2854 1922 2908 saeculum
1948 2854 2015 2909 ".

439 2946 592 3003 Sicut
619 2949 767 3003 enim
799 2946 1064 3001 mirabilis
1116 2945 1220 3001 Job
1264 2960 1388 3000 cum
1420 2945 1636 3001 dolores
1671 2946 1968 3000 sustineret
1997 2987 2013 3010 ,

439 3052 635 3105 nomen
660 3037 874 3091 Domini
904 3037 1198 3103 benedixit,
1223 3036 1295 3090 ita
1327 3046 1383 3090 et
1413 3036 1554 3091 beati
1584 3035 1860 3104 prophetae
1887 3048 2016 3104 per-

435 3130 749 3186 secutiones
775 3140 830 3185 et
850 3130 1064 3185 dolores
1095 3131 1431 3186 sustinentes
1483 3130 1782 3196 terribiles,
1815 3145 2015 3185 nomen

436 3221 649 3277 Domini
685 3222 1097 3276 benedixerunt.
1122 3222 1250 3277 Post
1291 3237 1412 3292 qua:
1445 3224 1724 3289 universa,
1755 3221 1904 3278 velut
1932 3223 2017 3277 vi-

436 3315 624 3370 ctoriae
655 3315 898 3380 titulum,
924 3315 1130 3386 gloriae,
1165 3330 1228 3370 ac
1258 3316 1436 3370 laudis
1472 3319 1636 3386 atque
1682 3317 1908 3371 honoris
1937 3315 2016 3370 illi

435 3414 680 3462 statuens
713 3421 940 3477 magnus
968 3406 1058 3461 ille
1095 3407 1309 3478 Moyses
1366 3408 1580 3472 scribit,
1627 3423 1693 3463 ac
1724 3408 1896 3462 dicit:
1949 3412 2018 3462 1n

435 3495 516 3550 his
547 3511 676 3565 ergo
704 3497 942 3549 omnibus
961 3512 1079 3567 quis
1099 3499 1148 3551 ei
1167 3497 1492 3560 acciderunt,
1514 3515 1616 3552 non
1637 3499 1865 3568 peccavit
1891 3499 2014 3566 Job,

435 3605 598 3659 neque
638 3589 692 3641 in
737 3599 1013 3654 conspectu
1043 3587 1279 3653 Domini,
1329 3605 1492 3660 neque
1525 3591 1582 3655 in
1617 3591 1773 3651 labiis
1804 3591 1916 3646 suis
1938 3591 2010 3644 ⁵⁷.

433 3679 491 3754 In
516 3681 600 3734 his
628 3681 904 3744 omnibus,
934 3679 1129 3748 inquit,
1169 3680 1586 3750 tam'plurimis,
1627 3690 1738 3734 tam
1782 3681 2014 3754 magnis,

435 3786 546 3828 tam
582 3773 926 3844 periculosis,
971 3781 1188 3842 tamque
1233 3772 1570 3828 terribilibus
1622 3787 1690 3828 ac
1725 3775 2019 3828 vehemen-

435 3866 681 3930 tissimis,
707 3867 758 3920 in
793 3864 1046 3920 omnibus
1093 3865 1284 3938 primis
1309 3879 1374 3920 ac
1417 3866 1758 3930 novissimis,
1792 3865 2014 3936 majori-

434 3955 535 4010 bus
555 3971 618 4009 ae
647 3956 954 4010 minoribus
975 3955 1476 4026 qutelueruntante
1502 3957 1736 4030 plagam,
1771 3960 1822 4014 in
1849 3961 2022 4016 omni:

432 4043 535 4099 bus
567 4045 989 4113 miserabilibus,
1014 4045 1274 4116 gravibus
1302 4061 1523 4118 quoque
1550 4057 1606 4102 et
1633 4057 1865 4103 mentem
1895 4066 2016 4120 per-.

435 4135 800 4206 turbantibus,
831 4137 1130 4204 praecordia
1155 4119 1612 4206 perterrentibus.
1645 4135 1701 4192 ln
1735 4137 1821 4194 his
1842 4119 2016 4194 omni-

432 4225 556 4282 bus.
610 4225 747 4280 Nam
783 4228 887 4282 nisi
935 4238 1121 4290 essent
1171 4227 1405 4297 plurima
1445 4237 1500 4283 et
1568 4244 1787 4299 magna,
1849 4240 2016 4301 atque

435 4319 722 4386 terribilia,
751 4334 856 4373 non
894 4321 1084 4389 utique
1121 4319 1352 4390 dixisset
1407 4320 1462 4375 in
1498 4320 1583 4376 his
1613 4322 1868 4376 omnibus
1895 4337 2016 4392 qua:

431 4408 482 4462 ei
508 4409 848 4474 acciderunt,
903 4419 1160 4480 tanquam
1203 4412 1247 4466 si
1275 4411 1534 4467 diceret:
1576 4412 1708 4480 Quis
1767 4429 1957 4483 regum
1984 4430 2012 4468 a

2047 3176 2094 3240 (Ξ

2126 2207 2225 2270 vit,
2259 2207 2361 2262 hoc
2386 2218 2489 2273 est,
2523 2211 2575 2263 in
2613 2212 2811 2267 animae
2842 2215 3119 2279 consiliis,
3171 2231 3346 2286 neque
3393 2217 3444 2271 in
3504 2223 3710 2287 cogita-

2135 2299 2393 2366 tionibus,
2419 2317 2599 2371 neque
2633 2302 2686 2356 in
2735 2307 3149 2363 tractationibus
3195 2309 3402 2364 cordis.
3438 2309 3533 2365 His
3560 2311 3707 2365 enim

2125 2377 2402 2458 observat,
2462 2404 2517 2449 et
2563 2395 2666 2450 ista
2708 2397 2933 2467 respicit
2986 2399 3150 2454 iacies
3198 2401 3430 2466 Domini,
3464 2418 3588 2472 quae
3639 2403 3693 2456 in

2125 2485 2290 2539 corde
2318 2486 2625 2554 cogitantur
2656 2495 2824 2557 atque
2868 2498 3191 2554 tractantur,
3219 2490 3377 2560 juxta
3411 2492 3518 2546 hoc
3564 2494 3707 2562 quod

2124 2577 2328 2632 dictum
2369 2586 2451 2632 est
2493 2597 2507 2633 :
2566 2578 2690 2632 Non
2735 2583 2871 2634 sicut
2915 2583 3056 2636 videt
3111 2583 3290 2650 homo,
3349 2585 3487 2638 videt
3549 2586 3706 2649 Deus.

2123 2669 2212 2723 sed
2279 2671 2432 2724 homo
2481 2673 2619 2725 videt
2688 2673 2746 2725 in
2803 2674 2977 2740 facie,
3057 2683 3114 2728 et
3184 2690 3290 2729 non
3350 2675 3402 2730 in
3492 2678 3704 2734 corde:

2124 2760 2267 2816 Deus
2307 2775 2480 2817 autem
2525 2765 2664 2817 videt
2712 2765 2769 2818 in
2830 2767 2984 2819 corde
3044 2767 3129 2832 ⁸⁸,
3190 2777 3244 2823 et
3273 2768 3326 2822 in
3362 2769 3504 2825 facie
3548 2779 3606 2826 et
3649 2770 3707 2826 in

2134 2855 2582 2925 cogitationibus,
2616 2867 2778 2926 atque
2814 2860 2866 2911 in
2901 2857 3032 2922 ipsis
3061 2859 3242 2914 cordis
3277 2861 3540 2918 consiliis.
3565 2861 3708 2920 Istas

2124 2947 2334 3001 scilicet
2363 2949 2546 3002 cordis
2591 2941 2954 3017 cogitationes
2982 2992 2996 3015 ,
3034 2949 3262 3005 consilia
3293 2967 3510 3022 quoque
3541 2964 3709 3024 atque

2125 3046 2388 3093 tractatus
2421 3039 2734 3108 designans,
2767 3039 2900 3094 dicit
2931 3057 2946 3093 :
2978 3055 3139 3111 neque
3185 3043 3240 3096 in
3292 3057 3571 3114 conspectu
3605 3044 3712 3099 Do.

2125 3124 2273 3181 mini.
2305 3124 2478 3180 Verba
2507 3139 2690 3182 autem
2718 3137 2773 3182 et
2798 3128 3018 3198 eloquia
3065 3130 3447 3189 demonstrans
3474 3153 3487 3190 :
3521 3151 3705 3206 neque,

2124 3216 2322 3286 inquit,
2354 3219 2411 3272 in
2443 3218 2595 3273 labiis
2620 3220 2753 3286 suis,
2781 3235 2845 3275 ac
2875 3221 2920 3275 si
2954 3223 3189 3278 diceret:
3210 3223 3402 3280 Omnia
3433 3241 3554 3296 quae
3581 3242 3710 3298 pro-

2121 3319 2392 3363 venerunt
2422 3311 2493 3374 ei,
2524 3310 2596 3365 ita
2632 3312 2896 3367 sustinuit
2927 3311 3030 3369 Job
3058 3323 3112 3370 et
3140 3314 3213 3369 ita
3243 3318 3583 3386 supportavit
3604 3357 3621 3384 ,
3650 3326 3710 3373 ut

2121 3417 2220 3456 nec
2255 3402 2308 3455 in
2339 3401 2517 3457 verbis
2547 3401 2816 3458 labiorum
2845 3404 3255 3474 hlasphemaret
3286 3407 3452 3463 Deum
3485 3447 3500 3474 ,
3529 3423 3709 3481 neque

2122 3492 2174 3545 in
2217 3491 2398 3546 cordis
2448 3492 2876 3561 cogitationibus
2928 3495 3400 3564 reprehenderet,
3445 3512 3622 3570 neque
3653 3499 3708 3554 in

2120 3583 2316 3636 anima:
2363 3584 2607 3638 consiliis
2641 3583 2909 3652 culparet.
2943 3585 3230 3653 Quomodo
3271 3588 3472 3644 malum
3503 3591 3710 3662 cogita-

2121 3687 2274 3728 turus
2308 3683 2428 3729 erat
2457 3674 2562 3728 Job
2599 3675 2653 3730 in
2703 3676 2870 3732 corde
2919 3692 3017 3732 suo
3057 3681 3321 3736 adversus
3372 3680 3538 3735 Deum
3563 3722 3581 3749 ,
3614 3683 3707 3753 qui

2119 3782 2216 3835 pro
2247 3765 2480 3820 ﬁliorum
2513 3765 2772 3821 cordibus
2811 3783 2998 3822 curam
3023 3784 3242 3839 gerens,
3276 3771 3446 3826 dixit:
3469 3771 3552 3827 Ne
3573 3773 3711 3842 forte

2117 3856 2216 3924 ﬁlii
2247 3857 2349 3909 mei
2397 3856 2454 3909 in
2503 3855 2750 3910 cordibus
2790 3857 2900 3911 suis
2948 3858 3079 3912 mali
3117 3861 3320 3930 aliquid
3361 3862 3706 3931 cogitaverim

2118 3950 2369 4002 adversus
2392 3947 2560 4002 Deum
2584 3948 2630 3980 ⁸⁸
2663 3948 2827 4004 iNon
2864 3951 3133 4020 peccavit,
3164 3953 3355 4022 inquit,
3389 3954 3442 4008 in
3475 3970 3709 4024 conspe-

2117 4051 2205 4094 ctu
2242 4041 2476 4106 Domini,
2505 4041 2669 4096 corde
2719 4040 2862 4096 male
2907 4042 3217 4111 cogitando,
3253 4060 3432 4115 neque
3461 4047 3514 4099 in
3549 4045 3709 4102 labiis

2119 4131 2253 4195 suis,
2289 4130 2478 4184 illicita
2519 4129 2813 4199 loquendo.
2848 4129 3024 4201 Super
3057 4133 3171 4188 haec
3209 4137 3416 4202 omnia,
3447 4133 3572 4189 Non
3615 4137 3711 4190 de-

2117 4225 2194 4276 dit
2223 4265 2238 4289 ,
2260 4225 2431 4292 inquit
2458 4265 2472 4290 ,
2511 4223 2871 4293 insipientiam
2900 4224 3034 4278 Deo.
3068 4226 3208 4293 Quid
3237 4239 3323 4283 est
3351 4231 3494 4298 quod
3526 4229 3659 4284 dicit
3686 4269 3704 4296 ,

2119 4332 2221 4370 non
2251 4317 2393 4368 dedit
2425 4315 2782 4382 insipientiam
2805 4315 2916 4372 Deo
2943 4319 2968 4372 ?
3000 4317 3078 4371 Ac
3106 4319 3152 4372 si
3187 4319 3391 4374 diceret
3418 4337 3432 4374 :
3459 4318 3578 4374 Non
3605 4336 3706 4376 ex-

2118 4407 2258 4462 stitit
2283 4405 2516 4460 inlidelis
2550 4407 2678 4471 Deo,
2708 4420 2814 4460 non
2847 4409 3056 4464 exstitit
3083 4409 3337 4465 inﬁrmus
3366 4451 3383 4477 ,
3411 4427 3587 4481 neque
3613 4413 3700 4468 in-

431 4501 632 4556 saaculo
661 4501 787 4555 talia
817 4502 956 4555 bella
981 4503 1209 4571 peregit,
1230 4518 1264 4558 ο
1289 4504 1437 4558 viri?
1465 4504 1598 4580 Quis
1619 4505 1688 4559 ab
1713 4504 1869 4560 initio
1893 4521 2016 4574 pro-
2048 4526 2092 4581 D
2121 4497 2355 4566 ﬂabilis.
2383 4513 2558 4568 neque
2585 4497 2859 4570 Perﬁdus:
2896 4515 3072 4570 neque
3102 4511 3428 4558 εοπιηιοιυεο
3463 4502 3516 4557 Ν
3521 4521 3588 4558 οη
3615 4504 3708 4560 de-

431 4605 618 4645 cerum
676 4592 982 4659 huiusmodi
1021 4595 1257 4665 perfecit
1290 4596 1614 4662 victoriam,
1668 4615 1701 4651 o
1731 4597 2013 4664 homines,

429 4685 891 4751 quemadmodum
928 4687 1266 4742 admirabilis
1303 4687 1442 4758 Job;
1489 4691 1579 4759 qui
1619 4704 1912 4759 percussus
1933 4700 2017 4746 est
2069 4753 2081 4774 .

429 4784 487 4832 et
519 4791 624 4830 non
662 4787 745 4832 est
774 4777 1114 4846 interfectus,
1139 4779 1432 4851 sagittatus
1463 4790 1546 4836 est
1570 4790 1626 4835 et
1647 4797 1752 4836 non
1780 4790 1864 4836 est
1891 4781 2014 4844 vul-

431 4881 676 4934 neratus,
708 4870 985 4926 doloribus
1010 4881 1094 4926 est
1118 4871 1348 4927 allectus
1369 4881 1423 4928 et
1459 4888 1566 4928 non
1593 4882 1677 4928 est
1730 4873 1972 4943 deiectus
1999 4915 2014 4939 ,

437 4961 706 5018 suli‘ossus
733 4972 819 5018 est
855 4972 908 5018 et
949 4980 1055 5019 non
1093 4975 1177 5019 est
1204 4967 1520 5033 subversus,
1550 4965 1790 5023 miseriis
1823 4976 1907 5022 est
1932 4967 2016 5021 al-

432 5053 612 5110 llictus
643 5064 698 5110 et
730 5071 836 5110 non
867 5065 952 5110 est
976 5058 1392 5114 comminutus?
1438 5058 1600 5114 Solus
1637 5075 1801 5129 super
1828 5074 2018 5120 omnes

435 5146 692 5216 antiquos
727 5162 792 5202 ac
823 5155 1074 5218 posteros
1105 5148 1400 5208 immobilis
1428 5151 1826 5222 gratiﬁcentiaz,
1854 5160 1908 5207 et
1937 5163 2019 5206 to-

433 5239 681 5295 lerantiae
711 5249 870 5294 scuto
904 5255 962 5296 se
1009 5242 1386 5311 circumdans,
1439 5244 1698 5319 solusque
1759 5248 2018 5302 adversus

434 5329 752 5385 innumeros
790 5341 963 5398 stans,
1006 5333 1388 5402 insuperabilis
1433 5337 1826 5405 perseveravit,
1853 5348 2017 5408 atque

435 5419 584 5488 solus
624 5422 688 5476 de
726 5422 1073 5480 multitudine
1103 5424 1412 5494 iniquorum
1440 5428 1724 5483 victoriam
1757 5431 2014 5501 sumpsit.

439 5507 555 5568 Iloc
579 5513 832 5568 nimirum
858 5517 1124 5582 scribens,
1160 5533 1224 5572 ac
1246 5517 1529 5588 proferens
1556 5519 1791 5592 Moyses,
1811 5531 1868 5576 et
1902 5532 2020 5576 tan-

438 5618 599 5676 quam
653 5596 926 5682 perp'etem
979 5609 1191 5664 titulum
1235 5610 1288 5664 in
1341 5610 1570 5667 formam
1602 5613 1910 5670 tolerantia:
1948 5615 2015 5669 iis

512 5787 556 5818 “
587 5789 732 5848 Psal.
758 5803 889 5860 exit,
921 5793 972 5846 2.
1062 5795 1104 5827 ⁵⁷
1137 5793 1238 5868 Job
1275 5813 1314 5862 ι,
1342 5796 1432 5870 22,

2123 4589 2202 4642 dit
2231 4591 2593 4660 insipientiam
2622 4590 2756 4648 Deo.
2792 4589 2910 4646 Non
2943 4593 3088 4647 enim
3119 4593 3221 4648 fuit
3246 4597 3706 4664 quemadmodum

2123 4681 2316 4736 domus
2348 4681 2437 4737 illa
2469 4697 2591 4756 quas
2641 4697 2806 4752 super
2848 4698 3076 4739 arenam
3125 4693 3210 4739 est
3254 4683 3515 4741 fabricata
3542 4729 3558 4756 ,
3585 4703 3708 4759 qua:

2125 4788 2230 4828 non
2263 4775 2449 4829 habuit
2481 4774 2921 4842 fundamentum,
2960 4778 3061 4832 hoc
3092 4787 3196 4842 est,
3230 4779 3354 4832 tidei
3406 4787 3459 4832 et
3491 4780 3708 4848 pietatis

2127 4866 2553 4933 ﬁrmamentum,
2585 4881 2706 4935 quae
2750 4866 2910 4922 facile
2957 4869 3133 4922 ventis
3161 4877 3216 4922 et
3245 4869 3404 4938 aquis
3434 4881 3707 4924 commota

2125 4957 2342 5012 cecidit.
2375 4957 2483 5013 Sed
2516 4973 2621 5012 non
2655 4958 2756 5012 fuit
2810 4960 2938 5014 talis
2969 4959 3168 5015 beatus
3200 4958 3324 5027 Job,
3357 4963 3453 5016 sed
3490 4962 3702 5030 firmus,

2120 5052 2334 5106 stabilis
2379 5061 2542 5121 atque
2581 5050 2875 5106 immobilis
2905 5051 3028 5107 fuit.
3074 5053 3284 5108 Idcirco
3327 5054 3507 5108 onmis
3537 5055 3706 5124 impe-

2123 5153 2207 5199 tus
2229 5144 2568 5213 nequissimi,
2595 5153 2648 5199 et
2674 5145 2853 5198 omnis
2887 5145 3168 5201 inundatio
3214 5146 3412 5201 diaboli
3471 5149 3706 5202 subver-

2125 5247 2261 5303 tere,
2289 5238 2372 5292 vel
2405 5237 2644 5306 dejicere
2685 5236 3019 5291 immobilem
3049 5238 3198 5292 illum
3248 5253 3354 5293 non
3386 5249 3703 5308 potuerunt.

2121 5327 2236 5385 Hoc
2269 5331 2450 5399 itaque
2485 5329 2866 5386 demonstrans
2892 5329 3026 5386 dicit
3053 5351 3068 5386 :
3107 5329 3232 5385 Non
3257 5332 3398 5386 dedit
3447 5333 3707 5402 insipien-.

2123 5423 2255 5476 tiam
2281 5421 2412 5477 Deo.
2449 5422 2601 5478 Sicut
2630 5423 2888 5489 diximus,
2922 5439 3030 5478 non
3058 5425 3268 5480 exstitit
3296 5426 3532 5481 inﬁdelis
3573 5427 3703 5494 Deo,

2127 5530 2304 5585 neque
2356 5515 2748 5586 inﬁdigraphus
2776 5557 2793 5584 ,
2825 5531 2999 5585 neque
3046 5518 3314 5588 ingratus.
3345 5519 3454 5574 Ant
3484 5520 3661 5574 adhuc
3687 5559 3706 5586 ,

2127 5609 2324 5679 inquit,
2368 5609 2491 5664 Non
2532 5609 2677 5666 dedit
2723 5609 3075 5680 insipientiam
3121 5610 3252 5678 Deo,
3289 5626 3355 5668 ac
3388 5613 3431 5668 si
3479 5613 3710 5683 diceret,

1518 5798 1563 5829 ⁸⁸
1594 5797 1610 5852 Ι
1643 5797 1773 5864 Reg.
1810 5813 1920 5864 xvt,
1945 5797 1999 5865 ἶ.
2075 5797 2119 5828 ⁵9
2145 5792 2246 5854 Job
2273 5809 2310 5860 ι,
2344 5793 2395 5852 5.
