4174 6382
452 329 558 385 447

1549 324 1934 382 ANONYMUS
1975 325 2038 380 IN
2078 326 2216 380 JOB.
2258 359 2325 370 --
2364 326 2490 382 LIB.
2533 327 2599 383 ll.

3611 325 3715 380 “8

457 468 563 510 non
600 452 730 508 Iecit
765 464 1050 506 sermones
1076 449 1166 504 Dei
1200 464 1374 520 neque
1405 452 1713 506 testimonia
1746 453 1865 519 ejus
1897 452 2029 506 inﬁ-
2063 460 2105 514 Α
2139 465 2356 524 propter
2385 457 2668 526 pecuniam
2693 497 2708 519 ,
2739 456 2836 510 sed
2869 463 3091 524 propter
3119 453 3468 508 dilectionem
3497 456 3707 510 servie-

455 545 596 600 delia
625 583 642 609 ,
676 559 850 612 neque
904 556 1237 611 supervacua
1268 583 1283 608 ,
1335 558 1511 610 neque
1566 544 1868 599 mendacia.
1905 545 2036 610 Quae

458 636 622 689 verba
665 633 782 696 Dei.
819 632 903 686 vel
929 647 1050 702 quae
1081 634 1392 687 testimonia
1422 635 1446 687 ?
1482 634 1556 688 Ea
1592 649 1712 704 quae
1739 636 1806 688 ad
1842 635 2034 690 diabo-

458 727 567 780 lum
606 724 813 780 Iocutus
843 734 950 788 est,
987 725 1358 778 testimonium
1406 726 1742 795 perhibendo
1771 725 1894 792 Joh,
1930 744 2034 782 non

460 816 589 869 fecit
611 831 676 868 ea
708 815 926 868 inﬁrma
957 814 1042 868 vel
1069 829 1402 883 supervacua
1433 817 1838 871 suecnmbendo
1874 830 2038 888 atque

458 907 794 960 detrahendo
819 945 837 972 ,
864 907 958 960 sed
991 906 1168 961 ﬁdelia
1222 906 1312 961 illa
1349 917 1510 976 atque
1538 909 1692 963 ﬁrma
1720 909 1870 976 fecit,
1911 926 2034 966 cum

459 998 756 1065 gratiarum
809 999 1024 1052 actione
1053 997 1368 1053 suﬂ'erendo
1400 1010 1597 1054 cuncta
1636 1001 1741 1055 sibi
1785 1004 2038 1057 acciden-

461 1089 554 1144 tia.
588 1087 781 1143 Merito
813 1103 943 1158 ergo
968 1089 1098 1144 dicit
1128 1109 1142 1144 :
1177 1089 1304 1144 Non
1340 1092 1487 1144 dedit
1518 1093 1877 1162 insipientiam
1902 1095 2033 1158 Deo,

460 1195 564 1234 non
597 1182 926 1235 exstiterunt
956 1183 1265 1236 testimonia
1298 1183 1386 1238 Dei
1419 1184 1485 1238 de
1514 1183 1604 1237 illo
1634 1185 1847 1238 inﬁrma
1877 1228 1892 1250 ,
1934 1201 2035 1240 ne-

457 1286 563 1338 que
593 1269 878 1323 mendacia
923 1285 1017 1338 per
1050 1270 1337 1335 illum,sed
1371 1270 1545 1324 lidelia
1577 1286 1642 1324 ac
1669 1271 1844 1335 ﬁrma,
1874 1282 2037 1340 atque

456 1375 611 1414 vera.
650 1359 766 1415 Non
797 1362 940 1414 dedit
966 1361 1129 1414 ullam
1161 1362 1523 1428 occasionem,
1561 1361 1642 1416 vel
1671 1363 2033 1431 suspicionem

456 1451 794 1506 inﬁdelitatis
830 1451 959 1506 Deo.
995 1451 1110 1507 Non
1152 1467 1374 1508 necesse
1403 1454 1596 1508 habuit
1639 1453 1781 1510 Deus
1806 1456 2035 1510 confun-

455 1543 508 1598 di
540 1543 607 1598 de
639 1544 705 1598 iis
729 1583 745 1607 ,
799 1559 896 1614 per
943 1559 1062 1612 qua:
1093 1544 1239 1598 velut
1273 1545 1413 1600 ﬁdeli
1452 1546 1820 1601 testimonimn
1852 1549 2035 1618 perhi-

453 1634 571 1689 buit
607 1633 702 1690 illi.
729 1635 860 1688 Nam
891 1650 1011 1690 cum
1043 1645 1190 1690 esset
1219 1639 1408 1692 ﬁrmus
1437 1647 1491 1692 et
1521 1638 1716 1702 ﬁdelis,
1750 1654 1855 1693 non
1885 1640 2034 1694 dedit

456 1727 820 1796 insipientiam
852 1729 958 1782 Deo
984 1768 999 1792 ,
1050 1728 1154 1783 hoc
1201 1739 1284 1784 est
1317 1729 1687 1784 inﬁdelitatem
1718 1729 1845 1785 Deo.
1872 1729 2028 1798 Quod

2141 550 2233 602 hat
2269 546 2418 601 Deo:
2452 555 2579 601 tunc
2630 546 2838 601 scilicet
2887 543 3255 600 testimonium
3301 543 3501 599 diboli
3553 544 3712 598 inﬁr-

2139 650 2286 692 mum
2317 651 2381 691 ac
2417 637 2647 691 mendax
2679 636 2878 691 factum
2907 647 3012 700 est,
3051 637 3142 690 Det
3179 651 3309 692 vero
3336 636 3710 692 testimonium

2140 743 2325 782 verum
2369 743 2434 782 ac
2479 727 2636 782 ﬁdele
2662 727 2946 796 probatura
2978 735 3080 783 est.
3115 727 3241 783 Haec
3289 741 3423 782 sane
3457 729 3711 783 universa

2139 833 2246 871 uno
2268 818 2439 871 verbo
2467 818 2788 882 ostendens,
2818 828 2980 886 atque
3007 816 3394 887 perstringens,
3427 818 3562 872 dicit
3593 835 3609 871 :
3643 817 3713 872 In

2137 905 2221 958 his
2260 906 2500 958 omnibus
2542 921 2660 974 qua:
2694 905 2743 957 ei
2776 905 3115 969 acciderunt,
3147 904 3280 958 nihil
3317 907 3546 974 peccavit
3583 905 3707 973 Job,

2140 1012 2306 1067 neque
2328 1000 2382 1050 in
2415 1007 2693 1065 conspectu
2728 995 2985 1059 Domini,
3018 1013 3180 1059 neque
3207 997 3265 1052 in
3295 999 3450 1051 labiis
3471 999 3606 1053 suis.
3641 997 3710 1052 Et

2140 1105 2241 1142 non
2275 1089 2421 1143 dedit
2461 1089 2819 1156 insipientiam
2853 1087 2959 1140 Deo
2979 1088 3048 1140 υ.
3085 1085 3411 1144 Studeamus
3435 1090 3599 1143 etiam
3622 1130 3638 1155 ,
3677 1107 3714 1146 ο

2138 1179 2277 1242 viri,
2331 1179 2644 1232 studeamus
2675 1176 2820 1230 omni
2856 1175 3059 1230 virtute
3095 1187 3280 1231 nostra
3306 1211 3322 1242 ,
3350 1192 3384 1232 ο
3417 1178 3622 1244 amici,
3655 1189 3714 1234 ut

2137 1285 2244 1322 non
2275 1270 2468 1323 demus
2507 1268 2880 1324 inﬁdelitatem
2918 1270 3046 1333 Deo,
3080 1279 3137 1322 ut
3168 1281 3276 1323 non
3304 1269 3632 1326 exsistamus
3660 1271 3711 1325 ei

2137 1359 2400 1423 inﬁdeles,
2431 1373 2606 1430 neque
2636 1360 2688 1413 in
2715 1360 2821 1415 ﬁde
2850 1401 2866 1424 ,
2895 1375 3072 1429 neque
3101 1362 3154 1415 in
3185 1363 3369 1416 verbis
3397 1402 3413 1427 ,
3443 1377 3621 1432 neque
3656 1363 3710 1418 in

2137 1449 2318 1517 factis,
2351 1465 2526 1520 neque
2559 1449 2612 1504 in
2644 1450 3068 1519 cogitationibus
3092 1491 3107 1515 ,
3146 1465 3320 1520 neque
3349 1453 3405 1506 in
3441 1454 3710 1518 consiliis,

2137 1556 2309 1611 neque
2335 1543 2386 1595 in
2426 1543 2734 1611 impietate,
2765 1556 2940 1611 neque
2969 1542 3020 1597 in
3053 1543 3510 1610 tribulationibus,
3536 1561 3711 1615 neque

2138 1634 2189 1688 in
2219 1634 2428 1688 deliciis
2453 1676 2468 1700 ,
2507 1649 2682 1702 neque
2714 1634 2768 1687 in
2796 1633 2966 1702 gloria
2994 1671 3010 1698 ,
3061 1649 3237 1705 neque
3265 1636 3318 1688 in
3351 1646 3670 1706 paupertate
3691 1677 3707 1702 ,

2135 1729 2228 1782 sed
2254 1727 2369 1782 hac
2405 1727 2660 1782 universa
2689 1742 2810 1781 cum
2843 1728 3100 1796 patientia
3144 1737 3506 1794 transeamus,
3550 1741 3712 1799 atque

453 1828 633 1870 autem
665 1820 954 1872 erubescat
987 1818 1128 1872 Dens
1177 1820 1486 1874 inﬁdelibus
1533 1831 1698 1890 atque
1755 1822 1984 1875 inﬁrmis
2011 1863 2025 1886 ,
2068 1801 2108 1855 Β
2137 1837 2258 1875 cum
2289 1821 2582 1890 gratiarum
2614 1819 2918 1887 actionibus
2954 1819 3353 1886 sustineamus,
3390 1826 3448 1872 ut
3473 1820 3526 1874 in
3563 1823 3712 1875 omni

452 1909 572 1977 ipse
610 1909 869 1963 Dominus
897 1911 1153 1976 ostendit,
1183 1913 1369 1965 dicens
1401 1929 1415 1964 :
1454 1910 1559 1976 Qui
1601 1913 1865 1966 erubuerit
1913 1930 2027 1979 me,

451 2001 733 2068 confundet
765 2001 903 2054 hunc
931 2000 1106 2055 Filius
1135 2003 1362 2056 hominis
1390 2019 1509 2056 cum
1555 2005 1753 2057 venerit
1783 2005 1837 2057 in
1867 2007 2032 2072 maie-

450 2102 585 2146 state
617 2110 717 2147 sua
751 2093 818 2145 ‘°.
866 2092 1007 2149 Deus
1033 2110 1166 2149 vero
1197 2096 1556 2150 attestabatnr
1590 2097 1710 2151 ﬁdei
1741 2096 1843 2151 Job
1869 2136 1884 2160 ,
1913 2100 2031 2152 dia-

451 2184 608 2239 bolus
651 2199 782 2239 vero
828 2187 1195 2240 attestabatur
1227 2187 1562 2243 inﬁdelitati.
1593 2189 1733 2244 Deus
1767 2191 2028 2244 testiﬁca-

449 2278 614 2331 batur
649 2281 791 2348 quod
823 2293 928 2333 non
964 2288 1185 2349 prapter
1211 2282 1495 2349 pecuniam
1525 2321 1541 2345 ,
1570 2283 1667 2337 sed
1696 2293 1918 2353 propter
1948 2285 2030 2338 di-

450 2367 736 2423 lectionem
793 2368 1022 2423 coluerit
1067 2369 1216 2423 illum
1251 2367 1354 2424 Job
1387 2388 1400 2424 :
1435 2370 1679 2426 diabolus
1715 2385 1846 2425 vero
1893 2387 2028 2425 con-

451 2460 700 2516 ﬁrmabat
729 2463 869 2530 quod
903 2477 1009 2515 non
1030 2473 1250 2531 propter
1273 2462 1618 2518 dilectionem
1643 2462 1859 2518 colebat
1877 2461 2026 2516 illum

441 2549 570 2618 .Job,
601 2554 696 2606 sed
731 2563 953 2622 propter
997 2552 1374 2608 substantiam.
1423 2553 1717 2624 Postquam
1748 2569 1878 2610 vero
1909 2569 2025 2609 om-

448 2645 538 2699 ttia
569 2645 618 2699 ei
655 2645 1146 2702 abstulitdiabolus
1178 2656 1231 2702 et
1259 2662 1372 2701 rem
1402 2647 1754 2710 familiarem.
1787 2658 1842 2703 et
1864 2647 2024 2712 ﬁlios,

443 2745 501 2791 et
536 2735 591 2790 in
620 2738 812 2792 iisdem
858 2739 1156 2808 gratiarum
1207 2740 1514 2796 actionibus
1550 2749 1898 2814 permaneret
1926 2737 2028 2794 Job

439 2827 592 2883 circa
626 2828 792 2883 Deum
820 2870 837 2896 ,
883 2841 1010 2886 tunc
1046 2831 1401 2888 nihilominus
1433 2834 1684 2902 apparuit
1714 2833 1861 2903 quod
1918 2848 2027 2886 non

2139 1910 2245 1962 vita
2277 1919 2461 1964 nostra
2494 1908 2680 1964 ﬁdeles
2727 1909 2837 1963 Deo
2859 1949 2878 1973 ,
2910 1919 2964 1962 et
2997 1908 3136 1962 ﬁrmi
3185 1909 3236 1961 in
3267 1908 3373 1963 ﬁde
3419 1925 3483 1964 ac
3512 1911 3712 1980 pietate

2140 2006 2476 2071 reperiamur
2505 2001 2572 2056 ad
2607 2001 2780 2055 instar
2811 2001 2954 2056 beati
2982 2000 3082 2056 Job
3108 2002 3200 2070 qui
3234 2003 3286 2056 in
3307 2002 3562 2057 omnibus
3591 2019 3712 2073 quae

2140 2095 2188 2150 ei
2217 2095 2532 2151 acciderunt
2555 2093 2727 2150 ﬁdelis
2757 2095 3053 2162 permansit
3077 2108 3260 2149 coram
3289 2094 3421 2161 Deo,
3450 2103 3506 2150 et
3533 2095 3711 2150 ﬁdelia

2136 2187 2320 2241 omnia
2353 2187 2592 2242 ostendit
2625 2187 2695 2241 de
2723 2201 2783 2242 se
2828 2187 3136 2241 testimonia
3188 2189 3307 2258 ejus
3337 2207 3351 2241 :
3383 2189 3473 2258 qui
3503 2191 3713 2258 primus

2139 2279 2418 2334 hominum
2471 2288 2593 2349 post
2637 2278 2775 2334 Abel
2828 2289 2991 2349 atque
3045 2280 3324 2334 Abraham
3370 2281 3457 2336 his
3505 2280 3598 2351 qui
3657 2282 3709 2335 in

2139 2370 2341 2425 mundo
2373 2379 2499 2425 sunt
2555 2370 2819 2425 bonorum
2851 2369 3143 2439 dereliquit
3187 2370 3416 2424 formam
3441 2411 3455 2435 ,
3488 2370 3582 2440 qui
3615 2384 3711 2424 no-

2139 2468 2373 2521 minatur
2402 2476 2566 2536 atque
2615 2466 2998 2536 magniﬁcatur
3043 2468 3183 2521 inter
3225 2464 3469 2520 homines
3501 2463 3555 2517 in
3586 2477 3710 2530 per-

2138 2565 2343 2628 petuo,
2397 2558 2491 2628 qui
2543 2558 2837 2628 requiescit
2885 2573 3009 2612 cum
3058 2557 3370 2621 angelorum
3421 2555 3605 2610 choris
3657 2556 3709 2606 in

2136 2650 2308 2720 gloria
2343 2650 2739 2720 incorruptibili
2789 2650 2842 2704 in
2883 2649 3090 2704 inﬁnita
3123 2662 3340 2704 secuta.
3374 2646 3490 2713 Qua
3521 2645 3712 2716 requie

2133 2741 2297 2794 etiam
2345 2754 2445 2795 nos
2472 2754 2666 2795 omnes
2716 2739 2913 2811 dignos
2955 2739 3152 2794 haheat
3178 2735 3551 2792 misericordia
3602 2735 3707 2789 Do-

1533 3229 1889 3318 LlBER
1963 3227 2627 3320 SECUNDUS.

515 3591 672 3647 Sicut
703 3593 1056 3663 pulcherrimi
1093 3599 1225 3654 solis
1251 3599 1384 3654 radii
1425 3599 1773 3656 delectabiles
1801 3609 1929 3657 sunt
1959 3602 2025 3657 ad
2055 3609 2098 3668 c
2131 3610 2256 3657 ante
2302 3600 2597 3656 secundam
2629 3600 3072 3669 congressionem
3104 3598 3371 3653 inutiliter
3411 3608 3558 3670 terga
3589 3612 3706 3652 ver-

439 3683 728 3739 videndum
777 3687 924 3740 omni
965 3687 1174 3744 homini
1227 3688 1467 3746 illibatos
1521 3692 1708 3747 oculos
1763 3693 2022 3760 habenti,

440 3776 516 3829 ita
553 3786 610 3831 et
657 3778 998 3836 admirabilis
1029 3779 1130 3836 Job
1179 3783 1360 3852 passio
1387 3771 1768 3840 desiderabilis
1800 3795 1883 3840 est
1907 3828 1923 3854 ,
1961 3802 2025 3842 ac

439 3867 784 3924 delectabilis
807 3908 822 3934 ,
855 3880 1019 3940 atque
1045 3876 1356 3929 necessaria
1391 3876 1459 3930 ad
1487 3877 1814 3932 audiendum
1845 3879 2025 3934 omni-

438 3959 540 4014 bus
566 3959 676 4026 piis
699 3999 713 4024 ,
744 3960 1000 4017 omnibus
1034 3960 1389 4020 credentibus
1414 4005 1430 4030 ,
1461 3967 1713 4022 omnibus
1743 3970 1910 4023 Deum
1942 3969 2023 4023 in-

440 4051 718 4107 tuentibus
745 4092 761 4120 ,
790 4061 954 4123 atque
987 4053 1157 4110 Deum
1203 4055 1574 4126 diligentibus.
1607 4058 1742 4113 Nam
1784 4061 2021 4115 admira-

439 4141 566 4198 bilis
615 4142 759 4210 Job,
808 4161 934 4200 cum
987 4148 1162 4216 prima
1217 4151 1604 4218 congressione
1633 4153 1915 4206 victoriam
1956 4153 2024 4207 de

437 4234 663 4291 diabolo
690 4235 1048 4306 perfecisset,
1094 4251 1258 4309 atque
1302 4241 1667 4313 triumphator
1695 4244 1762 4298 de
1788 4243 2023 4314 maligno

436 4331 758 4394 exstitisset,
793 4343 1000 4402 quanto
1026 4335 1201 4405 magis
1239 4336 1523 4391 victoriam
1557 4339 1623 4392 de
1653 4337 1740 4390 illo
1767 4340 2020 4407 sumpsit,

445 4433 595 4478 tanto
625 4426 860 4494 amplius
893 4426 1042 4481 illum
1073 4427 1139 4480 ad
1168 4428 1343 4482 zelum
1373 4429 1522 4484 circa
1555 4444 1634 4495 se,
1665 4440 1722 4484 et
1749 4431 1817 4486 ad
1848 4431 2022 4500 majus

436 4524 716 4570 certamen
749 4526 908 4587 atque
936 4519 1134 4573 bellum
1164 4524 1478 4575 commovit.
1509 4519 1668 4576 Velut
1696 4522 1840 4576 enim
1871 4523 2023 4579 inex-

438 4609 766 4678 stinguibilis
820 4609 961 4680 ignis
995 4608 1210 4664 ﬂamma
1265 4627 1562 4668 succensus
1612 4614 2018 4683 nequissimus,

439 4712 682 4755 tractans
714 4702 858 4770 apud
905 4702 1263 4770 semetipsum
1317 4705 1452 4760 dixit
1492 4722 1506 4759 :
1546 4704 1703 4761 Nunc
1754 4706 1888 4760 mihi
1939 4717 2023 4762 est

438 4792 562 4846 belli
597 4802 829 4864 tempus,
863 4811 1008 4850 nunc
1036 4796 1276 4851 victoriae
1309 4813 1432 4866 spes
1462 4797 1591 4852 mihi
1622 4814 1890 4868 nusquam
1915 4810 2018 4864 est,

439 4899 582 4939 nunc
614 4900 905 4955 exsurgam
936 4890 1004 4942 ad
1036 4898 1313 4944 certamen
1343 4891 1489 4945 circa
1532 4890 1636 4946 Job
1660 4933 1676 4959 ,
1730 4907 1874 4947 nunc
1901 4893 2017 4946 evi—

2130 3705 2261 3748 tam.
2313 3693 2588 3760 Forsitan,
2626 3692 2822 3762 inquit,
2862 3680 2914 3746 in
2952 3691 3188 3746 secunda
3226 3692 3610 3761 congressione
3634 3691 3707 3743 vi-

2127 3785 2295 3840 ctoria
2327 3786 2392 3839 ad
2441 3799 2525 3838 me
2558 3793 2876 3838 revertetur.
2914 3783 3168 3837 Forsitan
3209 3783 3352 3835 enim
3406 3779 3708 3834 contemnit

2125 3892 2246 3943 sua,
2273 3886 2328 3931 et
2364 3876 2533 3940 ﬁlios,
2567 3876 2804 3945 scipsmn
2835 3887 3012 3928 autem
3049 3889 3154 3928 non
3196 3874 3514 3937 contemnit,
3545 3887 3704 3925 suum

2129 3968 2404 4039 proprium
2435 3983 2635 4038 corpus
2665 3981 2776 4022 non
2805 3968 3031 4037 spernit,
3061 3967 3310 4035 proprios
3339 3981 3466 4020 suos
3490 3963 3706 4019 dolores

2127 4073 2234 4112 non
2268 4058 2524 4128 despicit.
2555 4057 2804 4124 Quaeram
2837 4055 3009 4120 illum,
3036 4056 3208 4126 ipsum
3239 4054 3510 4124 requiram
3538 4093 3556 4118 ,
3582 4067 3705 4108 cor-

2124 4164 2224 4220 pus
2255 4150 2426 4218 ipsius
2472 4151 2772 4218 percutiam
2809 4147 2996 4203 dolore
3021 4189 3036 4213 ,
3089 4145 3430 4216 liquefaciam
3470 4144 3705 4200 vulneri-

2125 4242 2226 4295 bus
2251 4280 2266 4305 ,
2298 4254 2613 4295 consumam
2644 4239 2924 4294 vermibus
2959 4257 2972 4292 :
3011 4239 3241 4293 forsitan
3293 4240 3377 4292 his
3421 4237 3704 4292 doloribus

2125 4333 2482 4388 succumbens
2528 4333 2816 4388 maledicet
2846 4373 2862 4399 ,
2897 4331 3124 4388 forsitan
3160 4333 3300 4386 hanc
3329 4345 3546 4401 poenam
3597 4344 3703 4384 non

2125 4422 2393 4479 suﬁ‘erens
2446 4423 2864 4494 blasphemabit.
2897 4423 3130 4480 Diversa.
3167 4424 3310 4479 enim
3348 4423 3705 4478 immutantur

2126 4524 2390 4584 tempora,
2419 4514 2710 4584 aliquando
2745 4517 2879 4581 huc,
2919 4515 3210 4587 aliquando
3236 4525 3417 4569 autem
3450 4515 3579 4569 illuc
3605 4512 3703 4568 ﬁe-

2125 4615 2364 4660 ctnntur.
2393 4604 2584 4660 Merito
2610 4647 2624 4672 ,
2655 4606 2875 4676 inquit,
2919 4615 3004 4662 est
3034 4607 3195 4662 etiam
3223 4607 3353 4661 mihi
3381 4607 3558 4661 adhuc
3581 4620 3704 4675 spes

2125 4700 2388 4756 victorian
2428 4697 2552 4753 ilmc
2585 4700 2765 4768 itaque
2792 4741 2809 4766 ,
2836 4711 3000 4769 atque
3047 4699 3135 4754 his
3175 4699 3374 4753 similia
3406 4697 3655 4768 cogitans
3684 4739 3700 4762 ,

2124 4802 2290 4860 atque
2323 4791 2462 4860 apud
2514 4792 2865 4862 semetipsum
2919 4800 3162 4845 tractans
3197 4788 3562 4858 nequissimus
3588 4788 3703 4842 dia-

2124 4887 2302 4952 holus,
2341 4901 2532 4942 rursus
2570 4887 2902 4956 impudentia
2930 4887 3118 4951 utitur,
3151 4899 3340 4939 rursus
3387 4881 3703 4953 importuni~

432 4975 630 5030 denter
681 4979 853 5033 cecidi
900 4991 1120 5050 propter
1173 4983 1515 5040 tolerantiam
1560 4984 1700 5055 ejus.
1738 4981 1894 5052 Non,
1929 4985 2014 5040 in-
2049 4961 2091 5015 θ
2127 4990 2295 5036 tatem
2326 4982 2710 5047 demonstrat,
2746 4995 2935 5036 rursus
2975 4990 3235 5049 tanquam
3281 4977 3432 5032 canis
3478 4974 3703 5030 rabidus

433 5068 593 5138 quit,
626 5078 710 5125 est
738 5073 869 5126 mihi
907 5071 1244 5144 fugiendum.
1277 5074 1395 5130 Non
1430 5078 1575 5132 enim
1622 5077 1890 5148 permittit
1921 5095 2013 5134 su-

437 5164 770 5230 perationem
803 5166 980 5222 virtus
1009 5168 1124 5238 ipsa
1155 5183 1275 5238 quae
1308 5186 1452 5226 nunc
1477 5179 1579 5236 est,
1607 5174 1700 5226 sed
1731 5172 1911 5227 adhuc
1931 5183 2015 5227 est

435 5254 569 5308 mihi
603 5258 1090 5328 congrediendum.
1122 5261 1312 5317 Timeo
1343 5264 1487 5317 enim
1530 5278 1597 5318 ne
1631 5279 1820 5318 rursus
1854 5265 2013 5319 terri-

435 5344 617 5400 biliter
649 5350 840 5404 cadam
865 5359 994 5406 ante
1018 5365 1162 5407 eum.
1197 5352 1304 5409 Sed
1336 5354 1552 5408 interim
1587 5353 1725 5424 fugit
1751 5370 1875 5408 eum
1906 5371 2009 5410 non

435 5437 581 5490 valet
610 5447 666 5492 et
693 5442 946 5510 congredi
978 5458 1084 5499 non
1117 5445 1316 5512 audet,
1361 5455 1414 5499 et
1445 5459 1761 5500 concertare
1801 5447 2014 5502 metuit.

438 5524 630 5583 Melius
676 5538 760 5585 est
783 5571 800 5599 ,
854 5531 1070 5598 inquit,
1101 5545 1161 5589 ut
1203 5538 1546 5606 congrediar,
1574 5552 1738 5607 quam
1772 5546 1899 5592 ante
1935 5553 2021 5592 se-

438 5621 672 5678 cundam
725 5623 1084 5682 luctationem
1145 5627 1572 5686 indeliberanter
1627 5629 1870 5703 fugiam,
1928 5640 2021 5688 aut

504 5766 548 5798 ⁶⁰
573 5765 702 5825 Luc.
733 5783 806 5835 ιχ,
849 5767 935 5822 26.
1041 5771 1081 5801 "
1112 5768 1211 5827 Joh
1247 5789 1281 5840 ι,
1318 5773 1406 5830 92.

2125 5075 2176 5128 in
2209 5073 2467 5128 baculum
2494 5073 2688 5137 irruit,
2714 5089 2820 5127 non
2858 5071 3208 5127 considerans
3239 5069 3514 5140 propriam
3551 5066 3702 5137 deje-

2121 5166 2357 5220 ctionem
2387 5205 2405 5233 ,
2450 5180 2556 5220 non
2609 5164 2918 5231 intelligens
2968 5163 3242 5234 propriam
3273 5159 3698 5215 deformitatem.

2125 5261 2335 5315 ltursus
2372 5272 2499 5315 ante
2529 5259 2721 5316 faciem
2770 5261 2866 5316 Det
2895 5259 3228 5316 subintroire
3258 5257 3421 5312 audet
3445 5295 3462 5316 .
3511 5271 3700 5310 rursus

2126 5349 2668 5422 irreprehensibilem
2696 5350 2842 5406 illum
2890 5350 2989 5406 Job
3019 5351 3416 5420 reprehendere
3444 5364 3550 5404 non
3581 5362 3698 5401 me-

2127 5442 2250 5507 tuit,
2285 5457 2394 5512 quo
2425 5442 2595 5511 magis
2628 5454 2724 5511 per
2771 5457 2953 5495 onnna
3001 5441 3261 5495 confusus
3310 5449 3471 5509 atque
3513 5437 3700 5493 convi-

2125 5544 2245 5589 ctus
2265 5535 2572 5591 exsisteret.
2603 5533 2729 5590 Haec
2747 5549 2978 5603 namque
3011 5534 3266 5588 universa
3295 5535 3697 5591 demonstrans,

2127 5639 2289 5707 atque
2338 5647 2776 5691 commemorans
2803 5674 2819 5702 ,
2869 5630 3044 5689 dicit:
3083 5629 3152 5683 Et
3194 5629 3394 5698 factum
3424 5635 3500 5681 est
3545 5626 3700 5695 quasi
