4174 6386
495 404 601 459 M9

1600 404 1988 461 ANONYMUS
2028 404 2094 459 IN
2132 403 2272 460 JOB.
2317 437 2382 445 —-
2420 403 2549 461 LIB.
2595 403 2659 459 ll.

3664 411 3767 464 430

492 528 605 581 dies
642 525 736 578 illa
764 524 836 580 θ’.
879 524 1009 593 Quae
1037 524 1200 580 dies?
1254 525 1378 582 Dies
1415 528 1696 597 temporis,
1730 527 1845 583 dies
1873 543 2069 599 oppor-
2105 545 2150 603 Α
2181 536 2233 580 et
2261 526 2486 581 veniunt
2517 524 2694 595 angeli
2741 534 2868 580 ante
2898 525 3091 580 Deum.
3134 524 3313 580 Prima
3355 526 3475 583 vice
3499 542 3767 585 venerunt

492 616 766 673 tunitatls.
811 616 880 670 Et
931 617 1132 686 factum
1172 627 1249 672 est
1279 617 1435 687 quasi
1472 619 1587 673 dies
1620 618 1735 675 illa.
1775 620 1902 675 Dies
1932 620 2070 675 tole-

492 710 683 766 rantiae
708 749 724 773 ,
778 708 895 764 dies
941 712 1431 766 consummationis
1457 751 1473 777 ,
1520 712 1637 767 dies
1672 712 2073 781 adimpletionis

490 800 684 865 prima!
712 799 957 855 victoriae
983 799 1103 855 Job.
1141 800 1209 855 Et
1263 801 1464 866 factum
1505 813 1584 855 est
1614 804 1765 872 quasi
1808 804 1920 859 dies
1954 806 2067 860 illa.

495 892 619 947 Dies
652 892 704 946 in
734 907 839 960 qua
875 891 1124 947 diabolus
1168 893 1404 956 cecidit,
1458 893 1561 949 Job
1608 909 1737 948 vero
1781 897 2018 951 surrexit
2056 919 2067 953 :

492 983 607 1038 dies
639 984 690 1038 in
719 999 826 1053 qua
859 984 1104 1040 diabolus
1148 986 1466 1041 humiliatus
1497 994 1613 1053 est,
1642 984 1744 1042 Job
1768 1003 1898 1042 vero
1929 989 2073 1042 exal-

494 1084 637 1130 tatus
662 1084 746 1130 est
778 1094 794 1130 :
832 1076 949 1131 dies
982 1077 1035 1131 in
1069 1092 1175 1148 qua
1208 1078 1457 1133 diabolus
1502 1080 1759 1134 confusus
1795 1090 1917 1145 est,
1968 1081 2069 1136 Job

488 1182 619 1223 vero
645 1177 940 1224 coronatus
967 1177 1073 1224 est.
1102 1169 1170 1223 Et
1211 1170 1413 1239 factum
1444 1182 1520 1225 est
1544 1173 1695 1241 quasi
1717 1173 1830 1227 dies
1864 1173 1981 1228 illa.
2010 1173 2065 1227 ln

487 1275 594 1330 qua
629 1260 931 1315 redivivum
963 1261 1229 1331 judicium
1278 1263 1418 1317 inter
1446 1261 1548 1320 Job
1582 1273 1637 1320 et
1685 1266 1955 1320 diabolum
1986 1275 2069 1320 est

488 1351 728 1407 auditum
758 1393 774 1417 ,
826 1351 881 1405 in
912 1367 1017 1423 qua
1069 1354 1326 1407 redivivae
1356 1369 1570 1411 coronae
1614 1354 1717 1413 Job
1752 1360 1821 1411 ab
1859 1359 2067 1428 angelis

488 1452 684 1512 aptatza
712 1482 728 1503 .
763 1452 926 1512 atque
957 1456 1293 1499 consecratae
1323 1456 1471 1501 sunt.
1501 1446 1726 1502 Factum
1752 1488 1767 1513 ,
1803 1450 2019 1518 inquam
2049 1491 2063 1516 ,

484 1540 604 1597 est,
631 1534 788 1601 quasi
820 1534 934 1587 dies
968 1534 1063 1587 illa
1092 1575 1107 1598 ,
1139 1536 1337 1590 similis
1377 1538 1425 1591 ei
1469 1538 1535 1591 de
1568 1554 1673 1607 qua
1706 1541 1958 1608 superius
1985 1541 2067 1594 di-

485 1632 631 1677 ctmn
658 1635 763 1688 est,
793 1625 859 1679 de
883 1641 990 1694 qua
1018 1626 1131 1695 jam
1162 1628 1417 1695 superius
1442 1629 1674 1696 plurima
1709 1631 1964 1685 diximus.
1996 1631 2065 1686 Et

486 1716 687 1784 factum
710 1726 789 1769 est
811 1718 964 1786 quasi
1010 1719 1122 1773 dies
1145 1719 1240 1773 illa
1266 1759 1281 1782 ,
1315 1730 1366 1774 et
1399 1733 1646 1775 venerunt
1681 1724 1854 1794 angeli
1886 1723 1977 1777 Dei
2009 1735 2063 1778 ut

481 1820 681 1863 starent
710 1819 831 1865 ante
858 1809 1140 1865 Dominum
1186 1822 1234 1866 et
1264 1813 1508 1869 diabolus
1544 1816 1683 1870 venit
1704 1832 1822 1869 cum
1852 1816 1962 1869 illis
2007 1826 2061 1870 ιιι

2178 628 2235 672 ιιι
2259 618 2741 688 justificationibus
2766 616 2866 673 Job
2899 626 3287 672 attestarentur
3330 628 3385 673 et
3414 619 3536 675 fidei
3564 634 3627 675 ac
3657 621 3766 690 pie-

2177 714 2271 765 tatl
2306 711 2425 779 ejus
2452 750 2467 777 ,
2498 712 2594 765 sed
2629 720 2754 763 tunc
2783 724 2917 765 sane
2964 710 3095 765 solis
3141 711 3632 780 justilicationibus
3664 712 3766 768 Job

2174 804 2410 858 attestati
2444 811 2589 858 sunt.
2645 802 2797 859 Nunc
2843 817 2973 857 vero
3021 803 3254 857 sectmda
3309 805 3426 860 vice
3477 806 3763 861 venientes

2173 903 2299 948 ante
2336 893 2528 958 Deum,
2558 908 2663 947 non
2694 894 2825 948 solis
2854 895 3339 965 justiticationibus
3372 896 3491 965 ejus
3523 907 3651 951 sunt
3675 906 3764 950 at-

2174 987 2376 1048 testati,
2414 986 2508 1039 sed
2534 995 2588 1039 et
2620 984 2920 1040 tolerantiae
2944 998 2997 1041 et
3022 986 3524 1053 iustificationibus,
3554 993 3764 1056 patien-

2174 1077 2263 1131 tia:
2293 1091 2507 1145 quoque
2530 1115 2547 1138 .
2580 1090 2645 1130 ac
2669 1078 2991 1131 constantia:
3014 1118 3029 1142 ,
3064 1086 3227 1146 atque
3258 1077 3565 1135 dilectionis
3596 1095 3759 1149 quam

2170 1184 2298 1239 erga
2330 1168 2499 1224 Deum
2529 1167 2719 1223 habuit
2755 1168 3099 1239 plenitudini.
3151 1170 3275 1225 Istis
3313 1186 3549 1241 namque
3581 1173 3761 1226 omni-

2170 1261 2275 1314 bus
2310 1269 2631 1315 attestantes
2678 1260 2899 1330 gloriosi
2945 1261 3123 1333 angeli
3155 1302 3169 1325 ,
3218 1276 3429 1316 necnon
3472 1273 3526 1316 et
3558 1263 3760 1318 diaboli

2171 1353 2465 1421 nequitiam
2502 1361 2828 1407 accusantes
2864 1363 3027 1423 atque
3060 1356 3379 1410 mendacem
3431 1354 3578 1408 illum
3606 1370 3758 1410 com-

2168 1445 2480 1513 probantes,
2516 1452 2776 1497 venerunt
2809 1454 2936 1499 ante
2966 1444 3155 1510 Deum,
3183 1461 3305 1501 cum
3341 1446 3536 1515 quibus
3558 1456 3613 1500 et
3639 1447 3757 1501 dia-

2168 1534 2324 1588 bolus
2353 1532 2520 1587 venit.
2556 1533 2719 1588 Venit
2752 1534 3106 1591 nihilominus
3134 1551 3239 1589 non
3268 1534 3407 1590 facie
3434 1538 3501 1590 ad
3538 1536 3753 1600 faciem,

2168 1628 2263 1683 sed
2292 1629 2539 1684 consiliis
2582 1638 2639 1685 et
2672 1629 3096 1701 cogitationibus
3122 1671 3137 1695 ,
3168 1617 3420 1684 sensibus
3451 1638 3617 1700 atque
3648 1641 3757 1685 tra-

2167 1720 2492 1775 ctationibus
2518 1763 2533 1787 ,
2567 1721 2852 1776 desideriis
2883 1738 2946 1775 ac
2974 1721 3459 1775 deliberationibus
3496 1724 3641 1777 sicut
3668 1738 3757 1777 su-

2168 1812 2350 1880 perius
2380 1827 2477 1881 per
2499 1812 2732 1882 plurima
2774 1815 3206 1869 demonstratum
3243 1822 3351 1868 est.
3403 1813 3552 1881 Quas
3600 1816 3752 1885 cogi-

480 1910 642 1953 staret
671 1911 792 1955 ante
820 1900 1174 1956 Dominum”.
1206 1903 1485 1959 Venerunt
1504 1906 1705 1977 angeli,
1727 1921 1831 1961 non
1854 1906 1921 1962 de
1947 1906 2066 1963 loco
2098 1902 2140 1955 Β
2172 1901 2405 1956 tationes
2431 1918 2554 1957 cum
2589 1904 2795 1959 videret
2826 1904 2966 1960 Deus
2990 1945 3005 1967 .
3056 1905 3335 1975 respondit
3365 1905 3439 1958 illi
3464 1945 3479 1971 ,
3508 1906 3697 1961 dicens
3734 1924 3750 1960 :

482 1995 536 2045 in
570 1992 749 2047 locum
802 1994 1091 2059 translati,
1141 2009 1247 2051 non
1293 1996 1364 2051 de
1389 1998 1614 2069 regione
1668 1999 1735 2053 ad
1783 2000 2060 2070 regionem

488 2094 849 2153 transeuntes,
880 2102 987 2142 non
1019 2087 1087 2142 de
1116 2090 1393 2158 provincia
1423 2091 1490 2145 ad
1524 2091 1859 2160 provinciam
1914 2108 2065 2147 com-

480 2188 743 2241 meantes,
774 2178 867 2233 sed
892 2187 1017 2233 ante
1059 2181 1346 2239 Dominum
1387 2183 1594 2254 jugiter
1628 2198 2059 2255 perseverantes.

478 2266 617 2322 Nam
660 2270 704 2323 si
752 2280 810 2324 ut
849 2269 1011 2341 justis
1038 2272 1132 2329 lux
1175 2289 1413 2345 semper,
1450 2277 1523 2331 ita
1555 2278 1725 2333 facies
1758 2279 1849 2334 Dei
1902 2294 2065 2350 super

472 2362 666 2428 justos-
698 2377 949 2433 semper,
970 2365 1041 2419 ita
1072 2375 1198 2421 ante
1228 2366 1397 2422 Deum
1443 2370 1577 2440 justi
1620 2386 1858 2441 semper,
1890 2373 2063 2428 multo

479 2452 651 2522 magis
680 2452 899 2523 gloriosi
927 2464 1093 2526 atque
1120 2460 1295 2513 sancti
1329 2460 1542 2530 angeli,
1576 2463 1667 2531 qui
1695 2463 2064 2519 indesinenter

476 2558 543 2597 ac
574 2555 834 2614 perpetue
881 2562 1207 2619 permanent
1243 2560 1375 2607 ante
1425 2554 1594 2609 Deum
1642 2556 1694 2610 in
1734 2557 1923 2625 gloria.
1962 2559 2064 2614 Ve-

476 2633 596 2690 nire
622 2646 805 2722 autem
854 2639 1113 2695 dicuntur
1137 2642 1224 2696 vel
1255 2643 1334 2698 ire
1360 2686 1375 2711 ,
1411 2660 1534 2700 cum
1584 2648 1651 2702 ad
1699 2649 2060 2705 ministerium

478 2726 681 2783 fuerint
710 2732 894 2799 missi,
930 2748 1057 2789 cum
1094 2735 1396 2805 legationes
1445 2738 1864 2809 adimpleverint
1886 2782 1902 2807 ,
1935 2758 2057 2797 cum

474 2820 730 2876 standata
762 2823 1110 2892 perfecerint,
1136 2843 1260 2881 eum
1290 2838 1512 2898 propter
1546 2845 1641 2886 eos
1669 2833 1760 2901 qui
1794 2835 2063 2903 patienter

476 2912 837 2969 sustinuerint
864 2955 880 2981 ,
910 2915 1081 2972 Deum
1115 2920 1583 2989 magnificaverint
1605 2962 1622 2988 ,
1670 2940 1793 2978 cum
1822 2936 2051 2995 propter

471 3018 568 3059 eos
600 3004 693 3075 qui
737 3005 967 3061 salutem
1019 3000 1413 3078 adipiscuntur,
1456 3010 1625 3067 Deum
1672 3013 2058 3082 laudaverint,

478 3098 700 3164 quando
728 3112 826 3168 pro
867 3099 1122 3169 perfectis
1167 3101 1377 3156 caelesti
1414 3103 1640 3160 Domino
1666 3106 1902 3162 confessi
1942 3108 2058 3164 fue-

2173 1992 2324 2047 Unde
2352 1996 2516 2063 venis,
2544 2006 2601 2049 tu
2636 1997 2724 2050 "'l
2752 1997 3047 2067 Respondit
3070 1997 3421 2051 nihilominus
3454 2013 3560 2052 non
3592 1997 3759 2053 labiis

2166 2083 2398 2153 loquens
2430 2126 2444 2150 ,
2490 2102 2592 2142 nec
2643 2089 2809 2142 verba
2843 2089 3203 2157 depromens,
3256 2102 3431 2158 neque
3479 2089 3751 2158 colloquio

2167 2192 2266 2231 suo
2292 2178 2554 2247 injustum
2588 2180 2734 2235 illum
2768 2183 2986 2252 dignum
3018 2181 3245 2248 faciens,
3280 2183 3375 2235 sed
3396 2196 3495 2235 nec
3529 2182 3751 2237 omnino

2165 2270 2219 2323 in
2248 2272 2534 2340 praesentia
2564 2288 2687 2328 eum
2737 2273 3065 2343 suscipiens.
3096 2273 3250 2342 [Nam
3285 2272 3372 2326 ille
3404 2275 3531 2341 quia
3560 2290 3589 2329 a
3623 2290 3754 2330 san-

2168 2361 2237 2416 tis
2273 2372 2614 2428 exsecratur,
2653 2373 2708 2418 et
2740 2364 2866 2419 odio
2913 2366 3149 2419 habetur
3178 2374 3344 2434 atque
3370 2365 3755 2432 conculcatur,

2165 2452 2219 2505 in
2255 2463 2553 2524 conspectu
2590 2454 2683 2509 Dei
2732 2470 3008 2525 nunquam
3043 2457 3246 2512 veniet.
3298 2456 3354 2511 Si
3404 2458 3548 2513 enim
3599 2459 3755 2523 impii

2166 2544 2248 2609 (ιιι
2275 2547 2527 2614 superius
2551 2546 2755 2600 dictum
2784 2547 2889 2611 est)
2925 2563 3029 2600 non
3051 2559 3344 2617 resurgent,
3374 2564 3538 2618 neque
3560 2565 3748 2617 pecca-

2164 2647 2305 2691 tores
2344 2638 2401 2690 in
2448 2638 2674 2693 concilio
2694 2638 2965 2708 justorum
2989 2640 3068 2694 ‘8:
3101 2640 3271 2696 multo
3300 2642 3473 2711 magis
3498 2642 3744 2695 omnium

2164 2730 2507 2801 impietatem
2540 2732 2811 2801 provisor,
2866 2741 3030 2799 atque
3079 2732 3246 2787 totius
3290 2732 3501 2801 peccati
3555 2742 3751 2786 auctor

2163 2822 2415 2879 diabolus
2459 2823 2516 2877 in
2559 2823 2846 2879 consilium
2897 2824 3138 2878 divinum
3170 2839 3278 2877 non
3325 2824 3533 2888 veniet,
3574 2838 3751 2893 neque

2164 2912 2359 2967 deifico
2413 2913 2687 2983 colloquio
2740 2914 2937 2984 dignus
2995 2914 3309 2977 habebitur,
3353 2912 3511 2981 juxta
3564 2916 3749 2969 omnia

2160 3020 2281 3074 qua:
2312 3007 2362 3061 in
2398 3007 2768 3062 anterioribus
2796 3006 3419 3062 memoravimus.Venit
3445 3022 3580 3077 ergo
3618 3022 3753 3063 con-

2162 3098 2300 3153 siliis
2329 3108 2385 3153 et
2415 3099 2840 3168 cogitationibus
2885 3109 3049 3168 atque
3077 3100 3364 3153 desideriis
3386 3138 3405 3164 ,
3440 3107 3495 3153 et
3536 3100 3756 3153 audivit

473 3189 598 3253 rint,
616 3190 832 3259 quando
846 3204 945 3260 pro
968 3193 1295 3249 omnimodis
1315 3192 1406 3248 Dei
1430 3195 1706 3251 miraculis
1723 3206 1929 3253 :eterno
1949 3200 2057 3269 regi
2088 3242 2134 3300 ε
2164 3205 2269 3245 ηοη
2301 3190 2629 3293 (τοιιοιυίξηη
2660 3232 2676 3255 ν
2708 3190 2804 3244 sed
2836 3189 3268 3293 increpnlif’mm
3298 3198 3463 3258 θῑίίιιθ
3493 3188 3748 3259 obium-

481 3283 859 3338 indesinenter
888 3286 1093 3353 gratias
1126 3286 1352 3354 egerint.
1370 3286 1437 3341 Et
1472 3288 1637 3344 nolite
1660 3290 2062 3359 mirari,oami-

472 3375 545 3442 ci,
575 3374 719 3444 quod
749 3374 927 3445 angeli
960 3376 1148 3431 venire
1178 3378 1257 3432 vel
1290 3378 1367 3433 ire
1394 3381 1669 3448 dicuntur,
1699 3382 1826 3451 quia
1856 3382 2065 3452 majora

472 3476 638 3535 atque
685 3467 951 3522 mirabilia
991 3470 1226 3525 audituri
1283 3472 1435 3527 estis.
1478 3471 1617 3527 Nam
1645 3483 1700 3527 et
1729 3474 1844 3544 ipse
1876 3475 2017 3531 Deus
2040 3516 2056 3542 ,

471 3557 563 3626 qui
595 3566 680 3611 est
704 3557 1018 3629 angelorum
1052 3570 1216 3631 atque
1243 3564 1487 3618 omnium
1541 3564 1832 3635 spirituum
1880 3578 2059 3623 rector

470 3655 525 3702 et
574 3648 845 3713 conditor,
894 3644 1082 3705 venire
1133 3661 1189 3706 et
1235 3652 1316 3706 ire
1360 3653 1579 3720 dicitur,
1627 3654 1956 3711 descendere
2006 3667 2060 3712 et

469 3743 786 3803 ascendere,
804 3741 992 3796 sedere
1012 3752 1065 3796 et
1083 3757 1323 3810 surgere,
1342 3744 1579 3800 dormire
1596 3754 1650 3800 et
1674 3761 1704 3799 a
1729 3761 1921 3801 somno
1944 3764 2057 3802 sur-

470 3844 619 3898 gere,
652 3841 705 3885 et
751 3831 897 3901 quod
941 3842 1023 3887 est
1049 3833 1301 3889 omnibus
1328 3838 1654 3905 stupendum
1688 3839 1883 3906 magis,
1916 3839 2053 3893 dici-

469 3931 559 3975 tur
606 3932 862 3992 tanquam
923 3935 1116 3994 potens
1155 3925 1469 3993 crapulatus
1523 3941 1554 3981 a
1580 3928 1708 3982 vino
1742 3946 1755 3981 :
1790 3928 2053 4000 Exsurge,

468 4031 632 4084 quare
673 4016 964 4084 obdormis,
992 4016 1216 4071 Domine
1236 4018 1262 4071 2’
1289 4018 1533 4089 Exsurge
1574 4030 1621 4075 et
1652 4038 1717 4075 ne
1746 4023 1967 4091 repellas
2000 4025 2055 4077 in

470 4107 625 4174 ﬁnem
653 4106 719 4162 “.
746 4104 817 4161 Et
847 4109 1135 4163 suscitatus
1170 4119 1244 4163 est
1292 4119 1546 4181 tanquam
1576 4112 1839 4167 dormiens
1874 4114 2056 4169 Domi-

469 4212 588 4257 nus.
616 4204 868 4260 tanquam
893 4209 1078 4267 potens
1106 4200 1416 4265 crapulatus
1439 4218 1471 4255 a
1494 4204 1611 4257 vino
1634 4200 1703 4255 ".
1746 4204 1808 4257 Ιείι
1838 4206 2055 4259 descen-

466 4290 547 4344 dit
575 4289 832 4347 Dominus
860 4302 915 4347 et
940 4292 1151 4348 locutus
1178 4303 1262 4348 est
1296 4309 1421 4348 cum
1462 4293 1667 4366 Moyse.
1707 4293 1774 4348 Et
1807 4299 2053 4353 ascendit

468 4381 611 4438 Deus
645 4392 933 4453 postquam
968 4385 1181 4441 locutus
1237 4396 1321 4440 est
1366 4388 1434 4440 ad
1484 4387 1803 4454 Abraham,
1840 4397 1894 4443 et
1947 4390 2050 4446 alia

468 4472 751 4529 innumera
804 4476 887 4529 his
935 4475 1134 4531 similia
1187 4477 1255 4532 de
1305 4479 1414 4533 Deo
1460 4480 1514 4533 in
1569 4478 1851 4551 Scriptura
1895 4499 2052 4552 repe-

469 4566 688 4622 riuntur
721 4566 891 4623 fuisse
927 4569 1090 4625 dicta.
1125 4569 1184 4625 Si
1208 4585 1337 4639 ergo
1368 4571 1659 4627 immobilis
1704 4582 1757 4627 et
1789 4575 2053 4629 inexcita-
2086 4600 2128 4654 υ

467 4658 591 4713 bilis
616 4667 671 4715 et
698 4660 1094 4732 inemigrabilis
1133 4673 1299 4733 atque
1344 4662 1575 4734 simplex
1606 4665 1657 4719 in
1684 4666 1876 4721 iisdem
1904 4682 2050 4721 sem-

466 4763 562 4819 per
590 4748 793 4821 jugter
833 4768 1158 4822 permanens
1205 4755 1349 4809 Deus
1381 4754 1497 4809 hac
1549 4756 1797 4810 universa
1828 4757 2048 4818 dicitur,

464 4850 521 4893 et
560 4842 642 4897 ire
674 4851 730 4896 et
758 4842 963 4909 venire,
1011 4841 1189 4911 Venit,
1223 4846 1420 4914 inquit,
1450 4844 1591 4899 Deus
1631 4848 1699 4898 ad
1731 4844 1953 4899 Balaam
1979 4847 2054 4910 ἐν

464 4942 522 4988 et
553 4935 747 4989 sedere
776 4945 832 4991 et
863 4951 1089 5006 surgere
1119 4950 1136 4990 :
1167 4938 1300 5006 quid
1349 4950 1607 5005 magnum
1641 4937 1687 4991 si
1720 4937 1897 5007 angeli
1930 4936 2048 5005 ejus

465 5036 633 5096 atque
682 5028 1072 5084 ininisteriales
1124 5029 1350 5098 spiritus
1396 5028 1612 5083 venisse
1654 5030 1722 5082 ad
1762 5029 1928 5083 Deum
1966 5028 2047 5082 di-

466 5130 667 5175 cuntur
688 5122 757 5177 ad
786 5122 1175 5192 increpandum
1206 5122 1505 5189 diabolum,
1546 5132 1709 5191 atque
1736 5136 1928 5176 omnes
1953 5122 2048 5190 qui

464 5222 763 5281 eperantur
799 5214 1132 5271 voluntatem
1164 5213 1331 5277 illius,
1367 5226 1421 5268 et
1464 5216 1533 5269 ad
1578 5216 1884 5268 testandum
1920 5228 2052 5267 san-

466 5305 573 5359 ctis
609 5315 772 5374 atque
799 5306 1206 5363 sinceritatibus
1233 5322 1422 5361 eorum
1462 5350 1472 5371 ,
1500 5324 1637 5378 quas
1670 5308 1871 5362 habent
1898 5306 2049 5361 circa

471 5396 692 5452 Deum?
738 5401 822 5453 Ad
872 5399 1328 5468 Inagnilicandum
1379 5401 1546 5457 Deum
1568 5402 1621 5456 in
1658 5401 2049 5457 misericordiis

466 5492 586 5562 ejus
614 5505 669 5547 et
703 5494 1047 5550 bonitatibus
1068 5495 1186 5565 ejus
1212 5538 1226 5562 ,
1259 5508 1424 5565 atque
1466 5497 1964 5567 longanimitatibus
1991 5508 2049 5551 et

470 5584 943 5653 investigabilibus
995 5586 1111 5652 ejus
1166 5586 1445 5642 miraculis
1469 5627 1484 5652 ,
1522 5602 1642 5656 qua}
1677 5586 2049 5641 indesinenter

468 5678 705 5731 ostendit
730 5679 873 5732 circa
898 5692 1067 5745 genus
1098 5677 1395 5734 humanum
1419 5683 1442 5734 ζ’
1483 5679 1575 5735 Sic
1600 5694 1731 5749 ergo
1757 5688 2046 5743 venerunt,

525 5794 571 5826 "
596 5793 693 5848 Job
727 5812 787 5857 ιι,
825 5795 874 5848 1.
978 5794 1024 5827 ⁸³
1059 5797 1187 5852 ibid.

473 5882 508 5933 ι,
722 5868 775 5897 ⁸⁸⁸
797 5867 894 5921 Job
923 5881 982 5933 ll,
1008 5866 1060 5921 2.

1268 5798 1313 5830 “
1353 5797 1493 5851 Psal.
1532 5814 1688 5859 κιιιι,
1718 5797 1809 5852 ‘25.
1889 5793 2430 5861 “'Psal.t.sxvn,65-.

2167 3284 2368 3337 tionem
2402 3282 2862 3353 nequissimarum
2892 3282 3287 3351 cegitationum
3319 3290 3760 3351 suarum,atq'se

2166 3375 2487 3430 infestorum
2515 3375 2910 3429 desideriorum
2934 3389 2996 3429 ac
3019 3372 3474 3428 deliberationum
3500 3388 3754 3439 suarum,

2162 3480 2284 3535 quae
2324 3466 2708 3520 demonstrans
2762 3464 2890 3519 dicit
2939 3480 2957 3518 :
3012 3463 3079 3516 Et
3118 3464 3438 3530 respondens
3492 3462 3755 3517 Dominus

2162 3558 2236 3612 ait
2266 3560 2335 3613 ad
2363 3556 2678 3611 diabolum:
2714 3555 2864 3609 Unde
2890 3555 3057 3621 venis,
3090 3564 3149 3608 tu
3182 3553 3263 3608 ‘9?
3286 3552 3592 3620 lnterrogat
3617 3567 3753 3621 prae-

2162 3648 2310 3705 scius
2334 3690 2352 3713 ,
2385 3660 2546 3719 atque
2577 3648 2840 3718 providus
2861 3687 2876 3711 ,
2905 3646 2998 3716 qui
3032 3660 3251 3699 omnem
3283 3645 3568 3700 scientiam
3612 3658 3753 3698 cun-

2160 3744 2264 3797 ctis
2309 3750 2531 3812 praestat
2563 3740 2904 3806 hominibus,
2939 3739 3240 3808 interrogat
3292 3736 3536 3807 refugam
3564 3774 3581 3799 ,
3612 3749 3747 3803 apo-

2159 3843 2359 3889 statam
2381 3875 2396 3899 ,
2428 3833 2800 3888 adversarium
2828 3873 2843 3894 ,
2877 3831 3268 3900 nequissimum
3299 3869 3314 3893 ,
3347 3829 3627 3895 iniustum.
3658 3826 3750 3882 ln-

2161 3935 2399 3995 terrogat
2425 3933 2481 3977 ut
2515 3939 2581 3977 ex
2617 3938 2713 3978 ore
2746 3924 2930 3995 illius,
2966 3931 3131 3991 atque
3180 3935 3246 3975 ex
3281 3933 3547 3989 responso
3591 3918 3749 3975 illius

2158 4031 2280 4072 eum
2316 4024 2508 4083 arguat
2531 4023 2585 4068 et
2615 4014 2965 4079 condemnet,
2998 4022 3163 4081 atque
3185 4011 3478 4066 convincat
3505 4050 3521 4075 ,
3558 4018 3749 4079 utpote

2158 4109 2473 4167 mendacem
2500 4146 2515 4171 ,
2568 4118 2623 4161 et
2656 4105 3012 4173 malignitatis
3064 4104 3183 4159 zelo
3206 4144 3222 4169 ,
3253 4118 3318 4158 ac
3352 4103 3526 4158 livore
3572 4104 3749 4174 reple-

2159 4210 2293 4253 tum.
2325 4198 2479 4255 Unde
2502 4197 2658 4252 venis
2686 4237 2702 4263 ,
2735 4206 2788 4251 tu
2817 4197 3059 4265 dejecte,
3096 4194 3323 4250 confuse
3346 4238 3363 4261 ,
3414 4195 3694 4250 humiliate
3722 4194 3750 4249 Υ

2160 4291 2318 4347 [inde
2352 4300 2404 4344 tu
2432 4289 2583 4345 venis
2603 4289 2811 4353 victus,
2831 4295 3141 4354 superatus,
3161 4286 3561 4341 conculcatus?
3593 4286 3750 4341 [inde

2158 4394 2213 4439 tu
2240 4383 2394 4438 venis
2426 4382 2520 4453 qui
2547 4381 2614 4436 de
2639 4379 2873 4435 excelsis
2918 4394 2979 4434 es
3026 4379 3283 4448 expulsus
3310 4420 3326 4443 ,
3362 4389 3418 4434 et
3445 4395 3610 4449 super
3644 4390 3745 4434 ter—

2157 4492 2273 4531 ram
2323 4491 2381 4531 es
2431 4473 2829 4529 condemnatus
2855 4510 2871 4536 ,
2907 4470 2999 4540 qui
3049 4473 3116 4526 de
3146 4469 3301 4527 caelis
3332 4486 3391 4526 es
3424 4475 3701 4540 projectus
3727 4510 3747 4535 ,

2158 4571 2300 4626 inter
2330 4568 2581 4623 homines
2621 4565 2905 4621 abdicatus
2934 4566 2960 4619 τ
3007 4564 3161 4620 Unde
3195 4574 3247 4619 tu
3279 4567 3434 4620 venis
3457 4604 3473 4631 ,
3501 4567 3591 4635 qui
3626 4575 3749 4634 post

2159 4662 2476 4733 iniquitates
2507 4658 2775 4722 festinas,
2824 4658 2915 4727 qui
2970 4666 3095 4727 post
3143 4656 3463 4727 iniustitiam
3514 4656 3745 4711 curris?

2158 4763 2238 4817 Tu
2269 4761 2361 4832 qui
2394 4759 2690 4816 homicidia
2721 4759 2932 4830 appetis
2956 4798 2973 4823 ,
3004 4767 3058 4812 tu
3094 4757 3186 4827 qui
3227 4756 3482 4811 adulterii
3515 4772 3575 4811 es
3598 4758 3747 4825 cupi-

2158 4867 2277 4931 dus,
2316 4876 2371 4920 tu
2405 4864 2498 4934 qui
2527 4863 2797 4932 sanguine
2842 4862 3070 4931 poteris,
3105 4861 3197 4931 qui
3226 4861 3469 4917 omnium
3502 4861 3745 4929 impieta-

2158 4978 2270 5023 tum
2322 4980 2486 5035 super
2530 4972 2734 5018 terram
2765 4977 2824 5018 es
2868 4960 3141 5031 provisor,
3174 4960 3415 5014 omnium
3471 4959 3743 5011 malorum

2158 5069 2301 5125 inter
2344 5065 2593 5121 homines
2638 5063 2911 5128 inventor,
2959 5062 3103 5117 unde
3155 5069 3212 5115 tu
3264 5059 3470 5115 venis?
3517 5056 3598 5112 Tu
3652 5057 3744 5127 qui

2159 5180 2375 5241 tempus
2401 5182 2507 5222 non
2540 5164 2707 5220 habes
2731 5205 2747 5230 ,
2791 5174 2847 5219 tu
2889 5164 2979 5233 qui
3008 5163 3249 5233 quietem
3282 5176 3387 5215 non
3417 5169 3701 5231 exspectas
3726 5198 3749 5225 ,
3810 5190 3813 5193 »

2158 5280 2214 5327 ιιι
2247 5270 2340 5341 qui
2372 5265 2761 5337 resumptionis
2791 5279 3005 5319 memor
3030 5278 3133 5318 non
3167 5277 3250 5328 es,
3289 5276 3464 5331 neque
3497 5261 3745 5331 requiem

2156 5387 2348 5444 speras
2379 5370 2562 5437 ,,unde
2603 5378 2659 5423 tu
2688 5366 2844 5421 venis
2868 5364 2898 5417 ἰ
2922 5362 3199 5419 Confitere
3225 5404 3242 5430 ,
3271 5372 3326 5418 et
3355 5361 3465 5417 noli
3497 5376 3699 5433 negare
3728 5400 3750 5428 ,

2155 5475 2403 5537 ostende,
2447 5479 2503 5528 et
2535 5468 2643 5524 noli
2671 5466 2871 5523 celare.
2905 5464 3012 5520 Sed
3047 5479 3154 5520 non
3187 5464 3468 5537 accipiens
3494 5464 3613 5522 haec
3656 5477 3749 5518 ne-

2158 5576 2459 5649 quissimus
2484 5612 2502 5640 ,
2530 5585 2633 5626 nec
2675 5567 2901 5623 omnino
2933 5565 3155 5621 audisse
3195 5578 3254 5620 se
3284 5564 3550 5621 simulans
3573 5604 3587 5628 ,
3643 5578 3749 5634 pro

2159 5676 2280 5731 aliis
2306 5673 2412 5728 alia
2441 5667 2721 5740 respondit
2750 5666 2976 5721 dicens:
3012 5662 3247 5719 (Ιίνευὶιοὶ
3274 5679 3478 5719 omnem
3520 5672 3747 5725 terram,

2510 5788 2555 5822 “
2586 5788 2746 5845 Num.
2785 5780 2997 5851 xxtt,8.
3077 5782 3119 5814 ⁸⁷
3149 5780 3250 5839 Job
3282 5796 3343 5849 ll,
3384 5781 3441 5835 2.
3520 5778 3566 5812 ⁸³
3590 5771 3745 5835 [δεθῇ
