4174 6384
454 400 553 453 451

1521 382 1906 443 ANONYMUS
1944 380 2014 437 IN
2053 380 2195 438 JOB.
2242 411 2303 421 -—
2339 378 2473 434 LIB.
2518 377 2583 432 ll.

3616 376 3722 431 45‘2

448 527 495 569 et
546 513 819 583 peragravi
868 520 1166 566 universum
1213 508 1388 563 orbem
1417 506 1509 576 qui
1537 503 1632 558 sub
1673 502 1800 557 αεΙο
1842 510 1917 555 est
1960 500 2029 552 7°.
2060 503 2106 559 Α
2136 506 2312 564 posta
2343 496 2446 551 Job
2496 509 2618 548 eum
2673 489 3008 547 confusione.
3045 491 3220 547 Adam
3272 490 3416 546 enim
3461 491 3590 547 olim
3635 504 3725 548 se-

451 608 738 663 Subtiliter
787 606 970 675 ﬁngis,
998 620 1031 659 o
1065 601 1439 657 infelicissime
1487 596 1701 653 diabole
1733 638 1748 661 ,
1779 593 2033 651 humilia-

450 699 654 754 tionent
696 708 839 751 tuam
876 696 1014 763 tegis
1043 734 1059 757 ,
1093 692 1494 747 deformitatem
1531 698 1676 742 tuam
1710 685 1992 740 reticescis
2015 724 2031 748 ,

449 788 823 846 confusionem
858 797 1005 841 tuam
1059 785 1282 839 minime
1328 782 1602 851 depromis
1631 820 1646 846 ,
1676 779 1821 849 quod
1852 792 1881 831 a
1918 776 2035 847 pul-

448 896 577 934 vere
601 880 770 933 fueris
794 886 1103 946 superatus.
1140 874 1338 929 Lutum
1392 873 1535 927 enim
1566 880 1620 926 et
1662 882 1806 924 terra
1838 878 1892 923 et
1922 866 2033 937 pul-

449 971 533 1024 vis
562 978 646 1025 est
677 967 779 1023 Job
814 977 1035 1037 propter
1082 974 1356 1020 terrenum
1392 978 1625 1031 corpus,
1679 961 1772 1015 sed
1814 961 2031 1013 interim

450 1071 699 1115 terrenus
738 1074 805 1113 ac
834 1058 1011 1111 luteus
1045 1057 1346 1127 superavit,
1380 1057 1579 1124 inquit,
1616 1064 1689 1119 te,
1713 1068 1746 1106 ο
1773 1052 1987 1106 diabole
2017 1093 2031 1115 ,

448 1149 539 1217 qui
574 1163 695 1201 eum
727 1147 803 1203 sis
831 1145 1261 1215 incorruptibilis
1288 1146 1533 1215 spiritus,
1567 1155 1825 1213 tanquam
1855 1143 2035 1212 fulgur

448 1244 516 1295 de
550 1241 692 1297 ccelo
718 1240 963 1295 cecidisti
995 1239 1290 1309 projectus.
1336 1237 1549 1309 Corpus
1584 1236 1797 1291 scilicet
1826 1236 2031 1290 luteum

448 1334 732 1403 superavit
770 1331 1036 1403 fulgorem
1088 1331 1481 1401 incorruptum,
1519 1329 1768 1398 spiritum
1815 1329 2034 1382 immoro

451 1422 612 1475 talem
665 1429 832 1490 atque
884 1421 1290 1489 incorporeum.
1322 1418 1473 1472 llane
1498 1417 1707 1472 scilicet
1754 1415 2036 1471 confusio-

448 1528 571 1567 nem
603 1523 749 1566 tuam
799 1512 1131 1566 reticescens
1179 1527 1241 1565 ac
1268 1509 1699 1579 przetertnittens
1722 1548 1736 1573 ,
1769 1523 1803 1563 o
1838 1506 2035 1563 callide

447 1606 666 1661 diabole
690 1647 705 1671 ,
748 1605 1003 1674 gloriaris
1031 1620 1094 1659 ac
1140 1605 1357 1674 plaudis
1390 1604 1535 1674 quod
1570 1614 1771 1658 terram
1798 1603 2033 1658 circuie-

450 1694 547 1759 ris,
575 1704 632 1747 et
654 1708 717 1747 ea
754 1708 875 1763 qua:
905 1695 1005 1748 su‘b
1033 1694 1173 1748 caalo
1204 1704 1333 1750 sunt
1365 1695 1763 1764 peragraveris.
1800 1692 1908 1748 Sed
1933 1694 2035 1749 hoc

449 1786 499 1839 in
528 1786 820 1841 maximam
849 1785 1254 1841 deformitatem
1300 1797 1445 1841 tuam
1477 1788 1617 1841 dicis
1652 1805 1667 1841 :
1707 1802 1831 1840 nam
1862 1786 2032 1857 gloria

2137 589 2365 654 duxisti,
2415 590 2508 642 sed
2538 584 2641 641 Job
2682 594 2806 655 post
2838 586 2941 640 hoc
2972 599 3079 639 non
3130 584 3515 655 supplantasti.
3548 586 3720 641 Adam

2136 682 2202 734 de
2231 678 2486 749 paradiso
2535 678 2823 731 eradicasti
2853 718 2869 743 ,
2915 678 3009 731 sed
3038 676 3139 732 Job
3188 692 3219 731 a
3265 678 3564 732 sanctitate
3614 694 3721 733 non

2136 778 2399 832 avertisti.
2438 776 2596 831 Unde
2629 784 2683 827 tu
2715 774 2871 829 venis
2897 776 2963 828 de
3004 774 3239 829 excelsis
3268 775 3552 845 expulsus,
3573 786 3627 829 et
3656 775 3723 831 de

2136 868 2293 925 caelis
2351 868 2617 938 dejectus,
2660 866 2729 922 de
2798 866 3116 936 angelorum
3172 867 3357 921 choris
3404 867 3724 937 projectus?

2137 960 2289 1016 Unde
2316 962 2471 1014 venis
2502 969 2555 1012 tu
2592 958 2683 1027 qui
2709 973 2872 1026 super
2892 967 3101 1011 terram
3155 956 3476 1025 injustitiam
3516 959 3723 1029 germi-

2136 1055 2302 1120 nasti,
2331 1055 2423 1123 qui
2473 1054 2573 1108 sub
2614 1054 2730 1107 sole
2761 1053 3069 1122 impietates
3109 1052 3508 1115 disseminasti,
3537 1054 3629 1119 qui
3658 1066 3721 1105 ea

2135 1160 2256 1214 quae
2276 1145 2377 1200 sub
2400 1145 2540 1199 caelo
2574 1155 2702 1200 sunt
2741 1146 2993 1199 universa
3031 1143 3188 1198 malis
3250 1143 3514 1213 replesti?
3568 1141 3723 1199 Unde

2135 1239 2287 1292 venis
2344 1238 2442 1291 tu?
2496 1237 2575 1291 Tu
2606 1241 2699 1309 qui
2742 1252 2801 1291 es
2861 1238 3055 1291 mortis
3096 1244 3309 1298 auctor,
3343 1236 3723 1305 malorumque

2137 1329 2408 1397 inventor,
2437 1342 2601 1402 atque
2652 1331 2917 1386 malorum
2958 1330 3199 1383 omnium
3245 1329 3479 1395 initium,
3517 1330 3723 1399 iniqui-

2138 1420 2266 1473 tatis
2320 1435 2593 1489 operator,
2639 1432 2795 1490 pater
2850 1421 3144 1475 mendacii.
3209 1418 3383 1483 Unde,
3432 1420 3630 1488 inquit,
3663 1428 3721 1473 tu

2138 1512 2337 1566 venis?
2369 1512 2626 1578 Circuivi,
2655 1516 2847 1583 inquit,
2880 1531 3087 1568 omnem
3119 1523 3336 1575 terram,
3363 1522 3411 1565 et
3446 1514 3722 1581 peragravi

2136 1606 2379 1657 universa
2408 1621 2527 1674 quw
2557 1607 2650 1659 sub
2684 1607 2810 1660 cazlo
2832 1616 2977 1669 sunt,
3004 1614 3050 1659 et
3092 1621 3207 1657 ecce
3243 1605 3453 1659 adsum.
3494 1604 3719 1667 Adsum,

2139 1694 2335 1762 inquit,
2367 1695 2458 1763 qui
2496 1711 2601 1749 non
2629 1695 2931 1749 succumbo
2979 1709 3155 1764 neque
3185 1694 3467 1758 humilior,
3494 1695 3584 1763 qui
3616 1708 3721 1748 non

2137 1801 2430 1843 convertor
2483 1806 2657 1861 neque
2706 1792 3011 1855 satisfacio,
3058 1792 3149 1861 qui
3209 1791 3589 1861 paenitentiam
3614 1807 3719 1845 non

450 1888 539 1931 tua
588 1888 754 1947 atque
786 1878 953 1933 elatio
1010 1879 1211 1933 referta
1263 1887 1348 1933 est
1400 1880 1546 1934 omni
1592 1879 1922 1949 dejectione.
1974 1879 2031 1933 Si
2069 1865 2371 1937 Bostendo
2409 1921 2425 1947 ,
2488 1885 2584 1937 sed
2646 1894 2901 1954 tanquam
2954 1884 3099 1938 vitiis
3153 1883 3445 1939 indomitus
3500 1894 3717 1953 prazsto.

446 1972 594 2025 enim
626 1981 833 2026 tantum
871 1972 1090 2041 potuisti
1137 1981 1197 2024 ut
1234 1985 1449 2026 omnem
1486 1981 1687 2026 terram
1712 2010 1728 2035 ,
1762 1980 1886 2040 post
1920 1972 2033 2026 haec

446 2080 639 2119 omnes
679 2074 924 2119 terrenos
954 2104 969 2127 ,
1018 2073 1186 2133 atque
1241 2065 1562 2126 universos,
1613 2064 1702 2132 qui
1756 2064 1859 2119 sub
1892 2064 2032 2119 caelo

446 2165 575 2209 sunt
604 2155 872 2210 circuires
902 2165 1064 2225 atque
1098 2170 1447 2225 peragrares,
1476 2158 1579 2210 hoe
1604 2166 1707 2222 est,
1743 2156 2031 2211 conculca-

449 2262 535 2301 res
561 2257 726 2317 atque
752 2248 852 2302 sub
885 2256 936 2301 te
981 2246 1283 2315 subjiceres
1310 2291 1323 2311 ,
1368 2248 1639 2316 quomodo
1675 2262 1779 2301 non
1811 2248 2029 2317 potuisti

446 2340 538 2394 uni
574 2348 794 2394 terreno
820 2349 988 2409 atque
1024 2339 1369 2409 corruptibili
1400 2338 1504 2394 Job
1532 2339 1880 2409 praevalere?
1924 2340 2030 2394 Sed

443 2430 623 2485 omnis
648 2432 890 2499 potentia
916 2440 1029 2498 tua,
1059 2447 1124 2487 ac
1150 2432 1342 2494 virtus,
1379 2440 1543 2501 atque
1564 2432 1847 2502 praedones
1878 2445 2031 2487 exer-

445 2526 588 2580 citus
631 2525 704 2579 tui
734 2534 788 2579 et
808 2524 1021 2595 gladius
1051 2540 1240 2579 eorum
1278 2534 1331 2580 et
1368 2525 1604 2593 triplicia
1646 2525 1886 2594 equitum
1918 2535 2033 2580 tuo-

446 2634 564 2673 rum
590 2633 791 2673 cornua
820 2626 875 2674 et
910 2619 1050 2689 ignis
1081 2620 1173 2688 qui
1200 2619 1266 2674 de
1314 2619 1457 2675 ctelo
1485 2619 1730 2685 cecidit,
1765 2630 1823 2673 ut
1848 2629 1903 2674 tu
1948 2620 2032 2674 di-

446 2710 573 2765 xisti
600 2749 615 2774 ,
664 2720 718 2764 et
744 2710 895 2765 venti
930 2710 1023 2780 qui
1055 2711 1124 2765 ab
1173 2725 1361 2766 eremo
1390 2719 1699 2777 venerunt,
1736 2711 1879 2780 quod
1913 2720 2032 2765 erat

447 2812 550 2855 tua:
582 2802 839 2871 nequitia:
872 2801 1161 2872 inspiratio
1182 2841 1197 2867 ,
1244 2802 1525 2866 universa,
1558 2802 1757 2871 inquit,
1786 2801 1900 2857 haec
1948 2802 2033 2856 in-

447 2896 602 2949 tirma
646 2910 710 2950 ac
742 2910 1077 2964 supervacua
1116 2896 1445 2950 exstiterunt
1473 2910 1572 2965 per
1600 2894 1730 2964 justi
1762 2893 1863 2950 Job
1898 2895 2028 2950 tole-

447 2986 721 3052 rantiam,
772 2998 937 3057 atque
991 3002 1089 3058 per
1148 2988 1447 3059 gratiarum
1497 2987 1743 3043 actiones
1798 2986 2027 3042 confusa

447 3086 610 3147 atque
638 3092 851 3134 eversa.
881 3077 1010 3133 Post
1035 3096 1156 3148 qua:
1190 3080 1470 3143 universa,
1504 3095 1633 3146 non,
1666 3079 1865 3149 inquit,
1895 3089 1971 3143 te,
1998 3094 2031 3132 o

2137 1975 2454 2043 Mutaberis,
2512 1978 2706 2047 inquit,
2762 1977 3061 2042 odiabole,
3109 1978 3162 2033 in
3214 1976 3573 2031 dilectissimo
3601 1986 3718 2041 tuo,

2136 2067 2237 2123 hoc
2283 2077 2369 2123 est
2397 2069 2450 2122 in
2479 2070 2787 2140 temelipso.
2812 2068 2948 2123 Nam
3003 2084 3127 2125 cum
3175 2084 3282 2123 non
3310 2067 3576 2133 flecteris,
3622 2084 3722 2124 ne-

2134 2172 2240 2227 que
2298 2158 2617 2226 subjiceris,
2674 2174 2850 2227 neque
2903 2160 3289 2229 paenitentiam
3341 2160 3718 2224 demonstras,

2136 2249 2189 2303 in
2233 2249 2689 2305 irremediabilem
2746 2250 3041 2305 inferorum
3078 2265 3294 2320 pmnam
3348 2251 3718 2321 demergeris.

2136 2339 2560 2410 inexstinguibili
2593 2340 2699 2409 igni
2732 2340 2994 2410 gebennm
3020 2340 3251 2394 traderis
3276 2349 3331 2394 et
3355 2349 3411 2392 tu
3440 2349 3496 2394 et
3526 2354 3721 2395 omnes

2133 2430 2225 2500 qui
2263 2440 2316 2486 te
2373 2434 2441 2486 ad
2473 2431 2849 2486 infidelitatem
2907 2440 3211 2501 sequuntur
3244 2450 3256 2484 :
3290 2442 3369 2499 tu,
3392 2432 3636 2501 inquam,
3665 2442 3722 2487 et

2132 2539 2325 2580 omnes
2371 2524 2463 2595 qui
2522 2540 2619 2594 per
2670 2534 2721 2578 te
2777 2523 2843 2577 ad
2896 2524 3230 2594 impietatem
3296 2525 3716 2592 persuadentur.

2131 2617 2361 2684 Adsum,
2403 2618 2603 2687 inquit,
2653 2617 2700 2672 is
2752 2618 2843 2685 qui
2908 2631 3014 2672 non
3053 2618 3127 2671 ita
3163 2627 3249 2671 est
3280 2617 3331 2671 in
3384 2618 3595 2673 factura
3620 2634 3720 2674 sua

2134 2709 2330 2777 factus,
2372 2710 2466 2765 sed
2511 2709 2564 2765 in
2613 2710 2875 2781 operibus
2907 2710 2981 2764 ita
3035 2710 3459 2777 demonstratus,
3478 2712 3569 2781 qui
3598 2727 3707 2766 non

2134 2803 2209 2856 ita
2238 2809 2327 2857 est
2376 2802 2555 2857 factus
2614 2810 2835 2865 natura,
2897 2802 2992 2857 sed
3048 2802 3218 2856 exivit
3261 2801 3564 2858 voluntate.
3600 2802 3716 2859 Non

2133 2892 2277 2948 enim
2331 2894 2385 2947 in
2432 2892 2641 2947 factura
2674 2903 2905 2957 naturae,
2969 2894 3062 2948 sed
3115 2894 3168 2948 in
3202 2894 3493 2949 voluntatis
3522 2910 3719 2965 opera-

2138 2985 2283 3039 tione
2329 2984 2581 3040 diabolus
2635 2994 2719 3040 est
2767 2986 2963 3040 factus.
3018 2986 3241 3049 Adsum,
3275 2986 3471 3054 inquit,
3520 2987 3565 3041 is
3623 2988 3717 3057 qui

2134 3076 2377 3146 peccatis
2414 3078 2751 3148 congaudeo,
2784 3077 2876 3146 qui
2917 3077 3473 3147 itnpietatibuslaztor,
3498 3079 3587 3148 qui
3614 3079 3717 3132 ini-

444 3169 657 3224 diabole
682 3209 697 3237 ,
737 3172 1016 3242 interrogo
1059 3188 1223 3241 quam
1271 3181 1472 3227 terram
1505 3172 1790 3227 circuieris
1814 3213 1828 3239 ,
1862 3180 1916 3226 et
1963 3186 2027 3225 ea
2054 3206 2099 3267 α
2133 3171 2441 3241 quitatibus
2464 3171 2757 3241 jucundor.
2785 3170 2875 3239 qui
2904 3168 3050 3223 onmi
3094 3168 3354 3237 injustitia
3385 3178 3439 3225 et
3462 3172 3717 3227 omnibus

443 3278 563 3331 qua:
592 3264 692 3319 sub
743 3264 881 3319 cado
928 3275 1057 3318 sunt
1082 3266 1459 3335 peragraveris
1487 3305 1501 3329 ,
1532 3267 1600 3321 de
1645 3267 1761 3320 istis
1792 3280 2027 3335 namque

444 3356 787 3427 interrogare
815 3368 867 3411 te
897 3373 1033 3429 Opus
1063 3374 1171 3413 non
1211 3358 1407 3413 habeo.
1442 3358 1569 3413 Scio
1602 3362 1746 3414 enim
1774 3360 1918 3428 quod
1946 3360 2029 3412 in-

443 3449 677 3509 cessanti
711 3448 950 3518 nequitia
979 3450 1352 3503 indesinenter
1380 3460 1577 3505 cuncta
1612 3465 1733 3521 quae
1764 3451 1863 3505 sub
1888 3450 2026 3505 caelo

444 3552 576 3596 sunt
610 3544 812 3597 circuis
836 3583 852 3609 ,
895 3553 951 3597 et
985 3543 1233 3613 pervolas
1260 3584 1276 3609 ,
1326 3554 1513 3615 utpote
1556 3560 1748 3601 aereus
1800 3546 2027 3616 spiritus

445 3633 672 3703 fulguris
707 3634 984 3689 velocitati
1015 3634 1413 3690 consimilatus.
1444 3634 1559 3691 Non
1584 3676 1599 3701 ,
1631 3636 1848 3705 inquit,
1880 3644 1932 3691 te
1961 3636 2028 3692 de

444 3726 547 3780 hoc
580 3726 881 3794 interrogo,
925 3726 1021 3781 sed
1052 3727 1176 3787 hoc,
1203 3727 1348 3782 unde
1375 3728 1613 3791 veneris,
1644 3727 1731 3781 vel
1767 3744 1797 3781 a
1827 3726 2027 3797 quibus

444 3818 676 3871 veneris.
713 3817 795 3871 Ab
838 3816 1123 3871 inconfuso
1151 3816 1435 3881 confusus,
1470 3818 1538 3872 ab
1570 3818 1808 3872 exaltato
1848 3816 2029 3872 humi-

445 3906 608 3961 liatus
634 3946 648 3969 ,
684 3923 712 3960 a
741 3906 982 3977 glorioso
1015 3922 1110 3975 spe
1154 3922 1385 3961 vacuus.
1415 3908 1489 3961 De
1531 3907 1650 3962 istis
1672 3949 1688 3975 ,
1718 3909 1914 3977 inquit,
1945 3908 2028 3963 in-

445 4006 663 4067 terrogo
714 4008 879 4065 atque
925 3999 990 4051 de
1025 3998 1110 4051 his
1141 4011 1195 4052 te
1241 4000 1505 4053 admoneo
1531 4040 1547 4065 ,
1590 4016 1712 4055 cum
1740 4011 1851 4058 stes
1876 4001 2027 4057 velut

445 4088 621 4157 igneis
648 4088 849 4158 jaeulis
881 4089 1215 4143 stimulatus.
1244 4090 1375 4156 Quis
1399 4091 1543 4146 enim
1574 4103 1658 4147 est
1691 4093 1864 4164 major
1886 4094 2025 4165 ignis

445 4180 659 4235 diabolo
690 4196 852 4249 quam
883 4182 994 4244 hic,
1028 4190 1135 4235 uta
1168 4183 1374 4237 carnali
1409 4193 1463 4237 et
1495 4194 1711 4238 terreno
1735 4195 2026 4253 superetur

444 4283 606 4341 atque
649 4273 1022 4338 conculcetur,
1071 4290 1195 4328 eum
1230 4274 1302 4327 sit
1342 4275 1569 4345 spiritus
1617 4276 2025 4345 incorporeus?

445 4363 599 4419 Unde
630 4372 683 4417 tu
702 4365 877 4430 venis,
905 4366 1178 4429 seductor,
1208 4365 1513 4430 insidiator,
1544 4367 1857 4421 humiliatus
1881 4406 1896 4430 ,
1931 4368 2026 4421 de-

442 4456 635 4527 jectus,
665 4457 924 4511 confusus
948 4457 971 4509 ?
996 4456 1153 4511 Unde
1188 4465 1241 4509 tu
1278 4457 1431 4511 venis
1457 4458 1480 4510 7
1513 4458 1613 4512 Ubi
1649 4469 1733 4513 est
1761 4475 2025 4529 arrogan-

2138 3263 2497 3334 impudicitiis
2521 3274 2683 3330 atque
2713 3262 2967 3318 omnibus
3023 3262 3179 3316 malis
3202 3262 3461 3317 delector.
3486 3264 3714 3328 Adsum,

2137 3354 2332 3424 inquit,
2387 3354 2431 3409 is
2480 3354 2570 3423 qui
2614 3368 2763 3422 spem
2814 3368 2920 3408 non
2979 3353 3173 3420 habeo,
3232 3356 3319 3425 qui
3350 3356 3582 3411 salutem
3609 3372 3716 3411 non

2135 3458 2415 3517 exspecto,
2453 3447 2543 3515 qui
2570 3446 3005 3501 misericordiam
3048 3462 3155 3501 non
3210 3448 3470 3507 sustineo.
3512 3450 3601 3517 qui
3630 3465 3717 3503 rea

2135 3536 2339 3606 frigerii
2366 3552 2472 3591 non
2500 3552 2621 3592 sum
2662 3551 2893 3592 memor.
2933 3536 3185 3601 Circuivi,
3217 3540 3418 3608 inquit,
3447 3550 3640 3595 terram
3667 3552 3716 3596 et

2134 3627 2407 3697 peragravi
2429 3644 2567 3692 eam,
2590 3638 2639 3681 et
2663 3644 2723 3681 ea
2744 3644 2863 3697 qua:
2886 3630 2982 3682 sub
3005 3631 3129 3683 cmlo
3152 3642 3294 3696 sunt,
3312 3641 3357 3684 et
3375 3648 3489 3685 ecce
3505 3634 3717 3689 adsum.-

2134 3718 2235 3773 Cui
2262 3727 2383 3789 post
2413 3726 2525 3774 haec
2563 3719 2742 3775 omnia
2768 3723 3101 3790 respondens
3138 3722 3279 3779 Deus
3302 3724 3433 3778 dicit
3467 3743 3480 3778 :
3516 3724 3631 3779 Non
3667 3735 3719 3780 te

2135 3815 2201 3869 de
2247 3814 2353 3869 hoc
2414 3815 2693 3884 interrogo
2727 3815 2963 3885 qualiter
3015 3826 3215 3871 terram
3257 3818 3562 3885 circuieris,
3612 3818 3719 3874 hoc

2134 3912 2219 3959 est
2245 3919 2340 3959 eos
2361 3904 2452 3974 qui
2505 3914 2719 3959 terrena
2764 3906 3002 3975 sapiunt,
3032 3921 3205 3975 neque
3230 3907 3293 3961 de
3328 3907 3429 3962 hoc
3454 3909 3716 3977 quemad-

2134 3996 2352 4051 modum
2418 4012 2480 4051 ea
2535 4013 2654 4066 quae
2690 4001 2792 4052 sub
2845 3999 2983 4054 caelo
3008 4010 3135 4053 sunt
3178 4001 3577 4070 peragraveris,
3612 4002 3717 4057 hoc

2133 4097 2216 4141 est
2272 4104 2365 4143 eos
2413 4090 2503 4157 qui
2556 4088 2800 4145 ccclestia
2862 4106 2966 4144 non
3025 4091 3361 4156 desiderant,
3407 4094 3547 4148 sicut
3573 4101 3629 4148 et
3658 4104 3715 4148 tu

2134 4177 2269 4246 ipse,
2301 4179 2392 4246 qui
2422 4178 2559 4233 cmlo
2587 4179 2784 4233 reverti
2836 4178 2977 4232 ultra
3012 4195 3117 4234 non
3165 4191 3339 4250 potes,
3403 4183 3496 4237 sed
3531 4184 3633 4239 hoc
3666 4193 3717 4239 te

2134 4270 2462 4341 interrogavi
2488 4282 2542 4324 et
2576 4272 2853 4341 interrogo
2888 4288 2901 4323 :
2940 4272 3374 4328 Animadvertisli
3397 4278 3466 4328 ad
3492 4292 3713 4342 puerum

2134 4379 2305 4415 meum
2348 4361 2450 4415 Job
2482 4364 2569 4416 7'?
2620 4367 2698 4417 Ac
2756 4365 2799 4418 si
2841 4366 3087 4419 diceret:
3122 4367 3437 4422 Intellexisti
3485 4369 3611 4437 quid
3643 4369 3716 4423 sit

2132 4451 2266 4507 Job?
2293 4452 2569 4508 Relaxasti
2597 4469 2817 4509 sensum
2854 4465 3002 4508 tuum
3039 4457 3105 4510 ad
3138 4459 3300 4512 eum?
3333 4459 3717 4530 Cognovistine

442 4550 517 4602 tia
543 4558 635 4601 tua
660 4547 683 4600 ?
712 4547 814 4603 Ubi
841 4557 926 4601 est
946 4548 1108 4602 elatio
1141 4548 1164 4601 ?
1210 4547 1313 4603 Ubi
1354 4550 1779 4618 magniloquimn
1819 4560 1967 4603 ttnnn
2001 4552 2026 4604 ?
2061 4577 2105 4632 ι)
2135 4546 2307 4610 illum,
2357 4548 2439 4601 vel
2505 4548 2745 4617 probasti
2800 4549 3233 4606 indeclinabilem
3272 4551 3431 4605 ﬁdem
3489 4552 3630 4619 ejus,
3657 4563 3713 4607 et

443 4638 543 4695 Ubi
582 4649 707 4695 sunt
743 4640 1024 4695 mendacia
1051 4649 1161 4703 tua,
1196 4642 1393 4709 quibus
1425 4641 1609 4695 dixisti
1634 4642 1777 4710 quod
1806 4658 1893 4697 me
1923 4642 2024 4698 Job

442 4742 662 4803 propter
707 4733 989 4804 pecuniam
1024 4733 1275 4787 coleret?
1308 4733 1386 4786 Tu
1434 4733 1719 4789 facultates
1754 4736 1801 4788 ei
1840 4736 2025 4790 abstu—

442 4827 573 4890 Ιιειὶ,
603 4841 703 4896 ego
736 4842 869 4881 vero
900 4826 1196 4895 gratiarum
1238 4829 1481 4881 actiones
1514 4839 1679 4897 atque
1714 4828 2014 4883 confessio-

441 4933 562 4973 nem
595 4919 662 4971 ab
708 4932 772 4972 eo
822 4918 1057 4987 suscepi.
1092 4916 1229 4973 Nam
1275 4933 1397 4972 cum
1430 4928 1482 4973 tu
1511 4959 1525 4982 ,
1557 4920 1733 4989 inquit
1760 4960 1775 4983 ,
1803 4936 2018 4975 omnem

441 5009 802 5062 substantiam
857 5008 971 5075 ejus
1020 5010 1313 5064 abstuleris
1370 5021 1426 5065 ut
1473 5029 1577 5066 non
1632 5013 1833 5066 habeat
1881 5013 2022 5067 unde

442 5099 571 5150 mihi
610 5099 819 5153 hostias
849 5098 1082 5163 offerat,
1116 5100 1273 5154 solita
1301 5102 1602 5171 gratiarum
1641 5104 1855 5157 actione
1887 5103 2018 5156 mihi

441 5188 702 5242 sacrificia
736 5190 980 5243 immolat
1013 5205 1078 5244 ex
1110 5194 1311 5247 mundo
1348 5195 1511 5249 corde
1540 5205 1703 5264 atque
1738 5194 2023 5249 conscien-

442 5281 510 5332 tia
554 5297 705 5349 pura.
755 5279 908 5336 Unde
943 5283 1093 5336 venis
1119 5293 1170 5335 tu
1200 5325 1214 5347 ,
1265 5300 1299 5338 ο
1327 5284 1584 5339 diabole?
1623 5284 1736 5340 Non
1773 5300 1801 5337 a
1851 5285 2023 5355 parui-

442 5373 608 5423 tentia
638 5410 651 5432 ,
687 5386 791 5424 non
824 5386 851 5423 a
881 5375 1237 5428 conversione
1263 5413 1278 5437 ,
1314 5391 1489 5445 neque
1520 5376 1586 5430 ab
1613 5378 1715 5431 hoc
1748 5378 1889 5445 quod
1926 5380 2020 5431 de-

440 5460 768 5515 formitatem
821 5472 965 5517 tuam
1019 5465 1211 5520 videns
1270 5466 1645 5521 confundaris.
1701 5467 1791 5523 Sic
1841 5469 2021 5538 itaque

442 5554 717 5623 interrogo
747 5566 819 5619 te,
850 5555 1238 5627 malignissime
1258 5598 1272 5621 ,
1305 5560 1447 5613 unde
1485 5560 1688 5615 venias.
1728 5557 1843 5614 Non
1874 5561 2017 5614 enim

442 5646 595 5699 venis
619 5646 761 5699 sicut
789 5646 1000 5715 pridem
1037 5648 1102 5701 ab
1136 5649 1302 5703 Adam
1324 5664 1445 5705 cum
1474 5650 1723 5717 victoria,
1762 5650 1855 5707 sed
1878 5650 2021 5706 sicut

508 5823 554 5854 το
580 5822 681 5879 Job
713 5842 771 5893 η,
796 5826 849 5881 2.
928 5828 967 5859 τι
1007 5797 1135 5884 ibid.
1165 5829 1219 5886 δ.

2134 4641 2461 4695 immobilem
2482 4641 2813 4708 firmitatem,
2841 4653 2893 4697 et
2920 4642 3285 4699 inviolabilem
3310 4644 3712 4709 fortitudinem,

2130 4745 2181 4789 et
2210 4734 2575 4789 inviolabilem
2601 4735 2857 4805 pietatem
2888 4746 3048 4806 atque
3079 4736 3493 4806 religiositatem
3526 4738 3668 4792 illius
3688 4739 3715 4791 ?

2130 4826 2568 4881 Animadvertiui
2594 4826 2678 4881 vel
2707 4828 2981 4881 inlendisti
3012 4828 3079 4880 ad
3112 4845 3332 4897 puerum
3368 4845 3541 4881 meum
3570 4826 3717 4884 Job?

2131 4932 2195 4970 ac
2218 4918 2262 4971 si
2282 4917 2515 4971 diceret:
2536 4916 2729 4971 Certus
2756 4932 2841 4982 es,
2870 4932 2903 4970 ο
2926 4916 3147 4971 inimice
3170 4917 3409 4970 omnium
3446 4916 3712 4969 bonorum

2130 5006 2367 5070 diabole,
2428 5015 2551 5064 uter
2613 5018 2861 5061 nostrum
2917 5007 3206 5061 veritatem
3251 5006 3471 5071 dixerit,
3517 5022 3618 5077 ego
3646 5023 3713 5059 an

2133 5109 2209 5162 tn,
2249 5107 2368 5153 uter
2418 5100 2623 5169 absque
2681 5100 2963 5154 mendacio
3007 5100 3219 5153 locutus
3258 5098 3444 5165 fuerit,
3486 5114 3586 5168 ego
3621 5098 3713 5167 qui

2131 5189 2179 5245 ei
2206 5191 2576 5244 testimonium
2633 5191 2906 5259 perhibui,
2936 5207 3003 5245 an
3040 5200 3095 5245 tu
3124 5193 3213 5261 qui
3264 5206 3387 5245 eum
3417 5191 3712 5245 accusasti.

2135 5282 2281 5337 Dicis
2311 5284 2454 5353 quod
2515 5294 2716 5338 terram
2742 5286 3048 5351 circuieris,
3103 5296 3160 5339 et
3188 5300 3249 5337 ea
3287 5300 3406 5353 quae
3432 5284 3532 5339 sub
3569 5284 3714 5337 ccelo

2130 5384 2257 5429 sunt
2286 5379 2683 5445 peragraveris,
2724 5379 2971 5447 reperisti
3006 5378 3239 5431 similem
3274 5376 3419 5432 Job?
3449 5376 3715 5431 Vidistine

2129 5467 2393 5535 aqualem
2455 5468 2576 5521 illi?
2632 5469 2711 5523 Ob
2771 5470 2895 5534 hoc,
2934 5470 3127 5539 inquit,
3162 5480 3211 5522 te
3268 5472 3540 5537 interrogo
3565 5469 3712 5522 unde

2134 5558 2366 5625 veneris,
2394 5558 2478 5613 vel
2506 5559 2648 5615 unde
2680 5562 2890 5622 venias,
2945 5570 3003 5613 ut
3053 5561 3337 5615 ostendam
3374 5558 3475 5613 Job
3511 5559 3713 5613 sancti-

2131 5658 2294 5706 tatem
2356 5667 2421 5707 ac
2458 5656 2731 5723 meritum,
2804 5652 3118 5722 patientiam
3174 5664 3390 5724 quoque
3455 5670 3515 5708 ac
3542 5653 3715 5709 victo-
