4174 6410
482 403 590 457 455

1579 396 1964 454 ANONYMUS
2003 395 2069 451 IN
2110 395 2254 450 JOB.
2291 425 2358 438 -ο-
2398 394 2528 450 LIB.
2573 395 2636 450 ll.

3644 397 3748 451 4M

482 527 640 588 riam,
672 523 896 591 gloriam
957 520 1310 576 nihilominus
1359 529 1523 590 atque
1571 537 1854 590 coronam,
1917 533 2062 577 tuam
2097 531 2143 585 Α
2173 520 2458 575 tolerantia
2483 536 2548 575 ac
2568 519 2780 576 devotis
2797 519 3097 590 gratiarum
3115 517 3436 574 actionibus
3465 522 3744 588 superavit

482 631 612 670 vero
668 617 1044 686 dejectionem,
1095 625 1151 669 et
1181 614 1634 679 humiliationem,
1684 617 2054 671 confusionem

481 723 698 776 quoque
758 717 920 776 atque
984 707 1366 776 perditionem.
1419 707 1739 776 Quanquam
1807 709 1951 762 enim
1998 720 2066 763 tu

481 815 668 869 neges,
722 799 814 854 sed
878 815 978 869 ego
1025 805 1324 858 ostendam.
1361 800 1620 867 Quamvis
1670 811 1724 855 tu
1776 816 1882 855 non
1930 817 2058 855 ron-

483 893 708 955 litearis,
763 893 855 945 sed
908 907 1008 962 ego
1059 907 1163 946 non
1211 894 1369 948 sileo.
1415 892 1641 948 Terram
1701 894 1849 947 enim
1881 903 1930 946 te
1954 893 2061 946 cir-

479 983 657 1035 cuisse
687 982 842 1048 dicis,
878 983 1236 1050 perditionem
1269 993 1413 1036 tuam
1438 999 1569 1038 vero
1623 999 1727 1037 non
1755 982 2048 1052 depromis.

483 1071 620 1126 Cum
656 1059 946 1125 abscondis
989 1083 1134 1126 tuam
1173 1071 1552 1140 dejectionem,
1590 1089 1821 1130 coronas
1844 1073 1944 1130 Job
1969 1073 2054 1128 l'u-

485 1163 640 1216 raris.
683 1162 972 1230 Respexisti
1031 1165 1100 1217 ad
1149 1181 1371 1233 puerum
1405 1182 1576 1220 meum
1596 1166 1719 1232 Job,
1754 1167 1848 1237 qui
1896 1175 2059 1236 caput

485 1266 631 1308 tunm
660 1257 1020 1319 conculcavit,
1054 1257 1147 1326 qui
1174 1257 1478 1311 humiliavit
1508 1257 1850 1313 altitudinem
1886 1269 2054 1323 tuam,

480 1349 572 1415 qui
613 1345 809 1414 dejecit
833 1347 1126 1402 elationem
1162 1349 1346 1403 luant?
1395 1348 1681 1415 Gloriaris,
1714 1351 1912 1419 inquit,
1959 1367 2056 1404 ne-

483 1437 743 1506 quissime
772 1437 990 1502 Satana,
1017 1439 1159 1508 quod
1193 1447 1392 1493 terram
1419 1441 1728 1507 circuieris,
1761 1452 1814 1495 et
1847 1457 1911 1496 ea
1937 1456 2057 1510 quae

482 1534 581 1584 sub
611 1529 749 1584 caelo
783 1539 908 1584 sunt
938 1533 1311 1601 peragraveris
1351 1549 1366 1586 :
1395 1532 1488 1586 sed
1534 1533 1674 1588 mala
1702 1545 1786 1588 est
1807 1535 1922 1588 haec
1947 1534 2059 1602 glo-

484 1624 641 1677 riatio
673 1632 762 1676 tua
791 1632 954 1690 atque
975 1624 1179 1678 inutilis
1205 1624 1388 1680 elatio.
1415 1626 1495 1680 Ad
1556 1627 1758 1680 malum
1783 1628 1928 1681 enim
1952 1627 2060 1681 cir-

484 1715 643 1768 cuisti
703 1725 926 1778 terram,
973 1723 1029 1770 et
1076 1715 1142 1769 ad
1185 1716 1508 1786 iniustitiam
1555 1733 1818 1788 peragras
1848 1733 2058 1787 eaquae

483 1807 582 1863 sub
605 1807 742 1864 coelo
790 1819 935 1864 sunt.
969 1809 1226 1865 Pervolas
1245 1812 1389 1866 enim
1443 1811 1662 1882 pelagus
1695 1822 1752 1868 et
1793 1827 1972 1868 aerem
2001 1824 2059 1868 et

2163 624 2327 682 atque
2363 612 2416 665 in
2447 611 2627 682 fugam
2651 611 2836 673 vertit,
2866 621 2921 665 et
2946 625 3139 664 omnes
3171 609 3392 664 fraudes
3426 609 3545 678 ejus
3579 620 3742 680 atque

2161 705 2476 774 iniquitates
2520 717 2886 772 supervacuas
2934 703 3351 757 demonstravit.
3418 702 3737 771 Respexisti,

2162 797 2362 866 inquit,
2401 797 2469 850 ad
2505 812 2724 862 puerum
2764 814 2937 851 meum
2974 795 3118 851 Job?
3147 794 3228 848 Ad
3277 794 3426 847 illum
3457 796 3744 864 obtempe-

2161 897 2369 941 rantem
2416 901 2643 956 puerum
2674 896 2840 956 atque
2873 901 3086 951 verum,
3143 887 3235 954 qui
3288 899 3581 953 percussus
3634 901 3741 939 non

2160 984 2427 1047 discessit,
2489 985 2578 1052 qui
2617 999 2789 1038 casus
2819 990 2922 1045 εει,
2958 989 3012 1035 ει
3066 994 3174 1034 non
3235 977 3478 1045 deliquit,
3506 977 3598 1045 qui
3646 977 3746 1029 tibi

2163 1084 2248 1130 est
2302 1075 2552 1139 traditus,
2587 1084 2643 1128 et
2699 1089 2804 1128 non
2863 1087 2948 1126 me
3009 1069 3314 1138 denegavit,
3358 1069 3450 1136 qui
3485 1083 3514 1120 a
3549 1077 3600 1121 te
3623 1083 3748 1135 per-

2159 1180 2355 1220 cussus
2387 1175 2490 1228 est,
2536 1176 2590 1220 et
2644 1165 2775 1218 mihi
2839 1164 3041 1234 gratias
3091 1162 3220 1230 agit.
3285 1159 3472 1222 Istum,
3531 1158 3730 1227 inquit,

2162 1269 2389 1323 puerum
2434 1254 2719 1323 respexisti
2764 1254 2855 1322 qtti
2898 1253 3188 1306 adversum
3239 1261 3290 1304 te
3320 1250 3494 1312 stetit,
3531 1257 3587 1302 et
3614 1248 3746 1301 mihi

2162 1359 2268 1399 non
2294 1345 2518 1408 restitit,
2555 1345 2642 1412 qui
2673 1345 2959 1398 adversum
2990 1353 3041 1397 te
3077 1341 3380 1405 dimicavit,
3421 1350 3476 1394 et
3507 1355 3593 1394 tne
3649 1340 3748 1392 ad-

2161 1437 2358 1500 oravit,
2409 1436 2498 1503 qui
2533 1445 2585 1490 te
2624 1436 2989 1498 conculcavit,
3026 1444 3082 1490 et
3125 1449 3209 1488 me
3255 1447 3360 1487 non
3398 1439 3745 1501 contempsit,

2161 1526 2254 1595 qui
2282 1534 2335 1579 te
2362 1527 2487 1581 odio
2513 1526 2722 1592 habuit,
2757 1536 2812 1579 et
2840 1541 2926 1580 me
2977 1525 3202 1579 dilexit?
3233 1524 3313 1576 Ad
3354 1525 3518 1587 hunc,
3549 1524 3745 1592 inquit,

2164 1633 2393 1687 puerum
2431 1634 2610 1673 meum
2646 1619 2975 1689 respexisti‘l
3013 1619 3093 1673 Ad
3129 1619 3273 1672 hunc
3305 1619 3392 1672 cui
3449 1619 3643 1673 similis
3692 1619 3746 1672 in

2167 1707 2458 1762 tolerantia
2510 1723 2540 1762 a
2572 1709 2909 1777 temporibus
2939 1708 3075 1763 Abel
3108 1723 3218 1763 non
3263 1707 3405 1761 fuit?
3435 1708 3572 1762 Abel
3599 1710 3747 1762 ettim

2161 1800 2481 1854 cumsemel
2535 1800 2840 1856 sustineret
2890 1800 3347 1865 internecionem,
3384 1800 3637 1854 transivit
3692 1811 3750 1855 et

485 1907 736 1966 penetras
764 1913 956 1954 omnes
985 1912 1194 1970 gentes,
1229 1877 1532 1968 provincias
1566 1877 1653 1954 iac
1699 1901 1970 1970 regiones,
2000 1911 2057 1953 ut
2088 1877 2129 1931 Β
2161 1892 2446 1961 requievit.
2506 1890 2609 1947 Job
2639 1907 2775 1947 vero
2825 1907 2945 1948 cum
3005 1892 3242 1962 plurimo
3279 1899 3536 1961 tempore
3579 1893 3748 1946 susti-

484 1989 744 2057 plnrimos
802 1991 940 2047 lilios
1011 1993 1274 2062 gehennae
1340 1993 1530 2056 facias,
1600 2002 1658 2046 ιιι
1711 1993 1895 2062 plures
1955 2003 2059 2048 tua:

481 2095 655 2150 poenae
688 2081 893 2138 efﬁcias
930 2085 1242 2154 participes.
1290 2085 1438 2140 Sicut
1469 2085 1614 2140 enim
1646 2086 1799 2139 canis
1827 2085 2049 2140 rabidus

483 2174 596 2227 vias
621 2188 682 2227 ac
719 2175 980 2229 transitus
1003 2177 1296 2244 percurrit,
1329 2186 1383 2230 ut
1443 2191 1629 2231 omnes
1667 2192 1805 2246 quos
1838 2189 1966 2232 ante
1998 2194 2057 2234 se

485 2267 772 2330 invenerit,
827 2267 967 2322 alios
1018 2268 1233 2336 quidem
1298 2268 1565 2322 morsibus
1628 2267 1894 2334 vulneret,
1925 2268 2060 2325 alios

483 2356 837 2410 nihilominus
875 2357 928 2408 in
981 2367 1255 2425 stuporem
1306 2357 1542 2411 deducat
1593 2358 1861 2413 terroris:
1907 2359 1978 2412 ita
2005 2368 2059 2412 et

485 2455 561 2509 tu,
591 2444 784 2513 inquit,
831 2447 1163 2514 nequissime
1204 2446 1427 2511 Satana,
1487 2455 1686 2500 terram
1748 2447 1968 2511 circuis,
2005 2457 2060 2501 et

480 2551 544 2589 ea
575 2551 695 2605 qua:
749 2535 851 2589 sub
899 2537 1038 2590 curlo
1073 2547 1202 2592 sunt
1249 2541 1500 2594 universa
1536 2554 1813 2608 peragras,
1864 2555 1966 2592 non
2000 2550 2060 2594 ut

479 2627 711 2694 aliquem
737 2644 1050 2696 componas,
1082 2628 1177 2682 sed
1203 2637 1260 2681 ut
1281 2638 1506 2684 cunctos
1535 2631 1888 2695 extermines,
1925 2645 2058 2698 quo-

485 2715 729 2770 rumdam
770 2718 1006 2770 animam
1068 2734 1166 2788 per
1197 2729 1418 2788 peccata
1460 2719 1773 2779 vulnerans,
1827 2720 2056 2773 aliorum

483 2810 839 2864 nihilominus
869 2820 1077 2863 mentes
1105 2809 1410 2864 obtundens
1450 2821 1614 2880 atque
1666 2809 1962 2864 inlatuans.
1991 2807 2059 2862 Et

481 2916 580 2954 cur
624 2904 872 2970 superius
934 2917 1066 2955 sane
1117 2902 1261 2955 illum
1309 2901 1584 2956 diabolum
1627 2900 1888 2970 appellat,
1918 2916 2059 2957 nunc

483 3007 611 3046 vero
635 2991 930 3046 Satanam?
977 2992 1238 3048 Diabolus
1276 2993 1418 3047 enim
1457 3001 1738 3045 accusator
1785 2993 2049 3061 interpre-

484 3091 645 3147 tatur,
666 3081 899 3138 Satanas
937 3099 1066 3138 vero
1115 3084 1363 3138 resistens
1410 3083 1497 3138 vel
1526 3084 1756 3151 rebellis,
1779 3093 1872 3137 aut
1893 3089 2057 3139 etiam

2159 1993 2332 2049 neret,
2393 1985 2595 2040 diutius
2648 1993 2826 2039 morte
2854 1983 3080 2040 allectus
3129 1991 3235 2048 est,
3277 1992 3332 2036 et
3381 1981 3749 2050 multipliciter

2158 2075 2436 2131 doloribus
2473 2063 2740 2131 multatus
2769 2085 2933 2145 atque
2984 2075 3238 2129 aiilictus.
3268 2073 3326 2128 In
3357 2089 3466 2142 quo
3498 2087 3744 2144 apparet,

2159 2166 2352 2235 inquit,
2404 2169 2548 2237 quod
2604 2183 2711 2222 non
2773 2177 2858 2223 est
2887 2167 2963 2221 illi
3014 2167 3211 2222 similis
3255 2167 3416 2221 homo
3446 2183 3608 2234 super
3635 2177 3747 2222 ter-

2160 2273 2295 2311 ram.
2319 2259 2595 2312 Abraham
2626 2274 2730 2312 non
2758 2268 2864 2322 est,
2923 2258 3287 2313 Melchisedec
3319 2258 3620 2313 translatus
3640 2269 3744 2322 est,

2157 2346 2270 2404 Noe
2299 2350 2588 2418 requievit,
2620 2350 2805 2404 Euoch
2834 2349 3085 2405 elevatus
3117 2366 3218 2413 esu,
3255 2351 3390 2404 Abel
3432 2361 3747 2422 assumptus

2158 2449 2262 2494 est.
2296 2439 2505 2494 Meritis
2575 2456 2678 2496 non
2708 2450 2792 2496 est
2839 2441 2915 2494 illi
2981 2441 3174 2496 similis
3203 2442 3345 2497 alius
3379 2443 3542 2497 homo
3583 2458 3750 2512 super

2162 2541 2392 2586 terram.
2459 2531 2538 2586 Ex
2591 2532 2674 2586 his
2707 2532 2800 2602 qui
2859 2533 3018 2588 modo
3050 2533 3262 2599 vivunt,
3315 2549 3419 2587 non
3445 2544 3529 2588 est
3565 2535 3642 2589 illi
3672 2536 3746 2589 si-

2161 2623 2302 2676 milis
2332 2639 2497 2693 super
2523 2635 2751 2677 terram.
2779 2623 3000 2678 Intende
3024 2624 3153 2692 quia
3191 2639 3298 2680 non
3330 2625 3485 2690 dicit,
3518 2641 3626 2680 non
3662 2640 3749 2680 est

2159 2715 2234 2769 illi
2289 2715 2483 2771 similis
2533 2729 2695 2784 super
2747 2724 2946 2770 terram
3009 2729 3076 2769 ex
3133 2715 3199 2769 iis
3225 2716 3318 2784 qui
3376 2714 3614 2781 fuerunt,
3661 2719 3746 2771 vel

2159 2817 2342 2871 erunt,
2383 2822 2506 2860 nam
2545 2818 2664 2876 post
2695 2807 2800 2862 hoc
2825 2807 2925 2861 fuit
2946 2806 3208 2875 Joannes,
3243 2823 3354 2876 quo
3393 2807 3568 2876 major
3604 2809 3747 2865 inter

2162 2909 2319 2953 natos
2377 2899 2667 2953 muliermn
2711 2915 2818 2954 non
2873 2897 2996 2953 luit.
3045 2898 3238 2952 Merito
3281 2899 3350 2954 de
3392 2900 3459 2954 iis
3487 2901 3581 2969 qui
3621 2910 3748 2955 tunc

2160 2991 2393 3056 inerunt,
2421 2992 2554 3044 dicit
2583 3009 2595 3044 :
2632 2989 2756 3044 Non
2781 3000 2856 3045 est
2889 2991 3080 3044 similis
3134 2992 3216 3043 illi
3245 2991 3387 3046 alius
3426 3008 3491 3046 ex
3521 2994 3603 3046 his
3654 2995 3745 3064 qui

2157 3090 2281 3136 sunt
2311 3098 2466 3150 super
2499 3092 2694 3135 terram
2724 3082 2794 3136 "'.
2821 3083 2902 3137 Ac
2937 3084 2982 3137 si
3018 3086 3262 3138 diceret:
3293 3083 3373 3138 Ex
3395 3085 3481 3140 his
3510 3086 3748 3154 quisunt

483 3183 790 3228 contumax.
846 3174 986 3244 Ergo
1019 3175 1142 3245 quia
1182 3177 1430 3245 superius
1460 3176 1676 3232 occulte
1715 3177 1931 3246 quidem
1963 3192 2055 3230 ac-
2084 3215 2127 3274 α
2161 3187 2330 3244 super
2379 3183 2579 3228 terram
2633 3172 2976 3244 temporibus
3022 3174 3162 3241 ejus,
3197 3175 3248 3228 in
3305 3176 3498 3232 diebus
3526 3176 3663 3244 ejus,
3690 3179 3747 3233 in

482 3267 693 3318 cusavit
720 3263 822 3319 Job
881 3268 951 3320 ad
1001 3267 1184 3329 Deum,
1242 3267 1448 3322 idcirco
1483 3269 1735 3337 superius
1786 3267 2054 3322 diabolum

485 3355 631 3409 illum
655 3353 907 3426 appellat,
933 3365 1116 3426 utpote
1139 3369 1512 3413 accusatorem
1537 3378 1549 3412 :
1572 3375 1714 3414 nunc
1729 3374 1856 3414 vero
1875 3375 2060 3416 rursus

481 3448 571 3516 qui
603 3449 668 3501 ad
695 3449 996 3502 evidentem
1035 3450 1438 3504 contumaciam
1479 3451 1624 3506 circa
1656 3449 1757 3505 Job
1791 3451 2058 3521 pervenit,

482 3541 673 3594 merito
704 3538 966 3594 Satanam
1005 3542 1152 3594 illum
1206 3540 1361 3606 dicit,
1398 3551 1585 3611 utpote
1644 3543 1919 3598 rebellem.
1953 3541 2056 3596 Re-

479 3632 692 3702 spexiin
745 3633 814 3684 ad
842 3649 1061 3702 puerum
1104 3649 1276 3686 meum
1305 3632 1444 3702 Job,
1496 3649 1529 3690 0
1563 3634 1748 3690 infelix
1797 3636 2049 3692 diabole?

480 3725 613 3778 Cum
663 3723 846 3782 dolore
904 3727 1122 3790 audisti,
1186 3728 1328 3794 quod
1361 3743 1585 3796 puerum
1649 3744 1805 3782 suum
1859 3745 2061 3784 nuncu-

480 3817 627 3885 pavit
661 3817 800 3871 Deus
850 3814 972 3871 Job.
1005 3816 1170 3870 Dolor
1218 3818 1310 3872 tibi
1344 3819 1445 3870 fuit
1491 3819 1602 3874 haec
1635 3834 1751 3874 vox.
1797 3823 2060 3874 amaritu-

479 3909 643 3975 dinis,
695 3909 810 3962 hate
859 3908 1067 3964 auditio
1114 3909 1295 3977 gravis
1323 3909 1420 3962 tibi
1458 3908 1579 3973 l'uit,
1611 3909 1700 3964 hic
1746 3911 1952 3966 dictum
1979 3927 2057 3966 va:

481 3999 576 4054 tibi
602 3999 703 4054 fuit
724 4015 821 4070 pro
850 4001 953 4055 hoc
983 4001 1296 4056 testimonio
1317 4001 1460 4071 quod
1486 4011 1777 4058 attestatus
1807 4012 1892 4058 est
1916 4002 2059 4059 Deus

477 4091 598 4154 Job,
637 4093 864 4147 dicens:
903 4091 1200 4161 Respexisti
1250 4094 1316 4145 ad
1362 4109 1583 4164 puerum
1616 4109 1788 4147 meum
1813 4093 1959 4150 Job?
1993 4096 2056 4150 Et

478 4194 628 4249 ante,
673 4185 871 4254 inquit,
929 4201 1063 4255 puer
1115 4200 1268 4241 meus
1301 4185 1399 4240 fuit
1458 4197 1514 4241 et
1562 4201 1706 4240 nunc
1741 4201 1874 4255 puer
1904 4203 2057 4242 meus

478 4290 781 4348 permanet,
806 4289 861 4334 et
895 4288 998 4332 tute
1055 4279 1310 4348 nequitia:
1339 4281 1622 4334 accusatio
1669 4279 1805 4332 nihil
1835 4278 1884 4333 ei
1918 4294 2056 4347 prae-

477 4371 699 4426 valebit.
732 4371 1024 4436 Respexisti
1046 4371 1115 4424 ad
1145 4387 1365 4439 puerum
1396 4386 1570 4424 meum
1607 4369 1757 4424 Job?
1788 4372 2056 4441 Superius

477 4465 658 4521 dixit:
711 4464 1147 4519 Animadvertisti
1209 4481 1430 4532 puerum
1492 4481 1665 4519 meum
1714 4462 1856 4518 Job?
1913 4479 2057 4520 nunc

2165 3265 2273 3319 vita
2301 3264 2474 3331 illius,
2508 3280 2614 3319 non
2641 3273 2723 3320 est
2769 3264 2908 3320 alius
2944 3266 3140 3321 similis
3194 3266 3276 3321 illi
3308 3268 3360 3321 in
3406 3269 3643 3337 justitia,
3691 3270 3748 3325 in

2163 3357 2289 3423 ﬁde,
2331 3357 2387 3412 in
2411 3358 2631 3427 pietate,
2656 3358 2710 3411 in
2740 3358 3052 3423 tolerantia,
3080 3359 3130 3412 in
3163 3363 3502 3428 constantia,
3536 3363 3591 3417 in
3621 3379 3749 3434 gra-

2168 3449 2365 3504 tiarum
2395 3449 2722 3516 actionibus,
2763 3451 2814 3504 in
2847 3452 3230 3506 misericordia
3279 3463 3446 3522 atque
3479 3439 3750 3526 inomni-

2161 3541 2263 3597 bus
2318 3542 2630 3608 virtutibus,
2689 3558 2796 3598 non
2829 3552 2912 3598 est
2971 3543 3107 3600 alius
3142 3544 3304 3599 homo
3361 3545 3556 3601 similis
3586 3546 3659 3600 illi
3691 3548 3748 3602 in

2162 3643 2344 3688 terris.
2363 3633 2497 3700 Quis
2534 3632 2676 3690 alius
2709 3646 2836 3689 ante
2861 3650 3010 3699 eum,
3039 3635 3121 3689 vel
3156 3646 3281 3704 post
3303 3651 3428 3690 eum
3461 3637 3590 3691 talia
3620 3653 3748 3692 sus-

2164 3726 2345 3793 tinuit,
2403 3735 2460 3781 et
2512 3727 2788 3781 sustinens
2853 3729 3155 3798 gratiarum
3211 3729 3464 3782 actiones
3531 3742 3750 3783 recom-

2162 3818 2412 3886 pensavit
2475 3833 2574 3887 pro
2641 3819 3152 3874 vehementioribus
3232 3819 3510 3874 doloribus
3583 3829 3750 3891 atque

2161 3909 2521 3963 amarissimis
2575 3910 2794 3979 pinnis?
2861 3909 2994 3977 Quis
3049 3911 3262 3964 exstitit
3299 3911 3603 3966 tolerantiae
3643 3910 3752 3968 Job

2161 3999 2380 4054 forma?
2427 3998 2642 4056 Nullus.
2697 4001 2974 4056 Abraham
3023 4003 3169 4056 enim
3238 4002 3406 4058 lilium
3464 4005 3749 4060 immolare

2159 4103 2461 4161 prmceptus
2489 4102 2593 4158 est,
2619 4095 2714 4148 sed
2746 4095 3000 4162 protinus
3035 4095 3327 4152 identidem
3381 4077 3564 4150 vivum
3592 4097 3744 4153 illum

2158 4185 2438 4254 suscepit,
2519 4199 2678 4254 quem
2734 4196 3072 4241 mactaturus
3151 4196 3312 4256 atque
3361 4189 3746 4244 immolaturus

2159 4276 2362 4331 fuerat.
2422 4273 2524 4331 Job
2567 4291 2697 4331 vero
2721 4293 2826 4331 non
2880 4279 2978 4343 ita,
3008 4279 3101 4334 sed
3161 4289 3398 4348 repente,
3428 4282 3632 4346 subito,
3661 4284 3745 4337 iit-

2157 4379 2373 4437 sperate
2421 4379 2625 4439 septem
2677 4369 2818 4424 tilios
2885 4381 2939 4424 et
2991 4379 3103 4424 tres
3153 4371 3292 4426 tilias
3344 4373 3504 4426 simul
3543 4374 3748 4442 pariter

2158 4470 2427 4528 mortuos,
2453 4471 2508 4516 et
2543 4475 2821 4532 nunquam
2854 4464 3250 4518 revtviscentes
3267 4465 3474 4518 audivit
3497 4475 3552 4518 et
3575 4465 3745 4519 vidit:

475 4571 622 4621 vero,
682 4555 980 4625 Respexisti
1033 4559 1102 4610 ad
1129 4573 1351 4626 puerum
1385 4571 1556 4609 meum
1619 4555 1714 4610 Job
1740 4556 1766 4608 ?
1792 4555 1869 4611 Ac
1904 4556 1951 4610 si
1974 4556 2057 4610 di-
2087 4560 2134 4618 D
2160 4553 2254 4608 sed
2287 4551 2422 4607 ﬁdes
2469 4567 2533 4607 ex
2589 4567 2654 4608 eo
2683 4563 2898 4609 mortua
2965 4571 3067 4610 non
3101 4565 3206 4620 est,
3242 4571 3419 4625 neque
3460 4559 3746 4626 patientia,

473 4660 658 4704 ceret:
691 4650 900 4717 vidisti,
959 4649 1227 4720 probasti,
1290 4660 1472 4704 certus
1526 4663 1606 4713 es,
1636 4649 1762 4718 quia
1807 4656 1860 4701 et
1889 4656 2050 4702 antea

472 4757 669 4802 servus
717 4758 872 4798 meus
934 4743 1120 4810 fuerit,
1181 4754 1237 4798 et
1295 4757 1438 4797 nunc
1490 4756 1681 4796 servus
1736 4756 1886 4796 meus
1923 4757 2050 4811 per-

474 4844 681 4900 manet,
704 4843 759 4888 et
791 4850 819 4887 a
861 4849 1001 4900 mea,
1037 4835 1249 4906 inquit,
1277 4836 1536 4890 servitute
1570 4849 1852 4904 nunquam
1890 4835 2047 4904 fugit,

475 4941 577 4979 nec
606 4922 796 4994 fugiet.
829 4925 898 4978 Et
927 4926 1065 4995 ipse,
1090 4926 1288 4994 inquit,
1317 4927 1474 4980 testis
1502 4940 1645 4988 sum,
1670 4925 1916 4992 etangeli
1943 4925 2046 4977 mei

472 5015 773 5081 auditores,
798 5017 890 5085 qui
924 5017 976 5069 in
1001 5027 1300 5086 conspectu
1347 5032 1464 5070 meo
1503 5016 1800 5078 venientes,
1847 5025 1902 5070 et
1941 5013 2045 5070 Job

474 5109 822 5163 tolerantiam
876 5107 1136 5162 mirantes
1183 5107 1478 5162 dixerunt:
1525 5124 1778 5178 magnmn
1811 5107 2051 5160 miracu-

471 5201 586 5254 lum
637 5198 870 5255 vidimus
915 5198 1055 5254 inter
1123 5199 1383 5261 homines,
1441 5213 1476 5252 η
1519 5199 1773 5252 terribilis
1823 5197 2054 5253 Creator

471 5293 738 5356 omnium,
799 5291 967 5345 nimio
1018 5300 1238 5359 stupore
1267 5291 1513 5359 dignum,
1544 5305 1577 5344 ο
1626 5290 2052 5346 teterneltector

472 5385 877 5438 universorum.
919 5382 1069 5438 Unus
1128 5392 1376 5435 terrenus
1425 5382 1587 5436 homo
1638 5383 1704 5435 de
1757 5380 1884 5433 limo
1930 5381 2048 5448 pla-

471 5484 680 5529 srnatus
700 5477 898 5529 nostris
922 5473 1320 5527 immortalibus
1343 5472 1655 5541 angelorum
1678 5473 1858 5526 choris
1882 5471 2050 5524 multo

470 5567 720 5632 inferior,
773 5566 926 5621 illum
957 5566 1051 5635 qui
1098 5580 1164 5620 ex
1223 5561 1619 5619 immortalibus
1651 5563 1930 5618 cherubim
1967 5564 2052 5619 ol-

473 5662 613 5717 ticiis
672 5662 884 5720 cecidit.
913 5670 1083 5730 atque
1135 5659 1410 5731 projectus
1443 5665 1525 5712 est
1584 5657 1878 5725 diabolum,
1931 5659 2044 5714 sola

2160 4660 2336 4715 neque
2375 4647 2676 4716 gratiarum
2707 4649 2874 4714 actio,
2921 4664 3100 4718 neque
3160 4650 3376 4706 dilectio
3424 4666 3585 4720 quam
3617 4667 3745 4722 erga

2156 4736 2325 4794 Deum
2355 4738 2566 4795 habuit.
2588 4741 2694 4795 Sed
2722 4742 3189 4811 quemadmodum
3215 4757 3408 4796 aurum
3437 4759 3534 4810 per
3564 4745 3744 4812 ignem

2158 4831 2431 4886 transiens
2458 4832 2794 4902 splendidius
2821 4845 2985 4904 atque
3016 4835 3306 4905 gloriosius
3358 4834 3619 4898 eﬂicitur,
3668 4837 3743 4889 ita

2153 4933 2210 4976 et
2231 4921 2332 4978 Job
2382 4925 2745 4979 tentationutn
2804 4927 2984 4998 ignem
3014 4929 3305 4994 transiens,
3353 4927 3558 4983 clarior
3580 4938 3744 4995 atque

2157 5017 2269 5072 Deo
2321 5019 2610 5086 pretiosior
2684 5029 2852 5088 atque
2903 5021 3294 5089 acceptabilior
3358 5021 3743 5089 comprobatus

2155 5119 2262 5164 est.
2301 5109 2502 5164 Merito
2552 5125 2685 5178 ergo
2716 5112 2848 5164 dicit
2885 5130 2898 5166 :
2940 5109 3065 5166 Non
3117 5121 3192 5166 est
3248 5112 3438 5165 similis
3475 5112 3555 5164 illi
3583 5127 3744 5180 super

2155 5208 2376 5254 terram.
2408 5199 2626 5272 Fulget,
2658 5202 2853 5271 inquit,
2885 5213 3139 5272 tanquam
3174 5203 3255 5259 sol
3291 5205 3523 5258 veritate
3551 5219 3615 5258 ac
3645 5218 3743 5273 pa-

2156 5292 2370 5359 tientia,
2429 5294 2640 5349 relucet
2670 5295 2772 5347 lide
2821 5303 2875 5348 et
2911 5293 3200 5348 tolerantia
3255 5295 3398 5349 velut
3424 5295 3547 5351 coeli
3584 5295 3743 5348 lmni-

2155 5384 2330 5438 naria.
2359 5382 2440 5439 0b
2495 5384 2598 5439 hoc
2629 5399 2733 5438 non
2785 5395 2868 5438 est
2909 5383 3103 5438 similis
3134 5385 3216 5438 illi
3271 5387 3411 5442 alius
3441 5402 3603 5457 super
3629 5397 3740 5442 ter-

2160 5491 2296 5541 ratu,
2343 5478 2530 5532 lirtnus
2555 5487 2613 5529 ut
2668 5477 2826 5546 lapis,
2861 5487 2920 5530 ut
2971 5475 3383 5532 fundamentum
3423 5479 3736 5544 immobilis,

2162 5579 2412 5639 tanquam
2447 5571 2671 5624 adamas
2727 5570 3171 5624 iucomntinutus.
3234 5569 3356 5623 Non
3419 5580 3492 5623 est
3546 5557 3736 5623 similis

2156 5659 2238 5714 illi
2289 5677 2355 5716 ex
2404 5662 2480 5715 Itis
2510 5663 2600 5731 qui
2629 5673 2745 5717 sunt
2803 5662 2857 5718 in
2886 5663 3064 5717 terris.
3107 5661 3238 5718 Sine
3284 5661 3516 5732 querela,
3543 5670 3738 5730 utpote
