4174 6382
426 363 535 422 «255

1536 358 1922 420 ANONYMUS
1949 363 2016 418 IN
2052 361 2191 420 JOB.
2230 395 2298 405 —
2337 364 2466 419 LIB.
2513 356 2579 419 II.

3595 366 3695 423 ιεϐ

428 500 530 541 nec
554 484 621 539 ab
651 484 881 554 angelis,
914 497 1013 539 nec
1038 484 1107 538 ab
1133 482 1445 539 hominibus
1484 483 1538 538 in
1564 484 1674 540 nllo
1720 495 1805 539 est
1833 498 2015 553 repre-
2044 487 2087 544 Α
2119 483 2470 554 simplicitate
2498 501 2512 537 :
2537 497 2702 555 super
2725 484 2840 539 haec
2897 482 3153 537 universa
3193 498 3315 553 quae
3346 485 3622 556 ingessisti
3648 489 3696 541 ei

432 578 658 633 bensus.
693 576 905 644 Justus,
940 587 1125 646 utpote
1150 578 1299 647 justo
1330 576 1645 643 Dcijudicio
1671 579 1855 659 justus
1873 594 2010 632 com-

431 673 713 741 probatus.
748 669 929 733 Verus,
948 679 1135 739 utp0te
1160 685 1260 725 nec
1280 670 1330 723 in
1347 670 1533 733 verbo,
1555 670 1719 724 necin
1744 668 1905 733 facto,
1928 684 2015 722 ne-

431 781 537 833 que
552 765 603 819 in
622 780 839 834 magno,
856 778 1029 832 neque
1049 763 1103 817 in
1124 765 1351 820 minimo
1366 762 1585 819 falsitati
1602 764 2011 833 approximans,

433 873 607 927 neque
632 870 917 912 mendacio
965 872 1401 912 communicatis.
1438 856 1533 910 Dei
1584 856 1776 920 cultor,
1826 863 2013 922 utpote

435 964 541 1004 non
590 948 873 1003 oberranti
933 948 1101 1002 animi
1177 948 1518 1003 conscientia
1600 962 1770 1000 unum
1828 946 2014 1000 colens

432 1041 894 1109 Omnipoteutem,
947 1040 1188 1093 omnium
1242 1038 1579 1099 Creatorem,
1616 1034 1832 1092 Patrem
1881 1035 2011 1091 Jesu

431 1134 657 1188 Christi.
718 1130 995 1186 Abstineas
1023 1148 1072 1185 se
1102 1131 1162 1183 ab
1189 1131 1432 1183 omnibus
1480 1131 1724 1197 aperibus
1750 1128 1931 1191 malis,
1962 1138 2017 1182 ct

432 1236 621 1290 antea,
654 1234 709 1279 et
770 1238 934 1286 nunc,
990 1223 1059 1278 ab
1088 1222 1244 1276 initio
1295 1232 1349 1277 et
1387 1237 1558 1290 usque
1600 1222 1651 1274 iu
1682 1220 1865 1275 ﬁnem.
1895 1218 2013 1273 Non

430 1318 601 1379 enim,
662 1332 760 1372 nec
807 1325 965 1370 antea
1012 1314 1330 1369 facultatum
1398 1312 1771 1377 abundantia,
1836 1325 2014 1381 neque

432 1425 576 1463 nunc
612 1410 875 1463 bonorqu
901 1406 1135 1477 perditio
1169 1406 1235 1461 ad
1263 1404 1401 1460 mala
1426 1419 1547 1458 eum
1568 1404 2009 1460 declinaverunt.

434 1500 612 1572 Super
647 1502 761 1556 lucc
808 1500 990 1553 omnia
1014 1499 1231 1568 quidem
1290 1513 1505 1553 summo
1551 1497 1813 1567 singulari
1852 1507 2015 1563 atque

432 1588 669 1644 mirabili
726 1589 885 1642 modo
942 1602 1274 1656 perseverans
1342 1586 1399 1638 in
1459 1585 1814 1651 simplicitate.
1878 1582 2015 1637 Cum

434 1690 605 1744 tanta,
636 1681 831 1747 inquit,
865 1693 896 1733 a
926 1687 975 1729 te
1000 1676 1344 1739 sustinuerit,
1368 1691 1494 1729 cum
1516 1684 1667 1728 tanta
1693 1690 1720 1727 a
1747 1683 1799 1728 te
1826 1688 2017 1743 passus

433 1771 616 1833 fuerit,
656 1778 802 1825 tanta
854 1783 921 1821 ex
956 1777 1044 1820 tua
1101 1766 1307 1819 malitia
1354 1763 1776 1835 supportavcrit,
1828 1762 2013 1815 Ad‘ltuc

2118 579 2433 638 perseverat
2458 572 2510 625 in
2536 570 2914 640 simplicitate.
2942 570 3004 626 Et
3030 573 3176 641 quis,
3213 573 3410 643 inquit,
3444 585 3565 645 post
3595 576 3697 630 hoc

2115 676 2181 716 ex
2212 662 2294 716 his
2349 662 2444 729 qui
2502 662 2799 724 audierint,
2857 662 2936 718 vel
2969 665 3312 732 agnoverint,
3367 682 3471 720 non
3497 682 3584 722 me
3616 684 3699 722 re-

2118 753 2440 823 prehendat,
2470 754 2560 824 qui
2602 764 2809 810 tantum
2852 757 3072 826 permisi
3115 766 3218 813 tua;
3263 759 3573 815 crudelitati
3604 764 3701 817 ad-

2116 862 2306 901 versus
2354 845 2563 915 justum
2618 846 2765 902 illum
2826 848 3135 918 insurgere,
3176 858 3232 903 et
3280 850 3351 905 ita
3406 853 3697 907 immiseri-

2118 939 2355 993 corditer
2410 940 2752 994 innocentem
2808 941 3047 993 vexare?
3098 941 3227 996 Post
3288 958 3409 1011 qua:
3444 944 3699 999 universa

2120 1043 2428 1101 perseverat
2454 1033 2507 1086 in
2537 1032 2905 1100 simplicitate.
2933 1033 3093 1097 Ecce,
3141 1035 3339 1105 inquit,
3400 1049 3555 1093 antea
3579 1038 3699 1094 lau-‘

2118 1123 2240 1177 davi
2276 1123 2571 1180 testiﬁcans
2624 1124 2720 1179 tibi
2789 1125 2913 1194 quis
2962 1124 3127 1179 fuerit
3170 1127 3305 1194 Job,
3376 1144 3503 1185 ecce
3556 1146 3702 1187 nunc

2118 1216 2314 1284 adjicio
2369 1231 2532 1286 super
2577 1218 2789 1272 laudem
2826 1220 2964 1289 ejus,
3014 1221 3247 1275 dicens:
3291 1217 3595 1276 Perseverat
3644 1226 3699 1279 in

2118 1308 2468 1376 simplicitate.
2514 1308 2860 1378 Perseverat,
2888 1313 2983 1378 ait,
3016 1314 3068 1367 id
3090 1322 3196 1380 est,
3226 1326 3524 1383 exspectat.
3560 1319 3699 1385 Quid

2118 1414 2248 1467 ergo
2297 1400 2614 1467 exspectat?
2677 1399 3001 1457 Tolerantiie
3051 1409 3564 1471 remunerationem,
3606 1424 3702 1463 ex-

2119 1500 2326 1557 spectat
2354 1506 2586 1547 coronas
2625 1493 2968 1550 innocentite.
3018 1498 3119 1551 Aut
3182 1498 3359 1553 adhuc
3394 1510 3697 1569 exspectat,

2122 1583 2312 1652 inquit.
2349 1582 2512 1651 Quid,
2547 1586 3085 1656 inquit,exspectat?
3136 1588 3230 1655 'l‘e,
3264 1591 3361 1655 ait,
3395 1604 3689 1662 exspectat,

2119 1674 2410 1740 odiabole,
2480 1684 2735 1747 tanquam
2793 1679 2967 1733 audax
3022 1680 3392 1751 belligerator,
3443 1693 3697 1756 tanquar:

2124 1764 2606 1822 constantissimus
2633 1768 2933 1837 praeliator,
2966 1778 3223 1839 tanquam
3250 1774 3587 1830 admirabilis
3616 1778 3699 1830 vir

430 1870 721 1932 perseverat
753 1862 807 1914 in
834 1859 1194 1928 simplicitate.
1247 1856 1452 1912 Omnes
1494 1856 1587 1925 qui
1646 1856 1697 1909 in
1739 1854 2014 1909 doloribus
2046 1836 2087 1890 Β
2119 1855 2296 1913 fortis.
2326 1858 2416 1912 Sic
2445 1836 2641 1927 itaque
2664 1860 2761 1920 ait.
2802 1836 3107 1929 exspectat,
3163 1877 3269 1917 non
3306 1864 3516 1918 dubitat
3551 1883 3565 1919 ε
3594 1882 3700 1921 non

430 1967 484 2011 et
524 1956 578 2010 in
610 1954 896 2011 tormentis
947 1961 1112 2021 atque
1144 1951 1197 2005 in
1248 1949 1594 2020 passionihus
1631 1946 1853 2010 fuerint,
1883 1946 2015 2016 ipsis

432 2044 711 2100 doloribus
731 2041 1084 2097 examaricati
1122 2049 1289 2109 atque
1315 2039 1657 2109 exaggerati,
1687 2038 2013 2101 amariores,

431 2147 487 2190 et
521 2136 779 2191 noxiores
800 2144 965 2201 atque
997 2131 1208 2201 pejores
1247 2129 1581 2186 efﬁciuntur.
1637 2127 1744 2184 Sed
1786 2144 1893 2183 non
1941 2129 2014 2183 ita

431 2240 537 2292 est.
572 2228 779 2296 inquit,
835 2225 1317 2281 constantissimus
1372 2221 1500 2287 Job,
1538 2220 1633 2277 sed
1688 2222 1762 2277 ita
1791 2225 1899 2278 no'n
1931 2234 2016 2277 est

431 2320 771 2377 admirabilis
828 2318 918 2376 ille
950 2320 1057 2384 vir,
1102 2318 1196 2373 sed
1232 2318 1411 2374 adhuc
1459 2324 1780 2389 perseverat
1806 2316 1860 2370 in
1883 2316 2016 2370 sim.

431 2415 695 2486 plicitate.
724 2414 799 2471 Ac
824 2413 867 2468 si
902 2413 1130 2477 diceret,
1174 2411 1351 2467 adhuc
1408 2411 1755 2466 innocentior
1796 2410 1849 2464 in
1884 2409 2017 2479 ipsis

432 2508 707 2564 doloribus
764 2514 1076 2574 perseverat
1113 2543 1128 2568 ,
1172 2502 1349 2557 adhuc
1405 2501 1796 2571 longanimlor,
1836 2502 2017 2557 adhuc

432 2600 752 2663 modestior,
783 2596 964 2652 adlmc
1013 2594 1325 2664 benignior,
1360 2593 1536 2647 adhuc
1571 2592 1799 2663 justior,
1838 2593 2016 2648 adhuc

431 2692 699 2748 sincerior
722 2691 869 2746 circa
893 2690 1083 2744 Deum.
1110 2686 1383 2754 Quantum
1411 2688 1585 2750 enim,
1632 2685 1830 2753 inquit,
1870 2694 1950 2751 tu,
1982 2700 2016 2739 o

431 2782 682 2847 diabole,
714 2779 1076 2850 augmentasti
1122 2778 1171 2833 ei
1204 2779 1367 2845 mala,
1424 2787 1634 2832 tantum
1689 2776 1793 2833 Job
1818 2778 2018 2847 adjecit

431 2877 497 2931 ad
534 2876 901 2931 innocentiam
940 2896 951 2928 :
982 2874 1168 2928 Adhuc
1192 2889 1530 2943 perseverans
1554 2874 1612 2926 in
1635 2873 2013 2940 simplicitate.

433 2969 641 3030 Adhuc,
693 2967 890 3037 inquit,
944 2981 1009 3022 ac
1057 2966 1101 3020 si
1152 2967 1354 3021 diceret
1394 2983 1409 3021 :
1452 2964 1629 3035 Super
1661 2965 1846 3021 omnia
1898 2978 2018 3035 quae

432 3059 481 3113 ei
536 3056 731 3122 fecisti,
797 3071 961 3127 super
996 3057 1181 3111 omnia
1240 3071 1363 3124 quae
1417 3056 1467 3110 ei
1512 3055 1828 3120 ostendisti,
1855 3068 2019 3121 super

432 3150 614 3205 omnia
671 3147 875 3217 quibus
905 3162 1031 3202 eum
1077 3145 1340 3212 amixistt,
1375 3162 1539 3244 super
1585 3148 1770 3244 omnia
1801 3146 1915 3201 haec
1938 3148 2018 3199 vi-
2045 3186 2087 3244 ο

433 3237 631 3293 delicet
652 3238 832 3292 adhuc
860 3238 1247 3306 perseveratin
1289 3237 1658 3305 simplicitate.
1700 3237 1759 3292 ln
1810 3251 2015 3305 praece-

433 3328 689 3383 dentibus
711 3327 968 3383 laudatur
997 3325 1099 3381 Job
1130 3341 1161 3383 a
1191 3325 1322 3388 Deo.
1347 3327 1727 3395 utpotejustus
1753 3342 1818 3382 ac
1852 3341 2017 3382 verax

435 3417 528 3473 Dei
559 3418 733 3473 cultor
756 3437 771 3475 :
793 3433 937 3473 nunc
965 3433 1105 3473 vero
1138 3417 1335 3484 adjecit
1393 3417 1499 3471 illis
1528 3418 1667 3471 Deus
1700 3433 1863 3486 super
1885 3418 2024 3472 hanc

437 3489 672 3575 laudem,
708 3509 943 3565 dicens:
990 3506 1342 3563 Perseaerans
1396 3508 1453 3561 in
1512 3508 1855 3576 simplicitate
1898 3525 2021 3562 sua.

434 3601 579 3657 Bene
635 3614 701 3658 ac
735 3601 916 3672 digne.
970 3600 1170 3671 Figura
1224 3601 1369 3655 enim
1440 3599 1539 3655 fuit
1584 3615 1773 3655 eorum
1830 3600 1922 3669 qui
1970 3602 2023 3655 in

437 3708 573 3749 nova
602 3693 774 3763 gratia
825 3692 1008 3750 omnia
1039 3694 1092 3748 in
1116 3691 1469 3761 simplicitate
1504 3693 1837 3747 transierunt
1862 3702 2026 3760 atque

436 3786 830 3847 sustinuerunt,
863 3783 991 3837 nulli
1038 3783 1236 3837 tnalum
1292 3799 1391 3853 pro
1419 3784 1561 3838 malo
1588 3782 1900 3847 reddentes,
1931 3784 2026 3839 sed

435 3885 766 3945 prmeeptnm
796 3876 1009 3929 Domini
1055 3875 1435 3943 adimplentes,
1490 3876 1721 3930 dicentis
1754 3893 1767 3929 :
1804 3874 2027 3945 Diligite

436 3962 674 4015 inimicos
707 3976 895 4018 vestros
918 3964 985 4028 ⁷³,
1003 3972 1086 4017 et:
1114 3962 1411 4018 Benedicite
1439 3966 1512 4018 eis
1536 3965 1627 4035 qui
1657 3964 2027 4019 maledixerint

440 4056 580 4107 vobis
609 4056 676 4117 τι,
713 4065 767 4108 et
796 4073 808 4107 :
849 4053 1057 4108 Valenti
1101 4055 1312 4123 auferre
1359 4055 1583 4124 pallium
1617 4066 1788 4121 tuum,
1820 4058 2029 4111 dimitte

438 4150 486 4203 ei
511 4160 559 4203 et
593 4152 827 4204 tunicam
858 4151 925 4202 ⁷⁸.
954 4149 1158 4205 Horum
1182 4166 1415 4219 namque
1457 4153 1699 4206 omnium
1727 4161 1907 4223 typum
1935 4165 2031 4222 ge-

441 4258 567 4296 rens
595 4244 783 4297 beatus
810 4241 935 4309 Job,
968 4259 1091 4298 cum
1130 4243 1235 4299 hoc
1261 4245 1408 4313 quod
1446 4243 1499 4297 in
1530 4244 1889 4314 simplicitate
1908 4260 2031 4314 per-

441 4336 710 4389 severavit
735 4344 897 4403 atque
917 4346 1112 4391 cuncta
1134 4337 1413 4396 sustinuit.
1441 4352 1561 4390 cum
1588 4337 1691 4391 hoc
1719 4336 1835 4404 ipso
1858 4336 2027 4390 etiam

440 4427 707 4482 auferenti
753 4428 976 4496 pallium
1031 4443 1209 4495 suum,
1240 4430 1343 4485 hoc
1396 4438 1481 4483 est
1510 4444 1731 4483 omnem
1776 4430 2032 4484 substan-

441 4520 572 4574 tiam
604 4534 757 4574 suam
801 4519 1043 4582 diabolo.
1092 4530 1147 4575 et
1202 4522 1440 4577 tunicam
1502 4522 1729 4586 dimisit,
1781 4521 2027 4576 conscin-
2061 4541 2107 4596 ι)

442 4614 576 4668 deus
640 4612 784 4666 illam
837 4622 999 4683 atque
1050 4615 1342 4684 projiciens
1398 4614 1516 4681 illi,
1550 4623 1606 4669 et
1634 4612 2028 4680 dicenszQua:

442 4704 727 4775 postulasti
756 4719 787 4758 a
847 4703 977 4772 Deo,
999 4707 1291 4775 accepisti;
1344 4706 1474 4763 tolle
1510 4716 1566 4761 et
1596 4706 1713 4761 haec
1745 4721 1866 4775 qua:
1917 4721 2027 4760 non

443 4795 710 4863 quzesisti,
777 4797 1015 4851 tunicam
1068 4805 1231 4865 atque
1257 4798 1475 4867 pallium
1538 4812 1737 4851 meum.
1777 4794 2027 4851 Perseue-

446 4900 569 4937 rans
616 4886 787 4939 adhuc
834 4886 892 4939 in
940 4886 1296 4955 simplicitate.
1342 4887 1477 4941 Nam
1513 4898 1778 4956 quantum
1809 4888 1877 4941 ad
1909 4897 2030 4941 tuos

446 4990 763 5041 sermones,
820 4991 855 5032 o
911 4976 1145 5043 diabole,
1195 4978 1492 5033 adversarii
1558 4978 1610 5032 in
1668 4994 1793 5033 eum
1853 4978 2032 5034 insur-

446 5079 731 5135 texerunt,
796 5069 1000 5126 inimici
1069 5087 1190 5127 eum
1250 5072 1545 5141 deprtedati
1598 5074 1899 5130 sunt:sed
1929 5090 2033 5129 nec

452 5159 568 5214 istis
592 5160 646 5213 in
676 5161 856 5231 aliquo
886 5163 1192 5232 replicavit,
1228 5164 1322 5219 sed
1351 5165 1495 5219 circa
1520 5166 1655 5220 istos
1676 5181 1868 5220 omnes
1898 5168 2032 5222 sim-

452 5251 752 5318 plicitatem
802 5254 1059 5309 ostendit.
1121 5253 1311 5309 Merito
1360 5255 1513 5321 dicit,
1567 5252 1918 5309 Perseverans
1974 5256 2027 5309 in

452 5343 812 5412 simplicitate,
867 5354 1051 5417 typum
1106 5357 1269 5418 atque
1314 5347 1542 5419 ﬁguram
1584 5362 1779 5419 gerens
1810 5347 2031 5403 Domini

454 5435 683 5490 dicentis
710 5451 807 5505 per
847 5438 1163 5507 prophetam
1214 5444 1279 5495 de
1333 5439 1670 5508 semetipso:
1705 5438 1817 5509 Ego
1855 5449 2035 5495 autem

456 5538 705 5595 tanquam
733 5545 899 5598 agnus
932 5530 1302 5586 immaculatus
1364 5533 1553 5585 ductus
1586 5547 1703 5584 sum
1729 5530 1798 5585 ad
1858 5530 1997 5584 sacri
2010 5558 2037 5572 -

454 5617 743 5687 ﬁcium"'.
779 5619 869 5675 Sic
904 5620 1087 5691 itaque
1109 5622 1448 5678 admirabilis
1482 5622 1582 5677 Job
1630 5628 1946 5691 perseverat
1979 5621 2033 5676 in

528 5796 574 5829 τ’
620 5796 750 5854 Luc.
808 5814 880 5863 vt,
918 5798 1008 5852 Ἦ.
1084 5798 1130 5829 ⁷⁸
1163 5798 1292 5853 ibid.
1335 5797 1424 5851 ‘18.

2120 1957 2268 2019 terga
2301 1948 2469 2013 dedit,
2535 1950 2630 2004 sed
2662 1951 2843 2005 adlmc
2900 1961 3202 2020 exspectat.
3247 1952 3459 2018 Adhuc,
3504 1955 3700 2023 inquit,

2116 2050 2396 2109 exspectat
2423 2052 2485 2095 ut
2531 2050 2584 2097 te
2616 2053 2837 2111 superet
2876 2053 3048 2114 atque
3088 2045 3365 2109 devincat,
3418 2048 3703 2104 conculcet

2117 2144 2279 2203 atque
2318 2134 2590 2199 humiliet,
2624 2145 2680 2190 et
2702 2137 3017 2192 oumimode
3067 2137 3336 2206 dejectum
3370 2148 3532 2208 atque
3559 2154 3694 2195 con-

2118 2225 2292 2281 fusum
2335 2226 2693 2282 demonstret.
2749 2228 2883 2283 Cum
2949 2228 3112 2283 talem
3161 2244 3295 2298 ergo
3330 2232 3554 2286 noveris
3579 2246 3703 2287 esse

2114 2315 2240 2379 Job.
2277 2326 2333 2372 et
2368 2318 2440 2373 ita
2497 2327 2749 2388 prompte
2775 2330 2826 2373 te
2854 2331 3268 2390 exspectantem
3310 2324 3375 2375 ad
3400 2325 3699 2377 secundam

2116 2408 2580 2476 congressionem,
2619 2409 2663 2464 si
2716 2409 2906 2473 audes,
2962 2413 3307 2481 approxima,
3355 2414 3555 2483 incipe,
3608 2430 3703 2484 ap-

2118 2503 2431 2569 prehende,
2492 2511 2740 2572 paratum
2815 2504 3061 2560 invenies
3147 2515 3199 2559 te
3270 2516 3701 2575 exspectantem.

2115 2588 2328 2652 Adhuc,
2356 2590 2558 2660 inquit,
2585 2602 2866 2661 exspectat
2897 2594 2949 2646 in
2971 2594 3324 2663 simplicitate
3367 2614 3382 2653 :
3416 2605 3469 2649 tu
3519 2604 3703 2650 autem

2118 2690 2316 2735 terram
2371 2684 2589 2748 circuis,
2617 2696 2673 2738 et
2722 2700 2783 2738 ea
2808 2702 2928 2754 qua:
2954 2689 3055 2741 sub
3086 2687 3224 2743 ccelo
3268 2698 3397 2742 sunt
3423 2701 3702 2758 peragras,

2118 2783 2177 2825 ut
2199 2773 2340 2827 idola
2365 2773 2586 2836 fundas,
2616 2786 2679 2830 ut
2705 2778 3029 2832 adulteriqu
3075 2782 3374 2848 germines,
3416 2789 3476 2833 ut
3523 2781 3695 2834 homi-

2118 2862 2319 2917 cidium
2348 2864 2697 2934 multiplices,
2728 2879 2785 2923 ut
2826 2870 3144 2939 sanguinem
3166 2868 3436 2934 eﬁ'undas,
3468 2878 3527 2923 ut
3554 2879 3702 2926 artes

2120 2956 2378 3024 magicas,
2422 2968 2478 3013 et
2522 2962 2771 3030 auguria,
2823 2970 2877 3016 et
2934 2961 3298 3017 divinationes
3340 2971 3507 3031 atque
3536 2962 3706 3017 male-

2121 3046 2240 3102 licia
2299 3048 2649 3115 dissemines,
2713 3062 2772 3105 ut
2835 3052 3207 3108 inﬁdelitatem
3250 3054 3466 3118 doceas,
3514 3065 3573 3109 ut
3612 3054 3714 3109 Dei

2122 3138 2457 3209 blasphemia
2493 3152 2659 3212 atque
2681 3144 2940 3201 omnibus
2966 3146 3147 3209 malis,
3209 3160 3272 3199 ea
3302 3160 3421 3214 qua:
3450 3156 3579 3202 sunt
3604 3150 3705 3202 sub

2120 3228 2261 3281 caelo
2289 3230 2522 3299 repleas,
2545 3241 2603 3285 ut
2626 3241 2810 3289 castos
2845 3234 3127 3291 velcastas
3156 3236 3385 3305 polluas,
3418 3238 3609 3307 utpios
3637 3237 3704 3291 a‘d

2123 3318 2452 3387 impietatem
2476 3322 2738 3389 declines,
2778 3336 2837 3379 ut
2856 3324 3017 3395 justis
3036 3329 3309 3383 molestias
3338 3340 3498 3399 atque
3530 3328 3704 3383 tribu-

2125 3409 2355 3467 lationes
2407 3414 2659 3470 suscites.
2699 3415 2805 3471 Pro
2864 3418 2969 3483 his,
3022 3418 3217 3488 inquit,
3250 3421 3504 3475 omnibus
3552 3430 3629 3485 tu,
3672 3433 3708 3475 ο

2126 3502 2359 3568 diabole,
2416 3513 2616 3560 terram
2668 3508 2890 3575 circuis,
2927 3518 2982 3565 et
3009 3525 3073 3565 ea
3106 3525 3227 3577 quae
3264 3522 3392 3566 sunt
3430 3512 3530 3565 sub
3566 3510 3709 3566 calo

2125 3605 2404 3663 peragras.
2432 3592 2533 3649 Job
2569 3609 2698 3651 vero
2722 3612 2828 3653 non
2865 3598 2961 3664 ita,
3011 3600 3107 3654 sed
3138 3610 3419 3670 exspectat
3448 3599 3628 3657 adhuc
3652 3600 3709 3656 in

2127 3700 2235 3740 uno
2263 3685 2385 3743 loco
2436 3699 2692 3758 tanquam
2721 3691 2776 3745 in
2807 3697 3000 3748 eadem
3057 3696 3344 3763 patientia,
3370 3705 3426 3750 et
3453 3696 3707 3762 veritate,

2127 3776 2182 3830 in
2207 3779 2397 3833 eadem
2430 3777 2537 3835 ﬁde
2562 3790 2616 3835 et
2638 3781 2843 3851 pietate
2872 3792 3034 3853 atque
3055 3784 3149 3839 Dei
3182 3785 3393 3841 cultura
3427 3786 3711 3853 fundatus,

2127 3871 2398 3926 stabilitus
2448 3883 2612 3943 atque
2664 3876 3043 3943 conﬁrmatus,
3102 3887 3158 3932 et
3194 3895 3471 3949 nunquam
3526 3880 3595 3935 ab
3646 3893 3713 3935 ea

2129 3962 2455 4031 declinatus,
2490 3975 2587 4019 aut
2631 3967 3043 4036 praevaricatus.
3080 3966 3169 4022 Sic
3216 3969 3400 4037 itaque
3433 3978 3717 4040 exspectat

2130 4052 2444 4121 immobilis,
2501 4064 2667 4125 atque
2718 4058 2999 4115 innocens.
3055 4059 3250 4116 Adhuc
3311 4071 3599 4130 exspectat
3656 4063 3713 4118 in

2130 4146 2498 4214 simplicitate.
2530 4148 2817 4215 Columba,
2878 4152 3075 4221 inquit,
3130 4162 3215 4207 est
3260 4153 3513 4223 simplex,
3546 4155 3716 4209 ratio-

2132 4238 2351 4304 nabilis,
2403 4240 2691 4308 spiritalis,
2746 4242 3161 4312 incorruptione
3217 4246 3397 4316 digna,
3460 4256 3714 4315 accepta-

2132 4326 2275 4393 bilis,
2325 4330 2529 4399 angelis
2592 4331 2686 4387 Dei
2738 4332 3051 4388 familiaris.
3100 4334 3316 4392 Idcirco
3342 4346 3597 4407 tanquam
3620 4353 3716 4394 co-

2134 4418 2313 4475 lumba
2365 4422 2771 4492 simplicitatem
2803 4428 3061 4483 ostendit.
3120 4428 3251 4484 Nam
3286 4431 3432 4485 sicut
3459 4431 3717 4486 columba

2134 4510 2201 4564 de
2229 4511 2354 4567 uido
2376 4510 2605 4584 eﬁ‘ugata
2635 4516 2862 4573 sublatis
2883 4520 2985 4574 sibi
3010 4519 3173 4589 pullis
3192 4532 3356 4592 atque
3376 4534 3503 4578 ante
3528 4524 3718 4579 oculos

2139 4604 2409 4669 mactatis,
2477 4622 2584 4662 non
2635 4608 2968 4680 indignatur,
3015 4628 3195 4683 neque
3242 4626 3505 4682 terretur,
3539 4631 3717 4686 neque

2137 4697 2323 4751 nidum
2347 4698 2574 4767 deserit,
2604 4716 2782 4770 neque
2838 4704 2903 4757 ad
2940 4704 3203 4758 malitiam
3238 4706 3561 4765 immutatur
3590 4726 3608 4764 :
3641 4709 3717 4762 ita

2138 4796 2195 4841 et
2225 4787 2416 4842 beatus
2448 4787 2550 4844 Job
2587 4805 2711 4845 cum
2746 4791 2909 4846 nidus
2931 4791 3000 4846 ah
3030 4806 3097 4846 eo
3139 4792 3469 4858 auferretur,
3506 4794 3611 4849 hoc
3635 4803 3721 4849 est

2136 4879 2339 4935 divitiae
2361 4892 2525 4950 atque
2541 4882 2872 4948 substantia,
2910 4892 2967 4937 et
2993 4882 3090 4937 lilii
3122 4883 3243 4954 ejus
3276 4885 3722 4941 interﬁcerentur

2138 4982 2264 5027 ante
2291 4972 2477 5028 oculos
2502 4973 2642 5042 ejus,
2669 4991 2776 5029 non
2803 4984 2889 5029 est
2912 4976 3247 5045 indignatus,
3301 4991 3479 5046 neque
3511 4977 3578 5029 ad
3608 4992 3722 5031 ma-

2138 5063 2331 5129 litiam,
2387 5064 2494 5119 hoc
2537 5075 2624 5120 est
2677 5066 2743 5120 ad
2789 5066 3186 5137 blasphemiam
3224 5077 3321 5122 aut
3370 5068 3439 5123 ad
3496 5068 3723 5123 maledi-

2140 5157 2395 5223 ctiouem,
2436 5166 2521 5213 est
2551 5158 2870 5215 immutatus
2895 5201 2911 5225 ,
2957 5162 3055 5216 sed
3088 5172 3281 5215 cuncta
3309 5160 3566 5216 sustinuit
3598 5176 3722 5215 cum

2135 5249 2442 5304 innocentia
2482 5258 2651 5322 atque
2707 5254 3009 5321 gratiarum
3084 5254 3408 5308 actionibus.
3485 5252 3593 5308 Pro
3638 5253 3726 5306 his

2134 5356 2266 5411 ergo
2311 5341 2563 5398 omnibus
2597 5343 2754 5411 dicit,
2784 5362 3123 5414 perseverans
3177 5347 3233 5400 in
3259 5345 3597 5413 ,‘innocentia.
3640 5344 3721 5397 Tu

2142 5448 2278 5488 vero
2321 5434 2511 5490 dixisti
2584 5436 2814 5504 perdere
2865 5452 2980 5492 rem
3033 5438 3197 5507 ejus:
3261 5437 3448 5493 dixisti
3493 5446 3551 5489 ut
3602 5452 3727 5506 per-

2140 5530 2345 5593 deres;
2402 5527 2685 5597 paululum
2749 5541 2928 5587 autem
2974 5546 3171 5587 carnes
3192 5532 3311 5603 ejus
3352 5531 3492 5587 dicis
3519 5540 3578 5584 ut
3593 5544 3728 5600 per-

2143 5621 2264 5685 das,
2289 5628 2349 5675 ut
2383 5620 2483 5675 ista
2518 5620 2573 5676 in
2610 5623 2958 5695 simplicitate
3000 5626 3276 5681 sustinens
3319 5621 3441 5689 Job,
3467 5638 3727 5692 angnteno

1510 5799 1555 5829 ⁷⁵
1602 5797 1735 5854 ibid.
1768 5796 1859 5851 29.
1936 5797 2003 5828 ⁷⁸·
2041 5794 2239 5852 Jcrem.
2278 5796 2465 5865 xl,t9.
