4174 6394
376 336 485 395 457

1482 329 1854 388 ANONYMUS
1890 329 1955 383 lN
1994 328 2133 384 JOB.
2172 356 2241 366 -
2276 326 2404 381 LlB.
2438 324 2504 383 Η.

3522 330 3626 385 458

381 461 493 506 tum
516 448 873 519 gloriosarum
906 460 1228 503 coronarum
1275 446 1529 518 accipiat,
1557 456 1612 502 et
1639 457 1717 510 tu,
1747 447 1941 517 inquit,
1972 456 2021 507 Α
2046 444 2278 499 triticum
2296 444 2389 508 π’,
2412 453 2465 499 et
2487 450 2705 498 caetera.
2730 440 2853 499 Haec
2882 456 3114 513 namque
3134 443 3387 499 universa
3409 457 3629 515 propter

377 560 415 599 0
452 540 916 604 versutediabole,
969 550 1319 608 augmentum
1373 539 1711 596 confusionis
1768 548 1823 593 et
1854 540 1948 593 de-

374 632 632 704 jectionis
671 640 834 699 atque
863 629 1034 684 ruinas
1060 629 1351 698 percipias,
1396 638 1583 700 utpote
1644 639 1698 683 et
1724 630 1789 683 de
1811 628 1947 684 cado

350 708 634 794 idejectus.
660 731 716 776 et
754 721 805 774 in
835 720 1000 775 terris
1023 718 1091 773 ab
1119 717 1223 773 Job
1261 728 1595 788 prostratus,
1620 719 1784 773 etiam
1809 728 1865 772 et
1891 718 1945 771 in

378 815 486 870 hoc
511 813 701 868 ultimo
732 822 1057 882 exspectans
1084 814 1311 884 quando
1340 827 1369 865 a
1409 812 1640 867 Domino
1662 810 1763 867 Job
1785 820 1949 880 atque

374 907 620 960 omnium
650 913 861 961 rectore
885 905 993 959 Deo
1028 905 1323 976 Unigenito
1350 919 1447 974 per
1468 918 1686 959 crucem
1709 910 1947 973 proSter—

374 997 526 1049 naris
572 1005 735 1066 atque
800 995 854 1049 in
907 995 1108 1050 inferos
1151 994 1507 1065 demergaris.
1556 993 1656 1061 Tu,
1699 994 1945 1062 inquam.

374 1087 561 1141 dixisti
589 1100 703 1141 rem
757 1086 877 1156 ejus
907 1088 1132 1157 perdere
1159 1087 1280 1142 sine
1301 1100 1491 1152 causa,
1534 1100 1711 1154 neque
1729 1094 1787 1138 ut
1809 1100 1950 1154 pra:-

372 1178 605 1246 cipiens,
656 1192 833 1246 neque
878 1189 939 1231 ut
979 1179 1275 1247 imperans.
1301 1176 1706 1231 Caruistienim
1748 1176 1873 1240 hoc,
1914 1191 1948 1230 o

371 1268 611 1332 diabole,
635 1279 695 1323 ut
725 1283 846 1323 cum
878 1278 1149 1336 potestate
1177 1269 1330 1323 dicas
1383 1268 1643 1338 jubendo,
1674 1268 1761 1323 vel
1803 1282 1943 1336 prae-

373 1361 667 1431 cipiendo:
713 1362 807 1416 sed
860 1361 1043 1415 dixisti
1093 1376 1367 1429 quaerens,
1392 1362 1698 1431 postulans,
1736 1361 1946 1431 suppli-

372 1467 527 1517 cans,
554 1461 762 1522 petens.
797 1452 908 1519 Sic,
945 1454 1189 1522 inquam,
1220 1454 1405 1509 dixisti
1438 1468 1552 1508 rem
1576 1452 1692 1522 ejus
1717 1454 1947 1523 perdere

370 1543 492 1598 sine
521 1558 705 1599 causa.
726 1545 863 1615 Age,
894 1545 1091 1614 inquit,
1112 1547 1256 1615 quod
1284 1545 1399 1611 ille,
1424 1546 1525 1601 hoc
1554 1553 1660 1611 est,
1692 1544 1943 1599 diabolus

372 1636 450 1691 ita
479 1637 701 1701 dixerit,
750 1637 825 1691 ita
861 1638 1100 1706 petierit,
1135 1638 1207 1691 ita
1235 1638 1532 1706 quaesierit,
1575 1639 1649 1691 ita
1679 1636 1943 1707 supplica-

370 1731 533 1796 verit,
578 1739 635 1786 tu
666 1745 799 1785 vero
855 1746 951 1785 cur
976 1731 1264 1795 exaudisti,
1314 1746 1414 1785 cur
1462 1729 1813 1799 acquievisti,
1848 1743 1947 1783 cur

371 1823 593 1886 dedisti,
613 1838 717 1878 cur
740 1823 858 1877 sine
890 1838 1053 1877 causa
1084 1837 1197 1878 rem
1230 1822 1375 1878 illius
1407 1822 1538 1893 justi
1570 1822 1800 1891 perdere
1822 1836 1949 1891 per-
1979 1806 2024 1864 Β

375 1913 608 1969 misisti?
637 1911 718 1968 Ob
743 1914 867 1978 hoc,
892 1913 1090 1983 inquit,
1123 1912 1391 1980 exaudivi,
1427 1914 1495 1968 ob
1525 1916 1625 1967 hoc
1646 1926 1756 1967 rem
1788 1921 1949 1981 atque

373 2005 513 2061 ﬁlios
535 2006 654 2076 ejus
688 2005 912 2075 perdere
934 2005 1176 2074 permisi,
1205 2014 1263 2059 ut
1293 2012 1575 2075 appareret
1594 2002 1698 2058 Job
1712 2004 1947 2074 justitia,

370 2107 428 2151 et
453 2096 649 2152 diaboli
706 2096 991 2167 injustitia,
1043 2106 1097 2151 ut
1126 2104 1412 2166 appareret
1471 2110 1589 2151 mea
1635 2096 1860 2163 veritas,
1895 2104 1951 2150 et

372 2188 568 2243 diaboli
596 2188 959 2254 mendacium,
981 2197 1041 2242 ut
1082 2188 1316 2243 clareret
1344 2202 1521 2242 meum
1557 2187 1945 2253 testimonium,

369 2287 427 2334 et
454 2279 624 2348 iniqui
650 2278 795 2334 illius
813 2279 1174 2348 blasphemia.
1226 2278 1442 2345 Dixisti,
1476 2279 1670 2349 inquit,
1709 2280 1803 2334 sed
1840 2294 1946 2335 non

372 2380 432 2426 ut
457 2369 672 2440 jubens.
692 2370 826 2436 Nisi,
857 2371 1053 2441 inquit,
1084 2372 1417 2438 exaudirem,
1456 2380 1510 2425 et
1536 2371 1943 2440 acquiescerent

370 2472 534 2531 atque
566 2462 832 2517 traderem
859 2476 1072 2516 omnem
1101 2476 1213 2515 rem
1267 2459 1369 2516 Job
1401 2461 1456 2516 in
1486 2470 1807 2529 potestatem
1831 2461 1951 2515 dia-

370 2553 501 2625 boli,
528 2563 583 2609 et
621 2555 845 2625 perdere
871 2566 1028 2608 omne
1060 2553 1325 2621 peculium
1349 2567 1414 2608 ac
1450 2552 1593 2608 ﬁlios
1652 2554 1811 2623 juxta
1860 2566 1952 2608 vo—

371 2622 637 2700 luntatem
658 2660 810 2700 suam
830 2645 1219 2716 permitterem,
1244 2658 1518 2713 nunquam
1544 2622 1730 2713 utique
1748 2658 1951 2713 cogno-

371 2745 551 2790 sceret
582 2736 851 2801 diabolus,
884 2737 1009 2806 quia
1054 2752 1159 2791 non
1198 2745 1419 2806 propter
1460 2750 1574 2791 rem
1606 2736 1835 2791 coluerit
1863 2751 1950 2791 me

372 2822 492 2891 Job,
558 2827 653 2881 sed
700 2836 923 2895 propter
975 2825 1298 2881 charitatem
1352 2841 1367 2878 :
1417 2839 1697 2896 nunquam
1763 2826 1951 2895 utique

371 2915 679 2984 quiesceret
708 2916 1132 2985 blasphemando
1158 2924 1377 2971 sanctos
1420 2925 1548 2970 ante
1576 2915 1744 2970 Deum
1775 2925 1830 2970 et
1852 2916 1950 2970 ho-

372 3007 569 3071 mines,
624 3006 719 3062 sed
771 3007 825 3061 in
881 3009 984 3063 hoc
1027 3016 1197 3063 staret
1234 3016 1394 3077 atque
1455 3020 1648 3062 omnes
1698 3007 1950 3061 homines

371 3095 786 3165 scandalizaret,
810 3098 933 3168 quia
955 3107 1011 3153 et
1046 3099 1189 3154 Deus
1219 3098 1592 3154 favorabiliter
1639 3099 1946 3155 colentibus

369 3204 429 3245 se
456 3205 569 3246 rem
592 3192 763 3257 daret,
835 3200 889 3244 et
945 3190 1182 3246 colentes
1232 3190 1382 3245 illum
1437 3205 1542 3246 non
1568 3198 1790 3261 propter
1824 3190 1950 3245 dile-

370 3283 633 3346 ctionem,
665 3283 760 3337 sed
795 3292 1017 3352 propter
1054 3282 1134 3338 rei
1180 3282 1471 3337 familiaris
1490 3282 1720 3354 gratiam
1752 3282 1802 3337 ei
1832 3296 1949 3337 ser-

370 3372 571 3427 virent.
609 3370 802 3426 Merito
833 3386 966 3443 ergo
994 3385 1063 3427 ne
1108 3379 1292 3441 posset
1322 3370 1439 3426 haec
1467 3371 1649 3425 dicere
1678 3367 1947 3434 diabolus,

370 3461 614 3518 deditilli
660 3463 712 3516 in
738 3470 1057 3530 potestatem
1082 3470 1137 3516 et
1172 3476 1285 3517 rem
1324 3459 1452 3527 Job,
1477 3469 1534 3516 et
1558 3460 1718 3529 ﬁlios,
1741 3472 1798 3516 et
1828 3469 1951 3530 post

370 3550 649 3622 paululum
677 3551 851 3621 ipsum
874 3566 1070 3621 corpus
1097 3551 1210 3620 ejus
1262 3553 1330 3607 ad
1363 3551 1707 3620 supplicium.
1735 3548 1794 3604 Si
1822 3564 1951 3619 ergo

370 3656 494 3697 cum
518 3650 666 3697 tanta
724 3642 1035 3712 ingessisset
1083 3640 1205 3707 Job,
1232 3651 1287 3696 et
1328 3641 1418 3696 ille
1443 3641 1496 3695 in
1522 3640 1713 3696 iisdem
1739 3642 1947 3709 gratia-

371 3749 493 3788 rum
520 3733 821 3789 actionibus
874 3744 1036 3803 atque
1090 3732 1526 3788 confessionibus
1572 3738 1952 3801 perseveraret

370 3826 572 3891 adhuc,
631 3840 793 3896 super
843 3826 961 3879 haec
1011 3825 1191 3879 omnia
1246 3823 1437 3878 eadem
1476 3837 1606 3878 usus
1641 3830 1726 3877 est
1775 3822 1952 3891 impu-

372 3918 554 3972 dentia
614 3926 777 3988 atque
825 3916 1170 3987 improbitate
1206 3914 1392 3970 dicens
1424 3931 1440 3969 :
1477 3914 1696 3969 Corium
1741 3929 1836 3983 pro
1859 3929 1952 3967 eo-

373 4010 456 4062 rio
490 4008 544 4039 "
578 4025 593 4062 :
641 4007 769 4078 quid
810 4006 1015 4061 faceret
1037 4006 1082 4060 si
1109 4005 1350 4059 omnium
1392 4004 1652 4059 bonorum
1674 4001 1775 4057 Job
1800 4013 1953 4073 pote-

372 4111 568 4157 etatem
591 4116 694 4155 non
708 4098 1010 4169 acciperet?
1027 4098 1107 4155 Ob
1129 4099 1251 4162 hoc,
1271 4096 1467 4166 inquit,
1480 4095 1536 4149 in
1554 4103 1815 4165 potestate
1833 4095 1952 4164 ejus

376 4194 599 4259 tradidi,
649 4210 755 4250 non
800 4196 944 4262 quod
1002 4191 1217 4248 diabolo
1271 4188 1487 4259 placere
1527 4187 1816 4251 voluerim,
1858 4187 1952 4241 sed

376 4297 548 4342 totum
573 4286 829 4341 mundum
895 4274 1191 4339 informare
1239 4282 1524 4346 festinans,
1574 4294 1696 4350 quae
1735 4280 1806 4333 sit
1834 4293 1951 4332 mea

371 4381 604 4449 iustitia,
654 4388 711 4433 et
772 4376 973 4433 diaboli
1016 4375 1301 4444 iniquitas,
1359 4373 1499 4428 livor
1563 4385 1786 4442 quoque
1834 4370 1953 4439 ejus

2053 537 2455 606 improbitatem
2500 548 2661 605 atque
2726 536 3140 605 impudentiam,
3197 536 3371 591 zelum
3413 552 3630 608 quoque

2055 645 2121 686 ac
2174 630 2432 685 invidiam
2487 628 2711 698 maligni
2758 644 2922 698 quam
2973 628 3140 682 habet
3190 628 3336 684 circa
3386 640 3627 694 sanctos,

2055 721 2201 775 dicta
2227 729 2373 776 sunt.
2410 721 2490 775 Ad
2520 733 2681 789 quem
2726 720 2793 772 de
2838 719 2957 773 istis
3003 719 3233 788 loquens
3268 719 3411 774 Deus
3436 721 3569 776 dicit
3609 738 3625 775 :

2057 813 2137 867 Tu
2171 824 2348 868 autem
2389 814 2566 880 petisti
2605 828 2713 865 rem
2745 811 2862 881 ejus
2911 814 3126 881 perdere
3185 813 3297 865 sine
3338 829 3501 867 causa
3555 814 3626 867 ⁷⁷.

2056 902 2221 970 Cujus
2253 904 2409 957 rem?
2446 902 2584 957 Justi
2625 916 2689 957 ac
2721 901 2795 970 pii
2829 909 2991 969 atque
3020 902 3289 957 credentis
3312 900 3437 956 Job.
3472 902 3628 957 Desi-

2055 995 2254 1049 derain
2289 1012 2396 1049 rem
2433 997 2550 1065 ejus
2573 994 2788 1061 perdere
2812 994 2927 1046 sine
2951 1009 3131 1057 causa,
3156 1007 3255 1061 pro
3285 1002 3397 1058 tuo,
3426 993 3626 1063 inquit,

2056 1087 2172 1142 zelo
2209 1098 2370 1158 atque
2424 1087 2664 1149 invidia,
2715 1100 2814 1154 pro
2863 1095 2955 1140 tua
2998 1086 3231 1155 maligna
3295 1087 3625 1155 suspicione,

2053 1179 2405 1235 callidissime
2446 1177 2677 1233 diabole.
2711 1174 2900 1231 Petisti
2948 1193 3057 1231 rem
3103 1177 3217 1247 ejus
3262 1179 3479 1247 perdere
3516 1179 3630 1234 sine

2054 1287 2238 1336 causa,
2274 1271 2408 1326 nihil
2450 1284 2712 1342 peragens
2783 1270 2865 1323 vel
2914 1270 3231 1339 perﬁciens,
3292 1272 3396 1325 nisi
3455 1272 3625 1325 solani

2055 1363 2397 1434 iniquitatem
2424 1372 2572 1419 tuam
2602 1378 2765 1435 atque
2799 1366 3081 1420 malitiam.
3126 1363 3313 1419 Petisti
3356 1381 3463 1419 rem
3515 1365 3628 1433 ejus

2053 1456 2272 1523 perdere
2301 1457 2415 1510 sine
2438 1472 2621 1511 causa.
2649 1456 2822 1513 Porro
2854 1458 2974 1512 sine
3012 1472 3176 1511 causa
3215 1456 3398 1527 periit.
3447 1455 3628 1523 Quare

2054 1546 2262 1613 periit?
2295 1547 2543 1613 Diabolo,
2596 1550 2796 1619 inquit,
2855 1550 2975 1604 sine
3024 1562 3188 1603 causa
3233 1548 3417 1617 periit.
3479 1547 3629 1601 Nihil

2058 1639 2205 1692 enim
2239 1640 2447 1710 peregit
2481 1655 2655 1710 neque
2684 1641 2939 1709 perfecit,
2995 1657 3118 1697 cum
3145 1653 3257 1694 rem
3290 1639 3406 1708 ejus
3431 1640 3628 1708 perde—

2056 1740 2161 1794 ret,
2220 1731 2322 1785 nisi
2373 1746 2526 1786 suam
2569 1732 2924 1800 dejectionem
2979 1740 3144 1802 atque
3195 1731 3626 1786 huntiliationem

2050 1824 2308 1877 ostendit.
2343 1821 2444 1878 Job
2483 1837 2615 1878 vero
2662 1823 2778 1878 haec
2808 1838 2895 1878 res
2926 1839 3034 1878 non
3074 1824 3195 1878 sine
3220 1838 3383 1878 causa
3431 1838 3628 1892 prove—

2050 1913 2149 1979 nit,
2177 1917 2272 1969 sed
2298 1916 2365 1968 ad
2389 1914 2658 1983 ingentem
2687 1914 2915 1982 gloriam
2947 1924 3003 1969 et
3033 1914 3243 1967 laudem
3271 1923 3431 1983 atque
3456 1916 3629 1970 hono-

2050 2018 2162 2057 rem
2190 2003 2352 2073 hujus
2386 2004 2465 2058 rei
2494 2004 2727 2073 perditio
2762 2003 3015 2073 provenit
3051 2018 3235 2059 coram
3280 2003 3391 2058 Deo
3422 2013 3477 2058 et
3526 2020 3626 2059 an-

2049 2095 2187 2167 gelis
2215 2097 2333 2166 ejus
2371 2113 2386 2149 :
2420 2106 2475 2152 et
2533 2096 2675 2166 apud
2715 2097 2884 2152 Deum
2919 2096 3106 2167 gloriae
3154 2096 3523 2166 augmentatio
3575 2098 3627 2152 ei

2048 2187 2327 2257 provenit,
2346 2194 2401 2241 et
2430 2202 2595 2257 super
2617 2196 2819 2243 terram
2849 2188 3046 2258 duplex
3071 2203 3171 2257 pro
3193 2190 3629 2245 remuneratione

2052 2278 2292 2347 receptio
2321 2287 2481 2348 atque
2514 2279 2825 2333 retributio.
2885 2278 2979 2332 Sic
3024 2280 3212 2347 itaque
3261 2277 3474 2334 diabolo
3507 2280 3629 2349 qui-

2051 2369 2172 2422 dem
2206 2367 2326 2422 sine
2352 2383 2517 2422 causa
2569 2367 2715 2422 facta
2765 2376 2849 2423 est
2896 2366 3055 2435 huius
3099 2364 3175 2422 rei
3213 2367 3470 2437 perditio.
3526 2367 3627 2425 Job

2050 2472 2181 2511 vero
2230 2472 2339 2511 non
2376 2466 2459 2512 est
2492 2456 2639 2512 facta
2692 2458 2812 2512 sine
2863 2474 3049 2523 causa,
3114 2460 3206 2512 sed
3258 2472 3356 2526 pro
3412 2467 3628 2513 aeternas

2050 2548 2401 2604 beatitudinis
2430 2549 2888 2614 remuneratione,
2912 2558 2965 2604 et
2987 2549 3039 2603 in
3073 2548 3227 2605 caelis
3250 2564 3431 2603 coram
3459 2564 3625 2618 ange-

2052 2638 2118 2694 lis
2152 2638 2270 2707 Dei,
2300 2649 2355 2695 et
2386 2640 2440 2693 in
2470 2648 2618 2694 terra
2667 2640 2722 2693 in
2766 2650 3060 2709 conspectu
3092 2641 3330 2694 omnium
3362 2640 3623 2709 gentium.

2052 2731 2346 2801 lncrepans
2373 2745 2502 2803 ergo
2524 2741 2579 2785 et
2609 2732 2949 2802 redarguens
2978 2739 3139 2800 atque
3169 2730 3463 2801 objurgsns
3508 2731 3628 2785 dia-

2052 2824 2261 2889 bolum,
2293 2825 2431 2878 dixit
2457 2843 2471 2879 :
2507 2822 2585 2878 Tu
2630 2841 2749 2879 vero
2793 2823 2971 2894 petisti
2998 2840 3107 2877 rem
3138 2823 3256 2892 ejus
3275 2824 3493 2891 perdere
3515 2824 3629 2876 sine

2052 2933 2237 2981 causa,
2292 2923 2351 2970 tu
2382 2916 2730 2983 desiderasti,
2796 2925 2853 2970 tu
2888 2916 3097 2985 petisti,
3154 2924 3207 2970 tu
3240 2915 3507 2985 quasisti,
3570 2926 3626 2970 tu

2055 3023 2167 3062 rem
2212 3005 2330 3077 ejus
2374 3005 2641 3062 festinasti
2676 3007 2905 3077 perdere
2946 3007 3066 3062 sine
3095 3022 3300 3073 causa;
3366 3017 3625 3078 tanquam

2053 3099 2098 3153 si
2127 3098 2377 3154 diceret:
2409 3097 2509 3153 Ubi
2538 3106 2623 3153 est
2642 3100 2992 3169 praesumptio
3020 3108 3135 3167 tua,
3158 3113 3192 3154 0
3220 3099 3452 3167 diabole,
3478 3102 3623 3170 quod

2053 3208 2173 3248 mox
2221 3201 2280 3246 ut
2311 3207 2423 3247 rem
2468 3192 2587 3263 ejus
2629 3192 2952 3248 abstulisses
2991 3194 3251 3248 continuo
3290 3207 3414 3247 eum
3464 3208 3494 3247 a
3540 3195 3626 3265 pia

2052 3281 2147 3336 Dei
2172 3280 2383 3336 cultura
2406 3291 2569 3352 atque
2600 3282 2717 3353 ejus
2745 3282 3047 3354 gratiarum
3097 3282 3403 3339 actionibus
3449 3284 3629 3340 disce-

2053 3372 2180 3426 dere
2228 3371 2498 3428 fecisses?
2554 3372 2656 3429 Ubi
2710 3382 2815 3438 est,
2883 3373 3083 3442 inquit,
3145 3375 3457 3445 arrogantia
3511 3384 3626 3438 tua,

2054 3463 2317 3533 bonorum
2361 3465 2606 3519 omnium
2648 3465 2866 3523 inimice
2887 3466 3134 3522 diabole?
3160 3466 3261 3522 Ubi
3283 3468 3632 3525 tumultuatio

2057 3564 2144 3609 tua
2172 3567 2335 3625 atque
2358 3556 2593 3611 seditio?
2622 3555 2723 3613 Ubi
2753 3557 2910 3613 labor
2941 3567 3065 3613 tuus
3094 3568 3258 3629 atque
3284 3560 3626 3615 sollicitudo?

2056 3645 2156 3701 Ubi
2184 3647 2463 3702 contentio
2486 3660 2575 3701 tua
2610 3656 2776 3718 atque
2798 3648 3085 3704 altercatio
3109 3648 3133 3702 ?
3159 3647 3439 3705 Laborasti
3476 3653 3626 3705 enim

2056 3748 2217 3808 atque
2249 3738 2475 3794 certasti
2506 3739 2647 3795 bella
2696 3740 2911 3796 diversa
2940 3741 3305 3808 conﬁciendo,
3351 3749 3408 3797 et
3449 3752 3630 3797 castra

2054 3828 2375 3894 statuendo,
2403 3840 2460 3884 et
2490 3831 2706 3900 equites
2732 3832 3186 3897 demonstrando,
3219 3840 3276 3886 et
3324 3832 3447 3902 igne
3494 3848 3632 3887 exu-

2054 3920 2246 3986 rendo,
2283 3929 2339 3974 et
2369 3930 2560 3976 ventos
2602 3922 2965 3988 admovendo,
3009 3932 3065 3977 et
3108 3922 3461 3977 fundamenta
3498 3940 3633 3992 qua-

2056 4013 2261 4079 tiendo,
2296 4021 2352 4067 et
2374 4013 2565 4068 domos
2604 4013 2909 4084 dejiciendo
2933 4022 3096 4085 atque
3130 4029 3342 4070 omnem
3371 4016 3630 4071 sollicitu-

2053 4101 2238 4156 dinem
2276 4102 2698 4158 demonstrando
2720 4145 2734 4168 ,
2773 4114 2831 4157 ut
2849 4103 2979 4173 justi
3024 4104 3129 4159 Job
3162 4118 3274 4158 rem
3303 4115 3467 4176 atque
3494 4106 3634 4163 ﬁlios

2055 4192 2478 4261 perdereszsed
2521 4191 2727 4248 frustra
2785 4195 2996 4249 exstitit
3050 4196 3239 4268 ingens
3299 4208 3423 4252 tuus
3474 4198 3631 4252 labor

2054 4292 2217 4352 atque
2264 4283 2593 4339 sollicitudo.
2643 4283 2775 4339 Rem
2824 4286 2968 4341 enim
3019 4285 3123 4341 101)
3178 4288 3481 4356 perdidisti,
3537 4291 3635 4343 sed

2050 4375 2317 4443 justitiam
2345 4376 2463 4446 ejus
2491 4391 2595 4430 non
2622 4378 2929 4448 perdidisti,
2961 4380 3053 4433 sed
3081 4380 3241 4434 ﬁdem
3270 4382 3389 4449 ejus
3420 4396 3484 4435 ac
3512 4382 3632 4453 pie—

377 4480 543 4541 atque
573 4471 793 4535 invidia,
836 4479 891 4525 et
917 4483 1038 4539 qua:
1069 4468 1139 4521 sit
1165 4467 1437 4535 juslorum
1466 4464 1601 4519 fides
1625 4472 1680 4517 et
1718 4463 1953 4517 toleran-
1983 4484 2030 4540 ι)
2060 4473 2226 4521 tatem
2281 4483 2389 4524 non
2459 4468 2764 4538 dissipasti.
2804 4470 3009 4524 Idcirco
3059 4473 3205 4536 audi,
3257 4473 3452 4542 inquit,
3508 4488 3633 4529 cum

381 4567 481 4630 tia,
508 4565 592 4619 vel
623 4563 839 4619 dilectio
876 4576 1063 4617 eorum
1103 4561 1251 4615 circa
1304 4575 1413 4614 me.
1470 4558 1737 4614 Similiter
1774 4556 1951 4627 petiit,

375 4668 436 4712 et
461 4665 611 4728 petet
636 4670 808 4725 usque
834 4655 886 4709 in
920 4654 1082 4708 tinem
1115 4652 1297 4708 seaculi
1322 4667 1422 4722 pro
1442 4651 1695 4704 omnibus
1725 4649 1952 4713 sanctis,

377 4755 443 4802 ut
481 4756 800 4816 potestatem
823 4743 1053 4813 accipiat
1084 4752 1143 4796 ut
1174 4756 1405 4811 corpora
1434 4754 1624 4795 eorum
1646 4738 1867 4808 adligat,
1897 4746 1955 4791 et

380 4840 597 4893 animas
647 4851 834 4893 eorum
891 4842 1098 4903 tangat.
1162 4833 1255 4888 Sic
1311 4831 1501 4887 afﬂixit
1535 4841 1806 4902 martyres
1857 4844 1955 4899 per

378 4931 660 5000 principes
687 4930 849 4999 hujus
889 4927 1107 4992 mundi,
1139 4926 1261 4996 igne
1316 4936 1371 4980 et
1415 4924 1594 4993 gladio
1629 4938 1957 4979 consumens

381 5038 577 5078 carnes
604 5037 815 5078 eorum.
848 5020 973 5074 Haec
1010 5033 1243 5087 namque
1285 5017 1387 5071 fuit
1411 5017 1663 5071 voluntas
1686 5025 1741 5071 et
1768 5015 1958 5085 petitio

2052 4559 2425 4629 increpatione
2451 4579 2466 4617 :
2494 4561 2689 4617 Petisti
2718 4578 2824 4616 rem
2868 4562 2985 4630 ejus
3025 4564 3241 4631 perdere
3268 4566 3381 4619 sine
3411 4581 3578 4619 causa
3608 4580 3629 4620 :

2053 4649 2149 4702 sed
2182 4649 2309 4704 olim
2343 4651 2565 4717 quidem
2614 4666 2728 4705 rem
2774 4648 2875 4707 Job
2915 4652 3033 4706 sine
3086 4668 3247 4707 causa
3303 4653 3633 4722 perdidisti;

2055 4748 2181 4807 post
2221 4740 2325 4793 hoc
2368 4749 2547 4794 autem
2584 4756 2705 4796 cum
2759 4742 3021 4797 Dominus
3049 4742 3289 4797 venisset
3335 4743 3402 4799 ad
3436 4752 3635 4809 terras,

2056 4830 2201 4885 illius
2225 4832 2490 4901 unguenti
2529 4832 2893 4902 perditionem
2943 4834 3113 4904 gratis
3163 4834 3278 4888 fieri
3328 4834 3636 4899 aestimasti,

2056 4922 2246 4977 dicens
2284 4937 2380 4993 per
2443 4937 2506 4979 os
2566 4921 2717 4978 Judat
2753 4940 2767 4977 :
2805 4922 3003 4995 Ulquid
3056 4925 3166 4979 haec
3204 4924 3429 4993 perditio
3476 4925 3638 4994 hujus

2059 5015 2311 5085 unguenti
2345 5014 2490 5083 facta
2530 5024 2611 5068 est
2660 5016 2773 5069 7‘"?
2839 5017 2903 5070 Et
2965 5027 3295 5087 unguentum
3334 5031 3465 5072 sane
3495 5019 3639 5086 quod

381 5113 607 5179 diaboli,
658 5122 721 5167 ut
755 5122 975 5168 sanctos
1027 5110 1313 5165 tormentis
1356 5109 1616 5164 afﬁceret!
1645 5118 1809 5177 atque
1849 5117 1962 5161 tor-
2060 5121 2160 5174 pro
2189 5106 2332 5161 bono
2377 5121 2499 5160 cum
2537 5105 2643 5160 ﬁde
2686 5105 2915 5162 effusum
2963 5117 3049 5162 est
3093 5109 3451 5179 perditionem
3492 5108 3640 5176 judi-

382 5216 598 5277 queret.
639 5203 706 5257 Et
758 5206 873 5261 lnec
919 5204 1023 5259 fuit
1052 5212 1364 5259 sanctorum
1410 5202 1611 5266 oratio,
1670 5210 1729 5254 ut
1774 5199 1954 5253 omnia

382 5295 647 5364 supplicia
689 5304 912 5365 propter
944 5294 1113 5348 Deum
1144 5294 1476 5348 sustinentes
1514 5300 1735 5345 aeternas
1771 5288 1955 5360 gloriae

383 5386 527 5456 apud
560 5401 682 5442 eum
710 5386 762 5440 in
802 5386 907 5441 ﬁde
937 5385 1276 5441 edicerentur
1304 5384 1564 5440 baeredes.
1587 5380 1743 5461 Quod
1777 5390 1957 5434 autem

386 5480 509 5535 haec
558 5490 709 5549 petat
749 5478 1021 5555 diabolus,
1080 5476 1318 5533 ostendit
1364 5476 1644 5531 evidenter
1698 5472 1958 5526 Dominus

389 5563 579 5628 dicens
608 5570 624 5625 Ξ
658 5566 892 5628 Satanas
934 5566 1090 5641 petiit
1140 5580 1198 5625 ut
1255 5585 1344 5624 uos
1395 5566 1654 5621 cribraret
1708 5575 1959 5634 tanquam

462 5735 508 5766 ⁷⁸
536 5734 635 5789 101)
670 5751 729 5796 ιι.
765 5733 819 5789 4.
892 5734 963 5800 "_“'
1014 5733 1145 5788 [.uc.
1179 5748 1316 5796 ιιι),
1345 5732 1435 5786 51.

710 5833 979 5892 Parnm.
1029 5830 1147 5892 Gn.
1194 5829 1397 5891 XVII.

2064 5199 2249 5251 casti:
2288 5212 2400 5253 rem
2428 5213 2561 5252 vero
2604 5198 2710 5254 Job
2752 5215 2872 5269 quae
2927 5216 3050 5255 cum
3110 5202 3399 5271 iniquitate
3455 5203 3636 5272 periit,

2065 5288 2424 5357 perditionem
2457 5304 2563 5343 non
2595 5288 2903 5343 aestimasti.
2930 5290 2997 5344 Et
3023 5290 3166 5359 quod
3197 5290 3371 5357 majus
3397 5302 3480 5345 est
3511 5292 3638 5355 hoc,

2065 5388 2402 5449 unguentum
2434 5380 2565 5435 illud
2588 5378 2730 5450 quod
2764 5394 2794 5433 ι)
2827 5378 2965 5434 Juda
2995 5379 3226 5434 eﬁ'usum
3253 5391 3365 5445 est,
3404 5382 3505 5436 hoc
3533 5391 3639 5446 est,

2066 5472 2386 5542 sanguinem
2416 5470 2697 5541 Unigeniti
2743 5471 3105 5542 perditionem
3169 5473 3453 5541 reputasti.
3507 5471 3641 5527 Nam

2067 5563 2210 5617 sicut
2244 5576 2368 5617 cum
2414 5561 2527 5619 illic
2573 5572 2904 5635 unguentum
2937 5563 3071 5620 illud
3115 5561 3508 5630 etl'uuderetur,
3556 5579 3645 5620 re-

1514 5729 1558 5761 ⁷⁷
1590 5726 1690 5787 101)
1719 5744 1780 5792 ιι,
1816 5726 1871 5782 5.
1947 5724 2017 5757 ’ν’
2070 5721 2236 5780 Marc.
2290 5736 2401 5791 xlv,
2433 5723 2489 5778 4.

3290 5813 3357 5876 l5
