4174 6392
502 335 608 394 459

1611 328 1996 386 ANONYMUS
2039 327 2102 381 IN
2143 327 2281 384 JOB.
2325 361 2390 372 —
2430 328 2558 387 LIB.
2602 330 2668 387 ll.

3663 340 3772 395 460

504 453 647 522 pleta
693 461 778 506 est
818 451 1010 506 domus
1043 450 1130 504 illa
1169 449 1426 521 unguenti
1469 451 1632 504 odore
1667 469 1682 517 ;
1713 452 1784 504 ita
1841 462 1895 504 et
1939 449 2076 512 istic,
2113 453 2156 509 Α
2188 448 2436 506 fortiore.
2485 451 2771 518 Minorem,
2822 453 3019 523 inquit,
3059 471 3123 511 ac
3158 457 3418 512 leviorem
3457 466 3622 528 atque
3655 474 3768 511 mo-

507 544 559 598 id
592 552 698 607 est,
735 544 787 597 in
838 543 1088 614 passione
1122 542 1364 605 Domini,
1410 559 1532 597 cum
1587 543 1812 611 sanguis
1871 540 2082 595 Domini

503 634 898 702 eﬂ’undcretur,
930 635 1170 704 repletus
1198 646 1281 690 est
1315 635 1463 690 orbis
1498 644 1655 689 terra:
1680 634 1873 688 salutis
1904 633 2085 688 suavi-

509 738 639 782 tate.
674 728 784 782 Sed
815 728 867 782 in
896 728 1156 783 omnibus
1191 743 1296 781 non
1326 728 1561 782 cessavit
1596 726 1987 795 nequissimus,
2031 739 2086 779 et

507 822 781 890 improbus
815 830 977 890 atque
1018 820 1304 889 impudens
1332 819 1584 873 diabolus
1613 859 1630 885 ,
1664 833 1846 888 neque
1896 817 2085 872 confu-

505 927 623 965 sum
654 927 713 966 se
739 911 1094 977 recognovit:
1130 912 1222 964 sed
1273 921 1533 980 tanquam
1579 910 1734 964 canis
1775 909 1994 964 rabidus
2017 910 2084 962 ad

504 1003 754 1058 baculum
782 1002 965 1056 infelix
1007 1003 1272 1068 cucurrit,
1300 1018 1421 1057 cum
1452 1004 1688 1073 priorem
1725 1018 1877 1057 suam
1908 1001 2086 1056 defor-

507 1097 750 1151 mitatem
794 1111 900 1150 non
930 1095 1204 1166 intelligit,
1239 1095 1331 1150 sed
1376 1106 1561 1164 sperat
1592 1097 1734 1164 quod
1775 1111 1869 1165 per
1902 1094 2086 1149 novis-

507 1189 704 1242 simum
745 1188 944 1243 bellum
998 1189 1236 1258 priorem
1295 1189 1507 1243 ruinam
1562 1195 1746 1256 posset
1797 1187 2083 1251 resarcire,

507 1280 757 1335 nesciens
789 1279 955 1334 miser
976 1280 1122 1350 quod
1168 1280 1464 1334 novissima
1507 1279 1688 1350 pejora
1732 1278 2004 1347 prioribus
2034 1277 2082 1332 ei

505 1384 687 1427 essent
711 1373 1012 1427 eflicienda.
1039 1373 1246 1427 Idcirco
1272 1380 1390 1442 post
1418 1373 1532 1426 haec
1556 1375 1839 1434 universa,
1863 1385 2086 1439 respon-

504 1466 585 1520 dit
614 1465 863 1519 diabolus
892 1475 1016 1519 ante
1045 1465 1235 1528 Deum,
1273 1475 1326 1517 et
1352 1464 1487 1517 dixit
1512 1481 1526 1517 :
1555 1463 1769 1518 Corium
1798 1480 1892 1533 pro
1921 1464 2080 1518 corio.

505 1557 550 1613 0
605 1557 936 1626 impudentia
1001 1566 1166 1626 atque
1225 1556 1546 1626 improbitas
1599 1565 1803 1621 tua,,o
1837 1556 2079 1622 diabole!

506 1659 711 1704 tantam
740 1648 1136 1703 deformitatem
1169 1657 1335 1718 atque
1385 1648 1763 1703 confusionem
1800 1653 1944 1702 tua'm
1978 1663 2083 1701 non

504 1741 832 1808 consideras,
866 1743 959 1796 sed
991 1741 1358 1796 inverecunde
1394 1750 1560 1810 atque
1604 1739 1927 1803 identidem,
1982 1739 2085 1793 hoc

2188 542 2516 597 deratiorem
2577 545 2854 600 sustinens
2892 546 2994 602 Job
3022 548 3266 602 dolorem
3309 547 3529 602 videtur
3591 548 3773 603 adhuc

2189 633 2556 687 constantiam
2592 633 2817 698 habere,
2851 651 2950 704 pro
2979 637 3321 707 gravioribus
3369 637 3571 692 leviora
3609 637 3774 694 facile

2187 724 2481 788 sustinens,
2523 739 2621 794 pro
2653 726 2981 782 arctioribus
3013 729 3229 782 mitiora
3256 727 3454 784 leniter
3483 728 3770 787 sull‘erens.

2188 816 2321 871 Nam
2349 819 2528 872 omnis
2554 833 2742 889 paena,
2779 829 2834 874 et
2861 820 3040 876 omnis
3077 820 3236 875 dolor
3261 823 3353 892 qui
3383 823 3520 878 foris
3551 823 3710 878 fuerit
3742 840 3774 880 a

2187 925 2440 982 corpore,
2486 912 2658 967 levior
2689 912 2906 967 videtur
2939 927 3059 968 esse
3089 916 3260 986 magis
3297 932 3458 986 quam
3503 917 3574 971 illi
3617 917 3770 973 dolo-

2189 1018 2296 1067 res,
2331 1003 2420 1072 qui
2457 1013 2585 1058 sunt
2630 1004 2682 1058 in
2716 1017 2964 1072 corpore.
3019 1005 3144 1060 ldeo
3191 1009 3400 1061 corium
3447 1023 3546 1077 pro
3594 1011 3769 1073 corio,

2189 1095 2292 1148 hoc
2327 1105 2414 1149 est
2451 1108 2612 1164 poena
2643 1095 2823 1151 minor
2850 1111 2948 1165 pro
2981 1111 3136 1164 patria
3172 1098 3399 1167 majore,
3425 1097 3579 1151 dolor
3603 1098 3775 1154 levior

2188 1198 2287 1251 pro
2318 1183 2504 1238 dolore
2534 1184 2959 1239 vehementiore.
3003 1183 3135 1238 Nam
3167 1186 3316 1240 aliud
3344 1197 3431 1240 est
3463 1202 3577 1241 rem
3608 1187 3771 1242 fatui-

2193 1273 2260 1327 lia
2275 1290 2386 1328 rem
2421 1276 2774 1340 amittere,'et
2806 1275 3129 1330 detrimenta
3153 1275 3447 1341 sustinere,
3467 1277 3612 1331 aliud
3640 1291 3775 1334 sane

2190 1379 2277 1423 est
2307 1370 2570 1424 carnibus
2602 1369 2736 1439 ipsis
2771 1379 3088 1438 putrescere
3115 1410 3128 1434 ,
3158 1379 3211 1423 et
3241 1369 3517 1424 vermibus
3551 1370 3771 1440 repleri,

2187 1473 2242 1515 et
2276 1462 2329 1516 in
2361 1462 2640 1530 pulverem
2671 1471 2830 1517 terrae
2859 1459 3214 1516 commassari
3248 1461 3474 1516 humore
3505 1460 3772 1527 ulcerum,

2190 1552 2281 1622 qui
2305 1567 2368 1606 ex
2398 1552 2531 1622 ipsis
2557 1552 2980 1622 liquescentibus
3009 1551 3265 1605 carnibus
3295 1551 3532 1608 elicitur.
3558 1551 3774 1610 Idcirco

2189 1643 2348 1698 facile
2395 1644 2629 1698 sustinet
2678 1641 2780 1697 Job
2834 1642 3123 1697 exterioris
3181 1641 3318 1698 corii
3378 1643 3619 1698 dolorem
3671 1658 3774 1712 pro

2189 1735 2376 1789 dolore
2429 1734 2566 1789 corii
2615 1734 3059 1805 propinquioris,
3128 1734 3272 1788 hanc
3342 1735 3421 1788 rei
3481 1733 3772 1790 familiaris

503 1840 610 1895 est,
635 1832 830 1885 iterum
863 1842 1024 1902 atque
1049 1832 1246 1885 iterum
1274 1808 1514 1887 recurris
1545 1831 1821 1886 contraria
1853 1830 2084 1885 tibimet-
2116 1808 2158 1867 Β
2185 1827 2549 1895 direptionem
2582 1841 2681 1895 pro
2711 1827 2954 1897 corporis
2998 1826 3311 1881 afﬂictione.
3349 1827 3599 1893 Quandiu
3638 1841 3772 1898 ergo

505 1925 603 1993 ipsi
633 1924 898 1994 loquendo
925 1939 988 1979 ac
1011 1924 1238 1980 dicendo
1266 1934 1427 1992 atque
1453 1924 1767 1994 quaerendo,
1794 1931 1850 1977 et
1887 1931 2084 1976 temet-

504 2014 680 2083 ipsum
738 2015 1090 2070 destruendo.
1153 2015 1394 2070 Primum
1442 2016 1588 2069 enim
1632 2015 1813 2069 dixisﬁ
1855 2029 1977 2069 cum
2017 2015 2084 2068 ad

507 2106 674 2160 Deum
714 2106 780 2159 de
803 2106 904 2160 Job
930 2106 1140 2162 locutus
1173 2106 1367 2161 fuisses
1401 2131 1416 2162 -.
1448 2106 1615 2161 Aufer
1648 2106 1722 2160 illi
1762 2121 1897 2170 rem,
1931 2106 2084 2176 priva

503 2213 626 2252 eum
666 2199 888 2263 divitiis,
927 2200 1110 2255 minue
1155 2215 1277 2253 eum
1319 2197 1592 2268 Opulentia
1622 2238 1637 2263 ,
1692 2192 1915 2252 humilia
1959 2212 2082 2252 eum

504 2290 572 2344 de
607 2288 914 2355 altitudine,
952 2289 1164 2344 denuda
1196 2289 1347 2343 illum
1378 2289 1463 2343 his
1482 2304 1604 2358 qua:
1638 2287 1858 2351 dedisti,
1890 2288 1934 2342 si
1975 2303 2081 2342 non

503 2380 763 2433 continuo
794 2379 844 2433 in
873 2377 1064 2433 faciem
1103 2377 1446 2433 maledixerit
1485 2379 1616 2443 tibi,
1665 2388 1721 2432 et
1761 2379 2081 2441 detraxerit,

503 2479 666 2537 atque
696 2465 1180 2536 blasphemaverit,
1207 2468 1363 2536 quasi
1392 2483 1647 2537 magnum
1685 2468 1852 2523 fuerit
1878 2470 2003 2534 hoc,
2027 2480 2084 2522 ut

503 2560 704 2614 divitia:
737 2569 902 2626 atque
929 2573 1015 2612 res
1053 2557 1172 2627 ejus
1206 2557 1503 2613 familiares
1530 2557 1902 2614 auferrentur.
1929 2559 2082 2627 Quod

503 2667 630 2717 ergo
655 2659 781 2706 tunc
807 2650 1193 2720 magnilicasti,
1243 2657 1301 2703 ut
1341 2650 1394 2704 ei
1449 2666 1536 2706 res
1573 2650 1872 2706 familiares
1901 2650 2085 2706 aufero

503 2752 714 2807 rentur,
743 2743 851 2797 hoc
886 2758 1028 2798 nunc
1056 2742 1311 2797 nimirum
1347 2743 1610 2798 minoras.
1634 2743 1786 2810 Quod
1814 2753 1942 2797 tunc
1971 2743 2084 2797 sin-

503 2833 689 2902 gulare
723 2846 886 2904 atque
935 2834 1303 2889 indubitabile
1327 2833 1587 2904 judicasti
1613 2875 1630 2901 ,
1669 2837 1812 2904 quod
1856 2834 2084 2891 sublatis

503 2926 710 2981 divitiis
762 2923 864 2980 Job
913 2926 1174 2981 continuo
1225 2935 1372 2982 esset
1416 2925 1936 2997 blasphematurus,
1982 2927 2085 2982 hoc

503 3017 856 3073 nihilominus
879 3033 1022 3073 nunc
1049 3019 1116 3072 ad
1143 3017 1369 3072 nihilum
1388 3019 1637 3089 redigens
1660 3019 1797 3074 dicis
1822 3017 2075 3074 :Corium

503 3122 600 3175 pro
623 3107 788 3161 corio.
844 3107 1066 3163 Corium
1114 3107 1428 3162 divitiarum
1474 3122 1574 3177 pro
1617 3109 1774 3164 corio
1811 3110 2078 3179 corporis,
2109 3147 2152 3207 ο

501 3198 713 3254 atrium
753 3199 1018 3254 bonorum
1067 3213 1165 3267 pro
1214 3199 1364 3253 corio
1407 3200 1639 3254 ossium.
1693 3199 1820 3255 Haec
1850 3215 2084 3270 namque

503 3304 612 3347 auo
638 3291 784 3346 coria
818 3292 1039 3362 repetit,
1076 3306 1142 3347 ac
1174 3300 1447 3346 memorat
1473 3291 1595 3346 istic
1637 3291 1884 3347 diabolus
1919 3310 1932 3346 :
1968 3306 2081 3348 rem

505 3381 826 3436 familiarem
875 3390 932 3436 et
975 3382 1196 3436 divitias
1251 3382 1495 3438 exterius
1550 3383 1793 3452 corium;
1857 3385 2084 3440 interius

503 3486 636 3526 vero
690 3473 900 3526 corium
939 3486 1139 3542 corpus
1196 3482 1253 3528 et
1311 3487 1459 3527 ossa.
1511 3473 1731 3528 Corium
1784 3475 1925 3545 quod
1975 3491 2081 3531 non

503 3561 660 3616 valde
705 3561 907 3626 doleat,
956 3577 1069 3617 rem
1115 3562 1481 3628 familiarem;
1511 3564 1722 3618 corium
1753 3567 1898 3635 quod
1931 3567 2084 3622 valde

506 3651 708 3715 doleat,
741 3654 947 3708 corium
981 3653 1251 3724 corporis.
1293 3651 1421 3708 Haec
1454 3653 1661 3709 scilicet
1687 3657 1933 3725 cogitans
1970 3672 2085 3710 ma-

505 3745 846 3814 lignissimus
877 3744 1149 3808 diabolus,
1177 3760 1204 3796 a
1234 3759 1343 3814 quo
1371 3760 1645 3814 nunquam
1671 3747 1828 3802 malae
1869 3748 2082 3813 cogita-

506 3839 684 3891 tiones
721 3836 996 3899 deliciunt,
1063 3836 1178 3889 haec
1225 3849 1356 3906 ergo
1415 3837 1786 3906 nequissimus
1839 3838 2084 3897 diabolus

506 3929 754 3996 nequiter
793 3938 955 3996 atque
982 3927 1178 3984 callide
1217 3938 1482 3994 tractans,
1527 3929 1662 3984 dicit
1689 3930 1754 3985 ad
1793 3929 2080 3986 Dominum

505 4019 573 4074 de
596 4017 696 4074 Job
720 4038 732 4072 :
753 4016 968 4073 Corium
985 4036 1080 4088 pro
1097 4022 1265 4086 corio,
1295 4035 1358 4076 ac
1386 4020 1433 4076 si
1456 4021 1698 4076 diceret:
1727 4022 1865 4089 Quid
1901 4026 2082 4095 magni

503 4126 696 4180 passus
723 4119 805 4164 est
830 4108 970 4165 Job?
1010 4111 1138 4180 quid
1167 4127 1332 4182 grave
1355 4113 1576 4167 sustulit
1598 4113 1686 4168 hic
1715 4130 1876 4184 quem
1899 4115 2082 4171 defen—

506 4201 625 4254 dis?
680 4198 810 4255 nem
863 4200 1186 4257 familiarem
1235 4211 1290 4258 et
1324 4202 1465 4258 ﬁlios
1507 4205 1712 4270 amisit,
1751 4207 1845 4261 sed
1897 4217 2085 4277 sperat

503 4293 648 4360 quod
681 4307 867 4346 rursus
889 4303 943 4348 et
975 4308 1090 4347 rem
1118 4303 1173 4348 et
1217 4293 1354 4349 filios
1385 4295 1653 4364 acquirat,
1683 4297 1910 4352 confidit
1937 4299 2082 4369 quod

503 4392 559 4438 et
585 4382 876 4436 identidem
910 4386 1003 4437 des
1030 4384 1173 4438 sicut
1197 4393 1251 4439 et
1282 4393 1410 4440 ante
1438 4387 1654 4441 dedisti.
1691 4385 1797 4442 Pro
1824 4387 1928 4442 hac
1955 4402 2083 4456 ergo

2188 1918 2448 1973 leviorem
2487 1917 2732 1972 dolorem
2761 1917 3014 1982 sustinet,
3048 1918 3141 1971 illo
3178 1933 3349 1986 usque
3374 1932 3402 1970 a
3448 1927 3498 1971 te
3527 1933 3632 1971 non
3659 1918 3772 1971 dis-

2187 2009 2350 2071 cedit,
2377 2023 2552 2080 neque
2577 2008 2792 2079 negabit
2823 2018 2893 2062 te.
2935 2007 3189 2075 lmmuta,
3228 2009 3425 2079 inquit,
3459 2009 3630 2076 coria,
3665 2010 3769 2065 hoc

2187 2107 2270 2155 e‘st
2300 2101 2521 2154 immuta
2553 2099 2770 2154 dolores
2795 2139 2810 2163 ,
2854 2107 2910 2154 et
2951 2100 3208 2154 continuo
3245 2099 3515 2154 immutari
3551 2115 3673 2154 eum
3699 2100 3768 2154 ad

2187 2191 2583 2262 blasphemiam
2625 2191 2850 2246 senties.
2901 2187 3152 2254 Corium,
3197 2191 3391 2258 inquit,
3447 2206 3544 2259 pro
3601 2190 3767 2243 corio.

2189 2286 2358 2357 llujus
2391 2287 2467 2342 rei
2499 2287 2806 2356 exemplum
2835 2282 2998 2337 etiam
3037 2283 3091 2337 in
3137 2283 3292 2338 nobis
3326 2283 3593 2338 videmus.
3629 2279 3768 2336 Nam

2187 2392 2310 2432 cum
2352 2378 2666 2447 percutitur
2717 2376 2967 2447 quilibet,
3016 2375 3102 2429 vel
3149 2374 3393 2434 caeditur,
3451 2373 3773 2441 frequenter

2187 2481 2407 2523 manum
2449 2483 2546 2538 pro
2575 2477 2688 2523 toto
2715 2469 2947 2539 porrigit
2975 2481 3230 2536 corpore,
3256 2475 3313 2520 et
3334 2465 3574 2534 protegit
3597 2472 3766 2533 caput

2186 2571 2242 2614 et
2272 2560 2494 2614 dorsum
2527 2575 2714 2622 manu,
2750 2567 2805 2614 et
2839 2559 3052 2612 videtur
3079 2557 3177 2623 illi,
3223 2564 3280 2610 ut
3311 2557 3363 2610 in
3395 2571 3557 2609 manu
3591 2556 3768 2625 magis

2187 2650 2526 2720 percutiatur
2553 2665 2716 2719 quam
2742 2650 2794 2703 in
2827 2649 3012 2713 dorso,
3036 2648 3119 2702 vel
3145 2648 3346 2717 capite,
3373 2647 3537 2701 etdat
3555 2646 3767 2700 corium

2186 2752 2286 2807 pro
2328 2737 2500 2802 corio,
2551 2738 2758 2791 corium
2794 2752 2989 2792 manus
3037 2751 3136 2808 pro
3175 2737 3328 2792 corio
3371 2736 3585 2805 capitis.
3639 2734 3769 2793 Haec

2189 2830 2375 2898 itaque
2406 2829 2661 2883 universa
2691 2828 2986 2900 designans
3008 2828 3377 2897 nequissimus
3407 2825 3606 2881 callide
3635 2826 3769 2882 dicit

2188 2921 2257 2977 de
2280 2919 2404 2988 Job,
2439 2919 2657 2976 Corium
2688 2937 2782 2990 pro
2811 2922 2975 2975 corio.
3007 2919 3140 2974 Nam
3177 2921 3320 2974 sicut
3358 2920 3414 2974 hi
3457 2919 3552 2990 qui
3596 2933 3767 2988 vapu-

2187 3015 2322 3082 lanl,
2391 3015 2545 3070 corio
2604 3031 2796 3072 manus
2873 3017 3104 3071 alterum
3172 3016 3417 3085 corporis
3479 3024 3767 3086 protegunt

2187 3107 2418 3172 corium,
2447 3108 2516 3163 ob
2536 3107 2640 3163 hoc
2658 3116 2872 3163 tantum
2901 3117 2957 3162 ut
2987 3107 3471 3178 corpusintegrum
3496 3106 3764 3162 habeant:

2185 3199 2286 3265 sic,
2316 3199 2515 3269 inquit,
2565 3210 2619 3254 et
2667 3197 2770 3253 Job
2807 3200 3079 3254 exteriora
3116 3199 3192 3253 rei
3258 3197 3546 3252 familiaris
3595 3195 3769 3251 detri-

2185 3298 2369 3344 menta
2423 3292 2728 3345 contemnit
2788 3289 3067 3354 universa,
3127 3295 3337 3342 tantum
3409 3297 3468 3340 ut
3519 3287 3766 3358 corporis

2187 3382 2413 3454 ell'ugiat
2440 3397 2678 3452 ptrnam.
2741 3381 2833 3436 Sic
2880 3395 3113 3450 namque
3165 3389 3220 3433 et
3269 3379 3324 3433 hi
3384 3379 3476 3450 qui
3527 3379 3579 3433 in
3630 3378 3767 3434 mari

2185 3475 2466 3543 navigant,
2502 3489 2625 3528 cum
2653 3471 2955 3543 periculum
3003 3470 3148 3540 passi
3180 3469 3384 3525 fuerint
3411 3469 3594 3524 omnia
3644 3481 3769 3539 qua

2185 3564 2238 3619 in
2269 3566 2390 3619 navi
2420 3565 2714 3620 habuerint
2739 3571 3094 3618 contemnunt
3123 3571 3287 3632 atque
3326 3561 3379 3615 in
3426 3559 3564 3616 mari
3605 3559 3770 3630 proji-

2184 3657 2337 3709 eiunt
2378 3656 2449 3710 ob
2499 3656 2602 3712 hoc
2637 3665 2695 3711 ut
2751 3654 2854 3725 ipsi
2914 3656 3169 3710 evadant.
3227 3653 3316 3707 Sic
3351 3663 3406 3708 et
3457 3653 3769 3724 quicunque

2184 3749 2411 3805 divitum
2453 3763 2577 3802 cum
2625 3747 2678 3801 in
2722 3747 2969 3816 corporis
3027 3746 3399 3798 inﬁrmitatem
3453 3743 3764 3812 inciderint,

2183 3855 2398 3894 onmem
2431 3839 2794 3894 substantiam
2833 3853 2984 3892 suam
3010 3837 3246 3891 libenter
3266 3833 3522 3900 oﬂ‘erunt,
3556 3843 3765 3889 tantum

2184 3940 2244 3984 ut
2272 3931 2520 4000 corporis
2552 3929 2984 3985 incolumitatem
3026 3927 3310 3996 recipiant.
3341 3926 3454 3991 Sic,
3481 3925 3685 3997 inquit,
3710 3935 3766 3981 et

2181 4021 2281 4078 Job
2338 4038 2529 4077 omnes
2580 4022 2832 4085 divitias,
2885 4030 2940 4074 et
3000 4034 3217 4074 omnem
3274 4033 3388 4073 rem
3440 4015 3765 4074 familiarem

2185 4115 2344 4170 facile
2391 4115 2715 4179 contemnit,
2754 4123 2965 4166 tantum
3015 4119 3076 4165 ut
3130 4109 3345 4164 dolores
3387 4124 3492 4164 non
3549 4109 3768 4182 conliq-

2182 4215 2530 4275 gantcarnes
2556 4204 2693 4272 ejus.
2731 4204 2849 4272 Quo
2887 4212 3067 4257 autem
3101 4201 3381 4272 proposito
3419 4201 3625 4256 dixerit
3649 4200 3766 4262 hac

2183 4299 2434 4353 universa
2471 4298 2837 4368 nequissimus
2863 4297 3098 4360 daemon,
3127 4309 3223 4363 per
3247 4294 3366 4348 haec.
3393 4307 3514 4363 qua:
3532 4307 3765 4362 sequun-

2184 4401 2272 4446 tur
2327 4391 2585 4455 ostendit,
2639 4389 2826 4444 dicens
2858 4412 2867 4443 :
2900 4386 3092 4441 Omnia
3143 4401 3467 4455 quwcunque
3524 4385 3766 4440 habuerit

503 4485 600 4542 spe
639 4483 801 4542 atque
825 4472 1151 4536 confidentia
1187 4475 1418 4530 necdum
1448 4490 1478 4529 a
1505 4487 1557 4532 te
1579 4477 1824 4543 recessit,
1853 4479 2079 4534 necdum
2116 4506 2157 4560 ο
2185 4483 2359 4546 homo,
2410 4483 2554 4534 dabit
2607 4497 2702 4551 pro
2753 4481 2932 4533 anima
2970 4477 3149 4533 sua".
3181 4476 3293 4544 Sic,
3325 4476 3522 4548 inquit,
3551 4487 3606 4530 et
3663 4473 3768 4531 Job

507 4574 560 4618 te
591 4563 830 4632 reliquit,
860 4565 1086 4618 necdum
1118 4574 1171 4619 te
1195 4566 1452 4630 detraxit,
1487 4569 1716 4622 necdum
1749 4577 1800 4624 te
1827 4569 2079 4640 blasphe-

504 4657 695 4718 mavit,
729 4656 854 4724 quia
894 4657 1125 4710 necdum
1181 4659 1476 4728 tetigerunt
1523 4659 1670 4713 illum
1716 4660 1930 4716 dolores
1967 4677 2085 4718 cor-

505 4745 673 4816 poris,
704 4746 827 4814 quia
858 4746 1085 4800 necdum
1118 4749 1476 4816 apprehendit
1501 4763 1624 4804 eum
1649 4751 1856 4806 ossium
1885 4767 2071 4822 paena.

505 4829 720 4892 Corium
753 4855 846 4906 pro
877 4844 1041 4893 corio.
1073 4839 1380 4906 Exteriore,
1411 4841 1622 4912 inquit,
1656 4843 1808 4898 corio
1834 4845 2083 4900 decoria-

508 4939 614 4993 tus,
663 4932 764 4984 hoc
800 4940 878 4984 est
922 4947 1036 4986 rem
1086 4930 1411 4986 familiarem
1455 4933 1690 4988 ablatam
1749 4940 2080 5006 contempsit

507 5032 668 5091 atque
718 5023 784 5075 2d
835 5022 1063 5076 nihilum
1094 5023 1313 5076 reduxit
1345 5039 1358 5075 :
1394 5032 1557 5093 tange
1609 5026 1838 5080 interius
1874 5030 2079 5083 corium

507 5110 645 5180 ejus,
683 5112 784 5165 hoc
831 5122 914 5166 est
947 5115 1234 5168 tormentis
1267 5113 1421 5169 allice
1448 5129 1639 5170 carnes
1673 5116 1824 5184 ejus;
1863 5129 1916 5174 et
1949 5135 2081 5174 cou-

511 5210 623 5256 tere
664 5217 859 5258 carnes
918 5204 1087 5268 illius,
1132 5214 1188 5259 et
1239 5205 1524 5276 apparebit
1576 5209 1884 5264 constantia
1938 5210 2077 5280 ejus,

507 5308 668 5362 quam
705 5309 847 5348 nunc
877 5295 1074 5350 habere
1105 5297 1341 5352 videtur.
1388 5296 1736 5369 Supervacua
1767 5302 1910 5354 enim
1951 5305 2080 5358 fides

508 5385 646 5453 ejus,
679 5401 838 5452 quam
872 5404 1015 5442 nunc
1044 5389 1188 5444 circa
1229 5400 1280 5445 te
1314 5392 1519 5447 habere
1565 5407 1624 5446 se
1655 5402 1826 5464 putat.
1863 5393 2080 5449 Corium

507 5494 602 5547 pro
647 5478 830 5543 corio,
887 5495 948 5532 ac
989 5480 1034 5535 si
1079 5479 1320 5548 diceret,
1378 5484 1620 5538 dolorem
1668 5485 1932 5540 minorem
1984 5503 2081 5557 pro

509 5569 692 5624 dolore
759 5570 992 5639 majore,
1057 5587 1268 5642 pinnam
1315 5575 1734 5632 moderatiorem
1786 5592 1883 5647 pro
1918 5591 2079 5648 pinna

581 5751 626 5782 τ’
652 5750 751 5807 Job
790 5767 847 5816 tt,
882 5750 944 5806 4.

2184 4576 2362 4630 omnia
2390 4589 2725 4645 quaecunque
2751 4573 3004 4629 habuerit
3046 4571 3396 4640 contempsit,
3453 4580 3663 4625 tantum
3708 4577 3768 4624 ut

2185 4680 2384 4736 corpus
2431 4676 2784 4722 conservaret
2835 4665 3083 4718 illaesum.
3135 4664 3241 4718 Sed
3303 4663 3504 4727 adhuc,
3561 4661 3764 4732 inquit,

2187 4759 2396 4813 corium
2431 4773 2529 4828 pro
2563 4759 2736 4813 corio.
2792 4756 2926 4824 Quis
2973 4756 3111 4830 dixit
3160 4753 3301 4808 hoc?
3357 4754 3630 4808 diabolus.
3683 4754 3767 4809 Ad

2189 4863 2347 4916 quem
2373 4849 2551 4903 dixit?
2575 4848 2654 4902 Ad
2687 4847 2878 4902 Deum.
2911 4846 2984 4900 De
3019 4861 3129 4914 quo
3156 4843 3328 4898 dixit?
3365 4842 3438 4899 De
3477 4843 3601 4899 Job.
3649 4843 3768 4910 Quo

2187 4941 2461 5009 proposito
2479 4940 2652 4995 dixit?
2677 4940 2937 5011 Superius
2965 4937 3334 5008 multipliciter
3354 4937 3750 4992 demonstrato.

2190 5032 2365 5102 Super
2395 5034 2510 5088 haec
2538 5044 2720 5085 autem
2745 5035 2993 5085 universa
3025 5071 3040 5095 ,
3068 5032 3246 5084 adhuc
3275 5030 3398 5084 audi
3427 5030 3496 5083 de
3529 5029 3616 5083 his
3645 5041 3766 5098 qua:

2187 5123 2390 5177 dudum
2425 5125 2476 5176 in
2514 5121 2780 5191 principio
2809 5122 2950 5176 facta
2983 5131 3127 5175 sunt.
3178 5119 3614 5176 Commonefacit
3645 5121 3765 5174 istic

2189 5215 2554 5283 nequissimus
2615 5213 2889 5277 diabolus,
2960 5213 3086 5282 quia
3140 5212 3350 5283 pridem
3395 5212 3615 5282 quando
3661 5207 3766 5265 Job

2191 5319 2342 5376 pater
2373 5317 2536 5376 atque
2562 5307 2877 5375 patriarcha
2911 5307 3082 5360 Adam
3117 5306 3288 5368 meis,
3329 5304 3448 5369 ait,
3487 5303 3767 5358 seductio-

2190 5398 2349 5452 nibus
2402 5397 2660 5451 obediens
2714 5408 2764 5451 te
2813 5397 3161 5467 contempsit,
3229 5395 3298 5450 ob
3348 5395 3456 5451 hoc
3518 5395 3768 5464 pelliceis

2193 5489 2391 5543 tunicis
2449 5504 2478 5541 a
2541 5500 2591 5544 te
2638 5488 2903 5545 Creatore
2950 5491 3172 5544 indutus
3223 5499 3307 5544 est
3363 5503 3463 5557 pro
3523 5487 3765 5542 vindicta

2191 5578 2560 5652 abnegatoris,
2592 5595 2657 5637 eo
2689 5581 2832 5651 quod
2865 5591 2914 5636 te
2945 5579 3324 5648 dereliqucrit,
3356 5579 3422 5633 ad
3464 5592 3550 5632 me
3585 5589 3767 5632 autem
