4174 6396
399 409 492 463 461

1488 405 1862 460 ANONYMUS
1901 404 1964 457 IN
2005 401 2141 458 JOB.
2183 433 2248 443 —
2288 403 2414 459 LIB.
2456 403 2521 459 ll.

3534 409 3637 462 to:
3683 475 3692 488 ,λ

401 527 552 592 ierit,
575 534 629 580 et
653 539 719 581 ex
762 525 864 580 hoc
894 523 1050 591 hujus
1084 523 1160 578 rei
1198 523 1326 577 mihi
1356 520 1568 577 debitor
1592 523 1822 585 exstitit,
1853 537 1965 576 me—
1994 525 2039 580 Α
2070 521 2323 575 fatuiliari
2373 530 2538 591 atque
2565 521 2772 577 divitiis
2817 521 2919 578 Job
2961 523 3174 579 locutus
3215 538 3295 591 es,
3333 541 3478 581 nunc
3509 542 3638 582 vero

403 620 510 674 rito
531 635 698 682 nunc,
727 619 920 687 inquit,
939 616 1154 672 Corium
1183 634 1279 686 pro
1311 617 1474 670 corio.
1503 616 1745 682 Corium,
1771 617 1965 685 inquit,

401 708 502 765 Job
558 725 656 778 pro
711 709 861 763 corio
906 708 1079 763 Adam
1133 709 1201 760 da
1262 706 1412 762 mihi.
1461 705 1769 762 Vexaturus
1819 721 1966 760 eram

403 801 609 855 corium
645 800 833 861 Adam,
858 809 913 854 et
949 814 1053 852 non
1088 815 1173 853 me
1204 798 1519 868 permisisti.
1559 797 1631 850 Da
1673 813 1802 868 ergo
1835 799 1968 853 mihi

403 893 610 946 corium
640 888 742 945 Job
782 905 878 959 pro
904 890 1052 944 corio
1077 892 1270 944 Adam.
1331 891 1406 944 Da
1455 889 1583 944 mihi
1617 890 1827 943 corium
1875 888 1968 943 ﬁlii

402 999 502 1052 pro
524 984 673 1038 corio
711 981 901 1049 patris.
953 981 1216 1051 Exigam,
1260 980 1465 1050 inquit,
1516 996 1546 1034 a
1591 980 1700 1033 lilio
1728 979 1967 1035 debitum

403 1076 681 1144 genitoris.
716 1073 1012 1141 Persolvat,
1044 1075 1142 1134 ait,
1172 1074 1365 1143 pellem
1389 1072 1472 1127 vel
1495 1073 1702 1127 corium
1737 1072 1969 1126 novissi-

408 1185 528 1224 mus
586 1184 732 1224 nunc
783 1167 980 1236 prioris
1029 1175 1155 1222 tunc
1207 1166 1393 1220 debiti.
1447 1164 1693 1220 Ulciscar
1746 1177 1968 1235 peccata

403 1259 602 1331 prioris
655 1258 823 1328 patris
881 1257 1023 1327 ejus,
1077 1267 1241 1325 atque
1303 1255 1473 1325 patris
1530 1257 1796 1309 omnium.
1848 1255 1971 1310 llaec

404 1354 585 1421 itaque
613 1351 863 1405 universa
895 1365 1201 1404 memorans
1251 1357 1412 1418 atque
1464 1348 1530 1402 de
1576 1347 1660 1402 his
1705 1346 1971 1401 universis

404 1446 704 1499 admonens
731 1443 1112 1512 nequissimus,
1146 1440 1536 1510 malignissime
1568 1439 1969 1492 dicit:Corium

402 1553 497 1608 pro
541 1537 704 1592 corio.
765 1535 927 1591 Corio
967 1535 1068 1590 Job
1109 1549 1206 1602 pro
1243 1534 1391 1589 corio
1439 1531 1587 1586 Adae.
1625 1531 1841 1585 Corium
1875 1530 1969 1584 ﬁlii

403 1642 502 1698 pro
549 1627 698 1682 corio
751 1629 940 1695 patris.
999 1624 1217 1680 Corium
1285 1621 1602 1688 posterioris
1656 1636 1756 1691 pro
1818 1620 1970 1677 corio

403 1720 592 1790 patris.
626 1719 704 1774 lla
743 1719 955 1774 scilicet
988 1719 1203 1773 diverse
1233 1715 1635 1769 demonstratur
1661 1729 1725 1768 ac
1764 1728 1968 1769 memo-

407 1824 556 1868 ratur
587 1815 689 1870 hoc
739 1813 882 1884 quod
926 1812 1002 1866 ait
1029 1826 1128 1880 pro
1170 1809 1340 1864 corio.
1401 1807 1465 1862 Et
1508 1807 1708 1878 adjecit
1738 1807 1962 1862 dicens:

405 1905 597 1961 Omnia
642 1920 965 1973 quaecunque
1011 1903 1252 1956 habuerit
1300 1903 1452 1954 homo
1484 1899 1672 1965 dabit,
1727 1907 1776 1953 et
1827 1908 1971 1952 eruet

404 2000 637 2051 animam
661 2013 838 2050 suam.
867 1992 1066 2050 Verum
1093 2003 1178 2048 est
1211 1994 1332 2057 hoc,
1361 1993 1487 2060 quia
1519 2006 1640 2046 cum
1664 1990 1729 2044 ad
1759 1991 1972 2058 pericu-

402 2089 511 2143 lum
563 2088 644 2143 vel
694 2089 986 2144 discrimen
1025 2086 1335 2158 pervenerit
1385 2083 1572 2150 homo,
1602 2097 1814 2138 onmem
1857 2098 1971 2136 rem

404 2179 723 2234 familiarem
791 2178 1133 2242 contemnit,
1218 2175 1532 2230 universam
1609 2171 1970 2227 substantiam

403 2285 554 2325 suam
585 2269 795 2336 spernit
829 2278 1039 2325 tantum
1065 2279 1123 2322 ut
1152 2269 1388 2323 animam
1417 2275 1604 2331 eruat,
1651 2272 1707 2318 ut
1731 2265 1970 2316 animam

402 2376 556 2418 Suam
589 2360 917 2416 incolumem
957 2359 1165 2413 liberet.
1196 2359 1258 2412 Et
1291 2374 1432 2412 nunc
1464 2373 1585 2412 cum
1615 2370 1800 2426 speras
1829 2353 1971 2424 quod

404 2455 693 2508 adversum
728 2450 827 2507 Job
853 2450 1122 2521 loqueris,
1163 2464 1262 2519 pro
1294 2447 1394 2504 Job
1434 2448 1673 2518 loqueris
1697 2487 1712 2511 ,
1750 2447 1971 2501 inimice

401 2547 646 2602 omnium
686 2546 949 2601 bonorum
994 2544 1227 2608 diabole,
1287 2552 1342 2598 et
1377 2558 1482 2596 non
1529 2539 1808 2611 intelligis.
1851 2539 1974 2594 Evi-

403 2639 595 2694 denter
630 2639 772 2694 enim
801 2636 900 2693 Job
941 2636 1058 2706 plus
1103 2649 1264 2705 quam
1304 2633 1484 2688 caeteri
1524 2631 1739 2703 plurimi
1789 2630 1974 2685 omnia

401 2743 736 2800 quacunque
763 2728 972 2782 habuit
1017 2726 1268 2796 despexit
1314 2735 1475 2792 atque
1530 2723 1876 2793 contempsit,
1920 2730 1977 2777 et

402 2821 644 2886 divitias,
674 2830 729 2876 et
763 2819 1196 2890 possibilitatem,
1230 2829 1284 2873 et
1316 2816 1479 2878 ﬁlios,
1510 2825 1564 2870 et
1595 2830 1705 2869 rem
1732 2813 1970 2869 familia-

403 2929 542 2979 rem,
582 2915 652 2969 ob
691 2912 797 2967 hoc
830 2920 1040 2966 tantum
1085 2919 1145 2964 ut
1183 2909 1418 2965 animam
1471 2907 1783 2977 acquirerct
1812 2913 1975 2974 atque

403 3003 776 3068 lncrifaceret,
813 3012 873 3058 ut
900 3003 1134 3056 animam
1159 3016 1311 3058 suam
1343 3000 1587 3062 illzesam,
1634 3007 1688 3054 et
1726 2999 1974 3054 inconta-

404 3099 663 3154 minatam
692 3107 854 3166 atque
899 3095 1158 3150 illibatam
1215 3093 1536 3148 custodiret.
1572 3090 1695 3146 llaec
1761 3091 1976 3146 scilicet

403 3188 657 3250 dicendo,
683 3202 717 3243 o
743 3186 976 3250 diabole,
1000 3194 1053 3240 et
1082 3185 1312 3254 teipsum
1339 3181 1631 3239 confundis
1657 3222 1672 3247 ,
1707 3180 1809 3237 Job
1846 3197 1974 3236 vero
2002 3197 2046 3256 ο

405 3279 744 3350 propositum
776 3277 1019 3332 ostendis
1058 3293 1072 3329 :
1106 3274 1298 3329 Omnia
1353 3290 1678 3345 quacunque
1729 3274 1972 3327 habuerit

404 3376 556 3430 homo
582 3373 753 3438 dabit,
789 3381 844 3426 ut
874 3379 1026 3425 eruat
1049 3371 1280 3424 animam
1307 3385 1477 3434 suam,
1507 3369 1576 3424 ob
1614 3382 1780 3436 quam
1822 3367 1978 3420 rem?

404 3465 529 3536 quia
563 3462 846 3532 redemptio
871 3462 966 3516 viri
995 3462 1211 3531 prapria
1237 3459 1628 3516 estsubstantia
1647 3459 1736 3515 73‘.
1784 3457 1975 3514 Omnia

403 3570 742 3626 quaecunque
768 3553 1018 3609 habuerit
1046 3554 1206 3608 homo
1248 3552 1415 3620 dabit,
1445 3563 1502 3606 ut
1543 3561 1700 3606 eruat
1740 3551 1976 3606 animam

405 3664 582 3705 suam.
610 3647 722 3704 Hoc
738 3648 846 3716 egit
874 3645 996 3714 Job,
1029 3659 1313 3716 propterea
1348 3646 1590 3700 animam
1616 3661 1769 3700 suam
1803 3646 1978 3699 invio~

407 3742 568 3798 latam
608 3742 973 3798 conservavit.
1029 3737 1144 3794 Hoc
1195 3748 1424 3810 egerunt
1474 3739 1617 3795 beati
1667 3750 1974 3809 martyres,

405 3834 612 3889 idcirco
647 3842 933 3904 postquam
955 3833 1138 3888 omnia
1163 3831 1536 3904 corruptibilia
1568 3841 1727 3900 atque
1756 3841 1973 3886 terrena

404 3935 894 3996 contempserunt,
952 3933 1074 3995 post
1134 3923 1238 3979 hoc
1297 3922 1648 3978 nihilominus
1696 3923 1974 3992 proprium

405 4033 606 4086 corpus
631 4019 684 4072 in
712 4031 928 4088 poenam
953 4027 1117 4086 atque
1153 4017 1204 4070 in
1249 4014 1561 4072 incendium
1610 4015 1975 4081 tradiderunt,

406 4108 583 4177 ignem
620 4119 785 4176 atque
828 4107 1062 4179 gladium
1112 4107 1477 4170 sustinentes,
1532 4115 1739 4162 tantum
1775 4106 1976 4160 utani-

405 4215 523 4254 mas
551 4216 678 4256 suas
703 4201 934 4256 mundas
959 4209 1121 4269 atque
1144 4208 1329 4254 castas
1361 4199 1468 4254 Deo
1498 4198 1840 4254 exhiberem.
1868 4195 1976 4250 Sed

404 4292 624 4348 interim
655 4292 935 4348 videamus
966 4293 1142 4348 adhuc
1167 4299 1289 4362 post
1314 4291 1430 4347 haec
1459 4305 1580 4360 quae
1601 4291 1737 4344 bene
1762 4289 1975 4358 digesta

406 4393 553 4438 sunt.
583 4383 717 4437 Nam
741 4399 882 4453 saepe
911 4384 1072 4439 etiam
1099 4399 1130 4438 a
1162 4383 1304 4438 malo
1341 4382 1543 4450 aliquid
1591 4381 1718 4435 boni
1765 4380 1979 4450 proﬁci-

405 4478 597 4542 scitur,
630 4492 734 4531 non
767 4477 910 4546 quod
941 4478 1208 4548 pessimus
1231 4484 1285 4530 et
1316 4473 1584 4544 malignus
1605 4474 1677 4528 ita
1714 4475 1972 4541 voluerit,

406 4569 500 4623 sed
527 4568 655 4638 quia
692 4570 866 4624 bonus
907 4583 971 4623 ac
1017 4567 1340 4623 benedictus
1385 4564 1524 4620 Deus
1559 4565 1779 4636 maligni
1817 4565 1974 4617 mali-

409 4660 538 4714 tiam
577 4661 630 4714 in
655 4658 852 4713 bonum
897 4661 1166 4713 convertit
1201 4657 1520 4714 timentibus
1553 4667 1718 4727 atque
1749 4655 1978 4725 diligen-

409 4751 553 4804 tibus
583 4764 666 4816 se,
705 4750 846 4804 sicut
879 4747 999 4816 Job,
1038 4749 1119 4802 vel
1149 4747 1478 4820 martyribus
1505 4756 1666 4817 atque
1700 4747 1978 4802 credenti-

406 4841 529 4905 bus,
562 4841 652 4910 qui
685 4839 832 4894 omni
866 4838 1148 4893 tolerantia
1182 4846 1502 4907 superantes
1529 4835 1825 4904 nequitiam
1861 4835 1980 4905 ejus

407 4946 627 4989 aeternae
650 4934 773 4987 vitae
789 4941 951 5002 atque
976 4931 1162 5002 gloria:
1181 4929 1555 4985 lia-reditatem
1591 4927 1808 4998 Capient
1836 4927 1978 4995 apud

413 5027 604 5081 Deum.
634 5025 725 5080 Sic
756 5025 919 5079 etiam
957 5040 1101 5078 nunc
1141 5022 1262 5077 istic
1303 5037 1483 5077 sermo
1535 5021 1626 5091 qui
1683 5019 1915 5090 maligne
1945 5033 1975 5071 a

409 5120 622 5174 diabolo
646 5120 826 5176 dictus
851 5127 930 5173 est
955 5136 967 5171 :
990 5115 1181 5170 Omnia
1205 5131 1526 5186 quaecunque
1557 5113 1798 5167 habuerit
1828 5113 1980 5164 homo

408 5211 576 5277 dabit,
597 5219 652 5264 ut
683 5218 830 5264 eruat
865 5209 1096 5262 animam
1129 5222 1306 5271 suam,
1340 5220 1440 5275 pro
1474 5203 1692 5272 pietatis
1740 5216 1979 5256 comme—

411 5302 714 5356 moratione
743 5299 1088 5370 diligentibus
1114 5296 1281 5352 Deum
1309 5296 1546 5365 proﬁcit.
1567 5292 1980 5354 Verumtamen,

412 5403 470 5447 ut
503 5393 762 5454 diximus,
806 5398 928 5462 post
971 5388 1086 5445 hare
1126 5387 1377 5441 universa
1413 5383 1631 5453 maligni
1673 5381 1844 5451 ipsius
1867 5383 1981 5434 dia-

413 5485 514 5538 boli
549 5500 616 5540 ex
660 5484 792 5554 ipsis
836 5481 1176 5538 sermonibus
1222 5479 1341 5548 ejus
1369 5485 1550 5532 notam
1605 5473 1977 5535 ostendamus,

412 5590 532 5631 cum
571 5573 870 5644 iniquitatis
897 5571 1014 5641 ejus
1040 5585 1188 5624 arma
1214 5570 1266 5624 in
1296 5583 1419 5622 eum
1450 5565 1834 5620 convertimus.
1861 5563 1977 5628 Dic,

411 5683 445 5722 o
475 5665 808 5739 nequissime
841 5662 1070 5730 diabole,
1097 5661 1383 5716 adversum
1417 5669 1488 5724 te,
1524 5657 1590 5710 ab
1615 5655 1781 5726 initio
1811 5655 1875 5710 de
1898 5659 1980 5710 re

483 5897 550 5928 "'
583 5895 742 5950 Prov.
769 5908 889 5957 xm,
916 5891 969 5946 8.
1045 5889 1088 5922 ⁷⁸
1113 5886 1207 5944 101»
1244 5903 1304 5951 ιι,
1509 5885 1576 5916 ⁷⁸⁸
1607 5883 1738 5939 ibid-

2067 612 2301 665 animam
2350 613 2627 682 proponis,
2681 613 2916 668 animam
2966 615 3278 670 nominans.
3334 615 3416 671 Ob
3469 633 3630 686 quam

2071 717 2205 767 rem,
2231 702 2328 756 nisi
2353 706 2420 757 ob
2452 706 2574 768 hoc,
2605 705 2728 772 quia
2774 703 2886 772 jam
2935 706 3170 776 maligne
3217 708 3283 762 de
3325 694 3504 763 anima
3535 708 3637 765 Job

2071 795 2306 850 tractas?
2337 796 2462 865 quia
2499 797 2694 851 callide
2729 799 2963 852 animam
2995 798 3111 867 ejus
3130 801 3367 868 quaeris?
3396 801 3640 859 Necdum
3680 797 3684 800 ’

2067 890 2201 947 corii
2230 890 2346 960 ejus
2371 900 2693 960 potestatem
2729 893 3006 962 accepisti,
3051 895 3274 948 necdum
3313 893 3467 963 pellis
3496 897 3634 964 ejus,

2071 980 2170 1035 hoc
2197 991 2302 1047 est,
2339 982 2584 1052 corporis
2635 983 2774 1052 ejus,
2822 983 3180 1036 constantiam
3217 984 3550 1053 approbasti,
3581 995 3636 1040 et

2063 1070 2176 1139 jam
2217 1073 2410 1126 animat
2455 1071 2570 1140 ejus
2620 1073 2819 1143 ιιιιιιξτὶε
2858 1073 3388 1142 supplantationem,
3423 1074 3634 1142 Omnia,

2072 1165 2340 1234 inquiens,
2362 1183 2683 1236 quaecunque
2707 1167 2948 1219 habuerit
2973 1167 3124 1218 homo
3161 1167 3302 1220 dabit
3330 1184 3426 1234 pro
3461 1169 3636 1223 anima

2070 1255 2248 1310 sua".
2273 1256 2397 1310 Post
2429 1255 2540 1310 haec
2568 1256 2782 1323 adjecit,
2807 1257 2992 1310 dicens
3017 1274 3031 1310 :
3059 1255 3183 1309 Non
3226 1274 3344 1324 ergo
3405 1261 3478 1311 ita
3539 1269 3634 1314 est.

2072 1346 2209 1412 Quid
2239 1347 2391 1412 dicis,
2431 1362 2463 1400 0
2495 1347 2727 1410 diabole,
2770 1363 2876 1400 non
2915 1348 2986 1400 ita
3021 1348 3146 1401 est?
3205 1346 3299 1400 Vel
3356 1350 3422 1403 ob
3473 1365 3636 1419 quam

2074 1453 2184 1492 rem
2235 1437 2337 1492 hoc
2389 1437 2546 1502 dicis,
2603 1452 2707 1490 non
2759 1453 2890 1508 ergo
2923 1439 2996 1491 ita
3027 1438 3150 1492 est?
3201 1437 3279 1492 Ac
3312 1439 3355 1492 si
3387 1440 3634 1494 diceret:

2071 1531 2187 1584 Non
2219 1539 2300 1585 est
2329 1531 2511 1584 adhuc
2541 1528 2844 1592 deﬁnitum,
2877 1529 3104 1584 necdum
3143 1540 3227 1584 est
3255 1530 3637 1598 deliberatum,

2073 1620 2188 1676 Non
2233 1629 2315 1676 est
2352 1620 2494 1675 sicut
2546 1618 2646 1674 Job
2699 1621 3018 1684 arbitratur,
3054 1621 3209 1688 qttod
3258 1619 3370 1687 jam
3423 1623 3636 1690 vicerit,

2072 1712 2215 1782 quod
2261 1711 2437 1766 omnia
2476 1710 2769 1781 perfecerit
2813 1719 2978 1778 atque
3025 1710 3353 1778 impleverit,
3406 1712 3639 1767 necdum

2073 1813 2155 1857 est
2181 1802 2233 1856 in
2268 1802 2373 1856 ﬁne
2400 1801 2636 1864 doloris,
2672 1802 2766 1857 sed
2801 1801 2852 1855 in
2891 1802 3065 1856 initio.
3118 1802 3231 1856 Non
3269 1818 3397 1872 ergo
3431 1804 3500 1857 ita
3534 1813 3637 1868 est,

2074 1893 2215 1948 sicut
2243 1893 2442 1948 dictum
2467 1900 2566 1954 est,
2593 1893 2740 1958 quod
2773 1907 2877 1947 non
2901 1893 2970 1946 sit
2990 1893 3065 1946 illi
3097 1893 3291 1948 similis
3314 1895 3452 1948 alius
3475 1910 3643 1965 super

2076 1995 2294 2040 terram.
2329 1983 2464 2051 Quid
2505 1984 2728 2040 omnino
2757 1983 3004 2056 peregit?
3043 1983 3169 2054 quid
3196 1985 3490 2040 sustinuit?
3512 1986 3640 2057 quid

2074 2075 2462 2145 supportavit?
2537 2075 2646 2128 Nec
2703 2075 2995 2145 quidquam
3055 2089 3311 2146 magnum
3382 2076 3642 2132 adversus

2075 2168 2281 2223 futura.
2324 2167 2458 2224 Cum
2514 2168 2838 2225 sustinuerit
2889 2167 3204 2234 novissima,
3253 2175 3379 2222 tunc
3423 2168 3640 2223 demum

2073 2260 2398 2324 laudabitur,
2425 2275 2567 2315 nunc
2596 2274 2726 2314 vero
2760 2274 2864 2314 non
2895 2259 2971 2312 ita
3010 2267 3113 2313 est.
3151 2257 3256 2313 Sed
3289 2261 3496 2328 porrige
3530 2276 3642 2312 ma-

2076 2369 2200 2405 num
2239 2362 2406 2416 tuam,
2438 2361 2486 2406 et
2521 2361 2675 2421 tange
2711 2367 2920 2405 carnem
2965 2350 3102 2419 ejus,
3133 2361 3179 2403 et
3209 2367 3347 2416 ossa,
3380 2351 3423 2404 si
3457 2367 3557 2403 non
3586 2353 3642 2403 in

2075 2440 2263 2506 [aciem
2281 2440 2373 2492 tibi
2403 2441 2720 2494 benedixerit
2739 2438 3041 2509 "'.Tange,
3067 2440 3261 2508 inquit,
3284 2456 3393 2494 rem
3414 2440 3643 2494 familia-

2075 2543 2190 2583 rem
2222 2538 2274 2583 et
2293 2529 2452 2593 lilios,
2487 2539 2645 2599 tange
2675 2529 2893 2582 divitias
2917 2540 2969 2583 et
2997 2529 3432 2598 possibilitatem;
3461 2538 3639 2600 tange,

2075 2621 2272 2692 inquit,
2314 2637 2533 2677 carnem
2563 2632 2617 2676 et
2649 2635 2794 2685 ossa,
2823 2622 2866 2675 si
2907 2638 3011 2675 non
3040 2621 3090 2675 in
3122 2620 3312 2676 faciem
3346 2620 3642 2675 benedixe—

2076 2708 2166 2773 rit,
2199 2708 2304 2762 hoc
2327 2717 2409 2762 est
2453 2709 2812 2763 maledixerit.
2839 2707 3126 2776 Patientia,
3156 2710 3350 2778 inquit,
3386 2710 3438 2763 in
3457 2709 3644 2765 dolore

2077 2805 2259 2856 carnis
2327 2801 2666 2867 ostendatur,
2726 2800 3038 2856 suﬁcrentia
3095 2803 3148 2856 in
3209 2803 3414 2856 ossium
3482 2818 3644 2872 ptena

2077 2891 2496 2944 demonstretur.
2533 2889 2753 2961 Porrige
2794 2907 3008 2944 manum
3047 2900 3213 2954 tuam,
3263 2894 3576 2957 identidem,
3607 2909 3644 2949 ο

2077 2981 2310 3042 diabole,
2345 2997 2562 3036 manum
2601 2992 2654 3036 ut
2692 2983 2931 3053 porrigat
2973 2997 3215 3052 quaerere
3248 2983 3426 3053 ﬁngis,
3457 3001 3645 3054 quem-

2078 3075 2366 3130 admodum
2395 3085 2446 3129 et
2480 3075 2747 3143 superius.
2802 3073 2933 3128 Nam
2979 3089 3108 3130 vere
3164 3082 3220 3128 ut
3262 3075 3354 3129 tibi
3399 3077 3646 3131 tradatur

2079 3165 2251 3234 cupis,
2287 3176 2344 3219 ut
2379 3166 2470 3220 tibi
2503 3166 2555 3219 in
2601 3174 2919 3234 potestatem
2961 3166 3120 3220 detur
3145 3165 3246 3220 vis.
3281 3165 3500 3237 Porrige
3531 3183 3646 3220 ma-

2081 3271 2205 3309 num
2247 3265 2411 3308 tuam.
2463 3257 2544 3310 Ad
2579 3255 2708 3325 quid
2747 3253 3052 3309 faciendum
3085 3257 3401 3326 porrigam?
3448 3259 3646 3328 Tange,

2082 3347 2275 3416 inquit,
2304 3363 2514 3402 carnem
2537 3357 2588 3402 et
2619 3363 2739 3400 ossa
2771 3346 2904 3415 ejus.
2945 3346 3152 3419 Alﬁige,
3188 3349 3384 3418 inquit,
3421 3351 3646 3404 commi-

2081 3454 2208 3504 nue,
2235 3448 2478 3507 contere,
2508 3439 2788 3496 doloribus
2817 3439 2969 3495 aﬂii-e
2993 3480 3006 3504 ,
3043 3441 3287 3510 putrefac
3316 3457 3509 3497 carnes
3531 3443 3648 3511 ejus

2082 3539 2138 3585 et
2161 3545 2305 3595 ossa,
2334 3541 2388 3584 et
2419 3534 2700 3585 universas
2737 3545 3025 3601 compages
3071 3547 3353 3587 nervorum
3384 3533 3550 3597 illius,
3600 3533 3646 3586 si

2082 3637 2187 3674 non
2224 3621 2275 3673 in
2304 3619 2499 3675 faciem
2524 3621 2616 3676 tibi
2655 3621 3000 3676 maledixerit
3045 3631 3206 3693 atque
3237 3623 3647 3691 blasphemave-

2079 3713 2169 3766 rit.
2204 3711 2336 3777 Hoc,
2367 3713 2560 3782 inquit,
2585 3713 2930 3770 sitindicittm
2960 3716 3254 3783 patientiae,
3284 3727 3336 3768 et
3368 3717 3645 3772 lirmitatis

2082 3813 2245 3870 atque
2289 3801 2612 3856 constantia:
2662 3801 2798 3868 ejus,
2857 3811 2918 3858 ut
2969 3805 3172 3858 ossium
3235 3805 3316 3859 sic
3375 3817 3646 3861 tormenta

2079 3894 2286 3963 absque
2323 3893 2697 3948 numeratione
2742 3891 2988 3958 suﬁ'erat,
3039 3904 3098 3950 ut
3154 3896 3372 3952 dolores
3405 3899 3648 3967 corporis

2078 3988 2288 4056 absque
2351 3987 2773 4056 reprehensione
2821 3989 3126 4052 sustineat,
3197 3998 3257 4043 ut
3309 3991 3649 4058 putredinem

2081 4081 2346 4133 vermium
2404 4088 2684 4148 supportet
2739 4079 2943 4148 absque
2994 4079 3351 4148 blasphemia.
3414 4082 3492 4136 01)
3544 4083 3648 4136 hoc

2078 4186 2210 4242 ergo
2236 4172 2356 4227 dico
2387 4189 2400 4226 :
2434 4171 2556 4225 Non
2590 4171 2662 4224 ita
2692 4181 2802 4234 est,
2845 4173 2935 4226 sed
2967 4174 3172 4242 porrige
3213 4189 3425 4227 manum
3477 4184 3648 4237 tuam,

2080 4274 2136 4318 ut
2195 4265 2266 4319 sit
2323 4263 2594 4318 inchoatio
2648 4261 2811 4332 hujus
2857 4263 3004 4328 belli,
3062 4265 3382 4319 certaminis
3437 4281 3652 4335 quoque

2077 4366 2243 4426 atque
2272 4355 2718 4425 disceptationis,
2771 4364 2832 4408 ut
2877 4364 3135 4424 appareat
3187 4353 3289 4410 Job
3335 4357 3649 4411 constantia

2081 4446 2344 4516 perfecta,
2395 4453 2488 4498 aut
2533 4457 2684 4498 meus
2750 4456 2928 4498 sermo
2981 4443 3271 4498 veridicus.
3327 4443 3426 4499 Cui
3493 4447 3653 4514 digne

2009 4534 2053 4588 ιι
2084 4537 2476 4607 respondeatur
2504 4557 2515 4590 :
2549 4536 2592 4594 Ο
2615 4538 2832 4592 inimice
2855 4536 3095 4590 omnium
3122 4536 3386 4591 bonorum
3416 4537 3650 4604 diabole,

2085 4644 2189 4683 non
2220 4629 2313 4684 tibi
2355 4626 2690 4683 suffecerunt
2716 4627 2958 4697 propria,
2982 4629 3074 4680 sed
3101 4635 3306 4680 tantum
3329 4628 3654 4682 crudelitate

2085 4732 2249 4791 atque
2276 4721 2552 4790 impietate
2589 4721 2848 4776 adversus
2874 4719 3076 4788 justum
3119 4720 3260 4773 hunc
3289 4721 3481 4774 uteris.
3507 4720 3652 4773 Tan-

2083 4823 2194 4867 tum
2230 4811 2556 4880 injustitiam
2590 4829 2676 4866 me
2712 4812 2976 4882 perﬁcere
3004 4811 3156 4881 cupis
3178 4853 3194 4876 ,
3227 4821 3284 4865 ut
3318 4811 3520 4879 justum
3546 4811 3653 4866 Job

2085 4905 2179 4958 tibi
2215 4903 2413 4970 injusto
2442 4902 2800 4957 contradam?
2835 4913 2895 4955 ut
2925 4903 3267 4956 innocentem
3294 4900 3459 4971 impio
3484 4903 3654 4972 depu‘

2083 4994 2233 5048 tem?
2273 5003 2332 5047 ut
2357 4994 2590 5049 miseriis
2620 4992 2845 5048 alliciam
2870 5008 2992 5047 eum
3024 4993 3113 5061 qui
3142 4993 3261 5047 sine
3293 5001 3516 5063 peccato
3533 4991 3654 5048 est?

2083 5100 2142 5144 ut
2187 5089 2488 5145 molestiam
2533 5088 2773 5157 ingeram
2828 5087 3064 5142 dev0to?
3108 5098 3164 5140 ιιι
3215 5102 3319 5140 non
3371 5087 3678 5141 disceden--

2084 5195 2192 5239 tem
2245 5183 2593 5254 percutiam?
2640 5193 2697 5237 ut
2757 5180 3018 5252 ﬁagellem
3055 5198 3161 5236 non
3207 5182 3654 5252 delinquentem?

2085 5291 2141 5334 ut
2170 5281 2416 5335 tribulem
2471 5279 2677 5348 gratias
2711 5279 2999 5348 agentem?
3045 5277 3180 5345 Quid
3225 5279 3330 5334 hoc
3373 5279 3655 5333 indecere-

2084 5375 2197 5431 sius
2254 5381 2418 5442 atquc
2466 5371 2746 5426 illicitius?
2787 5370 2908 5440 quis
2949 5371 3170 5425 omnino
3209 5369 3506 5425 carnalium
3551 5373 3655 5442 hoc

2086 5464 2288 5519 faciat?
2338 5463 2461 5533 quis
2492 5478 2558 5518 ex
2588 5461 2820 5516 terrenis
2846 5476 3067 5529 prorsus
3095 5462 3197 5515 hoc
3225 5471 3368 5531 agat,
3397 5472 3453 5515 ut
3488 5437 3658 5516 moriJ

2087 5572 2275 5626 gerum
2299 5565 2460 5626 atque
2487 5556 2739 5609 devotum
2767 5570 2983 5610 servum
3011 5553 3212 5621 injuste
3243 5552 3307 5606 ad
3326 5553 3655 5622 supplicium

2087 5647 2412 5707 contradat?
2441 5647 2550 5705 Sed
2586 5645 2805 5704 interim
2828 5655 2886 5703 ut
2918 5656 3063 5702 tuam
3098 5645 3438 5714 iniquitatem
3468 5643 3655 5700 redar-
