4174 6402
516 410 620 467 ωδ

1606 406 1987 464 ANONYML'S
2028 404 2092 459 ΙΝ
2132 403 2273 461 JOB.
2314 437 2382 446 —
2420 407 2548 463 LlB.
2592 407 2655 464 ll.
2706 440 2709 441 ν

3670 415 3777 470 464

518 549 680 603 guam
712 541 871 602 atque
913 531 1227 601 injustitiam
1276 528 1579 600 obiurgem,
1612 529 1746 585 Ecce
1799 539 1953 583 traao
1993 528 2089 581 tibi
2118 532 2166 588 Α
2194 529 2278 583 nis
2320 538 2725 586 coronanuntur
2773 530 2827 585 in
2879 542 3175 602 conspectu
3224 544 3365 585 meo.
3398 529 3475 585 Ne
3510 532 3778 604 tetigeris:

516 642 636 681 eum
655 625 721 690 ⁸⁸,
754 634 813 678 ut
862 625 1067 692 absque
1121 625 1557 678 contradictione
1606 622 1983 685 convincaris,
2043 630 2100 675 et

520 721 728 787 absque
750 718 1103 771 excusatione
1129 718 1531 780 condemneris,
1570 729 1736 785 atque
1760 716 1814 770 in
1843 715 2098 770 omnibus

520 808 752 862 mendax
784 807 1174 877 comproberis.
1223 806 1359 860 Ecce
1392 808 1545 859 trado
1595 807 1689 858 tibi
1734 805 1905 859 illum.
1954 804 2097 859 Sub-

521 898 779 953 stantiam
814 897 1054 967 quaesisti
1089 908 1144 952 et
1186 898 1465 968 accepisti,
1495 914 1636 952 nunc
1667 898 1841 967 ipsum
1873 897 2093 966 quaeris,

519 990 707 1045 habes.
740 989 876 1044 Ecce
904 992 1056 1045 trado
1087 992 1184 1043 tibi
1219 992 1391 1045 iitum.
1420 991 1533 1045 Non
1563 991 1901 1052 contradico,
1929 988 2095 1044 male-

517 1083 690 1145 dicte;
724 1097 831 1136 non
871 1084 964 1136 tibi
995 1084 1203 1151 denego
1230 1122 1243 1146 ,
1288 1083 1686 1147 condemnate;
1732 1096 1839 1135 non
1871 1092 2093 1150 propter

520 1158 686 1235 tuam,
720 1174 917 1243 inquit,
951 1174 1345 1244 malignitatem
1372 1216 1386 1237 ,
1419 1175 1512 1229 sed
1553 1184 1775 1243 propter
1804 1171 1905 1227 Job
1936 1173 2090 1226 inno—

512 1267 771 1329 centiam,
823 1275 881 1319 ut
926 1266 1107 1337 justus
1135 1277 1414 1336 appareat,
1460 1277 1520 1321 ut
1552 1268 1673 1321 sitte
1710 1263 1930 1335 querela
1970 1278 2091 1320 esse

515 1358 927 1429 comprobetur,
962 1367 1020 1410 ut
1048 1358 1319 1429 gloriosus
1345 1370 1660 1422 coronetur,
1692 1367 1751 1411 ut
1799 1371 1966 1409 verax
1999 1356 2091 1409 de.

513 1460 872 1505 monstretur.
930 1450 1036 1505 Pro
1091 1450 1197 1515 his,
1260 1451 1462 1519 inquit,
1514 1450 1768 1505 omnibus
1819 1461 1947 1504 ecce
1989 1448 2087 1502 tibi

513 1545 667 1598 trado
690 1544 863 1597 illum.
906 1541 1117 1596 Nudum
1144 1541 1295 1595 illum
1326 1540 1618 1609 reliquisti,
1651 1540 1853 1594 nudum
1880 1540 2087 1595 constio

512 1636 684 1699 tuisti,
713 1636 884 1691 solum
916 1634 1219 1701 reddidisti,
1270 1634 1445 1689 solum
1476 1634 1625 1686 illum
1658 1633 1753 1687 tibi
1802 1631 1976 1691 trado.
2030 1639 2087 1685 et

507 1730 743 1799 accipies
792 1729 940 1783 illum
989 1728 1185 1785 solum.
1264 1729 1513 1781 Animam
1568 1740 1676 1781 non
1741 1723 2080 1794 quazsivisti,

506 1824 742 1875 animam
787 1838 851 1876 ne
894 1821 1123 1890 tetigeris
1180 1820 1246 1874 ⁸¹.
1297 1820 1529 1875 Carnem
1588 1830 1641 1874 et
1694 1835 1816 1875 ossa
1874 1818 2080 1888 petisti,

505 1917 737 1971 animam
760 1932 821 1969 ne
852 1916 1103 1985 tetigeris.
1148 1913 1384 1969 Contere
1424 1922 1639 1967 tantum
1671 1927 1916 1976 carnem,
1952 1910 2082 1965 allii-

505 2023 572 2078 ge
614 2021 769 2073 ossa,
802 2006 1035 2059 animam
1086 2022 1149 2059 ne
1183 2004 1435 2079 tetigeris.
1483 2003 1711 2057 Terram
1749 2002 1849 2057 tibi
1898 2004 2079 2066 trado,

504 2099 649 2152 ctelo
693 2114 759 2152 ne
789 2096 1333 2166 appropinquaveris.
1387 2094 1806 2165 Corruptionem
1855 2094 2078 2159 habeto,

504 2190 966 2258 incorruptionem
993 2204 1059 2242 ne
1085 2188 1351 2256 tetigeris,
1390 2186 1497 2241 hoc
1526 2195 1610 2241 est
1650 2186 1911 2239 animam.
1947 2183 2080 2239 Ter-

508 2298 703 2337 renum
765 2296 860 2335 vas
912 2279 1193 2349 confringe
1239 2289 1297 2333 ut
1338 2278 1609 2345 volueris,
1649 2278 1897 2333 interiori
1947 2290 2081 2331 vero

504 2376 765 2429 thesauro
794 2389 861 2429 ne
918 2372 1461 2445 appropinquaveris.
1503 2369 1689 2425 Lutea:
1720 2379 1875 2425 testas
1907 2368 2077 2424 facito

502 2466 650 2539 quod
716 2466 999 2531 volueris,
1085 2464 1536 2533 pretiosissimam
1604 2476 1737 2517 vero
1811 2461 2078 2530 margari-

504 2573 614 2614 tam
677 2574 745 2614 ne
791 2557 1057 2628 tetigeris.
1102 2555 1217 2611 Non
1260 2554 1559 2609 maculavit
1598 2554 1748 2608 illam
1790 2554 2074 2622 iniquitas,

502 2669 608 2708 non
680 2652 902 2706 violavit
948 2650 1096 2704 illam
1164 2650 1397 2719 pessima
1452 2649 1733 2719 cogitatio,
1791 2663 1899 2702 non
1955 2662 2078 2716 per-

501 2746 663 2800 vertit
722 2745 864 2799 illam
910 2744 1004 2799 Dei
1064 2743 1444 2812 blasphemia,
1509 2757 1616 2797 non
1671 2740 1867 2812 polluit
1931 2739 2076 2794 illam

498 2836 777 2892 Creatoris
844 2836 1213 2906 reprehensio.
1274 2835 1483 2889 Idcirco
1554 2833 1786 2887 animans
1844 2833 1958 2901 ejus
2011 2848 2075 2885 ne

500 2928 751 2995 tetigeris.
783 2925 979 2989 Meum,
1012 2924 1206 2993 inquit,
1238 2923 1446 2993 plasma
1477 2931 1559 2977 est
1590 2922 1922 2985 inviolabile,
1955 2935 2075 2977 mea

499 3022 763 3076 habitatio
808 3029 895 3075 est
937 3018 1401 3081 incontaminata,
1437 3030 1557 3070 mea
1601 3014 1961 3070 commoratio
1990 3024 2077 3070 est

498 3108 918 3177 incoinquinata.
962 3106 1088 3161 ideo
1128 3105 1367 3159 animam
1395 3106 1511 3175 ejus
1543 3120 1613 3159 ne
1645 3105 1922 3174 tetigeris,
1954 3118 2076 3172 quae

2198 621 2395 691 inquit,
2422 624 2659 677 animam
2691 621 2816 677 Job.
2848 623 3199 678 Conculcabit
3241 625 3386 678 enim
3411 636 3572 694 caput
3599 638 3777 694 tuum,

2196 722 2247 767 et
2283 715 2616 769 comminuet
2640 716 2895 771 virtutem
2933 726 3076 770 tuam
3096 755 3114 780 ,
3140 726 3195 771 et
3221 726 3469 771 conteret
3500 717 3776 772 fortitudi-

2196 819 2318 859 nem
2352 813 2523 869 tuam,
2548 816 2603 861 et
2633 807 2937 862 humiliabit
2967 807 3305 861 altitudinem
3337 815 3484 861 tuam
3508 849 3523 873 ,
3555 816 3611 863 et
3642 808 3775 876 deji-

2193 897 2305 951 ciet
2348 897 2636 953 elationem
2685 907 2858 963 tuam,
2896 908 2954 954 et
2990 899 3386 953 demonstrabit
3434 902 3582 954 omni
3618 900 3774 955 carni

2195 988 2446 1044 ﬁduciam
2479 988 2547 1043 ad
2571 990 2822 1044 standum
2855 989 3140 1043 adversum
3176 997 3230 1043 te
3258 999 3569 1045 constanter
3600 1006 3773 1061 usque

2194 1080 2247 1135 in
2275 1082 2494 1137 saecula.
2522 1081 2791 1152 Malignus
2825 1096 3059 1152 namque
3111 1096 3171 1137 es
3214 1093 3269 1136 et
3304 1082 3591 1147 invalidus,
3619 1084 3773 1138 calli-

2191 1172 2294 1229 dus
2340 1184 2504 1244 atque
2549 1174 2818 1239 inﬁrmus,
2872 1183 3088 1229 astutus
3132 1176 3200 1228 ad
3245 1174 3641 1241 insidiandum,
3672 1176 3771 1231 sed

2193 1268 2547 1336 impossibilis
2576 1267 2642 1321 ad
2676 1266 3092 1337 opprimendum
3116 1306 3134 1331 ,
3160 1268 3352 1322 doctus
3376 1267 3444 1323 ad
3490 1268 3771 1339 decipien-

2190 1360 2339 1425 dum,
2375 1367 2433 1413 et
2460 1358 2725 1413 invalidus
2759 1358 2827 1413 ad
2855 1358 3236 1414 resistendum.
3261 1358 3396 1413 Nam
3437 1359 3581 1415 sicut
3606 1360 3769 1416 facile

2188 1445 2401 1500 seducit
2427 1446 2712 1501 instabiles
2740 1455 2903 1514 atque
2948 1447 3283 1514 incredulos,
3323 1464 3445 1503 cum
3486 1450 3558 1505 sit
3608 1451 3766 1505 calli-

2189 1537 2467 1603 dissimus,
2493 1538 2743 1592 similiter
2798 1538 2959 1593 facile
3008 1540 3267 1595 resistunt
3318 1541 3393 1596 illi
3419 1557 3609 1598 omnes
3628 1540 3765 1609 justi

2187 1639 2351 1698 atque
2382 1631 2685 1696 credentes,
2714 1646 2908 1701 omnes
2953 1631 3121 1686 Deum
3170 1634 3421 1690 timentes
3460 1645 3623 1705 atque
3663 1634 3768 1690 Job

2189 1722 2490 1789 imitantes,
2524 1733 2708 1793 utpote
2757 1723 3011 1780 invalido.
3045 1726 3104 1779 in
3149 1727 3380 1781 arbitrio
3408 1742 3543 1798 ergo
3580 1729 3765 1784 homi-

2187 1832 2315 1871 num
2350 1826 2433 1871 est
2460 1826 2724 1886 potestas,
2755 1819 3019 1873 sanctitas
3046 1828 3209 1888 atque
3231 1823 3561 1876 constantia.
3582 1820 3642 1877 lu
3669 1838 3762 1877 ar-

2113 1874 2157 1934 Β
2185 1907 2348 1963 bitrio
2379 1874 2476 1963 est-
2510 1874 2790 1964 hominum
2839 1918 3084 1979 potestas
3120 1874 3251 1966 lidei
3304 1927 3368 1968 ac
3407 1874 3645 1981 pietatis.
3702 1874 3763 1970 Si

2182 1999 2328 2053 enim
2354 1998 2627 2054 voluerint
2659 1999 2935 2054 declinare
2969 2015 3001 2054 a
3049 2000 3245 2067 malis,
3284 2012 3339 2056 et
3382 2000 3564 2057 facere
3597 2003 3761 2069 bona,

2180 2098 2236 2144 et
2268 2088 2470 2154 Valent,
2499 2097 2556 2143 et
2590 2096 2839 2157 possunt,
2871 2095 2929 2141 et
2978 2101 3084 2141 non
3118 2088 3378 2157 praevalet
3402 2087 3509 2143 illis
3540 2089 3763 2158 nequis-

2183 2180 2375 2243 simus,
2406 2182 2451 2235 si
2478 2180 2644 2235 fuerit
2673 2195 2770 2235 cor
2798 2194 2988 2235 eorum
3020 2180 3317 2236 secundum
3349 2179 3541 2245 Deum,
3561 2182 3606 2235 si
3641 2181 3761 2235 fue~

2182 2276 2253 2329 rit
2290 2276 2539 2330 voluntas
2580 2290 2769 2330 eorum
2818 2274 2872 2329 in
2919 2274 3232 2338 sanctitate,
3274 2275 3320 2329 si
3357 2275 3533 2329 anima
3569 2289 3764 2329 eorum

2182 2369 2345 2424 fuerit
2371 2369 2426 2423 in
2456 2369 2705 2435 veritate,
2733 2370 2778 2424 si
2807 2384 2963 2425 mens
3006 2370 3059 2424 in
3089 2369 3195 2423 ﬁde
3226 2382 3293 2423 ac
3325 2368 3556 2438 pietate,
3582 2368 3627 2422 si
3666 2370 3763 2421 ad.

2180 2456 2491 2518 monuerint
2538 2462 2860 2531 semetipsos
2890 2461 2942 2516 in
2978 2460 3411 2516 misericordiam
3453 2469 3511 2514 et
3537 2460 3762 2514 misera-

2180 2555 2381 2610 tionem
2407 2594 2424 2619 ,
2454 2554 2508 2609 in
2542 2554 2685 2608 bona
2714 2569 2876 2625 opera
2920 2561 3083 2623 atque
3111 2552 3294 2607 omnia
3321 2566 3442 2621 qua:
3476 2552 3527 2605 in
3564 2551 3657 2606 Dei
3693 2552 3761 2605 ti-

2179 2661 2329 2701 more
2359 2646 2736 2716 perﬁciuntur,
2762 2655 2819 2701 et
2844 2646 2912 2701 de
2939 2646 3190 2702 omnibus
3212 2660 3332 2715 quae
3353 2643 3507 2713 juxta
3538 2644 3634 2699 Dei
3663 2658 3761 2699 vo-

2179 2736 2442 2792 luntatem
2474 2737 2628 2792 ﬁunt.
2665 2736 2798 2793 Cum
2833 2739 2979 2792 enim
3020 2738 3269 2792 voluntas
3301 2737 3579 2791 hominum
3623 2751 3760 2791 con-

2178 2832 2410 2887 senserit
2434 2830 2698 2886 voluntati
2749 2830 2867 2896 Dei,
2915 2838 3043 2885 tunc
3092 2830 3273 2883 omnia
3305 2843 3425 2898 qua:
3459 2828 3598 2883 bona
3629 2836 3759 2883 sunt

2177 2922 2336 2978 facile
2363 2922 2649 2993 perﬁciunt
2675 2921 2944 2977 homines.
2974 2921 3109 2977 Cum
3138 2922 3202 2976 iis
3228 2920 3427 2991 quibus
3448 2920 3756 2976 delectatur

2178 3010 2339 3077 Deus,
2371 3012 2623 3069 delectati
2660 3011 2865 3067 fuerint
2906 3011 3193 3077 homines,
3231 3022 3359 3066 tunc
3394 3011 3756 3066 nihilominus

2176 3106 2357 3160 omnia
2385 3118 2726 3174 quaecunque
2754 3103 2862 3157 vita
2900 3104 3059 3175 digna
3084 3115 3234 3167 sunt,
3268 3112 3467 3173 praesto
3497 3111 3623 3158 sunt
3652 3102 3756 3158 ho-

498 3200 565 3254 ad
596 3200 881 3269 imaginem
915 3197 1009 3252 Dei
1054 3208 1137 3252 est
1164 3207 1364 3262 creata,
1403 3211 1524 3265 quae
1556 3195 1951 3265 incorruptibili
1986 3209 2074 3250 sa-
2101 3215 2143 3273 ρ
2178 3197 2434 3253 minibus.
2465 3197 2602 3252 Nam
2631 3208 2686 3253 et
2718 3196 2823 3252 Job
2848 3198 3010 3251 homo
3038 3195 3139 3251 fuit
3166 3195 3425 3260 carnalis,
3457 3196 3559 3251 fuit
3581 3205 3754 3253 terre-

497 3291 695 3361 pientia
729 3300 810 3347 est
845 3292 1068 3355 imbuta,
1094 3304 1215 3359 qute
1242 3304 1492 3343 sermone
1520 3297 1578 3343 et
1604 3288 1832 3342 scientia
1859 3296 1943 3342 est
1975 3302 2072 3343 co-

498 3393 719 3446 ronata,
755 3398 873 3451 quae
910 3382 1001 3435 Dei
1033 3380 1346 3451 cognitione
1377 3388 1460 3434 est
1510 3380 1694 3433 induta
1720 3418 1736 3443 ,
1782 3394 1902 3448 quae
1953 3392 2074 3433 cor-

497 3476 732 3546 ruptibili
763 3476 1133 3529 dominatione
1159 3473 1320 3542 hujus
1364 3474 1547 3528 mundi
1575 3484 1657 3527 est
1686 3472 2071 3537 honoriﬁcata,

494 3581 612 3638 qua:
639 3568 797 3639 paulo
826 3569 1087 3623 minorem
1112 3567 1337 3635 gloriam
1360 3567 1431 3619 ab
1455 3566 1662 3636 angelis
1685 3580 1844 3635 super
1869 3576 2069 3621 terram

491 3668 576 3714 est
610 3660 820 3729 adepta.
857 3656 1007 3712 lianc
1047 3657 1257 3712 scilicet
1291 3657 1527 3710 animam
1573 3671 1639 3711 ne
1674 3657 1947 3727 tetigeris,
1980 3672 2074 3711 ne-

491 3768 597 3821 que
624 3751 750 3806 huic
782 3750 1323 3820 appropinquaveris,
1353 3762 1529 3817 neque
1556 3747 2068 3809 communicaveris,

491 3858 666 3913 neque
701 3842 1107 3898 commiscearis
1130 3881 1146 3907 ,
1182 3855 1357 3911 neque
1390 3840 1689 3904 obtuderis,
1719 3854 1894 3911 neque
1924 3838 2067 3894 infa-

493 3934 753 3996 tuaveris,
776 3947 951 4003 neque
984 3932 1319 4002 fatigaveris,
1344 3946 1519 4001 neque
1545 3934 1842 4004 deceperis.
1879 3932 2069 3989 Omni-

488 4024 589 4079 bns
640 4025 823 4093 itaque
864 4023 1035 4077 modis
1078 4023 1315 4076 animam
1361 4023 1478 4093 ejus
1507 4037 1640 4078 cave
1686 4038 1756 4079 ne
1800 4023 2063 4093 tetigeris.

486 4114 622 4169 Nam
673 4124 727 4170 tu
758 4130 880 4177 cum
916 4114 1151 4167 animam
1184 4114 1301 4184 ejus
1338 4128 1447 4168 non
1481 4115 1757 4185 tetigeris,
1797 4130 1973 4187 neque
2011 4117 2063 4172 ei

488 4207 914 4276 proximaveris,
951 4220 1227 4275 nunquam
1278 4221 1365 4261 me
1411 4205 1675 4263 innocens
1716 4206 1834 4276 ejus
1883 4210 2064 4265 anima

485 4298 726 4366 negabit.
762 4294 869 4351 Pro
920 4296 1005 4349 his
1050 4308 1182 4365 ergo
1216 4296 1472 4350 omnibus
1516 4298 1756 4351 animam
1786 4297 1905 4366 eius
1931 4313 2065 4355 cave

485 4405 552 4445 ne
584 4389 844 4459 tetigeris.
873 4386 990 4441 Non
1021 4388 1263 4456 tetigisti,
1292 4387 1485 4456 inquit,
1513 4389 1750 4442 animam
1778 4387 1976 4459 Joseph
2008 4391 2062 4444 in

485 4485 719 4547 luxuria,
742 4498 849 4536 non
873 4480 1099 4551 tetigisti
1121 4481 1353 4533 animam
1382 4480 1616 4534 Abrahae
1648 4482 1703 4533 in
1735 4480 2058 4546 tentatione,

2179 3306 2301 3354 nus,
2328 3289 2719 3359 corruptibilis,
2752 3288 2876 3344 talis
2903 3288 3094 3358 quales
3127 3303 3320 3343 omnes
3358 3288 3628 3356 homines,
3654 3289 3754 3345 sed

2175 3368 2421 3437 devotior
2443 3392 2607 3451 atque
2629 3382 2924 3438 studiosior
2944 3382 3091 3436 circa
3109 3382 3510 3453 eleemosynas,
3534 3391 3592 3436 et
3610 3381 3751 3437 bona

2174 3488 2339 3543 Opera
2359 3474 2412 3527 in
2440 3473 2545 3528 ﬁde
2569 3488 2635 3528 ac
2664 3472 2757 3527 Dei
2784 3472 2980 3528 timore
3001 3488 3112 3541 pra:
3135 3473 3387 3527 omnibus
3415 3473 3751 3528 hominibus.

2173 3565 2382 3620 Idcirco
2413 3563 2763 3632 acceptabilis
2798 3563 2901 3619 l‘uit
2928 3562 3032 3619 Job
3080 3562 3190 3619 Deo
3222 3578 3387 3633 super
3420 3578 3611 3618 omnes
3652 3564 3751 3619 ho.

2174 3657 2391 3723 mines;
2453 3657 2661 3713 idcirco
2706 3657 2981 3727 superavit
3022 3657 3407 3726 nequissimum
3452 3656 3749 3722 diabolum,

2172 3750 2345 3819 magis
2386 3765 2550 3819 quam
2594 3763 2784 3805 omnes
2835 3749 3084 3805 homines
3129 3750 3181 3804 in
3220 3758 3463 3821 tempore
3496 3766 3615 3808 suo.
3656 3752 3750 3806 Sic

2169 3843 2355 3912 itaque
2382 3851 2611 3913 possunt
2633 3858 2822 3899 omnes
2850 3844 3097 3899 homines
3116 3844 3207 3914 qui
3236 3843 3528 3910 voluerint,
3552 3854 3606 3899 et
3638 3844 3749 3900 Deo

2166 3934 2405 4005 placere,
2435 3945 2497 3989 et
2521 3935 2734 3991 diabolo
2762 3934 3053 4001 resistere,
3086 3946 3140 3991 et
3173 3936 3503 3991 voluntatem
3533 3936 3626 3991 Dei
3659 3937 3748 3990 fa-

2168 4039 2327 4088 cere,
2363 4034 2419 4079 et
2450 4024 2503 4078 in
2539 4039 2766 4095 regnum
2807 4024 3070 4080 ctelorum
3104 4025 3357 4089 introire,
3408 4034 3465 4079 et
3494 4025 3547 4080 in
3576 4026 3745 4081 vitam

2166 4124 2426 4169 aeternam
2461 4115 2825 4183 requiescere.
2860 4113 2965 4169 Aut
3012 4113 3187 4170 adhuc
3231 4115 3528 4170 secundum
3570 4114 3743 4185 ipsam

2167 4206 2475 4261 historiam.
2508 4206 2755 4259 Animam
2780 4244 2798 4270 ,
2829 4204 3044 4275 inquit,
3087 4209 3200 4274 ejus
3233 4222 3297 4260 ne
3340 4207 3606 4277 tetigeris,
3639 4208 3745 4262 hoc

2165 4306 2249 4352 est
2285 4313 2353 4353 ne
2390 4313 2510 4353 eam
2562 4309 2691 4352 ante
2717 4308 2932 4367 tempus
2970 4298 3038 4352 de
3075 4312 3305 4367 corpore
3345 4297 3557 4366 ejicias.
3589 4300 3667 4354 Ac
3692 4298 3741 4353 si

2163 4388 2410 4444 diceret:
2439 4389 2514 4443 lta
2539 4389 2800 4445 demetire
2822 4391 2997 4458 ipsum
3019 4387 3263 4445 dolorem
3294 4402 3461 4460 atque
3489 4393 3744 4459 corporis

2163 4497 2383 4552 pinnam
2403 4523 2419 4547 ,
2451 4493 2509 4538 ut
2537 4485 2706 4553 ipsam
2741 4485 2975 4538 animam
3000 4496 3128 4539 ante
3177 4495 3389 4553 tempus
3413 4485 3482 4542 de
3508 4498 3744 4554 corpore

482 4592 590 4631 non
630 4574 851 4645 tetigisti
889 4575 1121 4627 animam
1152 4573 1269 4627 Noe
1303 4574 1361 4627 in
1398 4572 1576 4626 medio
1606 4573 1913 4643 gigantum,
1948 4588 2055 4627 non
2088 4578 2134 4631 D
2162 4575 2316 4629 exire
2345 4590 2451 4631 non
2482 4576 2795 4647 compellas.
2825 4574 2946 4631 Noli
2986 4591 3116 4645 ergo
3158 4576 3489 4632 mortiﬁcare
3515 4592 3736 4647 corpus,

484 4668 706 4739 tetigisti
750 4667 936 4721 Enoch
978 4667 1033 4720 in
1065 4666 1242 4721 medio
1287 4666 1633 4734 injustorum,
1681 4681 1788 4719 non
1830 4666 2055 4736 tetigisti

479 4758 718 4811 animam
770 4756 901 4811 Abel
938 4757 1277 4811 innocentem
1329 4758 1449 4827 ejus
1477 4757 1874 4813 internecione.
1915 4758 2056 4829 Ergo

479 4852 605 4919 quia
660 4851 903 4916 nullius,
941 4851 1155 4919 inquit,
1199 4850 1414 4903 illorum
1460 4850 1696 4904 animam
1746 4850 1991 4919 tetigisti,
2024 4868 2058 4907 o

479 4943 728 5010 diabolo,
774 4944 979 4997 idcirco
1017 4944 1347 4997 imtnacuiati
1396 4958 1586 4998 omnes
1626 4954 1787 5014 atque
1825 4945 1966 4998 beati
1999 4946 2055 5000 in

479 5046 771 5104 conspectu
802 5052 922 5091 meo
950 5036 1311 5090 consummati
1340 5044 1485 5091 sunt.
1511 5035 1632 5091 Noli
1661 5052 1793 5105 ergo
1823 5052 1922 5093 nec
1953 5038 2055 5094 Job

477 5127 710 5181 animam
738 5138 976 5198 tangere,
1001 5138 1056 5181 et
1080 5127 1345 5198 gloriosus
1371 5130 1534 5182 etiam
1560 5129 1647 5183 hic
1678 5130 1734 5183 in
1758 5139 2052 5199 conspectu

478 5234 599 5273 meo
627 5222 1111 5275 consutnmabitur.
1164 5221 1283 5274 Non
1320 5222 1577 5289 tetigisti,
1610 5222 1806 5292 inquit,
1844 5230 2052 5292 marty-

478 5325 596 5364 rntn
628 5325 868 5363 meorum
904 5312 1150 5379 animas,
1188 5328 1295 5366 non
1344 5313 1566 5383 tetigisti
1600 5315 1928 5369 mirabilium
1958 5330 2051 5370 ve-

476 5402 769 5455 ridicorum
800 5418 1043 5457 meorum
1075 5406 1295 5458 testium
1340 5406 1571 5460 animas.
1618 5405 1823 5460 Idcirco
1857 5407 1894 5459 ii
1926 5422 2049 5461 suc-

476 5497 795 5550 cumbentes
837 5497 1118 5562 universi,
1164 5507 1383 5565 propter
1415 5497 1572 5553 ﬁdem
1601 5507 2048 5568 contempserunt

476 5595 730 5649 mortem,
764 5587 882 5642 ideo
911 5588 1214 5642 intaminati
1246 5604 1460 5644 omnem
1504 5589 1644 5659 ignis
1670 5605 1886 5658 poenam
1919 5591 2043 5644 irri-

475 5688 665 5735 serunt
697 5687 858 5748 atque
881 5679 1065 5749 gladii,
1091 5681 1284 5734 merito
1316 5680 1861 5737 immarcescibilibus
1884 5697 2039 5738 coro-

546 5860 590 5889 "
626 5855 726 5913 Job
758 5875 821 5926 tt,
854 5859 908 5914 6.
986 5860 1028 5890 ⁸⁸
1056 5859 1184 5915 ibid.
1263 5858 1307 5890 "
1344 5858 1475 5915 ibid.
1504 5860 1542 5913 7.

2167 4686 2235 4726 ne
2262 4679 2388 4725 ante
2417 4669 2806 4735 perfectionem
2842 4671 3185 4736 constantiae,
3208 4670 3293 4724 vel
3316 4674 3743 4726 consummatio-

2166 4777 2289 4817 nem
2321 4762 2621 4817 tolerantia:
2653 4762 2900 4816 discedat
2930 4762 3134 4815 anima.
3155 4762 3245 4817 Sic
3272 4762 3457 4832 itaque
3482 4760 3742 4819 omnibus

2165 4855 2341 4908 modis
2376 4863 2485 4908 tam
2508 4852 2844 4917 carnalibus,
2867 4867 3030 4922 quam
3054 4854 3218 4908 etiam
3248 4854 3585 4923 spiritalibus
3616 4870 3737 4914 ant-

2164 4959 2306 4998 mam
2336 4959 2403 4999 ne
2435 4944 2695 5015 tetigeris.
2727 4942 2857 4998 Post
2890 4958 3010 5012 quae
3045 4945 3318 5010 universa,
3358 4944 3530 5001 dicit:
3562 4945 3737 5004 Exivi:

2162 5034 2404 5088 diabolus
2438 5052 2471 5087 α
2517 5033 2652 5101 facie
2680 5032 2891 5086 Domini
2915 5033 2985 5087 ".
3014 5034 3294 5099 Quomodo
3328 5032 3499 5090 exivit
3533 5052 3565 5091 a
3596 5037 3739 5093 facie

2162 5128 2374 5182 Domini
2418 5127 2466 5181 is
2493 5126 2586 5196 qui
2627 5126 2879 5196 indignus
2923 5135 3005 5181 est
3038 5127 3323 5195 prsesentia
3352 5126 3615 5183 Domini?
3643 5130 3737 5185 Sic

2159 5221 2327 5275 exivit
2348 5237 2375 5273 a
2404 5219 2541 5273 facie
2562 5218 2955 5285 Domini,sicut
2980 5226 3034 5273 et
3061 5219 3207 5272 venit
3228 5227 3353 5275 ante
3380 5230 3732 5291 conspectum

2160 5315 2394 5371 Domini.
2456 5314 2549 5369 Sic
2600 5315 2806 5378 exivit,
2862 5311 3314 5382 quemadmodum
3368 5323 3423 5367 et
3480 5315 3733 5384 superius

2156 5419 2431 5463 ostensum
2459 5421 2522 5461 ac
2549 5414 2901 5461 memoratum
2936 5411 3055 5459 est:
3087 5402 3269 5459 Exivi:
3296 5405 3540 5459 diabolus
3576 5422 3610 5459 α
3645 5407 3732 5475 fo-

2155 5501 2231 5553 cie
2268 5499 2495 5553 Domini.
2537 5498 2717 5552 Exivit
2745 5538 2759 5559 .
2802 5500 2897 5553 sed
2938 5512 3044 5553 non
3092 5498 3405 5553 carnalibus
3459 5498 3727 5567 vestigiis,

2156 5604 2328 5658 neque
2378 5588 2819 5658 corruptibilihus
2863 5588 3181 5659 gressibus,
3224 5591 3318 5643 sed
3377 5590 3727 5658 nequissimis

2154 5682 2597 5753 cogitationibus,
2630 5680 2827 5750 quibus
2856 5678 3117 5737 adversus
3137 5678 3239 5735 Job
3275 5678 3525 5747 nequiter
3555 5677 3728 5732 medi-
