4174 6384
377 344 483 399 ωδ

1466 339 1845 397 ANONYMUS
1882 338 1950 394 IN
1986 336 2129 393 JOB.
2166 368 2233 379 —
2271 336 2398 391 LIB.
2440 333 2507 388 II.

3510 325 3617 382 466

304 468 307 471 ’
379 472 519 516 tatus
548 472 631 517 est
662 469 819 531 atque
853 461 1109 530 cOgitavit
1133 460 1435 516 aemulando
1462 471 1624 530 atque
1652 458 1942 515 invidendo
1971 462 2019 519 Α
2046 464 2207 525 atque
2237 453 2658 523 impmnitentes,
2697 445 2791 517 qui
2826 444 2891 498 ad
2926 443 3093 499 Deum
3128 458 3233 499 non
3269 453 3613 512 convertunt,

379 556 652 609 innocenti
685 555 758 609 illi
794 562 957 624 atque
988 553 1154 623 justo.
1199 552 1290 609 Sic
1322 554 1503 621 itaque
1531 552 1948 623 cogitationibus

378 650 527 702 venit
556 656 682 701 ante
712 647 875 700 Deum
902 661 1151 716 quaerens
1175 661 1239 701 ac
1267 646 1601 708 desiderans,
1631 655 1689 699 ut
1719 642 1820 699 Job
1851 658 1946 697 ac-

379 741 582 808 ciperet
604 739 658 793 in
684 740 1025 809 potestatem.
1052 736 1143 792 Sic
1166 738 1460 792 identidem
1493 736 1947 805 nequissimorum

381 832 733 885 consiliorum
786 830 1062 898 accipiens
1101 828 1523 898 perfectionem,
1569 829 1673 883 hoc
1718 836 1805 882 est
1848 825 1949 882 Job

379 928 703 989 potestatem
755 922 823 976 ad
856 920 1209 991 ‘aﬂligendum
1263 936 1485 976 carnem
1535 928 1590 973 et
1643 934 1765 975 ossa
1810 920 1946 989 ejus,

381 1028 505 1066 nam
540 1012 642 1068 hoc
666 1013 958 1069 meditatus
979 1014 1250 1084 quaesivit,
1278 1012 1455 1067 Exivit
1484 1029 1514 1067 a
1546 1012 1682 1075 facie
1712 1010 1949 1077 Domini,

382 1105 487 1158 hoc
522 1112 604 1158 est
650 1104 855 1173 quievit
903 1103 1151 1159 meditari
1183 1118 1247 1159 ac
1276 1104 1550 1174 cegitare,
1599 1102 1689 1172 qui
1742 1103 1948 1171 pridem

379 1195 670 1248 meditatus
714 1193 892 1248 fuerat
930 1203 1092 1265 atque
1138 1194 1493 1262 cogitaverat.
1542 1193 1675 1248 Nam
1705 1194 1946 1265 primum

382 1287 523 1356 apud
552 1284 899 1355 semetipsum
924 1288 1173 1356 nequiter
1196 1286 1463 1341 meditans
1493 1293 1656 1355 atque
1678 1284 1949 1352 cogitans,

381 1377 516 1433 dixit
540 1393 556 1430 :
586 1375 719 1442 Quis
745 1374 873 1429 mihi
891 1376 1066 1442 daret,
1092 1384 1152 1431 ut
1170 1390 1386 1445 possem
1403 1374 1589 1429 venire
1608 1382 1735 1428 ante
1758 1373 1948 1438 Deum,

380 1481 437 1526 et
467 1470 707 1526 invenire
754 1477 1077 1539 potestatem
1120 1468 1339 1532 carnis,
1374 1467 1689 1537 ossiumque
1720 1464 1840 1529 Job,
1892 1473 1953 1517 ut

382 1561 628 1631 aﬂligens
669 1562 816 1616 illum
867 1561 1161 1616 secundum
1212 1560 1452 1614 animum
1481 1573 1661 1614 meum
1704 1571 1951 1627 cogerem

381 1670 504 1711 eum
546 1652 943 1723 reprehendere
980 1652 1129 1706 illum
1169 1665 1330 1720 quem
1372 1667 1515 1706 nunc
1558 1650 1849 1720 praedicat,
1898 1659 1954 1704 et

2048 547 2139 618 qui
2186 545 2560 616 paenitentiam
2605 555 2708 595 non
2746 535 3104 601 conﬁtentur,
3162 535 3255 605 qui
3295 535 3488 589 faciem
3520 535 3618 589 Dei

2049 657 2153 695 non
2188 639 2489 708 requirunt,
2523 636 2614 706 qui
2654 635 2747 689 Dei
2791 632 3052 703 judicium
3084 644 3189 684 non
3218 635 3485 692 metuunt,
3520 626 3617 696 qui

2048 746 2263 803 pinnam
2314 727 2613 783 inferorum
2664 740 2769 779 non
2834 720 3297 781 contremiscunt,
3339 718 3430 787 qui
3482 732 3616 772 con-

2050 823 2391 881 demnatione
2422 821 2681 890 gehennae
2712 832 2817 872 non
2845 823 3139 871 terrentur.
3172 812 3286 867 Hoc
3315 819 3619 866 metuentes

2049 931 2238 973 omnes
2265 914 2399 982 justi
2436 914 2627 968 devote
2656 909 2926 981 deprecati
2963 915 3091 963 sunt
3121 904 3287 960 Deum
3335 903 3615 957 dicentes:

2054 1007 2138 1062 Ne
2173 1004 2423 1075 projicias
2463 1017 2545 1056 me
2580 1018 2613 1054 a
2658 1000 2793 1070 {acie
2830 1008 2923 1052 tua
2959 997 3027 1052 ³⁸.
3070 994 3137 1048 Et
3185 993 3352 1049 alibi:
3403 989 3620 1045 Faciem

2051 1109 2216 1162 tuam,
2249 1094 2487 1157 Domine,
2515 1093 2799 1163 requiram.
2843 1089 2925 1143 Ne
2960 1096 3163 1142 avertas
3192 1076 3382 1154 faciem
3418 1094 3563 1137 tuam
3588 1099 3622 1136 a

2049 1207 2130 1244 me
2156 1188 2225 1255 ”,
2253 1197 2307 1243 et
2336 1186 2440 1241 alia
2466 1185 2701 1256 plurima
2726 1184 2812 1237 bis
2836 1180 3060 1237 similia.
3090 1178 3167 1232 Ex
3200 1177 3319 1232 istis
3347 1190 3477 1245 ergo
3504 1190 3622 1229 om-

2050 1281 2209 1336 nibus
2239 1279 2352 1334 cxit
2392 1275 2663 1332 diabolus.
2707 1274 2912 1350 omnes
2959 1271 3053 1341 qui
3099 1271 3167 1325 ab
3195 1284 3260 1325 eo
3293 1270 3344 1322 in
3376 1283 3620 1322 errorem

2051 1371 2328 1427 ducuntur
2357 1376 2518 1436 atque
2543 1363 2904 1425 seducuntur,
2938 1370 2993 1415 et
3019 1372 3209 1412 omnes
3244 1357 3333 1426 qui
3372 1355 3626 1441 volunta-l

2051 1470 2159 1519 tem
2200 1460 2318 1530 ejus
2369 1456 2615 1521 faciunt,
2654 1463 2709 1509 et
2759 1468 2948 1508 omnes
2994 1450 3087 1521 qui
3136 1449 3203 1504 ad
3247 1446 3622 1517 paenitendum

2050 1553 2217 1610 corda
2248 1565 2347 1606 sua
2374 1546 2667 1611 obdurant,
2693 1546 2780 1600 isti
2809 1558 2999 1599 omnes
3029 1539 3390 1611 projiciuntur
3424 1554 3456 1592 a
3486 1536 3626 1592 facie

2052 1648 2170 1715 Dei,
2206 1646 2294 1703 isti
2328 1656 2520 1699 omnes
2547 1638 2890 1709 expelluntur
2926 1635 2980 1689 in
3013 1632 3262 1689 tenebras
3299 1630 3621 1692 exteriores,

382 1759 584 1815 negare
609 1720 762 1799 illum
786 1743 872 1798 cui
897 1757 1041 1797 nunc
1069 1743 1271 1813 gratias
1308 1742 1459 1811 agit?
1492 1741 1615 1797 Istis
1643 1757 1775 1813 ergo
1803 1741 1953 1812 cogi-
1984 1805 2024 1815 ᾳ
2054 1751 2108 1796 et
2141 1741 2317 1810 ignem
2350 1729 2866 1802 inexstinguibilem,
2903 1727 2992 1796 qui
3032 1726 3479 1815 praeparatusest
3507 1720 3626 1815 dia-

383 1805 680 1892 tationibus
704 1836 913 1906 pridem
938 1805 1098 1889 venit
1111 1841 1236 1888 ante
1264 1805 1570 1889 Dominum.
1596 1805 1801 1889 Deinde
1828 1805 1950 1888 cum
1984 1805 2026 1860 Β
2053 1805 2185 1888 bolo
2203 1872 2217 1895 ,
2270 1838 2327 1885 et
2373 1824 2578 1897 angelis
2623 1824 2740 1891 ejus
2760 1861 2776 1885 ,
2810 1829 2977 1890 atque
3004 1817 3256 1906 omnibus
3298 1813 3387 1906 qui
3413 1812 3627 1906 iaciunt

383 1927 677 1997 accepisset
706 1933 1028 1997 potestatem
1057 1924 1191 1991 Job,
1224 1940 1289 1981 ac
1320 1926 1625 1996 quiesceret
1664 1926 1777 1981 hinc
1806 1927 1953 1997 cogi-

384 2030 522 2083 tare,
551 2030 834 2088 postquam
858 2017 1064 2087 quievit
1086 2018 1299 2073 abistis
1321 2018 1762 2075 meditationibus
1789 2030 1953 2091 atque

381 2110 649 2175 consiliis,
679 2110 856 2164 exisse
891 2108 1093 2163 dicitur
1130 2122 1161 2163 a
1195 2109 1336 2165 facie
1383 2108 1618 2165 Domini.
1649 2112 1790 2182 Ergo
1820 2114 1949 2184 quia

381 2202 631 2258 exierunt
646 2217 674 2256 a
694 2202 832 2257 facie
854 2200 1063 2255 Domini
1080 2202 1436 2269 cogitationes
1454 2203 1593 2272 ejus,
1617 2205 1813 2259 merito
1838 2206 1954 2275 ipse

381 2294 580 2350 dicitur
596 2294 748 2350 exire
776 2309 805 2348 a
835 2295 973 2349 facie
1000 2294 1235 2359 Domini,
1266 2295 1368 2349 hoc
1393 2303 1478 2349 est
1526 2302 1789 2350 tractatus
1811 2296 1953 2363 ejus,

382 2394 439 2443 et
469 2388 750 2457 cogitatio,
797 2386 1079 2442 meditatio
1104 2401 1319 2457 quoque
1351 2386 1582 2457 maligna
1625 2396 1788 2455 atque
1815 2387 1967 2467 inju—_

384 2489 527 2536 stum
556 2478 911 2535 desiderium.
959 2477 1136 2560 Exibit
1173 2497 1205 2533 a
1248 2478 1384 2547 facie
1428 2478 1682 2546 Domini,
1741 2480 1841 2533 hoc
1872 2486 1956 2534 est

384 2571 590 2643 quievit
620 2579 781 2641 atque
824 2572 1056 2627 cessavit
1099 2571 1385 2635 meditari,
1438 2579 1494 2625 et
1535 2574 1777 2642 cogitare
1808 2580 1956 2641 post-

383 2676 545 2734 quam
578 2662 631 2717 id
660 2660 802 2732 quod
828 2662 1077 2732 quaesivit
1100 2662 1330 2732 accepit.
1352 2660 1487 2716 Nam
1510 2671 1567 2717 et
1581 2678 1712 2718 vere
1735 2663 1957 2717 veniunt

387 2763 512 2809 ante
542 2755 731 2820 Deum,
758 2763 812 2809 et
847 2753 1071 2821 iustitiae
1094 2753 1364 2825 justorum
1392 2794 1407 2819 ,
1442 2760 1497 2809 et
1532 2754 1843 2823 impietates
1871 2754 1957 2809 in-

383 2849 675 2917 justorum.
711 2844 801 2901 Sic
829 2860 1062 2915 namque
1086 2846 1219 2902 dicit
1247 2846 1470 2918 angelus
1502 2847 1569 2901 ad
1600 2846 1912 2901 Cornelium
1939 2864 1952 2900 :

386 2938 669 2994 Orationes
705 2948 845 3003 tute,
878 2945 927 2992 et
972 2937 1310 3008 eleemosynte
1342 2947 1465 2992 ture
1508 2939 1856 2992 ascenderunt
1901 2939 1956 2992 in

386 3031 692 3083 memoriam
720 3039 839 3082 ante
866 3027 1032 3081 Deum
1060 3029 1128 3084 ⁸³.
1160 3029 1252 3083 Sic
1287 3037 1341 3084 et
1384 3029 1512 3084 olim
1555 3028 1693 3083 dixit
1734 3030 1957 3099 angelus

2050 1923 2386 1978 voluntatem
2436 1917 2575 1987 ejus.
2618 1913 2797 1969 Exivit
2843 1908 3094 1964 diabolus
3135 1922 3166 1961 a
3223 1905 3364 1959 faeie
3411 1902 3625 1957 Domini

2051 2015 2299 2072 deferens
2320 2010 2444 2076 Job,
2473 2017 2535 2063 ut
2553 2007 2798 2078 putabat,
2832 2000 3169 2057 interficiens
3212 1997 3417 2068 justum
3449 1995 3623 2058 illum.

2052 2117 2112 2163 ut
2140 2102 2468 2161 conﬁdebat.
2505 2098 2598 2155 Sic
2628 2110 2866 2166 namque
2895 2102 2950 2149 et
2977 2092 3185 2162 primus
3232 2088 3625 2156 discipulorum

2053 2199 2172 2270 ejus
2193 2195 2327 2253 Cain
2354 2201 2640 2264 postquam
2667 2196 2885 2259 propter
2907 2184 3167 2239 invidiam
3191 2180 3274 2251 (ut
3295 2179 3499 2235 dictum
3521 2178 3627 2248 est)

2054 2289 2327 2348 interfecit
2376 2285 2549 2348 Abel,
2582 2282 2751 2339 exivit
2778 2295 2808 2335 a
2848 2277 2986 2333 facie
3030 2275 3268 2330 Domini.
3317 2272 3409 2328 Sic
3438 2273 3630 2340 itaque

2052 2381 2298 2437 diabolus
2326 2388 2480 2450 pater
2507 2385 2562 2431 et
2587 2375 2740 2444 origo
2769 2372 3011 2427 omnium
3041 2367 3329 2429 malorum,
3361 2366 3629 2419 exsistens

2054 2472 2373 2530 interfector
2417 2480 2679 2539 quantum
2715 2464 2783 2539 ad
2816 2464 2988 2532 ipsum
3017 2459 3120 2515 Job
3141 2454 3169 2525 ,Α
3201 2458 3369 2512 exivit
3414 2471 3445 2510 a
3492 2456 3646 2510 facie‘

2054 2565 2289 2622 Domini.
2312 2563 2531 2619 Certum
2556 2557 2810 2629 estquod
2837 2555 3085 2625 nequiter
3108 2560 3271 2621 atque
3300 2550 3461 2616 impie
3488 2548 3630 2616 apud

2055 2655 2408 2725 semetipsum
2440 2660 2712 2716 tractans,
2744 2645 2884 2701 dixit
2916 2644 2985 2699 ad
3018 2644 3185 2697 Deum
3211 2659 3225 2694 :
3259 2638 3486 2694 ulterius
3520 2650 3627 2690 non

2055 2749 2268 2820 indigeo
2294 2746 2431 2800 lacie
2462 2751 2572 2806 tua,
2599 2740 2724 2811 quia
2747 2736 2931 2807 accepi
2963 2742 3287 2804 potestatem
3316 2730 3445 2820 ejus
3465 2744 3629 2798 quem

2057 2818 2274 2895 zelabar
2313 2833 2401 2890 vel
2447 2829 2776 2902 quaerebam.
2823 2826 2967 2882 Deus
3017 2837 3148 2877 vero
3201 2821 3380 2876 sciens
3422 2818 3631 2872 ﬁrmam

2055 2928 2578 2991 consummationem
2613 2922 2736 2990 Job,
2766 2920 3039 2991 acquievit
3087 2926 3147 2972 ut
3180 2931 3276 2987 per
3305 2914 3633 2969 diabolicurn

2042 3025 2235 3095 ignem
2278 3020 2537 3091 probatus
2590 3014 2800 3078 fuisset,
2849 3009 3305 3083 quemadmodum
3358 3008 3403 3059 si
3456 3013 3636 3058 teneat

387 3124 459 3177 ad
481 3122 707 3178 Tobiam
734 3141 747 3176 :
779 3120 909 3176 Cum
936 3138 1118 3176 orares
1174 3131 1231 3174 tu
1258 3128 1307 3175 et
1354 3120 1492 3176 Sara
1531 3121 1645 3190 ﬁlia
1680 3097 1953 3192 Raguelis,
1982 3144 2030 3208 ο
2060 3119 2115 3173 in
2141 3129 2304 3170 manu
2333 3128 2429 3208 sua
2459 3110 2976 3208 quis-adamantem,
3001 3114 3055 3159 et
3077 3103 3214 3204 alius
3240 3097 3638 3208 quilibet-dicat

384 3232 477 3283 ego
509 3213 672 3268 obtuii
704 3215 1010 3268 memoriam
1034 3213 1327 3267 orationum
1355 3222 1645 3266 vestrarum
1666 3213 1721 3266 in
1745 3229 1958 3283 conspe-

386 3313 473 3358 ctu
494 3304 591 3359 Dei
610 3302 678 3359 ⁸⁵.
713 3303 842 3358 Item
863 3317 990 3357 vero
1021 3304 1089 3357 de
1116 3302 1297 3371 impiis
1323 3302 1457 3357 dicit
1481 3302 1775 3357 Dominus:
1800 3301 1958 3357 Nune

385 3395 701 3450 recordabar
732 3394 1117 3465 injustitiarum
1148 3393 1381 3463 illorum,
1403 3403 1470 3447 ett
1487 3393 1717 3449 ulciscar
1742 3407 1959 3465 peccata

385 3502 568 3543 eorum
588 3488 656 3545 ⁸⁸.
692 3487 755 3543 Et
777 3488 1043 3543 Jeremias
1067 3482 1195 3542 dicit
1220 3487 1287 3541 ad
1318 3487 1607 3557 impiorum
1636 3490 1952 3545 consilium:

391 3575 584 3634 Nonne
623 3582 957 3634 incensorum
1007 3591 1298 3634 vestrorum
1326 3580 1646 3635 recordatus
1683 3581 1961 3635 estDomi-

388 3684 488 3723 nus
529 3669 594 3723 de
621 3668 945 3724 idololatriis
965 3712 979 3736 ,
1011 3678 1060 3723 et
1095 3671 1328 3725 ascendit
1351 3670 1427 3724 in-
1451 3686 1542 3723 cor
1560 3671 1674 3737 ejus
1689 3671 1779 3725 ουτ
1806 3672 1961 3727 Sicut

387 3776 517 3832 ergo
545 3762 792 3816 universa
828 3763 943 3816 haec
974 3761 1198 3816 veniunt
1231 3770 1358 3816 ante
1387 3760 1580 3826 Deum,
1604 3760 1678 3815 ita
1710 3760 1960 3818 diabolus

386 3851 602 3909 venisse
624 3854 845 3918 dicitur,
875 3862 931 3909 et
963 3853 1145 3909 exisse
1171 3868 1199 3907 a
1246 3853 1385 3909 facie
1415 3853 1663 3921 Domini,
1696 3868 1803 3908 non
1833 3869 1959 3924 per-

388 3960 521 4000 sona
550 3945 777 4001 veniens
796 3987 811 4011 ,
840 3944 934 4000 sed
966 3945 1389 4015 cogitationibus
1418 3954 1582 4015 atque
1611 3944 1962 4015 malignitatis

386 4033 970 4101 suameditationibus,
990 4048 1110 4102 quae
1124 4033 1416 4103 aliquando
1436 4033 1856 4089 veniebantcum
1874 4034 1962 4089 ille

388 4126 685 4197 cogitabat,
704 4126 999 4197 aliquando
1013 4126 1269 4190 exibant,
1289 4140 1411 4180 cum
1424 4125 1513 4180 ille
1528 4125 1767 4195 cogitare
1779 4127 1963 4193 quies-

388 4218 567 4274 cebat.
586 4216 712 4273 Ilatc
734 4217 917 4287 itaque
933 4217 1316 4272 demonstrans
1329 4215 1463 4271 dicit
1492 4213 1699 4270 :Eativit
1721 4217 1962 4271 diabolus

387 4324 423 4364 ο
437 4309 573 4377 facie
590 4308 823 4363 Domini.
841 4308 1018 4363 Exivit
1035 4322 1178 4373 vere,
1195 4309 1296 4363 hoc
1308 4318 1393 4363 est
1416 4309 1683 4371 discessit,
1708 4308 1963 4376 deseruit,

388 4398 593 4455 oblitus
627 4408 711 4455 est
749 4439 766 4464 ,
798 4398 939 4453 ultra
978 4413 1084 4453 non
1131 4397 1440 4463 aestimavit,
1486 4412 1662 4468 neque
1712 4397 1962 4463 curavit,

2066 3209 2132 3265 ad
2158 3221 2318 3262 eum:
2352 3203 2430 3258 Da
2462 3202 2597 3257 mihi
2643 3200 2790 3255 hunc
2819 3196 3159 3251 adamantem
3199 3193 3253 3246 in
3287 3196 3632 3259 potestatem,

2061 3311 2117 3358 et
2145 3313 2246 3368 ego
2297 3296 2450 3351 illum
2497 3291 2864 3349 comminuam
2898 3288 2953 3343 in
3000 3288 3207 3356 ignem,
3250 3290 3638 3347 conteramque

2061 3392 2298 3451 ictibus;
2326 3387 2413 3441 ille
2434 3398 2567 3440 vero
2592 3382 2684 3453 qui
2715 3395 2841 3436 eum
2869 3378 2922 3433 in
2948 3392 3110 3431 manu
3140 3375 3324 3437 habet,
3356 3369 3639 3426 conlidens

2062 3499 2192 3539 vere
2218 3482 2345 3553 quia
2385 3480 2608 3535 adamas
2636 3482 2742 3539 est,
2766 3472 2912 3528 dicat
2939 3490 2952 3525 :
2988 3467 3140 3521 Tolle
3165 3509 3181 3533 ,
3215 3464 3409 3537 proba,
3437 3474 3638 3553 exper-

2064 3550 2338 3642 ire,'q—uia
2385 3581 2724 3639 nequaquam
2768 3562 2897 3617 huic
2950 3556 3229 3614 adamanti
3294 3550 3636 3642 praevalebis.

2067 3664 2161 3720 Sic
2191 3641 2323 3733 ergo
2347 3668 2403 3717 et
2434 3658 2677 3726 omnium
2720 3649 2968 3725 cognitor
3000 3658 3162 3717 atque
3184 3645 3444 3715 praescius
3471 3641 3637 3733 Deus,

2064 3754 2209 3810 velut
2238 3731 2608 3807 inviolabilem
2635 3746 2979 3802 adamantem
2998 3740 3207 3794 habens
3228 3733 3351 3798 Job,
3376 3731 3639 3804 qumreuti

2064 3846 2280 3904 diabolo
2313 3844 2463 3901 dedit
2507 3856 2631 3898 eum
2682 3840 2737 3892 in
2779 3842 3135 3907 potestatem.
3184 3830 3464 3885 conlidens
3511 3840 3641 3881 vere

2063 3941 2192 4011 quia
2219 3951 2379 3992 verus
2426 3935 2649 3988 adamas
2688 3938 2775 3985 est
2813 3927 2934 3983 Job.
2970 3925 3063 3981 Sic
3110 3938 3346 3993 namque
3376 3931 3431 3977 et
3460 3920 3645 3990 singu-

2064 4032 2196 4087 laris
2228 4028 2342 4094 iIle,
2371 4036 2426 4083 et
2460 4025 2713 4087 divinus,
2750 4019 2992 4075 caelestis
3019 4032 3237 4088 quoque
3278 4027 3437 4085 atque
3467 4015 3643 4068 incor-

2065 4120 2336 4192 ruptibilis
2361 4120 2582 4173 adamas
2604 4113 2928 4183 Unigenitus
2956 4112 3098 4166 Deus
3120 4124 3149 4164 a
3174 4108 3338 4163 Patre
3367 4107 3434 4161 ad
3464 4115 3655 4160 terras.

2065 4215 2284 4276 missus,
2319 4210 2388 4266 de
2412 4223 2535 4280 quo.
2559 4207 2691 4264 dicit
2718 4206 2861 4259 Deus
2905 4203 3104 4258 Pater:
3137 4201 3279 4256 Ecce
3309 4215 3408 4268 ego
3442 4212 3638 4275 ponam

2065 4308 2409 4361 adamantem
2440 4302 2494 4356 in
2522 4299 2698 4355 medio
2726 4296 2906 4367 populi
2939 4295 3043 4349 mei
3075 4312 3089 4349 :
3114 4308 3275 4363 quem
3302 4306 3474 4361 neque
3501 4290 3641 4359 ignis

2068 4396 2422 4453 tentationum
2454 4393 2507 4447 in
2535 4391 2753 4446 deserto
2780 4386 3123 4452 comminuit,
3142 4399 3304 4455 quem
3334 4382 3641 4457 nonplagie

389 4493 912 4560 nequerreeordatus
933 4498 1016 4546 est
1042 4490 1185 4559 quod
1210 4490 1283 4545 sit
1310 4491 1469 4545 Deus.
1488 4490 1584 4545 Illo
1609 4491 1754 4546 enim
1790 4506 1961 4560 usque
1992 4494 2037 4550 D
2066 4490 2356 4561 impiorum
2398 4490 2453 4544 in
2500 4500 2665 4543 cruce
2702 4483 3300 4551 contriverunthquem
3355 4492 3530 4545 neque
3560 4490 3644 4531 se-

386 4589 521 4637 ante
542 4580 713 4636 Deum
735 4580 903 4636 fuisse
930 4580 1155 4644 dicitur,
1184 4581 1426 4651 quandiu
1450 4581 1517 4636 de
1544 4581 1655 4636 Deo
1680 4580 1960 4651 cogitavit,

387 4686 531 4727 cum
559 4670 663 4729 Job
704 4680 1014 4730 accusaret.
1055 4670 1349 4741 Postquam
1387 4686 1518 4726 vero
1561 4671 1773 4740 accepit
1817 4671 1962 4741 quod

387 4763 596 4829 voluit,
633 4772 689 4818 et
732 4763 873 4833 quod
917 4763 1197 4834 quaesivit,
1229 4764 1493 4818 continuo
1520 4762 1836 4832 relinquens
1868 4762 1962 4817 Dei

389 4853 731 4920 muriam,
766 4869 798 4907 a
828 4853 969 4909 facie
999 4853 1091 4907 Dei
1124 4854 1303 4909 exisse
1346 4852 1489 4922 juste
1518 4854 1739 4908 dicitur.
1786 4853 1965 4908 Exivit

388 4949 641 5006 diabolus
664 4965 696 5005 a
723 4950 861 5005 l'a'cie
887 4949 1134 5016 Domini,
1167 4958 1314 5004 totus
1353 4949 1555 5013 exivit,
1584 4957 1645 5004 et
1680 4963 1845 5004 sensu
1867 4987 1883 5013 ,
1909 4955 1965 5004 et

389 5041 639 5108 consilio,
670 5050 733 5097 et-
760 5041 1132 5105 meditatione,
1162 5049 1216 5095 et
1251 5048 1486 5095 tractatu
1511 5050 1674 5111 atque
1700 5042 1966 5096 memoria

390 5131 560 5188 exivit
587 5147 618 5187 a
658 5131 801 5189 facie
831 5131 1062 5186 Domini.
1100 5129 1193 5186 Sic
1221 5131 1390 5186 exivit
1428 5131 1557 5187 olim
1604 5132 1659 5186 in
1694 5132 1966 5202 principio

392 5225 593 5283 diaboli
633 5225 935 5294 discipulus
960 5224 1166 5294 primus
1214 5224 1510 5279 adversarii
1548 5224 1764 5279 fructus
1804 5224 1964 5290 Cain,

392 5329 516 5370 cum
548 5315 761 5382 justum
789 5313 1147 5369 interfecisset
1185 5312 1340 5369 Abel.
1375 5312 1469 5369 Sic
1510 5314 1679 5369 exivit
1713 5313 1858 5369 sicut
1883 5314 1966 5367 di-

392 5407 471 5462 cit
519 5405 843 5477 Scriptura:
876 5404 1054 5460 Exivit
1100 5404 1234 5459 Cain
1277 5421 1311 5458 a
1352 5404 1488 5473 facie
1538 5405 1751 5460 Domini
1775 5405 1842 5463 ⁸⁷.
1872 5404 1964 5461 Sic

390 5506 592 5555 exeunt
613 5498 781 5553 etiam
813 5511 960 5553 nunc
984 5511 1015 5550 a
1042 5495 1179 5552 faeie
1206 5495 1419 5552 Domini
1444 5496 1624 5552 cuncti
1653 5497 1964 5566 pertinaces

2063 4583 2282 4655 pultura
2312 4579 2569 4651 sepulcri,
2614 4592 2796 4648 neque
2834 4575 3027 4630 mortis
3071 4573 3328 4629 introitus
3370 4570 3454 4627 vel
3504 4567 3644 4624 infe-

2065 4687 2252 4727 rorum
2286 4671 2549 4736 violavit,
2582 4671 2678 4725 sed
2722 4668 2902 4723 omnia
2949 4679 3217 4735 superans
3240 4703 3256 4729 ,
3294 4662 3539 4718 divinum
3590 4669 3646 4715 et

2066 4763 2535 4832 incorruptibilem
2558 4778 2619 4819 se
2649 4763 2990 4818 adamantem
3029 4758 3202 4814 fuisse
3226 4754 3641 4811 demonstravit.

2067 4856 2308 4910 Adamas
2335 4867 2467 4909 vero
2492 4862 2581 4909 est
2604 4852 2925 4908 naturaliter
2968 4850 3092 4905 talis
3130 4849 3289 4917 lapis,
3334 4847 3424 4901 cui
3472 4858 3645 4913 neque

2076 4946 2242 5017 ignis,
2274 4960 2452 5014 neque
2479 4944 2703 5012 ferrum,
2736 4958 2913 5012 neque
2939 4942 3085 4997 aliud
3104 4940 3402 5009 quidquam
3435 4951 3646 5006 praeva-

2072 5038 2169 5095 let.
2194 5037 2361 5094 Ferro
2382 5038 2525 5093 enim
2551 5037 2599 5093 si
2619 5037 2980 5107 percutiatur,
3004 5033 3338 5103 demergitur
3360 5029 3416 5085 in
3437 5029 3645 5083 ferrum

2074 5141 2327 5202 tanquam
2358 5130 2637 5201 plumbum
2668 5127 2981 5184 missumin
3025 5127 3230 5197 ignem.
3268 5122 3322 5178 Si
3362 5121 3417 5176 in
3466 5122 3645 5191 ignem

2073 5223 2340 5287 mittatur,
2383 5222 2633 5277 similiter
2677 5226 2959 5291 permanet
2992 5227 3053 5272 ut
3084 5217 3284 5271 missus
3313 5225 3419 5280 est,
3446 5225 3502 5270 et
3534 5229 3644 5268 non

2073 5316 2324 5370 violatur.
2356 5316 2498 5386 Ergo
2522 5315 2651 5384 quia
2694 5312 2829 5367 nihil
2871 5312 2919 5368 ei
2952 5311 3230 5381 praevalet,
3266 5310 3388 5365 ideo
3421 5311 3647 5362 adamas

2072 5406 2398 5476 appellatur.
2434 5406 2672 5461 Adamas
2718 5418 2844 5458 vero
2888 5403 3278 5473 interpretatur
3338 5416 3403 5456 ex
3452 5399 3645 5455 Graeca

2071 5495 2250 5566 lingua
2277 5536 2292 5563 ,
2328 5495 2686 5564 indomabilis,
2713 5494 3043 5564 inﬂexibilis,
3069 5536 3086 5561 ,
3115 5494 3527 5547 incomminutus
3568 5500 3642 5554 et,

464 5710 510 5742 ⁸³
539 5712 655 5766 Act.
688 5728 717 5765 x
748 5751 761 5772 .
811 5710 863 5765 4.
940 5707 1144 5765 ⁸⁸Τοι).
1198 5721 1275 5761 xn
1302 5751 1315 5771 ,
1352 5705 1438 5760 12.
1516 5708 1559 5741 ⁸⁸
1596 5704 1711 5763 Jer.
1756 5721 1865 5773 xw,
1902 5706 1956 5761 It

2058 5703 2459 5772 Ose.vut,l'5.
2534 5702 2724 5761 "Jer.
2780 5716 2946 5771 κων,
3005 5700 3094 5757 21.
3163 5700 3207 5735 ⁸⁷
3230 5700 3370 5757 Gen.
3432 5713 3508 5767 tv,
3555 5695 3645 5754 ιδ.

402 5780 425 5813 ⁸
458 5781 598 5837 Psal.
632 5798 683 5851 L,
714 5780 802 5837 15.
881 5779 927 5817 ⁶⁹
954 5779 1094 5837 Psal.
1128 5794 1278 5848 xxVI,
1311 5780 1364 5847 8,
1392 5779 1446 5835 9.
