  <div class='ocr_page' id='page_1' title='image "/cluster/home/n/w/nwhite01/storage/ocr_20150623/17:no.7/coo.31924054872977/245.png"; bbox 0 0 2087 3207; ppageno 0'>
   <div class='ocr_carea' id='block_1_1' title="bbox 282 176 334 204">
    <p class='ocr_par' dir='ltr' id='par_1_1' title="bbox 282 176 334 204">
     <span class='ocr_line' id='line_1_1' title="bbox 282 176 334 204; baseline 0 -1"><span class='ocrx_word' id='word_1_1' title='bbox 282 176 334 204; x_wconf 64' lang='lat'><strong>£67</strong></span> 
     </span>
    </p>
   </div>
   <div class='ocr_carea' id='block_1_2' title="bbox 816 176 1335 206">
    <p class='ocr_par' dir='ltr' id='par_1_2' title="bbox 816 176 1335 206">
     <span class='ocr_line' id='line_1_2' title="bbox 816 176 1335 206; baseline 0 -1"><span class='ocrx_word' id='word_1_2' title='bbox 816 177 1004 206; x_wconf 70' lang='lat' dir='ltr'><strong>ANONYMUS</strong></span> <span class='ocrx_word' id='word_1_3' title='bbox 1024 177 1056 205; x_wconf 82' lang='grc' dir='ltr'><strong>ΙΝ</strong></span> <span class='ocrx_word' id='word_1_4' title='bbox 1076 176 1145 205; x_wconf 83' lang='lat' dir='ltr'><strong>JOB.</strong></span> <span class='ocrx_word' id='word_1_5' title='bbox 1166 193 1197 198; x_wconf 87' lang='lat'><strong>—-</strong></span> <span class='ocrx_word' id='word_1_6' title='bbox 1217 177 1281 205; x_wconf 81' lang='lat' dir='ltr'><strong>LIB.</strong></span> <span class='ocrx_word' id='word_1_7' title='bbox 1303 178 1335 205; x_wconf 90' lang='lat' dir='ltr'><strong>ll.</strong></span> 
     </span>
    </p>
   </div>
   <div class='ocr_carea' id='block_1_3' title="bbox 1843 178 1895 204">
    <p class='ocr_par' dir='ltr' id='par_1_3' title="bbox 1843 178 1895 204">
     <span class='ocr_line' id='line_1_3' title="bbox 1843 178 1895 204; baseline 0 0"><span class='ocrx_word' id='word_1_8' title='bbox 1843 178 1895 204; x_wconf 59' lang='lat'><strong>‘68</strong></span> 
     </span>
    </p>
   </div>
   <div class='ocr_carea' id='block_1_4' title="bbox 282 233 1894 270">
    <p class='ocr_par' dir='ltr' id='par_1_4' title="bbox 282 233 1894 270">
     <span class='ocr_line' id='line_1_4' title="bbox 282 233 1894 270; baseline -0.001 -7"><span class='ocrx_word' id='word_1_9' title='bbox 282 241 313 263; x_wconf 85' lang='lat' dir='ltr'><strong>nt</strong></span> <span class='ocrx_word' id='word_1_10' title='bbox 327 235 442 263; x_wconf 77' lang='lat' dir='ltr'><strong>breviter</strong></span> <span class='ocrx_word' id='word_1_11' title='bbox 458 234 558 268; x_wconf 85' lang='lat' dir='ltr'><strong>dicam,</strong></span> <span class='ocrx_word' id='word_1_12' title='bbox 573 235 615 262; x_wconf 87' lang='lat' dir='ltr'><strong>rui</strong></span> <span class='ocrx_word' id='word_1_13' title='bbox 636 242 684 263; x_wconf 90' lang='lat' dir='ltr'><strong>nec</strong></span> <span class='ocrx_word' id='word_1_14' title='bbox 696 235 843 270; x_wconf 86' lang='lat' dir='ltr'><strong>quidquam</strong></span> <span class='ocrx_word' id='word_1_15' title='bbox 855 236 996 270; x_wconf 61' lang='lat' dir='ltr'><strong>praevalet,</strong></span> <span class='ocrx_word' id='word_1_16' title='bbox 1014 242 1061 262; x_wconf 83' lang='lat' dir='ltr'><strong>ne-</strong></span> <span class='ocrx_word' id='word_1_17' title='bbox 1075 238 1098 265; x_wconf 75' lang='grc' dir='ltr'><strong>Α</strong></span> <span class='ocrx_word' id='word_1_18' title='bbox 1114 243 1172 262; x_wconf 92' lang='lat' dir='ltr'><strong>rum</strong></span> <span class='ocrx_word' id='word_1_19' title='bbox 1189 235 1374 270; x_wconf 83' lang='lat' dir='ltr'><strong>fatigationem</strong></span> <span class='ocrx_word' id='word_1_20' title='bbox 1386 255 1393 266; x_wconf 83' lang='lat'><strong>,</strong></span> <span class='ocrx_word' id='word_1_21' title='bbox 1412 239 1439 262; x_wconf 89' lang='lat' dir='ltr'><strong>et</strong></span> <span class='ocrx_word' id='word_1_22' title='bbox 1458 234 1638 262; x_wconf 75' lang='lat' dir='ltr'><strong>membrorum</strong></span> <span class='ocrx_word' id='word_1_23' title='bbox 1670 233 1894 267; x_wconf 82' lang='lat' dir='ltr'><strong>debilitationem.</strong></span> 
     </span>
    </p>
   </div>
   <div class='ocr_carea' id='block_1_5' title="bbox 282 275 1062 317">
    <p class='ocr_par' dir='ltr' id='par_1_5' title="bbox 282 275 1062 317">
     <span class='ocr_line' id='line_1_5' title="bbox 282 275 1062 317; baseline -0.003 -8"><span class='ocrx_word' id='word_1_24' title='bbox 282 289 335 317; x_wconf 90' lang='lat' dir='ltr'><strong>que</strong></span> <span class='ocrx_word' id='word_1_25' title='bbox 349 275 638 316; x_wconf 64' lang='lat' dir='ltr'><strong>percutiendo,&#39;neque</strong></span> <span class='ocrx_word' id='word_1_26' title='bbox 661 280 808 307; x_wconf 87' lang='lat' dir='ltr'><strong>adurendo.</strong></span> <span class='ocrx_word' id='word_1_27' title='bbox 831 280 897 307; x_wconf 80' lang='lat' dir='ltr'><strong>Nam</strong></span> <span class='ocrx_word' id='word_1_28' title='bbox 918 281 1062 315; x_wconf 75' lang='lat' dir='ltr'><strong>percussus</strong></span> 
     </span>
    </p>
   </div>
   <div class='ocr_carea' id='block_1_6' title="bbox 282 325 1061 359">
    <p class='ocr_par' dir='ltr' id='par_1_6' title="bbox 282 325 1061 359">
     <span class='ocr_line' id='line_1_6' title="bbox 282 325 1061 359; baseline -0.003 -5"><span class='ocrx_word' id='word_1_29' title='bbox 282 335 336 354; x_wconf 86' lang='lat' dir='ltr'><strong>non</strong></span> <span class='ocrx_word' id='word_1_30' title='bbox 355 326 556 359; x_wconf 80' lang='lat' dir='ltr'><strong>comminuitur,</strong></span> <span class='ocrx_word' id='word_1_31' title='bbox 577 331 689 354; x_wconf 86' lang='lat' dir='ltr'><strong>exustus</strong></span> <span class='ocrx_word' id='word_1_32' title='bbox 713 334 767 353; x_wconf 91' lang='lat' dir='ltr'><strong>non</strong></span> <span class='ocrx_word' id='word_1_33' title='bbox 785 326 945 353; x_wconf 93' lang='lat' dir='ltr'><strong>conteritur.</strong></span> <span class='ocrx_word' id='word_1_34' title='bbox 965 325 1061 353; x_wconf 78' lang='lat' dir='ltr'><strong>Merito</strong></span> 
     </span>
    </p>
   </div>
   <div class='ocr_carea' id='block_1_7' title="bbox 282 371 1060 408">
    <p class='ocr_par' dir='ltr' id='par_1_7' title="bbox 282 371 1060 408">
     <span class='ocr_line' id='line_1_7' title="bbox 282 371 1060 408; baseline -0.005 -7"><span class='ocrx_word' id='word_1_35' title='bbox 282 381 348 408; x_wconf 90' lang='lat' dir='ltr'><strong>ergo</strong></span> <span class='ocrx_word' id='word_1_36' title='bbox 361 373 473 400; x_wconf 86' lang='lat' dir='ltr'><strong>adamas</strong></span> <span class='ocrx_word' id='word_1_37' title='bbox 487 372 648 408; x_wconf 84' lang='lat' dir='ltr'><strong>appellatur,</strong></span> <span class='ocrx_word' id='word_1_38' title='bbox 659 377 753 407; x_wconf 88' lang='lat' dir='ltr'><strong>utpote</strong></span> <span class='ocrx_word' id='word_1_39' title='bbox 767 371 969 406; x_wconf 77' lang='lat' dir='ltr'><strong>insuperabilis.</strong></span> <span class='ocrx_word' id='word_1_40' title='bbox 984 371 1060 404; x_wconf 83' lang='lat' dir='ltr'><strong>Quod</strong></span> 
     </span>
    </p>
   </div>
   <div class='ocr_carea' id='block_1_8' title="bbox 282 417 1062 454">
    <p class='ocr_par' dir='ltr' id='par_1_8' title="bbox 282 417 1062 454">
     <span class='ocr_line' id='line_1_8' title="bbox 282 417 1062 454; baseline -0.005 -7"><span class='ocrx_word' id='word_1_41' title='bbox 282 419 306 447; x_wconf 88' lang='lat' dir='ltr'><strong>si</strong></span> <span class='ocrx_word' id='word_1_42' title='bbox 319 419 417 446; x_wconf 83' lang='lat' dir='ltr'><strong>dixerit</strong></span> <span class='ocrx_word' id='word_1_43' title='bbox 429 419 545 454; x_wconf 78' lang='lat' dir='ltr'><strong>aliquis:</strong></span> <span class='ocrx_word' id='word_1_44' title='bbox 558 417 609 446; x_wconf 87' lang='lat' dir='ltr'><strong>Ubi</strong></span> <span class='ocrx_word' id='word_1_45' title='bbox 622 423 663 447; x_wconf 81' lang='lat' dir='ltr'><strong>est</strong></span> <span class='ocrx_word' id='word_1_46' title='bbox 678 418 766 450; x_wconf 88' lang='lat' dir='ltr'><strong>modo,</strong></span> <span class='ocrx_word' id='word_1_47' title='bbox 778 417 819 445; x_wconf 88' lang='lat' dir='ltr'><strong>vel</strong></span> <span class='ocrx_word' id='word_1_48' title='bbox 832 417 877 445; x_wconf 89' lang='lat' dir='ltr'><strong>ubi</strong></span> <span class='ocrx_word' id='word_1_49' title='bbox 895 417 1062 452; x_wconf 84' lang='lat' dir='ltr'><strong>conspicitur</strong></span> 
     </span>
    </p>
   </div>
   <div class='ocr_carea' id='block_1_9' title="bbox 281 463 1061 499">
    <p class='ocr_par' dir='ltr' id='par_1_9' title="bbox 281 463 1061 499">
     <span class='ocr_line' id='line_1_9' title="bbox 281 463 1061 499; baseline -0.004 -7"><span class='ocrx_word' id='word_1_50' title='bbox 281 464 468 499; x_wconf 80' lang='lat' dir='ltr'><strong>hujuscemodi</strong></span> <span class='ocrx_word' id='word_1_51' title='bbox 492 463 562 499; x_wconf 82' lang='lat' dir='ltr'><strong>lapis</strong></span> <span class='ocrx_word' id='word_1_52' title='bbox 581 463 788 491; x_wconf 79' lang='lat' dir='ltr'><strong>adamantiuus?</strong></span> <span class='ocrx_word' id='word_1_53' title='bbox 802 463 882 495; x_wconf 85' lang='lat' dir='ltr'><strong>Audi,</strong></span> <span class='ocrx_word' id='word_1_54' title='bbox 896 463 953 490; x_wconf 71' lang='lat' dir='ltr'><strong>haec</strong></span> <span class='ocrx_word' id='word_1_55' title='bbox 971 464 1061 490; x_wconf 85' lang='lat' dir='ltr'><strong>omnia</strong></span> 
     </span>
    </p>
   </div>
   <div class='ocr_carea' id='block_1_10' title="bbox 280 508 1060 545">
    <p class='ocr_par' dir='ltr' id='par_1_10' title="bbox 280 508 1060 545">
     <span class='ocr_line' id='line_1_10' title="bbox 280 508 1060 545; baseline -0.004 -8"><span class='ocrx_word' id='word_1_56' title='bbox 280 516 360 545; x_wconf 87' lang='lat' dir='ltr'><strong>typus</strong></span> <span class='ocrx_word' id='word_1_57' title='bbox 381 510 492 537; x_wconf 85' lang='lat' dir='ltr'><strong>fuerunt</strong></span> <span class='ocrx_word' id='word_1_58' title='bbox 507 509 611 537; x_wconf 84' lang='lat' dir='ltr'><strong>Domini</strong></span> <span class='ocrx_word' id='word_1_59' title='bbox 633 508 697 536; x_wconf 88' lang='lat' dir='ltr'><strong>Jesu</strong></span> <span class='ocrx_word' id='word_1_60' title='bbox 711 508 823 542; x_wconf 82' lang='lat' dir='ltr'><strong>Christi,</strong></span> <span class='ocrx_word' id='word_1_61' title='bbox 845 508 909 543; x_wconf 86' lang='lat' dir='ltr'><strong>quia</strong></span> <span class='ocrx_word' id='word_1_62' title='bbox 929 515 1013 543; x_wconf 88' lang='lat' dir='ltr'><strong>usque</strong></span> <span class='ocrx_word' id='word_1_63' title='bbox 1027 508 1060 534; x_wconf 85' lang='lat' dir='ltr'><strong>ad</strong></span> 
     </span>
    </p>
   </div>
   <div class='ocr_carea' id='block_1_11' title="bbox 280 553 1061 588">
    <p class='ocr_par' dir='ltr' id='par_1_11' title="bbox 280 553 1061 588">
     <span class='ocr_line' id='line_1_11' title="bbox 280 553 1061 588; baseline 0 -8"><span class='ocrx_word' id='word_1_64' title='bbox 280 556 424 582; x_wconf 76' lang='lat' dir='ltr'><strong>adventum</strong></span> <span class='ocrx_word' id='word_1_65' title='bbox 440 554 546 582; x_wconf 79' lang='lat' dir='ltr'><strong>Domini</strong></span> <span class='ocrx_word' id='word_1_66' title='bbox 562 559 649 587; x_wconf 86' lang='lat' dir='ltr'><strong>erant,</strong></span> <span class='ocrx_word' id='word_1_67' title='bbox 668 559 694 581; x_wconf 91' lang='lat' dir='ltr'><strong>et</strong></span> <span class='ocrx_word' id='word_1_68' title='bbox 706 553 764 581; x_wconf 90' lang='lat' dir='ltr'><strong>visa</strong></span> <span class='ocrx_word' id='word_1_69' title='bbox 782 558 857 585; x_wconf 86' lang='lat' dir='ltr'><strong>sunt,</strong></span> <span class='ocrx_word' id='word_1_70' title='bbox 874 557 935 588; x_wconf 87' lang='lat' dir='ltr'><strong>post</strong></span> <span class='ocrx_word' id='word_1_71' title='bbox 959 554 1061 580; x_wconf 85' lang='lat' dir='ltr'><strong>adven-</strong></span> 
     </span>
    </p>
   </div>
   <div class='ocr_carea' id='block_1_12' title="bbox 282 598 1061 628">
    <p class='ocr_par' dir='ltr' id='par_1_12' title="bbox 282 598 1061 628">
     <span class='ocr_line' id='line_1_12' title="bbox 282 598 1061 628; baseline -0.004 0"><span class='ocrx_word' id='word_1_72' title='bbox 282 607 337 628; x_wconf 90' lang='lat' dir='ltr'><strong>tum</strong></span> <span class='ocrx_word' id='word_1_73' title='bbox 352 607 442 628; x_wconf 88' lang='lat' dir='ltr'><strong>autem</strong></span> <span class='ocrx_word' id='word_1_74' title='bbox 459 600 562 627; x_wconf 89' lang='lat' dir='ltr'><strong>Domini</strong></span> <span class='ocrx_word' id='word_1_75' title='bbox 581 600 638 627; x_wconf 91' lang='lat' dir='ltr'><strong>visa</strong></span> <span class='ocrx_word' id='word_1_76' title='bbox 651 607 704 627; x_wconf 92' lang='lat' dir='ltr'><strong>non</strong></span> <span class='ocrx_word' id='word_1_77' title='bbox 718 603 791 626; x_wconf 86' lang='lat' dir='ltr'><strong>sunt.</strong></span> <span class='ocrx_word' id='word_1_78' title='bbox 805 598 856 626; x_wconf 89' lang='lat' dir='ltr'><strong>Ubi</strong></span> <span class='ocrx_word' id='word_1_79' title='bbox 870 599 977 626; x_wconf 77' lang='lat' dir='ltr'><strong>videtur</strong></span> <span class='ocrx_word' id='word_1_80' title='bbox 990 605 1061 625; x_wconf 90' lang='lat' dir='ltr'><strong>nunc</strong></span> 
     </span>
    </p>
   </div>
   <div class='ocr_carea' id='block_1_13' title="bbox 280 643 1062 682">
    <p class='ocr_par' dir='ltr' id='par_1_13' title="bbox 280 643 1062 682">
     <span class='ocr_line' id='line_1_13' title="bbox 280 643 1062 682; baseline -0.005 -8"><span class='ocrx_word' id='word_1_81' title='bbox 280 647 389 682; x_wconf 72' lang='lat' dir='ltr'><strong>phmnix</strong></span> <span class='ocrx_word' id='word_1_82' title='bbox 401 647 412 673; x_wconf 81' lang='lat'><strong>?</strong></span> <span class='ocrx_word' id='word_1_83' title='bbox 425 647 468 673; x_wconf 93' lang='lat' dir='ltr'><strong>ubi</strong></span> <span class='ocrx_word' id='word_1_84' title='bbox 492 653 559 673; x_wconf 89' lang='lat' dir='ltr'><strong>urna</strong></span> <span class='ocrx_word' id='word_1_85' title='bbox 583 645 691 673; x_wconf 82' lang='lat' dir='ltr'><strong>Adam?</strong></span> <span class='ocrx_word' id='word_1_86' title='bbox 712 645 756 671; x_wconf 90' lang='lat' dir='ltr'><strong>ubi</strong></span> <span class='ocrx_word' id='word_1_87' title='bbox 779 643 884 671; x_wconf 89' lang='lat' dir='ltr'><strong>videtur</strong></span> <span class='ocrx_word' id='word_1_88' title='bbox 900 651 962 671; x_wconf 85' lang='lat' dir='ltr'><strong>arca</strong></span> <span class='ocrx_word' id='word_1_89' title='bbox 979 648 1062 671; x_wconf 87' lang='lat' dir='ltr'><strong>testa-</strong></span> 
     </span>
    </p>
   </div>
   <div class='ocr_carea' id='block_1_14' title="bbox 279 689 1061 720">
    <p class='ocr_par' dir='ltr' id='par_1_14' title="bbox 279 689 1061 720">
     <span class='ocr_line' id='line_1_14' title="bbox 279 689 1061 720; baseline -0.004 -1"><span class='ocrx_word' id='word_1_90' title='bbox 279 693 386 720; x_wconf 83' lang='lat' dir='ltr'><strong>menti?</strong></span> <span class='ocrx_word' id='word_1_91' title='bbox 408 692 453 719; x_wconf 90' lang='lat' dir='ltr'><strong>ubi</strong></span> <span class='ocrx_word' id='word_1_92' title='bbox 477 699 543 719; x_wconf 89' lang='lat' dir='ltr'><strong>urna</strong></span> <span class='ocrx_word' id='word_1_93' title='bbox 569 691 695 719; x_wconf 75' lang='lat' dir='ltr'><strong>mannzc?</strong></span> <span class='ocrx_word' id='word_1_94' title='bbox 713 689 758 718; x_wconf 91' lang='lat' dir='ltr'><strong>Sic</strong></span> <span class='ocrx_word' id='word_1_95' title='bbox 782 690 907 718; x_wconf 77' lang='lat' dir='ltr'><strong>similiter</strong></span> <span class='ocrx_word' id='word_1_96' title='bbox 929 697 1000 717; x_wconf 92' lang='lat' dir='ltr'><strong>nunc</strong></span> <span class='ocrx_word' id='word_1_97' title='bbox 1016 689 1061 717; x_wconf 90' lang='lat' dir='ltr'><strong>ubi</strong></span> 
     </span>
    </p>
   </div>
   <div class='ocr_carea' id='block_1_15' title="bbox 279 736 1062 772">
    <p class='ocr_par' dir='ltr' id='par_1_15' title="bbox 279 736 1062 772">
     <span class='ocr_line' id='line_1_15' title="bbox 279 736 1062 772; baseline -0.001 -8"><span class='ocrx_word' id='word_1_98' title='bbox 279 738 386 765; x_wconf 82' lang='lat' dir='ltr'><strong>videtur</strong></span> <span class='ocrx_word' id='word_1_99' title='bbox 400 738 510 765; x_wconf 81' lang='lat' dir='ltr'><strong>adamas</strong></span> <span class='ocrx_word' id='word_1_100' title='bbox 523 741 604 772; x_wconf 86' lang='lat' dir='ltr'><strong>atque</strong></span> <span class='ocrx_word' id='word_1_101' title='bbox 617 744 648 765; x_wconf 90' lang='lat' dir='ltr'><strong>ea</strong></span> <span class='ocrx_word' id='word_1_102' title='bbox 671 745 730 771; x_wconf 76' lang='lat' dir='ltr'><strong>qua:</strong></span> <span class='ocrx_word' id='word_1_103' title='bbox 746 742 838 772; x_wconf 87' lang='lat' dir='ltr'><strong>typum</strong></span> <span class='ocrx_word' id='word_1_104' title='bbox 854 736 958 763; x_wconf 88' lang='lat' dir='ltr'><strong>Domini</strong></span> <span class='ocrx_word' id='word_1_105' title='bbox 982 744 1062 770; x_wconf 83' lang='lat' dir='ltr'><strong>gere~</strong></span> 
     </span>
    </p>
   </div>
   <div class='ocr_carea' id='block_1_16' title="bbox 279 783 1059 817">
    <p class='ocr_par' dir='ltr' id='par_1_16' title="bbox 279 783 1059 817">
     <span class='ocr_line' id='line_1_16' title="bbox 279 783 1059 817; baseline -0.003 -6"><span class='ocrx_word' id='word_1_106' title='bbox 279 784 414 812; x_wconf 70' lang='lat' dir='ltr'><strong>bant2Ea</strong></span> <span class='ocrx_word' id='word_1_107' title='bbox 438 783 542 810; x_wconf 82' lang='lat' dir='ltr'><strong>scilicet</strong></span> <span class='ocrx_word' id='word_1_108' title='bbox 561 791 645 817; x_wconf 79' lang='lat' dir='ltr'><strong>usque</strong></span> <span class='ocrx_word' id='word_1_109' title='bbox 665 784 698 809; x_wconf 87' lang='lat' dir='ltr'><strong>ad</strong></span> <span class='ocrx_word' id='word_1_110' title='bbox 715 783 859 810; x_wconf 83' lang='lat' dir='ltr'><strong>adventum</strong></span> <span class='ocrx_word' id='word_1_111' title='bbox 878 783 982 809; x_wconf 86' lang='lat' dir='ltr'><strong>Domini</strong></span> <span class='ocrx_word' id='word_1_112' title='bbox 1003 783 1059 810; x_wconf 84' lang='lat' dir='ltr'><strong>visa</strong></span> 
     </span>
    </p>
   </div>
   <div class='ocr_carea' id='block_1_17' title="bbox 279 828 1061 864">
    <p class='ocr_par' dir='ltr' id='par_1_17' title="bbox 279 828 1061 864">
     <span class='ocr_line' id='line_1_17' title="bbox 279 828 1061 864; baseline -0.004 -7"><span class='ocrx_word' id='word_1_113' title='bbox 279 835 342 857; x_wconf 77' lang='lat' dir='ltr'><strong>aunt</strong></span> <span class='ocrx_word' id='word_1_114' title='bbox 358 834 451 864; x_wconf 81' lang='lat' dir='ltr'><strong>utpote</strong></span> <span class='ocrx_word' id='word_1_115' title='bbox 464 830 564 863; x_wconf 68' lang='lat' dir='ltr'><strong>tigurm,</strong></span> <span class='ocrx_word' id='word_1_116' title='bbox 580 834 606 856; x_wconf 89' lang='lat' dir='ltr'><strong>et</strong></span> <span class='ocrx_word' id='word_1_117' title='bbox 623 829 684 856; x_wconf 88' lang='lat' dir='ltr'><strong>inde</strong></span> <span class='ocrx_word' id='word_1_118' title='bbox 699 829 854 856; x_wconf 89' lang='lat' dir='ltr'><strong>abscondita</strong></span> <span class='ocrx_word' id='word_1_119' title='bbox 868 834 931 856; x_wconf 90' lang='lat' dir='ltr'><strong>sunt</strong></span> <span class='ocrx_word' id='word_1_120' title='bbox 947 828 1061 855; x_wconf 91' lang='lat' dir='ltr'><strong>Domino</strong></span> 
     </span>
    </p>
   </div>
   <div class='ocr_carea' id='block_1_18' title="bbox 279 874 1059 911">
    <p class='ocr_par' dir='ltr' id='par_1_18' title="bbox 279 874 1059 911">
     <span class='ocr_line' id='line_1_18' title="bbox 279 874 1059 911; baseline -0.004 -9"><span class='ocrx_word' id='word_1_121' title='bbox 279 875 352 911; x_wconf 88' lang='lat' dir='ltr'><strong>ipsas</strong></span> <span class='ocrx_word' id='word_1_122' title='bbox 371 875 470 908; x_wconf 77' lang='lat' dir='ltr'><strong>figuras</strong></span> <span class='ocrx_word' id='word_1_123' title='bbox 486 875 658 909; x_wconf 88' lang='lat' dir='ltr'><strong>adimplente.</strong></span> <span class='ocrx_word' id='word_1_124' title='bbox 683 874 785 901; x_wconf 89' lang='lat' dir='ltr'><strong>Idcirco</strong></span> <span class='ocrx_word' id='word_1_125' title='bbox 803 881 874 900; x_wconf 93' lang='lat' dir='ltr'><strong>nunc</strong></span> <span class='ocrx_word' id='word_1_126' title='bbox 896 881 982 908; x_wconf 90' lang='lat' dir='ltr'><strong>neque</strong></span> <span class='ocrx_word' id='word_1_127' title='bbox 997 881 1059 899; x_wconf 88' lang='lat' dir='ltr'><strong>arca</strong></span> 
     </span>
    </p>
   </div>
   <div class='ocr_carea' id='block_1_19' title="bbox 280 912 1097 954">
    <p class='ocr_par' dir='ltr' id='par_1_19' title="bbox 280 912 1097 954">
     <span class='ocr_line' id='line_1_19' title="bbox 280 912 1097 954; baseline -0.004 -6"><span class='ocrx_word' id='word_1_128' title='bbox 280 920 448 953; x_wconf 81' lang='lat' dir='ltr'><strong>testamenti,</strong></span> <span class='ocrx_word' id='word_1_129' title='bbox 472 927 558 954; x_wconf 77' lang='lat' dir='ltr'><strong>neque</strong></span> <span class='ocrx_word' id='word_1_130' title='bbox 576 927 641 946; x_wconf 86' lang='lat' dir='ltr'><strong>urna</strong></span> <span class='ocrx_word' id='word_1_131' title='bbox 668 927 788 951; x_wconf 72' lang='lat' dir='ltr'><strong>mannze,</strong></span> <span class='ocrx_word' id='word_1_132' title='bbox 813 926 899 953; x_wconf 89' lang='lat' dir='ltr'><strong>neque</strong></span> <span class='ocrx_word' id='word_1_133' title='bbox 920 920 1059 946; x_wconf 80' lang='lat' dir='ltr'><strong>cinnamo-</strong></span> <span class='ocrx_word' id='word_1_134' title='bbox 1077 912 1097 939; x_wconf 78' lang='grc' dir='ltr'><strong>Β</strong></span> 
     </span>
    </p>
   </div>
   <div class='ocr_carea' id='block_1_20' title="bbox 279 964 1060 1000">
    <p class='ocr_par' dir='ltr' id='par_1_20' title="bbox 279 964 1060 1000">
     <span class='ocr_line' id='line_1_20' title="bbox 279 964 1060 1000; baseline -0.005 -6"><span class='ocrx_word' id='word_1_135' title='bbox 279 974 365 998; x_wconf 87' lang='lat' dir='ltr'><strong>mum,</strong></span> <span class='ocrx_word' id='word_1_136' title='bbox 377 973 464 1000; x_wconf 92' lang='lat' dir='ltr'><strong>neque</strong></span> <span class='ocrx_word' id='word_1_137' title='bbox 479 967 599 998; x_wconf 90' lang='lat' dir='ltr'><strong>adamas,</strong></span> <span class='ocrx_word' id='word_1_138' title='bbox 615 973 701 999; x_wconf 91' lang='lat' dir='ltr'><strong>neque</strong></span> <span class='ocrx_word' id='word_1_139' title='bbox 718 966 829 1000; x_wconf 70' lang='lat' dir='ltr'><strong>phmnix</strong></span> <span class='ocrx_word' id='word_1_140' title='bbox 849 965 910 992; x_wconf 84' lang='lat' dir='ltr'><strong>istis</strong></span> <span class='ocrx_word' id='word_1_141' title='bbox 927 972 998 992; x_wconf 91' lang='lat' dir='ltr'><strong>nunc</strong></span> <span class='ocrx_word' id='word_1_142' title='bbox 1012 964 1060 991; x_wconf 79' lang='lat' dir='ltr'><strong>ho-</strong></span> 
     </span>
    </p>
   </div>
   <div class='ocr_carea' id='block_1_21' title="bbox 279 1010 1059 1045">
    <p class='ocr_par' dir='ltr' id='par_1_21' title="bbox 279 1010 1059 1045">
     <span class='ocr_line' id='line_1_21' title="bbox 279 1010 1059 1045; baseline -0.003 -6"><span class='ocrx_word' id='word_1_143' title='bbox 279 1011 397 1040; x_wconf 90' lang='lat' dir='ltr'><strong>minibus</strong></span> <span class='ocrx_word' id='word_1_144' title='bbox 407 1018 470 1039; x_wconf 89' lang='lat' dir='ltr'><strong>vere</strong></span> <span class='ocrx_word' id='word_1_145' title='bbox 485 1011 617 1043; x_wconf 89' lang='lat' dir='ltr'><strong>videntur,</strong></span> <span class='ocrx_word' id='word_1_146' title='bbox 632 1011 683 1038; x_wconf 87' lang='lat' dir='ltr'><strong>nisi</strong></span> <span class='ocrx_word' id='word_1_147' title='bbox 699 1010 768 1038; x_wconf 90' lang='lat' dir='ltr'><strong>forte</strong></span> <span class='ocrx_word' id='word_1_148' title='bbox 781 1011 841 1045; x_wconf 81' lang='lat' dir='ltr'><strong>quis</strong></span> <span class='ocrx_word' id='word_1_149' title='bbox 856 1011 944 1037; x_wconf 83' lang='lat' dir='ltr'><strong>simile</strong></span> <span class='ocrx_word' id='word_1_150' title='bbox 957 1011 1059 1044; x_wconf 89' lang='lat' dir='ltr'><strong>aliquid</strong></span> 
     </span>
    </p>
   </div>
   <div class='ocr_carea' id='block_1_22' title="bbox 278 1056 1058 1090">
    <p class='ocr_par' dir='ltr' id='par_1_22' title="bbox 278 1056 1058 1090">
     <span class='ocr_line' id='line_1_22' title="bbox 278 1056 1058 1090; baseline -0.001 -6"><span class='ocrx_word' id='word_1_151' title='bbox 278 1057 432 1084; x_wconf 85' lang='lat' dir='ltr'><strong>simulatum</strong></span> <span class='ocrx_word' id='word_1_152' title='bbox 455 1056 618 1087; x_wconf 84' lang='lat' dir='ltr'><strong>contendat,</strong></span> <span class='ocrx_word' id='word_1_153' title='bbox 644 1056 737 1083; x_wconf 86' lang='lat' dir='ltr'><strong>dicens</strong></span> <span class='ocrx_word' id='word_1_154' title='bbox 757 1063 816 1083; x_wconf 86' lang='lat' dir='ltr'><strong>esse</strong></span> <span class='ocrx_word' id='word_1_155' title='bbox 837 1056 908 1090; x_wconf 88' lang='lat' dir='ltr'><strong>quod</strong></span> <span class='ocrx_word' id='word_1_156' title='bbox 934 1064 985 1082; x_wconf 93' lang='lat' dir='ltr'><strong>non</strong></span> <span class='ocrx_word' id='word_1_157' title='bbox 1007 1061 1058 1083; x_wconf 86' lang='lat' dir='ltr'><strong>est.</strong></span> 
     </span>
    </p>
   </div>
   <div class='ocr_carea' id='block_1_23' title="bbox 277 1101 1059 1138">
    <p class='ocr_par' dir='ltr' id='par_1_23' title="bbox 277 1101 1059 1138">
     <span class='ocr_line' id='line_1_23' title="bbox 277 1101 1059 1138; baseline -0.003 -8"><span class='ocrx_word' id='word_1_158' title='bbox 277 1103 345 1131; x_wconf 84' lang='lat' dir='ltr'><strong>Cum</strong></span> <span class='ocrx_word' id='word_1_159' title='bbox 357 1110 422 1137; x_wconf 87' lang='lat' dir='ltr'><strong>ergo</strong></span> <span class='ocrx_word' id='word_1_160' title='bbox 436 1107 514 1138; x_wconf 84' lang='lat' dir='ltr'><strong>typus</strong></span> <span class='ocrx_word' id='word_1_161' title='bbox 529 1107 600 1130; x_wconf 83' lang='lat' dir='ltr'><strong>esset</strong></span> <span class='ocrx_word' id='word_1_162' title='bbox 615 1102 720 1129; x_wconf 83' lang='lat' dir='ltr'><strong>Domini</strong></span> <span class='ocrx_word' id='word_1_163' title='bbox 736 1101 798 1129; x_wconf 81' lang='lat' dir='ltr'><strong>Jesu</strong></span> <span class='ocrx_word' id='word_1_164' title='bbox 813 1102 915 1129; x_wconf 83' lang='lat' dir='ltr'><strong>Christi</strong></span> <span class='ocrx_word' id='word_1_165' title='bbox 931 1101 991 1133; x_wconf 87' lang='lat' dir='ltr'><strong>Job,</strong></span> <span class='ocrx_word' id='word_1_166' title='bbox 1006 1107 1059 1129; x_wconf 87' lang='lat' dir='ltr'><strong>Ira-</strong></span> 
     </span>
    </p>
   </div>
   <div class='ocr_carea' id='block_1_24' title="bbox 277 1148 1059 1183">
    <p class='ocr_par' dir='ltr' id='par_1_24' title="bbox 277 1148 1059 1183">
     <span class='ocr_line' id='line_1_24' title="bbox 277 1148 1059 1183; baseline -0.003 -6"><span class='ocrx_word' id='word_1_167' title='bbox 277 1149 346 1177; x_wconf 86' lang='lat' dir='ltr'><strong>didit</strong></span> <span class='ocrx_word' id='word_1_168' title='bbox 361 1149 435 1177; x_wconf 91' lang='lat' dir='ltr'><strong>illum</strong></span> <span class='ocrx_word' id='word_1_169' title='bbox 450 1149 519 1176; x_wconf 88' lang='lat' dir='ltr'><strong>Deus</strong></span> <span class='ocrx_word' id='word_1_170' title='bbox 533 1149 560 1176; x_wconf 92' lang='lat' dir='ltr'><strong>in</strong></span> <span class='ocrx_word' id='word_1_171' title='bbox 580 1148 764 1183; x_wconf 83' lang='lat' dir='ltr'><strong>probationem</strong></span> <span class='ocrx_word' id='word_1_172' title='bbox 784 1153 911 1183; x_wconf 80' lang='lat' dir='ltr'><strong>tanquam</strong></span> <span class='ocrx_word' id='word_1_173' title='bbox 927 1149 1059 1175; x_wconf 85' lang='lat' dir='ltr'><strong>adaman-</strong></span> 
     </span>
    </p>
   </div>
   <div class='ocr_carea' id='block_1_25' title="bbox 278 1194 1058 1229">
    <p class='ocr_par' dir='ltr' id='par_1_25' title="bbox 278 1194 1058 1229">
     <span class='ocr_line' id='line_1_25' title="bbox 278 1194 1058 1229; baseline -0.003 -6"><span class='ocrx_word' id='word_1_174' title='bbox 278 1200 331 1223; x_wconf 90' lang='lat' dir='ltr'><strong>tem</strong></span> <span class='ocrx_word' id='word_1_175' title='bbox 340 1194 530 1226; x_wconf 82' lang='lat' dir='ltr'><strong>inviolabilem,</strong></span> <span class='ocrx_word' id='word_1_176' title='bbox 538 1194 614 1228; x_wconf 86' lang='lat' dir='ltr'><strong>cujus</strong></span> <span class='ocrx_word' id='word_1_177' title='bbox 622 1199 781 1229; x_wconf 90' lang='lat' dir='ltr'><strong>potestatem</strong></span> <span class='ocrx_word' id='word_1_178' title='bbox 792 1195 927 1229; x_wconf 87' lang='lat' dir='ltr'><strong>accipiens</strong></span> <span class='ocrx_word' id='word_1_179' title='bbox 937 1194 1058 1222; x_wconf 79' lang='lat' dir='ltr'><strong>diabolus</strong></span> 
     </span>
    </p>
   </div>
   <div class='ocr_carea' id='block_1_26' title="bbox 277 1240 1058 1274">
    <p class='ocr_par' dir='ltr' id='par_1_26' title="bbox 277 1240 1058 1274">
     <span class='ocr_line' id='line_1_26' title="bbox 277 1240 1058 1274; baseline 0 -6"><span class='ocrx_word' id='word_1_180' title='bbox 277 1241 361 1269; x_wconf 77' lang='lat' dir='ltr'><strong>exivit</strong></span> <span class='ocrx_word' id='word_1_181' title='bbox 373 1249 386 1267; x_wconf 90' lang='lat' dir='ltr'><strong>a</strong></span> <span class='ocrx_word' id='word_1_182' title='bbox 400 1241 468 1268; x_wconf 89' lang='lat' dir='ltr'><strong>faeie</strong></span> <span class='ocrx_word' id='word_1_183' title='bbox 484 1241 599 1268; x_wconf 89' lang='lat' dir='ltr'><strong>Domini.</strong></span> <span class='ocrx_word' id='word_1_184' title='bbox 612 1240 698 1267; x_wconf 67' lang='lat' dir='ltr'><strong>Exim</strong></span> <span class='ocrx_word' id='word_1_185' title='bbox 716 1241 846 1274; x_wconf 70' lang='lat' dir='ltr'><strong>diabolus,</strong></span> <span class='ocrx_word' id='word_1_186' title='bbox 862 1241 911 1267; x_wconf 89' lang='lat' dir='ltr'><strong>hoc</strong></span> <span class='ocrx_word' id='word_1_187' title='bbox 922 1245 974 1272; x_wconf 82' lang='lat' dir='ltr'><strong>est,</strong></span> <span class='ocrx_word' id='word_1_188' title='bbox 985 1241 1058 1268; x_wconf 91' lang='lat' dir='ltr'><strong>defe-</strong></span> 
     </span>
    </p>
   </div>
   <div class='ocr_carea' id='block_1_27' title="bbox 277 1285 1056 1321">
    <p class='ocr_par' dir='ltr' id='par_1_27' title="bbox 277 1285 1056 1321">
     <span class='ocr_line' id='line_1_27' title="bbox 277 1285 1056 1321; baseline 0 -8"><span class='ocrx_word' id='word_1_189' title='bbox 277 1294 351 1313; x_wconf 87' lang='lat' dir='ltr'><strong>rens.</strong></span> <span class='ocrx_word' id='word_1_190' title='bbox 367 1286 407 1313; x_wconf 83' lang='lat' dir='ltr'><strong>Ad</strong></span> <span class='ocrx_word' id='word_1_191' title='bbox 421 1285 593 1313; x_wconf 86' lang='lat' dir='ltr'><strong>deferendum</strong></span> <span class='ocrx_word' id='word_1_192' title='bbox 611 1286 683 1313; x_wconf 93' lang='lat' dir='ltr'><strong>enim</strong></span> <span class='ocrx_word' id='word_1_193' title='bbox 699 1286 839 1313; x_wconf 88' lang='lat' dir='ltr'><strong>introierat</strong></span> <span class='ocrx_word' id='word_1_194' title='bbox 853 1295 858 1312; x_wconf 94' lang='lat'>:</span> <span class='ocrx_word' id='word_1_195' title='bbox 883 1291 910 1313; x_wconf 88' lang='lat' dir='ltr'><strong>et</strong></span> <span class='ocrx_word' id='word_1_196' title='bbox 927 1291 1056 1321; x_wconf 91' lang='lat' dir='ltr'><strong>quantum</strong></span> 
     </span>
    </p>
   </div>
   <div class='ocr_carea' id='block_1_28' title="bbox 273 1331 1057 1367">
    <p class='ocr_par' dir='ltr' id='par_1_28' title="bbox 273 1331 1057 1367">
     <span class='ocr_line' id='line_1_28' title="bbox 273 1331 1057 1367; baseline 0.001 -8"><span class='ocrx_word' id='word_1_197' title='bbox 273 1331 350 1366; x_wconf 77' lang='lat' dir='ltr'><strong>juxta</strong></span> <span class='ocrx_word' id='word_1_198' title='bbox 368 1332 534 1367; x_wconf 82' lang='lat' dir='ltr'><strong>iniquitatem</strong></span> <span class='ocrx_word' id='word_1_199' title='bbox 550 1338 626 1358; x_wconf 89' lang='lat' dir='ltr'><strong>suam</strong></span> <span class='ocrx_word' id='word_1_200' title='bbox 651 1331 677 1357; x_wconf 92' lang='lat' dir='ltr'><strong>in</strong></span> <span class='ocrx_word' id='word_1_201' title='bbox 692 1331 749 1365; x_wconf 88' lang='lat' dir='ltr'><strong>ipsa</strong></span> <span class='ocrx_word' id='word_1_202' title='bbox 764 1331 898 1358; x_wconf 90' lang='lat' dir='ltr'><strong>delatione</strong></span> <span class='ocrx_word' id='word_1_203' title='bbox 914 1332 1057 1365; x_wconf 77' lang='lat' dir='ltr'><strong>proficiens</strong></span> 
     </span>
    </p>
   </div>
   <div class='ocr_carea' id='block_1_29' title="bbox 276 1376 1055 1412">
    <p class='ocr_par' dir='ltr' id='par_1_29' title="bbox 276 1376 1055 1412">
     <span class='ocr_line' id='line_1_29' title="bbox 276 1376 1055 1412; baseline -0.001 -8"><span class='ocrx_word' id='word_1_204' title='bbox 276 1384 308 1404; x_wconf 85' lang='lat' dir='ltr'><strong>ac</strong></span> <span class='ocrx_word' id='word_1_205' title='bbox 318 1376 399 1404; x_wconf 84' lang='lat' dir='ltr'><strong>delati</strong></span> <span class='ocrx_word' id='word_1_206' title='bbox 412 1380 573 1412; x_wconf 85' lang='lat' dir='ltr'><strong>potestatem</strong></span> <span class='ocrx_word' id='word_1_207' title='bbox 587 1376 733 1410; x_wconf 89' lang='lat' dir='ltr'><strong>accipiens,</strong></span> <span class='ocrx_word' id='word_1_208' title='bbox 743 1376 824 1403; x_wconf 90' lang='lat' dir='ltr'><strong>exivit</strong></span> <span class='ocrx_word' id='word_1_209' title='bbox 837 1384 850 1403; x_wconf 92' lang='lat' dir='ltr'><strong>a</strong></span> <span class='ocrx_word' id='word_1_210' title='bbox 861 1376 928 1404; x_wconf 87' lang='lat' dir='ltr'><strong>facie</strong></span> <span class='ocrx_word' id='word_1_211' title='bbox 940 1377 1055 1404; x_wconf 86' lang='lat' dir='ltr'><strong>Domini.</strong></span> 
     </span>
    </p>
   </div>
   <div class='ocr_carea' id='block_1_30' title="bbox 276 1421 1056 1457">
    <p class='ocr_par' dir='ltr' id='par_1_30' title="bbox 276 1421 1056 1457">
     <span class='ocr_line' id='line_1_30' title="bbox 276 1421 1056 1457; baseline -0.001 -7"><span class='ocrx_word' id='word_1_212' title='bbox 276 1421 366 1450; x_wconf 83' lang='lat' dir='ltr'><strong>Exivit</strong></span> <span class='ocrx_word' id='word_1_213' title='bbox 381 1422 499 1456; x_wconf 82' lang='lat' dir='ltr'><strong>gaudens</strong></span> <span class='ocrx_word' id='word_1_214' title='bbox 516 1422 561 1456; x_wconf 91' lang='lat' dir='ltr'><strong>qui</strong></span> <span class='ocrx_word' id='word_1_215' title='bbox 574 1430 708 1456; x_wconf 87' lang='lat' dir='ltr'><strong>nunquam</strong></span> <span class='ocrx_word' id='word_1_216' title='bbox 721 1427 762 1449; x_wconf 88' lang='lat' dir='ltr'><strong>est</strong></span> <span class='ocrx_word' id='word_1_217' title='bbox 776 1423 894 1457; x_wconf 83' lang='lat' dir='ltr'><strong>gavisus.</strong></span> <span class='ocrx_word' id='word_1_218' title='bbox 910 1423 996 1450; x_wconf 79' lang='lat' dir='ltr'><strong>exivit</strong></span> <span class='ocrx_word' id='word_1_219' title='bbox 1009 1422 1056 1449; x_wconf 63' lang='lat' dir='ltr'><strong>lm-</strong></span> 
     </span>
    </p>
   </div>
   <div class='ocr_carea' id='block_1_31' title="bbox 274 1467 1056 1503">
    <p class='ocr_par' dir='ltr' id='par_1_31' title="bbox 274 1467 1056 1503">
     <span class='ocr_line' id='line_1_31' title="bbox 274 1467 1056 1503; baseline 0.003 -9"><span class='ocrx_word' id='word_1_220' title='bbox 274 1471 319 1497; x_wconf 75' lang='lat' dir='ltr'><strong>tns</strong></span> <span class='ocrx_word' id='word_1_221' title='bbox 332 1467 378 1494; x_wconf 91' lang='lat' dir='ltr'><strong>ille</strong></span> <span class='ocrx_word' id='word_1_222' title='bbox 390 1468 435 1502; x_wconf 89' lang='lat' dir='ltr'><strong>qui</strong></span> <span class='ocrx_word' id='word_1_223' title='bbox 448 1475 583 1502; x_wconf 86' lang='lat' dir='ltr'><strong>nunquam</strong></span> <span class='ocrx_word' id='word_1_224' title='bbox 598 1473 639 1495; x_wconf 91' lang='lat' dir='ltr'><strong>est</strong></span> <span class='ocrx_word' id='word_1_225' title='bbox 652 1468 766 1499; x_wconf 72' lang='lat' dir='ltr'><strong>ltetatus,</strong></span> <span class='ocrx_word' id='word_1_226' title='bbox 780 1473 872 1503; x_wconf 91' lang='lat' dir='ltr'><strong>utpote</strong></span> <span class='ocrx_word' id='word_1_227' title='bbox 887 1468 990 1496; x_wconf 85' lang='lat' dir='ltr'><strong>habens</strong></span> <span class='ocrx_word' id='word_1_228' title='bbox 1006 1468 1056 1496; x_wconf 91' lang='lat' dir='ltr'><strong>Job</strong></span> 
     </span>
    </p>
   </div>
   <div class='ocr_carea' id='block_1_32' title="bbox 274 1507 1055 1548">
    <p class='ocr_par' dir='ltr' id='par_1_32' title="bbox 274 1507 1055 1548">
     <span class='ocr_line' id='line_1_32' title="bbox 274 1507 1055 1548; baseline 0.001 -9"><span class='ocrx_word' id='word_1_229' title='bbox 274 1507 303 1540; x_wconf 72' lang='lat' dir='ltr'><strong>in</strong></span> <span class='ocrx_word' id='word_1_230' title='bbox 317 1516 476 1547; x_wconf 80' lang='lat' dir='ltr'><strong>potestatem</strong></span> <span class='ocrx_word' id='word_1_231' title='bbox 492 1513 524 1540; x_wconf 88' lang='lat' dir='ltr'><strong>ad</strong></span> <span class='ocrx_word' id='word_1_232' title='bbox 544 1514 706 1548; x_wconf 89' lang='lat' dir='ltr'><strong>puniendum</strong></span> <span class='ocrx_word' id='word_1_233' title='bbox 723 1514 796 1541; x_wconf 91' lang='lat' dir='ltr'><strong>illum</strong></span> <span class='ocrx_word' id='word_1_234' title='bbox 819 1514 965 1541; x_wconf 88' lang='lat' dir='ltr'><strong>secundntn</strong></span> <span class='ocrx_word' id='word_1_235' title='bbox 980 1521 1055 1540; x_wconf 87' lang='lat' dir='ltr'><strong>suam</strong></span> 
     </span>
    </p>
   </div>
   <div class='ocr_carea' id='block_1_33' title="bbox 275 1556 1055 1593">
    <p class='ocr_par' dir='ltr' id='par_1_33' title="bbox 275 1556 1055 1593">
     <span class='ocr_line' id='line_1_33' title="bbox 275 1556 1055 1593; baseline 0.001 -7"><span class='ocrx_word' id='word_1_236' title='bbox 275 1556 456 1593; x_wconf 81' lang='lat' dir='ltr'><strong>iniquitatem.</strong></span> <span class='ocrx_word' id='word_1_237' title='bbox 474 1558 562 1585; x_wconf 77' lang='lat' dir='ltr'><strong>Exivit</strong></span> <span class='ocrx_word' id='word_1_238' title='bbox 576 1559 698 1587; x_wconf 88' lang='lat' dir='ltr'><strong>diabolus</strong></span> <span class='ocrx_word' id='word_1_239' title='bbox 716 1567 730 1586; x_wconf 86' lang='lat' dir='ltr'><strong>a</strong></span> <span class='ocrx_word' id='word_1_240' title='bbox 748 1559 816 1587; x_wconf 85' lang='lat' dir='ltr'><strong>facie</strong></span> <span class='ocrx_word' id='word_1_241' title='bbox 832 1560 957 1592; x_wconf 84' lang='lat' dir='ltr'><strong>Domini,</strong></span> <span class='ocrx_word' id='word_1_242' title='bbox 973 1560 1055 1587; x_wconf 82' lang='lat' dir='ltr'><strong>exivit</strong></span> 
     </span>
    </p>
   </div>
   <div class='ocr_carea' id='block_1_34' title="bbox 273 1596 1055 1640">
    <p class='ocr_par' dir='ltr' id='par_1_34' title="bbox 273 1596 1055 1640">
     <span class='ocr_line' id='line_1_34' title="bbox 273 1596 1055 1640; baseline 0.003 -10"><span class='ocrx_word' id='word_1_243' title='bbox 273 1596 403 1638; x_wconf 61' lang='lat' dir='ltr'><strong>tanquam</strong></span> <span class='ocrx_word' id='word_1_244' title='bbox 417 1603 495 1638; x_wconf 91' lang='lat' dir='ltr'><strong>lupus</strong></span> <span class='ocrx_word' id='word_1_245' title='bbox 509 1605 628 1637; x_wconf 84' lang='lat' dir='ltr'><strong>rabiens,</strong></span> <span class='ocrx_word' id='word_1_246' title='bbox 642 1611 768 1640; x_wconf 86' lang='lat' dir='ltr'><strong>tanquam</strong></span> <span class='ocrx_word' id='word_1_247' title='bbox 794 1605 835 1633; x_wconf 91' lang='lat' dir='ltr'><strong>leo</strong></span> <span class='ocrx_word' id='word_1_248' title='bbox 859 1606 978 1640; x_wconf 79' lang='lat' dir='ltr'><strong>rugiens,</strong></span> <span class='ocrx_word' id='word_1_249' title='bbox 995 1611 1055 1633; x_wconf 90' lang='lat' dir='ltr'><strong>tan-</strong></span> 
     </span>
    </p>
   </div>
   <div class='ocr_carea' id='block_1_35' title="bbox 274 1651 1055 1686">
    <p class='ocr_par' dir='ltr' id='par_1_35' title="bbox 274 1651 1055 1686">
     <span class='ocr_line' id='line_1_35' title="bbox 274 1651 1055 1686; baseline 0.004 -11"><span class='ocrx_word' id='word_1_250' title='bbox 274 1654 355 1684; x_wconf 87' lang='lat' dir='ltr'><strong>quam</strong></span> <span class='ocrx_word' id='word_1_251' title='bbox 371 1657 449 1677; x_wconf 86' lang='lat' dir='ltr'><strong>ursus</strong></span> <span class='ocrx_word' id='word_1_252' title='bbox 463 1651 618 1684; x_wconf 84' lang='lat' dir='ltr'><strong>sanguinem</strong></span> <span class='ocrx_word' id='word_1_253' title='bbox 629 1656 767 1686; x_wconf 81' lang='lat' dir='ltr'><strong>appetens,</strong></span> <span class='ocrx_word' id='word_1_254' title='bbox 780 1655 907 1685; x_wconf 85' lang='lat' dir='ltr'><strong>tanquam</strong></span> <span class='ocrx_word' id='word_1_255' title='bbox 922 1651 1055 1686; x_wconf 78' lang='lat' dir='ltr'><strong>malignus</strong></span> 
     </span>
    </p>
   </div>
   <div class='ocr_carea' id='block_1_36' title="bbox 274 1688 1055 1732">
    <p class='ocr_par' dir='ltr' id='par_1_36' title="bbox 274 1688 1055 1732">
     <span class='ocr_line' id='line_1_36' title="bbox 274 1688 1055 1732; baseline 0.003 -10"><span class='ocrx_word' id='word_1_256' title='bbox 274 1688 397 1731; x_wconf 55' lang='lat' dir='ltr'><strong>serpens,</strong></span> <span class='ocrx_word' id='word_1_257' title='bbox 413 1700 538 1730; x_wconf 88' lang='lat' dir='ltr'><strong>tanquam</strong></span> <span class='ocrx_word' id='word_1_258' title='bbox 555 1698 646 1730; x_wconf 89' lang='lat' dir='ltr'><strong>vipera</strong></span> <span class='ocrx_word' id='word_1_259' title='bbox 667 1704 737 1724; x_wconf 77' lang='lat' dir='ltr'><strong>sazva</strong></span> <span class='ocrx_word' id='word_1_260' title='bbox 764 1704 795 1724; x_wconf 81' lang='lat' dir='ltr'><strong>ac</strong></span> <span class='ocrx_word' id='word_1_261' title='bbox 818 1697 980 1732; x_wconf 86' lang='lat' dir='ltr'><strong>perniciosa.</strong></span> <span class='ocrx_word' id='word_1_262' title='bbox 999 1698 1055 1724; x_wconf 76' lang='lat' dir='ltr'><strong>Ex—</strong></span> 
     </span>
    </p>
   </div>
   <div class='ocr_carea' id='block_1_37' title="bbox 273 1738 1055 1776">
    <p class='ocr_par' dir='ltr' id='par_1_37' title="bbox 273 1738 1055 1776">
     <span class='ocr_line' id='line_1_37' title="bbox 273 1738 1055 1776; baseline 0.003 -9"><span class='ocrx_word' id='word_1_263' title='bbox 273 1738 320 1767; x_wconf 72' lang='lat' dir='ltr'><strong>Itn&#39;t</strong></span> <span class='ocrx_word' id='word_1_264' title='bbox 338 1740 459 1767; x_wconf 74' lang='lat' dir='ltr'><strong>diabolus</strong></span> <span class='ocrx_word' id='word_1_265' title='bbox 474 1750 489 1767; x_wconf 88' lang='lat' dir='ltr'><strong>a</strong></span> <span class='ocrx_word' id='word_1_266' title='bbox 504 1741 570 1775; x_wconf 79' lang='lat' dir='ltr'><strong>facie</strong></span> <span class='ocrx_word' id='word_1_267' title='bbox 584 1740 700 1767; x_wconf 83' lang='lat' dir='ltr'><strong>Domini.</strong></span> <span class='ocrx_word' id='word_1_268' title='bbox 718 1741 809 1768; x_wconf 82' lang='lat' dir='ltr'><strong>Exivit</strong></span> <span class='ocrx_word' id='word_1_269' title='bbox 828 1743 899 1769; x_wconf 89' lang='lat' dir='ltr'><strong>omni</strong></span> <span class='ocrx_word' id='word_1_270' title='bbox 916 1742 1055 1776; x_wconf 82' lang='lat' dir='ltr'><strong>iniquitate</strong></span> 
     </span>
    </p>
   </div>
   <div class='ocr_carea' id='block_1_38' title="bbox 273 1784 1054 1822">
    <p class='ocr_par' dir='ltr' id='par_1_38' title="bbox 273 1784 1054 1822">
     <span class='ocr_line' id='line_1_38' title="bbox 273 1784 1054 1822; baseline 0.003 -10"><span class='ocrx_word' id='word_1_271' title='bbox 273 1789 302 1812; x_wconf 87' lang='lat' dir='ltr'><strong>et</strong></span> <span class='ocrx_word' id='word_1_272' title='bbox 316 1785 366 1817; x_wconf 88' lang='lat' dir='ltr'><strong>ira,</strong></span> <span class='ocrx_word' id='word_1_273' title='bbox 378 1784 468 1812; x_wconf 89' lang='lat' dir='ltr'><strong>furore</strong></span> <span class='ocrx_word' id='word_1_274' title='bbox 481 1793 586 1820; x_wconf 89' lang='lat' dir='ltr'><strong>quoque</strong></span> <span class='ocrx_word' id='word_1_275' title='bbox 600 1791 681 1820; x_wconf 85' lang='lat' dir='ltr'><strong>atque</strong></span> <span class='ocrx_word' id='word_1_276' title='bbox 692 1786 882 1822; x_wconf 81' lang='lat' dir='ltr'><strong>indignatione,</strong></span> <span class='ocrx_word' id='word_1_277' title='bbox 895 1788 1054 1815; x_wconf 87' lang='lat' dir='ltr'><strong>crudelitate</strong></span> 
     </span>
    </p>
   </div>
   <div class='ocr_carea' id='block_1_39' title="bbox 273 1829 1055 1866">
    <p class='ocr_par' dir='ltr' id='par_1_39' title="bbox 273 1829 1055 1866">
     <span class='ocr_line' id='line_1_39' title="bbox 273 1829 1055 1866; baseline 0.005 -10"><span class='ocrx_word' id='word_1_278' title='bbox 273 1829 450 1857; x_wconf 88' lang='lat' dir='ltr'><strong>nihilominus</strong></span> <span class='ocrx_word' id='word_1_279' title='bbox 468 1835 550 1864; x_wconf 85' lang='lat' dir='ltr'><strong>atque</strong></span> <span class='ocrx_word' id='word_1_280' title='bbox 566 1832 638 1857; x_wconf 92' lang='lat' dir='ltr'><strong>omni</strong></span> <span class='ocrx_word' id='word_1_281' title='bbox 656 1832 794 1866; x_wconf 86' lang='lat' dir='ltr'><strong>impietate</strong></span> <span class='ocrx_word' id='word_1_282' title='bbox 817 1833 942 1860; x_wconf 84' lang='lat' dir='ltr'><strong>refertus.</strong></span> <span class='ocrx_word' id='word_1_283' title='bbox 965 1833 1055 1860; x_wconf 81' lang='lat' dir='ltr'><strong>Exivit</strong></span> 
     </span>
    </p>
   </div>
   <div class='ocr_carea' id='block_1_40' title="bbox 273 1876 1054 1911">
    <p class='ocr_par' dir='ltr' id='par_1_40' title="bbox 273 1876 1054 1911">
     <span class='ocr_line' id='line_1_40' title="bbox 273 1876 1054 1911; baseline 0.004 -10"><span class='ocrx_word' id='word_1_284' title='bbox 273 1877 401 1910; x_wconf 82' lang='lat' dir='ltr'><strong>tanquam</strong></span> <span class='ocrx_word' id='word_1_285' title='bbox 417 1876 500 1902; x_wconf 88' lang='lat' dir='ltr'><strong>bestia</strong></span> <span class='ocrx_word' id='word_1_286' title='bbox 518 1876 591 1902; x_wconf 85' lang='lat' dir='ltr'><strong>ferox</strong></span> <span class='ocrx_word' id='word_1_287' title='bbox 605 1883 635 1902; x_wconf 91' lang='lat' dir='ltr'><strong>ac</strong></span> <span class='ocrx_word' id='word_1_288' title='bbox 652 1883 721 1902; x_wconf 61' lang='grc' dir='ltr'><strong>θωνα</strong></span> <span class='ocrx_word' id='word_1_289' title='bbox 740 1881 822 1911; x_wconf 88' lang='lat' dir='ltr'><strong>atque</strong></span> <span class='ocrx_word' id='word_1_290' title='bbox 840 1877 975 1905; x_wconf 90' lang='lat' dir='ltr'><strong>immanis.</strong></span> <span class='ocrx_word' id='word_1_291' title='bbox 1001 1878 1054 1904; x_wconf 83' lang='lat' dir='ltr'><strong>Ex-</strong></span> 
     </span>
    </p>
   </div>
   <div class='ocr_carea' id='block_1_41' title="bbox 272 1921 1054 1956">
    <p class='ocr_par' dir='ltr' id='par_1_41' title="bbox 272 1921 1054 1956">
     <span class='ocr_line' id='line_1_41' title="bbox 272 1921 1054 1956; baseline 0.003 -8"><span class='ocrx_word' id='word_1_292' title='bbox 272 1921 322 1949; x_wconf 91' lang='lat' dir='ltr'><strong>ivit</strong></span> <span class='ocrx_word' id='word_1_293' title='bbox 340 1921 461 1956; x_wconf 86' lang='lat' dir='ltr'><strong>cogitans</strong></span> <span class='ocrx_word' id='word_1_294' title='bbox 480 1922 571 1949; x_wconf 80' lang='lat' dir='ltr'><strong>infelix</strong></span> <span class='ocrx_word' id='word_1_295' title='bbox 594 1930 642 1949; x_wconf 89' lang='lat' dir='ltr'><strong>suo</strong></span> <span class='ocrx_word' id='word_1_296' title='bbox 657 1923 829 1950; x_wconf 87' lang='lat' dir='ltr'><strong>amarissimo</strong></span> <span class='ocrx_word' id='word_1_297' title='bbox 842 1924 920 1950; x_wconf 89' lang='lat' dir='ltr'><strong>modo</strong></span> <span class='ocrx_word' id='word_1_298' title='bbox 936 1923 986 1950; x_wconf 89' lang='lat' dir='ltr'><strong>Job</strong></span> <span class='ocrx_word' id='word_1_299' title='bbox 997 1924 1054 1950; x_wconf 88' lang='lat' dir='ltr'><strong>alli-</strong></span> 
     </span>
    </p>
   </div>
   <div class='ocr_carea' id='block_1_42' title="bbox 272 1967 1054 2002">
    <p class='ocr_par' dir='ltr' id='par_1_42' title="bbox 272 1967 1054 2002">
     <span class='ocr_line' id='line_1_42' title="bbox 272 1967 1054 2002; baseline 0.004 -9"><span class='ocrx_word' id='word_1_300' title='bbox 272 1973 336 1994; x_wconf 86' lang='lat' dir='ltr'><strong>cere</strong></span> <span class='ocrx_word' id='word_1_301' title='bbox 351 1967 449 2001; x_wconf 71' lang='lat' dir='ltr'><strong>pmnis,</strong></span> <span class='ocrx_word' id='word_1_302' title='bbox 463 1968 534 2002; x_wconf 87' lang='lat' dir='ltr'><strong>quod</strong></span> <span class='ocrx_word' id='word_1_303' title='bbox 552 1973 578 1994; x_wconf 91' lang='lat' dir='ltr'><strong>et</strong></span> <span class='ocrx_word' id='word_1_304' title='bbox 589 1968 653 1995; x_wconf 88' lang='lat' dir='ltr'><strong>fecit</strong></span> <span class='ocrx_word' id='word_1_305' title='bbox 666 1969 756 1995; x_wconf 82' lang='lat' dir='ltr'><strong>statim</strong></span> <span class='ocrx_word' id='word_1_306' title='bbox 771 1969 828 1995; x_wconf 89' lang='lat' dir='ltr'><strong>sine</strong></span> <span class='ocrx_word' id='word_1_307' title='bbox 843 1977 929 1996; x_wconf 90' lang='lat' dir='ltr'><strong>mora.</strong></span> <span class='ocrx_word' id='word_1_308' title='bbox 940 1968 1054 1996; x_wconf 68' lang='lat' dir='ltr'><strong>Percut-</strong></span> 
     </span>
    </p>
   </div>
   <div class='ocr_carea' id='block_1_43' title="bbox 271 2012 1051 2049">
    <p class='ocr_par' dir='ltr' id='par_1_43' title="bbox 271 2012 1051 2049">
     <span class='ocr_line' id='line_1_43' title="bbox 271 2012 1051 2049; baseline 0.004 -10"><span class='ocrx_word' id='word_1_309' title='bbox 271 2012 305 2039; x_wconf 74' lang='lat' dir='ltr'><strong>ait</strong></span> <span class='ocrx_word' id='word_1_310' title='bbox 318 2012 368 2039; x_wconf 86' lang='lat' dir='ltr'><strong>Job</strong></span> <span class='ocrx_word' id='word_1_311' title='bbox 381 2013 459 2048; x_wconf 85' lang='lat' dir='ltr'><strong>plaga</strong></span> <span class='ocrx_word' id='word_1_312' title='bbox 472 2014 613 2040; x_wconf 73' lang='lat' dir='ltr'><strong>strvisst&#39;ma</strong></span> <span class='ocrx_word' id='word_1_313' title='bbox 633 2022 649 2040; x_wconf 79' lang='grc' dir='ltr'><em>α</em></span> <span class='ocrx_word' id='word_1_314' title='bbox 662 2015 767 2046; x_wconf 75' lang='lat' dir='ltr'><strong>pedibus</strong></span> <span class='ocrx_word' id='word_1_315' title='bbox 784 2023 866 2049; x_wconf 76' lang='lat' dir='ltr'><strong>Itaque</strong></span> <span class='ocrx_word' id='word_1_316' title='bbox 876 2016 910 2042; x_wconf 85' lang='lat' dir='ltr'><strong>ad</strong></span> <span class='ocrx_word' id='word_1_317' title='bbox 926 2023 1005 2049; x_wconf 82' lang='lat' dir='ltr'><strong>caput</strong></span> <span class='ocrx_word' id='word_1_318' title='bbox 1017 2016 1051 2042; x_wconf 84' lang='lat'><strong>&#39;°.</strong></span> 
     </span>
    </p>
   </div>
   <div class='ocr_carea' id='block_1_44' title="bbox 270 2057 1052 2096">
    <p class='ocr_par' dir='ltr' id='par_1_44' title="bbox 270 2057 1052 2096">
     <span class='ocr_line' id='line_1_44' title="bbox 270 2057 1052 2096; baseline 0.004 -11"><span class='ocrx_word' id='word_1_319' title='bbox 270 2057 480 2093; x_wconf 66' lang='lat' dir='ltr'><strong>Magnitudinem</strong></span> <span class='ocrx_word' id='word_1_320' title='bbox 496 2060 581 2094; x_wconf 70' lang='lat' dir='ltr'><strong>plaga:</strong></span> <span class='ocrx_word' id='word_1_321' title='bbox 599 2065 680 2095; x_wconf 91' lang='lat' dir='ltr'><strong>atque</strong></span> <span class='ocrx_word' id='word_1_322' title='bbox 694 2060 813 2088; x_wconf 85' lang='lat' dir='ltr'><strong>vulneris</strong></span> <span class='ocrx_word' id='word_1_323' title='bbox 833 2061 1052 2096; x_wconf 88' lang='lat' dir='ltr'><strong>admirationem,</strong></span> 
     </span>
    </p>
   </div>
   <div class='ocr_carea' id='block_1_45' title="bbox 271 2103 1052 2139">
    <p class='ocr_par' dir='ltr' id='par_1_45' title="bbox 271 2103 1052 2139">
     <span class='ocr_line' id='line_1_45' title="bbox 271 2103 1052 2139; baseline 0.004 -7"><span class='ocrx_word' id='word_1_324' title='bbox 271 2103 424 2139; x_wconf 83' lang='lat' dir='ltr'><strong>dolorisque</strong></span> <span class='ocrx_word' id='word_1_325' title='bbox 445 2104 629 2133; x_wconf 77' lang='lat' dir='ltr'><strong>fortitudinem</strong></span> <span class='ocrx_word' id='word_1_326' title='bbox 656 2113 710 2132; x_wconf 91' lang='lat' dir='ltr'><strong>non</strong></span> <span class='ocrx_word' id='word_1_327' title='bbox 729 2105 821 2133; x_wconf 92' lang='lat' dir='ltr'><strong>valens</strong></span> <span class='ocrx_word' id='word_1_328' title='bbox 843 2106 922 2134; x_wconf 87' lang='lat' dir='ltr'><strong>aliter</strong></span> <span class='ocrx_word' id='word_1_329' title='bbox 944 2108 1052 2135; x_wconf 89' lang='lat' dir='ltr'><strong>edicere</strong></span> 
     </span>
    </p>
   </div>
   <div class='ocr_carea' id='block_1_46' title="bbox 270 2150 1051 2188">
    <p class='ocr_par' dir='ltr' id='par_1_46' title="bbox 270 2150 1051 2188">
     <span class='ocr_line' id='line_1_46' title="bbox 270 2150 1051 2188; baseline 0.005 -12"><span class='ocrx_word' id='word_1_330' title='bbox 270 2152 352 2184; x_wconf 86' lang='lat' dir='ltr'><strong>atque</strong></span> <span class='ocrx_word' id='word_1_331' title='bbox 368 2150 510 2177; x_wconf 83' lang='lat' dir='ltr'><strong>ostendere</strong></span> <span class='ocrx_word' id='word_1_332' title='bbox 523 2169 530 2182; x_wconf 89' lang='lat'><strong>,</strong></span> <span class='ocrx_word' id='word_1_333' title='bbox 546 2151 630 2184; x_wconf 81' lang='lat' dir='ltr'><strong>dixit,</strong></span> <span class='ocrx_word' id='word_1_334' title='bbox 648 2151 783 2184; x_wconf 83' lang='lat' dir='ltr'><strong>percussit</strong></span> <span class='ocrx_word' id='word_1_335' title='bbox 796 2151 845 2179; x_wconf 87' lang='lat' dir='ltr'><strong>Joh</strong></span> <span class='ocrx_word' id='word_1_336' title='bbox 864 2152 940 2188; x_wconf 90' lang='lat' dir='ltr'><strong>plaga</strong></span> <span class='ocrx_word' id='word_1_337' title='bbox 956 2153 1051 2181; x_wconf 68' lang='lat' dir='ltr'><strong>saevis-</strong></span> 
     </span>
    </p>
   </div>
   <div class='ocr_carea' id='block_1_47' title="bbox 269 2194 1049 2232">
    <p class='ocr_par' dir='ltr' id='par_1_47' title="bbox 269 2194 1049 2232">
     <span class='ocr_line' id='line_1_47' title="bbox 269 2194 1049 2232; baseline 0.003 -9"><span class='ocrx_word' id='word_1_338' title='bbox 269 2194 348 2227; x_wconf 80' lang='lat' dir='ltr'><strong>sima,</strong></span> <span class='ocrx_word' id='word_1_339' title='bbox 369 2203 423 2223; x_wconf 92' lang='lat' dir='ltr'><strong>non</strong></span> <span class='ocrx_word' id='word_1_340' title='bbox 448 2196 533 2223; x_wconf 89' lang='lat' dir='ltr'><strong>solum</strong></span> <span class='ocrx_word' id='word_1_341' title='bbox 557 2196 649 2231; x_wconf 91' lang='lat' dir='ltr'><strong>plaga,</strong></span> <span class='ocrx_word' id='word_1_342' title='bbox 673 2197 719 2224; x_wconf 91' lang='lat' dir='ltr'><strong>sed</strong></span> <span class='ocrx_word' id='word_1_343' title='bbox 742 2202 768 2224; x_wconf 91' lang='lat' dir='ltr'><strong>et</strong></span> <span class='ocrx_word' id='word_1_344' title='bbox 790 2198 936 2225; x_wconf 65' lang='lat' dir='ltr'><strong>saevissima</strong></span> <span class='ocrx_word' id='word_1_345' title='bbox 961 2198 1049 2232; x_wconf 82' lang='lat' dir='ltr'><strong>plaga.</strong></span> 
     </span>
    </p>
   </div>
   <div class='ocr_carea' id='block_1_48' title="bbox 1113 281 1895 316">
    <p class='ocr_par' dir='ltr' id='par_1_48' title="bbox 1113 281 1895 316">
     <span class='ocr_line' id='line_1_48' title="bbox 1113 281 1895 316; baseline 0.001 -8"><span class='ocrx_word' id='word_1_346' title='bbox 1113 288 1145 308; x_wconf 85' lang='lat' dir='ltr'><strong>ac</strong></span> <span class='ocrx_word' id='word_1_347' title='bbox 1164 282 1246 308; x_wconf 81' lang='lat' dir='ltr'><strong>totius</strong></span> <span class='ocrx_word' id='word_1_348' title='bbox 1259 281 1376 308; x_wconf 87' lang='lat' dir='ltr'><strong>carnalis</strong></span> <span class='ocrx_word' id='word_1_349' title='bbox 1388 281 1553 316; x_wconf 75' lang='lat' dir='ltr'><strong>compaginis</strong></span> <span class='ocrx_word' id='word_1_350' title='bbox 1570 281 1720 315; x_wconf 84' lang='lat' dir='ltr'><strong>passionem</strong></span> <span class='ocrx_word' id='word_1_351' title='bbox 1739 284 1820 315; x_wconf 88' lang='lat' dir='ltr'><strong>atque</strong></span> <span class='ocrx_word' id='word_1_352' title='bbox 1845 282 1895 309; x_wconf 88' lang='lat' dir='ltr'><strong>do-</strong></span> 
     </span>
    </p>
   </div>
   <div class='ocr_carea' id='block_1_49' title="bbox 1111 326 1895 361">
    <p class='ocr_par' dir='ltr' id='par_1_49' title="bbox 1111 326 1895 361">
     <span class='ocr_line' id='line_1_49' title="bbox 1111 326 1895 361; baseline 0.001 -7"><span class='ocrx_word' id='word_1_353' title='bbox 1111 326 1207 354; x_wconf 88' lang='lat' dir='ltr'><strong>lorem.</strong></span> <span class='ocrx_word' id='word_1_354' title='bbox 1221 326 1288 353; x_wconf 82' lang='lat' dir='ltr'><strong>Nam</strong></span> <span class='ocrx_word' id='word_1_355' title='bbox 1302 328 1372 354; x_wconf 79' lang='lat' dir='ltr'><strong>sicut</strong></span> <span class='ocrx_word' id='word_1_356' title='bbox 1387 326 1488 353; x_wconf 93' lang='lat' dir='ltr'><strong>nullum</strong></span> <span class='ocrx_word' id='word_1_357' title='bbox 1499 326 1680 355; x_wconf 84' lang='lat' dir='ltr'><strong>membrorum</strong></span> <span class='ocrx_word' id='word_1_358' title='bbox 1690 326 1813 361; x_wconf 84' lang='lat' dir='ltr'><strong>corporis</strong></span> <span class='ocrx_word' id='word_1_359' title='bbox 1825 334 1895 361; x_wconf 78' lang='lat' dir='ltr'><strong>pra--</strong></span> 
     </span>
    </p>
   </div>
   <div class='ocr_carea' id='block_1_50' title="bbox 1112 371 1891 406">
    <p class='ocr_par' dir='ltr' id='par_1_50' title="bbox 1112 371 1891 406">
     <span class='ocr_line' id='line_1_50' title="bbox 1112 371 1891 406; baseline -0.001 -7"><span class='ocrx_word' id='word_1_360' title='bbox 1112 371 1229 399; x_wconf 87' lang='lat' dir='ltr'><strong>tennisit</strong></span> <span class='ocrx_word' id='word_1_361' title='bbox 1244 371 1388 406; x_wconf 78' lang='lat' dir='ltr'><strong>malignus,</strong></span> <span class='ocrx_word' id='word_1_362' title='bbox 1404 378 1493 406; x_wconf 86' lang='lat' dir='ltr'><strong>neque</strong></span> <span class='ocrx_word' id='word_1_363' title='bbox 1507 371 1590 398; x_wconf 87' lang='lat' dir='ltr'><strong>ullum</strong></span> <span class='ocrx_word' id='word_1_364' title='bbox 1603 371 1749 406; x_wconf 85' lang='lat' dir='ltr'><strong>dereliquit</strong></span> <span class='ocrx_word' id='word_1_365' title='bbox 1766 371 1891 403; x_wconf 66' lang='lat' dir='ltr'><strong>illasum,</strong></span> 
     </span>
    </p>
   </div>
   <div class='ocr_carea' id='block_1_51' title="bbox 1111 416 1894 452">
    <p class='ocr_par' dir='ltr' id='par_1_51' title="bbox 1111 416 1894 452">
     <span class='ocr_line' id='line_1_51' title="bbox 1111 416 1894 452; baseline 0.001 -8"><span class='ocrx_word' id='word_1_366' title='bbox 1111 418 1158 444; x_wconf 85' lang='lat' dir='ltr'><strong>sed</strong></span> <span class='ocrx_word' id='word_1_367' title='bbox 1174 422 1270 444; x_wconf 88' lang='lat' dir='ltr'><strong>cuncta</strong></span> <span class='ocrx_word' id='word_1_368' title='bbox 1278 416 1432 444; x_wconf 82' lang='lat' dir='ltr'><strong>vehementi</strong></span> <span class='ocrx_word' id='word_1_369' title='bbox 1447 417 1558 444; x_wconf 80' lang='lat' dir='ltr'><strong>vulnere</strong></span> <span class='ocrx_word' id='word_1_370' title='bbox 1573 417 1694 451; x_wconf 85' lang='lat' dir='ltr'><strong>implevit</strong></span> <span class='ocrx_word' id='word_1_371' title='bbox 1707 422 1789 452; x_wconf 85' lang='lat' dir='ltr'><strong>atque</strong></span> <span class='ocrx_word' id='word_1_372' title='bbox 1802 418 1894 445; x_wconf 88' lang='lat' dir='ltr'><strong>omnia</strong></span> 
     </span>
    </p>
   </div>
   <div class='ocr_carea' id='block_1_52' title="bbox 1111 462 1893 497">
    <p class='ocr_par' dir='ltr' id='par_1_52' title="bbox 1111 462 1893 497">
     <span class='ocr_line' id='line_1_52' title="bbox 1111 462 1893 497; baseline 0 -7"><span class='ocrx_word' id='word_1_373' title='bbox 1111 463 1258 490; x_wconf 64' lang='lat' dir='ltr'><strong>saevissima</strong></span> <span class='ocrx_word' id='word_1_374' title='bbox 1281 462 1359 497; x_wconf 82' lang='lat' dir='ltr'><strong>plaga</strong></span> <span class='ocrx_word' id='word_1_375' title='bbox 1381 463 1535 497; x_wconf 78' lang='lat' dir='ltr'><strong>percussit,</strong></span> <span class='ocrx_word' id='word_1_376' title='bbox 1561 462 1601 490; x_wconf 87' lang='lat' dir='ltr'><strong>sic</strong></span> <span class='ocrx_word' id='word_1_377' title='bbox 1619 462 1764 490; x_wconf 80' lang='lat' dir='ltr'><strong>identidem</strong></span> <span class='ocrx_word' id='word_1_378' title='bbox 1791 463 1893 491; x_wconf 83' lang='lat' dir='ltr'><strong>nullum</strong></span> 
     </span>
    </p>
   </div>
   <div class='ocr_carea' id='block_1_53' title="bbox 1111 507 1894 543">
    <p class='ocr_par' dir='ltr' id='par_1_53' title="bbox 1111 507 1894 543">
     <span class='ocr_line' id='line_1_53' title="bbox 1111 507 1894 543; baseline 0 -7"><span class='ocrx_word' id='word_1_379' title='bbox 1111 507 1253 543; x_wconf 80' lang='lat' dir='ltr'><strong>dereliquit</strong></span> <span class='ocrx_word' id='word_1_380' title='bbox 1267 508 1426 542; x_wconf 89' lang='lat' dir='ltr'><strong>supplicium</strong></span> <span class='ocrx_word' id='word_1_381' title='bbox 1436 527 1444 540; x_wconf 92' lang='lat'><strong>,</strong></span> <span class='ocrx_word' id='word_1_382' title='bbox 1461 514 1549 542; x_wconf 88' lang='lat' dir='ltr'><strong>neque</strong></span> <span class='ocrx_word' id='word_1_383' title='bbox 1571 515 1678 542; x_wconf 69' lang='lat' dir='ltr'><strong>plenam</strong></span> <span class='ocrx_word' id='word_1_384' title='bbox 1689 528 1697 540; x_wconf 94' lang='lat'><strong>,</strong></span> <span class='ocrx_word' id='word_1_385' title='bbox 1713 515 1803 543; x_wconf 83' lang='lat' dir='ltr'><strong>neque</strong></span> <span class='ocrx_word' id='word_1_386' title='bbox 1818 508 1894 536; x_wconf 80' lang='lat' dir='ltr'><strong>dolo-</strong></span> 
     </span>
    </p>
   </div>
   <div class='ocr_carea' id='block_1_54' title="bbox 1112 553 1892 588">
    <p class='ocr_par' dir='ltr' id='par_1_54' title="bbox 1112 553 1892 588">
     <span class='ocr_line' id='line_1_54' title="bbox 1112 553 1892 588; baseline 0.001 -8"><span class='ocrx_word' id='word_1_387' title='bbox 1112 560 1180 585; x_wconf 86' lang='lat' dir='ltr'><strong>rem,</strong></span> <span class='ocrx_word' id='word_1_388' title='bbox 1197 553 1269 587; x_wconf 88' lang='lat' dir='ltr'><strong>quod</strong></span> <span class='ocrx_word' id='word_1_389' title='bbox 1284 553 1346 580; x_wconf 81' lang='lat' dir='ltr'><strong>huic</strong></span> <span class='ocrx_word' id='word_1_390' title='bbox 1358 553 1443 588; x_wconf 66' lang='lat' dir='ltr'><strong>plaga:</strong></span> <span class='ocrx_word' id='word_1_391' title='bbox 1455 560 1508 580; x_wconf 88' lang='lat' dir='ltr'><strong>non</strong></span> <span class='ocrx_word' id='word_1_392' title='bbox 1523 553 1758 581; x_wconf 75' lang='lat' dir='ltr'><strong>commiscuiaset:</strong></span> <span class='ocrx_word' id='word_1_393' title='bbox 1774 553 1822 581; x_wconf 72' lang='lat' dir='ltr'><strong>sed</strong></span> <span class='ocrx_word' id='word_1_394' title='bbox 1832 560 1892 581; x_wconf 78' lang='lat' dir='ltr'><strong>om-</strong></span> 
     </span>
    </p>
   </div>
   <div class='ocr_carea' id='block_1_55' title="bbox 1112 599 1893 633">
    <p class='ocr_par' dir='ltr' id='par_1_55' title="bbox 1112 599 1893 633">
     <span class='ocr_line' id='line_1_55' title="bbox 1112 599 1893 633; baseline 0.001 -7"><span class='ocrx_word' id='word_1_395' title='bbox 1112 606 1173 626; x_wconf 87' lang='lat' dir='ltr'><strong>nem</strong></span> <span class='ocrx_word' id='word_1_396' title='bbox 1188 600 1314 626; x_wconf 79' lang='lat' dir='ltr'><strong>virtatem</strong></span> <span class='ocrx_word' id='word_1_397' title='bbox 1333 603 1415 633; x_wconf 84' lang='lat' dir='ltr'><strong>atque</strong></span> <span class='ocrx_word' id='word_1_398' title='bbox 1437 603 1623 633; x_wconf 76' lang='lat' dir='ltr'><strong>argumentum</strong></span> <span class='ocrx_word' id='word_1_399' title='bbox 1648 599 1778 633; x_wconf 66' lang='lat' dir='ltr'><strong>nequitiae</strong></span> <span class='ocrx_word' id='word_1_400' title='bbox 1791 607 1849 627; x_wconf 67' lang='lat' dir='ltr'><strong>sua</strong></span> <span class='ocrx_word' id='word_1_401' title='bbox 1865 599 1893 627; x_wconf 89' lang='lat' dir='ltr'><strong>in</strong></span> 
     </span>
    </p>
   </div>
   <div class='ocr_carea' id='block_1_56' title="bbox 1112 645 1892 680">
    <p class='ocr_par' dir='ltr' id='par_1_56' title="bbox 1112 645 1892 680">
     <span class='ocr_line' id='line_1_56' title="bbox 1112 645 1892 680; baseline 0 -8"><span class='ocrx_word' id='word_1_402' title='bbox 1112 645 1164 672; x_wconf 89' lang='lat' dir='ltr'><strong>hac</strong></span> <span class='ocrx_word' id='word_1_403' title='bbox 1178 645 1325 672; x_wconf 55' lang='lat' dir='ltr'><strong>saevissima</strong></span> <span class='ocrx_word' id='word_1_404' title='bbox 1342 646 1419 680; x_wconf 88' lang='lat' dir='ltr'><strong>plaga</strong></span> <span class='ocrx_word' id='word_1_405' title='bbox 1434 645 1580 673; x_wconf 80' lang='lat' dir='ltr'><strong>ostendens</strong></span> <span class='ocrx_word' id='word_1_406' title='bbox 1596 649 1679 680; x_wconf 87' lang='lat' dir='ltr'><strong>atque</strong></span> <span class='ocrx_word' id='word_1_407' title='bbox 1691 645 1892 676; x_wconf 68' lang='lat' dir='ltr'><strong>demonstrans.</strong></span> 
     </span>
    </p>
   </div>
   <div class='ocr_carea' id='block_1_57' title="bbox 1111 689 1891 725">
    <p class='ocr_par' dir='ltr' id='par_1_57' title="bbox 1111 689 1891 725">
     <span class='ocr_line' id='line_1_57' title="bbox 1111 689 1891 725; baseline -0.001 -8"><span class='ocrx_word' id='word_1_408' title='bbox 1111 690 1284 717; x_wconf 76' lang='lat' dir='ltr'><strong>novissimam</strong></span> <span class='ocrx_word' id='word_1_409' title='bbox 1295 689 1408 725; x_wconf 81' lang='lat' dir='ltr'><strong>gloriam</strong></span> <span class='ocrx_word' id='word_1_410' title='bbox 1420 690 1555 724; x_wconf 67' lang='lat' dir='ltr'><strong>patientia</strong></span> <span class='ocrx_word' id='word_1_411' title='bbox 1566 689 1611 716; x_wconf 86' lang='lat' dir='ltr'><strong>hic</strong></span> <span class='ocrx_word' id='word_1_412' title='bbox 1621 689 1752 723; x_wconf 72' lang='lat' dir='ltr'><strong>perﬁcere</strong></span> <span class='ocrx_word' id='word_1_413' title='bbox 1762 690 1891 724; x_wconf 74' lang='lat' dir='ltr'><strong>speravit,</strong></span> 
     </span>
    </p>
   </div>
   <div class='ocr_carea' id='block_1_58' title="bbox 1111 734 1893 770">
    <p class='ocr_par' dir='ltr' id='par_1_58' title="bbox 1111 734 1893 770">
     <span class='ocr_line' id='line_1_58' title="bbox 1111 734 1893 770; baseline 0 -8"><span class='ocrx_word' id='word_1_414' title='bbox 1111 736 1151 762; x_wconf 85' lang='lat' dir='ltr'><strong>sic</strong></span> <span class='ocrx_word' id='word_1_415' title='bbox 1165 735 1268 763; x_wconf 86' lang='lat' dir='ltr'><strong>scilicet</strong></span> <span class='ocrx_word' id='word_1_416' title='bbox 1280 736 1414 770; x_wconf 72' lang='lat' dir='ltr'><strong>percussit</strong></span> <span class='ocrx_word' id='word_1_417' title='bbox 1424 734 1474 762; x_wconf 90' lang='lat' dir='ltr'><strong>Job</strong></span> <span class='ocrx_word' id='word_1_418' title='bbox 1487 735 1567 770; x_wconf 86' lang='lat' dir='ltr'><strong>plaga</strong></span> <span class='ocrx_word' id='word_1_419' title='bbox 1582 735 1741 767; x_wconf 68' lang='lat' dir='ltr'><strong>minima,</strong></span> <span class='ocrx_word' id='word_1_420' title='bbox 1751 742 1767 763; x_wconf 88' lang='lat' dir='ltr'><strong>a</strong></span> <span class='ocrx_word' id='word_1_421' title='bbox 1780 735 1893 770; x_wconf 71' lang='lat' dir='ltr'><strong>pedibus</strong></span> 
     </span>
    </p>
   </div>
   <div class='ocr_carea' id='block_1_59' title="bbox 1112 779 1893 815">
    <p class='ocr_par' dir='ltr' id='par_1_59' title="bbox 1112 779 1893 815">
     <span class='ocr_line' id='line_1_59' title="bbox 1112 779 1893 815; baseline -0.001 -8"><span class='ocrx_word' id='word_1_422' title='bbox 1112 788 1196 815; x_wconf 86' lang='lat' dir='ltr'><strong>usque</strong></span> <span class='ocrx_word' id='word_1_423' title='bbox 1213 781 1246 807; x_wconf 93' lang='lat' dir='ltr'><strong>ad</strong></span> <span class='ocrx_word' id='word_1_424' title='bbox 1270 785 1360 814; x_wconf 90' lang='lat' dir='ltr'><strong>caput.</strong></span> <span class='ocrx_word' id='word_1_425' title='bbox 1385 780 1484 815; x_wconf 81' lang='lat' dir='ltr'><strong>Plaga,</strong></span> <span class='ocrx_word' id='word_1_426' title='bbox 1508 779 1615 814; x_wconf 88' lang='lat' dir='ltr'><strong>inquit,</strong></span> <span class='ocrx_word' id='word_1_427' title='bbox 1637 779 1783 807; x_wconf 73' lang='lat' dir='ltr'><strong>satvissima</strong></span> <span class='ocrx_word' id='word_1_428' title='bbox 1801 784 1893 814; x_wconf 86' lang='lat' dir='ltr'><strong>utpote</strong></span> 
     </span>
    </p>
   </div>
   <div class='ocr_carea' id='block_1_60' title="bbox 1112 827 1891 861">
    <p class='ocr_par' dir='ltr' id='par_1_60' title="bbox 1112 827 1891 861">
     <span class='ocr_line' id='line_1_60' title="bbox 1112 827 1891 861; baseline 0 -9"><span class='ocrx_word' id='word_1_429' title='bbox 1112 834 1174 855; x_wconf 91' lang='lat' dir='ltr'><strong>una.</strong></span> <span class='ocrx_word' id='word_1_430' title='bbox 1191 827 1223 853; x_wconf 84' lang='lat' dir='ltr'><strong>Et</strong></span> <span class='ocrx_word' id='word_1_431' title='bbox 1239 834 1288 853; x_wconf 93' lang='lat' dir='ltr'><strong>cur</strong></span> <span class='ocrx_word' id='word_1_432' title='bbox 1303 834 1355 853; x_wconf 88' lang='lat' dir='ltr'><strong>una</strong></span> <span class='ocrx_word' id='word_1_433' title='bbox 1377 827 1455 861; x_wconf 85' lang='lat' dir='ltr'><strong>plaga</strong></span> <span class='ocrx_word' id='word_1_434' title='bbox 1473 832 1638 853; x_wconf 86' lang='lat' dir='ltr'><strong>memoratur</strong></span> <span class='ocrx_word' id='word_1_435' title='bbox 1650 845 1658 858; x_wconf 92' lang='lat'><strong>,</strong></span> <span class='ocrx_word' id='word_1_436' title='bbox 1681 831 1810 860; x_wconf 84' lang='lat' dir='ltr'><strong>tanquam</strong></span> <span class='ocrx_word' id='word_1_437' title='bbox 1827 833 1891 856; x_wconf 84' lang='lat' dir='ltr'><strong>una.</strong></span> 
     </span>
    </p>
   </div>
   <div class='ocr_carea' id='block_1_61' title="bbox 1112 871 1891 906">
    <p class='ocr_par' dir='ltr' id='par_1_61' title="bbox 1112 871 1891 906">
     <span class='ocr_line' id='line_1_61' title="bbox 1112 871 1891 906; baseline 0 -8"><span class='ocrx_word' id='word_1_438' title='bbox 1112 876 1137 898; x_wconf 91' lang='lat' dir='ltr'><strong>et</strong></span> <span class='ocrx_word' id='word_1_439' title='bbox 1161 879 1212 898; x_wconf 90' lang='lat' dir='ltr'><strong>non</strong></span> <span class='ocrx_word' id='word_1_440' title='bbox 1229 872 1295 898; x_wconf 85' lang='lat' dir='ltr'><strong>dicit</strong></span> <span class='ocrx_word' id='word_1_441' title='bbox 1315 872 1408 906; x_wconf 81' lang='lat' dir='ltr'><strong>plagas</strong></span> <span class='ocrx_word' id='word_1_442' title='bbox 1426 876 1554 905; x_wconf 82' lang='lat' dir='ltr'><strong>tanquam</strong></span> <span class='ocrx_word' id='word_1_443' title='bbox 1576 871 1726 906; x_wconf 79' lang='lat' dir='ltr'><strong>plurimas?</strong></span> <span class='ocrx_word' id='word_1_444' title='bbox 1747 871 1891 905; x_wconf 75' lang='lat' dir='ltr'><strong>Propterea</strong></span> 
     </span>
    </p>
   </div>
   <div class='ocr_carea' id='block_1_62' title="bbox 1113 916 1891 952">
    <p class='ocr_par' dir='ltr' id='par_1_62' title="bbox 1113 916 1891 952">
     <span class='ocr_line' id='line_1_62' title="bbox 1113 916 1891 952; baseline -0.001 -9"><span class='ocrx_word' id='word_1_445' title='bbox 1113 925 1164 944; x_wconf 90' lang='lat' dir='ltr'><strong>una</strong></span> <span class='ocrx_word' id='word_1_446' title='bbox 1178 918 1253 952; x_wconf 77' lang='lat' dir='ltr'><strong>plaga</strong></span> <span class='ocrx_word' id='word_1_447' title='bbox 1271 922 1453 950; x_wconf 87' lang='lat' dir='ltr'><strong>memoratur,</strong></span> <span class='ocrx_word' id='word_1_448' title='bbox 1469 918 1532 951; x_wconf 89' lang='lat' dir='ltr'><strong>quia</strong></span> <span class='ocrx_word' id='word_1_449' title='bbox 1549 922 1635 944; x_wconf 87' lang='lat' dir='ltr'><strong>totum</strong></span> <span class='ocrx_word' id='word_1_450' title='bbox 1656 924 1756 951; x_wconf 87' lang='lat' dir='ltr'><strong>corpus</strong></span> <span class='ocrx_word' id='word_1_451' title='bbox 1776 916 1842 950; x_wconf 80' lang='lat' dir='ltr'><strong>justi</strong></span> <span class='ocrx_word' id='word_1_452' title='bbox 1858 916 1891 943; x_wconf 77' lang='lat' dir='ltr'><strong>il-</strong></span> 
     </span>
    </p>
   </div>
   <div class='ocr_carea' id='block_1_63' title="bbox 1112 963 1891 998">
    <p class='ocr_par' dir='ltr' id='par_1_63' title="bbox 1112 963 1891 998">
     <span class='ocr_line' id='line_1_63' title="bbox 1112 963 1891 998; baseline -0.004 -8"><span class='ocrx_word' id='word_1_453' title='bbox 1112 964 1161 991; x_wconf 87' lang='lat' dir='ltr'><strong>lius</strong></span> <span class='ocrx_word' id='word_1_454' title='bbox 1182 969 1208 991; x_wconf 88' lang='lat' dir='ltr'><strong>ct</strong></span> <span class='ocrx_word' id='word_1_455' title='bbox 1230 965 1319 991; x_wconf 89' lang='lat' dir='ltr'><strong>omnia</strong></span> <span class='ocrx_word' id='word_1_456' title='bbox 1340 964 1398 998; x_wconf 86' lang='lat' dir='ltr'><strong>ejus</strong></span> <span class='ocrx_word' id='word_1_457' title='bbox 1421 963 1540 991; x_wconf 92' lang='lat' dir='ltr'><strong>membra</strong></span> <span class='ocrx_word' id='word_1_458' title='bbox 1566 971 1620 991; x_wconf 90' lang='lat' dir='ltr'><strong>uno</strong></span> <span class='ocrx_word' id='word_1_459' title='bbox 1637 963 1759 990; x_wconf 77' lang='lat' dir='ltr'><strong>contexit</strong></span> <span class='ocrx_word' id='word_1_460' title='bbox 1771 963 1891 995; x_wconf 76' lang='lat' dir='ltr'><strong>vulnere,</strong></span> 
     </span>
    </p>
   </div>
   <div class='ocr_carea' id='block_1_64' title="bbox 1111 1009 1891 1044">
    <p class='ocr_par' dir='ltr' id='par_1_64' title="bbox 1111 1009 1891 1044">
     <span class='ocr_line' id='line_1_64' title="bbox 1111 1009 1891 1044; baseline 0.001 -9"><span class='ocrx_word' id='word_1_461' title='bbox 1111 1014 1191 1043; x_wconf 89' lang='lat' dir='ltr'><strong>atque</strong></span> <span class='ocrx_word' id='word_1_462' title='bbox 1210 1010 1242 1035; x_wconf 91' lang='lat' dir='ltr'><strong>ad</strong></span> <span class='ocrx_word' id='word_1_463' title='bbox 1257 1017 1339 1036; x_wconf 92' lang='lat' dir='ltr'><strong>unum</strong></span> <span class='ocrx_word' id='word_1_464' title='bbox 1361 1009 1495 1036; x_wconf 87' lang='lat' dir='ltr'><strong>convertit</strong></span> <span class='ocrx_word' id='word_1_465' title='bbox 1517 1010 1656 1041; x_wconf 89' lang='lat' dir='ltr'><strong>dolorem,</strong></span> <span class='ocrx_word' id='word_1_466' title='bbox 1681 1015 1712 1036; x_wconf 90' lang='lat' dir='ltr'><strong>ut</strong></span> <span class='ocrx_word' id='word_1_467' title='bbox 1734 1017 1783 1044; x_wconf 89' lang='lat' dir='ltr'><strong>per</strong></span> <span class='ocrx_word' id='word_1_468' title='bbox 1805 1014 1891 1036; x_wconf 88' lang='lat' dir='ltr'><strong>totum</strong></span> 
     </span>
    </p>
   </div>
   <div class='ocr_carea' id='block_1_65' title="bbox 1109 1055 1892 1089">
    <p class='ocr_par' dir='ltr' id='par_1_65' title="bbox 1109 1055 1892 1089">
     <span class='ocr_line' id='line_1_65' title="bbox 1109 1055 1892 1089; baseline 0.001 -8"><span class='ocrx_word' id='word_1_469' title='bbox 1109 1062 1207 1089; x_wconf 90' lang='lat' dir='ltr'><strong>corpus</strong></span> <span class='ocrx_word' id='word_1_470' title='bbox 1227 1059 1308 1089; x_wconf 87' lang='lat' dir='ltr'><strong>atque</strong></span> <span class='ocrx_word' id='word_1_471' title='bbox 1323 1058 1442 1082; x_wconf 87' lang='lat' dir='ltr'><strong>membra</strong></span> <span class='ocrx_word' id='word_1_472' title='bbox 1460 1056 1530 1082; x_wconf 88' lang='lat' dir='ltr'><strong>beati</strong></span> <span class='ocrx_word' id='word_1_473' title='bbox 1550 1055 1620 1082; x_wconf 84' lang='lat' dir='ltr'><strong>illius</strong></span> <span class='ocrx_word' id='word_1_474' title='bbox 1641 1062 1710 1082; x_wconf 84' lang='lat' dir='ltr'><strong>unus</strong></span> <span class='ocrx_word' id='word_1_475' title='bbox 1731 1055 1807 1082; x_wconf 89' lang='lat' dir='ltr'><strong>dolor</strong></span> <span class='ocrx_word' id='word_1_476' title='bbox 1820 1060 1892 1082; x_wconf 67' lang='lat' dir='ltr'><strong>esset</strong></span> 
     </span>
    </p>
   </div>
   <div class='ocr_carea' id='block_1_66' title="bbox 1110 1099 1890 1135">
    <p class='ocr_par' dir='ltr' id='par_1_66' title="bbox 1110 1099 1890 1135">
     <span class='ocr_line' id='line_1_66' title="bbox 1110 1099 1890 1135; baseline 0 -8"><span class='ocrx_word' id='word_1_477' title='bbox 1110 1105 1190 1134; x_wconf 89' lang='lat' dir='ltr'><strong>atque</strong></span> <span class='ocrx_word' id='word_1_478' title='bbox 1200 1101 1307 1127; x_wconf 88' lang='lat' dir='ltr'><strong>vulnus.</strong></span> <span class='ocrx_word' id='word_1_479' title='bbox 1322 1099 1362 1128; x_wconf 92' lang='lat' dir='ltr'><strong>0b</strong></span> <span class='ocrx_word' id='word_1_480' title='bbox 1378 1101 1429 1127; x_wconf 90' lang='lat' dir='ltr'><strong>hoc</strong></span> <span class='ocrx_word' id='word_1_481' title='bbox 1444 1107 1509 1135; x_wconf 87' lang='lat' dir='ltr'><strong>ergo</strong></span> <span class='ocrx_word' id='word_1_482' title='bbox 1523 1101 1628 1135; x_wconf 83' lang='lat' dir='ltr'><strong>plagam</strong></span> <span class='ocrx_word' id='word_1_483' title='bbox 1641 1101 1717 1132; x_wconf 83' lang='lat' dir='ltr'><strong>dicit,</strong></span> <span class='ocrx_word' id='word_1_484' title='bbox 1730 1101 1794 1135; x_wconf 87' lang='lat' dir='ltr'><strong>quia</strong></span> <span class='ocrx_word' id='word_1_485' title='bbox 1809 1109 1890 1128; x_wconf 91' lang='lat' dir='ltr'><strong>unum</strong></span> 
     </span>
    </p>
   </div>
   <div class='ocr_carea' id='block_1_67' title="bbox 1109 1146 1890 1181">
    <p class='ocr_par' dir='ltr' id='par_1_67' title="bbox 1109 1146 1890 1181">
     <span class='ocr_line' id='line_1_67' title="bbox 1109 1146 1890 1181; baseline 0.001 -9"><span class='ocrx_word' id='word_1_486' title='bbox 1109 1146 1208 1172; x_wconf 89' lang='lat' dir='ltr'><strong>vulnus</strong></span> <span class='ocrx_word' id='word_1_487' title='bbox 1226 1151 1285 1173; x_wconf 85' lang='lat' dir='ltr'><strong>erat</strong></span> <span class='ocrx_word' id='word_1_488' title='bbox 1299 1154 1347 1181; x_wconf 89' lang='lat' dir='ltr'><strong>per</strong></span> <span class='ocrx_word' id='word_1_489' title='bbox 1362 1151 1445 1172; x_wconf 92' lang='lat' dir='ltr'><strong>totum</strong></span> <span class='ocrx_word' id='word_1_490' title='bbox 1461 1153 1569 1180; x_wconf 88' lang='lat' dir='ltr'><strong>corpus.</strong></span> <span class='ocrx_word' id='word_1_491' title='bbox 1586 1146 1661 1179; x_wconf 84' lang='lat' dir='ltr'><strong>Quod</strong></span> <span class='ocrx_word' id='word_1_492' title='bbox 1677 1154 1742 1173; x_wconf 87' lang='lat' dir='ltr'><strong>vero</strong></span> <span class='ocrx_word' id='word_1_493' title='bbox 1759 1154 1829 1174; x_wconf 81' lang='lat' dir='ltr'><strong>unus</strong></span> <span class='ocrx_word' id='word_1_494' title='bbox 1842 1147 1890 1173; x_wconf 92' lang='lat' dir='ltr'><strong>do-</strong></span> 
     </span>
    </p>
   </div>
   <div class='ocr_carea' id='block_1_68' title="bbox 1110 1192 1889 1227">
    <p class='ocr_par' dir='ltr' id='par_1_68' title="bbox 1110 1192 1889 1227">
     <span class='ocr_line' id='line_1_68' title="bbox 1110 1192 1889 1227; baseline 0.001 -9"><span class='ocrx_word' id='word_1_495' title='bbox 1110 1192 1149 1219; x_wconf 89' lang='lat' dir='ltr'><strong>lor</strong></span> <span class='ocrx_word' id='word_1_496' title='bbox 1161 1197 1242 1227; x_wconf 92' lang='lat' dir='ltr'><strong>atque</strong></span> <span class='ocrx_word' id='word_1_497' title='bbox 1256 1193 1345 1226; x_wconf 86' lang='lat' dir='ltr'><strong>passio</strong></span> <span class='ocrx_word' id='word_1_498' title='bbox 1358 1197 1417 1219; x_wconf 91' lang='lat' dir='ltr'><strong>erat</strong></span> <span class='ocrx_word' id='word_1_499' title='bbox 1427 1200 1473 1226; x_wconf 89' lang='lat' dir='ltr'><strong>per</strong></span> <span class='ocrx_word' id='word_1_500' title='bbox 1487 1197 1570 1218; x_wconf 89' lang='lat' dir='ltr'><strong>totum</strong></span> <span class='ocrx_word' id='word_1_501' title='bbox 1584 1199 1682 1226; x_wconf 83' lang='lat' dir='ltr'><strong>corpus</strong></span> <span class='ocrx_word' id='word_1_502' title='bbox 1690 1192 1750 1227; x_wconf 84' lang='lat' dir='ltr'><strong>ejus</strong></span> <span class='ocrx_word' id='word_1_503' title='bbox 1763 1196 1790 1219; x_wconf 89' lang='lat' dir='ltr'><strong>et</strong></span> <span class='ocrx_word' id='word_1_504' title='bbox 1806 1199 1889 1220; x_wconf 84' lang='lat' dir='ltr'><strong>mem-</strong></span> 
     </span>
    </p>
   </div>
   <div class='ocr_carea' id='block_1_69' title="bbox 1108 1238 1888 1272">
    <p class='ocr_par' dir='ltr' id='par_1_69' title="bbox 1108 1238 1888 1272">
     <span class='ocr_line' id='line_1_69' title="bbox 1108 1238 1888 1272; baseline 0 -7"><span class='ocrx_word' id='word_1_505' title='bbox 1108 1238 1167 1269; x_wconf 85' lang='lat' dir='ltr'><strong>bra.</strong></span> <span class='ocrx_word' id='word_1_506' title='bbox 1184 1239 1380 1272; x_wconf 84' lang='lat' dir='ltr'><strong>subsequenter</strong></span> <span class='ocrx_word' id='word_1_507' title='bbox 1395 1238 1511 1264; x_wconf 86' lang='lat' dir='ltr'><strong>ostendit</strong></span> <span class='ocrx_word' id='word_1_508' title='bbox 1526 1238 1619 1265; x_wconf 87' lang='lat' dir='ltr'><strong>dicens</strong></span> <span class='ocrx_word' id='word_1_509' title='bbox 1634 1247 1640 1264; x_wconf 91' lang='lat'><strong>:</strong></span> <span class='ocrx_word' id='word_1_510' title='bbox 1656 1238 1677 1264; x_wconf 78' lang='grc' dir='ltr'><em>Α</em></span> <span class='ocrx_word' id='word_1_511' title='bbox 1688 1238 1796 1272; x_wconf 77' lang='lat' dir='ltr'><strong>pedibua</strong></span> <span class='ocrx_word' id='word_1_512' title='bbox 1808 1246 1888 1272; x_wconf 70' lang='lat' dir='ltr'><strong>usque</strong></span> 
     </span>
    </p>
   </div>
   <div class='ocr_carea' id='block_1_70' title="bbox 1108 1282 1890 1318">
    <p class='ocr_par' dir='ltr' id='par_1_70' title="bbox 1108 1282 1890 1318">
     <span class='ocr_line' id='line_1_70' title="bbox 1108 1282 1890 1318; baseline 0 -8"><span class='ocrx_word' id='word_1_513' title='bbox 1108 1284 1142 1310; x_wconf 80' lang='lat' dir='ltr'><strong>ad</strong></span> <span class='ocrx_word' id='word_1_514' title='bbox 1158 1289 1244 1316; x_wconf 80' lang='lat' dir='ltr'><strong>caput.</strong></span> <span class='ocrx_word' id='word_1_515' title='bbox 1262 1283 1399 1311; x_wconf 84' lang='lat' dir='ltr'><strong>Percussit</strong></span> <span class='ocrx_word' id='word_1_516' title='bbox 1418 1282 1467 1310; x_wconf 87' lang='lat' dir='ltr'><strong>Job</strong></span> <span class='ocrx_word' id='word_1_517' title='bbox 1488 1283 1564 1318; x_wconf 85' lang='lat' dir='ltr'><strong>plaga</strong></span> <span class='ocrx_word' id='word_1_518' title='bbox 1586 1283 1732 1311; x_wconf 75' lang='lat' dir='ltr'><strong>szevissima</strong></span> <span class='ocrx_word' id='word_1_519' title='bbox 1747 1290 1762 1310; x_wconf 82' lang='lat' dir='ltr'><strong>a</strong></span> <span class='ocrx_word' id='word_1_520' title='bbox 1777 1283 1890 1318; x_wconf 81' lang='lat' dir='ltr'><strong>pedibus</strong></span> 
     </span>
    </p>
   </div>
   <div class='ocr_carea' id='block_1_71' title="bbox 1107 1329 1888 1364">
    <p class='ocr_par' dir='ltr' id='par_1_71' title="bbox 1107 1329 1888 1364">
     <span class='ocr_line' id='line_1_71' title="bbox 1107 1329 1888 1364; baseline 0.001 -9"><span class='ocrx_word' id='word_1_521' title='bbox 1107 1337 1192 1363; x_wconf 86' lang='lat' dir='ltr'><strong>usque</strong></span> <span class='ocrx_word' id='word_1_522' title='bbox 1207 1330 1240 1356; x_wconf 84' lang='lat' dir='ltr'><strong>ad</strong></span> <span class='ocrx_word' id='word_1_523' title='bbox 1259 1334 1348 1364; x_wconf 82' lang='lat' dir='ltr'><strong>caput.</strong></span> <span class='ocrx_word' id='word_1_524' title='bbox 1365 1329 1441 1356; x_wconf 87' lang='lat' dir='ltr'><strong>Sicut</strong></span> <span class='ocrx_word' id='word_1_525' title='bbox 1461 1336 1475 1355; x_wconf 92' lang='lat' dir='ltr'><strong>a</strong></span> <span class='ocrx_word' id='word_1_526' title='bbox 1495 1329 1607 1363; x_wconf 86' lang='lat' dir='ltr'><strong>pedibus</strong></span> <span class='ocrx_word' id='word_1_527' title='bbox 1630 1336 1715 1363; x_wconf 90' lang='lat' dir='ltr'><strong>usque</strong></span> <span class='ocrx_word' id='word_1_528' title='bbox 1741 1329 1774 1356; x_wconf 90' lang='lat' dir='ltr'><strong>ad</strong></span> <span class='ocrx_word' id='word_1_529' title='bbox 1797 1335 1888 1363; x_wconf 80' lang='lat' dir='ltr'><strong>caput.</strong></span> 
     </span>
    </p>
   </div>
   <div class='ocr_carea' id='block_1_72' title="bbox 1108 1374 1888 1410">
    <p class='ocr_par' dir='ltr' id='par_1_72' title="bbox 1108 1374 1888 1410">
     <span class='ocr_line' id='line_1_72' title="bbox 1108 1374 1888 1410; baseline 0.003 -10"><span class='ocrx_word' id='word_1_530' title='bbox 1108 1374 1144 1401; x_wconf 91' lang='lat' dir='ltr'><strong>ita</strong></span> <span class='ocrx_word' id='word_1_531' title='bbox 1167 1374 1310 1401; x_wconf 90' lang='lat' dir='ltr'><strong>identidem</strong></span> <span class='ocrx_word' id='word_1_532' title='bbox 1325 1383 1338 1401; x_wconf 89' lang='lat' dir='ltr'><strong>a</strong></span> <span class='ocrx_word' id='word_1_533' title='bbox 1353 1374 1440 1409; x_wconf 86' lang='lat' dir='ltr'><strong>capite</strong></span> <span class='ocrx_word' id='word_1_534' title='bbox 1455 1382 1541 1409; x_wconf 85' lang='lat' dir='ltr'><strong>usque</strong></span> <span class='ocrx_word' id='word_1_535' title='bbox 1559 1375 1592 1402; x_wconf 91' lang='lat' dir='ltr'><strong>ad</strong></span> <span class='ocrx_word' id='word_1_536' title='bbox 1616 1375 1713 1409; x_wconf 91' lang='lat' dir='ltr'><strong>pedum</strong></span> <span class='ocrx_word' id='word_1_537' title='bbox 1728 1375 1839 1410; x_wconf 83' lang='lat' dir='ltr'><strong>vestigia</strong></span> <span class='ocrx_word' id='word_1_538' title='bbox 1850 1395 1857 1407; x_wconf 89' lang='lat'><strong>,</strong></span> <span class='ocrx_word' id='word_1_539' title='bbox 1873 1383 1888 1402; x_wconf 85' lang='lat' dir='ltr'><strong>a</strong></span> 
     </span>
    </p>
   </div>
   <div class='ocr_carea' id='block_1_73' title="bbox 1108 1420 1888 1455">
    <p class='ocr_par' dir='ltr' id='par_1_73' title="bbox 1108 1420 1888 1455">
     <span class='ocr_line' id='line_1_73' title="bbox 1108 1420 1888 1455; baseline 0.003 -9"><span class='ocrx_word' id='word_1_540' title='bbox 1108 1426 1184 1446; x_wconf 91' lang='lat' dir='ltr'><strong>coma</strong></span> <span class='ocrx_word' id='word_1_541' title='bbox 1203 1420 1299 1453; x_wconf 86' lang='lat' dir='ltr'><strong>capitis</strong></span> <span class='ocrx_word' id='word_1_542' title='bbox 1314 1427 1400 1454; x_wconf 90' lang='lat' dir='ltr'><strong>usque</strong></span> <span class='ocrx_word' id='word_1_543' title='bbox 1416 1420 1450 1446; x_wconf 92' lang='lat' dir='ltr'><strong>ad</strong></span> <span class='ocrx_word' id='word_1_544' title='bbox 1472 1427 1576 1454; x_wconf 85' lang='lat' dir='ltr'><strong>ungues</strong></span> <span class='ocrx_word' id='word_1_545' title='bbox 1590 1420 1727 1455; x_wconf 76' lang='lat' dir='ltr'><strong>pollicum.</strong></span> <span class='ocrx_word' id='word_1_546' title='bbox 1743 1428 1795 1448; x_wconf 88' lang='lat' dir='ltr'><strong>nec</strong></span> <span class='ocrx_word' id='word_1_547' title='bbox 1808 1421 1888 1455; x_wconf 87' lang='lat' dir='ltr'><strong>quid-</strong></span> 
     </span>
    </p>
   </div>
   <div class='ocr_carea' id='block_1_74' title="bbox 1107 1464 1887 1499">
    <p class='ocr_par' dir='ltr' id='par_1_74' title="bbox 1107 1464 1887 1499">
     <span class='ocr_line' id='line_1_74' title="bbox 1107 1464 1887 1499; baseline 0.004 -9"><span class='ocrx_word' id='word_1_548' title='bbox 1107 1472 1187 1498; x_wconf 88' lang='lat' dir='ltr'><strong>quam</strong></span> <span class='ocrx_word' id='word_1_549' title='bbox 1204 1464 1311 1499; x_wconf 90' lang='lat' dir='ltr'><strong>reliquit</strong></span> <span class='ocrx_word' id='word_1_550' title='bbox 1322 1472 1429 1497; x_wconf 81' lang='lat' dir='ltr'><strong>sanum,</strong></span> <span class='ocrx_word' id='word_1_551' title='bbox 1444 1473 1531 1498; x_wconf 88' lang='lat' dir='ltr'><strong>neque</strong></span> <span class='ocrx_word' id='word_1_552' title='bbox 1547 1467 1694 1499; x_wconf 81' lang='lat' dir='ltr'><strong>integrum,</strong></span> <span class='ocrx_word' id='word_1_553' title='bbox 1708 1469 1755 1492; x_wconf 87' lang='lat' dir='ltr'><strong>aut</strong></span> <span class='ocrx_word' id='word_1_554' title='bbox 1769 1466 1829 1493; x_wconf 85' lang='lat' dir='ltr'><strong>sine</strong></span> <span class='ocrx_word' id='word_1_555' title='bbox 1839 1466 1887 1493; x_wconf 78' lang='lat' dir='ltr'><strong>do-</strong></span> 
     </span>
    </p>
   </div>
   <div class='ocr_carea' id='block_1_75' title="bbox 1106 1509 1887 1546">
    <p class='ocr_par' dir='ltr' id='par_1_75' title="bbox 1106 1509 1887 1546">
     <span class='ocr_line' id='line_1_75' title="bbox 1106 1509 1887 1546; baseline 0.004 -11"><span class='ocrx_word' id='word_1_556' title='bbox 1106 1509 1172 1541; x_wconf 85' lang='lat' dir='ltr'><strong>lore,</strong></span> <span class='ocrx_word' id='word_1_557' title='bbox 1183 1511 1230 1537; x_wconf 89' lang='lat' dir='ltr'><strong>sed</strong></span> <span class='ocrx_word' id='word_1_558' title='bbox 1245 1511 1370 1537; x_wconf 82' lang='lat' dir='ltr'><strong>universa</strong></span> <span class='ocrx_word' id='word_1_559' title='bbox 1384 1518 1437 1538; x_wconf 94' lang='lat' dir='ltr'><strong>uno</strong></span> <span class='ocrx_word' id='word_1_560' title='bbox 1452 1512 1573 1538; x_wconf 85' lang='lat' dir='ltr'><strong>contexit</strong></span> <span class='ocrx_word' id='word_1_561' title='bbox 1589 1511 1698 1538; x_wconf 88' lang='lat' dir='ltr'><strong>vulnere</strong></span> <span class='ocrx_word' id='word_1_562' title='bbox 1713 1516 1794 1546; x_wconf 86' lang='lat' dir='ltr'><strong>atque</strong></span> <span class='ocrx_word' id='word_1_563' title='bbox 1812 1511 1887 1546; x_wconf 76' lang='lat' dir='ltr'><strong>plaga</strong></span> 
     </span>
    </p>
   </div>
   <div class='ocr_carea' id='block_1_76' title="bbox 1107 1556 1880 1592">
    <p class='ocr_par' dir='ltr' id='par_1_76' title="bbox 1107 1556 1880 1592">
     <span class='ocr_line' id='line_1_76' title="bbox 1107 1556 1880 1592; baseline 0.003 -10"><span class='ocrx_word' id='word_1_564' title='bbox 1107 1556 1360 1590; x_wconf 88' lang='lat' dir='ltr'><strong>cooperuitcuncta,</strong></span> <span class='ocrx_word' id='word_1_565' title='bbox 1371 1562 1399 1584; x_wconf 90' lang='lat' dir='ltr'><strong>et</strong></span> <span class='ocrx_word' id='word_1_566' title='bbox 1409 1557 1566 1584; x_wconf 63' lang='lat' dir='ltr'><strong>saevissima.</strong></span> <span class='ocrx_word' id='word_1_567' title='bbox 1580 1558 1745 1589; x_wconf 67' lang='lat' dir='ltr'><strong>vaissima.</strong></span> <span class='ocrx_word' id='word_1_568' title='bbox 1760 1558 1880 1592; x_wconf 84' lang='lat' dir='ltr'><strong>inquam.</strong></span> 
     </span>
    </p>
   </div>
   <div class='ocr_carea' id='block_1_77' title="bbox 1107 1601 1887 1637">
    <p class='ocr_par' dir='ltr' id='par_1_77' title="bbox 1107 1601 1887 1637">
     <span class='ocr_line' id='line_1_77' title="bbox 1107 1601 1887 1637; baseline 0.003 -9"><span class='ocrx_word' id='word_1_569' title='bbox 1107 1601 1158 1628; x_wconf 90' lang='lat' dir='ltr'><strong>hoc</strong></span> <span class='ocrx_word' id='word_1_570' title='bbox 1173 1606 1214 1628; x_wconf 80' lang='lat' dir='ltr'><strong>est</strong></span> <span class='ocrx_word' id='word_1_571' title='bbox 1236 1602 1420 1635; x_wconf 84' lang='lat' dir='ltr'><strong>lamentabili,</strong></span> <span class='ocrx_word' id='word_1_572' title='bbox 1436 1603 1594 1636; x_wconf 88' lang='lat' dir='ltr'><strong>insanabili,</strong></span> <span class='ocrx_word' id='word_1_573' title='bbox 1611 1603 1750 1630; x_wconf 88' lang='lat' dir='ltr'><strong>incurabili</strong></span> <span class='ocrx_word' id='word_1_574' title='bbox 1763 1624 1770 1635; x_wconf 91' lang='lat'><strong>,</strong></span> <span class='ocrx_word' id='word_1_575' title='bbox 1786 1603 1814 1630; x_wconf 89' lang='lat' dir='ltr'><strong>in</strong></span> <span class='ocrx_word' id='word_1_576' title='bbox 1834 1610 1887 1637; x_wconf 80' lang='lat' dir='ltr'><strong>qua</strong></span> 
     </span>
    </p>
   </div>
   <div class='ocr_carea' id='block_1_78' title="bbox 1107 1648 1886 1684">
    <p class='ocr_par' dir='ltr' id='par_1_78' title="bbox 1107 1648 1886 1684">
     <span class='ocr_line' id='line_1_78' title="bbox 1107 1648 1886 1684; baseline 0.001 -10"><span class='ocrx_word' id='word_1_577' title='bbox 1107 1654 1159 1674; x_wconf 91' lang='lat' dir='ltr'><strong>non</strong></span> <span class='ocrx_word' id='word_1_578' title='bbox 1170 1653 1228 1675; x_wconf 87' lang='lat' dir='ltr'><strong>erat</strong></span> <span class='ocrx_word' id='word_1_579' title='bbox 1239 1648 1283 1675; x_wconf 93' lang='lat' dir='ltr'><strong>ubi</strong></span> <span class='ocrx_word' id='word_1_580' title='bbox 1293 1649 1424 1684; x_wconf 86' lang='lat' dir='ltr'><strong>malagma</strong></span> <span class='ocrx_word' id='word_1_581' title='bbox 1438 1651 1632 1684; x_wconf 89' lang='lat' dir='ltr'><strong>imponeretur,</strong></span> <span class='ocrx_word' id='word_1_582' title='bbox 1646 1657 1732 1684; x_wconf 84' lang='lat' dir='ltr'><strong>neque</strong></span> <span class='ocrx_word' id='word_1_583' title='bbox 1745 1650 1886 1679; x_wconf 83' lang='lat' dir='ltr'><strong>medicina,</strong></span> 
     </span>
    </p>
   </div>
   <div class='ocr_carea' id='block_1_79' title="bbox 1106 1693 1887 1730">
    <p class='ocr_par' dir='ltr' id='par_1_79' title="bbox 1106 1693 1887 1730">
     <span class='ocr_line' id='line_1_79' title="bbox 1106 1693 1887 1730; baseline 0.001 -10"><span class='ocrx_word' id='word_1_584' title='bbox 1106 1700 1194 1728; x_wconf 90' lang='lat' dir='ltr'><strong>neque</strong></span> <span class='ocrx_word' id='word_1_585' title='bbox 1211 1693 1383 1728; x_wconf 86' lang='lat' dir='ltr'><strong>adjutorium,</strong></span> <span class='ocrx_word' id='word_1_586' title='bbox 1398 1702 1484 1729; x_wconf 90' lang='lat' dir='ltr'><strong>neque</strong></span> <span class='ocrx_word' id='word_1_587' title='bbox 1496 1695 1586 1722; x_wconf 90' lang='lat' dir='ltr'><strong>oleum</strong></span> <span class='ocrx_word' id='word_1_588' title='bbox 1607 1695 1708 1726; x_wconf 82' lang='lat' dir='ltr'><strong>ullum.</strong></span> <span class='ocrx_word' id='word_1_589' title='bbox 1724 1702 1811 1730; x_wconf 83' lang='lat' dir='ltr'><strong>neque</strong></span> <span class='ocrx_word' id='word_1_590' title='bbox 1828 1695 1887 1722; x_wconf 87' lang='lat' dir='ltr'><strong>alli-</strong></span> 
     </span>
    </p>
   </div>
   <div class='ocr_carea' id='block_1_80' title="bbox 1106 1740 1886 1776">
    <p class='ocr_par' dir='ltr' id='par_1_80' title="bbox 1106 1740 1886 1776">
     <span class='ocr_line' id='line_1_80' title="bbox 1106 1740 1886 1776; baseline 0.003 -10"><span class='ocrx_word' id='word_1_591' title='bbox 1106 1745 1210 1774; x_wconf 88' lang='lat' dir='ltr'><strong>gatura.</strong></span> <span class='ocrx_word' id='word_1_592' title='bbox 1225 1740 1252 1767; x_wconf 90' lang='lat' dir='ltr'><strong>In</strong></span> <span class='ocrx_word' id='word_1_593' title='bbox 1267 1747 1319 1774; x_wconf 87' lang='lat' dir='ltr'><strong>qna</strong></span> <span class='ocrx_word' id='word_1_594' title='bbox 1336 1740 1423 1775; x_wconf 85' lang='lat' dir='ltr'><strong>plaga,</strong></span> <span class='ocrx_word' id='word_1_595' title='bbox 1441 1741 1575 1776; x_wconf 82' lang='lat' dir='ltr'><strong>superﬂua</strong></span> <span class='ocrx_word' id='word_1_596' title='bbox 1595 1747 1654 1768; x_wconf 87' lang='lat' dir='ltr'><strong>erat</strong></span> <span class='ocrx_word' id='word_1_597' title='bbox 1675 1746 1702 1768; x_wconf 87' lang='lat' dir='ltr'><strong>et</strong></span> <span class='ocrx_word' id='word_1_598' title='bbox 1722 1748 1886 1776; x_wconf 84' lang='lat' dir='ltr'><strong>supervacua</strong></span> 
     </span>
    </p>
   </div>
   <div class='ocr_carea' id='block_1_81' title="bbox 1105 1785 1887 1821">
    <p class='ocr_par' dir='ltr' id='par_1_81' title="bbox 1105 1785 1887 1821">
     <span class='ocr_line' id='line_1_81' title="bbox 1105 1785 1887 1821; baseline 0 -9"><span class='ocrx_word' id='word_1_599' title='bbox 1105 1785 1193 1812; x_wconf 89' lang='lat' dir='ltr'><strong>omnis</strong></span> <span class='ocrx_word' id='word_1_600' title='bbox 1214 1786 1377 1813; x_wconf 85' lang='lat' dir='ltr'><strong>medicorum</strong></span> <span class='ocrx_word' id='word_1_601' title='bbox 1403 1786 1498 1820; x_wconf 88' lang='lat' dir='ltr'><strong>peritia</strong></span> <span class='ocrx_word' id='word_1_602' title='bbox 1524 1791 1606 1821; x_wconf 89' lang='lat' dir='ltr'><strong>atque</strong></span> <span class='ocrx_word' id='word_1_603' title='bbox 1637 1786 1781 1821; x_wconf 79' lang='lat' dir='ltr'><strong>sapientia.</strong></span> <span class='ocrx_word' id='word_1_604' title='bbox 1811 1786 1887 1814; x_wconf 87' lang='lat' dir='ltr'><strong>Sient</strong></span> 
     </span>
    </p>
   </div>
   <div class='ocr_carea' id='block_1_82' title="bbox 1105 1831 1886 1867">
    <p class='ocr_par' dir='ltr' id='par_1_82' title="bbox 1105 1831 1886 1867">
     <span class='ocr_line' id='line_1_82' title="bbox 1105 1831 1886 1867; baseline 0.003 -10"><span class='ocrx_word' id='word_1_605' title='bbox 1105 1831 1176 1858; x_wconf 92' lang='lat' dir='ltr'><strong>enim</strong></span> <span class='ocrx_word' id='word_1_606' title='bbox 1191 1831 1257 1859; x_wconf 89' lang='lat' dir='ltr'><strong>dicit</strong></span> <span class='ocrx_word' id='word_1_607' title='bbox 1268 1832 1339 1866; x_wconf 90' lang='lat' dir='ltr'><strong>quod</strong></span> <span class='ocrx_word' id='word_1_608' title='bbox 1353 1832 1453 1859; x_wconf 93' lang='lat' dir='ltr'><strong>nullum</strong></span> <span class='ocrx_word' id='word_1_609' title='bbox 1469 1838 1658 1867; x_wconf 87' lang='lat' dir='ltr'><strong>argumentum</strong></span> <span class='ocrx_word' id='word_1_610' title='bbox 1674 1832 1828 1859; x_wconf 82' lang='lat' dir='ltr'><strong>illuminare</strong></span> <span class='ocrx_word' id='word_1_611' title='bbox 1840 1838 1886 1866; x_wconf 84' lang='lat' dir='ltr'><strong>po—</strong></span> 
     </span>
    </p>
   </div>
   <div class='ocr_carea' id='block_1_83' title="bbox 1106 1877 1885 1913">
    <p class='ocr_par' dir='ltr' id='par_1_83' title="bbox 1106 1877 1885 1913">
     <span class='ocr_line' id='line_1_83' title="bbox 1106 1877 1885 1913; baseline 0.001 -10"><span class='ocrx_word' id='word_1_612' title='bbox 1106 1881 1175 1904; x_wconf 89' lang='lat' dir='ltr'><strong>terat</strong></span> <span class='ocrx_word' id='word_1_613' title='bbox 1189 1877 1358 1904; x_wconf 86' lang='lat' dir='ltr'><strong>tenebrosam</strong></span> <span class='ocrx_word' id='word_1_614' title='bbox 1374 1882 1456 1912; x_wconf 88' lang='lat' dir='ltr'><strong>atque</strong></span> <span class='ocrx_word' id='word_1_615' title='bbox 1479 1878 1679 1905; x_wconf 85' lang='lat' dir='ltr'><strong>lamentabilem</strong></span> <span class='ocrx_word' id='word_1_616' title='bbox 1694 1877 1885 1913; x_wconf 62' lang='lat' dir='ltr'><strong>Egyptiorum</strong></span> 
     </span>
    </p>
   </div>
   <div class='ocr_carea' id='block_1_84' title="bbox 1104 1923 1887 1959">
    <p class='ocr_par' dir='ltr' id='par_1_84' title="bbox 1104 1923 1887 1959">
     <span class='ocr_line' id='line_1_84' title="bbox 1104 1923 1887 1959; baseline 0.005 -11"><span class='ocrx_word' id='word_1_617' title='bbox 1104 1927 1210 1950; x_wconf 89' lang='lat' dir='ltr'><strong>noctem</strong></span> <span class='ocrx_word' id='word_1_618' title='bbox 1225 1932 1231 1956; x_wconf 95' lang='lat'>;</span> <span class='ocrx_word' id='word_1_619' title='bbox 1249 1924 1284 1950; x_wconf 91' lang='lat' dir='ltr'><strong>ita</strong></span> <span class='ocrx_word' id='word_1_620' title='bbox 1302 1923 1374 1951; x_wconf 88' lang='lat' dir='ltr'><strong>nulla</strong></span> <span class='ocrx_word' id='word_1_621' title='bbox 1388 1924 1564 1951; x_wconf 86' lang='lat' dir='ltr'><strong>medicamina</strong></span> <span class='ocrx_word' id='word_1_622' title='bbox 1579 1932 1676 1952; x_wconf 76' lang='lat' dir='ltr'><strong>curare</strong></span> <span class='ocrx_word' id='word_1_623' title='bbox 1694 1929 1822 1959; x_wconf 84' lang='lat' dir='ltr'><strong>poterant</strong></span> <span class='ocrx_word' id='word_1_624' title='bbox 1837 1931 1887 1952; x_wconf 74' lang='lat' dir='ltr'><strong>ste-</strong></span> 
     </span>
    </p>
   </div>
   <div class='ocr_carea' id='block_1_85' title="bbox 1104 1969 1887 2005">
    <p class='ocr_par' dir='ltr' id='par_1_85' title="bbox 1104 1969 1887 2005">
     <span class='ocr_line' id='line_1_85' title="bbox 1104 1969 1887 2005; baseline 0.005 -11"><span class='ocrx_word' id='word_1_625' title='bbox 1104 1969 1241 1995; x_wconf 86' lang='lat' dir='ltr'><strong>vissimam</strong></span> <span class='ocrx_word' id='word_1_626' title='bbox 1260 1969 1332 1996; x_wconf 92' lang='lat' dir='ltr'><strong>illam</strong></span> <span class='ocrx_word' id='word_1_627' title='bbox 1347 1970 1445 1997; x_wconf 91' lang='lat' dir='ltr'><strong>diaboli</strong></span> <span class='ocrx_word' id='word_1_628' title='bbox 1470 1970 1574 2004; x_wconf 86' lang='lat' dir='ltr'><strong>plagam</strong></span> <span class='ocrx_word' id='word_1_629' title='bbox 1586 1990 1594 2002; x_wconf 88' lang='lat'><strong>,</strong></span> <span class='ocrx_word' id='word_1_630' title='bbox 1608 1971 1694 1998; x_wconf 90' lang='lat' dir='ltr'><strong>donec</strong></span> <span class='ocrx_word' id='word_1_631' title='bbox 1718 1970 1828 2005; x_wconf 84' lang='lat' dir='ltr'><strong>impleta</strong></span> <span class='ocrx_word' id='word_1_632' title='bbox 1843 1975 1887 1999; x_wconf 80' lang='lat' dir='ltr'><strong>est</strong></span> 
     </span>
    </p>
   </div>
   <div class='ocr_carea' id='block_1_86' title="bbox 1105 2014 1886 2052">
    <p class='ocr_par' dir='ltr' id='par_1_86' title="bbox 1105 2014 1886 2052">
     <span class='ocr_line' id='line_1_86' title="bbox 1105 2014 1886 2052; baseline 0.005 -12"><span class='ocrx_word' id='word_1_633' title='bbox 1105 2014 1248 2042; x_wconf 87' lang='lat' dir='ltr'><strong>tolerantia</strong></span> <span class='ocrx_word' id='word_1_634' title='bbox 1273 2020 1300 2043; x_wconf 88' lang='lat' dir='ltr'><strong>et</strong></span> <span class='ocrx_word' id='word_1_635' title='bbox 1315 2016 1504 2050; x_wconf 85' lang='lat' dir='ltr'><strong>longanimitas</strong></span> <span class='ocrx_word' id='word_1_636' title='bbox 1519 2016 1580 2044; x_wconf 91' lang='lat' dir='ltr'><strong>Job.</strong></span> <span class='ocrx_word' id='word_1_637' title='bbox 1594 2016 1762 2050; x_wconf 82' lang='lat' dir='ltr'><strong>Tolerantia,</strong></span> <span class='ocrx_word' id='word_1_638' title='bbox 1780 2025 1830 2052; x_wconf 85' lang='lat' dir='ltr'><strong>pro</strong></span> <span class='ocrx_word' id='word_1_639' title='bbox 1840 2025 1886 2044; x_wconf 85' lang='lat' dir='ltr'><strong>co-</strong></span> 
     </span>
    </p>
   </div>
   <div class='ocr_carea' id='block_1_87' title="bbox 1105 2061 1883 2098">
    <p class='ocr_par' dir='ltr' id='par_1_87' title="bbox 1105 2061 1883 2098">
     <span class='ocr_line' id='line_1_87' title="bbox 1105 2061 1883 2098; baseline 0.005 -11"><span class='ocrx_word' id='word_1_640' title='bbox 1105 2068 1230 2088; x_wconf 90' lang='lat' dir='ltr'><strong>ronarum</strong></span> <span class='ocrx_word' id='word_1_641' title='bbox 1244 2062 1441 2095; x_wconf 84' lang='lat' dir='ltr'><strong>redhibitione;</strong></span> <span class='ocrx_word' id='word_1_642' title='bbox 1456 2061 1504 2089; x_wconf 87' lang='lat' dir='ltr'><strong>Dei</strong></span> <span class='ocrx_word' id='word_1_643' title='bbox 1519 2062 1721 2097; x_wconf 84' lang='lat' dir='ltr'><strong>longanimitas,</strong></span> <span class='ocrx_word' id='word_1_644' title='bbox 1738 2071 1788 2098; x_wconf 90' lang='lat' dir='ltr'><strong>pro</strong></span> <span class='ocrx_word' id='word_1_645' title='bbox 1803 2063 1883 2098; x_wconf 84' lang='lat' dir='ltr'><strong>justi-</strong></span> 
     </span>
    </p>
   </div>
   <div class='ocr_carea' id='block_1_88' title="bbox 1103 2105 1885 2142">
    <p class='ocr_par' dir='ltr' id='par_1_88' title="bbox 1103 2105 1885 2142">
     <span class='ocr_line' id='line_1_88' title="bbox 1103 2105 1885 2142; baseline 0.004 -11"><span class='ocrx_word' id='word_1_646' title='bbox 1103 2105 1147 2132; x_wconf 63' lang='lat' dir='ltr'><strong>tim</strong></span> <span class='ocrx_word' id='word_1_647' title='bbox 1171 2106 1382 2140; x_wconf 84' lang='lat' dir='ltr'><strong>approbatione;</strong></span> <span class='ocrx_word' id='word_1_648' title='bbox 1398 2107 1498 2135; x_wconf 88' lang='lat' dir='ltr'><strong>diaboli</strong></span> <span class='ocrx_word' id='word_1_649' title='bbox 1519 2115 1584 2135; x_wconf 90' lang='lat' dir='ltr'><strong>vero</strong></span> <span class='ocrx_word' id='word_1_650' title='bbox 1608 2108 1749 2142; x_wconf 85' lang='lat' dir='ltr'><strong>iniquitas,</strong></span> <span class='ocrx_word' id='word_1_651' title='bbox 1766 2115 1885 2142; x_wconf 84' lang='lat' dir='ltr'><strong>procor-</strong></span> 
     </span>
    </p>
   </div>
   <div class='ocr_carea' id='block_1_89' title="bbox 1103 2152 1883 2188">
    <p class='ocr_par' dir='ltr' id='par_1_89' title="bbox 1103 2152 1883 2188">
     <span class='ocr_line' id='line_1_89' title="bbox 1103 2152 1883 2188; baseline 0.004 -11"><span class='ocrx_word' id='word_1_652' title='bbox 1103 2152 1225 2186; x_wconf 85' lang='lat' dir='ltr'><strong>reptione</strong></span> <span class='ocrx_word' id='word_1_653' title='bbox 1241 2153 1366 2187; x_wconf 72' lang='lat' dir='ltr'><strong>nequitia:</strong></span> <span class='ocrx_word' id='word_1_654' title='bbox 1383 2153 1442 2186; x_wconf 87' lang='lat' dir='ltr'><strong>ejus</strong></span> <span class='ocrx_word' id='word_1_655' title='bbox 1461 2158 1543 2188; x_wconf 85' lang='lat' dir='ltr'><strong>atque</strong></span> <span class='ocrx_word' id='word_1_656' title='bbox 1557 2153 1750 2186; x_wconf 82' lang='lat' dir='ltr'><strong>damnatione,</strong></span> <span class='ocrx_word' id='word_1_657' title='bbox 1762 2160 1843 2188; x_wconf 86' lang='lat' dir='ltr'><strong>quam</strong></span> <span class='ocrx_word' id='word_1_658' title='bbox 1856 2153 1883 2180; x_wconf 91' lang='lat' dir='ltr'><strong>in</strong></span> 
     </span>
    </p>
   </div>
   <div class='ocr_carea' id='block_1_90' title="bbox 1103 2197 1883 2233">
    <p class='ocr_par' dir='ltr' id='par_1_90' title="bbox 1103 2197 1883 2233">
     <span class='ocr_line' id='line_1_90' title="bbox 1103 2197 1883 2233; baseline 0.001 -10"><span class='ocrx_word' id='word_1_659' title='bbox 1103 2197 1149 2224; x_wconf 92' lang='lat' dir='ltr'><strong>illo</strong></span> <span class='ocrx_word' id='word_1_660' title='bbox 1166 2198 1239 2230; x_wconf 88' lang='lat' dir='ltr'><strong>justo</strong></span> <span class='ocrx_word' id='word_1_661' title='bbox 1252 2199 1372 2225; x_wconf 81' lang='lat' dir='ltr'><strong>exercuit</strong></span> <span class='ocrx_word' id='word_1_662' title='bbox 1389 2200 1456 2225; x_wconf 85' lang='lat' dir='ltr'><strong>viro.</strong></span> <span class='ocrx_word' id='word_1_663' title='bbox 1473 2198 1606 2225; x_wconf 69' lang='lat' dir='ltr'><strong>Percussit</strong></span> <span class='ocrx_word' id='word_1_664' title='bbox 1626 2207 1684 2226; x_wconf 75' lang='lat' dir='ltr'><strong>vero</strong></span> <span class='ocrx_word' id='word_1_665' title='bbox 1700 2198 1751 2226; x_wconf 85' lang='lat' dir='ltr'><strong>Job</strong></span> <span class='ocrx_word' id='word_1_666' title='bbox 1762 2219 1769 2232; x_wconf 91' lang='lat'><strong>,</strong></span> <span class='ocrx_word' id='word_1_667' title='bbox 1786 2199 1883 2233; x_wconf 77' lang='lat' dir='ltr'><strong>inquit,</strong></span> 
     </span>
    </p>
   </div>
   <div class='ocr_carea' id='block_1_91' title="bbox 269 2239 1882 2284">
    <p class='ocr_par' dir='ltr' id='par_1_91' title="bbox 269 2239 1882 2284">
     <span class='ocr_line' id='line_1_91' title="bbox 269 2239 1882 2284; baseline 0.003 -17"><span class='ocrx_word' id='word_1_668' title='bbox 269 2239 419 2268; x_wconf 75' lang='lat' dir='ltr'><strong>Suﬂ‘ecerat</strong></span> <span class='ocrx_word' id='word_1_669' title='bbox 434 2241 484 2268; x_wconf 90' lang='lat' dir='ltr'><strong>hoc</strong></span> <span class='ocrx_word' id='word_1_670' title='bbox 500 2241 586 2269; x_wconf 91' lang='lat' dir='ltr'><strong>solum</strong></span> <span class='ocrx_word' id='word_1_671' title='bbox 599 2247 628 2269; x_wconf 90' lang='lat' dir='ltr'><strong>ut</strong></span> <span class='ocrx_word' id='word_1_672' title='bbox 642 2242 718 2276; x_wconf 83' lang='lat' dir='ltr'><strong>plaga</strong></span> <span class='ocrx_word' id='word_1_673' title='bbox 738 2247 840 2269; x_wconf 90' lang='lat' dir='ltr'><strong>tantum</strong></span> <span class='ocrx_word' id='word_1_674' title='bbox 854 2243 962 2276; x_wconf 84' lang='lat' dir='ltr'><strong>fuisset,</strong></span> <span class='ocrx_word' id='word_1_675' title='bbox 979 2252 1050 2271; x_wconf 90' lang='lat' dir='ltr'><strong>nunc</strong></span> <span class='ocrx_word' id='word_1_676' title='bbox 1066 2257 1088 2284; x_wconf 68' lang='grc' dir='ltr'><strong>Β</strong></span> <span class='ocrx_word' id='word_1_677' title='bbox 1102 2243 1179 2278; x_wconf 82' lang='lat' dir='ltr'><strong>plaga</strong></span> <span class='ocrx_word' id='word_1_678' title='bbox 1192 2244 1335 2271; x_wconf 72' lang='lat' dir='ltr'><strong>awviuima</strong></span> <span class='ocrx_word' id='word_1_679' title='bbox 1349 2252 1365 2270; x_wconf 88' lang='lat' dir='ltr'><strong>a</strong></span> <span class='ocrx_word' id='word_1_680' title='bbox 1380 2245 1488 2278; x_wconf 75' lang='lat' dir='ltr'><strong>pedibus</strong></span> <span class='ocrx_word' id='word_1_681' title='bbox 1504 2253 1584 2279; x_wconf 72' lang='lat' dir='ltr'><strong>usque</strong></span> <span class='ocrx_word' id='word_1_682' title='bbox 1605 2245 1640 2271; x_wconf 80' lang='lat' dir='ltr'><strong>ad</strong></span> <span class='ocrx_word' id='word_1_683' title='bbox 1653 2250 1742 2279; x_wconf 82' lang='lat' dir='ltr'><strong>caput.</strong></span> <span class='ocrx_word' id='word_1_684' title='bbox 1767 2244 1882 2272; x_wconf 87' lang='lat' dir='ltr'><strong>Tantum</strong></span> 
     </span>
    </p>
   </div>
   <div class='ocr_carea' id='block_1_92' title="bbox 268 2287 1048 2321">
    <p class='ocr_par' dir='ltr' id='par_1_92' title="bbox 268 2287 1048 2321">
     <span class='ocr_line' id='line_1_92' title="bbox 268 2287 1048 2321; baseline 0.006 -9"><span class='ocrx_word' id='word_1_685' title='bbox 268 2290 332 2313; x_wconf 78' lang='lat' dir='ltr'><strong>vero</strong></span> <span class='ocrx_word' id='word_1_686' title='bbox 344 2287 425 2314; x_wconf 88' lang='lat' dir='ltr'><strong>etiam</strong></span> <span class='ocrx_word' id='word_1_687' title='bbox 438 2287 542 2321; x_wconf 85' lang='lat' dir='ltr'><strong>plagam</strong></span> <span class='ocrx_word' id='word_1_688' title='bbox 555 2287 730 2314; x_wconf 64' lang='lat' dir='ltr'><strong>saevissimam</strong></span> <span class='ocrx_word' id='word_1_689' title='bbox 743 2295 803 2316; x_wconf 84' lang='lat' dir='ltr'><strong>esse</strong></span> <span class='ocrx_word' id='word_1_690' title='bbox 815 2289 899 2316; x_wconf 88' lang='lat' dir='ltr'><strong>dixit:</strong></span> <span class='ocrx_word' id='word_1_691' title='bbox 915 2288 1048 2317; x_wconf 74' lang='lat' dir='ltr'><strong>Percussit</strong></span> 
     </span>
    </p>
   </div>
   <div class='ocr_carea' id='block_1_93' title="bbox 267 2330 1049 2370">
    <p class='ocr_par' dir='ltr' id='par_1_93' title="bbox 267 2330 1049 2370">
     <span class='ocr_line' id='line_1_93' title="bbox 267 2330 1049 2370; baseline 0.003 -10"><span class='ocrx_word' id='word_1_692' title='bbox 267 2330 318 2360; x_wconf 84' lang='lat' dir='ltr'><strong>Job</strong></span> <span class='ocrx_word' id='word_1_693' title='bbox 331 2332 408 2367; x_wconf 80' lang='lat' dir='ltr'><strong>plaga</strong></span> <span class='ocrx_word' id='word_1_694' title='bbox 422 2333 577 2359; x_wconf 63' lang='lat' dir='ltr'><strong>leuissima.</strong></span> <span class='ocrx_word' id='word_1_695' title='bbox 594 2333 740 2360; x_wconf 84' lang='lat' dir='ltr'><strong>Considera</strong></span> <span class='ocrx_word' id='word_1_696' title='bbox 754 2334 836 2360; x_wconf 91' lang='lat' dir='ltr'><strong>etiam</strong></span> <span class='ocrx_word' id='word_1_697' title='bbox 855 2334 906 2362; x_wconf 91' lang='lat' dir='ltr'><strong>hoc</strong></span> <span class='ocrx_word' id='word_1_698' title='bbox 919 2335 991 2370; x_wconf 88' lang='lat' dir='ltr'><strong>quod</strong></span> <span class='ocrx_word' id='word_1_699' title='bbox 1007 2336 1049 2363; x_wconf 90' lang='lat' dir='ltr'><strong>di-</strong></span> 
     </span>
    </p>
   </div>
   <div class='ocr_carea' id='block_1_94' title="bbox 266 2378 1049 2414">
    <p class='ocr_par' dir='ltr' id='par_1_94' title="bbox 266 2378 1049 2414">
     <span class='ocr_line' id='line_1_94' title="bbox 266 2378 1049 2414; baseline 0.001 -7"><span class='ocrx_word' id='word_1_700' title='bbox 266 2379 323 2409; x_wconf 87' lang='lat' dir='ltr'><strong>cit:</strong></span> <span class='ocrx_word' id='word_1_701' title='bbox 343 2378 476 2406; x_wconf 73' lang='lat' dir='ltr'><strong>l’ercuasit</strong></span> <span class='ocrx_word' id='word_1_702' title='bbox 489 2379 550 2405; x_wconf 89' lang='lat' dir='ltr'><strong>Job.</strong></span> <span class='ocrx_word' id='word_1_703' title='bbox 568 2378 722 2410; x_wconf 86' lang='lat' dir='ltr'><strong>Percussit,</strong></span> <span class='ocrx_word' id='word_1_704' title='bbox 745 2379 848 2414; x_wconf 89' lang='lat' dir='ltr'><strong>inquit,</strong></span> <span class='ocrx_word' id='word_1_705' title='bbox 866 2387 926 2407; x_wconf 90' lang='lat' dir='ltr'><strong>cum</strong></span> <span class='ocrx_word' id='word_1_706' title='bbox 946 2380 1049 2414; x_wconf 90' lang='lat' dir='ltr'><strong>furore,</strong></span> 
     </span>
    </p>
   </div>
   <div class='ocr_carea' id='block_1_95' title="bbox 267 2424 1049 2459">
    <p class='ocr_par' dir='ltr' id='par_1_95' title="bbox 267 2424 1049 2459">
     <span class='ocr_line' id='line_1_95' title="bbox 267 2424 1049 2459; baseline 0.001 -6"><span class='ocrx_word' id='word_1_707' title='bbox 267 2430 330 2453; x_wconf 81' lang='lat' dir='ltr'><strong>eam</strong></span> <span class='ocrx_word' id='word_1_708' title='bbox 344 2425 393 2458; x_wconf 90' lang='lat' dir='ltr'><strong>ira,</strong></span> <span class='ocrx_word' id='word_1_709' title='bbox 408 2432 469 2451; x_wconf 87' lang='lat' dir='ltr'><strong>cttm</strong></span> <span class='ocrx_word' id='word_1_710' title='bbox 485 2424 819 2459; x_wconf 78' lang='lat' dir='ltr'><strong>indignatione.Percauit</strong></span> <span class='ocrx_word' id='word_1_711' title='bbox 830 2426 891 2453; x_wconf 85' lang='lat' dir='ltr'><strong>Job.</strong></span> <span class='ocrx_word' id='word_1_712' title='bbox 910 2426 1049 2459; x_wconf 85' lang='lat' dir='ltr'><strong>Quomodo</strong></span> 
     </span>
    </p>
   </div>
   <div class='ocr_carea' id='block_1_96' title="bbox 264 2466 1048 2507">
    <p class='ocr_par' dir='ltr' id='par_1_96' title="bbox 264 2466 1048 2507">
     <span class='ocr_line' id='line_1_96' title="bbox 264 2466 1048 2507; baseline 0.006 -12"><span class='ocrx_word' id='word_1_713' title='bbox 264 2466 401 2504; x_wconf 62' lang='lat' dir='ltr'><strong>percussit</strong></span> <span class='ocrx_word' id='word_1_714' title='bbox 411 2469 422 2495; x_wconf 81' lang='lat'><strong>‘.&#39;</strong></span> <span class='ocrx_word' id='word_1_715' title='bbox 432 2470 472 2496; x_wconf 88' lang='lat' dir='ltr'><strong>sic</strong></span> <span class='ocrx_word' id='word_1_716' title='bbox 485 2472 619 2504; x_wconf 83' lang='lat' dir='ltr'><strong>percussit</strong></span> <span class='ocrx_word' id='word_1_717' title='bbox 630 2471 765 2505; x_wconf 91' lang='lat' dir='ltr'><strong>quomodo</strong></span> <span class='ocrx_word' id='word_1_718' title='bbox 780 2472 904 2506; x_wconf 84' lang='lat' dir='ltr'><strong>parabat,</strong></span> <span class='ocrx_word' id='word_1_719' title='bbox 914 2475 1048 2507; x_wconf 89' lang='lat' dir='ltr'><strong>quontodo</strong></span> 
     </span>
    </p>
   </div>
   <div class='ocr_carea' id='block_1_97' title="bbox 267 2513 1047 2553">
    <p class='ocr_par' dir='ltr' id='par_1_97' title="bbox 267 2513 1047 2553">
     <span class='ocr_line' id='line_1_97' title="bbox 267 2513 1047 2553; baseline 0.009 -13"><span class='ocrx_word' id='word_1_720' title='bbox 267 2513 388 2551; x_wconf 63' lang='lat' dir='ltr'><strong>putabat.</strong></span> <span class='ocrx_word' id='word_1_721' title='bbox 413 2515 544 2542; x_wconf 67' lang='lat' dir='ltr'><strong>Percurrit</strong></span> <span class='ocrx_word' id='word_1_722' title='bbox 563 2515 632 2548; x_wconf 89' lang='lat' dir='ltr'><strong>Job,</strong></span> <span class='ocrx_word' id='word_1_723' title='bbox 656 2521 685 2543; x_wconf 90' lang='lat' dir='ltr'><strong>ut</strong></span> <span class='ocrx_word' id='word_1_724' title='bbox 710 2518 906 2545; x_wconf 89' lang='lat' dir='ltr'><strong>comminueret</strong></span> <span class='ocrx_word' id='word_1_725' title='bbox 923 2519 1047 2553; x_wconf 88' lang='lat' dir='ltr'><strong>spiritum</strong></span> 
     </span>
    </p>
   </div>
   <div class='ocr_carea' id='block_1_98' title="bbox 267 2560 1048 2602">
    <p class='ocr_par' dir='ltr' id='par_1_98' title="bbox 267 2560 1048 2602">
     <span class='ocr_line' id='line_1_98' title="bbox 267 2560 1048 2602; baseline 0.008 -14"><span class='ocrx_word' id='word_1_726' title='bbox 267 2560 336 2601; x_wconf 56' lang='lat' dir='ltr'><strong>Qus,</strong></span> <span class='ocrx_word' id='word_1_727' title='bbox 355 2567 385 2589; x_wconf 92' lang='lat' dir='ltr'><strong>ut</strong></span> <span class='ocrx_word' id='word_1_728' title='bbox 404 2568 555 2591; x_wconf 85' lang='lat' dir='ltr'><strong>contereret</strong></span> <span class='ocrx_word' id='word_1_729' title='bbox 572 2564 689 2592; x_wconf 82' lang='lat' dir='ltr'><strong>animam</strong></span> <span class='ocrx_word' id='word_1_730' title='bbox 701 2564 768 2598; x_wconf 88' lang='lat' dir='ltr'><strong>ejus,</strong></span> <span class='ocrx_word' id='word_1_731' title='bbox 785 2570 814 2593; x_wconf 90' lang='lat' dir='ltr'><strong>ut</strong></span> <span class='ocrx_word' id='word_1_732' title='bbox 830 2566 960 2601; x_wconf 76' lang='lat' dir='ltr'><strong>afﬂigeret</strong></span> <span class='ocrx_word' id='word_1_733' title='bbox 978 2575 1048 2602; x_wconf 76' lang='lat' dir='ltr'><strong>pra:-</strong></span> 
     </span>
    </p>
   </div>
   <div class='ocr_carea' id='block_1_99' title="bbox 268 2607 1046 2647">
    <p class='ocr_par' dir='ltr' id='par_1_99' title="bbox 268 2607 1046 2647">
     <span class='ocr_line' id='line_1_99' title="bbox 268 2607 1046 2647; baseline 0.009 -14"><span class='ocrx_word' id='word_1_734' title='bbox 268 2607 359 2647; x_wconf 75' lang='lat' dir='ltr'><strong>eordia</strong></span> <span class='ocrx_word' id='word_1_735' title='bbox 372 2608 440 2642; x_wconf 87' lang='lat' dir='ltr'><strong>ejus.</strong></span> <span class='ocrx_word' id='word_1_736' title='bbox 462 2608 507 2636; x_wconf 89' lang='lat' dir='ltr'><strong>Sic</strong></span> <span class='ocrx_word' id='word_1_737' title='bbox 532 2610 667 2644; x_wconf 86' lang='lat' dir='ltr'><strong>percussit</strong></span> <span class='ocrx_word' id='word_1_738' title='bbox 696 2617 809 2644; x_wconf 85' lang='lat' dir='ltr'><strong>sperans</strong></span> <span class='ocrx_word' id='word_1_739' title='bbox 824 2611 895 2645; x_wconf 89' lang='lat' dir='ltr'><strong>quod</strong></span> <span class='ocrx_word' id='word_1_740' title='bbox 929 2613 1046 2640; x_wconf 77' lang='lat' dir='ltr'><strong>secunda</strong></span> 
     </span>
    </p>
   </div>
   <div class='ocr_carea' id='block_1_100' title="bbox 266 2647 1047 2689">
    <p class='ocr_par' dir='ltr' id='par_1_100' title="bbox 266 2647 1047 2689">
     <span class='ocr_line' id='line_1_100' title="bbox 266 2647 1047 2689; baseline 0.01 -11"><span class='ocrx_word' id='word_1_741' title='bbox 266 2647 344 2689; x_wconf 60' lang='lat' dir='ltr'><strong>plaga</strong></span> <span class='ocrx_word' id='word_1_742' title='bbox 364 2660 471 2680; x_wconf 81' lang='lat' dir='ltr'><strong>omnem</strong></span> <span class='ocrx_word' id='word_1_743' title='bbox 488 2655 668 2682; x_wconf 88' lang='lat' dir='ltr'><strong>constantiam</strong></span> <span class='ocrx_word' id='word_1_744' title='bbox 690 2659 772 2689; x_wconf 82' lang='lat' dir='ltr'><strong>atque</strong></span> <span class='ocrx_word' id='word_1_745' title='bbox 791 2656 976 2685; x_wconf 88' lang='lat' dir='ltr'><strong>fortitudinem</strong></span> <span class='ocrx_word' id='word_1_746' title='bbox 998 2658 1047 2686; x_wconf 90' lang='lat' dir='ltr'><strong>Job</strong></span> 
     </span>
    </p>
   </div>
   <div class='ocr_carea' id='block_1_101' title="bbox 266 2698 1043 2738">
    <p class='ocr_par' dir='ltr' id='par_1_101' title="bbox 266 2698 1043 2738">
     <span class='ocr_line' id='line_1_101' title="bbox 266 2698 1043 2738; baseline 0.004 -11"><span class='ocrx_word' id='word_1_747' title='bbox 266 2698 430 2727; x_wconf 68' lang='lat' dir='ltr'><strong>debilitaret.</strong></span> <span class='ocrx_word' id='word_1_748' title='bbox 446 2698 492 2727; x_wconf 87' lang='lat' dir='ltr'><strong>Sic</strong></span> <span class='ocrx_word' id='word_1_749' title='bbox 503 2707 567 2736; x_wconf 89' lang='lat' dir='ltr'><strong>ergo</strong></span> <span class='ocrx_word' id='word_1_750' title='bbox 579 2702 713 2736; x_wconf 86' lang='lat' dir='ltr'><strong>percussit</strong></span> <span class='ocrx_word' id='word_1_751' title='bbox 723 2700 774 2730; x_wconf 88' lang='lat' dir='ltr'><strong>Job</strong></span> <span class='ocrx_word' id='word_1_752' title='bbox 788 2702 865 2738; x_wconf 88' lang='lat' dir='ltr'><strong>plaga</strong></span> <span class='ocrx_word' id='word_1_753' title='bbox 880 2703 1043 2736; x_wconf 63' lang='lat' dir='ltr'><strong>saevissima,</strong></span> 
     </span>
    </p>
   </div>
   <div class='ocr_carea' id='block_1_102' title="bbox 266 2743 1045 2780">
    <p class='ocr_par' dir='ltr' id='par_1_102' title="bbox 266 2743 1045 2780">
     <span class='ocr_line' id='line_1_102' title="bbox 266 2743 1045 2780; baseline 0.001 -8"><span class='ocrx_word' id='word_1_754' title='bbox 266 2743 442 2777; x_wconf 72' lang='lat' dir='ltr'><strong>lamentabili,</strong></span> <span class='ocrx_word' id='word_1_755' title='bbox 456 2746 543 2772; x_wconf 89' lang='lat' dir='ltr'><strong>urenti</strong></span> <span class='ocrx_word' id='word_1_756' title='bbox 555 2765 562 2778; x_wconf 93' lang='lat'><strong>,</strong></span> <span class='ocrx_word' id='word_1_757' title='bbox 577 2744 716 2780; x_wconf 85' lang='lat' dir='ltr'><strong>aflligenti,</strong></span> <span class='ocrx_word' id='word_1_758' title='bbox 730 2745 865 2780; x_wconf 81' lang='lat' dir='ltr'><strong>ﬂagranti,</strong></span> <span class='ocrx_word' id='word_1_759' title='bbox 881 2746 1045 2779; x_wconf 87' lang='lat' dir='ltr'><strong>incendenti,</strong></span> 
     </span>
    </p>
   </div>
   <div class='ocr_carea' id='block_1_103' title="bbox 266 2788 1047 2827">
    <p class='ocr_par' dir='ltr' id='par_1_103' title="bbox 266 2788 1047 2827">
     <span class='ocr_line' id='line_1_103' title="bbox 266 2788 1047 2827; baseline 0.003 -11"><span class='ocrx_word' id='word_1_760' title='bbox 266 2788 376 2821; x_wconf 87' lang='lat' dir='ltr'><strong>dolenti,</strong></span> <span class='ocrx_word' id='word_1_761' title='bbox 391 2796 471 2816; x_wconf 89' lang='lat' dir='ltr'><strong>omne</strong></span> <span class='ocrx_word' id='word_1_762' title='bbox 497 2790 653 2825; x_wconf 87' lang='lat' dir='ltr'><strong>supplicium</strong></span> <span class='ocrx_word' id='word_1_763' title='bbox 679 2790 705 2817; x_wconf 94' lang='lat' dir='ltr'><strong>in</strong></span> <span class='ocrx_word' id='word_1_764' title='bbox 726 2798 756 2818; x_wconf 85' lang='lat' dir='ltr'><strong>sc</strong></span> <span class='ocrx_word' id='word_1_765' title='bbox 771 2792 898 2825; x_wconf 85' lang='lat' dir='ltr'><strong>habente,</strong></span> <span class='ocrx_word' id='word_1_766' title='bbox 913 2796 940 2818; x_wconf 91' lang='lat' dir='ltr'><strong>et</strong></span> <span class='ocrx_word' id='word_1_767' title='bbox 957 2797 1047 2827; x_wconf 88' lang='lat' dir='ltr'><strong>putre-</strong></span> 
     </span>
    </p>
   </div>
   <div class='ocr_carea' id='block_1_104' title="bbox 264 2834 1046 2870">
    <p class='ocr_par' dir='ltr' id='par_1_104' title="bbox 264 2834 1046 2870">
     <span class='ocr_line' id='line_1_104' title="bbox 264 2834 1046 2870; baseline 0.008 -10"><span class='ocrx_word' id='word_1_768' title='bbox 264 2834 365 2864; x_wconf 73' lang='lat' dir='ltr'><strong>dinem,</strong></span> <span class='ocrx_word' id='word_1_769' title='bbox 380 2839 407 2861; x_wconf 88' lang='lat' dir='ltr'><strong>et</strong></span> <span class='ocrx_word' id='word_1_770' title='bbox 424 2842 549 2870; x_wconf 87' lang='lat' dir='ltr'><strong>vermes,</strong></span> <span class='ocrx_word' id='word_1_771' title='bbox 567 2840 593 2864; x_wconf 87' lang='lat' dir='ltr'><strong>et</strong></span> <span class='ocrx_word' id='word_1_772' title='bbox 604 2836 704 2864; x_wconf 87' lang='lat' dir='ltr'><strong>ossium</strong></span> <span class='ocrx_word' id='word_1_773' title='bbox 721 2836 895 2870; x_wconf 88' lang='lat' dir='ltr'><strong>divisionem,</strong></span> <span class='ocrx_word' id='word_1_774' title='bbox 907 2842 935 2866; x_wconf 85' lang='lat' dir='ltr'><strong>et</strong></span> <span class='ocrx_word' id='word_1_775' title='bbox 951 2846 1046 2866; x_wconf 84' lang='lat' dir='ltr'><strong>nervo-</strong></span> 
     </span>
    </p>
   </div>
   <div class='ocr_carea' id='block_1_105' title="bbox 299 2888 484 2923">
    <p class='ocr_par' dir='ltr' id='par_1_105' title="bbox 299 2888 484 2923">
     <span class='ocr_line' id='line_1_105' title="bbox 299 2888 484 2923; baseline 0.005 -7"><span class='ocrx_word' id='word_1_776' title='bbox 299 2890 321 2905; x_wconf 85' lang='grc'><strong>¹⁰</strong></span> <span class='ocrx_word' id='word_1_777' title='bbox 346 2888 397 2917; x_wconf 86' lang='lat' dir='ltr'><strong>Job</strong></span> <span class='ocrx_word' id='word_1_778' title='bbox 410 2897 440 2923; x_wconf 85' lang='lat' dir='ltr'><strong>ll,</strong></span> <span class='ocrx_word' id='word_1_779' title='bbox 460 2890 484 2917; x_wconf 84' lang='lat'><strong>7.</strong></span> 
     </span>
    </p>
   </div>
   <div class='ocr_carea' id='block_1_106' title="bbox 1102 2290 1881 2325">
    <p class='ocr_par' dir='ltr' id='par_1_106' title="bbox 1102 2290 1881 2325">
     <span class='ocr_line' id='line_1_106' title="bbox 1102 2290 1881 2325; baseline 0.003 -9"><span class='ocrx_word' id='word_1_780' title='bbox 1102 2290 1172 2316; x_wconf 91' lang='lat' dir='ltr'><strong>enim</strong></span> <span class='ocrx_word' id='word_1_781' title='bbox 1188 2290 1334 2317; x_wconf 60' lang='lat' dir='ltr'><strong>saevissima</strong></span> <span class='ocrx_word' id='word_1_782' title='bbox 1348 2290 1398 2318; x_wconf 87' lang='lat' dir='ltr'><strong>fuit</strong></span> <span class='ocrx_word' id='word_1_783' title='bbox 1415 2291 1472 2318; x_wconf 70' lang='lat' dir='ltr'><strong>lucc</strong></span> <span class='ocrx_word' id='word_1_784' title='bbox 1495 2290 1572 2325; x_wconf 76' lang='lat' dir='ltr'><strong>plaga</strong></span> <span class='ocrx_word' id='word_1_785' title='bbox 1584 2309 1593 2323; x_wconf 86' lang='lat'><strong><em>.</em></strong></span> <span class='ocrx_word' id='word_1_786' title='bbox 1607 2295 1736 2325; x_wconf 84' lang='lat' dir='ltr'><strong>quantam</strong></span> <span class='ocrx_word' id='word_1_787' title='bbox 1753 2291 1881 2325; x_wconf 81' lang='lat' dir='ltr'><strong>iniquita-</strong></span> 
     </span>
    </p>
   </div>
   <div class='ocr_carea' id='block_1_107' title="bbox 1101 2335 1882 2371">
    <p class='ocr_par' dir='ltr' id='par_1_107' title="bbox 1101 2335 1882 2371">
     <span class='ocr_line' id='line_1_107' title="bbox 1101 2335 1882 2371; baseline 0.003 -9"><span class='ocrx_word' id='word_1_788' title='bbox 1101 2339 1154 2362; x_wconf 88' lang='lat' dir='ltr'><strong>tem</strong></span> <span class='ocrx_word' id='word_1_789' title='bbox 1179 2335 1271 2362; x_wconf 87' lang='lat' dir='ltr'><strong>habuit</strong></span> <span class='ocrx_word' id='word_1_790' title='bbox 1294 2335 1425 2363; x_wconf 85' lang='lat' dir='ltr'><strong>diabolus.</strong></span> <span class='ocrx_word' id='word_1_791' title='bbox 1451 2335 1517 2362; x_wconf 87' lang='lat' dir='ltr'><strong>Nam</strong></span> <span class='ocrx_word' id='word_1_792' title='bbox 1539 2336 1687 2363; x_wconf 89' lang='lat' dir='ltr'><strong>secundum</strong></span> <span class='ocrx_word' id='word_1_793' title='bbox 1710 2336 1882 2371; x_wconf 77' lang='lat' dir='ltr'><strong>iniquitatem</strong></span> 
     </span>
    </p>
   </div>
   <div class='ocr_carea' id='block_1_108' title="bbox 1100 2381 1882 2416">
    <p class='ocr_par' dir='ltr' id='par_1_108' title="bbox 1100 2381 1882 2416">
     <span class='ocr_line' id='line_1_108' title="bbox 1100 2381 1882 2416; baseline 0.001 -9"><span class='ocrx_word' id='word_1_794' title='bbox 1100 2388 1176 2408; x_wconf 86' lang='lat' dir='ltr'><strong>suam</strong></span> <span class='ocrx_word' id='word_1_795' title='bbox 1199 2389 1310 2408; x_wconf 89' lang='lat' dir='ltr'><strong>mensus</strong></span> <span class='ocrx_word' id='word_1_796' title='bbox 1325 2386 1368 2408; x_wconf 87' lang='lat' dir='ltr'><strong>est</strong></span> <span class='ocrx_word' id='word_1_797' title='bbox 1392 2381 1517 2409; x_wconf 87' lang='lat' dir='ltr'><strong>diabolus</strong></span> <span class='ocrx_word' id='word_1_798' title='bbox 1534 2381 1603 2409; x_wconf 87' lang='lat' dir='ltr'><strong>hanc</strong></span> <span class='ocrx_word' id='word_1_799' title='bbox 1618 2381 1723 2416; x_wconf 87' lang='lat' dir='ltr'><strong>plagam</strong></span> <span class='ocrx_word' id='word_1_800' title='bbox 1735 2402 1743 2415; x_wconf 91' lang='lat'><strong>,</strong></span> <span class='ocrx_word' id='word_1_801' title='bbox 1761 2382 1811 2410; x_wconf 81' lang='lat' dir='ltr'><strong>hoe</strong></span> <span class='ocrx_word' id='word_1_802' title='bbox 1827 2382 1882 2409; x_wconf 89' lang='lat' dir='ltr'><strong>vul-</strong></span> 
     </span>
    </p>
   </div>
   <div class='ocr_carea' id='block_1_109' title="bbox 1100 2427 1880 2464">
    <p class='ocr_par' dir='ltr' id='par_1_109' title="bbox 1100 2427 1880 2464">
     <span class='ocr_line' id='line_1_109' title="bbox 1100 2427 1880 2464; baseline 0.003 -10"><span class='ocrx_word' id='word_1_803' title='bbox 1100 2434 1162 2454; x_wconf 90' lang='lat' dir='ltr'><strong>nus.</strong></span> <span class='ocrx_word' id='word_1_804' title='bbox 1187 2427 1258 2455; x_wconf 85' lang='lat' dir='ltr'><strong>Nihil</strong></span> <span class='ocrx_word' id='word_1_805' title='bbox 1275 2427 1385 2463; x_wconf 81' lang='lat' dir='ltr'><strong>reliquit</strong></span> <span class='ocrx_word' id='word_1_806' title='bbox 1409 2429 1552 2461; x_wconf 86' lang='lat' dir='ltr'><strong>tormenti,</strong></span> <span class='ocrx_word' id='word_1_807' title='bbox 1576 2436 1663 2464; x_wconf 85' lang='lat' dir='ltr'><strong>neque</strong></span> <span class='ocrx_word' id='word_1_808' title='bbox 1680 2428 1880 2460; x_wconf 82' lang='lat' dir='ltr'><strong>amaritudinis.</strong></span> 
     </span>
    </p>
   </div>
   <div class='ocr_carea' id='block_1_110' title="bbox 1101 2474 1882 2510">
    <p class='ocr_par' dir='ltr' id='par_1_110' title="bbox 1101 2474 1882 2510">
     <span class='ocr_line' id='line_1_110' title="bbox 1101 2474 1882 2510; baseline 0.003 -11"><span class='ocrx_word' id='word_1_809' title='bbox 1101 2480 1186 2508; x_wconf 80' lang='lat' dir='ltr'><strong>neque</strong></span> <span class='ocrx_word' id='word_1_810' title='bbox 1199 2474 1387 2506; x_wconf 86' lang='lat' dir='ltr'><strong>immanitatis,</strong></span> <span class='ocrx_word' id='word_1_811' title='bbox 1400 2481 1486 2508; x_wconf 83' lang='lat' dir='ltr'><strong>neque</strong></span> <span class='ocrx_word' id='word_1_812' title='bbox 1509 2474 1670 2506; x_wconf 81' lang='lat' dir='ltr'><strong>ferocitatis,</strong></span> <span class='ocrx_word' id='word_1_813' title='bbox 1683 2482 1770 2510; x_wconf 78' lang='lat' dir='ltr'><strong>neque</strong></span> <span class='ocrx_word' id='word_1_814' title='bbox 1783 2476 1882 2502; x_wconf 87' lang='lat' dir='ltr'><strong>crude-</strong></span> 
     </span>
    </p>
   </div>
   <div class='ocr_carea' id='block_1_111' title="bbox 1100 2519 1881 2556">
    <p class='ocr_par' dir='ltr' id='par_1_111' title="bbox 1100 2519 1881 2556">
     <span class='ocr_line' id='line_1_111' title="bbox 1100 2519 1881 2556; baseline 0.004 -11"><span class='ocrx_word' id='word_1_815' title='bbox 1100 2519 1195 2551; x_wconf 84' lang='lat' dir='ltr'><strong>litatis,</strong></span> <span class='ocrx_word' id='word_1_816' title='bbox 1211 2527 1297 2554; x_wconf 86' lang='lat' dir='ltr'><strong>neque</strong></span> <span class='ocrx_word' id='word_1_817' title='bbox 1314 2520 1478 2554; x_wconf 81' lang='lat' dir='ltr'><strong>impietatis,</strong></span> <span class='ocrx_word' id='word_1_818' title='bbox 1493 2527 1582 2554; x_wconf 89' lang='lat' dir='ltr'><strong>neque</strong></span> <span class='ocrx_word' id='word_1_819' title='bbox 1598 2521 1775 2556; x_wconf 83' lang='lat' dir='ltr'><strong>malignitatis</strong></span> <span class='ocrx_word' id='word_1_820' title='bbox 1786 2539 1794 2553; x_wconf 89' lang='lat'><strong>,</strong></span> <span class='ocrx_word' id='word_1_821' title='bbox 1808 2520 1881 2555; x_wconf 88' lang='lat' dir='ltr'><strong>quod</strong></span> 
     </span>
    </p>
   </div>
   <div class='ocr_carea' id='block_1_112' title="bbox 1098 2565 1878 2601">
    <p class='ocr_par' dir='ltr' id='par_1_112' title="bbox 1098 2565 1878 2601">
     <span class='ocr_line' id='line_1_112' title="bbox 1098 2565 1878 2601; baseline 0 -10"><span class='ocrx_word' id='word_1_822' title='bbox 1098 2572 1151 2592; x_wconf 90' lang='lat' dir='ltr'><strong>non</strong></span> <span class='ocrx_word' id='word_1_823' title='bbox 1163 2565 1317 2592; x_wconf 86' lang='lat' dir='ltr'><strong>exercuerit</strong></span> <span class='ocrx_word' id='word_1_824' title='bbox 1327 2566 1353 2592; x_wconf 93' lang='lat' dir='ltr'><strong>in</strong></span> <span class='ocrx_word' id='word_1_825' title='bbox 1368 2565 1551 2593; x_wconf 87' lang='lat' dir='ltr'><strong>lamentabilis</strong></span> <span class='ocrx_word' id='word_1_826' title='bbox 1566 2566 1646 2601; x_wconf 88' lang='lat' dir='ltr'><strong>hujus</strong></span> <span class='ocrx_word' id='word_1_827' title='bbox 1657 2565 1775 2594; x_wconf 88' lang='lat' dir='ltr'><strong>vulneris</strong></span> <span class='ocrx_word' id='word_1_828' title='bbox 1789 2566 1878 2600; x_wconf 81' lang='lat' dir='ltr'><strong>plaga.</strong></span> 
     </span>
    </p>
   </div>
   <div class='ocr_carea' id='block_1_113' title="bbox 1098 2609 1880 2646">
    <p class='ocr_par' dir='ltr' id='par_1_113' title="bbox 1098 2609 1880 2646">
     <span class='ocr_line' id='line_1_113' title="bbox 1098 2609 1880 2646; baseline 0.004 -10"><span class='ocrx_word' id='word_1_829' title='bbox 1098 2609 1307 2637; x_wconf 83' lang='lat' dir='ltr'><strong>Consideremus</strong></span> <span class='ocrx_word' id='word_1_830' title='bbox 1331 2618 1412 2646; x_wconf 90' lang='lat' dir='ltr'><strong>ergo,</strong></span> <span class='ocrx_word' id='word_1_831' title='bbox 1439 2618 1456 2638; x_wconf 88' lang='grc' dir='ltr'>ο</span> <span class='ocrx_word' id='word_1_832' title='bbox 1481 2611 1584 2643; x_wconf 86' lang='lat' dir='ltr'><strong>amici,</strong></span> <span class='ocrx_word' id='word_1_833' title='bbox 1609 2612 1806 2639; x_wconf 85' lang='lat' dir='ltr'><strong>vehementiam</strong></span> <span class='ocrx_word' id='word_1_834' title='bbox 1829 2612 1880 2639; x_wconf 90' lang='lat' dir='ltr'><strong>hu-</strong></span> 
     </span>
    </p>
   </div>
   <div class='ocr_carea' id='block_1_114' title="bbox 1095 2654 1879 2692">
    <p class='ocr_par' dir='ltr' id='par_1_114' title="bbox 1095 2654 1879 2692">
     <span class='ocr_line' id='line_1_114' title="bbox 1095 2654 1879 2692; baseline 0.006 -11"><span class='ocrx_word' id='word_1_835' title='bbox 1095 2654 1140 2689; x_wconf 84' lang='lat' dir='ltr'><strong>jus</strong></span> <span class='ocrx_word' id='word_1_836' title='bbox 1166 2655 1265 2682; x_wconf 89' lang='lat' dir='ltr'><strong>doloris</strong></span> <span class='ocrx_word' id='word_1_837' title='bbox 1299 2658 1375 2691; x_wconf 85' lang='lat' dir='ltr'><strong>juxta</strong></span> <span class='ocrx_word' id='word_1_838' title='bbox 1403 2657 1599 2685; x_wconf 88' lang='lat' dir='ltr'><strong>vehementiam</strong></span> <span class='ocrx_word' id='word_1_839' title='bbox 1633 2657 1786 2692; x_wconf 79' lang='lat' dir='ltr'><strong>iniquitatis</strong></span> <span class='ocrx_word' id='word_1_840' title='bbox 1819 2658 1879 2686; x_wconf 82' lang='lat' dir='ltr'><strong>dia-</strong></span> 
     </span>
    </p>
   </div>
   <div class='ocr_carea' id='block_1_115' title="bbox 1097 2701 1878 2737">
    <p class='ocr_par' dir='ltr' id='par_1_115' title="bbox 1097 2701 1878 2737">
     <span class='ocr_line' id='line_1_115' title="bbox 1097 2701 1878 2737; baseline 0.004 -9"><span class='ocrx_word' id='word_1_841' title='bbox 1097 2701 1163 2729; x_wconf 89' lang='lat' dir='ltr'><strong>boli.</strong></span> <span class='ocrx_word' id='word_1_842' title='bbox 1177 2702 1392 2735; x_wconf 82' lang='lat' dir='ltr'><strong>Consideremus,</strong></span> <span class='ocrx_word' id='word_1_843' title='bbox 1408 2711 1424 2730; x_wconf 91' lang='lat' dir='ltr'><strong>o</strong></span> <span class='ocrx_word' id='word_1_844' title='bbox 1443 2703 1505 2735; x_wconf 84' lang='lat' dir='ltr'><strong>viri,</strong></span> <span class='ocrx_word' id='word_1_845' title='bbox 1523 2703 1630 2731; x_wconf 83' lang='lat' dir='ltr'><strong>diversa</strong></span> <span class='ocrx_word' id='word_1_846' title='bbox 1646 2703 1711 2737; x_wconf 78' lang='lat' dir='ltr'><strong>iusti</strong></span> <span class='ocrx_word' id='word_1_847' title='bbox 1731 2704 1802 2732; x_wconf 80' lang='lat' dir='ltr'><strong>illius</strong></span> <span class='ocrx_word' id='word_1_848' title='bbox 1821 2708 1878 2731; x_wconf 83' lang='lat' dir='ltr'><strong>tor-</strong></span> 
     </span>
    </p>
   </div>
   <div class='ocr_carea' id='block_1_116' title="bbox 1097 2749 1879 2783">
    <p class='ocr_par' dir='ltr' id='par_1_116' title="bbox 1097 2749 1879 2783">
     <span class='ocr_line' id='line_1_116' title="bbox 1097 2749 1879 2783; baseline 0.003 -9"><span class='ocrx_word' id='word_1_849' title='bbox 1097 2752 1205 2780; x_wconf 88' lang='lat' dir='ltr'><strong>menta,</strong></span> <span class='ocrx_word' id='word_1_850' title='bbox 1227 2755 1328 2776; x_wconf 86' lang='lat' dir='ltr'><strong>necnon</strong></span> <span class='ocrx_word' id='word_1_851' title='bbox 1350 2752 1377 2775; x_wconf 82' lang='lat' dir='ltr'><strong>et</strong></span> <span class='ocrx_word' id='word_1_852' title='bbox 1405 2749 1472 2780; x_wconf 78' lang='lat' dir='ltr'><strong>hoc,</strong></span> <span class='ocrx_word' id='word_1_853' title='bbox 1491 2749 1620 2776; x_wconf 83' lang='lat' dir='ltr'><strong>adversus</strong></span> <span class='ocrx_word' id='word_1_854' title='bbox 1636 2754 1753 2783; x_wconf 87' lang='lat' dir='ltr'><strong>quantos</strong></span> <span class='ocrx_word' id='word_1_855' title='bbox 1772 2749 1879 2777; x_wconf 85' lang='lat' dir='ltr'><strong>dolores</strong></span> 
     </span>
    </p>
   </div>
   <div class='ocr_carea' id='block_1_117' title="bbox 1097 2792 1880 2826">
    <p class='ocr_par' dir='ltr' id='par_1_117' title="bbox 1097 2792 1880 2826">
     <span class='ocr_line' id='line_1_117' title="bbox 1097 2792 1880 2826; baseline 0.001 -7"><span class='ocrx_word' id='word_1_856' title='bbox 1097 2792 1245 2826; x_wconf 89' lang='lat' dir='ltr'><strong>perstiterit</strong></span> <span class='ocrx_word' id='word_1_857' title='bbox 1270 2793 1409 2820; x_wconf 90' lang='lat' dir='ltr'><strong>innocens.</strong></span> <span class='ocrx_word' id='word_1_858' title='bbox 1440 2793 1500 2821; x_wconf 87' lang='lat' dir='ltr'><strong>Uno</strong></span> <span class='ocrx_word' id='word_1_859' title='bbox 1536 2793 1628 2822; x_wconf 88' lang='lat' dir='ltr'><strong>dolore</strong></span> <span class='ocrx_word' id='word_1_860' title='bbox 1659 2794 1798 2822; x_wconf 83' lang='lat' dir='ltr'><strong>confectus</strong></span> <span class='ocrx_word' id='word_1_861' title='bbox 1820 2800 1880 2822; x_wconf 86' lang='lat' dir='ltr'><strong>erat</strong></span> 
     </span>
    </p>
   </div>
   <div class='ocr_carea' id='block_1_118' title="bbox 1097 2839 1879 2876">
    <p class='ocr_par' dir='ltr' id='par_1_118' title="bbox 1097 2839 1879 2876">
     <span class='ocr_line' id='line_1_118' title="bbox 1097 2839 1879 2876; baseline 0.003 -10"><span class='ocrx_word' id='word_1_862' title='bbox 1097 2843 1180 2873; x_wconf 83' lang='lat' dir='ltr'><strong>totus,</strong></span> <span class='ocrx_word' id='word_1_863' title='bbox 1201 2846 1252 2866; x_wconf 89' lang='lat' dir='ltr'><strong>una</strong></span> <span class='ocrx_word' id='word_1_864' title='bbox 1269 2839 1344 2875; x_wconf 79' lang='lat' dir='ltr'><strong>plaga</strong></span> <span class='ocrx_word' id='word_1_865' title='bbox 1359 2839 1446 2867; x_wconf 86' lang='lat' dir='ltr'><strong>omnis</strong></span> <span class='ocrx_word' id='word_1_866' title='bbox 1466 2841 1590 2868; x_wconf 88' lang='lat' dir='ltr'><strong>vestitus.</strong></span> <span class='ocrx_word' id='word_1_867' title='bbox 1608 2840 1690 2868; x_wconf 81' lang='lat' dir='ltr'><strong>Facta</strong></span> <span class='ocrx_word' id='word_1_868' title='bbox 1704 2848 1820 2876; x_wconf 87' lang='lat' dir='ltr'><strong>namque</strong></span> <span class='ocrx_word' id='word_1_869' title='bbox 1838 2845 1879 2868; x_wconf 89' lang='lat' dir='ltr'><strong>est</strong></span> 
     </span>
    </p>
   </div>
  </div>
