4174 6424
411 359 520 419 ἇϋξ)

1503 352 1884 409 ANONYMUS
1918 351 1983 405 IN
2021 348 2158 406 JOB.
2202 385 2267 393 -—
2304 352 2434 408 LIB.
2478 352 2543 406 ll.

3550 349 3654 403 ιιἷο

417 477 491 532 illi
545 477 659 529 haec
709 474 863 544 pl‘aga
908 481 1166 540 tanquam
1204 472 1384 528 .vestis
1451 471 1680 525 amictus
1704 509 1722 536 ,
1767 479 1822 524 et
1869 478 1983 523 tan-
2013 471 2059 527 A
2086 469 2444 524 enarrabilem
2496 467 2758 523 dolorem.
2794 465 2999 529 Accepit
3030 474 3212 520 testam
3250 476 3302 518 ut
3336 464 3536 519 raderet
3567 483 3654 519 sa-

416 582 579 637 quam
630 567 998 620 indumentum
1035 579 1144 634 quo
1189 574 1310 620 erat
1357 563 1581 618 indutus
1606 603 1623 629 ,
1651 573 1705 618 et
1731 573 1985 632 tanquam

415 658 688 727 cingulum
729 673 834 727 quo
867 673 1078 726 semper
1105 657 1438 727 cingebatur,
1483 655 1578 711 sed
1605 669 1711 709 non
1766 655 1819 708 in
1857 669 1987 709 con-

418 750 994 813 demnationem,sicut
1017 750 1088 804 illi
1123 749 1286 819 impio
1310 745 1483 812 Judaa,
1516 746 1611 802 sed
1645 748 1698 800 in
1731 760 1987 801 coronam

415 842 618 911 gloriae,
659 850 842 909 utpote
887 841 1032 908 justo
1087 840 1206 896 Job.
1267 841 1438 896 Omne
1491 855 1621 908 ergo
1679 854 1874 909 corpus
1934 848 1990 894 et

415 931 654 986 membra
695 932 828 1001 justi
889 932 1031 987 illius
1065 947 1171 987 uno
1219 932 1554 986 circumdata
1609 940 1766 986 erant
1807 929 1990 985 dolore

2091 557 2246 611 niem.
2267 557 2347 610 Ad
2371 571 2491 626 quae
2520 556 2679 626 digne
2711 555 2941 620 dicatur,
2973 555 3080 616 dic,
3115 569 3148 609 ο
3190 556 3344 609 beate
3369 552 3467 609 Job
3493 564 3656 624 atque

2090 646 2200 703 Deo
2231 647 2445 712 dilecte,
2469 650 2539 702 ob
2576 661 2735 715 quam
2773 660 2886 700 rem
2921 646 3022 700 hoc
3048 644 3217 700 facis?
3241 644 3350 700 Cur
3379 649 3524 702 hunc
3556 648 3654 702 do-

2089 733 2258 788 lorem
2304 733 2629 802 exasperas?
2673 749 2770 788 cur
2829 733 3180 804 augmentasi
3220 749 3318 788 cur
3361 749 3657 806 exaggeras

2092 835 2224 881 testa
2253 827 2488 882 radendo
2510 825 2853 880 lamentabile
2888 826 2990 880 hoc
3020 826 3215 881 vulnus
3239 837 3400 895 atque
3427 829 3657 883 saevissi-

2089 933 2232 971 mam
2267 918 2404 972 hanc
2434 917 2667 988 plagam,
2698 933 2818 972 cum
2847 917 3027 988 potius
3049 917 3316 974 debueras
3341 919 3654 987 observare,

414 1029 576 1088 atque
625 1020 865 1085 vulnere,
921 1021 1036 1076 sive
1072 1028 1252 1088 caput,
1308 1019 1422 1074 sive
1462 1019 1647 1089 pedes,
1678 1019 1790 1074 sive
1821 1019 1984 1084 oculi,
2024 1018 2029 1023 '
2082 1008 2294 1079 juvare,
2313 1010 2514 1076 levare,
2539 1011 2740 1076 fovere,
2770 1025 2995 1080 ungere,
3019 1010 3304 1075 defricare,
3339 1022 3395 1065 ut
3422 1026 3516 1081 per
3542 1011 3658 1066 haec

414 1110 529 1164 sive
565 1125 748 1173 aures,
786 1112 901 1166 sive
924 1111 1111 1175 latera,
1137 1111 1253 1166 sive
1279 1110 1534 1179 scapulae,
1577 1125 1750 1180 usque
1780 1111 1846 1166 ad
1873 1111 1987 1181 ipsa

413 1200 610 1270 pedum
638 1200 862 1271 vestigia
893 1215 1000 1256 uno
1025 1201 1247 1256 vulnere
1285 1200 1638 1264 distillabant,
1665 1215 1767 1255 una
1801 1211 1986 1270 putre-

414 1294 541 1347 dine
576 1293 826 1348 detentus
867 1303 1007 1361 erat,
1047 1294 1240 1348 iisdem
1276 1292 1550 1348 vermibus
1578 1294 1842 1348 scatebat.
1896 1292 1980 1348 Ja-

412 1397 538 1438 cere
563 1397 668 1438 non
708 1391 942 1450 poterat,
973 1386 1164 1440 sedere
1193 1399 1298 1438 non
1329 1384 1567 1448 valebat,
1593 1385 1832 1455 requiem
1880 1401 1987 1442 non

414 1475 668 1539 habebat,
699 1476 1118 1545 resumptionem
1140 1491 1244 1531 non
1280 1476 1607 1540 inveniebat,
1629 1486 1682 1530 et
1702 1479 1844 1546 quod
1870 1487 1987 1532 erat

411 1564 650 1619 omnium
687 1565 1000 1630 maximum,
1028 1581 1188 1636 super
1213 1566 1329 1622 haec
1363 1581 1612 1621 universa
1647 1566 1790 1622 fame
1819 1577 1875 1623 et
1896 1568 1984 1622 siti

413 1655 724 1710 necabatur.
769 1654 907 1710 Nam
965 1658 1212 1712 manibus
1281 1657 1460 1712 cibum
1523 1658 1605 1712 vel
1667 1667 1850 1726 potum
1919 1660 1983 1713 ad

409 1757 472 1799 os
509 1745 788 1814 porrigere
820 1760 927 1801 non
975 1755 1208 1814 poterat.
1244 1744 1486 1802 Tametsi
1520 1749 1768 1803 manibus
1806 1749 1875 1803 ad
1923 1764 1986 1805 os

411 1837 690 1907 porrigere
717 1837 942 1902 valeret,
975 1853 1070 1894 ore
1104 1854 1167 1894 ac
1193 1839 1348 1894 labiis
1384 1841 1667 1910 putredine
1695 1855 1758 1896 ac
1783 1842 1985 1896 vermi-

410 1931 513 1986 bus
555 1931 745 2002 plenus
780 1931 1024 2002 recipere
1076 1949 1182 1989 non
1233 1933 1466 1989 valebat.
1498 1935 1805 1989 Attestatur
1845 1935 1985 1990 idem

409 2023 526 2091 ipse
577 2022 766 2078 dicens
816 2023 979 2093 paulo
1025 2032 1149 2094 post
1179 2043 1191 2078 :
1225 2022 1436 2080 Scatere
1473 2026 1622 2080 video
1653 2043 1802 2080 escas
1845 2043 1986 2081 meas

409 2121 662 2184 tanquam
688 2115 902 2169 odorem
931 2115 1118 2172 leonis.
1153 2115 1290 2172 Cum
1326 2116 1446 2172 istis
1473 2131 1706 2188 namque
1739 2117 1988 2173 nefandis

405 2207 688 2262 doloribus
713 2208 1124 2263 exsecrabiliter
1181 2217 1434 2272 scateret,
1482 2209 1642 2278 hujus
1688 2210 1988 2280 putredinis

407 2299 629 2353 odorem
658 2299 1020 2368 nequissimus
1035 2299 1186 2356 fecit.
1209 2299 1323 2356 Hoc
1339 2317 1572 2372 namque
1600 2301 1801 2358 deﬂens
1820 2301 1985 2357 dicit:

408 2390 620 2445 Scelere
651 2392 796 2444 video
839 2407 984 2445 escas
1027 2408 1171 2446 meas
1221 2402 1472 2463 tanquam
1523 2397 1738 2449 odorem
1799 2393 1984 2448 leonis.

405 2481 488 2536 0b
529 2495 692 2551 quam
749 2497 886 2550 rem,
922 2498 956 2538 o
1005 2484 1164 2539 beate
1193 2482 1336 2540 Job?
1361 2483 1442 2542 Ob
1473 2487 1596 2552 hoc,
1625 2485 1822 2556 inquit,
1861 2485 1989 2555 quia

405 2576 562 2631 bullit
590 2592 790 2647 corpus
815 2593 994 2633 meum
1027 2578 1080 2632 in
1117 2578 1401 2647 putredine
1430 2580 1694 2634 vermium
1723 2597 1739 2644 ;
1771 2580 1841 2635 ob
1862 2579 1986 2646 hoc,

403 2669 530 2738 quia
569 2669 847 2726 doloribus
893 2685 1112 2726 macero
1153 2670 1334 2726 sulcos
1383 2680 1541 2727 terra:
1589 2687 1656 2727 ex
1703 2671 1988 2726 vulnerum

403 2775 648 2816 meorum
675 2762 936 2829 humore;
967 2763 1037 2818 ob
1060 2763 1184 2830 hoc,
1212 2762 1338 2832 quia
1366 2763 1646 2818 doloribus
1691 2763 1989 2820 obvolutus

404 2866 547 2917 sum,
573 2861 629 2906 et
656 2853 760 2907 alia
791 2853 1021 2922 plurima
1053 2855 1138 2910 his
1157 2855 1374 2910 similia.
1393 2854 1526 2910 Cum
1564 2865 1674 2911 tam
1697 2856 1989 2911 vehemen-

405 2943 637 3000 tioribus
655 2945 934 3001 doloribns
960 2947 1254 3003 restitisset
1285 2956 1446 3016 atque
1477 2959 1836 3018 repugnasset
1857 2947 1980 3014 Job,

401 3037 726 3091 constantiae
747 3052 855 3092 non
893 3039 1246 3102 renuntiavit,
1274 3040 1593 3109 patientiam
1620 3056 1744 3096 non.
1762 3040 1982 3111 abjeclt,

2090 1101 2336 1156 universa
2370 1100 2639 1155 mitiorem
2673 1110 2834 1170 atque
2864 1099 3198 1155 blandiorem
3226 1099 3480 1154 redderes
3512 1101 3657 1154 hunc

2087 1191 2442 1248 saevissimum
2493 1193 2758 1257 dolorem,
2802 1192 3122 1262 plagamque
3166 1193 3504 1247 terribilem?
3548 1191 3655 1247 Sed

2088 1284 2417 1354 respondens
2438 1285 2617 1356 justus
2645 1282 2768 1350 Job,
2810 1285 2940 1340 dicit
2971 1303 2984 1339 :
3023 1284 3157 1354 Ego,
3187 1299 3220 1338 o
3245 1284 3370 1350 viri,
3394 1301 3500 1340 non
3528 1300 3656 1341 suc-

2087 1378 2280 1433 cumbo
2307 1377 2392 1431 his
2431 1377 2722 1440 doloribus,
2750 1391 2922 1446 neque
2952 1377 3069 1431 istis
3107 1377 3282 1446 pmnis
3306 1377 3520 1440 delicio,
3551 1393 3654 1433 non

2087 1467 2358 1532 debilitor,
2411 1483 2586 1538 neque
2647 1467 2908 1524 delassor.
2938 1465 3052 1524 Non
3097 1468 3242 1522 enim
3287 1481 3412 1522 sunt
3441 1468 3657 1524 dolores

2087 1560 2176 1616 isti
2228 1559 2484 1616 fortiores
2539 1561 2734 1615 anima:
2759 1575 2892 1615 mea:
2929 1559 3206 1625 firmitate,
3234 1575 3342 1614 non
3380 1569 3506 1616 sunt
3544 1562 3658 1616 haec

2089 1661 2350 1708 tormenta
2370 1652 2588 1707 duriora
2618 1653 2798 1708 cordis
2825 1653 2928 1708 mei
2959 1651 3180 1708 duritia.
3209 1651 3425 1718 Merito,
3456 1653 3656 1724 inquit,

2087 1758 2352 1814 exaggero
2409 1756 2570 1816 atque
2616 1759 2931 1800 commoveo
2980 1745 3125 1814 ipsos
3166 1745 3398 1811 dolores,
3447 1754 3505 1798 ut
3565 1760 3660 1814 per

2088 1844 2283 1890 cuncta
2315 1837 2594 1890 ostendam
2617 1836 2954 1906 nequissimo
2977 1835 3213 1903 diabolo,
3244 1838 3370 1906 quia
3401 1836 3517 1906 ejus
3548 1851 3660 1891 ma-

2087 1929 2256 1983 litiam
2286 1929 2510 1993 irrideo,
2533 1929 2659 1998 quia
2684 1929 3024 1999 iniquitatem
3050 1929 3170 2000 ejus
3203 1939 3517 1992 contemno,
3538 1929 3658 1998 quia

2086 2035 2275 2076 omnes
2302 2021 2420 2092 ejus
2448 2021 2635 2091 plagas
2658 2031 2821 2091 atque
2847 2022 3069 2076 vulnera
3098 2023 3166 2078 ad
3194 2022 3422 2076 nihilum
3449 2033 3658 2093 reputo.

2087 2110 2169 2168 Ob
2194 2113 2296 2167 hoc
2315 2127 2443 2183 ergo
2461 2114 2668 2183 accepit
2692 2120 2907 2180 testam,
2935 2123 2994 2168 ut
3015 2114 3228 2168 raderet
3252 2113 3456 2168 saniem
3484 2130 3658 2170 suam.

2089 2203 2252 2268 Ecce,
2283 2204 2478 2275 inquit,
2494 2220 2527 2261 o
2549 2204 2940 2276 malignissime
2962 2205 3197 2269 diabole,
3226 2206 3368 2261 sicut
3389 2216 3516 2262 tunc
3539 2220 3660 2261 cum

2090 2311 2204 2351 rem
2228 2296 2551 2353 familiarem
2575 2309 2629 2352 et
2648 2297 2788 2352 filios
2816 2297 2948 2352 mihi
2978 2296 3242 2364 auferres,
3273 2307 3403 2354 tunc
3433 2299 3664 2370 denique

2088 2405 2188 2460 ego
2221 2391 2364 2460 quod
2421 2401 2705 2461 supererat
2749 2399 2950 2446 vestem
3003 2400 3166 2461 atque
3212 2405 3426 2446 comam
3473 2393 3663 2461 capitis

2089 2482 2452 2538 conscindens
2486 2491 2650 2552 atque
2677 2483 2904 2539 tondens
2928 2483 3024 2539 tibi
3057 2483 3284 2554 projeci,
3307 2492 3512 2539 vestem
3544 2496 3665 2553 post

2090 2587 2205 2628 rem
2232 2572 2572 2637 familiarem,
2600 2582 2654 2628 et
2677 2588 2888 2629 comam
2917 2583 3037 2644 post
3063 2575 3262 2630 liberos
3289 2593 3302 2628 :
3334 2575 3437 2639 sic,
3464 2575 3661 2645 inquit,

2090 2667 2257 2721 etiam
2303 2680 2445 2720 nunc
2485 2680 2608 2720 cum
2642 2681 2728 2721 me
2777 2667 3072 2722 saevissima
3123 2666 3277 2738 plaga
3327 2676 3664 2736 percuteres,

2090 2761 2234 2830 quod
2277 2758 2370 2815 tibi
2407 2760 2674 2831 superfuit
2707 2759 2868 2828 hujus
2906 2761 3129 2828 doloris,
3154 2761 3256 2816 hoc
3280 2761 3538 2816 nimirum
3589 2762 3664 2816 ita

2091 2853 2308 2924 adjicio,
2344 2856 2446 2910 hac
2482 2863 2620 2911 testa
2649 2855 2861 2911 dolores
2911 2856 3278 2924 provocando,
3327 2865 3382 2911 et
3429 2870 3666 2925 exagge-

2093 2945 2265 3000 rando
2292 2953 2455 3015 atque
2490 2947 2887 3017 exasperando,
2920 2956 2977 3001 ut
3025 2961 3122 3016 per
3149 2947 3285 3014 haec,
3322 2947 3518 3016 inquit,
3547 2946 3666 3002 uni-

2095 3053 2251 3093 versa
2284 3038 2594 3096 informeris
2616 3041 2682 3096 de
2711 3055 2831 3096 mea
2862 3042 3188 3109 constantia,
3225 3056 3292 3097 ne
3318 3042 3457 3096 ultra
3489 3051 3661 3111 putes,

405 3127 566 3219 tidem
619 3143 726 3183 non
777 3127 1048 3219 deposuit,
1109 3130 1404 3200 gratiarum
1457 3132 1701 3188 actiones
1746 3148 1854 3189 non
1902 3145 1988 3190 est
2018 3163 2060 3219 ρ
2096 3131 2426 3202 nequissime
2457 3132 2691 3195 diabole,
2724 3133 2868 3202 quod
2893 3147 2991 3203 ego
3019 3133 3303 3188 detraham
3336 3133 3664 3202 benignissi-

403 3218 604 3273 ohlitus
642 3233 658 3271 :
693 3218 788 3274 sed
845 3230 1050 3290 quanto
1084 3221 1353 3289 pluriores
1397 3223 1696 3278 sustinebat
1752 3224 1984 3290 dolores,

404 3319 559 3363 tanto
590 3309 819 3380 amplius
851 3310 1117 3380 pluriores
1147 3311 1436 3383 adjiciebat
1451 3323 1657 3370 artemo
1688 3315 1822 3386 Regi
1865 3329 1990 3385 gra-

404 3401 605 3456 tiarum
637 3406 882 3459 actiones
909 3414 1073 3474 atque
1087 3405 1480 3462 confessiones.
1506 3405 1724 3462 Sciebat
1756 3421 1991 3476 namque

401 3505 626 3550 sanctus
659 3496 770 3561 ille,
798 3498 924 3567 quia
958 3498 1254 3554 secundum
1282 3498 1686 3553 multitudinem
1711 3497 1984 3565 dolorum,

403 3587 693 3643 multitudo
724 3590 774 3642 ei
798 3590 1207 3659 praeparabatur
1229 3605 1580 3645 coronarum.
1605 3589 1650 3646 Ο
1677 3590 1836 3646 beate
1855 3589 1977 3652 Job,

404 3676 676 3741 quomodo
707 3685 758 3731 te
777 3677 1135 3743 admiremur,
1166 3679 1439 3747 quomodo
1472 3687 1526 3734 te
1562 3678 1866 3746 laudemus,
1900 3679 1989 3734 vel

403 3770 678 3836 quomodo
714 3769 1126 3839 magnificemus
1151 3770 1244 3838 qui
1282 3769 1430 3824 solus
1473 3779 1600 3826 ante
1631 3769 1986 3839 Evangelium

401 3875 590 3917 eorum
632 3873 752 3928 qua:
779 3860 831 3913 in
867 3859 1161 3929 Evangelia
1197 3869 1322 3914 sunt
1347 3859 1644 3929 perfectam
1673 3861 1981 3930 passionem

401 3953 729 4018 sustinuisti,
759 3952 854 4019 qui
883 3951 1032 4008 solus
1061 3959 1189 4006 ante
1229 3961 1500 4023 martyres
1529 3962 1827 4023 martyrum
1852 3953 1987 4010 toleo

402 4047 634 4102 rantiam
657 4061 780 4101 cum
817 4046 1118 4118 gratiarum
1152 4045 1461 4100 actionibus
1491 4044 1789 4116 perfecisti.
1844 4045 1980 4100 Nam

401 4140 546 4193 sicut
578 4139 766 4194 omnia
823 4147 1095 4195 tormenta
1129 4147 1292 4206 atque
1341 4135 1513 4206 ﬂagra
1559 4151 1658 4206 per
1707 4137 1984 4207 principes

402 4231 563 4299 lmjus
596 4232 779 4286 mundi
806 4231 1036 4301 ingessit
1063 4230 1310 4284 diabolus
1331 4229 1664 4300 martyribus
1688 4230 1803 4286 :sic
1830 4231 1985 4286 simi-

401 4321 531 4377 liter
564 4323 821 4377 universa
849 4320 1114 4392 supplicia
1149 4329 1315 4388 atque
1349 4319 1596 4374 incendia
1639 4321 1854 4376 induxit
1893 4337 1986 4376 su-

401 4427 502 4484 per
525 4413 626 4468 Job
658 4428 756 4483 per
783 4414 1130 4482 semetipsum
1162 4421 1326 4481 atque
1365 4425 1462 4464 sua
1504 4411 1811 4481 iniquitate,
1874 4413 1980 4468 hoc

2092 3241 2185 3280 mo
2207 3225 2473 3291 Creatori,
2498 3224 2581 3279 vel
2607 3225 2972 3296 blasphemem
3003 3234 3247 3280 sanctum
3264 3224 3665 3280 benefactorcm

2092 3333 2270 3374 meum
2308 3319 2617 3387 aliquando.
2643 3317 2723 3374 Ob
2747 3319 2849 3374 hoc
2879 3333 3008 3388 ergo
3046 3319 3253 3388 accepit
3283 3328 3470 3374 testam
3495 3329 3554 3373 ut
3580 3335 3670 3372 ra-

2091 3409 2244 3464 deret
2269 3409 2473 3464 saniem
2501 3424 2677 3465 suam.
2704 3409 3002 3477 Advortite,
3021 3426 3053 3465 ο
3079 3409 3373 3473 viri,valde
3398 3409 3666 3480 ingentem

2091 3502 2252 3556 fidem
2275 3499 2376 3556 Job
2394 3510 2555 3572 atque
2578 3500 2896 3556 cbaritatem
2917 3515 3075 3570 quam
3101 3499 3290 3554 habuit
3309 3500 3454 3554 circa
3477 3498 3667 3562 Deum,

2094 3593 2434 3648 tolerantiam
2461 3606 2677 3663 quoque
2703 3599 2868 3662 atque
2891 3591 3272 3647 constantiam.
3303 3590 3437 3644 Nam
3471 3589 3541 3646 ob
3566 3590 3670 3644 hoc

2091 3687 2226 3740 rasit
2268 3684 2369 3741 Job
2421 3686 2644 3741 vulnera
2678 3701 2773 3740 sua
2806 3693 2964 3750 testa,
2996 3701 3099 3740 non
3124 3689 3264 3755 quod
3289 3701 3396 3740 non
3435 3684 3484 3740 ei
3513 3684 3670 3739 valde

2090 3773 2410 3840 doluissent,
2442 3773 2536 3830 sed
2564 3775 2634 3831 ob
2659 3776 2764 3831 hoc
2791 3776 2926 3831 rasit
2949 3784 3108 3842 testa,
3134 3787 3190 3829 ut
3219 3775 3376 3831 nobis
3396 3775 3671 3845 patientia:

2090 3875 2254 3936 atque
2280 3867 2578 3924 tolerantia:
2601 3883 2846 3924 normam
2887 3869 3062 3924 daret.
3091 3868 3172 3924 Ob
3199 3869 3304 3925 hoc
3334 3870 3470 3924 rasit
3503 3877 3666 3933 testa,

2095 3967 2153 4012 ut
2176 3968 2492 4014 sanctorum
2531 3969 2830 4031 martyrum
2860 3959 3264 4015 demonstraret
3288 3959 3538 4030 figuram,
3575 3962 3668 4028 qui

2090 4058 2213 4117 post
2245 4049 2526 4105 universas
2554 4050 2740 4122 plagas
2764 4065 2829 4106 ac
2854 4051 3085 4114 dolores,
3114 4058 3240 4120 post
3271 4051 3518 4104 universa
3549 4065 3671 4118 sup-

2090 4138 2249 4208 plicia
2278 4150 2440 4209 atque
2489 4149 2783 4205 tormenta,
2817 4142 2926 4195 rasi
2963 4151 3125 4211 atque
3169 4141 3384 4212 ungulis
3420 4139 3664 4196 confossi

2089 4240 2218 4284 sunt
2244 4245 2342 4301 pro
2365 4241 2657 4303 augmento
2691 4234 2936 4287 dolorum
2966 4232 3231 4287 omnium.
3266 4230 3358 4285 Sic
3392 4240 3445 4284 et
3477 4231 3670 4285 beatus

2089 4320 2190 4377 Job
2211 4332 2333 4390 post
2353 4323 2551 4379 nimios
2567 4322 2782 4378 dolores
2807 4323 2899 4393 qui
2932 4322 2984 4377 in
3015 4335 3247 4391 corpore
3272 4328 3447 4389 erant,
3510 4330 3666 4374 extra

2090 4428 2288 4484 corpus
2339 4423 2476 4470 testa
2523 4414 2660 4469 rasit
2712 4430 2809 4470 sua
2843 4415 3090 4478 vulnera,
3133 4425 3192 4468 ut
3215 4413 3469 4469 omnibus
3503 4412 3669 4466 Deum

404 4505 581 4575 ipsum
609 4521 708 4573 per
741 4507 926 4562 omnia
962 4507 1298 4575 deprecante.
1326 4500 1448 4568 Job,
1475 4504 1620 4571 quod
1646 4505 1812 4558 etiam
1843 4519 1988 4559 mar-
2023 4500 2066 4555 1)
2098 4506 2413 4562 timentibus
2444 4506 2721 4576 patientia:
2758 4514 2919 4575 atque
2958 4505 3260 4561 tolerantiae
3307 4505 3361 4560 in
3407 4512 3671 4575 perpetuo

404 4606 554 4665 tyres
587 4597 854 4664 fecerunt,
908 4606 966 4652 ut
1010 4598 1302 4668 gloriosum
1345 4613 1542 4654 nomen
1595 4596 1688 4652 Dei
1735 4596 1986 4666 blasphe-

404 4703 553 4743 mare
581 4703 690 4742 non
721 4698 1032 4755 cogeretur.
1058 4688 1165 4744 Sed
1189 4688 1654 4743 incontaminatus
1686 4688 1986 4755 permansit

402 4791 633 4848 magnus
649 4778 738 4834 ille
756 4779 1138 4833 adamantinus
1158 4777 1279 4842 Job,
1293 4779 1445 4847 juxta
1468 4777 1713 4834 dolorum
1744 4777 1986 4832 multitu-

402 4871 586 4926 dinem
606 4880 771 4941 atque
787 4871 1147 4934 nimietatem,
1167 4870 1532 4940 multiplicans
1544 4878 1710 4938 atque
1731 4868 1990 4938 adjiciens

400 4963 702 5033 gratiarum
731 4963 998 5018 actiones.
1042 4960 1158 5018 Hoc
1191 4961 1447 5016 nimirum
1484 4975 1582 5031 per
1608 4961 1724 5014 haec
1755 4975 1876 5029 qua:
1904 4975 1990 5015 se-

403 5063 644 5122 quuntur
657 5062 898 5123 apparet,
932 5053 1066 5109 dicit
1098 5067 1368 5122 namque:
1405 5051 1470 5106 Et
1491 5062 1703 5120 accepta
1723 5049 1828 5105 Job
1851 5059 1990 5105 testa

404 5143 623 5198 radebat
665 5145 869 5199 saniem
899 5159 1050 5199 suam
1077 5145 1145 5198 ’1.
1176 5141 1292 5198 Non
1343 5143 1558 5212 accepit
1589 5140 1754 5196 molle
1782 5139 1987 5210 aliquid

405 5244 466 5290 ut
491 5236 832 5307 abstergeret
871 5235 1128 5295 molliter.
1175 5235 1388 5300 leviter,
1427 5233 1648 5299 leniter,
1683 5231 1985 5287 artificiose

407 5328 736 5384 moderando
780 5338 948 5398 atque
991 5328 1324 5385 relevando:
1375 5331 1470 5384 sed
1529 5327 1738 5396 accepit
1789 5333 1983 5380 testam

407 5419 626 5483 duram,
681 5433 951 5488 asperam,
989 5427 1048 5472 ut
1089 5418 1309 5473 raderet
1353 5432 1476 5472 cum
1532 5417 1720 5472 dolore
1778 5416 1986 5472 saniem

408 5522 584 5576 suam,
617 5521 674 5565 et
703 5525 812 5566 non
846 5519 1154 5578 extergeret
1178 5508 1372 5563 blande
1397 5517 1558 5578 atque
1581 5508 1826 5563 modeste
1845 5506 1989 5561 miti-

410 5615 548 5671 gans
595 5611 758 5672 atque
809 5604 1057 5658 relevans
1101 5601 1476 5658 vehementem
1519 5599 1669 5658 illum
1713 5610 1875 5669 atque
1904 5600 1986 5654 in-

480 5783 523 5816 "
548 5780 648 5839 Job
686 5798 745 5850 ll,
770 5780 828 5842 .8.

2095 4597 2334 4653 traderet
2369 4597 2600 4663 formam
2634 4617 2646 4652 :
2689 4608 2749 4654 ut
2795 4613 2985 4654 omnes
3013 4597 3232 4653 dolores
3270 4607 3432 4666 atque
3481 4595 3670 4664 plagas

2093 4688 2208 4742 sive
2241 4687 2292 4742 in
2323 4702 2574 4759 corpore,
2609 4689 2724 4745 sive
2763 4697 2917 4744 extra
2958 4701 3176 4757 corpus,
3202 4687 3317 4741 sive
3359 4684 3668 4739 detrimenti

2095 4788 2252 4848 atque
2273 4780 2553 4850 languoris
2574 4795 2696 4835 cum
2726 4781 3027 4850 gratiarum
3060 4777 3367 4833 actionibus
3397 4775 3670 4831 sustinen—

2102 4879 2182 4926 tes
2207 4873 2481 4942 accipiant
2500 4889 2531 4927 a
2561 4873 2669 4928 Deo
2701 4883 2918 4928 aeternae
2947 4871 3129 4943 gloriae
3155 4868 3671 4933 remunerationem,

2098 4975 2263 5034 atque
2301 4965 2840 5022 immarcescibilium.
2861 4979 3187 5020 coronarum
3237 4966 3554 5028 exspectent
3583 4971 3672 5011 re-

2095 5057 2446 5113 tributionem
2498 5074 2528 5111 a
2582 5058 2714 5113 Deo.
2761 5057 2915 5124 Quod
2955 5066 3133 5112 autem
3169 5055 3463 5110 secundum
3500 5053 3672 5122 ipsam

2096 5147 2380 5202 historiam
2403 5149 2554 5203 testis
2583 5147 2814 5203 lacerati»
2837 5156 2998 5218 atque
3019 5146 3294 5217 pernecati
3321 5143 3525 5200 fuerint
3549 5157 3673 5197 san-

2093 5239 2167 5294 cti
2215 5248 2503 5310 martyres,
2576 5238 2918 5294 manifestum
2967 5249 3051 5295 est
3103 5249 3265 5308 atque
3312 5234 3672 5290 irrefutabile.

2094 5327 2228 5382 Nam
2255 5337 2376 5398 post
2410 5329 2664 5383 universa
2699 5337 2967 5384 tormenta
2987 5327 3319 5382 recludentes
3355 5339 3450 5380 eos
3474 5323 3527 5378 in
3554 5337 3674 5377 car-

2094 5433 2272 5484 ceres,
2312 5429 2367 5472 et
2405 5426 2572 5474 testas
2623 5417 2855 5487 pollinas
2904 5418 2958 5471 in
3003 5418 3086 5470 eis
3121 5423 3445 5478 sternentes,
3471 5420 3528 5467 et
3577 5425 3674 5481 per

2095 5520 2332 5580 quatuor
2366 5519 2548 5580 partes
2575 5525 2669 5566 eos
2713 5511 2862 5580 impii
2916 5509 3016 5579 ipsi
3060 5507 3416 5563 extendentes
3467 5501 3673 5559 crudeli

2094 5608 2270 5655 morte
2291 5613 2385 5658 eos
2423 5600 2820 5670 pernecabant.
2840 5597 2919 5656 lta
2949 5607 3355 5657 consummatus
3376 5600 3461 5651 est
3483 5591 3675 5648 beatus
