2087 3196
265 164 314 191 871

804 164 996 192 ANONYIUS
1012 164 1048 192 IN
1066 164 1136 192 JOB.
1157 179 1190 185 —
1208 165 1271 193 UB.
1291 165 1324 194 ΙΙ.

1827 163 1882 193 4⁸1³2

265 228 347 258 atque
365 222 500 258 gloriosus
525 222 669 253 Lucisnus.
687 223 794 251 lucidus
811 224 879 256 vita,
897 223 1005 251 lucidas
1017 227 1047 250 et
1060 224 1084 252 Δ
1097 224 1142 250 bat
1163 231 1241 258 super
1259 231 1380 251 aurasin
1395 223 1518 251 stercoris
1537 227 1612 250 esttr-
1633 223 1773 255 cit-itutun,
1786 223 1879 250 sedem

265 269 329 301 nde.
353 269 457 296 lucidus
482 269 564 296 etiam
588 269 738 297 tolerantia
752 270 1047 298 consummatione.0b

265 314 317 342 hoc
326 314 399 342 enim
415 313 548 341 Lucianus
558 314 765 349 cognominatus
772 319 827 347 est.
841 319 970 349 tanquam
985 315 1049 342 luci-

263 360 326 391 dus.
342 365 390 387 aut
416 359 526 395 proprio
547 359 649 387 lumine
661 360 712 387 sibi
727 359 844 394 fulgens,
860 365 908 388 aut
925 361 986 388 aliis
1007 361 1047 387 lu~

263 412 340 432 cens.
361 404 412 432 llic
436 412 553 433 uamoue
573 404 670 432 beatus
685 405 827 433 duodecim
855 405 950 434 diebus
965 413 1047 440 supra

264 454 349 478 testas
363 451 478 486 pollinas
491 456 620 479 extensus
646 452 724 479 tertia
748 453 852 479 decima
870 453 912 479 die
926 458 968 480 est
982 460 1047 479 con—

263 502 425 530 summatus,
443 497 542 532 aliique
557 498 690 525 innumeri
707 499 793 525 sancti
806 504 941 534 martyres
951 499 1046 526 eodem

264 539 344 567 modo
361 546 473 568 mortem
488 546 657 569 transeuntes
670 544 848 570 consummati
861 548 934 571 Slllll.
946 543 1047 571 Horum

264 593 381 620 namque
393 586 511 613 omnium
532 592 622 622 typum
638 595 735 622 gerens
752 588 813 620 Job.
828 589 934 623 accepit
948 594 1047 616 testam

220 659 226 662 _
265 637 294 658 ιιι
314 632 421 659 raderet
437 633 542 660 saniem
562 634 701 661 vulnerum
719 641 839 661 suorum.
857 635 937 667 Ecce.
951 635 1047 670 inquit,

263 685 281 704 o
292 677 409 713 maligne
421 678 537 710 diabole,
552 680 683 707 conculco
694 684 730 711 te,
744 680 865 708 delormo
878 686 904 708 te
917 686 944 708 et
957 681 1048 708 humi-

264 723 310 755 lio,
325 728 408 758 atque
429 731 535 751 omnem
557 725 750 760 malignitatem
776 730 849 752 tuam
865 731 892 753 et
917 726 1048 753 malitiam

263 770 493 804 contemptibilem
507 772 633 799 omnibus
643 772 809 800 demonstro.
825 772 938 807 Accepit
952 776 1048 800 testam

264 821 294 843 ut
301 816 408 843 raderet
419 817 521 844 saniem
528 817 669 845 vulnerum
680 825 801 845 suorum.
809 818 902 851 Testa,
912 818 1048 853 inquiens,

265 866 333 888 testa
344 863 463 889 radendo
470 863 646 898 corruptibile
660 868 741 898 atque
754 864 864 892 carnale
871 864 922 891 hoc
932 865 1048 896 corium.

265 912 371 934 terrena
391 912 471 942 atque
488 916 582 943 aspera
595 914 674 937 testa.
692 910 804 945 Accepit
818 915 913 938 testam
930 915 959 938 ut
972 911 1048 938 rade-

264 958 307 980 ret
324 953 426 980 saniem
441 954 582 982 vulnerum
608 963 730 983 suorum.
747 956 848 991 'l‘ypns,
866 957 962 991 inquit.
988 964 1048 984 sum

264 999 327 1026 sine
344 1004 456 1033 peccato
479 1000 529 1027 bus
544 1001 702 1029 sustinendo
715 1002 834 1033 dolores.
857 1002 930 1030 illius
946 1003 992 1036 qui
1021 1003 1047 1030 in

264 1046 413 1074 novissimo
422 1051 544 1081 tempore
560 1047 727 1075 descendens
743 1049 778 1074 de
792 1049 870 1077 ctelis
886 1048 932 1077 Dei
945 1048 1047 1085 Unige-

265 1092 338 1119 nitus
358 1093 458 1120 terreni
472 1093 594 1127 corporis
609 1098 678 1121 testa
700 1101 733 1121 es
758 1093 868 1130 Virgine
887 1102 918 1122 se
934 1095 1048 1123 induens

265 1138 349 1166 totius
362 1138 454 1165 mundi
464 1139 578 1171 saniem,
587 1139 784 1167 immunditiam
796 1147 902 1175 quoque
910 1148 942 1168 ac
956 1146 1049 1176 putre-

265 1184 356 1211 dinem
371 1185 447 1217 rasit,
463 1190 545 1219 atque
556 1185 698 1212 mundavit
707 1186 798 1212 omnia
811 1192 920 1221 peccata
936 1195 1050 1222 suppor-

266 1230 359 1257 tando.
373 1228 547 1257 Postmodutn
568 1237 618 1265 pro
631 1231 812 1264 impietatibus
828 1240 923 1260 eorum
938 1233 964 1260 in
978 1241 1049 1261 mor-

266 1279 322 1302 tem
338 1274 471 1303 deductus
491 1280 545 1306 est.
562 1275 639 1309 cuius
655 1275 739 1303 livore
750 1283 846 1305 omnes
864 1279 952 1305 sanati
968 1283 1049 1313 atque

265 1319 388 1346 mnudati
401 1325 475 1352 sunt.
489 1320 534 1354 qui
547 1325 687 1354 peccatum
705 1328 758 1348 non
771 1321 845 1354 fecit,
857 1330 906 1350 nec
925 1323 1050 1351 inventus

264 1370 308 1392 est
325 1365 401 1392 dolus
415 1366 440 1392 in
455 1374 503 1394 ore
516 1367 584 1401 eius.
602 1367 735 1395 Omnibus
754 1368 844 1402 itaque
866 1369 954 1396 modis
972 1376 1050 1396 acce-

264 1410 315 1445 pit.
325 1410 423 1445 inquit,
438 1416 535 1439 testam
553 1417 581 1439 ut
596 1413 705 1440 raderet
719 1414 824 1441 saniem
839 1421 928 1442 suam.
947 1413 981 1441 Et
994 1415 1049 1449 ipse

263 1457 370 1484 sedebat
392 1465 471 1492 super
487 1466 606 1486 currunt
621 1460 744 1486 stercoris
767 1465 842 1487 utra
858 1461 988 1488 deitatem
1003 1462 1047 1488 "'.

263 1499 324 1528 Non
343 1502 414 1536 quod
436 1502 631 1531 habitationem
654 1504 780 1531 deserere
797 1504 924 1538 voluerit,
949 1505 998 1532 sed
1016 1505 1049 1532 iis

1095 276 1147 304 pro
1163 270 1227 297 sede
1248 269 1405 301 immutans.
1421 273 1451 297 et
1464 269 1614 297 sationem
1632 275 1683 303 pro
1695 268 1816 296 sessione
1826 267 1881 294 dit-

1096 315 1196 344 !ereus.
1208 316 1276 343 Nata
1289 316 1313 343 is
1326 316 1372 351 qui
1391 315 1473 351 paulo
1490 319 1554 343 ante
1568 321 1649 349 supra
1667 313 1759 349 regale
1769 312 1882 341 sedebat

1095 361 1205 395 solium,
1224 369 1298 389 nunc
1322 361 1398 390 sedet
1421 367 1503 395 super
1519 360 1648 389 stercoris
1667 365 1795 387 aeavum
1811 367 1819 385 :
1837 358 1883 386 ille

1096 409 1143 444 qui
1170 413 1234 436 ante
1250 409 1388 444 paululum
1414 409 1490 443 regio
1516 408 1670 435 diademate
1692 411 1775 442 atque
1794 406 1881 442 gloria

1096 460 1156 482 erat
1170 455 1290 486 indutus.
1302 461 1372 481 nunc
1381 455 1458 481 sedet
1470 453 1497 481 in
1511 453 1675 480 abundantia
1691 452 1880 487 putredinum:

1098 500 1143 527 ille
1161 500 1207 534 qui
1223 504 1286 527 ante
1311 499 1448 534 paululum
1472 500 1506 526 ab
1522 499 1672 526 innumeris
1689 498 1810 526 catenis
1823 497 1882 525 cir-

1098 546 1287 579 cumdabatur,
1306 553 1377 573 nunc
1403 553 1416 572 a
1436 545 1607 572 multitudine
1621 544 1752 571 vermium
1763 542 1882 572 comedi-

1098 596 1153 618 tur.
1177 592 1295 619 Sedehat
1317 598 1398 625 super
1420 597 1547 617 acervum
1563 590 1702 620 stercoris.
1719 589 1881 624 condignam

1098 643 1181 672 atque
1207 645 1352 673 congruam
1374 638 1443 664 hanc
1459 637 1549 664 sedem
1565 637 1628 664 huic
1647 636 1772 671 judicans
1785 635 1881 670 plaga,

1099 684 1238 710 vermibus
1257 689 1371 716 stercus,
1387 683 1524 717 putredini
1539 682 1720 718 putredinem.
1734 681 1882 715 Susciplat.

1099 729 1195 763 inquit,
1223 729 1338 763 putredo
1363 728 1544 763 putredinem,
1573 728 1651 762 huius
1682 726 1812 754 stercoris
1830 733 1882 761 pu-

1099 775 1186 806 tredo.
1201 775 1324 809 corporis
1349 774 1429 809 hujus
1453 779 1536 809 atque
1549 774 1681 801 vermium
1699 772 1881 807 putredinen.

1099 819 1209 846 Sedebat
1220 827 1298 852 super
1317 827 1438 846 acervum
1448 820 1581 846 stercoris.
1597 817 1710 845 Stercus
1722 823 1803 851 supra
1813 821 1884 844 ster-

1100 872 1161 896 cus.
1188 864 1303 899 putredo
1323 871 1403 899 supra
1420 864 1600 899 putredinem.
1623 862 1690 890 Nam
1705 863 1771 897 quia
1794 861 1884 889 omnis

1102 910 1184 936 homo
1200 909 1325 944 putredo,
1345 914 1372 937 et
1387 909 1458 936 lilius
1480 910 1598 937 hominis
1619 908 1731 942 vermis,
1747 908 1844 935 merito
1859 907 1884 934 is

1099 956 1145 989 qui
1160 956 1187 983 in
1202 956 1374 990 putredinem
1390 956 1521 982 vermium
1534 960 1575 983 est
1589 962 1749 988 conversus,
1764 956 1841 983 sedet
1855 956 1883 983 In

1099 1001 1240 1035 putredine
1255 1001 1394 1029 stercoris.
1403 1001 1479 1035 Quod
1487 1000 1639 1028 efﬁciuntur
1653 1008 1748 1029 omnes
1760 1000 1885 1028 homines

1099 1051 1159 1081 post
1174 1046 1276 1073 exitum
1287 1047 1384 1073 animae
1401 1046 1525 1081 putredo.
1534 1051 1560 1073 et
1573 1053 1688 1077 vermes.
1704 1045 1771 1078 hac,
1783 1045 1883 1080 inquit.

1098 1093 1266 1127 praveniens
1295 1093 1382 1120 adhuc
1407 1094 1496 1120 anima
1518 1093 1545 1119 in
1570 1099 1684 1127 corpore
1703 1091 1805 1127 posita,
1833 1098 1884 1126 ego

1099 1139 1212 1166 eti'ectus
1231 1146 1301 1166 sum.
1323 1138 1424 1166 Idcirco
1438 1144 1566 1173 tanquam
1583 1138 1698 1173 putredo
1722 1142 1751 1165 et
1778 1143 1885 1165 stercus

1098 1185 1224 1216 ellectus,
1240 1185 1321 1220 digne
1336 1185 1418 1212 sedeo
1431 1191 1511 1220 super
1523 1189 1639 1217 stercus,
1652 1190 1747 1211 omnes
1761 1182 1886 1210 homines

1100 1231 1247 1262 instruens,
1265 1231 1328 1265 quia
1347 1230 1436 1257 omnis
1457 1235 1562 1257 terrena
1575 1236 1670 1257 eorum
1680 1229 1765 1264 gloria
1781 1229 1810 1255 in
1833 1235 1886 1263 pu-

1100 1276 1243 1305 tredinem.
1252 1280 1280 1302 et
1289 1279 1395 1302 stercus
1404 1279 1485 1309 atque
1497 1282 1603 1302 vermes
1613 1278 1798 1302 convertetur.
1808 1274 1886 1301 Sedit

1099 1328 1181 1355 super
1200 1328 1326 1347 acervum
1339 1321 1477 1348 stercoris.
1492 1319 1635 1351 lntendite.
1645 1320 1886 1354 inquiens.omnes

1100 1365 1146 1393 lilii
1160 1365 1309 1397 hominum.
1323 1366 1357 1392 ad
1371 1369 1500 1400 quantam
1522 1365 1659 1392 miseriam
1676 1369 1782 1392 terrena
1798 1364 1885 1400 gloria

1099 1410 1263 1443 devolvitur,
1283 1410 1315 1438 ad
1333 1415 1460 1445 quantam
1474 1410 1655 1438 humilitatem
1675 1415 1782 1438 terrena
1797 1410 1885 1438 subli-

1099 1455 1181 1483 mitas
1201 1457 1370 1484 immutatur.
1395 1456 1492 1483 Merito
1518 1456 1659 1491 prasentia
1679 1456 1769 1484 nullus
1779 1456 1886 1491 aliquid

1099 1502 1226 1535 aestimet,
1239 1502 1286 1530 sed
1294 1502 1384 1529 futura
1398 1502 1508 1529 timeat:
1522 1501 1613 1529 nullus
1619 1502 1676 1529 hac
1687 1509 1748 1536 qua
1759 1502 1886 1530 videatur

264 1545 312 1579 qui
331 1545 359 1572 in
379 1545 490 1574 civitate
499 1552 578 1575 erant
594 1553 677 1583 atque
691 1549 879 1577 mansionibus
894 1550 1047 1577 molestiam
1061 1558 1085 1590 ο
1099 1552 1212 1581 quaerat,
1234 1547 1281 1575 sed
1295 1555 1326 1574 ea
1342 1555 1402 1582 quae
1418 1554 1471 1574 non
1488 1547 1612 1574 ridentur
1625 1547 1776 1575 sustineat.
1790 1546 1887 1575 Omnis

265 1592 391 1627 ingerere
418 1601 472 1621 non
495 1599 538 1622 est
561 1602 666 1630 passus.
694 1595 804 1623 Sedete!
831 1604 910 1631 super
927 1605 1049 1624 uersuta

264 1639 390 1665 stercoris
414 1644 489 1666 eam
509 1641 652 1674 ciritsmn.
674 1648 718 1669 me
729 1642 829 1674 solum.
852 1642 1050 1677 inquiens,cir-

252 1685 393 1712 ‘Ctlmdlnl
406 1685 477 1712 mala
494 1693 565 1719 mea,
577 1687 642 1714 mibi
654 1686 704 1715 soli
720 1687 832 1715 molesta
845 1694 910 1716 sunt
917 1696 977 1716 mea
992 1690 1050 1716 vul-

249 1736 344 1757 .nera.
369 1729 426 1757 Non
446 1730 558 1764 alliciar,
582 1732 681 1766 inquit.
705 1733 786 1760 etiam
802 1733 863 1761 aliis
885 1734 1049 1767 exsecratio,

267 1781 303 1801 ne
315 1775 367 1802 sim
381 1774 424 1802 his
437 1776 483 1810 qui
507 1777 578 1804 intra
593 1778 733 1804 civitate
747 1782 810 1805 sunt
821 1779 996 1811 aborainatio.
1016 1787 1050 1806 ne

266 1820 466 1848 exacerbemur
475 1822 559 1849 etiam
573 1823 648 1850 cives
659 1823 777 1850 civitatis
785 1828 894 1857 propter
907 1831 983 1852 meos
998 1825 1049 1851 do-

266 1866 350 1895 lores.
364 1867 484 1895 Sedebat
495 1873 571 1895 extra
588 1868 727 1896 civitatem
744 1869 800 1901 ille,
813 1870 858 1904 qui
875 1875 938 1897 ante
954 1870 1049 1905 paulu-

266 1911 322 1939 lum
344 1911 484 1940 civitatum
507 1918 589 1947 atque
613 1913 780 1941 mansionum
800 1913 889 1942 fuerat
913 1915 1049 1947 dominus,

266 1962 357 1985 rector
373 1962 453 1992 atque
469 1958 643 1993 gubernator.
657 1958 775 1986 Sedebat
784 1966 849 1994 ergo
862 1965 939 1987 extra
954 1960 1050 1987 civita-

267 2008 333 2030 tem.
359 2003 470 2031 Certum
496 2008 539 2030 est
563 2004 634 2037 quod
650 2004 764 2038 plurima
784 2005 855 2039 apud
874 2005 1049 2040 semetipsum

266 2054 389 2077 tractans
401 2056 433 2076 ac
447 2050 540 2077 dicens
552 2058 558 2075 :
572 2049 627 2077 Cur
640 2050 667 2078 in
680 2051 791 2078 civitate
807 2051 946 2079 maneam?
961 2059 1011 2079 cur
1023 2052 1049 2079 in

267 2094 392 2123 domibus
404 2096 530 2123 sedeam?
555 2095 622 2123 Cum
645 2103 675 2123 re
697 2104 730 2124 ac
743 2097 816 2130 ﬁliis,
836 2102 864 2124 et
875 2098 998 2131 civitate,
1024 2103 1052 2125 et

267 2141 391 2169 domibus
403 2142 488 2173 carui.
501 2149 564 2169 enm
580 2149 610 2169 re
622 2142 747 2169 familiari
764 2150 796 2170 ac
810 2142 903 2171 liberis
913 2143 988 2178 regni
1004 2150 1050 2171 eo-

266 2193 332 2213 rona
343 2186 432 2213 ablata
454 2191 497 2214 est
517 2186 595 2219 mihi.
610 2194 672 2214 cum
684 2195 714 2214 re
734 2195 766 2215 ac
789 2188 860 2215 natis
872 2188 936 2215 dedi
965 2187 1049 2215 etiam

265 2236 370 2260 vestem
384 2237 467 2266 atque
478 2240 584 2260 comam
596 2233 702 2268 capitis.
723 2232 800 2260 Nunc
815 2241 880 2261 vero
889 2241 951 2261 cum
967 2241 1050 2268 regno
1066 2222 1088 2250 θ

266 2279 418 2314 relinquam
429 2278 513 2306 etiam
519 2279 658 2307 civitatem
672 2287 704 2306 ac
713 2279 834 2306 domum.
841 2279 960 2307 Sedebat
972 2283 1050 2307 nstra

266 2325 406 2353 civitatem
415 2326 489 2353 solus
499 2326 635 2354 sustinens
644 2325 764 2354 dolorem
774 2325 849 2353 illum
860 2326 1050 2359 saevissimum,

266 2375 372 2398 eertum
391 2373 434 2396 est
451 2369 523 2404 quod
537 2377 640 2398 memor
652 2369 726 2397 illius
741 2374 822 2405 atque
841 2369 963 2398 imitatus
976 2370 1050 2398 illum

267 2417 314 2452 qui
336 2417 411 2445 solus
431 2417 553 2444 dolorem
577 2416 698 2444 omnium
714 2420 791 2444 eam
814 2416 954 2444 civitatem
967 2417 1050 2444 susti-

268 2462 339 2494 nuit.
356 2462 385 2490 id
397 2466 441 2489 est
460 2461 508 2489 Dei
521 2460 693 2496 Unigeuitns,
708 2465 737 2488 et
746 2461 781 2488 de
796 2461 869 2489 illius
886 2461 975 2490 futura
986 2470 1049 2498 pas-

267 2508 347 2535 sione
360 2507 480 2543 seipaum
494 2506 648 2534 consolatus
659 2510 714 2539 est.
731 2506 843 2534 dicens:
864 2506 935 2540 Quid
960 2507 1049 2542 magni

264 2553 451 2588 ‘ego'snstineo
459 2559 528 2580 cum
538 2552 590 2580 sim
601 2552 682 2580 homo
691 2558 741 2586 pro
757 2551 911 2585 meipso.!si
926 2550 974 2579 Dei
986 2550 1052 2579 lini-

268 2597 376 2631 genltus
387 2602 519 2626 venunvus
531 2603 574 2625 est
589 2597 623 2625 ad
637 2602 736 2630 terras.
749 2602 778 2625 et
791 2604 851 2625 cum
864 2596 902 2625 sit
920 2596 1051 2626 Dominus

269 2651 321 2679 pro
330 2643 458 2672 omnibus
473 2643 596 2679 plurima.
610 2642 761 2678 passurus?
776 2643 883 2675 Brevis.
899 2642 999 2678 inquit,
1009 2647 1052 2670 est

270 2690 329 2717 huic
342 2695 401 2716 mea
411 2690 514 2724 passio.
527 2694 556 2717 et
572 2688 729 2725 temporalis
744 2689 798 2717 erit
808 2688 854 2716 hic
871 2695 948 2716 meus
963 2687 1050 2716 dolor.

269 2735 325 2763 Ant
334 2735 407 2763 enim
417 2742 558 2764 moram
571 2735 706 2768 excludet.
721 2740 768 2763 aut
777 2739 854 2762 certe
865 2735 969 2762 sanitas
976 2733 1050 2762 illum

243 2783 247 2787 '
269 2778 398 2815 expellet.
408 2781 468 2809 sive
480 2781 521 2809 sic
531 2780 594 2810 luis
610 2780 847 2818 appropinquahit.
866 2780 898 2809 Et
911 2780 967 2815 ipss
977 2780 1051 2808 sedc-

306 2870 338 2885 ³¹’
353 2868 402 2897 loli
421 2877 452 2901 ιι,
463 2869 491 2896 8.

1099 1594 1172 1621 enim
1184 1593 1268 1629 gloria
1285 1593 1403 1621 hominis
1418 1599 1545 1627 tanquam
1560 1593 1696 1625 fenum,et
1706 1594 1887 1621 omnisdeeor

1099 1638 1316 1674 corruptibilium
1340 1644 1469 1674 tanquam
1489 1639 1564 1666 olera
1579 1639 1725 1666 herbarum
1748 1644 1886 1666 etomnes

1098 1685 1203 1719 species
1230 1688 1399 1711 terrenarum
1424 1690 1550 1719 tanquam
1574 1683 1624 1711 ﬂos
1654 1684 1791 1712 decidens.
1815 1685 1886 1718 Qn'nl

1099 1729 1239 1764 pulchrius
1252 1729 1329 1757 sole?
1342 1734 1371 1756 et
1384 1730 1428 1757 hic
1441 1729 1557 1758 decidet.
1577 1730 1647 1763 Quid
1656 1730 1767 1758 suavius
1776 1729 1886 1758 ﬂoribus

1099 1775 1204 1810 campi?
1220 1780 1247 1802 et
1259 1775 1285 1802 bi
1305 1780 1429 1803 arescent
1446 1774 1582 1803 similiter.
1602 1775 1672 1808 Quid
1683 1775 1828 1810 gloriosius
1839 1780 1887 1802 aut

1099 1820 1257 1848 decorosius
1283 1820 1370 1855 gloria
1393 1826 1476 1856 atque
1501 1820 1587 1849 forma
1608 1821 1742 1848 liutaanal
1763 1825 1792 1848 et
1821 1821 1886 1855 quid

1100 1865 1310 1894 abominabilius
1336 1871 1418 1901 atque
1449 1866 1653 1899 cssecrabilius.
1677 1873 1740 1894 cunt
1754 1866 1886 1899 aruerint.

1100 1914 1219 1936 exeunte
1234 1909 1345 1937 animal
1356 1909 1389 1937 Et
1401 1910 1466 1945 quid
1484 1910 1613 1938 humilius
1626 1910 1670 1938 bis
1680 1910 1726 1946 qui
1744 1910 1771 1938 in
1783 1915 1887 1939 stereo-

1101 1962 1141 1987 ra.
1156 1959 1186 1982 et
1209 1963 1316 1983 vermes
1337 1961 1421 1991 atque
1445 1956 1616 1991 putredinctn
1638 1957 1887 1984 immutanturllie

1101 2008 1154 2032 me.
1171 2001 1268 2035 inquit,
1288 2011 1306 2029 ο
1331 2001 1466 2035 homines,
1484 2006 1565 2036 atque
1577 2002 1612 2029 de
1626 2009 1686 2030 mea
1700 2002 1887 2030 inuentione

1101 2046 1127 2074 in
1142 2048 1184 2075 bis
1197 2048 1324 2075 omnibus
1343 2047 1536 2076 informamini.
1550 2048 1664 2081 Qualem
1682 2056 1726 2077 me
1738 2053 1803 2077 ante
1819 2056 1886 2084 pau-

1102 2092 1186 2119 lulum
1206 2092 1322 2124 vidistis.
1350 2097 1378 2119 et
1406 2091 1514 2126 qualem
1540 2100 1583 2120 me
1611 2100 1684 2121 nunc
1709 2093 1886 2128 conspicitis?

1100 2140 1208 2174 qualem
1223 2147 1267 2168 me
1284 2144 1346 2168 ante
1363 2139 1498 2174 paululum
1515 2139 1720 2175 magniﬁcastis.
1738 2144 1767 2167 et
1779 2139 1886 2174 qualem

1101 2193 1145 2214 me
1159 2193 1230 2214 nunc
1241 2185 1418 2220 conspicitis?
1434 2184 1486 2213 Ubi
1507 2190 1571 2214 sunt
1590 2185 1629 2213 illi
1647 2185 1758 2220 plurimi
1774 2186 1821 2220 qui
1842 2193 1887 2214 use

1101 2232 1325 2260 circumdabant?
1337 2233 1392 2260 Pro
1409 2233 1508 2267 quibus
1527 2232 1654 2260 omnibus
1674 2231 1829 2263 multitudo.
1843 2231 1887 2259 in-

1102 2279 1170 2314 quit.
1182 2279 1325 2310 vermium.
1335 2284 1364 2306 et
1375 2278 1488 2314 putredo
1498 2285 1542 2305 me
1564 2278 1745 2306 circumdant.
1761 2276 1824 2305 ille
1834 2277 1887 2305 ita-

1101 2333 1155 2360 que
1167 2330 1250 2358 atque
1263 2324 1306 2352 bis
1313 2324 1413 2352 similia
1424 2323 1594 2352 admirabilis
1606 2322 1657 2351 Iob
1665 2323 1700 2351 ad
1711 2327 1825 2351 cunctos
1833 2322 1886 2350 sibi

1102 2370 1322 2404 approaiutantes
1334 2369 1459 2404 loquens,
1476 2368 1618 2396 evidenter
1628 2368 1755 2396 omnibus
1767 2368 1886 2396 futuram

1103 2415 1306 2444 contestabatur
1319 2414 1546 2442 immutationem.
1558 2413 1592 2441 Et
1609 2414 1666 2449 ipse
1677 2414 1790 2442 sedebat
1804 2420 1888 2448 super

1103 2468 1229 2489 acervum
1236 2461 1376 2493 stercoris.
1392 2460 1451 2495 plus
1458 2460 1512 2488 sibi
1523 2459 1557 2486 de
1574 2459 1640 2494 ipsis
1656 2460 1792 2487 vermibus
1805 2464 1888 2495 atque

1103 2505 1254 2539 putredine,
1271 2513 1353 2540 quam
1379 2505 1443 2533 olim
1457 2505 1490 2532 de
1505 2505 1579 2539 regni
1599 2504 1684 2540 gloria
1702 2509 1784 2540 atque
1796 2505 1887 2533 multi-

1105 2551 1198 2579 tudine
1215 2551 1444 2578 circumdantium
1466 2557 1498 2578 se
1525 2550 1684 2586 populorum
1702 2549 1885 2585 conplacena.

1104 2597 1171 2625 Nam
1189 2597 1310 2625 omnium
1339 2596 1447 2624 illorum
1461 2595 1541 2624 linem
1560 2601 1624 2631 post
1645 2596 1704 2624 ha-e
1719 2596 1810 2624 omnia
1826 2603 1888 2631 qua

1103 2643 1218 2679 gloriosa
1233 2647 1308 2675 sunt.
1318 2642 1410 2670 carnis
1418 2649 1490 2670 mors
1499 2646 1655 2676 exspectat:
1669 2646 1698 2669 et
1705 2646 1767 2676 post
1778 2648 1886 2669 omnem

1103 2687 1272 2723 putrediuem
1293 2692 1374 2722 atque
1390 2694 1521 2719 vermem,
1550 2686 1776 2714 resurrectionem
1793 2687 1888 2714 carnis

1101 2737 1262 2768 exspectat;
1285 2732 1381 2760 mortis
1394 2739 1458 2760 vero
1470 2731 1643 2767 putredinem
1657 2736 1742 2766 atque
1754 2732 1887 2760 veru-ium

1104 2779 1186 2808 tinctu
1200 2779 1364 2808 murrectio
1375 2785 1390 2806 a
1407 2777 1531 2807 mortuis.
1549 2776 1606 2806 Pro
1622 2777 1667 2806 bis
1678 2783 1745 2814 ergo
1759 2778 1888 2810 mitius
