4174 6388
401 336 510 394 475

1494 334 1877 394 ANONYMUS
1913 336 1981 395 IN
2017 336 2158 394 JOB.
2198 366 2269 379 —
2305 333 2436 391 LIB.
2470 333 2537 389 ll.

3562 333 3668 387 ὂἹό

402 452 629 513 sedebat
664 466 827 523 super
854 464 1107 510 acervum
1163 453 1425 509 stercoris
1464 464 1621 510 extra
1675 457 1978 512 civitatem.
2011 462 2058 518 Α
2085 463 2398 511 monstrans
2431 452 2612 508 omnia
2636 459 2758 521 qua
2777 459 2901 506 sunt
2920 449 3180 516 humana,
3203 464 3268 506 ac
3291 450 3666 521 corruptibilis

402 546 486 601 Ad
533 560 694 615 quem
743 547 908 601 etiam
952 561 1099 601 nunc
1124 545 1286 616 digne
1320 547 1569 602 dicitur:
1602 546 1718 613 Dic,
1749 564 1783 603 o
1828 548 1983 603 beate

402 635 540 704 Job;
577 637 687 700 dic,
718 651 752 691 ο
784 645 973 692 sancte
1001 635 1095 690 Dei
1118 636 1427 706 pratliator;
1461 637 1569 703 dic,
1592 652 1627 692 o
1650 637 1983 693 admirabilis

404 730 489 782 vir
531 728 747 784 Domini
794 729 1258 796 constantissime,
1310 730 1402 799 qui
1447 730 1782 785 terribilibus
1815 741 1984 799 atque

404 820 638 876 fortibus
698 820 915 891 maligni
963 822 1134 892 plagis
1185 822 1238 876 in
1280 822 1428 878 nullo
1473 824 1834 888 succubuisti,
1891 825 1984 893 qui

406 922 597 962 amara
652 908 918 979 supplicia
951 920 1115 979 atque
1145 909 1318 967 fortes
1349 912 1566 967 dolores
1609 914 1814 983 absque
1839 930 1988 969 mur-

406 1002 712 1055 muratione
740 1003 1097 1070 supportasti,
1117 1018 1217 1059 cur
1237 1014 1392 1059 extra
1414 1005 1688 1060 civitatem
1711 1020 1984 1077 egressus,

407 1103 463 1147 et
487 1108 651 1163 super
697 1109 951 1149 acervum
979 1097 1242 1152 stercoris
1270 1108 1437 1167 atque
1467 1112 1753 1154 muranam
1793 1100 1988 1155 sedens

406 1186 779 1255 spectaculum
806 1188 1149 1259 temetipsum
1177 1190 1394 1245 cunctis
1426 1192 1834 1248 transeuntibus
1859 1207 1991 1262 prae-

407 1280 614 1336 buisti?
638 1279 839 1336 Omnes
875 1282 1020 1337 enim
1047 1282 1138 1351 qui
1162 1283 1565 1354 ingrediuntur,
1588 1286 1672 1340 vel
1696 1287 1988 1356 egrediun-

411 1380 522 1437 tur,
542 1386 731 1428 omnes
767 1374 859 1442 qui
887 1381 1169 1429 transeunt
1204 1375 1341 1440 vias,
1381 1385 1435 1431 et
1477 1376 1786 1447 diriguntur
1820 1379 1872 1431 in
1896 1378 1989 1432 iti-

409 1463 632 1518 neribus
682 1464 818 1526 suis,
850 1478 1041 1518 omnes
1074 1464 1167 1534 qui
1223 1464 1278 1519 in
1321 1476 1374 1520 te
1402 1466 1840 1536 contemplantur
1870 1466 1991 1522 istic

412 1567 574 1621 super
600 1568 856 1608 acervum
909 1555 1167 1609 stercoris
1194 1564 1360 1625 atque
1398 1572 1679 1611 muranam
1715 1558 1989 1613 sedentem

411 1646 729 1701 absentibus
758 1654 1041 1713 enarrant,
1099 1657 1265 1717 atque
1304 1648 1373 1703 iis
1416 1649 1508 1718 qui
1551 1647 1708 1718 longe
1740 1657 1867 1704 sunt
1895 1665 1991 1704 an-

411 1739 687 1803 nuntiant,
727 1738 798 1793 ita
823 1747 881 1793 ut
910 1748 1159 1810 penetret
1197 1739 1288 1796 hic
1316 1756 1503 1796 rumor
1542 1750 1668 1795 tuus
1692 1741 1750 1797 in
1782 1741 1993 1812 longin-

2082 556 2250 615 atque
2280 553 2526 609 terrena,
2566 542 2711 598 sicut
2730 550 2785 598 et
2812 542 3068 610 superius
3099 542 3527 597 demonstratum
3562 552 3668 596 est.

2084 638 2216 693 Post
2252 651 2373 705 qua:
2416 636 2671 690 universa
2719 633 2854 688 dicit
2885 650 2898 685 :
2954 632 3192 696 Plurima
3227 642 3404 686 autem
3443 643 3673 702 tmpore

2083 729 2392 796 interposito
2414 727 2550 782 dixit
2578 730 2647 780 ad
2668 742 2786 781 eum
2810 742 2946 780 uxor
2966 725 3081 794 ejus
3104 725 3170 781 ’³.
3197 722 3424 780 Diversa
3452 725 3672 795 plurimi

2085 823 2154 877 de
2190 822 2293 876 hoc
2323 829 2569 890 tempore
2612 819 2755 890 quod
2789 819 2910 872 istic
2955 827 3316 871 memoratum
3356 828 3461 882 est,
3497 830 3553 872 et
3584 818 3672 871 in-

2089 912 2443 975 tellexerunt,
2502 918 2558 965 et
2618 909 2780 965 locuti
2807 915 2959 972 sunt,
3005 908 3096 962 alii
3129 909 3347 978 quidem
3377 908 3542 963 breve
3570 908 3674 964 hoc

2089 1012 2301 1074 tempus
2339 1002 2510 1058 fuisse
2558 1002 2946 1072 percipientes,
2979 1000 3068 1055 alii
3125 1000 3475 1056 nihilominus
3503 1001 3671 1071 pluri-

2087 1111 2237 1150 mum
2295 1103 2628 1160 astruentes,
2675 1093 2831 1163 quasi
2864 1094 3037 1147 tribus
3082 1095 3317 1148 anniset
3346 1093 3569 1148 dimidio
3618 1094 3673 1147 in

2090 1197 2274 1257 typum
2310 1184 2611 1242 Dominicae
2635 1185 3061 1255 praedicationis,
3088 1186 3250 1239 etiam
3282 1194 3330 1239 et
3361 1185 3521 1255 hujus
3549 1199 3675 1253 pas-

2090 1279 2257 1335 sionis
2305 1287 2525 1346 tempus
2576 1278 2719 1332 sicut
2763 1288 2819 1333 et
2869 1280 2923 1332 in
2957 1278 3171 1333 caeteris
3205 1278 3553 1333 ostenderent
3594 1278 3679 1332 di-

2091 1381 2296 1425 centes.
2346 1368 2583 1439 ldeoque
2620 1369 2712 1438 qui
2757 1368 3033 1425 voluerint
3066 1381 3134 1422 ex
3172 1367 3531 1431 auditoribus,
3601 1366 3677 1421 ita

2092 1462 2410 1532 percipiant.
2436 1459 2545 1515 Nos
2572 1474 2702 1515 vero
2723 1460 3020 1530 Scriptum
3045 1459 3448 1515 consentientes
3483 1457 3680 1513 intelli-

2091 1567 2305 1624 gamus,
2336 1561 2393 1606 et
2428 1551 2576 1607 sicut
2611 1550 2989 1623 intelligimus,
3019 1550 3091 1604 ita
3122 1558 3180 1605 et
3200 1563 3529 1613 asseramus,
3576 1549 3682 1604 hoc

2093 1645 2327 1713 primum
2364 1642 2611 1697 dicentes
2639 1650 2696 1697 et
2727 1651 3055 1711 quaerentes,
3081 1653 3181 1693 cur
3201 1636 3516 1692 benedictus
3538 1635 3682 1690 Deus

2094 1737 2297 1790 diutius
2318 1743 2463 1790 esset
2498 1741 2894 1804 pernecaturus
2920 1729 3127 1799 justum
3168 1728 3345 1794 illum,
3381 1742 3505 1783 cum
3528 1724 3679 1782 solii-

413 1841 580 1895 quum
619 1825 688 1883 de
726 1826 946 1897 regione
979 1828 1032 1883 in
1087 1829 1384 1900 regionem.
1423 1829 1560 1885 Nam
1614 1832 1707 1903 qui
1748 1842 1800 1887 te
1848 1832 1998 1887 vide-
2030 1816 2073 1871 Β
2102 1837 2245 1883 ceret
2299 1826 2683 1882 brevissimum
2734 1833 2955 1892 tempus
2987 1823 3056 1876 ad
3105 1820 3477 1891 superandum
3526 1816 3684 1873 mali-

413 1920 546 1985 rint,
579 1933 686 1974 non
728 1920 1040 1976 videntibus
1075 1924 1415 1977 enarrabunt
1458 1940 1473 1977 :
1515 1923 1604 1991 qui
1636 1938 1765 1980 vero
1802 1925 1997 1979 audie-

416 2003 545 2067 rint,
592 2004 659 2059 iis
703 2004 795 2074 qui
823 2006 981 2076 longe
1031 2013 1159 2061 sunt
1190 2007 1352 2075 positi
1391 2006 1549 2061 istam
1576 2007 1995 2079 recognitionem

416 2108 565 2152 tuam
596 2096 963 2152 insinuabunt.
1019 2096 1125 2152 Sed
1154 2098 1438 2167 respondit
1488 2098 1755 2155 mirabilis
1783 2097 1886 2154 Job
1917 2100 1999 2154 di-

417 2201 548 2241 cens
579 2203 593 2240 :
629 2186 761 2254 Ego,
813 2203 848 2243 o
896 2187 1002 2251 vir,
1042 2202 1163 2242 cum
1201 2188 1305 2243 sim
1348 2189 1496 2258 prior
1530 2200 1695 2259 atque
1722 2191 1999 2261 antiquior

419 2272 526 2329 illis
574 2274 665 2342 qui
719 2273 774 2328 in
818 2275 1116 2331 novissimo
1150 2285 1392 2343 tempore
1422 2286 1584 2333 erunt
1631 2281 1888 2349 apostoli,
1915 2281 2001 2335 vel

417 2366 787 2436 evangelista,
820 2382 941 2437 qua:
976 2367 1050 2421 illi
1088 2368 1268 2424 verbis
1302 2368 1579 2436 dixerunt,
1612 2371 1755 2441 quod
1784 2384 2000 2441 specta-

420 2457 601 2512 culum
628 2457 756 2513 facti
796 2467 923 2514 sunt
944 2468 1001 2514 et
1025 2458 1232 2528 angelis
1254 2468 1312 2515 et
1346 2459 1677 2528 hominibus,
1710 2463 1823 2518 haec
1847 2464 2003 2518 nimi-

421 2564 544 2605 rum
588 2564 691 2621 ego
725 2549 857 2619 ipsis
880 2550 1141 2619 operibus
1164 2550 1474 2620 anticipans
1504 2561 1757 2623 tanquam
1789 2555 1841 2610 in
1877 2565 2003 2626 typo

422 2642 715 2711 adimpleo,
758 2642 1130 2713 spectaculum
1182 2644 1395 2698 cunctis
1434 2643 1679 2711 effectus,
1712 2657 1769 2701 et
1796 2649 2004 2717 angelis

422 2746 479 2792 et
529 2736 882 2792 hominibus:
921 2745 979 2791 ut
1026 2746 1272 2805 penetret
1318 2738 1436 2793 hzec
1484 2738 1674 2795 relatio
1727 2755 1847 2795 mea
1898 2758 2002 2796 non

425 2830 598 2884 solum
630 2843 660 2882 a
694 2829 972 2899 provincia
1006 2828 1058 2882 in
1082 2828 1444 2899 provinciam,
1478 2829 1571 2885 sed
1598 2832 1777 2886 adhuc
1797 2831 2006 2903 longius

423 2938 524 2994 per
559 2937 749 2979 omnes
781 2932 969 2992 gentes
993 2931 1048 2977 θῐ
1081 2936 1181 2991 per
1207 2936 1398 2977 omnes
1446 2922 1584 2979 lines
1623 2932 1804 2989 terrae,
1838 2939 2007 2995 usque

426 3018 494 3073 ad
518 3017 1041 3073 consummationem
1070 3015 1277 3070 saeculi.
1304 3015 1444 3071 Vere
1468 3017 1615 3071 enim
1640 3031 1786 3083 vere,
1812 3033 1847 3072 o
1870 3019 2008 3072 ami—

426 3110 502 3176 ci,
532 3108 902 3179 spectaculum
934 3107 1111 3164 factus
1160 3118 1248 3165 est
1286 3108 1476 3164 beatus
1500 3108 1602 3165 Job
1630 3118 1684 3165 et
1710 3110 1916 3181 angelis
1953 3118 2009 3164 et

427 3171 759 3260 hominibus.
798 3201 935 3256 Nam
985 3216 1177 3257 omnes
1209 3202 1458 3274 homines
1502 3171 1812 3271 stupentes:
1847 3211 2011 3272 atque
2036 3171 2082 3234 ο

427 3296 765 3350 admirantes
798 3292 997 3363 duplici
1033 3294 1086 3347 in
1116 3307 1238 3347 eum
1261 3293 1423 3349 modo
1447 3293 1824 3359 intendebant,
1847 3303 2011 3364 atque

427 3387 703 3458 geminam
754 3387 821 3440 de
857 3384 949 3440 illo
1002 3384 1314 3454 opinionem
1347 3384 1611 3439 habentes
1638 3383 1888 3453 undique
1943 3385 2010 3439 ad

429 3494 556 3535 eum
579 3477 1007 3546 .respiciebant;
1045 3478 1263 3547 quidam
1292 3477 1360 3533 de
1396 3477 1631 3546 peccatis
1668 3476 1817 3531 illum
1849 3492 2012 3532 accu-

426 3572 628 3627 sabant
648 3571 788 3626 sicut
816 3570 1064 3640 Eliphaz,
1105 3569 1423 3639 similesque
1461 3569 1584 3636 illi;
1617 3569 1707 3625 alii
1744 3569 2017 3625 nihilomi-

430 3677 536 3717 nus
564 3677 671 3717 non
697 3676 795 3732 pro
822 3662 1063 3732 peccatis
1090 3661 1242 3716 illum
1271 3661 1767 3732 reprehendebant,
1802 3662 1897 3716 sed
1922 3642 2016 3732 po-

432 3755 542 3811 tius
568 3754 775 3825 justum
807 3753 954 3809 illum
975 3762 1310 3823 reputantes,
1333 3753 1745 3809 mirabanturin
1763 3752 2018 3807 omnibus

432 3861 553 3917 quae
574 3862 606 3902 a
646 3846 877 3902 Domino
892 3845 941 3901 ei
972 3844 1121 3901 illata
1143 3846 1380 3901 fuerant.
1400 3844 1666 3900 Similiter
1694 3853 1749 3900 et
1774 3844 2016 3900 omnium

434 3939 753 4012 angelorum
780 3945 837 3995 et
867 3938 1154 4009 spirituum
1205 3939 1434 4010 gemina:
1466 3945 1648 4009 partes
1680 3938 1735 3991 in
1777 3950 1899 3991 eum
1932 3936 2018 3991 in-

436 4034 752 4091 tendebant.
802 4032 987 4090 Sancti
1040 4031 1260 4102 quidem
1316 4027 1493 4100 angeli
1542 4026 1639 4083 Dei
1673 4042 1797 4090 cum
1826 4040 2020 4097 magna

435 4128 803 4185 sollicitudine
853 4126 907 4181 in
950 4139 1076 4180 eum
1112 4122 1506 4194 respiciebant,
1545 4119 1847 4175 tolerantia:
1907 4119 2024 4188 ejus

437 4220 960 4277 consummationem
1006 4225 1414 4286 exspectantes,
1444 4222 1505 4270 ut
1531 4215 1598 4270 de
1626 4212 1857 4269 victoria
1909 4210 2027 4282 ejus

439 4314 633 4370 devote
698 4312 972 4369 ctelestem
1017 4308 1220 4380 Regem
1283 4306 1678 4371 collaudarent,
1737 4303 2024 4359 victoriam

435 4406 570 4477 justi
604 4404 726 4472 Job,
778 4413 944 4476 atque
998 4404 1212 4460 ruinam
1253 4400 1440 4470 iniusti
1484 4398 1685 4456 diaboli
1710 4406 2022 4453 cernentes.

438 4498 570 4555 Post
597 4501 695 4554 hos
732 4512 923 4554 omnes
949 4496 1205 4551 nimirum
1255 4492 1572 4563 nequissimi
1607 4490 1830 4561 spiritus
1856 4487 2031 4559 respi-

439 4592 660 4648 ciebant
706 4591 758 4644 in
792 4604 916 4645 eum
952 4588 1078 4643 lixis
1124 4586 1405 4643 obtutibus
1431 4598 1556 4640 eum
1596 4580 2027 4647 considerantes,

441 4690 675 4747 sollicite
746 4694 1052 4757 sperantes,
1125 4693 1293 4752 atque
1354 4686 1760 4749 exspectantes,
1815 4676 2034 4747 quando

439 4780 797 4852 blasphemiae
825 4778 1051 4834 verbum
1080 4780 1148 4831 ab
1186 4791 1252 4831 eo
1284 4774 1561 4836 audirent,
1611 4770 1829 4839 quando
1862 4768 2032 4823 male-

442 4878 735 4935 dictionem
768 4870 1038 4929 sermonis
1054 4869 1122 4924 ab
1154 4883 1219 4923 eo
1244 4867 1610 4937 susciperent.
1644 4859 1751 4916 Sed
1787 4860 2034 4915 infelices

444 4988 473 5028 a
503 4986 598 5043 spe
622 4986 717 5028 sua
748 4968 1087 5033 deciderunt,
1134 4979 1255 5021 cum
1288 4962 1390 5019 Job
1427 4959 1858 5018 benedictionem
1908 4970 2030 5011 cum

446 5081 744 5151 gratiarum
791 5073 1103 5129 actionibus
1150 5069 1297 5128 omni
1346 5080 1591 5140 tempore
1628 5067 1741 5123 Deo
1783 5063 2031 5120 referret.

448 5186 542 5241 Sic
573 5186 760 5256 itaque
788 5183 923 5254 ipsis
967 5179 1134 5236 rebus
1179 5178 1493 5248 adimplevit
1526 5177 1722 5231 beatus
1748 5172 1849 5229 Job
1890 5171 2031 5225 idem

450 5292 592 5362 quod
621 5299 745 5361 post
781 5289 887 5343 hoc
930 5301 959 5341 a
997 5285 1202 5342 sanctis
1239 5264 1445 5339 dictum
1488 5290 1619 5338 est:
1664 5278 2033 5351 Spectaculum

450 5396 587 5466 {acti
619 5411 801 5451 sumus
818 5391 1037 5455 mundo,
1065 5399 1114 5444 et
1136 5388 1337 5459 angelis
1360 5398 1406 5442 et
1421 5386 1718 5443 hominibus
1738 5385 1805 5439 θ’.
1826 5382 1906 5439 0b
1927 5383 2030 5438 hoc

453 5512 507 5558 et
529 5516 691 5573 super
715 5512 969 5554 acervum
1004 5494 1265 5553 stercoris
1294 5502 1447 5549 extra
1470 5492 1742 5548 civitatem
1775 5490 1915 5546 sedit
1941 5488 2029 5545 hic

451 5610 653 5682 iustus,
693 5616 909 5666 stercus
934 5619 999 5662 ac
1026 5600 1368 5674 putredinem
1396 5598 1718 5655 existimans
1740 5608 1902 5669 atque
1929 5594 2026 5653 de-

527 5792 576 5839 ἰ
614 5791 632 5848 l
661 5790 789 5847 Cor.
827 5804 903 5857 tv,
937 5787 991 5844 9.
1067 5785 1112 5820 ”
1139 5783 1240 5841 Job
1275 5797 1334 5854 ιι,
1360 5780 1414 5838 9.
1491 5778 1535 5813 ’⁸
1559 5776 1658 5837 Job
1691 5791 1787 5843 vn,
1814 5774 1869 5830 δ.

2102 1919 2421 1989 gnissimum
2468 1916 2784 1973 diabolum?
2826 1915 2943 1970 Non
2984 1913 3128 1970 enim
3181 1914 3284 1969 hoc
3310 1909 3688 1966 delectabatur

2103 2010 2266 2078 Deus,
2291 2021 2349 2065 ut
2374 2010 2477 2066 Job
2508 2018 2884 2080 torqueretur;
2902 2008 2995 2063 sed
3022 2007 3126 2061 hoc
3146 2005 3327 2076 potius
3352 2013 3412 2058 ut
3436 2002 3687 2061 diabolus

2104 2104 2534 2169 convinceretur,
2562 2110 2617 2157 et
2650 2102 2843 2157 beatus
2867 2098 2970 2155 Job
2991 2097 3172 2167 justus
3201 2096 3679 2164 comprobaretur.

2105 2194 2249 2248 Nihil
2293 2207 2423 2265 ergo
2462 2192 2609 2247 aliud
2648 2191 2982 2265 exspectavit
3014 2189 3177 2254 Deus,
3223 2189 3326 2244 nisi
3360 2189 3465 2243 hoc
3509 2186 3685 2243 solum

2084 2284 2323 2356 quando
2348 2283 2601 2339 diabolus
2637 2282 2946 2338 universam
2970 2279 3312 2350 iniquitatem
3339 2293 3493 2335 suam
3526 2277 3689 2348 perli-

2106 2387 2275 2442 ceret,
2311 2384 2369 2431 et
2407 2375 2623 2445 quando
2653 2371 2756 2430 Job
2795 2374 3105 2427 universam
3139 2370 3483 2445 tolerantiam
3532 2382 3688 2423 suam

2106 2468 2452 2538 adimpleret,
2484 2476 2544 2521 ut
2582 2464 3032 2521 inexcusabiliter
3058 2461 3477 2518 convinceretur
3498 2460 3688 2515 diabo-

2108 2558 2211 2621 lus,
2235 2560 2489 2626 etjustus
2518 2570 2649 2611 vere
2683 2562 2974 2624 appareret
2995 2551 3121 2608 Job.
3158 2550 3268 2607 Hoc
3295 2549 3550 2604 nimirum
3581 2562 3691 2603 non

2109 2650 2367 2706 diuturno
2396 2662 2662 2725 annorum
2708 2645 2912 2715 spatio,
2941 2643 3037 2698 sed
3076 2641 3399 2699 brevissimo
3424 2638 3689 2694 mensium

2111 2754 2354 2814 tempore
2411 2740 2833 2797 irrel‘utabiliter
2888 2745 3327 2793 consummatum
3373 2741 3477 2787 est.
3524 2729 3694 2800 Hujus

2111 2850 2350 2908 namque
2385 2834 2462 2891 rei
2495 2833 2650 2890 testis
2684 2831 3077 2901 comprobatur
3109 2829 3274 2883 etiam
3312 2826 3427 2896 ipse
3458 2822 3580 2890 Job,
3611 2823 3691 2877 di-

2113 2944 2290 2984 cens:
2347 2926 2596 2981 Sustinui
2640 2938 2841 2977 menses
2888 2934 3239 2985 supervacuos
3268 2917 3339 2981 ",
3383 2930 3489 2968 non
3521 2927 3695 2968 annos

2112 3020 2208 3076 sed
2228 2998 2463 3073 menses.
2490 3014 2628 3069 Nam
2661 3014 2804 3069 sicut
2834 3013 2902 3067 de
2924 3010 3204 3069 mensibus
3240 3021 3346 3061 non
3377 3004 3527 3060 siluit
3570 3002 3693 3069 Job,

2114 3111 2193 3167 sic
2235 3107 2403 3163 multo
2434 3104 2667 3175 amplius
2706 3104 2775 3159 de
2806 3102 2964 3156 annis
2997 3114 3102 3155 non
3132 3097 3377 3154 siluisset
3424 3095 3469 3150 si
3525 3105 3698 3147 annos

2112 3200 2479 3257 sustinuisset.
2504 3196 2661 3253 Nunc
2678 3208 2808 3251 vero
2828 3194 2955 3263 quia
2985 3207 3089 3247 non
3109 3203 3281 3245 annos
3306 3185 3583 3252 sustinuit,
3601 3180 3698 3239 sed

2112 3305 2348 3357 menses,
2369 3288 2562 3344 merito
2578 3300 2711 3343 sane
2737 3298 2914 3341 annos
2933 3298 3038 3339 non
3060 3288 3350 3342 memorat,
3368 3291 3586 3332 menses
3600 3290 3701 3330 au-

2114 3391 2223 3438 tem
2237 3380 2478 3437 nominat
2492 3378 2681 3434 dicens
2704 3393 2719 3431 :
2744 3374 2987 3432 Sustinui
3008 3388 3208 3427 menses
3224 3366 3704 3439 supervacuos.De-

2092 3480 2343 3549 buerant
2372 3489 2503 3547 ergo
2541 3473 2597 3529 hi
2642 3472 2736 3543 qui
2778 3480 2891 3526 tres
2925 3483 3097 3525 annos
3129 3475 3186 3523 et
3227 3464 3513 3521 dimidium
3536 3462 3705 3517 fuisse

2113 3570 2386 3643 passionis
2413 3566 2516 3624 Job
2546 3572 2817 3629 astruunt,
2849 3571 2961 3617 tres
2988 3572 3206 3615 menses
3227 3565 3283 3613 et
3304 3552 3589 3610 dimidium
3617 3553 3703 3607 di-

2116 3679 2259 3730 cere,
2281 3672 2342 3718 ut
2371 3669 2522 3717 certe
2549 3657 2632 3714 vel
2652 3673 2719 3713 ex
2752 3666 2907 3727 parte
2930 3651 3148 3709 veritati
3178 3664 3287 3704 non
3303 3646 3708 3709 resisterent,et

2118 3750 2456 3807 Dominicum
2494 3745 2804 3817 exemplum
2853 3742 2987 3798 illud
3030 3738 3463 3797 consimilarent.
3509 3733 3708 3788 Tribus

2120 3857 2356 3914 namque
2408 3840 2569 3897 annis
2614 3848 2671 3895 et
2725 3836 2947 3894 dimidio
2995 3829 3312 3905 praedicavit
3356 3825 3620 3883 Dominus
3661 3839 3707 3914 7a

2120 3913 2391 4005 baptismo
2416 3944 2590 4001 usque
2618 3928 2673 3983 in
2707 3926 3040 3997 passionem.
3083 3920 3177 3977 Sic
3220 3929 3277 3973 et
3320 3917 3436 3987 ipsa
3480 3913 3709 3970 historia

2121 4039 2230 4079 non
2269 4032 2380 4078 tres
2407 4033 2581 4075 annos
2609 4015 2902 4088 signiﬁcat,
2933 4012 3029 4069 sed
3068 4012 3234 4066 breve
3270 4006 3535 4061 mensium
3574 4013 3713 4058 tem-

2123 4131 2246 4187 pus.
2293 4113 2537 4169 Primum
2572 4108 2791 4180 quidem
2840 4120 2938 4176 per
2987 4103 3091 4158 hoc
3128 4098 3272 4170 quod
3317 4096 3542 4166 contigit
3588 4109 3712 4187 cum

2125 4223 2254 4265 suas
2281 4205 2467 4277 plagas
2499 4203 2551 4258 ei
2588 4200 2777 4257 intulit
2804 4198 3095 4269 malignus.
3129 4192 3263 4247 Nam
3298 4203 3512 4259 semper
3538 4186 3716 4241 adhuc

2128 4299 2302 4371 primo
2329 4297 2587 4367 loquente
2618 4292 2760 4348 alius
2791 4286 3212 4361 superveniebat
3242 4282 3486 4337 nuntius.
3512 4278 3716 4335 Deinde

2130 4389 2313 4446 statim
2351 4388 2472 4443 sine
2506 4401 2659 4442 mora
2697 4382 2997 4441 saevissima
3032 4394 3096 4434 ac
3124 4374 3353 4433 terribili
3393 4373 3545 4428 illum
3590 4385 3715 4441 per-

2130 4480 2301 4536 cussit
2324 4479 2503 4549 plaga.
2538 4474 2671 4532 Item
2703 4490 2825 4529 mox
2862 4487 2959 4543 per
2981 4483 3207 4526 uxorem
3236 4465 3476 4527 seduxit,
3521 4460 3718 4517 deinde

2132 4580 2531 4642 consequenter
2576 4571 2631 4624 in
2676 4565 2929 4623 ordinem
2971 4576 3067 4632 per
3113 4560 3319 4615 amicos
3349 4553 3720 4625 reprehendit,

2131 4680 2253 4735 quae
2283 4664 2534 4718 universa
2560 4660 2614 4716 in
2647 4658 2837 4730 paucis
2870 4654 3149 4710 mensibus
3180 4649 3429 4721 perfecit.
3462 4644 3722 4702 Protinus

2129 4755 2526 4824 subsequenter
2558 4750 2822 4807 Dominus
2852 4746 2921 4800 ad
2949 4760 3072 4800 eum
3124 4742 3342 4797 locutus
3388 4746 3473 4792 est
3512 4736 3720 4805 justum

2131 4848 2280 4903 illum
2320 4846 2575 4903 omnibus
2633 4845 3033 4902 demonstrans,
3073 4844 3236 4906 atque
3272 4844 3517 4890 sanctum
3568 4828 3720 4883 illum

2131 4941 2344 4997 cunctis
2411 4937 2712 4996 testiﬁcaris
2739 4974 2757 5002 ,
2803 4942 2861 4990 et
2899 4931 3006 4987 illis
3062 4928 3155 4999 qui
3214 4936 3342 4980 tunc
3384 4924 3619 4983 fuerunt,
3668 4922 3725 4969 et

2138 5035 2263 5090 istis
2302 5032 2397 5102 qui
2470 5038 2633 5085 erunt
2699 5038 2874 5097 usque
2934 5024 2989 5078 in
3032 5028 3375 5091 perpetuum.
3409 5011 3535 5067 Haec
3565 5022 3722 5102 nam-

2144 5142 2251 5198 que
2294 5097 2438 5181 intra
2489 5135 2695 5192 paucos
2738 5130 2957 5174 menses
3004 5111 3194 5183 perlici
3239 5110 3553 5178 potuerunt.
3599 5097 3724 5198 iVon

2139 5191 2284 5275 enim
2317 5224 2438 5272 erat
2471 5191 2679 5286 justum
2704 5249 2721 5277 ,
2753 5223 2933 5279 neque
2966 5204 3213 5275 amplexa
3244 5210 3327 5255 est
3355 5196 3446 5253 Dei
3488 5191 3726 5254 bonitas,

2140 5323 2199 5369 ut
2245 5308 2496 5382 plurimis
2553 5303 2713 5359 annis
2754 5298 3158 5355 lamentabilem
3206 5294 3353 5348 illam
3403 5285 3717 5382 passionem

2131 5376 2309 5475 justus
2348 5394 2746 5458 suli'erretJob.
2779 5392 3047 5449 Omnibus
3085 5388 3265 5455 itaque
3295 5376 3731 5475 modisdemon-

2137 5466 2299 5552 strari
2337 5501 2535 5565 potest,
2577 5487 2703 5559 quia
2749 5499 2857 5540 non
2902 5477 3150 5553 plurimis
3181 5472 3341 5529 annis
3363 5509 3379 5536 ,
3411 5466 3504 5565 sed
3535 5466 3725 5565 paucis

2138 5554 2440 5658 mensibus,
2655 5582 2917 5641 universa
2964 5572 3182 5645 impleta
3236 5572 3385 5625 sunt.
3435 5554 3727 5632 Quomodo
