2087 3198
244 167 298 196 675

792 169 983 199 ΔΝΟΝῩΜΗΞ
1002 170 1035 198 IN
1054 169 1124 199 JOB.
1143 187 1178 193 —-
1197 171 1261 200 ιιΙΒ.
1282 171 1315 199 ΙΙ.

1821 172 1876 200 ιτς

244 227 319 254 enim
334 225 449 254 saderre
461 231 587 262 poterant
599 233 697 255 carnes
709 227 770 260 Job,
787 229 830 256 vel
844 230 966 256 membra
977 249 985 261 ,
1006 234 1036 256 ut
1050 232 1072 260 Α
1088 229 1178 258 minus
1200 229 1299 258 eiiiciet
1321 228 1458 257 suasionis
1479 227 1615 257 seductto.
1634 227 1811 264 Coi-fugiam,
1832 231 1875 257 iu-

245 273 334 301 tribus
349 274 428 301 annis
439 279 467 301 et
477 269 592 302 diinidio
602 282 616 301 a
630 276 770 303 vermibus
784 282 816 303 ac
831 276 974 310 putredine
989 283 1036 303 es-

245 324 308 347 sent
328 324 449 347 comesta
460 320 473 347 τ
494 320 636 354 Quomodo
654 326 780 356 poterant
804 321 920 349 sufferre
937 329 1036 350 carnes

246 366 307 399 eius
320 373 351 393 ac
363 373 436 398 ossa,
453 371 482 393 ut
498 366 586 394 tribus
600 367 680 395 annis
695 372 722 395 et
736 367 851 396 dimidio
864 368 1036 396 amarissimo

245 411 339 439 dolore
361 411 459 438 fuisset
483 412 601 439 vexata?
622 412 650 439 In
671 420 724 448 qua
747 413 921 440 amarissima
943 420 1034 448 pretia.

243 457 334 484 omnis
355 457 431 484 furor
448 462 476 484 et
499 458 651 492 indignatio
673 458 782 494 maligni
805 459 905 487 diaboli
928 465 970 487 est
986 460 1034 488 de-

244 507 407 531 monstrata.
430 502 496 530 Post
517 504 612 531 horum
634 511 750 540 namque
764 505 885 531 omnium
899 504 1034 540 approba-

244 551 348 577 tionem
361 551 446 578 dicit:
463 550 585 577 Plurima
599 556 685 577 autem
705 556 819 585 tempore
836 552 990 585 interposito
998 552 1033 578 ".

244 596 277 623 Et
289 605 359 623 unus
374 597 476 623 mensis
492 601 599 631 tempus
611 602 661 628 est,
683 601 710 623 et
725 598 779 623 duo
793 597 834 624 vel
854 603 911 624 tres
927 604 1035 625 menses

243 642 391 678 plurimum
415 648 522 676 tempus
544 648 583 669 est
598 651 604 669 :
636 643 739 669 idcirco
756 650 809 669 non
826 643 894 670 dicit
910 643 1034 678 plurimis

243 692 306 714 ante
321 688 414 719 annis,
433 688 481 714 sed
497 687 632 720 plurimo,
648 688 754 722 inquit,
770 692 900 722 tempore.
924 687 991 714 Nam
1007 694 1035 716 et

244 733 405 768 frequenter
425 734 550 768 proximo
565 733 656 768 aliquo
670 733 820 767 quemlibet
832 734 994 766 mittentes,
1011 734 1034 761 si

244 779 420 813 tardigradus
441 779 522 805 fuerit
540 779 563 806 is
578 780 623 814 qni
639 780 737 806 missus
749 784 808 811 est,
831 785 1034 807 murmurantes

243 824 315 851 soliti
329 829 394 851 sunt
408 825 497 851 dicere
511 833 518 850 :
533 825 601 857 Quid
624 825 715 852 fecisti
739 829 814 853 tanto
836 827 978 860 tempoch
1005 827 1033 854 Si

243 878 308 905 ergo
331 871 388 898 dies
408 875 514 905 tempus
536 871 637 898 dicitur
661 871 817 906 prolixum,
838 872 924 900 multo
949 874 1034 908 magis

243 917 378 944 mensium
410 922 516 953 tempus
546 917 680 952 prolixum
706 922 787 952 atque
810 918 955 952 plurimum
982 919 1035 946 dici

242 969 343 998 potest.
366 964 407 991 0b
433 964 483 991 hoc
505 972 570 999 ergo
593 964 659 991 dicit
678 964 795 999 plurimo
814 969 935 999 tempore
951 965 1036 993 inter-

243 1009 342 1045 posito.
364 1009 512 1036 Plurimum
529 1018 646 1046 namque
660 1014 829 1037 memoratur
848 1010 899 1037 hoc
918 1015 1034 1044 tempus,

244 1063 296 1082 non
312 1056 346 1082 ob
361 1056 411 1083 hoc
424 1055 510 1082 solum
524 1057 594 1090 quod
608 1056 753 1091 plurimum
767 1055 851 1082 fuerit
866 1055 1035 1090 longitudine

244 1102 386 1135 temporis,
408 1102 450 1129 vel
469 1102 550 1136 spatii
570 1102 743 1136 prolixitate,
761 1101 808 1129 sed
831 1103 948 1129 maxime
971 1110 1035 1137 pro-

243 1154 304 1182 pter
324 1148 469 1183 plurimum
489 1149 620 1180 dolorem,
640 1148 787 1184 plurimum
808 1148 908 1175 dicitur
920 1154 946 1176 et
963 1149 1035 1176 aesti-

243 1200 334 1222 matur
351 1195 401 1222 hoc
422 1199 528 1229 tempus
544 1194 639 1222 fuisse.
654 1194 783 1227 Plurima,
797 1195 896 1230 inquit,
913 1199 1035 1229 tetnpore

243 1240 415 1275 interposito.
435 1245 547 1275 propter
569 1239 715 1274 plurimam
734 1240 902 1274 passionem,
924 1246 1036 1275 propter

243 1287 409 1314 acerrimum
422 1286 559 1318 dolorem,
571 1290 683 1321 propter
697 1286 969 1314 vebemcntissimum
982 1285 1036 1313 vul-

242 1341 303 1365 nus,
323 1339 433 1368 propter
448 1332 648 1360 amarissimam
663 1339 785 1368 poenam.
806 1331 928 1360 Plurimo
945 1338 1033 1361 autem

242 1383 364 1414 tempore
379 1379 551 1413 interpOsito,
568 1383 680 1414 propter
695 1378 838 1414 plagarum
853 1379 1034 1412 nimietatem,

241 1429 354 1460 propter
380 1425 523 1452 humorem
548 1431 646 1458 corpus
670 1430 751 1459 atque
774 1426 895 1452 membra
919 1424 1035 1458 liquefa-

241 1471 378 1502 cientem,
403 1477 452 1504 pro
478 1470 630 1497 innumeris
658 1470 796 1497 vermibus
825 1477 924 1498 nervos
952 1475 1034 1505 atque

241 1524 303 1544 ossa
326 1516 529 1544 devorantibus.
563 1515 616 1543 Pro
648 1515 690 1542 bis
715 1514 842 1542 omnibus
868 1515 974 1550 magnis
1002 1522 1033 1542 ac

241 1562 367 1597 plurimis
394 1562 522 1597 gravibus
551 1565 633 1596 atque
649 1560 816 1588 terribilibus
836 1560 1033 1588 exsistentibua
1046 1575 1068 1603 ο

240 1607 387 1644 plurimum
411 1607 497 1635 fuisse
518 1608 569 1635 hoc
582 1610 688 1641 tempus
709 1610 886 1633 memoratur.
909 1605 1030 1633 Pluriiao

241 1658 332 1682 autent
349 1659 470 1689 tempore
486 1653 648 1688 interposito
659 1672 666 1685 ,
687 1659 750 1680 cum
768 1650 819 1679 Job
835 1659 889 1678 non
906 1659 1033 1679 succum-

239 1699 329 1732 beret,
343 1706 430 1734 neque
448 1698 648 1731 debilitaretur,
667 1704 754 1732 neque
768 1697 971 1729 delassaretur,
987 1704 1034 1724 ne-

240 1752 294 1780 que
315 1745 463 1776 deﬁceret,
479 1744 526 1772 sed
543 1743 570 1772 in
591 1743 694 1772 eisdem
716 1743 866 1779 gratiarum
882 1743 1034 1771 actionibus

240 1795 323 1825 atque
339 1789 559 1818 confessionibus
573 1793 758 1824 permaneret.
772 1788 848 1817 Unde
859 1789 932 1816 enim
939 1789 1032 1823 coepit,

241 1836 297 1865 illic
312 1841 340 1864 et
356 1835 554 1871 perseveravit,
571 1835 596 1862 in
614 1835 766 1870 gratiarum
783 1834 939 1862 actionibus
953 1839 1034 1868 atque

240 1876 487 1911 benedictionibus.
507 1880 566 1913 Sit,
591 1880 696 1916 inquit,
715 1887 809 1907 nomen
828 1880 933 1907 Domini
956 1880 1031 1906 liene-

239 1928 340 1955 dictum
362 1928 390 1954 in
404 1925 503 1954 tacula
513 1925 549 1954 ".
565 1925 632 1953 Cum
646 1925 672 1952 in
687 1926 748 1952 istis
765 1932 830 1960 ergo
847 1929 1035 1960 perseveraret

239 1973 302 2008 Job,
319 1973 504 2010 nequissimus
522 1971 647 2000 diabolus
667 1972 819 2007 obstupuit.
843 1971 964 2006 expavit,
988 1972 1035 1998 des

240 2021 377 2056 speravit,
396 2025 478 2055 atque
497 2018 676 2054 semetipsmn
697 2025 860 2046 consumens
878 2017 964 2045 dixit:
980 2017 1031 2046 Ubi

239 2071 281 2095 est
307 2067 483 2102 praesumptio
519 2065 599 2094 mea?
626 2065 673 2092 ubi
699 2069 742 2092 est
767 2065 904 2092 audacia?
923 2064 969 2092 ubi
992 2069 1035 2091 cst

239 2115 317 2144 labor
335 2116 429 2143 meus?
445 2115 558 2143 Omnem
573 2113 784 2142 sollicitudinem
804 2114 933 2147 exercui,
954 2118 982 2141 et
1004 2114 1032 2141 in

239 2161 291 2191 Job
302 2161 368 2189 nihil
385 2161 447 2195 feci;
461 2161 552 2189 omnia
569 2164 730 2196 argumenta
744 2159 861 2193 ostendi,
878 2164 906 2188 et
924 2159 1034 2187 fortitu-

239 2206 330 2237 dinem
345 2207 395 2235 Job
407 2215 460 2236 non
479 2207 585 2242 dejeci;
604 2213 700 2234 omnes
722 2205 837 2241 sagittas
857 2205 1033 2241 nequissimae

1087 275 1156 310 quit,
1182 276 1216 303 ad
1238 275 1350 310 antiqua
1371 282 1432 302 mea
1457 282 1544 307 arma,
1569 282 1618 310 per
1637 282 1698 309 qua
1720 275 1804 303 Adam
1828 283 1874 303 se-

1086 322 1197 348 ductum
1216 321 1398 356 supplantavi.
1424 320 1483 348 illic
1498 325 1626 355 serpente
1646 328 1690 348 tne
1712 321 1826 349 induens
1839 322 1874 349 ad

1086 365 1170 393 Evam
1184 366 1290 393 loeutus
1305 373 1377 398 sum,
1394 364 1493 393 deinde
1506 372 1554 400 per
1569 364 1653 392 Evam
1668 364 1774 392 locutus
1786 364 1874 393 Adam

1085 413 1192 441 seduxi.
1213 412 1299 440 liabet
1315 413 1398 439 etiam
1413 410 1465 439 Job
1481 417 1595 439 uxorem
1606 431 1615 442 ,
1629 418 1682 445 qua
1698 418 1743 438 me
1758 410 1877 440 indueras

1085 458 1223 487 subtiliter
1234 466 1284 494 per
1296 458 1370 486 illam
1385 464 1448 485 eum
1465 457 1604 489 soducam.
1622 462 1703 492 atque
1717 457 1874 485 fraudulen-

1086 510 1128 532 ter
1141 505 1332 540 persuadeam.
1346 503 1415 532 Cum
1430 503 1489 531 haec
1504 503 1574 538 apud
1587 509 1617 531 se
1630 503 1778 538 cogitaret.
1793 506 1875 539 atque

1086 552 1265 578 meditaretur
1286 550 1478 585 nequissimus.
1499 550 1591 577 statim
1612 557 1681 577 uxor
1698 557 1731 578 os
1754 550 1788 577 ad
1809 557 1875 585 per-

1084 597 1251 624 suadendum
1276 597 1384 631 aperire
1406 596 1571 631 properavit.
1586 595 1664 629 Quod
1681 596 1875 623 demonstrans

1086 643 1142 669 inec
1160 642 1300 677 Scriptura
1317 642 1401 669 dicit:
1423 641 1540 669 Plurima
1556 648 1644 669 autem
1659 646 1774 675 tmpore
1789 641 1875 668 inter-

1085 688 1187 722 posito.
1218 688 1286 714 dixit
1309 688 1345 713 ad
1371 695 1431 714 eum
1464 695 1533 714 uxor
1560 687 1617 722 ejus
1629 687 1662 714 ".
1685 686 1806 714 Plurimo
1824 694 1876 714 au-

1085 738 1138 760 tem
1164 738 1287 768 tempore
1316 734 1493 769 interposito,
1511 740 1572 760 cum
1602 732 1653 761 Job
1673 737 1874 768 perseveraret,

1085 784 1113 806 et
1137 786 1189 806 non
1214 779 1417 811 immutaretur,
1439 786 1502 807 cum
1516 778 1567 806 Job
1584 779 1610 806 in
1634 778 1687 807 iide
1708 779 1874 811 firmaretur,

1085 829 1114 851 et
1140 825 1167 851 in
1186 825 1299 851 veritate
1318 824 1510 855 roboraretut'.
1534 825 1694 852 fundaretur
1713 824 1740 852 in
1764 824 1875 859 pietate,

1087 875 1168 905 atque
1191 871 1217 897 in
1240 870 1345 905 justitia
1369 870 1607 903 constabiliretur,
1627 871 1654 898 in
1673 870 1811 898 cltaritate
1834 870 1877 898 in-

1087 921 1252 948 strueretur,
1274 920 1301 943 ct
1323 917 1351 943 in
1373 917 1524 951 gratiarum
1545 916 1697 944 actionibus
1715 916 1878 952 peritiam

1086 962 1301 997 devotus-atque
1322 963 1467 995 sollicitus,
1484 971 1545 990 cum
1562 963 1588 991 in
1607 963 1761 999 bujusmodi
1778 971 1877 992 conso-

1086 1008 1179 1035 nantia
1197 1008 1248 1035 Job
1265 1009 1436 1043 persisteret,
1455 1010 1524 1037 dixit
1538 1010 1572 1037 ad
1592 1016 1654 1037 eum
1671 1017 1738 1037 uxor
1753 1009 1822 1045 eius.
1842 1009 1877 1038 Et

1086 1061 1182 1082 revera
1197 1062 1248 1081 non
1266 1063 1335 1082 uxor
1348 1055 1433 1088 dixit,
1451 1055 1499 1083 sed
1515 1055 1640 1083 diabolus
1650 1055 1696 1090 qui
1711 1063 1760 1090 per
1773 1063 1805 1084 os
1817 1055 1877 1090 eius

1085 1104 1127 1127 est
1141 1099 1258 1133 locutus,
1273 1101 1318 1135 qui
1338 1100 1497 1135 frequenter
1512 1100 1653 1128 consuevit
1667 1100 1741 1136 loqui
1755 1100 1789 1128 ad
1803 1102 1877 1129 viros

1085 1152 1135 1180 per
1154 1153 1186 1173 os
1204 1146 1359 1177 mulierum.
1382 1147 1428 1181 qui
1450 1153 1522 1182 sape
1542 1146 1639 1174 solitus
1658 1151 1702 1174 est
1716 1147 1876 1174 subvertere

1085 1192 1159 1219 viros
1177 1200 1226 1227 per
1238 1200 1269 1220 os
1282 1193 1428 1229 conjugum
1440 1213 1448 1226 ,
1462 1199 1544 1228 atque
1559 1193 1592 1220 ad
1608 1192 1678 1220 maia
1693 1193 1832 1221 concitare
1848 1198 1877 1221 et

1086 1238 1157 1265 mala
1171 1239 1280 1271 docere,
1303 1240 1423 1273 rapinas,
1444 1239 1605 1271 calumnias,
1619 1238 1788 1272 violentiam,
1804 1239 1877 1274 cupi-

1085 1285 1211 1317 ditatem,
1225 1285 1376 1312 alienornm
1393 1285 1588 1320 appetentiam,
1601 1289 1682 1320 atque
1693 1284 1786 1312 odium
1801 1285 1876 1313 circa

1085 1331 1234 1365 proximos.
1264 1331 1437 1366 Frequenter
1462 1331 1535 1358 enim
1567 1330 1697 1358 invidiam
1723 1331 1877 1358 accendunt

1086 1378 1158 1405 inter
1182 1378 1274 1409 viros,
1301 1377 1373 1405 sicut
1398 1378 1515 1405 invicem
1543 1382 1654 1412 propter
1675 1376 1876 1411 improbitatem

1085 1431 1162 1451 suam
1177 1423 1364 1459 litigaverunt.
1385 1423 1523 1451 Continuo
1540 1423 1592 1450 illae
1607 1423 1634 1450 in
1652 1421 1777 1451 infelices
1801 1422 1876 1450 viros

1085 1469 1146 1497 odia
1160 1474 1244 1503 atque
1257 1468 1449 1496 contentiones
1462 1467 1615 1494 adinvicem
1629 1467 1750 1494 excitare
1764 1469 1876 1493 conten-

1085 1515 1161 1542 dunt.
1179 1515 1255 1547 Quos
1276 1521 1336 1541 cttm
1353 1514 1408 1541 sint
1424 1514 1531 1548 pacifici
1552 1518 1633 1548 atque
1646 1511 1798 1544 unanimes,
1811 1518 1874 1538 cum

1084 1561 1248 1588 adversariis
1269 1560 1326 1588 suis
1347 1559 1404 1587 sive
1425 1560 1468 1587 his
1488 1559 1534 1594 qui
1551 1559 1626 1586 intus
1646 1562 1726 1589 sunt.
1745 1557 1804 1585 sive
1826 1557 1873 1592 qui

1085 1606 1151 1634 foris
1174 1612 1257 1639 sunt,
1275 1607 1424 1634 concordes
1445 1610 1518 1634 stare
1535 1608 1694 1640 oportuerat
1707 1607 1736 1632 et
1755 1610 1786 1631 se
1804 1603 1875 1631 invi.

1083 1660 1143 1680 cem
1157 1652 1305 1681 defendere
1316 1673 1323 1685 ,
1341 1657 1423 1687 atque
1439 1652 1556 1680 invicem
1574 1651 1719 1686 adjuvare,
1733 1649 1779 1678 isti
1793 1649 1876 1677 nimi-

1084 1707 1144 1726 rum
1158 1699 1364 1734 compelluntur
1380 1704 1492 1734 propter
1506 1698 1642 1732 nequitias
1653 1703 1768 1725 uxorum
1779 1697 1878 1724 adverb

1084 1752 1144 1772 sum
1159 1745 1275 1772 invicem
1291 1745 1435 1780 insurgere
1452 1749 1479 1772 et
1499 1751 1530 1771 se
1551 1743 1666 1771 invicem
1685 1742 1750 1770 odio
1763 1741 1876 1775 habere,

1083 1797 1138 1826 quo
1152 1791 1260 1826 possint
1278 1790 1434 1825 iniquarum
1449 1797 1565 1817 uxorum
1579 1788 1690 1816 malitis
1705 1786 1875 1815 satisfacere.

1084 1836 1256 1871 Frequenter
1267 1836 1340 1863 enim
1353 1842 1402 1870 per
1413 1835 1558 1870 coniugum
1570 1841 1602 1862 os
1613 1834 1672 1862 inec
1683 1832 1748 1861 talia
1756 1833 1878 1868 loquitur

1084 1882 1207 1909 diabolus
1224 1881 1258 1908 ad
1278 1881 1364 1913 viros,
1384 1881 1542 1916 frequenter
1556 1879 1624 1907 dicit
1641 1879 1676 1907 ad
1689 1879 1764 1907 viros
1783 1885 1833 1914 per
1845 1885 1878 1906 os

1083 1928 1229 1962 conjugnm
1246 1927 1350 1955 :Existi
1366 1926 1440 1955 foras
1451 1947 1459 1960 ,
1479 1931 1506 1954 et
1523 1926 1591 1954 nihil
1605 1927 1677 1954 intro
1689 1926 1817 1954 attulisti.
1840 1925 1878 1954 De

1083 1974 1127 2001 via
1143 1974 1253 2006 venisti,
1265 1978 1294 2001 et
1305 1974 1399 2001 vacuis
1411 1973 1537 2001 manibus
1551 1973 1666 2000 domum
1678 1971 1810 2000 introisti.
1822 1971 1877 1999 Alii

1083 2024 1159 2053 eunt,
1174 2024 1202 2047 et
1219 2021 1324 2047 reversi
1337 2018 1455 2046 aii‘erunt
1468 2027 1475 2046 :
1493 2018 1539 2046 alii
1559 2017 1771 2052 proficiscuntur
1786 2021 1814 2044 et
1827 2024 1875 2044 ve-

1085 2065 1191 2092 nientes
1211 2065 1409 2100 perducuntur.
1432 2063 1473 2091 Tu
1495 2071 1560 2091 vero
1571 2064 1692 2095 deterior
1705 2063 1810 2092 exteris
1822 2082 1831 2096 ,
1847 2067 1876 2090 tu

1083 2115 1174 2139 autem
1186 2111 1304 2139 debilior
1316 2110 1392 2144 viris,
1413 2109 1538 2138 inutilior
1558 2111 1675 2142 cunctis,
1693 2109 1876 2145 aliaque‘plu-

1084 2157 1153 2184 rima
1173 2164 1234 2192 qua:
1255 2158 1343 2185 solitae
1363 2157 1455 2192 impiae
1477 2155 1607 2184 mulieres
1632 2156 1706 2192 loqui
1727 2156 1794 2184 viris
1818 2156 1876 2184 suis
1896 2174 1898 2177 -

1084 2208 1214 2237 cogentes
1237 2209 1285 2230 eos
1307 2203 1340 2230 ad
1365 2202 1452 2234 mala,
1473 2205 1556 2237 atque
1577 2202 1684 2229 animas
1709 2202 1830 2230 virorum
1845 2202 1874 2230 in

239 2254 376 2290 pharetra:
399 2261 467 2281 meat
491 2253 634 2286 evacuavi,
659 2255 687 2280 et
703 2251 822 2278 animam
837 2250 889 2279 Job
906 2258 959 2278 non
973 2251 1033 2278 vul-
1047 2250 1072 2281 υ
1085 2249 1220 2277 modicum
1237 2254 1372 2284 questum
1390 2249 1589 2281 venundantes,
1603 2248 1647 2276 vel
1659 2249 1748 2284 potius
1758 2249 1878 2284 perden-

240 2299 346 2328 neravi.
360 2298 457 2332 Filios,
471 2299 570 2334 inquit,
585 2299 644 2335 ejus
658 2298 764 2334 perdidi
779 2303 807 2326 et
819 2304 928 2325 sensum
943 2296 1001 2332 eius
1015 2303 1032 2324 a

240 2346 297 2374 Deo
311 2353 365 2374 non
383 2344 573 2381 praevaricavi.
592 2343 661 2372 Rem
683 2343 847 2372 familiarem
869 2343 929 2378 eius
943 2348 1033 2371 exter-

239 2389 358 2424 minavi,
374 2389 421 2416 sed
436 2388 597 2416 charitatem
613 2387 672 2423 eius
687 2395 768 2424 quam
789 2389 873 2416 habet
891 2388 965 2416 circa
981 2388 1032 2415 Do-

240 2435 344 2463 minum
357 2434 441 2462 Deum
466 2442 520 2462 non
544 2433 674 2462 exstinxi.
692 2433 810 2462 Carnem
836 2438 864 2461 et
886 2440 948 2461 ossa
973 2432 1032 2468 ejus

238 2477 378 2509 vermibus
398 2484 480 2516 atque
493 2479 638 2515 putredine
648 2480 818 2516 consumpsi,
834 2479 881 2508 sed
894 2479 975 2508 iidem
990 2485 1033 2507 at.

239 2523 299 2564 que
308 2527 494 2556 sinceritatem
511 2526 610 2554 animus
624 2526 682 2561 eius
697 2534 751 2554 non
768 2526 879 2554 violavi.
896 2526 967 2560 Quid
981 2527 1033 2562 lsi-

240 2581 286 2604 tur
303 2573 400 2603 faciam
421 2574 461 2602 illi
480 2573 572 2602 adhuc
591 2573 664 2608 quod
686 2580 740 2601 non
761 2572 836 2602 feci?
859 2573 930 2608 Quid
954 2573 982 2601 in
1000 2581 1034 2602 eo

239 2627 384 2649 exerceam
399 2621 488 2649 adhuc
502 2619 575 2656 quod
590 2625 643 2646 non
664 2619 775 2647 exercui
785 2619 799 2646 τ
814 2618 886 2655 Ergo
905 2618 968 2654 quia
986 2626 1035 2655 per

239 2667 369 2696 universa
385 2666 518 2702 supplicia
543 2671 626 2702 atque
649 2670 786 2694 tormenta
809 2672 909 2702 cogere
923 2672 987 2694 eum
1003 2672 1034 2694 ut

240 2715 326 2743 Deum
341 2713 508 2750 relinqueret
525 2720 578 2741 non
593 2712 684 2748 potui,
700 2711 841 2740 conferam
853 2732 861 2745 ,
877 2712 975 2748 inquit,
988 2716 1032 2739 me

239 2758 274 2786 ad
285 2756 484 2792 seductionem,
498 2756 640 2786 conferam
658 2756 692 2784 ad
710 2756 927 2792 persuasionem.
940 2756 1032 2785 Forsi-

241 2810 288 2834 tan
301 2803 373 2833 enim
385 2804 456 2839 quod
470 2812 524 2834 non
537 2801 622 2832 valuit
634 2808 722 2838 pinna
733 2802 850 2836 coactlo,
865 2802 917 2830 hoc
931 2802 1032 2832 nihilo.

275 2896 298 2913 "
310 2895 360 2925 Job
373 2904 403 2931 ιι,
424 2896 450 2926 9.
489 2895 513 2913 “
527 2894 576 2924 Job
594 2903 613 2930 I,
626 2895 672 2924 2i.
711 2895 733 2913 "
749 2895 800 2925 Job
814 2904 843 2930 ιι,
862 2897 888 2925 υ.

1083 2300 1142 2324 tes:
1159 2295 1258 2331 quibus
1275 2303 1349 2323 cura
1365 2303 1418 2323 non
1437 2299 1479 2323 est
1492 2296 1564 2323 unde
1584 2296 1729 2331 acquirant
1747 2295 1800 2322 viri
1819 2300 1875 2323 tam

1083 2349 1117 2370 ex
1136 2341 1239 2376 rapinis
1262 2348 1344 2377 quam
1372 2341 1454 2369 etiam
1474 2347 1508 2368 ex
1522 2341 1633 2376 praedis,
1651 2346 1706 2368 tam
1719 2348 1752 2369 ex
1773 2341 1876 2368 violen-

1083 2388 1129 2416 tiis
1154 2395 1238 2423 quam
1267 2394 1302 2414 ex
1323 2387 1421 2420 furtis,
1442 2392 1547 2414 tantum
1562 2391 1592 2415 ut
1613 2387 1641 2414 in
1660 2395 1744 2414 unntn
1768 2392 1877 2414 coacer-

1082 2438 1182 2462 vantes
1202 2433 1257 2462 illis
1279 2433 1405 2461 ail'erant.
1429 2433 1491 2461 Ista
1510 2440 1584 2461 verat
1598 2437 1664 2461 sunt
1683 2433 1877 2461 subversiones

1083 2479 1214 2507 virorum.
1234 2478 1297 2506 Istc
1311 2482 1375 2506 sunt
1390 2479 1558 2513 perditiones
1579 2479 1718 2512 virorum,
1741 2485 1791 2513 per
1806 2484 1876 2513 qua-

1082 2532 1142 2552 runt
1155 2532 1188 2553 os
1202 2524 1238 2553 ad
1251 2524 1383 2560 plurimos
1398 2524 1519 2559 loquitur
1532 2524 1667 2558 diabolus,
1682 2529 1744 2559 post
1757 2531 1876 2560 quarum

1080 2572 1163 2600 verba
1182 2570 1308 2599 conversi
1325 2571 1445 2606 plurimi,
1467 2571 1559 2599 miseri
1580 2570 1670 2598 eﬂecti
1693 2575 1759 2598 sunt
1773 2575 1802 2598 et
1818 2569 1877 2598 em-

1080 2617 1202 2649 ciuntur,
1217 2621 1247 2644 et
1254 2622 1337 2651 super
1353 2620 1453 2643 terram
1469 2620 1496 2643 et
1511 2616 1538 2643 in
1548 2616 1625 2652 leuato
1637 2620 1664 2643 et
1677 2615 1748 2651 apud
1762 2622 1876 2650 superos

1081 2669 1110 2692 et
1126 2665 1198 2699 apud
1219 2662 1336 2690 inferos.
1359 2661 1406 2690 Sic
1426 2662 1515 2690 locuta
1533 2667 1576 2690 est
1589 2661 1717 2694 Jezahel.
1736 2666 1765 2689 et
1778 2661 1876 2689 Achab

1084 2709 1213 2745 perdidit.
1240 2707 1286 2736 Sic
1308 2707 1397 2735 locuta
1419 2712 1462 2735 est
1477 2707 1610 2736 Herodias
1623 2712 1652 2736 et
1667 2707 1802 2735 Herodem
1820 2707 1876 2735 fra-

1086 2762 1155 2785 trem
1173 2755 1290 2791 Philippi
1308 2753 1458 2782 interfecit.
1481 2753 1528 2783 Sic
1546 2753 1646 2783 iocuta
1667 2759 1731 2783 sunt
1751 2753 1875 2790 plurimas

1085 2810 1147 2838 qua:
1163 2801 1257 2832 multis
1276 2799 1349 2829 maia
1363 2799 1545 2835 ingesserunt.
1561 2799 1608 2829 Sic
1621 2799 1715 2836 utique
1732 2805 1762 2829 et
1775 2801 1809 2829 ad
1822 2798 1875 2828 Job
