4174 6460
447 388 563 445 477

1562 388 1943 446 ANONYMUS
1980 388 2046 444 IN
2089 387 2228 444 JOB.
2264 416 2334 428 -—
2372 384 2501 440 LIB.
2541 383 2607 440 ll.

3594 390 3703 447 478

459 512 603 584 loqui
629 514 795 585 cmpit
814 529 954 570 uxor
980 515 1115 584 ejus,
1142 522 1198 570 et
1224 514 1467 571 diabolus
1492 529 1589 586 per
1610 530 1672 569 os
1696 515 1858 579 illius,
1888 514 2028 569 sicut
2057 518 2102 576 Α
2131 511 2310 564 lierem
2341 510 2379 563 ί.
2414 509 2736 578 Serpentem
2770 508 2909 565 dixit
2942 510 3166 579 dixisse,
3209 513 3304 570 sed
3340 529 3446 570 non
3479 528 3703 584 serpens

452 613 514 660 et
546 621 642 676 per
677 606 811 661 alias
859 609 926 661 ad
966 608 1101 663 alios
1145 606 1356 662 locutus
1397 616 1480 662 est
1521 617 1577 662 et
1614 608 1870 677 loquitur.
1920 607 2028 663 Sed

459 711 566 752 non
593 699 822 751 audiunt
866 698 983 753 illas
1032 698 1381 753 rationabiles
1418 698 1588 753 Deum
1626 700 1897 767 timentes,
1935 699 2028 770 qui

457 788 648 841 aeterni
691 788 878 858 judicii
910 789 1229 843 metuendas
1267 803 1456 856 poenas
1496 786 1787 843 formidant
1825 803 2030 843 memo-

460 891 582 942 res,
637 878 780 932 sicut
819 888 873 932 et
904 876 1006 932 Job
1044 893 1150 932 non
1188 880 1413 934 audivit.
1453 880 1569 935 Cur
1611 888 1792 935 autem
1843 896 2030 950 repre-

456 967 647 1021 hendit
687 984 910 1023 uxorem
949 969 1050 1024 Job
1082 980 1337 1038 tanquam
1377 973 1771 1026 deservientem
1807 973 2024 1041 nequis-

455 1060 597 1114 simo
629 1061 788 1130 angui
820 1061 1074 1116 diabolo?
1117 1062 1492 1132 Reprehensio
1533 1079 1772 1133 namque
1799 1075 1882 1118 est
1914 1065 2031 1120 lituo

456 1148 668 1218 ingens,
706 1159 869 1220 atque
920 1151 1237 1221 increpatio.
1281 1152 1524 1207 Primum
1564 1154 1779 1223 quidem
1820 1154 1889 1209 ob
1929 1156 2031 1209 hoc

453 1253 577 1294 eam
627 1241 974 1310 reprehendit
1010 1252 1176 1313 atque
1215 1242 1490 1314 objurgat,
1528 1255 1589 1298 ut
1629 1245 1814 1300 norint
1842 1260 2032 1300 omnes

454 1332 731 1395 viventes,
772 1331 900 1400 quia
945 1347 1053 1387 non
1090 1343 1175 1389 est
1208 1349 1557 1404 personarum
1590 1346 1841 1405 acceptor
1864 1335 2027 1398 Deus,

452 1432 510 1477 et
531 1422 657 1493 quia
686 1438 790 1477 non
817 1425 1067 1495 despicit,
1098 1442 1270 1496 neque
1295 1428 1421 1483 silet
1446 1442 1544 1497 pro
1568 1443 1791 1483 suorum
1816 1430 2031 1483 delictis

453 1523 617 1583 atque
657 1514 995 1584 ignorantiis,
1031 1531 1202 1585 neque
1237 1519 1448 1588 magnis
1477 1532 1650 1588 neque
1679 1520 1903 1588 pusillis,
1935 1533 2030 1573 ne-

451 1621 557 1677 que
581 1606 636 1661 in
668 1608 869 1672 verbis,
909 1623 1085 1677 neque
1116 1594 1169 1663 in
1197 1610 1377 1664 factis.
1415 1610 1497 1665 0b
1526 1611 1629 1665 hoc
1662 1612 1806 1664 enim
1848 1620 1902 1664 et
1931 1609 2031 1665 Sa-

452 1714 572 1755 ram
614 1700 744 1754 olim
786 1701 1060 1756 ridentem
1106 1718 1169 1757 ac
1202 1705 1615 1774 promissionem
1650 1720 1803 1760 suam
1846 1720 2031 1775 aSper-

452 1800 678 1846 nantem
704 1794 1005 1864 redarguit.
1045 1795 1125 1850 Ob
1157 1795 1259 1849 hoc
1285 1796 1451 1849 etiam
1478 1812 1621 1851 nunc
1651 1797 1774 1851 istic
1804 1813 2026 1851 uxorem

449 1883 552 1940 Job
597 1886 781 1955 arguit
811 1895 977 1954 atque
1014 1887 1399 1954 reprehendit,
1436 1896 1496 1941 ut
1531 1897 1740 1942 cuncta
1771 1886 2027 1943 mulieres

450 1988 687 2032 caveant
731 1992 802 2033 ne
836 1976 1140 2047 cnjuspiam
1186 1993 1374 2033 earnm
1416 1980 1582 2033 corda
1620 1978 1868 2033 diabolus
1901 1982 2029 2033 sub-

446 2078 653 2132 vertat,
684 2084 753 2123 ne
784 2084 847 2124 os
883 2084 1072 2124 earnm
1104 2070 1339 2126 Satanas
1385 2070 1618 2140 aperiat,
1658 2087 1726 2126 ne
1762 2071 2028 2148 malignus

450 2161 673 2229 spiritus
714 2176 812 2230 per
852 2161 994 2215 labia
1041 2176 1230 2217 earum
1277 2162 1569 2230 loquatur,
1616 2178 1682 2217 ne
1718 2162 2030 2218 deserviant

446 2251 667 2306 diabolo
706 2267 804 2322 pro
859 2253 1216 2308 subversione
1271 2255 1575 2309 animarum
1622 2256 1860 2310 virorum
1901 2271 2029 2311 suo-

452 2357 595 2396 rum.
628 2343 695 2397 Et
736 2344 803 2398 ad
842 2345 942 2399 hoc
971 2344 1323 2415 reprehendit
1349 2360 1576 2399 uxorem
1606 2344 1726 2412 Job,
1758 2361 1877 2415 qua:
1912 2347 2028 2400 dia-

449 2433 577 2488 bolo
609 2434 900 2490 deservivit
929 2451 1027 2505 pro
1060 2436 1417 2492 subversione
1445 2437 1584 2507 ejus,
1616 2448 1674 2493 ut
1714 2439 2028 2494 noverimus

450 2541 554 2581 nos
596 2526 881 2593 plurimam
918 2538 1081 2598 atque
1123 2528 1479 2597 multiplicem
1533 2529 1733 2583 diaboli
1780 2530 2027 2600 maligni-

438 2626 617 2673 tatem
647 2627 703 2673 et
735 2619 1011 2674 astutiam.
1043 2619 1147 2675 Per
1185 2621 1367 2675 omnia
1401 2621 1544 2675 enim
1577 2622 1900 2685 insidiatur,
1930 2637 2027 2693 per

439 2709 630 2764 Omnia
661 2709 982 2764 subvertere
1010 2720 1265 2777 conatur,
1288 2720 1343 2764 et
1370 2724 1465 2780 per
1487 2712 1713 2779 amicos,
1743 2722 1797 2767 et
1822 2727 1917 2782 per
1937 2726 2025 2767 so-

449 2800 621 2866 dales,
661 2811 716 2854 et
755 2815 852 2872 per
881 2816 1116 2857 uxores:
1153 2816 1273 2871 quae
1315 2802 1369 2856 in
1398 2801 1501 2857 Job
1541 2804 1835 2872 adimpleta
1876 2812 2022 2869 sunt,

447 2907 607 2962 quem
636 2893 796 2946 amici
831 2893 1332 2961 reprehenderunt,
1370 2909 1509 2947 uxor
1542 2909 1673 2949 vero
1705 2897 2025 2950 subvertere

448 2986 567 3039 nisa
603 2992 706 3039 est.
735 2982 936 3037 Horum
965 2984 1355 3039 scilicetetiam
1381 2986 1715 3054 posteriores
1742 2988 2022 3057 propheta!

448 3090 721 3129 memores
768 3076 1060 3131 dixerunt:
1122 3076 1307 3131 Nolite
1358 3078 1567 3132 credere
1612 3080 1921 3145 sodalibus,
1973 3090 2021 3135 et

449 3184 567 3221 eum
599 3169 786 3221 amicis
820 3168 902 3223 vel
927 3169 1183 3238 fratribus
1211 3170 1375 3224 nolite
1398 3171 1680 3225 consiliare
1699 3211 1714 3236 ,
1740 3187 1772 3225 a
1801 3172 2022 3241 conjuge
2047 3207 2089 3265 ο

440 3268 542 3311 tua
569 3269 617 3311 te
643 3259 853 3313 observa
878 3261 945 3312 ⁸⁸.
990 3259 1095 3313 Pro
1149 3260 1233 3315 bis
1272 3275 1401 3329 ergo
1435 3262 1689 3317 omnibus
1730 3277 2016 3327 accusans,

449 3359 613 3419 atque
646 3352 1046 3419 reprehendens
1073 3366 1299 3407 uxorem
1340 3367 1493 3407 suam
1522 3351 1641 3416 Job,
1675 3354 1831 3409 dixit.
1873 3353 2021 3407 Dixit

447 3452 627 3496 autem
659 3458 798 3496 uxor
819 3443 941 3511 ejus
968 3457 1180 3509 vecors,
1203 3444 1493 3510 vertibilis,
1532 3444 1822 3509 instabilis,
1855 3461 2019 3516 quam

449 3534 607 3589 facile
647 3534 846 3588 diaboli
888 3534 1081 3590 ﬂuctus
1128 3536 1425 3600 subvertit,
1472 3537 1525 3590 in
1573 3536 1729 3606 cujus
1774 3538 2009 3591 animam

449 3626 767 3695 nequissimi
812 3626 1068 3681 illecebra
1111 3626 1269 3682 facile
1310 3629 1548 3697 irrepsit.
1605 3627 1731 3684 Haec
1774 3628 2021 3684 videlicet

446 3730 586 3770 uxor
613 3716 730 3785 ejus
759 3716 899 3770 dixit
922 3717 988 3770 ad
1018 3731 1165 3780 eum,
1195 3731 1357 3786 quam
1389 3717 1510 3772 ideo
1551 3716 1722 3771 solam
1751 3718 1817 3774 de
1843 3719 2021 3773 omni-

446 3807 551 3862 bus
585 3806 956 3875 nequissimus
992 3805 1238 3861 diabolus
1277 3821 1562 3876 superesse
1593 3807 1783 3874 voluit,
1822 3820 1882 3864 ut
1920 3810 2023 3865 hac

446 3897 746 3953 novissima
774 3905 1023 3951 uteretur
1047 3911 1146 3966 pro
1161 3894 1261 3952 Job
1285 3898 1623 3961 seductione,
1644 3907 1808 3969 atque
1832 3900 2025 3955 animae

445 3992 564 4062 ejus
588 3991 967 4047 subversione.
998 3990 1125 4044 Sive
1145 3992 1289 4044 enim
1316 3990 1458 4045 Deus
1485 3992 1742 4061 praecepit
1769 3993 1909 4047 hanc
1940 4008 2024 4048 re-

448 4085 681 4151 servari,
709 4085 855 4140 sicut
884 4094 939 4138 et
966 4084 1241 4155 praecepit,
1272 4084 1343 4138 ob
1370 4084 1474 4139 hoc
1502 4094 1561 4140 ut
1588 4084 1706 4154 ejus
1731 4087 2023 4141 secundam

444 4191 671 4231 uxorem
698 4177 881 4245 justus
910 4176 1001 4232 ille
1025 4173 1127 4231 Job
1159 4176 1410 4245 accipere
1437 4192 1576 4247 opus
1602 4191 1708 4232 non
1757 4178 1980 4233 haberet
2007 4196 2020 4232 :

448 4267 564 4322 sive
593 4266 680 4320 ille
707 4267 954 4322 diabolus
988 4267 1129 4322 hanc
1157 4268 1508 4322 censervavit
1536 4277 1777 4338 tractans
1800 4278 1859 4324 ut
1887 4268 2026 4325 hanc

447 4358 754 4414 ministram
789 4359 1095 4428 iniquitatis
1126 4375 1237 4415 suae
1262 4360 1522 4427 haberet,
1558 4371 1616 4416 ut
1644 4361 1786 4417 hanc
1800 4361 2025 4416 haberet

444 4465 548 4521 pro
571 4451 869 4506 novissimo
899 4450 1003 4507 Job
1032 4452 1259 4522 laqueo,
1288 4461 1348 4506 ut
1375 4462 1658 4522 postquam
1691 4469 1786 4523 per
1808 4468 2023 4508 omnem

2126 603 2290 667 dixit,
2327 604 2423 658 sed
2453 602 2703 659 diabolus
2735 605 2825 672 qui
2859 619 2956 673 per
2997 617 3305 676 serpentem
3347 608 3559 664 locutus
3596 620 3700 663 est.

2133 696 2225 754 Sic
2250 708 2303 753 et
2333 712 2479 752 nunc
2517 696 2638 752 istic
2661 711 2887 752 uxorem
2922 698 3052 753 dicit
3077 700 3302 765 dixisse,
3328 702 3422 756 sed
3447 717 3572 756 vere
3598 718 3702 756 non

2131 806 2273 845 uxor
2308 791 2466 852 dixit,
2501 790 2596 844 sed
2630 789 2977 846 adversarius
3013 791 3102 859 qui
3135 807 3232 861 per
3264 809 3485 847 uxorem
3512 803 3596 848 est
3628 795 3704 847 lo-

2129 888 2307 933 cutus.
2339 878 2487 932 Dixit
2513 879 2583 932 ad
2604 896 2721 933 eum
2748 896 2883 934 uxor
2910 882 3060 950 ejus:
3093 880 3371 952 Quousque
3400 886 3625 938 sustines
3644 885 3704 939 η

2134 969 2272 1037 Quid
2299 972 2669 1039 superamus?
2705 972 2835 1041 quid
2875 973 3261 1042 suspicamur?
3293 976 3420 1045 quid
3464 977 3704 1031 testimo-

2130 1063 2300 1117 mus?
2335 1078 2444 1134 quo
2480 1072 2700 1134 aspectu
2730 1107 2745 1131 ,
2794 1080 2828 1119 ο
2857 1065 2958 1118 viri
2990 1106 3005 1130 ,
3048 1067 3133 1121 vel
3179 1083 3284 1137 qua
3332 1067 3471 1122 facie
3522 1068 3700 1128 locuta

2130 1165 2215 1212 est
2235 1156 2302 1211 ad
2324 1155 2427 1213 Job
2452 1173 2589 1213 uxor
2615 1157 2779 1228 ejus?
2804 1157 3155 1214 Manifestum
3179 1170 3264 1215 est
3293 1172 3455 1228 atque
3478 1162 3703 1218 evidens

2131 1248 2428 1311 omnibus,
2481 1249 2623 1317 quod
2673 1248 2762 1303 illa
2810 1266 2917 1305 non
2974 1250 3150 1305 locuta
3195 1260 3279 1305 est
3324 1252 3484 1306 hilari
3528 1252 3701 1319 vultu,

2132 1352 2308 1407 neque
2358 1337 2483 1392 laeto
2536 1349 2779 1407 aspectu,
2828 1340 2923 1394 sed
2968 1340 3147 1403 tristi,
3189 1341 3446 1405 imbrido,
3496 1342 3701 1404 nubilo,

2124 1426 2306 1492 ﬂenti,
2349 1431 2500 1484 omni
2545 1431 2902 1488 nihilominus
2941 1435 3163 1488 miseria
3202 1434 3443 1488 referto:
3490 1443 3545 1487 et
3585 1435 3700 1503 ipsa

2131 1536 2266 1576 voce
2295 1521 2630 1588 lacrymabili
2660 1526 2943 1581 commista
2972 1525 3380 1582 lamentatione.
3412 1526 3502 1581 Sic
3525 1527 3705 1595 itaque

2130 1611 2495 1667 miserabilem
2522 1629 2580 1668 se
2606 1614 2872 1669 exhibens
2899 1616 3120 1684 iniquus
3147 1625 3311 1685 atque
3334 1615 3562 1670 callidus
3589 1617 3706 1670 dia-

2129 1699 2285 1756 bolus
2308 1704 2665 1773 aperiensqne
2696 1720 2757 1760 os
2780 1721 2960 1769 suum,
2996 1708 3129 1761 dicit
3158 1708 3222 1762 ad
3242 1706 3345 1762 Job
3371 1726 3385 1761 :
3422 1706 3704 1776 Quousque

2130 1792 2357 1845 sustines
2381 1793 2407 1845 ?
2440 1793 2482 1845 Ο
2516 1794 2849 1861 nequissime
2877 1793 3102 1860 Satana,
3133 1798 3402 1864 quomodo
3432 1797 3705 1851 subtiliter

2057 1854 2100 1910 Β
2129 1882 2377 1946 seducis,
2411 1854 2682 1952 quomodo
2724 1885 2921 1940 callide
2963 1854 3231 1954 loqueris,
3279 1901 3312 1940 o
3350 1885 3705 1940 callidissime

2128 1973 2361 2028 diabole.
2405 1975 2730 2044 Quousque,
2778 1976 3067 2046 inquiens,
3101 1976 3380 2032 sustines?
3423 1991 3705 2046 quousque

2126 2064 2365 2119 suﬂ'ers?
2411 2081 2695 2137 quousque
2736 2069 3020 2137 protelas?
3068 2084 3353 2139 quousque
3385 2079 3704 2125 constanter

2126 2160 2384 2227 perstas?
2430 2159 2702 2227 Quandiu,
2747 2162 2943 2229 inquit,
2986 2163 3098 2217 eris
3126 2163 3397 2232 lapidibus
3432 2162 3703 2216 robustior

2127 2263 2183 2303 et
2205 2252 2351 2306 saxis
2375 2252 2583 2318 durior,
2611 2262 2668 2307 et
2692 2253 2841 2308 omni
2874 2252 3019 2309 ferro
3053 2254 3294 2309 ﬁrmior?
3319 2254 3544 2309 Ferrum
3578 2271 3701 2309 cum

2127 2336 2181 2392 in
2222 2339 2400 2410 ignem
2441 2342 2666 2397 missum
2711 2342 2877 2398 fuerit
2907 2344 3182 2413 liquescit,
3228 2354 3283 2399 tu
3318 2360 3447 2399 vero
3488 2346 3541 2398 in
3579 2347 3702 2415 igne

2126 2428 2434 2499 putredinis
2463 2440 2627 2501 atque
2657 2434 2922 2489 vermium
2962 2435 3208 2503 positus,
3251 2434 3438 2489 animo
3482 2452 3588 2489 non
3636 2437 3703 2488 li-

2127 2521 2342 2589 quescis
2366 2522 2389 2577 ?
2419 2521 2701 2593 Quousque
2721 2525 2992 2581 sustines?
3021 2525 3334 2596 Quousque,
3363 2526 3561 2594 inquit,
3596 2542 3701 2578 non

2124 2610 2381 2679 ﬂecteris,
2416 2629 2699 2685 quousque
2735 2631 2838 2670 non
2873 2615 3080 2681 deﬁcis,
3111 2631 3393 2686 quousque
3421 2633 3527 2671 non
3554 2618 3704 2672 debi-

2126 2705 2343 2761 litaris?
2374 2706 2451 2759 Ac
2480 2706 2524 2759 si
2549 2706 2755 2762 diceret
2780 2724 2794 2761 :
2829 2708 2944 2778 Ego
2969 2707 3183 2774 deﬁcio,
3216 2724 3249 2763 ο
3274 2707 3394 2772 Job,
3429 2718 3483 2763 et
3511 2718 3564 2761 tu
3594 2723 3701 2763 non

2126 2794 2356 2862 deﬁcis;
2396 2810 2495 2864 ego
2535 2795 2798 2867 fatigatus
2835 2812 2977 2864 sum,
3005 2807 3058 2851 ct
3098 2806 3150 2851 tu
3190 2813 3295 2853 non
3335 2811 3394 2852 es
3426 2796 3701 2868 fatigatus.

2125 2885 2458 2941 Defecerunt
2479 2902 2511 2941 a
2540 2902 2626 2942 me
2655 2887 2839 2943 omnia
2865 2897 3205 2958 argumenta,
3233 2904 3264 2943 a
3296 2898 3349 2945 te
3379 2898 3562 2945 autem
3594 2905 3701 2946 non

2126 2975 2308 3029 deficit
2332 2975 2568 3044 devotio,
2600 2985 2761 3047 atque
2807 2978 3090 3047 patientia.
3124 2978 3405 3050 Quousque
3436 2979 3703 3038 sustines?

2127 3063 2376 3132 Quandiu
2399 3075 2453 3120 tu
2473 3066 2793 3137 ﬂagellaris?
2807 3069 3039 3138 quandiu
3059 3086 3088 3124 a
3110 3087 3194 3125 me
3212 3073 3482 3142 torqueris
3499 3083 3550 3127 et
3569 3089 3672 3127 cun
3685 3102 3704 3115 -

2126 3170 2211 3211 Cta
2228 3158 2489 3226 sustines,
2507 3168 2561 3213 et
2578 3168 2864 3229 supportas
2896 3159 3171 3224 universa.
3192 3172 3245 3215 et
3262 3178 3367 3217 non
3400 3162 3569 3216 solum
3594 3172 3703 3216 tor-

2122 3260 2299 3303 menta
2311 3258 2471 3318 atque
2487 3251 2769 3321 supplicia,
2786 3252 2879 3306 sed
2895 3262 2948 3306 et
2963 3255 3304 3309 seductiones
3328 3269 3391 3308 ac
3413 3258 3701 3310 verborum

2120 3342 2471 3409 subtilitates,
2490 3353 2683 3400 cuncta
2698 3345 2952 3411 sustines,
2967 3357 3158 3402 cuncta
3174 3347 3387 3415 suffers,
3404 3349 3497 3404 sed
3512 3364 3540 3402 a
3559 3350 3703 3404 nullo

2114 3432 2403 3491 ﬂecteris?
2436 3434 2746 3504 Quousque,
2795 3435 2993 3505 inquit,
3043 3437 3303 3503 sustines,
3341 3452 3373 3492 0
3405 3436 3550 3493 Job?
3599 3437 3702 3505 Qui

2121 3525 2463 3593 sustinebat,
2507 3527 2603 3596 qui
2648 3528 3030 3597 torquebatur,
3080 3545 3187 3584 non
3244 3539 3327 3585 est
3373 3530 3701 3593 debilitatus,

2123 3630 2298 3686 neque
2333 3617 2401 3672 ad
2447 3617 2818 3671 sustinendum
2878 3628 3261 3675 consternatus
3299 3637 3314 3675 :
3360 3629 3534 3675 tortor
3577 3635 3706 3675 vero

2122 3705 2237 3774 ejus
2277 3707 2529 3763 diabolus
2557 3710 2884 3775 delassatus,
2937 3724 3002 3764 ac
3047 3711 3323 3777 deﬁciens,
3356 3711 3485 3765 dicit
3514 3730 3528 3765 :
3560 3710 3699 3776 Quo-

2122 3813 2286 3867 usque
2312 3800 2581 3854 sustines?
2612 3800 2731 3855 Non
2767 3801 3019 3858 dicitJob
3042 3804 3133 3869 qui
3164 3805 3540 3874 torquebatur,
3571 3819 3706 3873 quo-

2125 3906 2294 3960 usque
2324 3892 2642 3957 sustineam,
2667 3908 2948 3963 quousque
2981 3896 3274 3965 torquear?
3299 3895 3552 3951 Diabolus
3576 3913 3705 3952 vero

2123 3982 2213 4050 qui
2249 3996 2351 4034 non
2384 3983 2691 4037 sustinebat
2729 3983 2943 4039 dolores
2964 4026 2979 4049 ,
3006 3986 3102 4039 sed
3130 3985 3526 4050 confusionem,
3559 3986 3706 4041 dice-

2122 4072 2216 4127 bat
2251 4074 2317 4126 ad
2353 4073 2648 4140 patientem
2682 4083 2847 4145 atque
2875 4076 3232 4131 sustinentem
3259 4096 3272 4129 :
3300 4077 3581 4147 Quousque
3608 4094 3703 4131 su-

2124 4164 2328 4219 stines?
2359 4163 2460 4219 Job
2495 4166 2585 4235 qui
2620 4166 2944 4232 sustinebat,
2990 4183 3096 4221 non
3129 4168 3554 4222 succumbebat:
3594 4169 3705 4221 dia-

2124 4256 2282 4312 bolus
2328 4271 2458 4312 vero
2502 4259 2594 4326 qui
2657 4272 2763 4312 non
2814 4259 3155 4325 sustinebat,
3221 4258 3527 4313 deﬁciebat.
3585 4256 3703 4314 Non

2126 4349 2272 4403 enim
2312 4350 2413 4405 hoc
2443 4352 2586 4420 quod
2613 4351 2766 4416 dicit,
2799 4352 3081 4422 Quousque
3122 4353 3394 4407 sustines?
3432 4352 3703 4406 fortitudi-

2127 4456 2248 4496 nem
2279 4442 2618 4498 demonstrat
2652 4443 3010 4508 sustinentis,
3043 4445 3137 4500 sed
3172 4442 3439 4499 defectum
3469 4444 3705 4500 ostendit

436 4557 563 4596 rem
592 4542 936 4612 desperaret,
967 4553 1097 4598 tunc
1134 4558 1230 4613 per
1256 4558 1477 4599 uxorem
1513 4544 1718 4613 justum
1748 4544 2022 4614 perderet,
2058 4551 2101 4605 ι)
2128 4535 2503 4604 percutientis.
2549 4536 2915 4607 Conqueritur
2955 4538 3046 4606 qui
3085 4537 3280 4602 cmdit,
3329 4545 3383 4591 et
3422 4551 3530 4590 non
3574 4550 3704 4590 0011-

446 4632 591 4688 sicut
619 4634 735 4703 ipse
759 4635 1134 4690 arbitrabatur
1162 4635 1364 4702 infelix,
1386 4636 1692 4691 aestimabat
1717 4646 1880 4707 atque
1903 4651 2028 4705 spe-

449 4727 621 4782 rabat.
672 4726 748 4780 De
800 4727 958 4796 longe
1001 4727 1145 4782 enim
1187 4727 1328 4782 oculi
1377 4728 1494 4798 ejus
1539 4728 1911 4793 considerant,
1957 4730 2025 4783 de

438 4812 607 4883 longe
640 4814 907 4885 iniquitas
945 4815 1060 4883 ejus
1101 4817 1439 4885 prospiciens
1469 4818 1856 4883 circumvenit,
1896 4818 2030 4872 insi-

445 4905 565 4961 dias
589 4920 782 4962 omnes
803 4916 1005 4975 captat,
1031 4908 1486 4976 quemadmodum
1511 4908 1876 4973 subintroeat,
1901 4922 2030 4976 quo-

445 4999 609 5052 modo
640 4997 859 5067 dejiciat
880 5039 897 5064 ,
927 5001 1196 5069 quomodo
1222 4999 1351 5053 Adae
1395 4998 1771 5053 familiaritate
1815 5013 2024 5068 praeva-

432 5091 665 5145 ricaret.
709 5088 795 5146 Oh
827 5090 931 5145 hoc
965 5106 1094 5160 ergo
1122 5091 1425 5147 reservavit
1455 5100 1619 5160 atque
1648 5091 1865 5161 reliquit
1892 5107 2025 5146 uxo-

447 5197 559 5236 rem
582 5181 717 5247 Job,
750 5182 893 5237 sicut
929 5191 985 5237 et
1021 5182 1141 5237 illos
1177 5183 1394 5237 nuntios
1432 5183 1521 5250 qui
1566 5182 1817 5237 dicebant
1859 5201 1873 5237 :
1909 5182 2024 5252 Ego

447 5274 677 5327 remansi
720 5272 889 5337 solus,
928 5282 984 5325 ut
1025 5275 1323 5327 nuntiarem
1358 5273 1453 5327 tibi
1475 5275 1541 5328 ⁸³.
1588 5274 1669 5331 Ob
1708 5276 1809 5327 hoc
1848 5274 2021 5328 solum

447 5362 569 5417 illos
602 5364 931 5427 reservavit,
967 5374 1021 5417 ut
1063 5376 1465 5434 consequenter
1497 5366 1714 5423 dolores
1757 5368 2025 5421 subcnar-

434 5464 651 5509 rarent.
667 5454 789 5511 Hoc
812 5456 1022 5512 scilicet
1042 5457 1426 5519 demonstrans
1447 5459 1609 5514 dicit:
1639 5458 1782 5512 Dixit
1806 5456 1874 5511 ad
1900 5474 2020 5512 eum

436 5562 583 5600 ,ωπον
612 5547 748 5616 ejus.
785 5548 1020 5605 Uxorem
1049 5550 1184 5604 dixit
1214 5550 1419 5607 dixisse
1440 5593 1457 5616 ,
1498 5553 1592 5608 sed
1622 5567 1747 5607 vere
1775 5552 2022 5615 diabolus

434 5640 604 5693 .dixit.
634 5640 725 5695 Sic
759 5656 994 5711 namque
1017 5651 1074 5697 et
1102 5641 1230 5699 olim
1258 5642 1365 5698 ait;
1399 5642 1545 5698 Dixit
1570 5660 1781 5714 serpens
1811 5645 1881 5697 ad
1908 5659 2027 5695 mu-

519 5886 745 5945 “Mich.
785 5905 883 5961 vn,
907 5889 959 5945 5.
1037 5890 1080 5924 ”
1113 5888 1211 5949 Job
1244 5906 1284 5960 ι,
1318 5891 1398 5947 15.
1481 5891 1656 5948 ‘Gsn.
1698 5907 1779 5959 ιιι,
1816 5892 1863 5947 1.

2128 4628 2373 4696 queritur
2420 4628 2511 4698 qui
2556 4629 2800 4699 vapulat.
2843 4630 3133 4696 Quandiu,
3183 4628 3391 4699 inquit,
3429 4628 3707 4682 sustines?

2128 4719 2464 4789 Liquefactze
2499 4731 2648 4786 sunt,
2685 4721 2883 4792 inquit,
2932 4736 3125 4776 carnes
3168 4731 3290 4785 tuae,
3334 4735 3367 4774 ο
3405 4718 3535 4784 Job,
3574 4733 3694 4773 con.

2130 4821 2342 4879 sumpta
2379 4822 2505 4866 sunt
2542 4827 2668 4868 ossa
2697 4822 2785 4866 tua
2808 4822 2860 4867 et
2894 4811 3064 4876 nervi,
3096 4809 3397 4880 putrefacta
3433 4818 3516 4863 est
3538 4808 3706 4863 etiam

2132 4909 2277 4955 terra
2308 4902 2420 4971 ipsa
2452 4903 2553 4957 sub
2580 4913 2651 4966 te.
2678 4912 2733 4961 et
2760 4902 2936 4957 adhuc
2961 4902 3222 4966 sustines,
3249 4916 3281 4955 ο
3313 4899 3454 4955 Job?
3481 4899 3705 4955 Locutio

2131 4992 2464 5063 linguarum,
2490 5002 2545 5049 et
2569 5008 2752 5049 sermo
2771 4994 3064 5058 viatorum,
3090 5002 3147 5048 et
3171 4993 3394 5047 nuntius
3419 5001 3701 5055 transeuno

2134 5087 2290 5151 tium,
2321 5095 2377 5139 et
2400 5086 2766 5154 spectaculum
2811 5086 2897 5141 his
2926 5086 3014 5155 qui
3056 5085 3213 5156 longe
3257 5095 3404 5151 sunt,
3442 5094 3497 5139 et
3536 5082 3700 5138 decli-

2134 5179 2283 5233 natio
2327 5180 2412 5233 his
2442 5178 2532 5247 qui
2579 5193 2748 5249 prope
2789 5188 2911 5233 sunt
2951 5178 3127 5232 factus
3165 5192 3259 5243 es,
3305 5187 3358 5232 et
3399 5177 3573 5232 adhuc
3614 5191 3711 5230 sn-

2132 5272 2334 5337 stines,
2372 5286 2404 5324 o
2434 5268 2575 5326 Job?
2603 5269 2959 5325 Transierunt
3001 5280 3187 5325 noctes
3225 5277 3279 5323 et
3317 5270 3432 5324 dies
3463 5278 3517 5322 et
3555 5283 3709 5322 men-

2128 5378 2216 5418 ses
2258 5364 2311 5417 in
2349 5361 2625 5418 doloribus
2660 5363 2802 5427 tuis,
2836 5362 3016 5416 adhuc
3050 5360 3329 5415 sustines?
3368 5359 3583 5426 Defeci,
3620 5361 3706 5411 in-

2134 5456 2275 5525 quit,
2318 5456 2480 5509 etiam
2521 5463 2577 5508 ct
2614 5467 2714 5523 ego
2740 5453 2997 5506 assistens
3030 5451 3146 5515 tibi,
3189 5450 3472 5521 invigilans
3501 5460 3553 5503 et
3578 5464 3705 5517 spe-

2133 5562 2262 5603 rans
2311 5547 2358 5602 si
2407 5560 2515 5616 quo
2553 5546 2713 5600 modo
2754 5544 3008 5599 deﬁciens
3055 5543 3480 5615 blasphemares,
3529 5540 3614 5596 vel
3657 5541 3731 5596 si‘

2118 5636 2400 5707 quomodo
2434 5636 2795 5695 succumbens
2823 5634 3140 5692 detraheres
3172 5651 3187 5689 :
3224 5642 3279 5690 et
3313 5642 3368 5689 tu
3412 5648 3518 5690 non
3552 5629 3709 5689 defe-

1940 5891 1960 5923 ’
1992 5887 2089 5955 Joh
2127 5906 2188 5957 It,
2214 5891 2267 5946 9.
