2087 3208
254 176 308 205 6⁷0

810 175 1003 206 ANONYMUS
1021 175 1054 204 IN
1073 175 1143 204 JOB.
1162 190 1197 197 —-
1214 174 1280 205 LIB.
1298 174 1332 203 ll.

1824 178 1878 208 ιω

254 235 328 267 cisti,
354 242 441 270 neque
467 234 650 268 succubuisti,
678 236 725 262 sed
750 235 838 263 adhuc
862 241 982 263 susttues
994 255 1002 267 ,
1025 243 1042 264 o
1055 238 1079 267 Α
1094 234 1324 270 magnifuerunta
1340 233 1449 267 saeculo,
1458 237 1485 261 et
1495 233 1655 269 plerumque
1668 241 1762 263 eorum
1776 243 1879 266 memo-

254 280 327 310 Job?
353 282 516 309 Defecerunt
530 281 641 314 divitiae,
665 281 824 310 defecerunt
844 282 904 314 lilii,
929 289 1041 316 compu-

256 329 381 352 truerunt
395 333 503 357 carnes,
525 325 663 359 liquefacti
683 332 746 353 sunt
769 327 857 360 nervi,
877 333 905 354 et
925 334 987 355 ossa
1012 328 1040 354 in

254 374 376 396 stercora
399 371 508 398 redacta
528 376 604 402 sunt.
625 375 696 397 terra
711 372 960 400 concalescentibus
978 380 1039 399 car-

254 415 334 442 nibus
355 415 408 442 tuis
423 417 564 443 commista
577 436 585 448 ,
599 421 626 444 et
639 417 728 444 adhuc
741 418 880 445 sustines?
893 417 969 452 Quod
983 418 1040 445 elli-

254 460 363 487 ciuntur
381 462 480 488 tuortui
503 461 530 488 in
553 462 677 496 sepulcro
700 468 759 497 post
775 467 901 496 mortem,
925 464 1040 497 putredo

252 510 281 532 et
294 512 400 532 vermes
417 510 499 540 atque
522 511 601 534 terra:
621 508 775 540 commisti,
799 508 850 536 hoc
867 509 992 537 videlicet
1011 514 1039 537 tu

253 549 366 577 etii-ctus
388 551 478 578 adhuc
493 552 586 578 vivens
610 553 720 585 videris,
738 557 764 580 et
779 560 860 588 super
874 553 931 581 haec
948 556 1039 582 omnia

253 594 341 622 adhuc
349 596 479 628 sustines,
490 604 506 623 o
517 595 568 624 Job
576 616 584 630 ,
598 597 694 625 suifers
705 598 857 633 hujusmodi
873 600 1038 634 passionem,

252 640 360 675 qualem
376 650 429 669 non
443 643 574 670 sustinuit
589 645 664 678 prior
680 649 705 671 te
719 646 805 678 alter,
823 653 911 680 neque
924 647 1040 674 sustine-

252 686 292 714 bit
305 687 374 715 alius
387 696 472 723 usque
490 690 516 716 in
531 691 725 725 sempiternum
741 696 801 726 post
819 692 865 719 te?
884 693 1038 728 Quousque;

252 733 351 767 inquit,
369 736 507 762 sustines!
525 736 658 764 Deliciens
669 738 725 772 jam
744 738 896 773 requiesce,
913 743 942 766 ut
957 740 1039 767 etiam

252 787 297 807 me
315 780 486 814 requiescere
504 783 589 810 iacias
607 791 622 810 a
642 784 712 811 bello
727 788 754 812 et
773 785 934 818 certamine,
957 791 1039 822 atque

251 826 444 855 colluctatione
457 836 537 863 quam
551 829 638 857 habeo
650 830 723 857 circa
738 836 773 858 te.
793 830 847 858 Sed
861 831 896 860 ad
909 831 967 859 haec
979 832 1039 859 uui-

251 879 330 899 versa
353 880 409 900 uno
429 874 512 901 verbo
535 875 675 909 respondit
695 876 809 904 dicens:
830 876 860 904 Si
887 877 1038 913 interrogas

251 925 307 950 me,
319 925 336 945 ο
352 919 470 951 inimice,
484 928 626 955 quousque
645 922 806 954 Sustineam,
822 923 895 951 audi.
913 911 1037 957 Quaudiu
1053 911 1075 941 Β

251 964 384 997 percutis,
406 964 452 991 illo
475 972 560 1000 usque
580 973 630 1000 ego
651 967 786 1000 sustineo;
802 968 922 1002 quandiu
940 973 967 996 tu
982 974 1038 996 tor-

250 1016 328 1042 ques,
347 1009 392 1037 illo
405 1017 491 1045 usque
509 1018 559 1046 ego
578 1012 696 1045 sull‘ero;
719 1014 837 1047 quandiu
856 1018 883 1041 tu
906 1013 1037 1049 flagellas,

251 1054 298 1081 illo
311 1062 397 1090 usque
407 1063 458 1090 ego
473 1059 756 1093 exspecto;.quandiu
770 1067 824 1086 non
839 1060 969 1088 defecerit
983 1068 1039 1088 ma-

250 1100 361 1135 lignitas
377 1109 458 1136 quam
473 1103 558 1131 habes
571 1103 644 1131 circa
659 1112 713 1136 me,
733 1104 778 1132 illo
796 1112 884 1141 usque
901 1113 956 1134 non
968 1106 1036 1134 deﬂ-

249 1147 305 1174 ciet
323 1147 467 1175 tolerantia
480 1156 562 1183 quam
580 1149 666 1177 habeo
685 1150 757 1177 circa
774 1155 812 1178 te.
836 1151 975 1184 Delusisti,
994 1151 1036 1178 in-

249 1192 330 1227 quit,
355 1194 550 1229 temetipsum,
574 1202 592 1222 o
621 1195 748 1229 diabolo,
769 1204 830 1224 cum
857 1202 937 1232 putas
964 1199 1037 1233 quod

249 1238 335 1266 Adam
353 1239 494 1268 incautum
510 1240 658 1274 inveneris,
676 1247 703 1269 et
720 1243 831 1271 nescisti
846 1244 918 1279 quod
939 1245 1036 1272 adver-

249 1293 309 1312 sum
323 1285 374 1313 Job
397 1292 568 1315 constantem
589 1289 641 1316 hoc
661 1289 802 1318 habueris.
821 1290 875 1318 Sed
893 1291 983 1319 adhuc
1003 1294 1036 1318 ad

248 1330 368 1366 priorem
378 1339 489 1361 sensum
501 1338 583 1367 atque
593 1341 745 1362 sermonem
758 1341 936 1365 revertamur.
949 1336 1038 1370 Quon-

247 1377 308 1412 diu,
327 1379 424 1414 inquit,
444 1380 556 1408 sustines
568 1381 581 1407 1
601 1380 706 1408 Deinde
722 1385 851 1417 tanquam
867 1383 1038 1418 cogitationi-

249 1422 300 1450 bus
319 1423 380 1458 ejus
400 1429 483 1460 atque
502 1426 603 1460 spebus
624 1427 814 1462 compendium
835 1427 940 1457 faciens
956 1433 1038 1464 atque

249 1470 434 1504 respondens,
460 1470 591 1504 atljiciens
612 1472 679 1500 dicit
697 1482 704 1500 :
723 1472 792 1500 Ecce
812 1479 934 1508 exspecto
951 1475 1038 1502 adhuc

247 1523 362 1548 paucam
377 1521 487 1551 tempus,
503 1526 611 1552 sperans
635 1527 706 1553 spent
730 1520 827 1548 ululis
845 1529 910 1549 mea:
922 1521 943 1549 ³.
965 1520 1037 1549 Tan-

247 1567 330 1616 quam
352 1561 377 1589 si
401 1562 503 1614 diceret
520 1573 527 1591 :
545 1564 670 1616 Quandiu
693 1567 814 1595 sustines
837 1567 890 1616 hoc
914 1571 1073 1616 tractansc

247 1611 276 1642 et
302 1606 355 1635 boc
375 1609 510 1643 cogitans,
533 1614 616 1645 atque
635 1611 716 1640 istam
740 1619 816 1647 spem
841 1613 940 1647 habes,
963 1614 1038 1649 quod

246 1651 337 1680 adhuc
352 1653 489 1682 modicum
506 1660 612 1690 tempus
634 1658 771 1692 sustines,
788 1659 904 1687 salutem
921 1664 950 1687 et
970 1660 1038 1688 libe-

246 1697 394 1731 rationem,
416 1704 496 1734 atque
513 1700 636 1734 requiem
659 1708 837 1737 exspectans,
856 1704 971 1739 teipsum
990 1704 1038 1733 de-

247 1742 329 1776 ludis,
344 1750 360 1771 o
371 1742 432 1772 Job.
453 1744 513 1773 Non
529 1746 602 1774 enim
622 1746 658 1774 ita
675 1755 706 1776 es
720 1749 918 1784 deprehensus,
938 1755 970 1778 ut
979 1758 1037 1778 mo-

247 1788 310 1817 dico
325 1790 463 1818 sustinens
485 1796 607 1826 tempore
625 1794 734 1822 evadas.
759 1795 818 1823 Non
843 1796 919 1830 talia,
936 1796 1036 1832 inquit.

247 1837 275 1861 te
300 1835 370 1861 mala
388 1835 577 1870 circtundant,
599 1845 616 1865 ο
636 1838 734 1873 homo,
758 1844 789 1868 ut
812 1847 874 1868 cum
901 1842 1036 1870 modicum

247 1880 379 1914 temporis
400 1881 458 1908 htec
476 1885 701 1919 supportaveris,
718 1885 832 1914 salutem
848 1893 960 1921 sperare
972 1895 1036 1923 pos-

245 1923 306 1951 sis:
326 1925 374 1953 sed
402 1926 551 1961 sustinens,
578 1928 677 1964 inquit,
702 1932 868 1966 sustinebis,-
882 1936 910 1960 et
930 1933 1036 1968 patiens

246 1971 374 2005 patieris,
402 1977 430 2000 et
452 1973 513 2001 linis
537 1976 670 2009 passionis
691 1982 774 2012 atque
798 1978 900 2006 doloris
923 1980 960 2007 tui
982 1988 1035 2008 non

245 2017 309 2044 erit.
322 2017 400 2052 Quod
419 2020 492 2047 enim
506 2020 628 2049 facturus
641 2030 672 2050 es
682 2023 708 2050 in
724 2023 828 2058 ultimo,
843 2032 903 2052 eum
918 2025 1036 2061 plurima

246 2069 343 2096 passus
358 2064 460 2099 fueris,
481 2074 513 2093 ac
529 2068 707 2101 sustinueris,
729 2074 759 2096 ut
773 2069 950 2106 blasphemes
961 2090 969 2104 ,
983 2071 1036 2100 hoc

245 2115 311 2136 sane
333 2117 382 2138 cur
399 2119 453 2139 nou
474 2112 542 2141 facis
561 2114 699 2148 celeriter,
721 2121 750 2143 ut
768 2116 864 2144 saltem
889 2116 931 2145 vel
951 2125 1035 2146 unum

244 2161 279 2183 ex
300 2155 367 2191 ipsis
384 2158 523 2188 doloribus
537 2160 852 2198 eﬂugiensrequiescas.
869 2162 1037 2199 Haecitsque

245 2201 373 2230 universa
392 2208 475 2239 atque
489 2206 533 2234 his
546 2207 623 2242 plura
637 2208 821 2243 nequissimus
832 2209 958 2238 diabolus
971 2209 1035 2239 licet

1091 279 1132 307 ria
1142 283 1290 314 permanet,
1297 284 1343 306 aut
1350 279 1377 307 iu
1386 279 1484 312 verbis,
1493 284 1539 307 aut
1547 280 1573 307 in
1583 279 1673 312 factis,
1681 284 1726 307 aut
1735 280 1760 308 in
1770 280 1877 310 liberis:

1091 330 1135 353 tua
1148 330 1237 352 autem
1254 326 1383 352 memoria
1401 326 1490 353 omnis
1504 325 1595 353 subito
1611 327 1790 354 exterminata
1805 334 1851 356 est
1861 336 1877 356 a

1091 375 1172 401 terra.
1184 377 1280 405 neque.
1291 370 1388 405 inquit,
1398 370 1507 398 verbum
1515 375 1576 405 post
1585 375 1620 403 te,
1633 378 1722 406 neque
1733 371 1820 406 filius,
1833 381 1879 400 ue-

1089 422 1142 450 que
1152 414 1216 447 ﬁlia,
1227 422 1314 450 neque
1325 416 1434 446 factum,
1446 422 1494 449 per
1503 422 1563 449 qua:
1573 415 1657 449 possit
1674 420 1748 443 stare
1763 423 1877 451 praster-

1091 461 1150 489 iens
1159 461 1289 488 memoria
1302 466 1360 489 tua.
1373 460 1442 496 Ergo
1453 460 1514 496 quia
1527 461 1629 488 nullum
1641 462 1673 489 de
1686 461 1729 490 his
1739 467 1800 497 post
1814 467 1840 490 te
1849 463 1877 490 in

1090 507 1218 535 memoria
1225 507 1363 539 remansit,
1371 507 1431 534 ideo
1444 507 1624 535 exterminata
1637 512 1679 535 est
1690 508 1819 536 memoria
1830 513 1877 536 tua

1089 562 1104 582 a
1124 559 1205 582 terra.
1221 552 1280 581 Non
1294 553 1380 581 solum
1396 553 1561 586 oblitterata,
1576 560 1623 581 seu
1641 553 1755 587 sublata,
1765 554 1813 582 sed
1826 561 1877 582 ex-

1096 598 1250 632 terminata,
1265 603 1393 632 tanquam
1404 598 1526 626 delavata
1540 602 1621 633 atque
1631 603 1740 626 extersa
1747 604 1876 634 tanquam

1090 645 1160 672 ultra
1176 652 1228 673 nou
1241 645 1277 672 sit
1299 645 1342 672 cui
1359 645 1440 680 digne
1459 644 1657 680 respondeatur
1671 653 1678 671 :
1698 643 1731 678 In
1747 644 1876 671 moris

1089 696 1187 718 aeterna
1205 692 1255 718 erit
1274 691 1366 726 justus
1377 690 1399 724 ',
1427 695 1455 718 et
1473 690 1603 718 memoria
1625 690 1692 725 justi
1708 697 1771 717 cum
1785 689 1875 728 laude.

1091 736 1192 764 Deinde
1205 737 1349 764 identidem
1366 735 1537 766 abscondens
1551 734 1678 762 diabolus
1690 739 1771 773 atque
1781 739 1876 770 tegens

1091 782 1259 818 iniquitatem
1287 789 1380 814 suam,
1407 781 1544 809 convertit
1570 781 1642 808 hunc
1665 786 1818 808 sermonem
1840 779 1875 806 ad

1091 829 1183 856 uxoris
1195 836 1337 864 personam
1352 837 1360 855 :
1377 832 1405 855 et
1418 833 1546 862 tanquam
1563 835 1597 855 ex
1614 826 1686 855 illius
1701 833 1816 862 persona
1832 825 1876 858 lo,—

1089 883 1176 910 quens
1189 894 1197 907 ,
1215 874 1281 902 dicit
1297 884 1304 902 :
1321 874 1382 902 Filii
1400 875 1436 902 tui
1453 881 1522 909 quos
1542 873 1623 902 iidem
1644 872 1762 901 docuisti
1774 891 1783 905 ,
1807 879 1877 908 quos

1090 921 1216 955 pietatem
1232 920 1354 952 induisti,
1369 928 1438 956 quos
1451 920 1613 948 charitatetn
1634 919 1788 948 adinvicem
1801 919 1877 947 circa

1088 974 1183 994 omnes
1197 966 1297 994 habere
1308 966 1461 995 instruxisti
1479 976 1486 994 :
1507 966 1553 994 lilii
1570 966 1608 994 tui
1622 973 1671 1001 pro
1684 965 1783 1002 quibus
1794 964 1877 994 corde

1089 1012 1162 1040 fuisti
1170 1012 1302 1040 sollicitus
1310 1016 1338 1039 et
1346 1012 1436 1039 animo
1445 1011 1571 1047 cogitasti
1579 1015 1607 1040 et
1617 1010 1765 1046 singularia
1773 1009 1877 1039 sacrifi-

1088 1056 1129 1084 cia
1140 1056 1336 1087 immolasti.de
1346 1056 1445 1092 quibus
1453 1057 1523 1091 apud
1535 1056 1706 1091 temetipsum
1715 1055 1822 1093 dixisti:
1833 1055 1876 1084 Ne

1089 1101 1157 1136 forte
1165 1101 1215 1136 ﬁlii
1226 1102 1276 1129 mei
1286 1102 1314 1128 in
1326 1101 1480 1136 praecordiis
1491 1101 1562 1128 mala
1571 1101 1742 1137 cogitauerim
1752 1101 1877 1128 adversus

1088 1147 1172 1175 Deum
1187 1148 1206 1174 '.
1223 1147 1269 1175 Isti
1285 1155 1351 1182 ergo
1364 1148 1412 1175 lilii
1428 1155 1497 1183 quos
1522 1148 1561 1175 tui
1587 1147 1709 1176 haeredes
1719 1169 1722 1173 .
1734 1147 1871 1183 forespee

1089 1193 1166 1225 rasti,
1182 1201 1197 1220 a
1210 1193 1309 1229 quibus
1323 1193 1490 1228 sepulturam
1501 1197 1676 1229 accepturum
1690 1197 1718 1220 te
1732 1196 1877 1228 exspecta-

1088 1240 1134 1273 sti,
1151 1247 1199 1274 per
1220 1247 1288 1274 quos
1313 1247 1412 1267 nomen
1430 1243 1504 1267 tuum
1531 1247 1564 1267 ac
1589 1238 1750 1267 memoriam
1765 1243 1827 1274 post
1848 1243 1877 1266 te

1089 1293 1199 1313 manere
1219 1285 1371 1313 credidisti.
1388 1285 1434 1313 isti
1449 1292 1514 1320 ergo
1528 1284 1575 1312 ﬁlii
1592 1285 1690 1320 quibus
1703 1284 1774 1312 inter
1789 1283 1878 1312 homi-

1088 1340 1137 1360 nes
1153 1331 1270 1360 nihilost
1283 1331 1400 1364 dulcius,
1414 1331 1514 1366 quibus
1527 1331 1595 1358 nihil
1616 1335 1658 1359 est
1672 1331 1743 1358 inter
1753 1329 1876 1359 carnales

1088 1378 1208 1406 charius.
1223 1376 1325 1405 Istiﬂiii
1342 1378 1380 1405 tui
1394 1384 1510 1412 quorum
1522 1376 1654 1404 visionem
1669 1383 1723 1404 non
1735 1381 1875 1412 exspecta-

1088 1423 1130 1452 bis
1153 1423 1280 1460 amplius,
1297 1431 1412 1459 quorum
1430 1422 1526 1451 faciem
1551 1430 1605 1451 nou
1630 1422 1734 1450 videbis
1750 1422 1874 1456 ulterius,

1087 1476 1206 1504 quorum
1226 1469 1409 1496 reversionem
1425 1476 1477 1495 non
1491 1475 1586 1503 speras
1595 1465 1791 1502 amplius.-Noq
1801 1465 1874 1493 enim

1089 1515 1116 1543 iu
1135 1513 1332 1550 profectionem
1350 1519 1491 1542 terrenam
1508 1515 1707 1549 perrexerunt,
1732 1515 1762 1540 ut
1785 1511 1875 1539 denuo

1089 1560 1275 1588 reversionem
1293 1567 1386 1595 speres
1403 1567 1511 1592 eorum,
1524 1565 1613 1594 neque
1629 1558 1655 1586 in
1668 1557 1783 1585 navibus
1797 1554 1874 1584 navi-

1087 1610 1182 1644 gantes
1202 1605 1236 1634 ad
1254 1610 1364 1634 exteras
1377 1605 1532 1641 provincias
1543 1604 1723 1636 transierunt,
1737 1607 1766 1631 It
1783 1602 1876 1636 denuo

1087 1653 1121 1680 ad
1135 1658 1241 1688 tempus
1258 1656 1412 1681 remeantes
1436 1651 1586 1687 suscipere,
1614 1656 1696 1686 atque
1710 1649 1802 1678 videre
1827 1655 1875 1678 eos

1087 1689 1190 1735 possis:
1202 1697 1286 1726 Terra
1308 1698 1369 1726 illos
1396 1697 1487 1726 subito
1508 1696 1661 1733 cooperuit,
1681 1701 1709 1725 et
1723 1703 1798 1724 mors
1812 1695 1876 1725 illos

1087 1749 1201 1773 cunctos
1223 1744 1326 1780 pariter
1342 1744 1478 1780 perdidit;
1497 1743 1595 1771 domus
1624 1742 1704 1771 ruina
1731 1748 1876 1772 commune

1087 1790 1242 1827 sepulcrum
1257 1790 1310 1818 illis
1320 1790 1426 1818 cunctis
1441 1789 1542 1819 ell'ecit.
1569 1788 1627 1823 Isti,
1646 1788 1745 1824 inquit,
1761 1787 1811 1816 ﬁlii
1834 1787 1875 1816 tul

1086 1841 1114 1864 et
1129 1845 1182 1864 non
1193 1836 1277 1865 solum
1289 1836 1337 1864 lilii
1352 1837 1398 1865 sed
1407 1840 1435 1864 et
1447 1836 1518 1871 tiliae.
1534 1835 1563 1863 Si
1573 1836 1645 1863 enim
1656 1835 1742 1867 solum
1752 1834 1800 1861 lilii
1815 1841 1877 1870 per-

1087 1882 1198 1915 iissem,
1226 1882 1288 1910 lilia:
1309 1889 1375 1911 vero
1401 1886 1592 1918 superessent,
1620 1879 1753 1908 diminuta
1778 1879 1875 1908 fuisset

1087 1929 1207 1962 miseria,
1230 1929 1436 1964 diminutusque
1459 1927 1592 1956 nefandus
1619 1926 1708 1955 dolor.
1738 1925 1873 1954 Filiarum

1087 1983 1205 2010 namque
1221 1975 1432 2011 prosperitatem
1452 1982 1502 2009 pro
1517 1973 1672 2005 heredibus
1686 1976 1874 2008 exspectares,

1088 2020 1209 2048 ﬁliarum
1228 2019 1390 2056 progeniem
1413 2027 1463 2054 pro
1484 2019 1669 2047 consolatione
1687 2019 1814 2051 duceres,
1830 2025 1875 2046 re-

1090 2066 1239 2094 stituerent
1261 2067 1310 2094 tibi
1336 2065 1453 2102 llliarum
1468 2065 1527 2094 uati
1550 2065 1666 2094 ﬁliorum
1682 2063 1873 2102 direptionem.

1086 2111 1162 2140 Nunc
1174 2119 1239 2144 vero
1254 2117 1281 2140 et
1301 2112 1349 2140 ﬁlii
1371 2113 1411 2140 tui
1433 2116 1460 2140 et
1477 2112 1540 2140 tiliae
1555 2119 1651 2140 omnes
1677 2111 1782 2148 pariter
1809 2107 1875 2148 per-

1085 2158 1287 2192 ierunt,omnes
1301 2159 1353 2186 sub
1366 2166 1420 2186 una
1436 2159 1506 2186 liora
1523 2158 1605 2187 deleti
1617 2162 1694 2191 sunt,
1707 2164 1803 2186 omnes
1818 2164 1874 2185 uno

1086 2209 1208 2240 tempore
1223 2203 1250 2232 in
1265 2209 1354 2232 morte
1366 2209 1495 2239 tanquam
1511 2204 1538 2240 in
1552 2204 1649 2240 pelago
1661 2203 1780 2232 demersi
1793 2200 1873 2232 sunt:

245 2254 298 2274 non
322 2248 537 2280 evidentioribus
558 2253 649 2281 verbis
665 2254 866 2282 sermocinatus
888 2254 940 2289 sit,
962 2259 1033 2283 atta-

1087 2257 1181 2278 omnes
1190 2250 1217 2277 in
1236 2257 1290 2278 una
1306 2250 1388 2278 domo
1412 2255 1542 2285 tanquam
1569 2249 1597 2278 in
1622 2257 1676 2277 una
1688 2248 1751 2277 navi
1765 2256 1780 2276 ι
1793 2251 1875 2277 terras

243 2299 306 2321 men
323 2293 438 2322 occultis
449 2297 664 2332 cogitationibus
679 2299 712 2326 ad
722 2298 774 2328 Job
789 2299 896 2330 loeutus
912 2305 955 2329 est
969 2301 1034 2329 sub-

244 2339 328 2368 tiliter
346 2341 476 2370 seducere
494 2343 590 2372 volens
609 2345 742 2373 famulqu
761 2345 810 2375 Dei
834 2346 1032 2376 inviolabilem.

243 2383 332 2420 Super
351 2393 413 2420 quae
439 2387 566 2416 universa
594 2390 730 2426 adjiciens
759 2391 827 2419 dicit
840 2401 852 2427 ς
869 2390 938 2420 Ecce
963 2393 1033 2420 enim

241 2432 418 2461 aesernium
437 2438 476 2461 ut
493 2436 618 2464 mutaris
632 2441 680 2464 tua
694 2444 712 2464 α
727 2441 798 2465 ιιι-η
806 2437 837 2465 δ..
849 2436 921 2472 Quid
933 2445 1033 2474 exspe-

241 2476 322 2505 ctas!
335 2478 400 2513 quid
413 2479 552 2508 sustines!
565 2481 630 2517 quid
644 2483 755 2518 speras?
765 2483 843 2519 quid
854 2505 855 2509 η
866 2488 974 2520 tempus
986 2490 1033 2512 n-

242 2521 309 2554 tutts
333 2525 712 2559 uspectas?.£xternsiwa
734 2533 772 2556 at
795 2528 996 2560 maritum
1015 2537 1034 2556 ι

244 2571 331 2615 ιιι-ιι,
347 2568 534 2600 Exterminata
547 2577 589 2601 est
603 2573 696 2609 enim,
712 2572 839 2615 sublata,
855 2573 943 2605 finita.
963 2573 1033 2603 Pro-

241 2613 334 2649 iectis
347 2622 421 2650 esse.
438 2617 538 2653 inquit,
555 2620 666 2654 Videris,
682 2624 711 2650 et
729 2613 865 2657 m...
877 2620 985 2655 noni-is
997 2619 1032 2651 ab

243 2659 373 2694 omnibus
384 2663 532 2699 τιμηθείς.
553 2664 735 2696 οειοτωηιηι
750 2671 870 2702 «δρψ

243 2704 429 2738 discesserunt
440 2709 549 2746 estne“.-
557 2710 635 2739 obltti
645 2715 712 2752 sant
730 2711 1034 2749 morandum“-

245 2754 433 2789 ιίιιιιτιᾳιιοιιι
446 2756 534 2792 ανιιιι
547 2763 644 2792 πονοι
661 2757 754 2798 etiam
771 2757 948 2796 Ioannes.
961 2758 1033 2795 ἰιυὶι

246 2799 336 2832 δύαι
356 2804 410 2830 ρκ’
423 2801 556 2834 moris
573 2806 627 2838 III!
643 2809 669 2831 ιι
683 2803 910 2840 ιαμ-ςΜὼ
923 2803 1032 2839 inquit.

281 2887 291 2904 ³
304 2886 355 2916 Job
372 2895 401 2922 ιι,
417 2887 444 2917 9.
482 2888 493 2905 ⁵
507 2888 572 2917 ibid.
613 2889 623 2906 ⁸
639 2889 711 2919 Psal.
727 2897 782 2925 cxi,
798 2890 824 2918 7.
870 2891 878 2906 ‘
898 2889 948 2920 Job
960 2898 979 2923 ι.
992 2890 1019 2919 5.

1086 2296 1182 2332 pelago
1196 2295 1318 2332 ahsorpti
1334 2300 1399 2324 sunt
1412 2306 1420 2325 :
1435 2300 1464 2325 et
1478 2299 1551 2326 sicut
1566 2296 1600 2324 iis
1611 2297 1656 2331 qui
1671 2296 1699 2323 in
1715 2295 1812 2332 pelago
1826 2294 1875 2324 de-

1086 2343 1168 2373 mersi
1193 2342 1297 2371 fuerint
1313 2343 1486 2372 ascensionis
1504 2342 1547 2371 vel
1571 2342 1667 2370 salutis
1680 2349 1744 2378 spes
1757 2340 1874 2369 ulterius

1087 2396 1143 2417 non
1159 2393 1212 2424 est,
1235 2389 1276 2418 sic
1297 2389 1425 2423 ﬁliorum,
1442 2389 1542 2425 inquit.
1560 2393 1668 2417 tuorum
1681 2383 1841 2422 et‘ﬂlisrum
1858 2394 1874 2414 a

1086 2436 1202 2464 mortuis
1224 2436 1392 2466 lamentabili
1409 2435 1545 2472 profundo
1568 2436 1759 2470 absorptorum
1781 2441 1875 2466 rever-

1085 2481 1174 2510 sionis
1191 2482 1233 2511 vel
1258 2482 1439 2518 reparatiouis
1461 2489 1523 2517 spes
1551 2480 1668 2516 amplius
1691 2486 1748 2507 non
1767 2483 1819 2512 est,
1844 2481 1875 2506 ut

1085 2527 1157 2556 diem
1173 2529 1311 2557 memoriae
1323 2532 1379 2562 tua
1394 2527 1550 2563 celebrent,
1570 2531 1600 2555 ut
1619 2531 1729 2563 tempus
1744 2526 1874 2555 recorda-

1086 2574 1170 2603 tionis
1183 2579 1237 2604 tum
1246 2579 1339 2612 agant.
1354 2575 1411 2608 Sic,
1424 2575 1546 2610 inquam,
1565 2574 1614 2602 lilii
1631 2573 1670 2602 tui
1690 2577 1719 2602 et
1733 2572 1796 2601 lilite
1810 2575 1875 2601 ante

1085 2624 1192 2656 tempus
1204 2621 1357 2658 perierunt,
1374 2627 1470 2650 omnes
1492 2624 1556 2649 ante
1571 2624 1679 2656 tempus
1691 2627 1707 2647 a
1723 2621 1812 2647 morte
1829 2616 1874 2646 di-

1086 2667 1156 2703 repti
1169 2671 1252 2702 sunt,
1272 2672 1303 2696 ut
1320 2675 1374 2696 non
1389 2667 1612 2704 derelinquerent
1625 2664 1826 2703 posteritatem,
1841 2668 1873 2692 ut

1085 2720 1149 2742 cum
1164 2719 1278 2750 nepotes
1292 2721 1347 2742 non
1365 2719 1524 2750 supersunt,
1542 2713 1586 2741 avi
1598 2719 1615 2740 ι
1637 2712 1714 2740 nullo
1729 2711 1874 2740 nominen-

1086 2763 1142 2789 tur.
1155 2759 1210 2788 Sed
1224 2759 1283 2788 noli
1290 2763 1399 2796 putare,
1414 2758 1499 2794 olob,
1509 2758 1582 2796 quod
1595 2756 1644 2787 tibi
1657 2756 1710 2787 soli
1721 2755 1793 2786 ﬁlios
1805 2755 1873 2784 istos

1085 2805 1223 2842 «potest,
1235 2806 1285 2836 seti
1298 2805 1366 2836 mihi
1378 2804 1468 2842 potius
1484 2805 1596 2842 deputo,
1621 2802 1670 2837 sed
1692 2803 1761 2834 mihi
1785 2800 1873 2840 magis
