2087 3194
204 186 253 216 681

753 175 943 212 mosmos
961 183 995 211 tN
1014 183 1084 212 JOB.
1104 199 1138 204 —
1157 183 1220 210 LIB.
1243 182 1276 210 tt.

1777 185 1831 213 482

202 253 364 278 succenseo.
377 245 442 278 Mei,
458 245 555 280 inquit,
566 234 639 272 uteri
649 248 713 272 sunt
725 245 835 280 gemitus
850 250 874 272 et
888 245 992 272 dolores
1006 247 1028 276 Α
1044 248 1174 279 provocet
1188 250 1311 274 sensum.
1327 246 1357 269 ttt
1383 246 1481 270 atterat
1494 247 1623 274 mentem.
1640 246 1670 270 ut
1685 250 1832 280 exaggeret

201 301 268 330 quos
283 293 311 319 in
324 300 436 319 vacuum
450 291 553 325 portari
563 291 585 322 ⁷,
600 291 722 317 laborttm
738 297 799 317 cum
824 290 926 325 gemitu
945 297 989 318 re—

203 338 378 366 tributionem
395 338 428 365 ab
444 337 498 365 illis
510 345 562 364 non
576 336 680 372 accepi.
700 336 944 364 remunerationem
956 344 989 363 ex

202 382 245 411 eis
260 390 314 410 non
332 381 426 409 habeo.
446 380 535 414 Uteri,
554 381 651 416 inquit,
665 381 716 407 tnei
732 382 847 415 gemitus
867 385 895 409 et
915 381 991 408 dolo-

203 436 259 459 res.
283 435 344 455 cum
368 427 467 463 gemitu
483 430 510 454 et
531 426 624 453 dolore
639 434 653 453 a
671 434 715 453 me
739 426 834 453 nutriti
862 427 989 454 miseram

203 478 284 509 atque
299 473 448 501 solitariam
463 472 632 508 reliquerunt
646 480 697 506 me,
710 473 736 499 in
750 472 890 500 doloribus
908 477 990 508 atque

202 520 347 556 gemitibus
363 526 405 546 me
418 516 671 546 dimiserunt.’Cum
684 518 832 551 doloribus,
844 519 940 553 inquit.
957 526 989 545 ac

201 566 304 601 gemitu
317 564 421 599 peperi,
439 564 547 592 dolores
561 572 591 592 ac
606 564 726 599 pericula
739 565 765 592 in
780 565 823 592 die
838 565 989 593 nativitatis

200 618 296 638 eorum
313 610 468 638 suﬂerendo
486 619 493 637 :
515 618 575 638 cum
601 610 694 638 dolore
714 617 746 637 ac
767 610 912 646 gemitibus
935 619 988 638 nu-

201 657 275 689 trivi,
297 665 437 692 cotnpassa
464 656 587 684 infantia:
608 664 702 684 eorum
720 661 802 692 atque
826 658 988 691 inﬁrmitati,

204 703 412 738 congemiscens
426 702 603 738 languoribus
617 708 699 738 atque
723 703 868 738 gemitibus
882 711 987 731 eorum.

200 749 267 777 Nam
286 757 347 777 cum
364 749 574 785 ingemiscerent
589 750 670 777 simul
690 750 899 785 ingemiscebam
926 758 987 778 cum

201 796 242 824 eis
255 804 263 829 ;
278 804 339 823 cum
355 796 572 829 inﬁrmarentur,
588 804 638 832 ego
656 798 682 824 in
699 804 741 824 me
755 796 935 832 suscipiebam
947 797 989 824 iu-

201 842 358 869 ﬁrtnitatem
371 846 453 877 atque
465 843 585 870 dolorem
602 843 721 870 illorum.
748 843 825 876 Quis,
841 843 938 877 inquit,
954 850 988 870 ex

200 888 243 915 his
255 887 302 923 qui
318 893 450 923 generant
467 888 547 921 filios,
558 888 675 924 ignorat.
697 896 713 916 ο
729 887 790 921 Job,
807 889 923 916 ﬁliorum
940 888 987 915 do-

199 934 283 961 lorem
295 933 307 954 ⁷
320 933 388 967 Quis
401 942 433 961 ex
461 934 504 962 bis
529 935 575 969 qui
601 940 679 961 natos
694 938 852 970 procreant,
868 942 987 962 amorem

199 982 280 1013 atque
291 978 419 1006 aﬁ‘ectum
435 979 554 1006 ﬁliorum
571 979 674 1006 nesciat
685 978 775 1012 ?Quia
788 985 896 1005 omnem
912 977 988 1005 dolo-

199 1032 257 1052 rem
271 1028 353 1059 atque
368 1024 555 1051 inﬁrmitatem
568 1028 694 1051 natorum
713 1024 829 1050 libenter
848 1023 874 1050 in
896 1030 925 1050 se
938 1030 987 1057 pa-

199 1074 292 1098 rentes
312 1070 476 1105 suscipiunt,
502 1075 606 1097 tantum
624 1077 657 1097 ne
679 1069 782 1104 aliquid
810 1069 923 1098 moleste
948 1070 987 1097 eis

198 1115 314 1143 accidat.
333 1114 389 1143 Hoc
416 1120 443 1143 et
467 1123 524 1151 prze
549 1115 678 1142 omnibtts
706 1115 866 1143 muneribus
892 1115 988 1143 devote

198 1162 317 1198 impendi
334 1162 405 1189 natis
418 1169 451 1189 ex
467 1169 510 1189 me
525 1161 675 1196 procreatis
689 1161 751 1189 ﬁliis
763 1161 818 1188 tuis
829 1165 856 1188 et
868 1161 987 1194 ﬁliabus,

198 1208 268 1235 uteri
296 1208 349 1234 mei
377 1207 517 1235 doloribus
553 1212 635 1242 atque
663 1207 820 1242 gemitibus.
850 1206 904 1234 Sed
929 1207 987 1234 haec

196 1257 299 1279 cuncta
317 1259 377 1279 cum
393 1260 474 1288 passa
500 1252 596 1279 ftterim
622 1256 704 1286 atque
730 1252 928 1284 sustinuerim,
959 1253 985 1279 in

199 1306 314 1326 vacuum
328 1306 397 1326 vane
412 1299 577 1333 exspectavi,
593 1306 654 1325 cum
670 1299 837 1333 sepulturam
858 1299 985 1327 mundam

198 1344 239 1372 eis
254 1345 346 1372 facere
361 1344 472 1372 minime
486 1345 572 1378 valui,
588 1345 642 1372 illis
661 1353 675 1371 a
691 1345 790 1379 quibus
812 1345 878 1372 mihi
903 1345 986 1373 hono-

197 1391 312 1420 rabilem
341 1391 509 1427 sepulturam
536 1391 654 1426 speravi.
682 1391 748 1419 Post
774 1391 833 1418 bzec
858 1392 984 1419 universa

196 1438 276 1471 nlhil,
295 1438 396 1474 inquit,
413 1438 554 1471 dixissem,
571 1437 638 1464 nihil
654 1442 803 1472 conquesta
821 1436 945 1469 fuissem,
961 1437 984 1465 si

197 1488 234 1517 te,
251 1492 269 1511 0
281 1483 343 1517 Job,
359 1491 410 1511 non
427 1483 564 1510 inﬁrmum
580 1483 709 1515 viderem,
728 1483 750 1510 si
770 1488 794 1510 te
818 1492 912 1511 sanutn
936 1483 980 1510 lia-

194 1530 315 1557 buissem
331 1537 338 1555 :
356 1530 402 1557 sed
420 1530 489 1556 lcvia
516 1530 581 1556 mihi
614 1530 729 1557 fuissent
753 1530 843 1557 omnia
872 1538 932 1565 quae
959 1535 984 1557 te

200 1576 332 1603 incolumi
359 1576 560 1604 sustinuissem.
591 1576 668 1604 Sicut
692 1577 763 1604 enim
781 1578 818 1604 rci
841 1577 982 1604 familiaris

192 1621 306 1656 jactura:
320 1629 423 1649 memor
441 1630 494 1648 non
512 1630 600 1649 essem
617 1622 639 1649 si
668 1623 767 1650 liberos
794 1631 847 1649 non
874 1623 983 1650 amisis-

194 1676 263 1701 sem,
277 1667 403 1696 similiter
420 1677 472 1695 non
487 1677 575 1696 essctn
587 1669 740 1702 recordata,
763 1678 813 1697 nec
840 1670 877 1697 rei
905 1671 982 1697 fami-

195 1714 281 1748 liaris,
300 1722 351 1742 nec
368 1715 497 1746 filiorum,
514 1716 534 1742 si
555 1715 601 1741 tibi
620 1715 748 1742 incolumi
763 1715 896 1750 gratulata
912 1716 980 1743 fuis-

195 1768 262 1788 sem.
274 1760 351 1788 Nunc
363 1769 428 1788 vero
441 1766 465 1787 et
478 1766 504 1787 tu
515 1761 646 1795 ipse,.lob,
659 1763 730 1788 sedes
740 1762 768 1788 in
780 1762 917 1795 putredine
928 1770 982 1788 uer—

193 1807 277 1833 miurit
300 1812 455 1841 pernoctant
471 1808 481 1822 ⁸
495 1812 521 1833 et
542 1805 716 1841 pervigilans,
747 1813 808 1833 cum
835 1806 981 1833 vehemens

194 1851 272 1880 dolor
287 1856 359 1885 tuus,
374 1856 456 1887 atque
471 1851 631 1879 miserabilis
651 1857 694 1878 tua
708 1852 797 1885 passm
823 1851 950 1878 auferens
965 1858 980 1877 a

193 1901 220 1924 te
238 1896 357 1931 requiem
372 1902 401 1923 et
421 1897 526 1931 vigilias
550 1897 597 1923 tibi
618 1903 768 1930 procurans
795 1895 902 1923 dolores
917 1902 980 1924 tuos

192 1941 274 1970 eﬁicit
285 1942 446 1969 amariores.
469 1942 506 1968 Tu
522 1943 586 1975 ipse,
604 1942 700 1976 inquit,
715 1942 742 1968 in
764 1942 903 1975 putredine
926 1949 980 1968 ver-

192 1989 274 2014 mium
297 1988 382 2015 sedes.
410 1988 487 2021 Quod
511 1988 582 2014 ettint
614 1987 768 2014 eﬁiciuntur
797 1994 892 2015 omnes
919 1991 980 2022 post

192 2040 319 2067 mortem,
339 2033 390 2062 hoc
414 2035 542 2060 nimirum
558 2032 670 2059 eﬁectus
694 2040 723 2060 es
759 2037 786 2059 tu
817 2032 892 2059 solus
916 2037 979 2059 ante

192 2086 319 2108 mortem.
339 2079 416 2114 Quod
429 2080 500 2108 enim
514 2078 669 2107 eﬁiciuntur
681 2078 776 2106 omnes
792 2079 840 2113 qui
856 2077 978 2105 moriun-

192 2131 237 2154 tur
251 2127 278 2154 in
293 2126 429 2162 sepulcro,
444 2125 497 2153 hoc
508 2125 636 2152 videlicet
652 2123 763 2152 eﬂ'ectus
777 2132 806 2152 es
824 2129 850 2151 tu
866 2124 941 2151 solus
951 2124 977 2151 in

192 2181 318 2200 muraua.
331 2172 403 2207 Quid
418 2172 446 2200 in
461 2171 633 2200 multitudine
657 2170 783 2206 gloriaris
804 2170 979 2206 justilicatio-

190 2219 279 2247 num?
296 2218 337 2246 Tu
351 2223 442 2247 autem
462 2219 560 2247 sedens
577 2218 604 2245 in
617 2217 759 2252 putredine
769 2217 901 2245 vermium
914 2224 978 2250 per-

996 1600 1016 1628 C

1042 287 1175 322 animum,
1190 294 1218 316 ut
1227 289 1371 325 perturbet
1389 288 1550 323 praecordia,
1570 292 1599 315 ut
1622 288 1748 316 immutet
1763 297 1832 317 con-

1041 336 1194 368 scientiam,
1212 341 1243 363 ut
1255 335 1419 363 delassaudo
1446 338 1527 370 atque
1544 334 1693 369 fatigando,
1710 339 1738 363 et
1752 335 1831 363 debi-

1041 382 1093 409 lem
1109 387 1190 417 atqne
1202 382 1392 416 desperantem
1415 380 1565 413 eﬁlt-iendo,
1582 381 1614 407 ad
1629 381 1829 416 blasphemiam

1041 436 1102 456 eum
1115 432 1278 463 provocaret
1304 433 1386 462 atque
1403 431 1584 455 converteret.
1598 427 1665 454 Nam
1681 428 1704 454 is
1718 427 1764 462 qui
1777 428 1829 454 ali-

1041 482 1120 509 quem
1135 482 1233 510 passus
1245 474 1324 501 fuerit
1337 474 1469 505 dolorem,
1481 481 1542 500 cum
1558 474 1758 508 consumpserit
1768 473 1830 508 ejus

1041 521 1172 551 dolorem,
1189 520 1333 547 verborum
1349 520 1435 554 magis
1458 525 1619 554 provocatur
1644 520 1829 548 admonitione

1040 573 1121 600 quam
1143 566 1316 601 improperiis
1330 574 1337 592 :
1356 569 1383 593 et
1395 566 1598 599 increpatioues
1612 565 1734 593 minores
1748 570 1829 600 atque

1041 611 1163 639 mitiores
1179 619 1239 639 esse
1254 611 1380 639 videntur
1395 611 1482 646 magis
1498 619 1579 646 quam
1592 619 1654 638 cum
1677 619 1829 646 provocan-

1041 662 1085 684 tur
1099 657 1201 688 verbis,
1220 663 1300 692 atque
1315 658 1496 685 admonentur
1511 658 1639 692 eloquiis,
1668 662 1695 685 et
1722 658 1828 685 subtili-

1040 707 1095 730 tate
1112 704 1256 731 verborum
1282 703 1458 731 exulceratur
1487 703 1577 731 anima
1602 703 1744 739 patientis.
1770 703 1828 732 Hoc

1038 749 1143 777 scilicet
1170 749 1260 777 sciens
1286 749 1471 785 nequissimus
1497 749 1631 782 diabolus,
1658 756 1770 778 versute
1795 757 1827 778 ac

1038 795 1134 822 callide
1143 802 1192 830 per
1203 803 1232 823 os
1243 796 1335 823 uxoris
1351 796 1476 831 loquens,
1490 797 1611 823 omnium
1624 804 1686 823 eum
1700 797 1734 824 ab
1749 797 1827 824 initio

1038 839 1248 868 commonefecit
1261 840 1397 868 dolorum.
1415 840 1516 868 Uxoris
1532 848 1631 868 nomen
1663 848 1725 869 cum
1746 842 1827 868 audi-

1040 886 1106 919 eris,
1117 886 1172 913 noli
1184 891 1280 922 putare
1292 887 1363 921 quod
1375 894 1443 914 uxor
1451 887 1508 914 haec
1519 887 1608 914 locuta
1621 886 1714 920 ftterit,
1723 888 1770 915 sed
1778 895 1828 915 ore

1040 932 1132 960 uxoris
1140 932 1309 960 deserviente
1323 932 1429 960 locutus
1443 937 1485 960 est
1495 940 1545 967 per
1555 940 1585 960 os
1597 933 1657 967 ejus
1667 932 1829 968 malignissi-

1038 986 1111 1010 mus,
1129 979 1174 1013 qui
1188 979 1272 1006 etiam
1287 983 1312 1006 et
1329 979 1427 1014 impias
1440 979 1620 1013 cogitationes
1636 979 1782 1006 seminavit
1800 979 1827 1006 in

1039 1026 1127 1052 anima
1142 1025 1225 1053 illius.
1238 1025 1453 1052 Animadvertite
1468 1025 1606 1059 quomodo
1627 1032 1724 1052 omnes
1749 1024 1826 1059 ipsos

1037 1074 1179 1098 enumerat
1191 1070 1310 1103 dolores,
1335 1071 1472 1106 quomodo
1488 1071 1521 1098 de
1536 1070 1663 1098 omnibus
1677 1078 1738 1098 eum
1749 1078 1825 1098 com-

1037 1114 1195 1143 monefacit.
1216 1115 1363 1151 Quousque
1393 1116 1512 1144 sustines
1539 1120 1737 1150 paupertatem,
1764 1116 1827 1142 ino-

1037 1162 1121 1198 piam,
1135 1162 1298 1195 nuditatem,
1314 1162 1527 1194 deformitatem,
1547 1162 1722 1197 improperia,
1740 1162 1826 1190 male-

1037 1207 1189 1235 dictiones?
1201 1207 1302 1235 Deinde
1317 1208 1365 1235 ﬁlii
1381 1208 1418 1235 tui
1436 1212 1464 1236 et
1481 1208 1543 1235 ﬁliae
1558 1207 1710 1243 perierunt,
1738 1208 1825 1235 inter-

1037 1254 1135 1286 ierunt,
1158 1254 1301 1289 intercepti
1330 1258 1413 1287 suttt,
1434 1254 1513 1281 deleti
1536 1258 1610 1282 sunt.
1632 1253 1699 1281 Item
1714 1261 1779 1281 vero
1796 1258 1824 1281 tu

1036 1300 1114 1329 sedes
1135 1301 1162 1328 in
1180 1302 1323 1335 putredine
1336 1301 1469 1328 vermium
1480 1301 1608 1329 omnibus
1632 1301 1824 1332 exsecrabilis,

1035 1346 1161 1374 omnibus
1180 1346 1383 1379 abominabilis,
1400 1347 1526 1374 omnibus
1540 1346 1709 1374 detestabilis
1726 1346 1760 1373 ad
1781 1348 1824 1373 vi-

1034 1393 1163 1425 dendttm,
1179 1393 1420 1427 approximandnm
1447 1397 1529 1428 atque
1552 1393 1727 1425 audiettdum,
1748 1397 1776 1420 et
1788 1392 1823 1420 ad

1035 1438 1121 1472 ipsam
1136 1438 1307 1473 putredincm
1327 1438 1455 1466 omnibus
1475 1439 1595 1466 odiosam
1615 1439 1821 1466 moderandam.

1034 1483 1135 1511 Deinde
1153 1489 1212 1518 post
1229 1484 1285 1511 lucc
1300 1483 1423 1511 universa
1439 1494 1445 1511 τ
1459 1484 1493 1511 Ει
1515 1493 1575 1519 ego,
1594 1485 1691 1519 inqttit,
1712 1490 1741 1512 ut
1755 1494 1822 1521 vaga

1035 1534 1059 1555 et
1075 1530 1163 1555 habitu
1181 1530 1285 1556 ancillre
1302 1530 1457 1556 circumiens
1474 1531 1505 1556 de
1521 1530 1577 1556 loco
1601 1531 1627 1556 in
1648 1531 1733 1557 locum
1750 1535 1775 1557 et
1789 1531 1838 1557 de'

1035 1575 1111 1601 domo
1124 1575 1150 1600 in
1163 1575 1279 1605 domum,
1295 1579 1321 1601 et
1336 1580 1431 1601 caetera
1449 1585 1454 1601 :
1472 1576 1570 1609 quibus
1584 1576 1725 1602 subtiliora
1740 1580 1823 1610 atque

1033 1622 1172 1648 callidiora
1186 1621 1210 1647 in
1226 1622 1403 1648 subversionc
1418 1622 1487 1655 loqui
1499 1630 1550 1649 non
1563 1626 1674 1655 poterat.
1692 1621 1822 1657 Postqua.

1034 1668 1159 1694 universa
1177 1675 1225 1701 pro
1241 1668 1362 1694 omnium
1380 1669 1564 1699 conclusione,
1587 1673 1728 1702 postquam
1756 1675 1821 1703 per-

1034 1713 1168 1739 tnrbatutn
1179 1717 1205 1739 et
1213 1718 1398 1747 provocatum,
1408 1718 1488 1748 atque
1496 1714 1566 1740 circa
1577 1713 1658 1739 Deum
1672 1713 1820 1741 excitatum

1033 1760 1137 1793 putavit
1151 1767 1212 1786 esse
1228 1767 1275 1786 cor
1284 1759 1353 1793 ejus,
1367 1761 1392 1786 in
1402 1760 1588 1794 supplemento
1601 1760 1721 1787 omnium
1734 1760 1820 1788 dixit:

1034 1804 1081 1831 Dic
1107 1805 1216 1840 aliquod
1238 1807 1342 1831 verbum
1366 1806 1393 1831 in
1417 1805 1558 1832 Dominum
1574 1811 1596 1832 et
1612 1814 1712 1833 morere
1728 1805 1761 1833 ¹⁶.
1778 1805 1820 1833 Ad

1032 1851 1085 1877 hoc
1102 1852 1175 1878 enim
1190 1851 1264 1878 illum
1286 1852 1437 1879 adducebat
1453 1857 1533 1886 atque
1550 1853 1714 1885 attrahebat,
1736 1856 1765 1880 et
1785 1852 1820 1880 ad

1032 1896 1085 1923 hoc
1098 1896 1251 1931 ﬂagellabat
1266 1904 1326 1924 cum
1346 1896 1405 1923 hrcc
1423 1897 1548 1924 universa
1569 1897 1725 1931 loqueretur
1740 1896 1820 1924 mali-

1030 1943 1175 1975 gnissitnus
1185 1942 1315 1970 diabolus.
1324 1942 1389 1969 Nam
1400 1950 1460 1970 cum
1471 1951 1523 1969 non
1534 1943 1632 1970 valeret
1640 1951 1687 1977 per
1698 1943 1818 1976 dolores.

1030 1988 1105 2015 nisus
1112 1991 1151 2015 est
1158 1992 1238 2022 atque
1247 1988 1425 2022 putavitquod
1435 1996 1482 2022 per
1490 1989 1674 2015 seductionem
1685 1996 1745 2015 eum
1754 1990 1820 2015 sub-

1030 2039 1158 2062 verteret.
1171 2035 1223 2062 Sed
1235 2035 1289 2061 illic
1301 2042 1364 2061 vere
1374 2035 1549 2069 adimpletum
1562 2039 1603 2061 est
1615 2035 1685 2068 quod
1695 2039 1756 2069 post
1765 2034 1818 2062 hoc

1028 2081 1129 2108 dictttm
1145 2086 1187 2109 est
1202 2089 1211 2109 :
1227 2081 1349 2108 Firmum
1366 2082 1567 2116 fundamentum
1589 2081 1637 2108 Dei
1654 2080 1745 2108 stabit.
1761 2080 1819 2108 Illic

1029 2135 1093 2156 vero
1108 2128 1251 2163 adimpleta
1267 2132 1294 2155 et
1306 2126 1432 2163 parabola
1446 2126 1501 2159 illa,
1512 2134 1573 2161 quae
1585 2134 1599 2154 a
1614 2126 1728 2154 Domino
1744 2127 1817 2154 dicta

1028 2178 1070 2201 est
1080 2174 1113 2201 de
1125 2174 1205 2202 domo
1215 2173 1257 2201 illa
1268 2173 1356 2205 ﬁrma,
1371 2180 1430 2207 qua:
1439 2179 1521 2207 super
1532 2177 1634 2207 petram
1647 2173 1757 2200 fundata
1773 2177 1816 2200 at-

1028 2225 1081 2254 que
1099 2218 1231 2246 aediﬁcata
1253 2222 1307 2250 est,
1330 2225 1411 2252 quam
1426 2224 1522 2244 omnes
1540 2216 1613 2244 venti
1636 2219 1664 2244 et
1683 2223 1772 2250 aquae,
1788 2220 1817 2244 et

190 2271 307 2293 noctaus
324 2273 357 2293 ac
369 2264 532 2300 pervigilans
550 2264 683 2298 plurimos
706 2262 792 2290 habes
821 2262 868 2298 qui
888 2266 915 2290 te
931 2270 979 2290 ex-
992 2267 1018 2297 ι)
1030 2272 1126 2293 omnes
1145 2266 1260 2299 impetus
1277 2264 1375 2291 diaboli
1391 2270 1564 2291 commovere
1581 2269 1635 2290 non
1657 2266 1813 2297 potuerunt.

190 2311 278 2340 citent
297 2318 414 2339 vermes.
436 2309 494 2338 Non
515 2311 587 2338 enim
607 2309 693 2343 gallus
721 2308 765 2336 ille
778 2308 824 2343 qui
840 2312 901 2344 post
925 2309 977 2336 hoc

190 2357 299 2385 Petrum
315 2356 431 2389 voeabit,
452 2356 489 2383 ita
506 2356 628 2384 excitare
644 2355 720 2382 illttm
737 2355 849 2390 poterit,
870 2355 939 2382 sicut
952 2359 978 2382 te

188 2404 309 2431 excitant
337 2410 453 2435 vermes,
483 2403 528 2437 qui
555 2403 683 2430 devorant
708 2406 804 2429 carnes
828 2405 901 2429 tuas.
917 2400 976 2429 Non

189 2454 295 2476 tantum
312 2447 455 2484 Egyptios
471 2447 525 2475 illa:
539 2447 662 2482 plurium
676 2447 865 2474 excitaverunt
880 2445 977 2481 plagae,

187 2496 260 2525 sicut
275 2501 301 2523 te
321 2495 462 2530 ntultiplex
487 2494 602 2522 suscitat
618 2494 743 2529 putredo.
759 2493 824 2521 Post
837 2500 899 2528 quae
914 2492 975 2520 uni-

187 2550 279 2575 versa,
293 2547 316 2569 et
331 2550 388 2576 ego,
401 2541 500 2577 inquit,
517 2545 544 2568 ut
558 2549 633 2575 vaga,
646 2545 670 2567 et
683 2539 774 2567 habitu
795 2539 899 2566 ancilla
917 2547 975 2566 am-

174 2581 281 2616 dtulans
296 2589 328 2616 de
341 2589 398 2615 loco
409 2588 437 2615 in
452 2587 537 2614 locum
549 2592 573 2614 et
588 2588 621 2614 de
630 2587 706 2614 domo
726 2588 754 2613 in
771 2587 877 2613 domum
889 2585 974 2620 operis

187 2644 279 2668 causa,
294 2640 446 2669 exspectans
459 2627 565 2670 quando
580 2633 620 2660 ιοι
633 2633 730 2661 subeat
749 2638 774 2660 et
794 2633 908 2667 requiem
922 2632 972 2659 Ita-

188 2682 260 2708 beam
277 2680 396 2707 labarum
417 2684 440 2707 et
455 2680 609 2715 gemituum,
625 2679 669 2714 qui
685 2686 754 2705 nunc
776 2686 816 2705 me
828 2676 973 2711 apprehen-

187 2728 280 2753 derunt
295 2726 316 2753 ’.
330 2725 353 2753 0
370 2725 526 2761 malignitas
550 2724 710 2757 adversarii,
726 2731 743 2751 ο
756 2723 890 2751 calliditas
913 2723 971 2750 dia-

185 2772 251 2803 boli,
270 2778 287 2798 ο
303 2769 411 2798 fallacia
425 2769 601 2805 nequissimi,
629 2776 709 2805 quam
726 2768 825 2796 blande
839 2765 969 2802 loquitur.

186 2826 267 2853 quam
285 2817 387 2846 callide
402 2816 520 2851 decipit,
538 2822 620 2850 quam
637 2813 831 2842 miserabiliter
844 2812 925 2844 fatur.
941 2817 969 2841 ut

679 2903 700 2918 ¹⁰
714 2902 777 2930 ibid.

232 2920 243 2927 α
258 2909 293 2936 ob
309 2915 338 2941 ll,
353 2907 380 2934 9.
418 2906 505 2935 'ibid.
551 2906 561 2921 '
575 2904 639 2932 ibid.

1026 2311 1099 2341 Talis
1105 2318 1170 2339 vero
1181 2310 1230 2338 fuit
1237 2309 1403 2337 admirabilis
1409 2308 1469 2340 Job.
1479 2316 1558 2344 quem
1567 2315 1646 2336 omne
1653 2307 1815 2343 supplicium

1032 2355 1135 2386 diaboli
1150 2355 1280 2391 compulit
1294 2354 1378 2382 Deum
1392 2355 1584 2389 derelinquere
1600 2361 1609 2379 :
1624 2360 1705 2388 quem
1720 2352 1813 2380 omnia

1029 2408 1189 2438 argumenta
1199 2402 1348 2430 adversarii
1363 2409 1416 2429 non
1432 2401 1609 2431 seduxerunt,
1618 2404 1671 2426 uta
1682 2398 1814 2426 Creatore

1026 2449 1189 2478 discederet.
1200 2450 1254 2476 Sed
1269 2448 1358 2475 adhuc
1372 2447 1444 2473 velut
1454 2453 1487 2473 ex
1498 2452 1613 2480 persona
1625 2445 1718 2472 uxoris
1732 2444 1814 2479 hujus

1028 2496 1102 2525 verbi
1119 2495 1282 2522 mentionem
1297 2493 1446 2521 faciamus:
1461 2492 1493 2519 Et
1509 2500 1566 2527 ego,
1581 2492 1680 2527 inquit,
1699 2495 1728 2518 ut
1746 2498 1813 2525 vaga

1026 2545 1051 2568 et
1066 2541 1156 2568 habitu
1172 2539 1287 2567 ancilla.
1312 2539 1344 2566 Et
1359 2546 1409 2573 ego
1423 2537 1494 2565 mala
1518 2543 1581 2570 tua,
1603 2537 1704 2571 inquit,-
1724 2541 1812 2564 tecum

1026 2586 1128 2621 bajulo,
1148 2590 1209 2614 tuos
1231 2585 1338 2613 dolores
1354 2590 1442 2612 tecum
1454 2586 1587 2615 sustineo,
1611 2587 1672 2610 tuas
1687 2582 1813 2610 miserias

1026 2638 1114 2660 tecum
1126 2632 1225 2667 patior,
1240 2635 1269 2659 et
1284 2638 1346 2666 ego,
1359 2630 1457 2664 inquit,
1471 2629 1609 2657 discedere
1624 2636 1677 2656 non
1690 2635 1811 2662 possum,

1027 2676 1220 2712 derelinquere
1229 2679 1258 2703 te
1270 2682 1323 2703 non
1338 2674 1436 2702 tolero.
1456 2673 1492 2700 Et
1504 2682 1550 2709 ego
1565 2678 1593 2701 ut
1605 2682 1670 2707 ruga
1679 2677 1702 2699 et
1717 2672 1810 2699 habitu

1024 2722 1141 2750 ancilla.
1165 2722 1237 2757 Vaga
1264 2720 1337 2748 velut
1359 2719 1510 2756 peregrina,
1542 2719 1665 2751 latitans,
1697 2718 1809 2749 misera.

1024 2767 1156 2802 solitaria,
1182 2766 1290 2799 infelix,
1319 2766 1406 2802 inops.
1424 2765 1457 2793 Et
1471 2773 1522 2801 ego
1545 2772 1622 2800 vaga,
1639 2764 1723 2792 veluti
1736 2770 1801 2791 erro

1024 2819 1088 2846 nea,
1108 2817 1235 2840 tauauam
1253 2812 1359 2840 viarum
1380 2816 1408 2840 et
1434 2817 1603 2847 egressuum,
1621 2813 1702 2845 atque
1727 2809 1809 2837 totius
