2087 3195
262 171 315 199 ιιδὸ

804 170 994 199 ANONYMUS
1013 170 1047 198 IN
1065 170 1134 199 JOB.
1151 185 1185 191 —
1203 170 1268 199 LIB.
1287 171 1334 199 11.ι

1828 173 1883 201 ιιιι

262 231 383 259 civitatis
399 231 529 259 transitus
539 232 643 267 ignara.
657 230 724 259 Nam
738 231 810 259 intra
820 231 920 267 palatia
935 232 1049 265 nutrita,
1063 233 1086 262 Α
1100 237 1231 259 mearum.
1247 231 1315 259 Nam
1331 238 1394 259 cum
1419 231 1469 262 sol.
1493 231 1590 267 .ttqnit,
1604 231 1745 263 ceciderit.
1755 237 1808 258 nox
1836 236 1876 266 ap‘

263 280 293 305 et
303 277 330 304 in
345 283 429 312 regno
442 277 548 308 vivens,
562 280 589 304 et
603 277 628 304 in
643 276 797 312 principatu
815 282 897 312 atque
910 276 1048 311 opulentia

265 323 377 357 degens,
403 323 523 349 omnium
540 322 606 349 foris
628 330 704 350 eram
724 323 829 358 ignara.
858 322 899 351 0b
916 323 967 350 hoc
986 329 1047 358 ego,

264 367 363 401 inquit,
378 372 407 395 ut
422 375 487 403 vaga
517 368 665 401 circumeo,
691 372 773 403 atque
792 375 865 401 erro.
881 373 975 403 utpote
988 376 1048 396 om-

265 415 338 441 nium
355 415 438 441 inscia
454 420 481 441 et
499 415 604 442 viarum
619 419 646 441 et
664 415 789 442 itinerum
803 419 829 442 ct
851 415 1006 442 inccssunm
1021 420 1048 442 et

265 460 472 494 colloquiorum,
490 466 517 487 et
534 469 586 487 non
602 461 687 487 solum
712 469 791 495 vaga.
814 462 859 488 sed
878 462 970 487 habitu
997 469 1047 488 an-

265 506 335 532 cillze
359 511 487 540 tanquam
518 507 700 539 mercenaria,
731 512 811 540 atque
828 506 889 533 aliis
913 507 1047 540 indigens,

266 557 393 585 tanquam
435 551 527 578 infelix
561 556 588 579 et
626 553 779 579 omnimode
816 552 903 586 inops.
949 551 1046 580 Habitu

264 598 379 629 auciiim,
396 602 486 632 utpote
498 606 613 632 operans
633 605 665 625 ac
689 598 814 626 laborans
830 603 856 625 et
873 605 1046 626 mercennum

265 644 385 676 faciens;
413 649 441 671 et
466 645 592 671 omnibus
618 645 785 680 supplicans,
811 650 893 680 atque
922 646 1047 673 omnibus

265 690 385 722 humilis,
404 695 495 725 utpote
521 691 648 717 omnibus
673 691 805 725 subjecta,
837 691 876 718 sic
900 692 991 726 itaque
1018 695 1049 718 ut

264 742 342 769 vaga,
365 735 471 770 inquit,
494 740 522 762 et
545 735 638 762 habitu
666 737 783 764 ancillae.
804 736 940 764 lnnumeri
964 738 1047 771 servi,

265 787 345 815 atque
371 781 522 808 innumera:
545 781 650 808 ancillae
675 782 738 808 olim
760 783 915 810 servierunt
933 783 999 810 mihi
1021 787 1049 811 et

264 827 485 853 niinistraverunt
505 831 532 854 et
549 827 703 854 detulerunt
723 832 750 854 et
768 829 886 861 requiem
903 829 1048 861 dederunt,

264 879 291 900 et
305 874 424 908 undique
441 881 502 901 curn
519 874 673 901 reverentia
699 874 880 902 adoraverunt
893 882 935 902 me
953 883 958 901 :
977 883 1048 903 nunc

264 928 329 947 vero
343 920 376 946 ad
395 924 494 946 tantam
512 920 698 948 infelicitatem
713 921 837 948 devoluta
855 929 926 954 sum,
942 921 975 948 ad
987 926 1047 948 tan-

264 970 317 992 tam
340 965 476 992 miseriam
495 965 617 999 perveni,
636 968 665 992 ut
682 966 739 999 ipsa
762 972 812 1000 ego
833 972 899 1000 vaga
917 965 976 993 aliis
993 973 1049 992 ser-

262 1010 371 1041 vierim,
391 1010 516 1037 omnibus
535 1010 669 1045 indigens.
683 1011 808 1038 omnibus
821 1011 955 1046 subjecta.
979 1011 1046 1047 Ego,

265 1057 362 1091 inquit,
374 1064 433 1091 quae
445 1057 603 1084 immensum
615 1065 756 1085 numerum
769 1057 878 1092 inopum
894 1062 975 1093 atque
983 1065 1048 1092 pau-

264 1110 369 1137 perum,
381 1102 654 1137 iufeliciumquoque,
664 1110 695 1130 ac
705 1103 835 1131 nudorum
847 1103 1049 1139 silieutiumque

263 1148 327 1174 olim
341 1155 373 1174 ex
394 1148 446 1175 tuis
468 1152 495 1175 et
510 1148 577 1175 meis
599 1148 738 1176 laboribus
760 1153 842 1183 atque
868 1149 1046 1178 facultatibus

264 1192 394 1224 saturavi,
403 1193 509 1225 vestiri,
523 1192 655 1226 benefeci,
667 1193 798 1227 requievi,
809 1193 979 1229 refrigeravi,
988 1201 1048 1228 ego,

265 1239 364 1273 inquit,
377 1239 410 1266 ad
429 1243 518 1266 tantus
533 1238 640 1266 dolores
654 1243 681 1266 et
705 1239 839 1271 miserias.
858 1245 938 1274 atque
962 1239 1051 1268 infeli-

265 1285 374 1312 citatem
387 1285 509 1319 perveni,
531 1289 559 1312 ut
574 1290 701 1320 tanquam
720 1292 787 1320 vaga
803 1285 976 1318 circumiens,
989 1285 1049 1313 aliis

265 1336 376 1366 propter
400 1331 517 1366 inopiam
540 1330 668 1364 serviam,
683 1335 713 1357 ut
736 1330 799 1362 tibi,
826 1331 924 1366 inquit,
946 1338 963 1359 o
987 1330 1048 1363 Job.

267 1376 454 1410 quotidianam
480 1383 571 1404 escam
598 1383 744 1404 merceuno
771 1377 921 1411 acquiram.
947 1382 975 1405 ut
1003 1376 1049 1405 tibi

265 1422 453 1458 quotidianum
474 1421 575 1449 victum
595 1422 743 1449 inveniam.
759 1421 799 1450 οι)
819 1423 884 1454 hoc.
907 1422 1005 1458 inquit,
1021 1427 1051 1449 ut

267 1475 333 1503 vaga
344 1472 371 1495 et
387 1467 480 1495 habitu
494 1467 600 1496 ancillae
614 1467 648 1495 de
666 1467 726 1495 loco
743 1468 777 1495 ad
797 1467 884 1495 locum
901 1468 1050 1501 circumeo,

266 1517 294 1540 et
309 1513 343 1541 de
353 1514 434 1541 domo
455 1514 481 1540 in
498 1513 618 1546 domum,
634 1513 719 1541 sicubi
734 1520 891 1548 exposcam,
904 1517 932 1541 et
947 1513 1051 1541 mendi-

266 1566 337 1592 cem,
360 1563 499 1593 expetam,
517 1558 559 1586 vel
574 1563 604 1586 ut
619 1559 702 1587 etiam
725 1566 869 1587 mercenno
884 1558 1000 1594 exigam,
1019 1558 1052 1586 de

266 1604 326 1632 loco
343 1605 376 1631 ad
391 1605 491 1637 locum,
516 1605 550 1632 de
564 1605 644 1632 domo
664 1604 692 1632 in
706 1604 815 1632 domum
832 1604 980 1632 circumeo.
995 1603 1050 1631 Ali-

265 1650 339 1683 rubi,
351 1650 448 1685 inquit,
458 1650 604 1685 suscipior,
619 1649 718 1678 alicubi
737 1655 826 1678 autem
841 1657 893 1678 non
905 1650 1051 1686 suscipior.

266 1695 365 1723 alicubi
381 1695 502 1723 defertur
525 1695 603 1729 mihi,
618 1694 716 1722 alicubi
733 1699 824 1722 autem
838 1702 893 1722 non
917 1693 1057 1723 defertura

265 1741 372 1769 Alicubi
394 1741 573 1773 houorilicor,
597 1740 696 1769 alicubi
720 1740 897 1768 nihilominus
917 1747 1053 1768 exsecror.

266 1785 334 1812 Nam
349 1790 448 1819 praeter
465 1785 490 1812 id
510 1785 582 1820 quod
605 1792 657 1812 non
671 1785 834 1821 suscipiunt,
850 1786 961 1820 insuper
974 1792 1053 1813 exse-

266 1836 392 1863 crantur,
410 1831 558 1864 declinant,
575 1831 767 1859 abominantur
778 1836 899 1859 nostram
912 1832 1054 1860 infelicita-

270 1882 336 1908 tem.
355 1877 541 1912 unusquisque
555 1877 606 1905 sibi
620 1881 754 1911 metuens,
771 1883 799 1905 et
814 1882 942 1913 tanquam
960 1879 993 1906 ab
1007 1887 1055 1906 au-

269 1922 347 1957 gurio
362 1930 451 1949 meum
467 1929 604 1950 accessum
617 1927 699 1958 atque
721 1923 858 1951 introitum
886 1931 941 1958 pra:
957 1924 1055 1951 timore

266 1967 394 2000 declinat,
412 1974 445 1994 ne
458 1966 528 1994 forte
546 1974 607 1994 cum
620 1973 714 1995 nostra
735 1967 844 1996 miseria
860 1973 997 2004 tangatur.
1013 1967 1055 1996 0b

266 2012 329 2046 hoc,
348 2013 446 2048 inquit,
463 2022 479 2040 ο
501 2013 562 2048 Job,
577 2014 610 2042 de
631 2014 692 2042 loco
706 2013 733 2041 in
750 2013 838 2041 locum
857 2014 1005 2046 circumeo,
1028 2018 1056 2041 et

266 2059 300 2086 de
327 2059 406 2087 domo
420 2060 446 2087 in
462 2061 580 2089 domum.
594 2061 658 2095 Ego,
677 2061 725 2093 ait,
742 2068 800 2096 qua:
820 2059 883 2088 olim
897 2059 969 2087 foras
986 2067 1056 2087 nun-

267 2113 349 2140 quam
368 2107 451 2139 evivi,
463 2114 523 2141 quae
537 2107 611 2135 foras
626 2115 763 2142 nunquam
775 2108 893 2142 respexi,
907 2115 979 2135 nunc
991 2115 1056 2136 vero

267 2153 300 2179 de
313 2152 371 2179 loco
388 2153 414 2179 iu
430 2153 519 2180 locum
535 2153 710 2187 circumiens,
723 2158 752 2181 et
767 2154 800 2181 de
814 2155 895 2182 domo
910 2154 935 2182 in
946 2154 1054 2182 domum

267 2197 301 2224 ab
317 2197 442 2225 omnibus
460 2199 623 2233 conspicior,
638 2199 672 2226 ab
683 2199 811 2228 omnibus
832 2199 1010 2235 contemplor.
1029 2205 1056 2229 et

1098 275 1270 311 propinquat,
1278 281 1305 303 et
1323 276 1442 303 tenebra
1452 275 1589 309 oriuntur,
1603 281 1631 303 et
1643 277 1799 311 supervenit
1808 283 1880 304 som-

1098 328 1160 353 nus.
1178 322 1224 357 qui
1239 329 1334 350 omnes
1356 322 1464 350 dolores
1479 321 1596 358 mitigat.
1619 322 1667 357 qui
1682 329 1764 350 omne
1782 322 1882 350 vulnus

1098 367 1184 400 sedat,
1207 367 1253 403 qui
1270 375 1377 395 omnem
1407 367 1545 395 tristitiam
1561 367 1643 402 sopit.
1660 367 1701 395 0b
1724 368 1776 395 hoc
1796 375 1861 403 ergo
1872 387 1882 402 ,

1097 413 1144 445 ait,
1162 418 1289 448 tanquam
1306 414 1426 448 requiem
1440 417 1467 440 et
1481 413 1602 440 omnium
1619 413 1822 441 tribulationum
1833 414 1882 442 de-

1098 459 1257 492 positiouem
1272 459 1310 485 sic
1318 463 1446 492 exspecto
1458 458 1564 493 quando
1577 458 1617 486 sol
1630 459 1737 492 subeat,
1748 462 1777 486 ut
1785 459 1881 486 saltem

1098 502 1139 529 vel
1158 503 1231 530 brevi
1245 503 1332 530 noctis
1347 507 1468 536 tempore
1485 510 1500 529 a
1519 502 1748 534 tribulationibus,
1761 510 1822 538 quae
1838 510 1882 531 me

1099 555 1170 574 nunc
1185 548 1422 582 apprehenderunt
1438 548 1616 583 requiescam.
1632 549 1788 577 Sicutenim
1807 548 1882 577 lucus

1099 593 1157 621 loco
1165 601 1208 621 me
1222 593 1320 626 reddit,
1336 598 1363 621 et
1376 594 1473 622 domus
1491 594 1595 626 domui,
1606 595 1702 629 stipem
1716 599 1882 630 quaerentem

1098 644 1123 666 el
1147 639 1361 674 cleemosynam,
1377 643 1459 674 atque
1485 640 1684 667 humanitatem
1708 647 1804 674 vagam
1831 640 1883 668 cir-

1099 690 1281 716 cumeuntem,
1296 685 1336 712 sic
1355 684 1481 712 similiter
1491 684 1549 712 dies
1567 685 1619 713 diei
1633 692 1678 712 me
1692 686 1775 713 tradit
1789 691 1817 713 et
1829 693 1882 713 nox

1100 732 1182 761 nocti,
1199 731 1318 766 requiem
1332 731 1539 759 tribulationum
1556 737 1637 766 atque
1649 731 1774 759 dolorum
1783 739 1883 759 conso-

1100 777 1225 804 lationem
1237 782 1403 812 quzcrentem
1413 778 1596 812 exspectando
1603 778 1713 812 quando
1727 777 1766 806 sol
1777 768 1880 810 subeat,

1100 829 1129 850 ut
1145 824 1265 859 requiem
1293 825 1407 851 habeam
1436 824 1641 851 tribulationum
1656 831 1717 859 quae
1743 831 1787 852 me
1811 831 1882 851 nunc

1101 870 1343 904 apprehenderunt.
1357 869 1425 896 Nam
1440 869 1506 897 solis
1518 877 1630 897 occasus
1644 869 1771 897 omnibus
1788 869 1883 897 buma-

1103 916 1145 943 uis
1158 915 1294 943 laboribus
1306 923 1338 942 ac
1359 915 1564 950 fatigationibus
1579 915 1660 942 linem
1675 914 1800 950 imponit,
1817 914 1883 943 solis

1101 969 1214 989 Occasus
1225 962 1360 989 universis
1375 962 1498 989 humanis
1510 961 1613 988 naturis
1627 960 1747 996 requiem
1762 965 1882 996 praestat.

1101 1010 1128 1034 et
1141 1007 1315 1041 pauperibus,
1332 1011 1360 1034 et
1375 1014 1428 1034 non
1446 1005 1618 1037 habentibus,
1630 1011 1657 1033 et
1669 1006 1757 1034 servis
1773 1012 1798 1033 et
1814 1006 1882 1034 libe-

1103 1053 1140 1081 ris
1155 1061 1161 1078 :
1177 1058 1204 1080 et
1222 1060 1316 1080 omnes
1329 1060 1473 1088 vesperum
1486 1056 1567 1087 atque
1583 1052 1648 1079 solis
1659 1059 1796 1084 occasum,
1812 1052 1884 1080 velut

1102 1099 1254 1126 libertatem
1276 1103 1302 1126 et
1323 1099 1518 1133 indulgentiam
1546 1102 1627 1134 atque
1643 1098 1765 1132 requiem
1787 1105 1884 1133 exspe-

1102 1150 1186 1172 ctant.
1202 1145 1268 1172 Cum
1282 1144 1378 1180 quibus
1392 1144 1519 1171 omnibus
1532 1163 1539 1176 ,
1559 1144 1655 1178 inquit,
1673 1151 1722 1179 ego
1739 1143 1820 1171 etiam
1835 1150 1883 1171 σι-

1104 1197 1199 1226 speCIo
1214 1192 1324 1226 quando
1342 1190 1382 1217 sol
1396 1191 1504 1221 subeat,
1522 1195 1553 1217 ut
1573 1190 1695 1225 requiem
1709 1188 1823 1216 habeam
1836 1189 1886 1216 tri-

1103 1237 1287 1267 bulationum,
1305 1244 1366 1271 quin
1386 1243 1430 1264 me
1455 1243 1528 1263 nunc
1556 1234 1805 1270 apprehenderunt.
1831 1234 1885 1262 Vo-

1103 1283 1213 1309 luerunt
1239 1282 1350 1317 quidam
1375 1286 1403 1309 et
1430 1281 1509 1308 aliter
1530 1282 1586 1308 haec
1609 1281 1712 1313 dicere,
1729 1281 1810 1316 quasi
1831 1288 1884 1308 non

1103 1328 1189 1363 possit
1206 1335 1254 1362 per
1268 1328 1338 1354 diem
1359 1334 1413 1362 pra:
1440 1327 1601 1354 verecundia
1623 1332 1704 1361 atque
1724 1326 1886 1354 confusione

1104 1381 1153 1409 per
1163 1374 1258 1401 domos
1274 1373 1324 1406 ire,
1342 1378 1368 1401 et
1386 1374 1483 1408 stipem
1501 1373 1622 1408 recipere
1642 1380 1692 1409 pro
1707 1372 1886 1400 cernentibus

1103 1425 1132 1448 et
1155 1419 1354 1447 declinantibus
1372 1423 1484 1454 propter
1503 1418 1647 1452 augurium
1672 1425 1706 1446 ne
1720 1418 1745 1446 ei
1759 1423 1887 1445 occurre-

1104 1469 1175 1498 rent.
1185 1465 1226 1493 vel
1235 1466 1261 1492 in
1272 1464 1380 1492 domum
1393 1464 1572 1499 susciperent,
1580 1468 1733 1492 metuentes
1747 1470 1782 1491 ne
1791 1462 1886 1490 eadem

1105 1515 1262 1546 paterentur
1285 1510 1366 1538 etiam
1382 1516 1477 1537 omnes
1490 1510 1523 1536 ad
1538 1517 1608 1544 quos
1630 1509 1808 1542 accessisset,
1839 1508 1882 1536 vel

1106 1556 1202 1591 quibus
1211 1555 1434 1590 approximasset.
1449 1554 1490 1582 0b
1500 1555 1552 1582 hoc
1562 1561 1628 1590 ergo
1639 1555 1715 1587 dicit,
1726 1559 1888 1590 exspectans

1102 1602 1211 1638 quando
1225 1601 1265 1629 sol
1281 1602 1386 1634 subeat,
1399 1607 1430 1630 ut
1443 1603 1469 1629 in
1485 1602 1602 1629 tenebris
1614 1603 1754 1629 nocturnis
1767 1601 1885 1636 requiem

1103 1647 1248 1675 inveniam.
1267 1647 1320 1675 Sed
1335 1655 1400 1675 vere
1427 1647 1552 1682 superior
1567 1647 1703 1682 expositio
1726 1653 1791 1674 vera
1806 1651 1889 1681 atque

1103 1692 1279 1721 irrefutabilis
1292 1698 1343 1722 est.
1368 1693 1422 1721 Sed
1440 1697 1501 1728 post
1519 1693 1577 1720 haec
1602 1692 1730 1720 universa
1753 1692 1788 1720 ad
1809 1691 1887 1719 illum

1103 1745 1255 1767 sermonem
1279 1744 1471 1766 convertamus
1485 1759 1493 1772 ,
1518 1737 1595 1773 cuius
1619 1737 1701 1766 etiam
1727 1738 1784 1765 lucc
1804 1737 1888 1766 verba

1103 1784 1224 1817 fuerunt,
1239 1785 1265 1812 id
1278 1788 1320 1812 est
1334 1784 1368 1811 ad
1381 1783 1528 1812 diabolum.
1544 1782 1610 1811 Nam
1622 1783 1667 1811 hic
1675 1783 1806 1819 gloriatur
1816 1782 1889 1817 quod

1103 1831 1210 1858 deloco
1225 1830 1251 1858 in
1267 1831 1355 1858 locum
1369 1830 1517 1857 circumeat
1532 1834 1561 1857 et
1575 1830 1609 1857 de
1625 1829 1706 1857 domo
1721 1829 1749 1857 in
1766 1830 1888 1861 domum.

1103 1881 1131 1904 ut
1146 1876 1267 1908 seducat,
1279 1881 1308 1903 ut
1318 1876 1468 1912 perturbet,
1483 1880 1512 1903 ut
1525 1876 1711 1908 commisceat,
1720 1879 1751 1902 ut
1760 1875 1888 1910 decipiat,

1103 1926 1173 1950 utea
1186 1929 1246 1955 quae
1261 1922 1400 1950 contraria
1412 1927 1478 1949 sunt
1491 1926 1605 1949 cunctos
1617 1922 1726 1953 doceat,
1746 1925 1774 1948 et
1791 1927 1888 1956 exspe~

1104 1972 1159 1996 ctal
1171 1968 1278 2004 quando
1292 1968 1334 1996 sol
1345 1969 1451 2001 subeat,
1466 1972 1496 1995 ut
1512 1967 1631 2000 requiem
1646 1967 1748 1995 habeat
1763 1966 1887 1994 laborum

1105 2022 1137 2042 ac
1151 2015 1364 2042 tribulationum.
1383 2014 1450 2042 Nam
1460 2014 1505 2042 ubi
1516 2013 1562 2041 Sol
1571 2013 1685 2048 iustitiae
1700 2020 1752 2041 non
1763 2013 1888 2045 subierit,

1105 2061 1150 2088 ubi
1169 2061 1212 2088 lux
1226 2061 1348 2088 veritatis
1365 2067 1417 2088 non
1433 2060 1542 2093 luxerit,
1560 2060 1606 2088 ubi
1632 2059 1784 2087 obscuritas
1800 2058 1890 2086 infeli-

1105 2107 1196 2135 citatis
1209 2111 1236 2134 et
1258 2107 1360 2135 erroris
1375 2113 1456 2142 atque
1481 2106 1629 2142 impietatis
1644 2106 1738 2140 fuerit,
1755 2105 1811 2133 illic
1827 2112 1888 2132 ma-

1108 2151 1197 2186 lignus
1213 2152 1368 2186 requiescit,
1389 2152 1445 2179 illic
1464 2158 1573 2179 omnem
1592 2151 1702 2187 iniquus
1717 2158 1793 2179 suum
1816 2149 1890 2178 labo-

1106 2205 1164 2225 rem
1181 2198 1304 2233 deponit.
1319 2197 1423 2227 idcirco
1440 2199 1473 2225 de
1487 2198 1546 2225 loco
1570 2197 1597 2224 in
1621 2197 1711 2225 locum
1727 2195 1835 2229 circuit,
1863 2200 1890 2224 et

267 2250 282 2269 a
294 2243 373 2270 malis
384 2247 413 2271 et
423 2251 437 2271 a
450 2243 539 2276 bonis,
552 2245 725 2280 etacoguitis
736 2245 804 2272 etab
819 2245 972 2280 incognitis.
989 2244 1055 2272 Nam
1072 2248 1095 2278 ι)
1109 2244 1141 2272 de
1155 2243 1274 2271 domoin
1291 2244 1414 2277 domum,
1429 2248 1522 2279 utpote
1545 2250 1642 2272 aereus
1657 2242 1770 2278 spiritus
1790 2246 1888 2270 cuncta

267 2289 297 2321 ii,
319 2289 418 2325 inquit,
441 2290 487 2324 qui
504 2289 568 2318 olim
592 2298 644 2319 nec
668 2290 792 2318 viderunt
816 2298 870 2324 me,
891 2297 941 2318 nec
959 2291 1054 2319 videre

266 2340 426 2371 potuerunt,
455 2336 501 2363 isti
522 2343 599 2364 nunc
613 2341 642 2364 ut
659 2343 752 2372 vagam
778 2343 822 2364 me
837 2337 1053 2364 circumeuntem

266 2389 329 2409 cum
344 2381 496 2416 ignominia
513 2382 616 2414 vident,
645 2386 727 2417 atque
745 2385 903 2417 contemptu
930 2387 1053 2410 contem-

268 2426 386 2462 plantur.
407 2426 449 2454 0b
465 2426 528 2462 hoc,
546 2427 644 2462 inquit,
662 2427 696 2455 de
711 2427 771 2455 loco
781 2427 814 2454 ad
828 2427 919 2454 locum
933 2427 1052 2454 circum-

267 2481 302 2501 eo
322 2476 351 2498 et
374 2473 410 2501 de
431 2473 511 2501 domo
531 2473 558 2500 in
572 2473 680 2500 domum
693 2472 783 2507 operis
799 2472 899 2507 gratia,
917 2478 945 2500 et
955 2479 1052 2506 exspe-

269 2525 346 2548 etans
360 2519 469 2556 quando
487 2518 529 2548 sol
551 2519 657 2551 subeat,
672 2523 702 2546 ut
715 2518 835 2553 requiem
851 2518 964 2546 habeam
982 2517 1053 2546 labo-

269 2574 330 2595 rum
342 2571 423 2602 atque
431 2565 589 2602 gemituum,
600 2565 646 2600 qui
660 2572 730 2592 nunc
742 2572 786 2592 me
794 2564 1029 2599 apprehenderunt
1045 2573 1051 2591 :

269 2614 315 2649 qui
332 2621 404 2641 nunc
414 2616 617 2647 occupaverunt
632 2616 688 2639 tam
703 2619 752 2646 pro
763 2616 808 2639 tua
823 2611 961 2646 passione,
972 2619 1053 2646 quam

269 2659 350 2688 etiam
366 2666 415 2695 pro
434 2665 496 2686 mea
519 2658 672 2694 vagatione,
697 2663 752 2685 tam
768 2664 817 2692 pro
837 2656 891 2684 tuis
917 2656 1054 2683 laboribus

269 2712 350 2740 quam
371 2705 454 2732 etiam
475 2707 524 2739 pro
539 2704 607 2732 meis
633 2702 865 2735 tribulationibus,
891 2706 1053 2737 exspectans

269 2752 377 2787 quando
389 2751 430 2779 sol
443 2752 548 2779 subeat.
563 2749 606 2779 οι»
625 2757 706 2786 quam
719 2749 799 2779 rem?
815 2749 857 2778 οι)
874 2749 936 2780 hoc.
953 2749 1051 2783 inquit,

269 2803 299 2826 ut
327 2797 447 2833 requiem
476 2797 589 2825 habeam
616 2796 739 2826 laborum
777 2803 810 2824 ac
848 2794 1051 2824 tribulatiorium

305 2887 326 2902 “
342 2886 435 2915 Matth.
450 2891 501 2916 xu,
517 2883 563 2911 45.

1109 2294 1254 2325 penetrans
1266 2294 1346 2326 atque
1354 2289 1507 2326 pervolans,
1518 2295 1546 2318 et
1555 2290 1647 2318 omnia
1657 2288 1889 2323 circumspiciens.

1108 2340 1136 2364 et
1151 2335 1251 2370 ubique
1268 2336 1358 2364 omnia
1372 2335 1525 2370 inquirens,
1543 2334 1633 2362 sicubi
1653 2341 1708 2362 sua
1722 2333 1832 2360 malitia
1845 2338 1891 2360 ne-

1106 2382 1221 2418 quitiam
1249 2383 1424 2414 requiescere
1451 2381 1544 2409 faciat.
1560 2381 1637 2415 Quod
1665 2385 1756 2407 autem
1780 2379 1818 2406 ita
1842 2378 1890 2411 sit.

1105 2428 1188 2456 etiam
1199 2428 1256 2464 ipse
1268 2427 1397 2456 Dominus
1409 2428 1436 2455 in
1450 2426 1605 2462 Evangellis
1613 2426 1801 2454 demonstrans
1811 2424 1887 2452 dicit.

1106 2473 1172 2502 Cum
1190 2474 1341 2501 immundam
1367 2473 1475 2508 spiritus
1502 2472 1595 2499 exierit
1612 2471 1645 2498 ob
1669 2471 1773 2498 homine
1797 2470 1889 2497 circuit

1106 2528 1226 2556 quercus
1242 2520 1356 2555 requiem
1369 2520 1401 2546 ".
1418 2518 1464 2546 Sic
1480 2518 1571 2554 itaque
1599 2523 1626 2546 et
1648 2518 1709 2545 istic
1732 2516 1829 2544 circuit
1856 2517 1890 2557 de

1106 2566 1200 2594 locoin
1214 2565 1346 2597 locum,et
1357 2564 1390 2592 de
1404 2563 1522 2591 domoin
1536 2563 1656 2595 domum,
1670 2561 1756 2589 sicubi
1771 2561 1889 2588 subeun-

1108 2616 1162 2638 tem
1179 2610 1298 2637 inveniat
1312 2608 1396 2636 solem
1411 2611 1439 2635 ct
1458 2607 1585 2634 tenebras
1600 2611 1628 2633 et
1650 2607 1846 2634 obscuritatem
1855 2611 1890 2634 ‘et

1107 2660 1225 2687 noctem,
1242 2653 1436 2689 impudicitias,
1464 2656 1492 2679 et
1514 2651 1647 2679 adulteria
1669 2657 1697 2679 et
1712 2652 1887 2687 pertinaclas,

1107 2705 1137 2729 ut
1151 2701 1206 2728 illic
1218 2700 1388 2736 requiescere
1399 2698 1523 2734 perliciat
1533 2698 1687 2725 universam
1699 2705 1775 2725 suam
1790 2697 1889 2732 iniqui-

1106 2751 1200 2780 tatem,
1217 2751 1298 2781 alque
1317 2752 1425 2773 omnem
1448 2744 1569 2772 laborem
1584 2751 1673 2772 suum.
1703 2743 1748 2770 Sic
1773 2748 1889 2777 namque

1107 2792 1254 2829 requiescit
1270 2796 1352 2827 caput
1369 2791 1522 2826 huiusmodi
1538 2795 1569 2818 ut
1581 2790 1652 2818 ultra
1667 2797 1735 2825 opus
1757 2795 1810 2817 non
1837 2787 1884 2816 ιω-
