4174 6424
430 355 538 410 485

1527 347 1906 405 ΑΝΟΝῚΜΠΞ
1948 347 2008 402 ΙΝ
2051 345 2190 402 JOB.
2215 378 2283 388 ——
2321 345 2450 402 LIB.
2492 345 2557 403 II.

3589 349 3694 402 486

431 468 554 521 beat
607 465 858 521 laborare
907 473 966 519 ut
1014 478 1114 519 eos
1163 463 1411 520 seducat.
1443 462 1733 533 .Proprios
1779 479 2011 532 namque
2039 467 2086 534 Α
2115 461 2426 515 mutabilem
2473 470 2617 516 tuam
2660 461 2967 530 passionem
2993 470 3048 516 et
3081 469 3268 516 noctes
3303 462 3549 516 dolorum
3577 479 3694 534 per-

431 556 594 611 habet
624 555 766 619 illos,
797 564 852 610 et
875 555 927 610 in
950 554 1057 610 illis
1079 553 1398 624 requiescit.
1435 553 1579 608 Idem
1611 568 1744 624 ergo
1765 553 2011 608 diabolus

430 661 565 702 sane
597 645 772 699 dixit:
800 643 1034 698 Circuivi
1056 659 1262 697 omnem
1295 654 1513 710 terram,
1544 653 1593 698 et
1627 643 1907 714 peragravi
1947 659 2010 696 ea

428 752 548 806 qum
581 736 675 789 sub
707 736 834 788 coelo
863 745 984 788 sunt
1006 735 1072 791 η.
1127 733 1272 789 Idem
1305 733 1422 802 ipse
1447 733 1611 788 etiam
1663 749 1807 789 nunc
1846 734 2008 798 dixit,

428 828 573 894 quod
595 827 661 879 de
681 825 799 880 loco
816 825 869 878 in
891 826 1094 889 locum,
1115 833 1171 879 et
1191 825 1258 879 de
1283 823 1446 880 domo
1466 825 1520 879 in
1539 827 1754 880 domum
1774 825 2010 880 circum-

429 917 572 971 ierit.
634 916 780 969 Idem
827 916 944 986 ipse
975 916 1143 970 etiam
1197 914 1377 970 adhuc
1441 916 1771 972 circumiens
1814 916 2010 986 quaerit

434 1007 698 1076 requiem.
734 1008 840 1062 Sed
870 1022 994 1062 cum
1023 1008 1332 1062 universam
1365 1007 1624 1062 malitiam
1648 1022 1802 1062 suam
1829 1008 2008 1078 perfe-

427 1100 566 1155 cerit
592 1099 868 1166 diabolus,
890 1108 1056 1170 atque
1097 1115 1314 1155 omnem
1349 1099 1688 1169 iniquitatem
1723 1116 1875 1156 suam
1912 1100 2007 1156 de-

426 1192 834 1256 monstraverit,
870 1190 1106 1247 ostendit
1137 1191 1190 1246 in
1214 1191 1322 1245 line
1346 1191 1476 1261 quid
1509 1192 1850 1262 c0gitaverit,
1873 1192 2006 1262 quid

426 1285 729 1352 quaesierit,
764 1284 962 1354 quidve
1001 1284 1234 1354 cupierit
1267 1285 1459 1339 dicens
1490 1303 1503 1338 :
1546 1285 1642 1339 Dic
1664 1286 1878 1356 aliquod
1901 1303 2008 1340 ver-

425 1377 546 1430 bum
581 1378 637 1429 in
679 1376 963 1430 Dominum
1006 1388 1055 1432 et
1092 1376 1374 1432 morere“.
1407 1374 1452 1431 Ο
1483 1377 1744 1446 iniquitas
1771 1387 1826 1433 et
1851 1378 2007 1432 mali<

425 1471 523 1534 tia,
549 1468 766 1524 fallacia
801 1484 1018 1540 quoque
1053 1485 1116 1524 ac
1148 1469 1390 1524 versutia
1422 1479 1535 1536 tua,
1567 1469 1803 1534 diabole,
1832 1486 2005 1540 quan-

428 1551 542 1616 tum
575 1561 920 1632 percurristi,
969 1571 1024 1617 et
1053 1570 1321 1632 quantum
1356 1560 1623 1627 circuisti,
1659 1571 1714 1617 et
1740 1572 2002 1632 quantum

435 1652 545 1707 tuis
595 1652 940 1708 sermonibus
985 1661 1149 1722 atque
1179 1653 1392 1709 callidis
1441 1653 1805 1727 locutionibus
1851 1669 2002 1709 com-

421 1743 613 1811 plexus
641 1759 722 1808 es,
757 1759 881 1799 cum
906 1744 1333 1801 eommonefacis
1366 1761 1489 1800 eum
1523 1745 1792 1812 dolorum,
1821 1747 2004 1820 plaga-

426 1848 565 1898 rum,
595 1833 888 1899 vermium,
928 1835 1298 1902 putredinum,
1350 1835 1585 1889 filiorum
1616 1842 1782 1901 atque
1813 1835 2001 1892 uxoris

420 1925 751 1995 vagationis.
801 1923 870 1978 Et
908 1910 1198 1994 postquam
1231 1940 1328 1995 per
1357 1927 1470 1981 haec
1503 1926 1758 1982 universa
1787 1935 1998 1997 raptum

421 2015 597 2082 illum,
618 2024 785 2086 atque
813 2023 935 2085 post
965 2029 1026 2072 se
1063 2032 1388 2072 conversum
1416 2018 1622 2074 habere
1647 2027 1824 2089 putat,
1879 2031 2000 2088 post

422 2107 538 2161 haec
564 2107 917 2162 nihilominus
943 2107 1124 2162 omnia
1157 2109 1312 2178 quasi
1347 2111 1581 2178 gratiam
1613 2120 1778 2181 atque
1820 2111 2000 2167 since-

420 2197 641 2252 ritatem
704 2197 781 2252 illi
831 2199 1192 2265 demonstret,
1244 2209 1299 2254 et
1348 2209 1604 2271 tanquam
1637 2200 1872 2256 sollicite
1923 2203 1996 2258 illi

419 2287 706 2343 consilium
736 2288 998 2359 praebeat,
1031 2289 1109 2344 ait
1138 2289 1273 2345 :Dic
1311 2291 1530 2362 aliquod
1561 2294 1771 2348 verbum
1808 2295 1861 2348 in
1891 2294 2000 2350 Do-

417 2380 618 2432 minum
665 2388 714 2434 et
749 2396 975 2435 morere.
1015 2379 1229 2448 Melior,
1255 2381 1452 2451 inquit,
1481 2391 1566 2438 est
1611 2399 1780 2449 mors,
1813 2400 1847 2440 0
1871 2384 1995 2454 Job,

415 2484 577 2538 quam
607 2471 717 2526 vita
747 2485 957 2538 amara,
988 2479 1042 2525 et
1077 2472 1296 2541 requies
1325 2483 1532 2529 aeterna
1559 2490 1720 2544 quam
1745 2492 2000 2546 perseve-

417 2578 543 2618 rans
571 2564 874 2621 infirmitas.
901 2565 1025 2621 Ideo
1039 2569 1126 2621 die
1155 2567 1370 2638 aliquod
1402 2570 1611 2624 uerbum
1630 2572 1686 2624 in
1711 2570 1995 2627 Dominum

415 2663 465 2708 et
487 2670 710 2721 morere,
734 2665 794 2710 ut
818 2655 1035 2712 inanem
1055 2659 1220 2713 vitam
1234 2660 1376 2715 hanc
1401 2659 1578 2726 ﬁnias,
1595 2671 1655 2715 ut
1683 2662 1797 2717 haec
1810 2678 1994 2718 amara

419 2755 686 2802 tormenta
715 2748 1011 2818 relinquas,
1045 2759 1102 2804 ut
1124 2751 1192 2806 ab
1227 2749 1347 2807 istis
1371 2752 1868 2808 vehementioribus
1893 2754 1988 2807 doc

417 2835 624 2892 Ioribus
667 2847 932 2893 transeas.
967 2837 1048 2894 Ob
1075 2839 1178 2894 hoc
1209 2854 1341 2910 ergo
1377 2841 1467 2895 dic
1516 2841 1738 2912 aliquod
1768 2843 1992 2902 verbum

417 2926 469 2982 in
500 2927 789 2983 Dominum
817 2938 874 2985 et
922 2943 1156 2986 morere.
1197 2929 1293 2986 Dic
1315 2931 1536 3003 aliquod
1566 2934 1793 2990 verbum
1845 2937 1992 3006 quod

414 3020 612 3086 irritet,
633 3021 774 3090 quod
799 3023 1112 3088 exacerbet,
1143 3023 1290 3094 quod
1313 3033 1620 3095 exasperet.
1653 3025 1750 3082 Dic
1775 3025 1992 3097 aliquod

413 3113 641 3168 verbum
673 3112 728 3167 in
773 3113 1082 3168 Dominum.
1111 3115 1325 3171 Accusa
1371 3115 1438 3172 de
1464 3116 1749 3186 iniustitia,
1797 3119 1989 3175 crimi-
2017 3147 2060 3206 ο

414 3224 569 3272 nare,
598 3208 766 3265 irride
798 3209 864 3266 de
912 3209 1138 3276 malitia,
1181 3210 1521 3281 reprehende
1566 3211 1637 3268 de
1689 3212 1988 3284 impietate.

414 3301 515 3356 Dic
541 3299 761 3371 aliquod
789 3300 1016 3357 verbum
1044 3303 1190 3370 quod
1216 3310 1382 3372 neget
1413 3301 1586 3369 illum,
1617 3312 1674 3358 et
1698 3304 1983 3374 providen-

415 3392 546 3447 tiam
567 3392 686 3463 ejus
718 3401 884 3462 atque
918 3394 1312 3460 provisionem,
1342 3396 1745 3464 praescientiam
1774 3411 1990 3467 quoque

413 3499 482 3542 ac
514 3487 769 3540 virtutem
792 3495 957 3556 atque
979 3485 1402 3556 magnitudinem
1435 3486 1602 3545 illius.
1635 3487 1725 3544 Sic
1742 3504 1873 3559 ergo
1903 3490 1989 3546 dic

413 3576 629 3645 aliquod
676 3577 899 3632 verbum
945 3577 998 3631 in
1044 3575 1332 3632 Dominum
1383 3587 1438 3633 et
1463 3594 1696 3635 morere.
1745 3579 1803 3636 Si
1841 3580 1988 3634 enim

413 3667 616 3737 aliquid
645 3668 954 3738 hujusmodi
987 3668 1214 3732 dixeris,
1248 3669 1510 3724 continuo
1539 3670 1811 3738 morieris,
1856 3687 1990 3727 con-

415 3759 571 3814 tinuo
606 3760 673 3815 de
721 3759 976 3814 omnibus
1025 3759 1390 3828 praesentibus
1430 3760 1714 3818 laboribus
1760 3778 1988 3821 securus

413 3857 576 3918 atque
620 3847 830 3903 alienus
879 3847 1144 3912 redderis,
1195 3848 1454 3904 continuo
1503 3866 1680 3922 neque
1709 3851 1988 3910 confusio-

414 3955 564 4006 nem,
595 3940 792 4010 inquit,
845 3939 1160 4004 sustinebis,
1191 3953 1369 4010 neque
1401 3941 1726 4012 improperia
1773 3946 1984 4012 audies,

414 4045 608 4100 neque.
638 4030 880 4086 dolorem
936 4029 1186 4099 patieris,
1243 4044 1422 4100 neque
1460 4046 1676 4101 paruam
1731 4032 1984 4099 sulferes,

412 4126 510 4178 sed
551 4132 749 4176 cuncta
801 4121 1048 4192 protinus
1095 4121 1378 4189 deponens
1438 4122 1580 4177 inter
1627 4133 1872 4179 mortuos
1901 4141 1987 4181 re-

412 4216 682 4284 quiesces.
726 4212 847 4278 Dic,
872 4213 1070 4280 inquit,
1102 4213 1324 4276 aliquod
1347 4213 1560 4268 verbum
1591 4215 1646 4268 in
1678 4213 1982 4281 Dominum,

411 4315 462 4361 et
485 4321 704 4360 morere.
730 4303 867 4369 Hoc,
897 4304 1094 4374 inquit,
1117 4312 1397 4374 exspecto,
1433 4306 1536 4360 hoc
1569 4308 1832 4370 sustineo,
1881 4306 1987 4363 hoc

411 4398 683 4464 desidero,
716 4398 821 4453 hoc
863 4412 1070 4468 quaero,
1105 4405 1164 4453 ut
1194 4397 1346 4454 dicas
1390 4398 1610 4469 aliquod
1658 4398 1885 4456 verbum
1929 4400 1984 4454 in

2111 567 2277 621 agens
2316 562 2540 621 propter
2572 551 2812 606 animam
2855 561 3000 606 tuam
3035 552 3088 606 in
3120 551 3396 606 doloribus
3427 569 3531 608 non
3569 570 3694 611 suc-

2109 644 2475 699 cumbentem.
2503 643 2621 699 Non
2670 645 2815 700 enim
2870 653 2922 699 te
2971 643 3066 711 ita,
3108 659 3140 698 o
3173 641 3307 708 Job,
3353 644 3440 700 isti
3478 646 3694 702 dolores

2110 732 2385 804 allligunt,
2433 736 2576 790 sicut
2627 751 2713 790 me
2767 745 2855 790 tua
2912 735 3198 790 tolerantia
3265 746 3544 806 pernecat.
3586 736 3694 794 Pro

2111 825 2196 881 bis
2224 842 2355 897 ergo
2379 827 2631 882 omnibus
2661 826 2748 882 dic
2780 827 2998 895 aliquod
3029 827 3253 882 verbum
3287 827 3339 880 in
3379 827 3691 895 Dominum,

2108 929 2162 972 et
2197 933 2429 972 morere.
2475 917 2580 972 Sed
2625 918 2730 972 tale
2766 918 2988 972 verbum
3025 919 3131 982 dic,
3186 927 3244 972 ut
3277 919 3537 973 continuo
3592 922 3693 981 tibi,

2107 1018 2335 1062 mortem
2371 1020 2648 1080 procuret,
2679 1013 2776 1064 sed
2809 1010 2945 1064 bene
2976 1010 3113 1064 dixit
3147 1012 3491 1080 postmodum
3525 1011 3569 1066 is
3595 1011 3696 1081 qui

2108 1100 2182 1154 ait
2214 1115 2229 1153 :
2266 1102 2414 1171 Aqua
2457 1101 2622 1155 multa
2655 1119 2759 1156 non
2799 1104 3095 1170 exstinguet
3131 1101 3468 1164 charitatem,
3499 1110 3550 1154 et
3581 1103 3691 1171 flu-

2106 1193 2252 1246 mina
2283 1209 2388 1247 non
2437 1193 2769 1248 inundabunt
2803 1210 2940 1248 eam.
2973 1194 3016 1225 “
3054 1192 3248 1248 Omnia
3289 1194 3432 1248 enim
3465 1192 3690 1250 flumina

2104 1293 2158 1338 et
2184 1285 2364 1341 omnis
2390 1286 2644 1354 impetus,
2671 1295 2726 1340 et
2750 1287 2928 1340 omnis
2959 1286 3240 1341 inundatio
3269 1284 3488 1354 maligni
3526 1297 3690 1354 atque

2104 1375 2310 1431 malitia
2357 1375 2592 1442 diaboli,
2637 1377 2981 1446 exstinguere
3030 1377 3116 1430 vel
3166 1376 3435 1430 inundare
3491 1391 3685 1444 puram

2103 1464 2247 1521 illius
2279 1468 2598 1522 charitatem
2633 1466 2734 1522 Job
2774 1483 2936 1538 quam
2969 1468 3114 1523 circa
3170 1467 3457 1522 Dominum
3515 1468 3686 1524 Deum

2105 1557 2291 1614 habuit
2325 1573 2429 1614 non
2467 1567 2780 1628 pomerunt.
2827 1559 3088 1615 Indicium
3137 1559 3297 1628 hujus
3341 1559 3418 1613 rei
3465 1573 3527 1617 ea
3564 1575 3688 1630 quae

2095 1646 2418 1720 jampridem
2465 1650 2609 1705 dicta
2661 1660 2821 1716 sunt,
2874 1661 2930 1706 et
2978 1666 3042 1706 ea
3095 1666 3215 1719 quae
3267 1651 3442 1705 adhuc
3491 1653 3686 1707 subse-

2103 1749 2330 1810 quenter
2367 1741 2736 1810 proferuntur,
2782 1744 3178 1800 demonstrant.
3210 1743 3343 1799 Nam
3397 1762 3517 1802 mox
3561 1745 3687 1802 istic

2032 1812 2074 1868 Β
2104 1832 2158 1888 in
2209 1833 2671 1902 subsequentibus
2717 1834 2848 1889 dicit
2883 1852 2896 1890 :
2930 1833 3056 1901 Ipse
3106 1852 3225 1890 vero
3279 1840 3563 1906 respiciens
3612 1837 3685 1894 ad

2100 1941 2216 1980 eam
2247 1925 2419 1979 dicit:
2453 1926 2631 1990 Quare
2651 1935 2708 1978 ut
2739 1942 2844 1980 una
2874 1942 2939 1980 ea:
2969 1927 3335 1994 insipientibus
3375 1929 3684 1984 mulieribus

2099 2017 2174 2070 ita
2207 2017 2383 2071 locuta
2421 2033 2474 2070 es
2514 2017 2598 2070 "7
2631 2016 2748 2088 Ipse
2779 2032 2907 2072 vero
2942 2019 3238 2087 respiciens
3267 2021 3333 2074 ad
3367 2034 3506 2074 eam.
3543 2018 3680 2090 Ipse.

2099 2108 2267 2176 Quis?
2303 2107 2403 2164 Job
2434 2109 2552 2178 ipse
2585 2108 2822 2178 respexit
2847 2125 2974 2165 eam.
3009 2111 3098 2180 qui
3135 2119 3260 2166 ante
3291 2113 3358 2165 ad
3393 2111 3560 2166 Deum
3597 2127 3684 2167 re-

2099 2200 2380 2268 Spiciebat,
2425 2199 2518 2269 qui
2558 2201 2792 2270 primum
2850 2201 3138 2257 Dominum
3185 2202 3681 2272 contemplabatur,

2097 2291 2189 2361 qui
2227 2291 2427 2347 dudum
2462 2291 2530 2345 ad
2576 2301 2836 2346 aeternam
2884 2292 3344 2362 incorruptionem
3391 2293 3684 2348 sinceriter

2098 2382 2436 2437 intendebat.
2480 2382 2598 2452 Ipse
2626 2398 2758 2453 ergo
2787 2383 3045 2453 respexit.
3078 2383 3195 2451 Ipse
3234 2383 3325 2438 ille
3362 2383 3680 2449 immobilis,

2097 2473 2523 2540 indeclinabilis,
2595 2473 3057 2539 insubvertibilis,
3099 2474 3516 2530 inseductibilis.
3565 2475 3683 2545 Ipse

2096 2565 2185 2634 qui
2224 2565 2626 2624 circumventus
2652 2582 2756 2620 non
2794 2576 2895 2632 est,
2941 2567 3030 2636 qui
3065 2582 3094 2620 a
3139 2566 3250 2623 Deo
3297 2582 3401 2622 non
3440 2577 3524 2621 est
3558 2570 3683 2625 abs-

2097 2666 2322 2713 tractus.
2373 2657 2491 2726 Ipse
2526 2659 2766 2727 respexit
2797 2660 2865 2712 ad
2905 2673 3046 2716 eam.
3079 2658 3160 2712 Ad
3201 2673 3362 2728 quam
3393 2659 3552 2713 eam?
3598 2660 3684 2715 Ad

2096 2761 2341 2814 uxorem,
2375 2750 2442 2803 ad
2486 2747 2734 2812 insidias,
2783 2750 2850 2803 ad
2901 2749 3293 2818 nmscipulam,
3343 2751 3410 2804 ad
3453 2751 3684 2806 subver—

2095 2840 2324 2904 sionem,
2369 2840 2437 2894 ad
2487 2841 2720 2897 ruinam.
2772 2840 2905 2895 Nam
2955 2842 3046 2895 illa
3095 2858 3256 2912 quam
3307 2857 3528 2897 uxorem
3559 2857 3683 2899 esse

2093 2931 2398 3001 oportebat,
2431 2941 2486 2988 et
2519 2934 2759 2988 omnium
2816 2933 3084 2988 bonorum
3134 2933 3550 2990 consiliatricem
3597 2943 3683 2990 at-

2093 3036 2199 3091 que
2225 3022 2684 3094 sull'ragatricem,
2711 3023 2901 3080 eli‘ecta
2938 3035 3021 3080 est
3061 3023 3137 3078 illi
3172 3024 3406 3089 insidiae,
3441 3024 3576 3083 retia
3626 3035 3683 3081 et

2093 3111 2242 3169 fraus
2286 3128 2350 3169 ac
2380 3116 2546 3171 tutius
2578 3115 2872 3185 impietatis
2921 3117 3261 3172 consiliatrix
3313 3117 3398 3171 vel
3444 3115 3680 3186 fautrix,

2091 3219 2406 3275 quanquam
2434 3203 2619 3274 justus
2662 3205 2764 3262 Job
2813 3206 2959 3262 illam
3007 3223 3112 3262 non
3146 3208 3402 3262 audierit.
3448 3207 3557 3264 Sed
3598 3209 3682 3264 in-

2095 3298 2252 3353 terim
2287 3313 2410 3354 cum
2445 3313 2506 3354 se
2537 3298 2642 3354 ista
2673 3299 2984 3355 ministram
3016 3299 3255 3371 maligno
3281 3298 3482 3365 effecit,
3513 3316 3681 3370 quan-

2091 3398 2314 3458 tumque
2350 3389 2421 3445 ad
2451 3390 2623 3462 ipsam
2671 3390 3076 3447 circumvenire
3125 3402 3290 3460 atque
3324 3391 3677 3460 supplantare

2089 3479 2306 3536 beatum
2357 3479 2458 3538 Job
2503 3484 2744 3548 studuit,
2783 3484 2976 3538 merito
3004 3483 3187 3551 justus
3241 3483 3331 3539 ille
3373 3485 3678 3554 respiciens

2088 3572 2155 3627 ad
2183 3587 2333 3638 eam,
2370 3572 2608 3643 primum
2650 3573 2716 3629 ad
2762 3589 2884 3630 eum
2921 3575 3013 3646 qui
3047 3575 3099 3629 in
3148 3590 3210 3631 ea
3246 3574 3589 3645 loquebatur,
3627 3577 3682 3631 id

2088 3672 2172 3719 est
2208 3665 2272 3718 ad
2315 3664 2608 3734 diabolum,
2638 3666 2914 3736 respexit:
2940 3666 3176 3736 primum
3210 3666 3488 3730 inimicum
3528 3667 3679 3723 illum

2087 3756 2179 3824 qui
2208 3771 2303 3826 per
2332 3770 2394 3812 os
2421 3755 2538 3826 ejus
2565 3741 2922 3812 insidiabatur
2950 3756 3236 3816 intellexit,
3261 3768 3425 3828 atque
3451 3757 3678 3812 malitia:

2088 3845 2204 3915 ejus
2248 3861 2541 3902 occurrens
2575 3847 2804 3914 restitit,
2848 3857 2902 3903 et
2937 3852 3038 3918 pe‘r
3075 3849 3219 3903 illam
3273 3864 3398 3920 qua:
3445 3849 3514 3903 ad
3554 3865 3680 3905 eum

2089 3936 2266 3993 locuta
2297 3946 2382 3996 est
2417 3940 2616 3994 diaboli
2654 3940 2996 4010 iniquitatem
3049 3941 3331 4012 redarguit
3367 3951 3534 4011 atque
3576 3943 3679 3995 de-

2082 4029 2232 4099 jecit.
2261 4028 2412 4097 Quod
2443 4030 2822 4087 demonstrans
2857 4030 3136 4102 Scriptura
3175 4032 3340 4099 dicit;
3398 4032 3514 4101 ipse
3549 4047 3680 4087 vero

2091 4123 2327 4190 respexit
2359 4122 2426 4176 ad
2458 4137 2577 4176 eam
2632 4121 2852 4177 turbido
2887 4133 3110 4192 aspectu
3135 4162 3150 4186 ,
3200 4123 3480 4176 immutata
3515 4121 3675 4189 facie,

2088 4211 2337 4268 frementi
2369 4213 2663 4280 locutione,
2699 4215 3021 4285 perturbato
3052 4215 3222 4270 vultu.
3264 4212 3384 4293 Ipse
3427 4229 3554 4269 vero
3585 4229 3675 4269 re-

2086 4303 2320 4372 spiciens
2365 4304 2431 4360 ad
2473 4319 2590 4360 eam
2635 4320 2760 4360 cum
2805 4305 2885 4359 ira
2917 4319 2981 4360 ac
3017 4303 3224 4370 furore,
3267 4321 3390 4360 cum
3428 4305 3678 4376 indigna-

2090 4394 2233 4450 tione
2286 4405 2449 4466 atque
2505 4403 2844 4466 contemptu.
2896 4396 3170 4467 Cognovit
3235 4411 3474 4466 namque
3528 4399 3676 4468 quod

412 4487 702 4544 Dominum
751 4499 807 4544 et
860 4489 1139 4544 moriaris.
1175 4486 1256 4545 Ob
1312 4490 1438 4557 hoc,
1497 4491 1697 4561 inquit,
1749 4491 1984 4561 plurimo
2017 4487 2060 4544 D
2091 4485 2304 4556 maligni
2338 4497 2494 4542 erant
2524 4488 2639 4542 huic
2664 4488 2982 4554 seminaria,
3012 4488 3139 4556 quia
3173 4485 3447 4541 maledicti
3488 4502 3673 4543 semen

414 4593 660 4651 tempore
689 4581 976 4651 advigilavi
1007 4583 1126 4647 tibi,
1150 4583 1452 4639 observans
1479 4583 1719 4654 atquein
1751 4582 1986 4654 speculis

412 4673 608 4726 sedens
654 4673 872 4742 quando
927 4674 1340 4738 succumberes,
1400 4675 1617 4743 quando
1664 4673 1984 4740 llectereris,

413 4763 630 4833 quando
645 4762 923 4828 deiiceres,
936 4762 1153 4830 quando
1180 4761 1232 4816 in
1250 4761 1336 4817 bis
1361 4762 1642 4818 doloribus
1658 4760 1985 4833 defatigatus

414 4863 578 4923 atque
601 4854 658 4909 in
689 4853 820 4924 ipsis
850 4854 1136 4910 tormentis
1159 4855 1468 4910 delassatus
1499 4856 1566 4908 ad
1597 4855 1984 4925 reprehensio-

413 4960 538 4999 nem
555 4942 832 4999 Creatoris
858 4942 1178 5010 llectereris,
1196 4954 1360 5015 atque
1377 4946 1430 5001 in
1458 4944 1620 5000 factis
1641 4945 1732 5000 Dei
1753 4945 1819 5000 ad
1841 4943 1989 5000 blas-

415 5034 688 5104 phemiam
721 5044 771 5088 te
793 5046 1162 5090 converteres.
1201 5035 1336 5092 Cum
1364 5053 1484 5107 ego,
1503 5035 1702 5108 inquit,
1731 5037 1845 5091 haec
1865 5038 1990 5092 uni-

413 5139 573 5180 versa
600 5124 926 5196 perfecerim
953 5135 1116 5196 atque
1147 5129 1476 5197 peregerim,
1510 5141 1676 5181 unum
1707 5127 1841 5181 mihi
1866 5141 1992 5182 ver-

416 5217 542 5273 bum
559 5217 998 5281 condona,unum
1015 5217 1239 5272 verbum
1255 5232 1339 5271 me
1353 5219 1570 5285 exaudi,
1586 5234 1751 5273 unum
1766 5219 1988 5274 verbum

417 5310 583 5364 dicito
600 5311 652 5364 in
677 5309 1060 5374 Dominum,et
1083 5323 1313 5363 morere.
1333 5307 1488 5375 Quod
1505 5309 1729 5370 enimtu
1746 5309 1989 5364 dicturus

417 5419 478 5460 es
509 5415 628 5473 post
655 5403 952 5475 paululum,
992 5418 1026 5457 ο
1066 5401 1188 5469 Job,
1237 5417 1453 5459 menses
1483 5418 1684 5459 vacuos
1717 5414 1772 5458 et
1802 5413 1989 5458 noctes

417 5497 660 5552 dolorum
701 5497 930 5551 sustinui
973 5515 984 5549 :
1031 5496 1172 5564 hoc,
1216 5495 1422 5564 inquit,
1473 5510 1571 5564 ego
1613 5496 1727 5567 jam
1779 5511 1846 5551 ex
1887 5497 2014 5565 hoc,

418 5589 680 5654 sustineo,
723 5602 938 5643 menses
967 5600 1178 5646 vacuos,
1217 5588 1586 5656 pertransiens
1625 5598 1842 5658 propter
1883 5590 1986 5644 im-

492 5773 536 5803 rs
556 5769 653 5827 Job
687 5785 723 5834 ι,
754 5769 808 5824 7,
887 5767 929 5799 ’³
954 5765 1050 5822 Job
1077 5780 1136 5831 Il,
1161 5765 1216 5821 9.
1295 5765 1339 5799 "
1379 5765 1536 5824 Cant.
1582 5784 1702 5836 vni,
1735 5770 1785 5824 7.

1871 5770 1911 5802 "
1951 5768 2050 5828 Job
2097 5787 2170 5836 ιι,
2227 5771 2311 5826 I0.

2093 4576 2195 4632 hoc
2223 4576 2416 4644 fuerat,
2447 4580 2572 4649 quia
2617 4579 2798 4649 injusti
2843 4589 2963 4635 erat
2996 4579 3087 4635 ille
3131 4579 3369 4645 fructus,
3401 4579 3531 4647 quia
3574 4594 3676 4634 ne-

2091 4670 2337 4738 quissimi
2379 4669 2478 4725 fuit
2513 4672 2629 4726 haec
2660 4671 2974 4728 concitatio.
3016 4671 3222 4726 Idcirco
3266 4670 3565 4741 respiciens
3605 4672 3672 4725 ad

2091 4776 2210 4816 eam
2244 4762 2460 4832 quidem
2514 4763 2787 4832 respexit,
2833 4764 2930 4817 sed
2979 4764 3046 4816 ad
3083 4761 3354 4818 diabolum
3393 4762 3569 4832 dixit,
3605 4763 3675 4817 ad

2093 4854 2361 4910 diabolum
2400 4856 2613 4910 locutus
2649 4863 2753 4909 est.
2792 4852 2926 4918 Cur,
2978 4853 3176 4923 inquit,
3209 4868 3243 4908 ο
3283 4852 3520 4919 dianole,
3570 4853 3672 4909 ini-

2091 4947 2230 5002 mice
2260 4945 2486 5018 iustitiae
2525 4957 2687 5017 atque
2737 4946 2981 5002 omnium
3019 4944 3286 5000 bonorum
3335 4943 3671 5012 adversarie,

2091 5053 2190 5093 cur
2235 5052 2570 5108 supervacue
2621 5036 2850 5106 speras?
2918 5051 3016 5091 cur
3059 5035 3222 5090 stulte
3275 5034 3524 5107 cegitas?
3577 5049 3675 5090 cur

2090 5128 2436 5184 humiliatum
2483 5129 2826 5198 temetipsum
2875 5127 2997 5198 plus
3038 5127 3315 5191 humilius,
3347 5143 3470 5181 cum
3513 5135 3674 5196 putas

2093 5222 2236 5292 quod
2289 5220 2460 5275 Adam
2517 5221 2823 5290 inveneris,
2876 5218 3124 5274 nesciens
3185 5218 3330 5288 quod
3381 5217 3672 5274 adversum

2091 5311 2194 5368 Job
2230 5327 2348 5375 rem
2401 5311 2647 5368 habeas?
2714 5311 2898 5380 Neque
2945 5319 2995 5365 te
3050 5311 3154 5366 hoc
3214 5310 3490 5364 revocavit
3529 5310 3673 5380 quod

2091 5405 2350 5472 praescius
2399 5404 2640 5459 omnium
2700 5403 2957 5459 Dominus
3025 5403 3162 5457 dixit
3212 5415 3228 5454 :
3286 5399 3410 5456 Non
3461 5410 3539 5454 est
3594 5400 3673 5454 illi

2089 5499 2364 5568 quisquam
2409 5497 2599 5552 similis
2648 5511 2805 5566 super
2853 5507 3049 5550 terram
3090 5493 3187 5548 ιη’
3226 5492 3412 5563 Neque
3465 5493 3565 5547 hoc
3622 5501 3674 5545 te

2089 5590 2384 5654 revocavit,
2426 5589 2571 5659 quod
2607 5590 2920 5645 universam
2954 5587 3291 5659 iniquitatem
3336 5595 3483 5641 tuam
3532 5595 3676 5638 nunc

2422 5769 2463 5801 "
2503 5767 2602 5824 Job
2643 5785 2699 5835 I,
2751 5768 2805 5824 8.
