2087 3196
261 166 316 194 481

811 163 1004 194 ANONYDIUS
1021 165 1055 193 ΙΝ
1073 164 1145 193 SUB.
1165 180 1199 186 —
1217 165 1282 194 LIB.
1301 166 1333 194 ll'.

1846 169 1900 197 ιεδ

262 221 420 253 ostendens.
433 225 461 249 et
476 220 567 250 omnia
582 220 652 249 bella
674 225 718 249 tua
733 224 761 249 et
781 221 872 250 omnia
895 220 987 256 prtrlia
1010 225 1056 248 tua
1069 224 1093 253 Α
1108 226 1242 257 potestate
1265 227 1349 257 atque
1371 221 1541 257 operatione.
1565 220 1618 249 Sed
1652 221 1826 257 insipientior
1848 223 1901 251 fuit

263 269 406 297 adversum
428 274 471 295 me
492 267 640 300 suscitans,
663 267 795 295 confusus
818 267 845 295 in
864 266 992 295 omnibus
1013 274 1057 295 re-

263 321 370 346 versus,
389 313 557 341 deformatus
570 314 597 341 in
617 314 746 342 omnibus
767 313 910 341 convictus
929 313 975 341 es?
991 312 1057 341 Post

264 360 308 388 illa
323 359 412 387 omnia
431 359 502 387 sicut
517 359 581 386 olim
597 359 681 387 etiam
707 359 741 386 ad
759 359 846 386 Adam
858 379 866 390 .
888 359 925 386 ita
952 359 985 386 ad
1012 366 1056 386 me

264 414 376 433 uxorem
394 413 480 432 meam
503 405 612 437 misisti,
634 413 745 439 sperans
770 405 875 437 infelix,
897 405 960 439 quia
983 405 1054 440 quod

263 452 305 479 vel
325 452 367 479 his
383 451 524 479 tormentis
551 459 604 478 non
624 451 779 485 perfecisti,
804 452 856 479 hoc
877 451 1054 478 nihilominus

263 498 352 525 verbis
375 497 543 525 seductionis
571 498 734 531 periiceres,
760 498 876 532 teipsum
904 498 1052 530 deludens,

263 550 344 580 atque
369 544 596 572 circumveniens.
621 544 682 570 Evm
705 544 776 570 enim
807 543 945 578 exemplar
976 544 1053 571 inve-

261 591 345 622 nisti,
368 590 414 616 sed
439 590 544 617 ruinam
567 597 620 616 non
647 590 789 621 invenisti,
811 590 858 616 sed
876 590 902 616 in
924 597 985 617 eum
1007 589 1052 624 qui

262 644 289 663 In
308 640 333 662 te
353 636 416 663 Adae
433 635 556 662 fraudem
577 635 723 662 ulciscatur
744 636 908 667 occurristi,
934 635 980 662 sed
1003 635 1052 661 ad-

261 690 356 709 versus
388 689 449 709 eum
483 681 653 709 insurrexisti
681 682 726 716 qui
757 687 849 717 typum
875 682 947 716 gerit
979 681 1053 708 illius

260 728 306 763 qui
339 728 365 754 in
397 727 544 754 novissimo
573 728 686 754 veniens
724 732 846 762 tempore
882 727 1053 754 conculcabit

260 779 342 808 caput
363 778 448 805 tuum,
467 773 633 800 comminuet
649 774 776 801 virtutem
801 778 884 805 tuam.
902 772 1052 800 confundet

261 820 446 846 fortitudinem
473 824 564 852 tuam,
586 818 738 846 hutniliabit
762 819 935 846 altitudinem
958 824 1048 851 luant,

260 870 288 892 et
307 865 414 900 dejiciet
427 865 571 892 elationem
586 869 671 895 tuam.
689 864 838 891 vindicabit
851 865 915 891 Δότε
930 864 1047 898 priorem

260 911 506 946 supplantationem
532 911 595 937 vitae
619 909 692 937 illius
716 910 824 937 ruinam
845 910 1001 943 excitando,
1023 914 1052 937 et

261 961 334 983 tttam
352 956 495 983 elationem
522 956 684 990 dejicieudo.
709 955 771 983 Haec
795 956 886 990 itaque
912 956 1049 988 universa,

260 1008 342 1038 atque
356 1002 408 1029 alia
430 1002 473 1029 his
495 1002 569 1036 plura
594 1002 627 1029 ad
645 1009 787 1036 personam
811 1002 914 1035 uxoris,
937 1002 970 1029 ad
994 1001 1051 1028 dia-

259 1049 351 1077 bolum
370 1048 445 1075 illum
462 1048 567 1075 locutus
582 1052 634 1080 est,
654 1048 799 1082 increpans
817 1047 894 1074 illum
909 1052 990 1082 atque
1008 1048 1052 1076 de-

260 1094 391 1121 formans.
405 1093 472 1121 Nam
496 1094 568 1121 sicut
591 1093 714 1121 diabolus
735 1101 783 1127 per
798 1101 911 1121 uxorem
927 1101 989 1121 eum
1012 1102 1051 1121 se-

260 1141 351 1172 duxit,
375 1140 411 1167 ita
435 1140 518 1167 etiam
536 1139 594 1174 ipse
620 1146 668 1173 per
693 1147 754 1166 eam
779 1139 887 1166 demum
914 1139 1050 1167 diabolum

260 1185 421 1214 deformavit
434 1191 515 1220 atque
529 1185 677 1219 redarguit.
693 1184 746 1212 Sed
762 1189 852 1213 tamen
866 1190 893 1212 et
911 1186 945 1212 ad
964 1186 1050 1220 ipsam

260 1239 373 1259 uxorem
389 1231 478 1258 dixit:
495 1231 583 1264 Quare
595 1231 662 1258 sicut
680 1239 731 1257 una
747 1238 778 1258 es;
799 1231 980 1265 insipientibus
997 1239 1052 1258 mu-

259 1278 367 1305 lieribus
398 1278 436 1304 ita
469 1277 558 1304 locuta
583 1278 635 1305 es?
660 1276 733 1309 Cur,
770 1277 856 1311 inquit
867 1277 882 1311 ,|
907 1277 1050 1304 maximam

259 1324 443 1359 insipientiam
470 1323 608 1357 arripuisti
631 1327 714 1357 atqtte
731 1329 858 1358 aggressa
883 1322 932 1349 es?
947 1330 996 1350 cur
1011 1327 1051 1350 le-

259 1370 345 1404 ipsam
364 1377 412 1396 vas
430 1369 529 1396 diaboli
548 1368 678 1396 eﬂ‘ecistil
706 1376 755 1395 cur
771 1368 885 1402 teipsam
907 1368 1052 1396 habitatio-

259 1424 322 1444 nem
345 1415 454 1451 maligni
473 1415 651 1450 praeparasti?
666 1422 715 1442 cur
734 1414 859 1442 diabolus
881 1414 988 1442 locutus
1010 1419 1052 1442 est

258 1469 307 1498 per
334 1469 365 1489 os
393 1467 491 1495 tuum,
518 1461 656 1488 infatuaus
684 1461 800 1495 primum
829 1465 947 1488 mentem
978 1465 1051 1487 tuam

258 1513 342 1543 atque
364 1508 462 1535 animae
480 1511 532 1534 tua:
549 1506 739 1534 intellectum?
765 1505 851 1533 Tanta
876 1506 957 1541 digna
978 1513 1051 1537 eras,

258 1561 276 1581 ο
295 1553 403 1586 mulier,
423 1552 615 1580 mledictione
634 1559 666 1579 ac
686 1551 868 1584 devotatione,
893 1552 931 1579 ita
945 1559 1052 1587 quoque
1065 1569 1086 1597 ο

257 1604 340 1634 atque
366 1599 551 1634 indignatione
575 1598 617 1626 vel
645 1598 837 1631 deformitate,
864 1602 995 1633 quantam
1022 1603 1051 1625 ut

258 1644 344 1672 Deum
359 1645 576 1679 blasphemarem
592 1650 624 1671 ac
639 1643 881 1678 reprehenderem,
903 1648 986 1677 atque
1000 1643 1051 1672 cri-

258 1691 378 1719 minarer
401 1690 469 1717 mihi
491 1689 614 1722 suasisti.
629 1695 657 1716 et
677 1697 726 1723 per
748 1689 834 1725 ipsam
852 1689 1049 1725 blasphemiam

257 1741 371 1765 mortem
388 1743 471 1770 super
491 1743 534 1763 me
549 1735 678 1762 inducere
689 1743 800 1770 operam
814 1735 913 1763 dedisti
928 1745 935 1763 :
951 1736 1049 1770 quibus

257 1790 308 1814 nec
323 1782 470 1818 quidquam
482 1785 525 1809 est
541 1781 700 1809 sceleratius
713 1788 746 1809 ae
759 1781 909 1816 nequitius,
927 1781 1049 1810 illicitius

256 1835 365 1863 quoque
385 1833 467 1862 atque
496 1826 707 1862 imprudentius,
722 1826 748 1854 id
761 1831 800 1853 est
816 1827 862 1854 Dei
878 1827 1048 1862 blasphemia

256 1880 285 1902 et
300 1879 389 1902 morte
408 1878 568 1907 spontauea.
587 1872 676 1905 Quare
693 1878 720 1899 ut
741 1881 794 1900 una
815 1881 847 1900 ea:
866 1874 1047 1908 insipientibus

255 1919 412 1947 mulieribus
425 1920 465 1947 ita
476 1919 566 1946 locuta
589 1919 637 1946 es?
658 1918 763 1953 Quare,
787 1919 895 1954 inquit,
920 1927 974 1947 non
990 1927 1048 1948 me-

256 1966 358 1993 ministi
376 1973 443 1992 mete
467 1965 609 1996 doctrinae.
631 1972 648 1992 ο
664 1964 780 1993 mulier?
799 1965 890 1999 Quare
913 1966 995 1994 oblita
1018 1974 1048 1994 es

257 2019 317 2039 mea
338 2012 475 2043 mandat,
489 2019 506 2038 ο
521 2011 639 2038 femina?
661 2010 779 2038 ﬂoccine
802 2012 901 2040 audisti
916 2020 931 2040 a
952 2020 996 2040 me
1018 2017 1049 2040 ut

256 2057 372 2085 Crealor
395 2057 615 2092 blasphemctur?
641 2056 760 2085 Hoccine
787 2058 885 2086 audisti
909 2065 924 2085 a
951 2066 995 2086 me
1018 2063 1047 2086 ut

258 2104 328 2131 Deus
351 2103 529 2143 criminetur?
551 2103 653 2131 Vocem
670 2107 759 2136 tuam,
777 2103 882 2138 inquit,
901 2112 1045 2139 cognosco,

255 2157 274 2177 o
292 2149 402 2183 mulier,
418 2150 488 2177 sicut
501 2153 529 2177 et
547 2149 612 2177 olim
629 2149 706 2177 lsaac
732 2149 826 2183 Jacob,
847 2150 894 2178 sed
911 2151 1047 2179 seductio-

256 2203 320 2224 nem
341 2201 414 2223 tuam
438 2203 492 2223 non
508 2203 654 2231 cognosco,
677 2201 706 2224 et
720 2196 870 2227 doctrinam
893 2201 966 2224 tuam
992 2204 1045 2224 non

1109 268 1160 296 hac
1172 268 1290 296 obscena
1307 267 1352 295 illa
1369 267 1495 304 Egyptia
1513 268 1653 298 meretrix.
1669 275 1730 302 qua:
1748 268 1898 296 maximam

1106 314 1274 349 impietatem
1293 320 1433 349 aggressa,
1454 313 1488 341 ad
1510 314 1695 342 castissimum
1718 313 1795 341 illum
1820 319 1901 349 atque

1102 359 1282 394 iustissimum
1309 358 1410 394 Ioseph
1435 360 1524 388 dicit:
1546 359 1627 387 Hane
1647 368 1748 387 meeum
1770 360 1804 388 ".
1833 360 1901 387 lusi-

1106 407 1183 440 piens
1208 406 1259 433 fuit
1276 414 1345 434 uxor
1370 406 1474 438 Tobiae,
1498 414 1558 441 quae
1582 405 1683 439 injuste
1707 405 1774 433 dicit
1795 406 1829 432 ad
1847 405 1901 432 To-

1106 452 1198 479 biam:
1217 451 1268 479 Ubi
1294 456 1355 479 sttnf
1375 452 1489 486 jusliiit'e
1515 456 1568 478 tum
1584 456 1610 478 et
1629 451 1801 486 eleemosynte
1825 451 1901 478 tute?

1106 497 1173 525 Ecce
1186 507 1245 534 qua
1266 498 1363 532 pateris
1386 497 1506 524 omnibus
1528 497 1633 532 cognita
1651 502 1710 524 sunt
1725 496 1758 523 ".
1776 496 1830 523 Sed
1856 497 1899 523 in-

1105 544 1248 579 sipientior
1273 544 1324 571 hac
1349 544 1419 576 fuit,
1438 544 1503 579 quia
1525 549 1553 570 et
1570 543 1696 576 nequior,
1720 542 1899 570 exsecrabilis

1105 590 1148 617 illa
1165 595 1192 618 et
1208 590 1346 617 immunda
1371 596 1453 625 atque
1475 590 1614 617 luxuriosa
1639 588 1736 620 Dalila.
1752 596 1812 624 quae
1826 588 1898 616 clan-

1104 636 1165 663 culo
1187 637 1320 664 seducens
1341 636 1456 664 Samson
1481 643 1549 670 pure
1571 643 1600 663 se
1613 635 1782 669 diligentem,
1805 635 1832 662 in
1848 634 1898 661 de-

1106 683 1235 709 risionem
1257 687 1342 717 atque
1358 683 1383 709 in
1400 687 1514 710 mortetn
1534 682 1719 715 imparcenter
1737 680 1850 708 tradidit
1861 680 1894 708 ²¹.

1103 727 1170 755 Alia:
1185 728 1314 755 nimirum
1332 729 1482 756 innumera:
1502 736 1534 756 ex
1550 728 1694 762 Scriptura
1715 727 1822 755 ostendi
1836 733 1898 762 pos-

1102 779 1166 801 sunt
1193 774 1351 809 insipientes
1377 774 1518 806 mulieres,
1538 781 1606 808 quas
1629 780 1724 800 omnes
1744 780 1816 800 nunc
1836 772 1898 800 istic

1103 826 1156 846 uno
1177 820 1259 846 verbo
1278 820 1462 855 perstringens
1485 818 1535 847 Job
1554 819 1641 847 dicit:
1658 818 1747 852 Quare
1770 824 1897 853 tanquam

1103 873 1155 891 una
1169 872 1201 892 ex
1224 865 1409 900 insipientibus
1428 865 1580 892 mulieribus
1601 865 1690 892 locuta
1706 866 1754 892 es?
1775 863 1812 892 Ex
1830 864 1896 892 insi-

1104 911 1258 945 pientibus,
1285 911 1390 945 inquit,
1419 910 1583 942 inutilibus,
1615 910 1726 942 stultis,
1751 911 1895 946 imperitis,

1103 956 1345 989 irrationabilibus,
1362 957 1452 992 impiis
1468 961 1550 991 atque
1567 956 1688 991 iniustis.
1703 956 1770 989 Cur,
1791 957 1894 992 inquit,

1104 1007 1233 1038 tauquam
1258 1010 1312 1029 una
1339 1010 1372 1030 ex
1400 1002 1592 1036 insipientibus
1623 1001 1778 1037 hujusmodl
1805 1001 1896 1030 locuta

1102 1049 1151 1076 es?
1167 1048 1220 1076 Sed
1241 1049 1305 1083 quia
1330 1056 1382 1075 non
1401 1048 1466 1075 dicit
1483 1053 1613 1083 tanquam
1631 1048 1756 1083 quaedam
1773 1055 1806 1075 ex
1828 1048 1896 1076 insi-

1102 1095 1238 1129 pientibus
1261 1094 1430 1127 mulieribus,
1452 1095 1499 1121 sed
1524 1099 1651 1129 tanquam
1672 1100 1737 1127 una,
1753 1098 1895 1129 propterea

1102 1141 1277 1174 quaerendum
1293 1146 1347 1173 est,
1363 1149 1423 1175 qua:
1438 1140 1480 1168 vel
1500 1140 1589 1175 qualis
1614 1140 1649 1167 sit
1674 1140 1733 1167 haec
1756 1147 1809 1166 una
1828 1139 1895 1167 insi-

1102 1187 1188 1222 piens.
1210 1186 1322 1221 Oportet
1343 1186 1415 1213 enim
1440 1193 1501 1213 esse
1526 1185 1598 1213 illam
1625 1185 1804 1219 singulariter
1828 1184 1895 1212 insi-

1102 1233 1231 1267 pientem,
1250 1238 1278 1260 et
1294 1240 1376 1267 super
1396 1240 1502 1264 omnes,
1522 1237 1604 1267 atque
1620 1231 1681 1267 plus
1695 1231 1836 1263 omnibus,
1852 1234 1894 1258 ut-

1103 1283 1164 1313 pote
1185 1279 1290 1306 caateris
1314 1278 1441 1305 omttibus
1467 1277 1629 1305 mulieribus
1646 1277 1819 1312 insipientior
1836 1276 1894 1304 haec

1102 1324 1158 1351 sola
1189 1329 1299 1351 ostensa
1331 1329 1411 1358 atque
1433 1324 1630 1351 demonstrata.
1653 1322 1719 1354 Ome
1741 1327 1785 1350 est
1816 1320 1895 1349 haec?

1103 1369 1158 1397 Eva
1173 1370 1260 1405 prima
1283 1369 1382 1397 mulier
1396 1369 1483 1403 pritna
1500 1370 1526 1396 in
1546 1369 1716 1403 insipientia,
1731 1368 1850 1395 maxima
1866 1367 1893 1394 in

1102 1415 1347 1449 lrrationabilitate,
1363 1416 1440 1450 inops
1456 1423 1537 1443 sensu
1554 1420 1637 1451 atque
1653 1414 1779 1445 scientia,
1798 1421 1894 1441 exsors

1102 1464 1252 1499 prudentiae
1269 1469 1297 1491 et
1317 1463 1484 1496 intellectus,
1507 1470 1567 1498 quae
1592 1462 1738 1490 maximam
1762 1461 1894 1496 insipien-

1103 1510 1168 1537 tiam
1184 1509 1231 1537 toti
1247 1509 1347 1536 mundo
1362 1509 1479 1541 invexit,
1494 1516 1554 1544 quae
1568 1508 1733 1543 singularem
1751 1508 1895 1535 irrationa-

1103 1555 1234 1583 bilitatem
1254 1555 1376 1583 omnium
1402 1554 1555 1582 mortalium
1578 1554 1678 1582 saeculo
1694 1554 1816 1587 induxit,
1837 1558 1893 1581 tum

1102 1607 1211 1636 peccata
1227 1606 1309 1637 atque
1328 1606 1431 1629 mortes
1452 1608 1561 1636 semper
1576 1609 1624 1636 per
1639 1600 1848 1629 inobedientiam
1866 1601 1893 1627 in

1101 1647 1202 1675 mundo
1217 1648 1356 1683 produxit.
1372 1646 1457 1681 Hujus
1471 1655 1543 1674 nunc
1557 1647 1698 1674 evidenter
1713 1653 1817 1674 memor
1829 1644 1892 1678 Job,

1100 1699 1128 1722 et
1141 1694 1175 1722 de
1188 1695 1239 1722 bac
1251 1694 1328 1722 uxori
1342 1701 1559 1722 commemorans
1573 1694 1642 1721 dixit
1658 1693 1692 1721 ad
1707 1701 1767 1720 eam
1781 1701 1787 1720 :
1805 1691 1894 1725 Quare

1100 1745 1225 1773 tanquam
1241 1749 1294 1767 una
1308 1748 1341 1767 ea:
1354 1739 1536 1775 insipientibus
1556 1739 1711 1766 mulieribus
1728 1738 1818 1765 locuta
1843 1737 1892 1765 es.’

1100 1786 1134 1813 Et
1148 1794 1202 1813 non
1218 1786 1265 1819 ita,
1278 1787 1325 1814 sed
1340 1787 1401 1822 plus
1414 1793 1448 1813 ac
1462 1785 1582 1813 deterius
1592 1789 1674 1820 atque
1688 1784 1808 1820 gravius.
1823 1782 1892 1810 Nam

1099 1837 1248 1859 memorata
1264 1832 1320 1860 Eva
1339 1840 1401 1860 cum
1427 1832 1509 1866 olim,
1532 1831 1638 1866 inquit,
1662 1831 1688 1858 in
1707 1830 1841 1865 principio
1857 1829 1892 1856 ad

1098 1878 1184 1905 Adam
1205 1878 1294 1907 locuta
1312 1883 1396 1911 esset,
1412 1883 1439 1906 et
1454 1878 1610 1905 mandatum
1633 1876 1680 1904 Dei
1700 1875 1893 1910 derelinquere

1098 1931 1159 1951 eum
1180 1925 1291 1952 doceret
1312 1929 1394 1959 atque
1410 1924 1572 1957 seduceret,
1590 1921 1775 1958 persuasionis
1796 1928 1891 1953 causa,

1098 1969 1163 2005 ligni
1193 1971 1310 2005 speciem
1336 1974 1365 1998 et
1391 1970 1496 1998 fructus
1523 1969 1692 1997 dulcedinem
1719 1967 1827 2003 protulit
1853 1967 1891 1995 illi

1098 2022 1180 2051 atque
1194 2016 1323 2044 ostendit.
1339 2016 1380 2043 Tu
1402 2023 1482 2048 vero,
1498 2022 1515 2042 o
1537 2014 1647 2047 mulier,
1671 2014 1738 2042 foris
1760 2013 1795 2041 ab
1815 2012 1891 2041 omni

1097 2061 1250 2094 occasione,
1272 2062 1377 2088 detecta
1400 2060 1552 2095 impietate,
1577 2060 1661 2087 Deum
1685 2064 1810 2087 sanctum
1832 2057 1891 2085 bla-

1098 2108 1243 2142 sphemare
1256 2111 1283 2134 et
1302 2107 1367 2134 mihi
1387 2107 1437 2142 ipsi
1462 2111 1577 2134 mortem
1594 2105 1794 2137 inferredoces,
1809 2109 1890 2138 atque

1098 2158 1160 2181 ante
1175 2159 1269 2181 omnes
1283 2153 1379 2180 merito
1392 2152 1472 2187 digne
1487 2159 1503 2179 a
1518 2159 1560 2179 me
1576 2151 1654 2179 audis
1668 2160 1674 2177 :
1692 2149 1747 2177 Cur
1764 2155 1890 2185 tanquam

1098 2207 1151 2226 una
1172 2206 1205 2226 ea:
1223 2197 1406 2232 insipientibus
1428 2197 1585 2225 mulieribus
1601 2197 1689 2224 locuta
1703 2196 1753 2223 es?
1771 2195 1827 2229 Tu,
1846 2195 1888 2222 in-

256 2242 387 2277 suscipio.
402 2241 506 2276 Agnovi
529 2242 601 2269 enim
616 2243 689 2277 quod
712 2241 872 2277 nequissimi
898 2242 1046 2270 adversarii
1064 2239 1085 2266 D
1098 2245 1168 2279 quit,
1182 2251 1199 2270 ο
1212 2243 1320 2277 mulier,
1335 2242 1406 2271 facta
1421 2249 1452 2270 es
1465 2242 1586 2270 deterior
1601 2242 1657 2269 Eva
1675 2242 1702 2269 in
1721 2240 1888 2275 insipientia.

257 2287 339 2316 letale
354 2295 490 2315 venenum
505 2292 557 2314 est.
571 2287 660 2320 Quare
672 2288 739 2315 sicut
751 2296 803 2315 una
817 2295 850 2315 ea:
863 2288 1047 2323 insipientibus

256 2333 413 2361 mulieribus
440 2333 479 2360 ita
495 2332 583 2360 locuta
597 2333 644 2361 es!
657 2334 680 2360 Δ
694 2341 748 2368 quo
770 2341 879 2361 sensum
896 2338 927 2363 et
941 2335 1048 2369 sapien-

257 2379 323 2407 tiam
346 2378 493 2414 accepisti,
517 2379 590 2407 hunc
607 2379 748 2407 criminari
774 2387 827 2407 non
853 2379 1008 2414 perpec‘nti.
1024 2380 1045 2407 Δ

257 2432 313 2461 quo
338 2425 511 2461 prudentiam
541 2430 569 2453 et
601 2425 766 2453 intellectum
799 2426 945 2461 accepisti,
976 2420 1052 2455 hunc

256 2468 447 2507 blasphemare
470 2479 523 2500 non
548 2471 675 2500 timuisti.
700 2472 756 2500 Cur
778 2477 905 2507 tanquam
935 2481 989 2499 una
1015 2479 1047 2499 ea:

255 2517 440 2553 insipientibus
453 2517 608 2545 mulieribus
619 2517 710 2545 locuta
729 2517 777 2545 es?
792 2517 932 2551 Plurimae,
948 2518 1046 2553 inquit,

257 2571 276 2592 o
290 2563 399 2597 mulier,
415 2570 431 2591 a
450 2563 719 2598 saseuloinsipientes
733 2564 914 2592 ostenduntur
928 2563 1045 2597 feminae,

256 2613 285 2638 et
299 2609 450 2638 innumera
464 2611 500 2638 ab
514 2608 593 2638 initio
610 2610 813 2638 irrationabiles
825 2610 1047 2638 demonstrantur

256 2655 399 2690 nuberes,
418 2655 479 2685 alite
495 2657 606 2690 minus,
628 2655 689 2684 alia:
705 2651 797 2684 autem
819 2656 898 2692 plus,
923 2657 1045 2691 quaedam

255 2701 414 2735 carnaliter,
429 2703 554 2737 quadam
579 2707 668 2730 autem
693 2702 883 2739 spiritualiter.
907 2702 1044 2738 lnsipiens

256 2748 308 2776 fuit
320 2747 423 2777 Rachel
435 2749 544 2784 quando
557 2749 623 2778 dicit
635 2749 669 2777 ad
680 2747 763 2777 Iacob
775 2757 782 2777 :
796 2748 839 2776 Da
853 2748 916 2776 mihi
930 2748 999 2782 ﬁlios
1009 2747 1042 2775 ".

237 2787 239 2790 ⁴
256 2792 314 2823 Non
328 2794 401 2822 enim
418 2794 446 2822 in
464 2799 598 2830 potestate
617 2793 704 2823 lacob
717 2799 780 2823 erat
802 2794 864 2828 hoc,
880 2795 928 2822 sed
949 2794 977 2822 in
994 2794 1043 2822 Dei

293 2872 352 2895 "-“
369 2872 438 2901 Gen.
452 2880 517 2908 xxx,
532 2872 557 2900 l.
597 2873 618 2890 "
637 2871 707 2902 Gen.
724 2880 819 2907 xxxix,
841 2872 868 2901 7.
906 2872 929 2889 ’⁸
949 2871 1017 2901 Tob.
1032 2881 1070 2908 tt,
1089 2873 1136 2901 22.

1100 2290 1147 2316 sed
1157 2296 1218 2324 ego,
1237 2289 1286 2322 ait,
1300 2296 1354 2316 non
1367 2288 1478 2315 allectus
1493 2295 1553 2315 smn
1568 2292 1598 2315 ut
1612 2287 1698 2314 Adam
1716 2286 1742 2314 in
1761 2285 1888 2313 stultitia.

1099 2334 1246 2370 Propterea
1262 2334 1315 2362 tuis
1330 2334 1535 2362 seductionibus
1554 2340 1607 2361 non
1620 2332 1730 2364 obedio,
1746 2336 1888 2367 propterea

1100 2389 1153 2408 non
1179 2381 1294 2408 seducor
1319 2381 1353 2408 ab
1379 2388 1411 2408 eo
1430 2380 1476 2415 qui
1502 2380 1529 2407 in
1557 2383 1584 2407 te
1607 2379 1729 2414 loquitur
1753 2376 1888 2406 diabolus.

1100 2428 1188 2459 Quare
1202 2432 1329 2462 tanquam
1350 2435 1403 2454 una
1421 2434 1455 2454 ea:
1478 2426 1662 2461 insipientibus
1677 2424 1831 2451 mulieribus
1848 2423 1889 2449 lo-

1098 2477 1160 2500 cata
1173 2473 1222 2500 es.’
1236 2472 1353 2500 Fortiori
1374 2472 1467 2508 prailio
1480 2471 1536 2507 jam
1551 2471 1686 2503 confecto,
1711 2469 1889 2505 periculosio-

1099 2519 1176 2547 ribus
1195 2519 1337 2547 doloribus
1350 2519 1406 2554 jam
1421 2517 1606 2553 supportatis,
1629 2516 1812 2544 amarioribus
1833 2520 1887 2543 tor-

1100 2565 1198 2594 mentis
1211 2565 1266 2599 jam
1283 2564 1421 2600 bajulatis,
1436 2564 1549 2591 terribili
1569 2563 1663 2598 pelago
1676 2563 1732 2597 jam
1747 2566 1886 2597 superato,

1097 2610 1346 2639 vehementioribus
1368 2610 1497 2646 periculis
1517 2610 1573 2646 jam
1596 2608 1807 2640 consummatis,
1825 2615 1886 2634 cum

1094 2656 1152 2690 jam
1176 2656 1274 2686 salutis
1290 2663 1352 2691 spes
1367 2658 1456 2691 palam
1474 2656 1526 2688 sit,
1548 2663 1610 2683 cum
1631 2654 1687 2689 jam
1706 2653 1887 2681 immarcesci-

1097 2702 1165 2730 biles
1177 2709 1284 2730 corona
1299 2703 1441 2731 evidenter
1458 2702 1648 2734 ostendantur,
1665 2707 1737 2728 nunc
1752 2707 1795 2727 me
1811 2705 1886 2726 com-

1098 2748 1189 2784 pellis,
1207 2756 1224 2776 o
1242 2748 1351 2782 mulier,
1375 2748 1460 2776 Deum
1483 2747 1674 2783 blasphemare
1694 2751 1722 2774 et
1740 2745 1809 2773 mori
1824 2753 1833 2772 :
1856 2748 1886 2771 ut

1097 2799 1157 2829 post
1171 2801 1202 2822 ea
1214 2794 1304 2822 omnia
1319 2794 1490 2826 amarissima
1503 2801 1537 2823 ac
1552 2793 1732 2826 miserabilia,
1746 2796 1827 2828 atque
1844 2790 1884 2818 la-

1183 2873 1205 2889 “
1224 2873 1309 2901 Jndic.
1325 2881 1380 2905 xw,
1399 2872 1495 2901 ιτ-ει.
