4174 6388
385 376 489 430 489

1502 369 1878 425 ANONYMUS
1917 367 1983 423 IN
2022 366 2159 422 10B.
2200 398 2268 407 —
2306 364 2431 418 LIB.
2475 364 2539 419 ll.

3529 368 3632 420 ιι,ιο

387 496 701 557 mentabilia
747 495 1006 566 supplicia
1046 510 1163 564 qua:
1215 494 1480 557 sustinui,
1508 493 1835 547 beatissimis
1867 508 1952 546 re-
1983 499 2030 556 Α
2059 490 2231 558 Super
2261 489 2375 541 haec
2412 494 2594 540 autem
2647 488 2828 541 omnia
2881 501 3056 556 neque
3092 487 3194 541 hoc
3236 488 3628 549 considerasti.

386 589 854 644 munerationibus
906 599 1025 657 post
1077 589 1188 641 hzec
1229 587 1439 639 alienus
1487 586 1794 648 eliiciar,ct
1843 598 1947 636 non

385 681 557 736 solum
591 681 710 745 hoc,
755 681 849 734 sed
891 688 945 734 et
987 687 1107 747 post
1139 686 1366 730 mortem
1407 676 1727 729 terribilium
1767 689 1951 744 paena-

386 788 502 828 rum
543 771 681 842 apud
723 771 924 826 iul‘eros
959 781 1217 838 perpetuo
1252 771 1423 822 lizcres
1469 769 1592 831 sim,
1626 777 1813 836 utpote
1858 766 1948 834 qui

385 864 602 934 indigne
649 871 808 930 atque
858 862 1049 931 injuste
1098 869 1344 916 Sanctum
1380 861 1545 913 Deum
1599 859 1947 927 blasphema-

381 955 576 1009 verim.
609 953 732 1007 Post
763 954 874 1006 Ιητο
909 953 1182 1011 universa,
1213 966 1245 1002 ο
1277 950 1491 1012 mulier,
1531 949 1856 1002 maledicere
1886 963 1949 1002 ac

381 1061 581 1116 negare
609 1055 770 1113 atque
809 1043 1181 1111 blasphemare
1217 1056 1300 1094 me
1331 1040 1495 1093 Deum
1528 1039 1842 1108 compellis?
1869 1037 1949 1092 Ob

377 1153 538 1209 quam
569 1136 720 1189 rem?
755 1134 944 1188 Dicito.
974 1134 1055 1188 0b
1088 1133 1210 1196 hoc,
1259 1131 1451 1200 inquit,
1484 1140 1540 1184 ut
1585 1131 1853 1194 moriaris,
1891 1139 1949 1184 ut

378 1231 516 1285 mala
556 1243 674 1297 qua
717 1236 769 1281 te
818 1239 954 1280 nunc
1010 1223 1519 1283 circumdederunt,
1577 1221 1944 1290 derelinquas.

376 1321 540 1376 Bene.
568 1319 704 1372 Audi
741 1319 952 1370 iterum.
995 1316 1160 1369 Porro
1195 1315 1240 1368 si
1275 1331 1377 1368 non
1412 1314 1676 1384 placuerit
1707 1313 1816 1366 Deo
1850 1314 1944 1382 qui

374 1412 537 1467 habet
575 1411 697 1467 vita:
731 1425 794 1464 ac
831 1408 1020 1462 mortis
1069 1415 1412 1476 potestatem,
1446 1416 1502 1458 ιιι
1539 1415 1822 1474 postquam
1863 1421 1946 1458 rc-

375 1518 640 1576 negavero
676 1503 821 1554 illum
850 1515 913 1554 ac
946 1499 1277 1552 maledixero
1303 1507 1466 1565 atque
1501 1497 1946 1565 blaspliemavero

375 1596 628 1649 continuo
665 1594 886 1654 moriar,
935 1591 1026 1645 sed
1077 1591 1238 1644 etiam
1297 1590 1385 1645 hic
1438 1591 1489 1642 in
1541 1590 1659 1644 istis
1713 1589 1946 1643 terrenis

375 1687 648 1741 doloribus
678 1684 881 1738 diutius
925 1681 1156 1750 atiligat,
1201 1691 1384 1750 utpote
1434 1697 1590 1734 suum
1645 1691 1942 1750 apostatam

375 1789 429 1835 et
472 1777 578 1832 il’lis
628 1776 847 1830 aeternis
898 1776 1072 1845 prenis
1109 1773 1307 1836 tradat,
1352 1783 1538 1842 utpote
1585 1787 1642 1826 se
1690 1774 1941 1841 blasphe-

2054 597 2119 635 ne
2170 579 2306 632 forte
2339 587 2459 648 post
2500 578 2894 648 blasphemiam
2945 579 2988 633 si
3037 579 3116 633 sic
3169 579 3631 649 blasphemaveri~

2053 688 2192 736 mus,
2221 672 2487 725 deteriora
2529 672 2639 738 pati
2675 670 3020 740 incipiamus.
3047 669 3224 735 Quare
3250 680 3498 739 tanquam
3524 689 3629 726 una

2051 779 2114 816 ea:
2142 763 2504 831 insipientibus
2534 762 2839 816 mulieribus
2870 762 3044 815 locuta
3075 764 3172 815 es?
3201 763 3314 830 Ego
3348 765 3548 832 patior,
3577 775 3636 817 et

2050 866 2104 910 tu
2151 869 2234 907 me
2281 854 2660 924 blasphemare
2703 855 3005 924 compellis.
3055 855 3165 926 Ego
3205 854 3433 926 allligor,
3471 867 3527 909 et
3573 866 3628 910 tu

2053 957 2111 1001 ut
2145 956 2370 1002 mortem
2423 955 2599 1016 petam
2641 963 2724 1002 me
2761 951 2926 1018 cogis.
2958 949 3066 1016 Ego
3101 948 3236 1002 tales
3264 949 3478 1003 dolores
3508 964 3633 1004 sus-

2051 1039 2225 1102 tineo,
2278 1048 2330 1091 et
2401 1047 2456 1091 tu
2533 1053 2617 1092 me
2666 1052 2842 1092 meum
2891 1040 3202 1094 Creatorem
3255 1041 3630 1110 blasphemare

2049 1130 2237 1195 doces,
2267 1140 2325 1184 ut
2356 1131 2494 1184 mala
2535 1131 2711 1194 malis,
2741 1142 2902 1200 atque
2931 1133 3145 1187 dolores
3180 1133 3460 1188 doloribus
3489 1135 3626 1187 meis

2051 1220 2296 1287 adjicias,
2324 1237 2356 1275 ο
2387 1222 2600 1286 mulier,
2635 1221 2717 1275 vel
2769 1225 2948 1292 potius
2979 1225 3023 1278 is
3069 1225 3156 1294 qui
3209 1226 3260 1277 in
3309 1235 3382 1288 te,
3413 1225 3496 1278 vel
3531 1240 3628 1294 per

2052 1321 2104 1366 te
2135 1312 2375 1382 loquitur
2425 1314 2676 1367 inimicus
2712 1315 2978 1370 diabolus.
3009 1316 3185 1382 Quare
3216 1331 3346 1386 ergo
3378 1327 3628 1386 tanquam

2049 1420 2153 1456 una
2212 1420 2276 1458 ea:
2334 1405 2701 1472 insipientibus
2754 1407 3061 1461 mulieribus
3110 1407 3286 1460 locuta
3361 1410 3466 1461 es?
3539 1409 3631 1462 Sic

2050 1497 2228 1550 locuta
2276 1508 2361 1551 est
2406 1507 2529 1567 post
2564 1499 2696 1564 lucc,
2727 1499 2822 1564 ait,
2866 1498 3084 1554 .lezabel
3135 1501 3202 1553 ad
3232 1500 3420 1556 Achab
3446 1503 3514 1566 “,
3551 1501 3630 1556 sic

2049 1587 2223 1642 locuta
2262 1597 2345 1644 est
2377 1588 2639 1644 llerodias
2685 1591 2752 1645 ad
2804 1590 3067 1646 Herodem
3099 1592 3167 1657 ”,
3207 1606 3326 1646 cum
3360 1592 3448 1646 illa
3498 1607 3631 1647 sane

2051 1679 2222 1733 Eliam
2257 1680 2584 1745 interficere,
2619 1683 2721 1736 ista
2760 1698 2888 1738 vero
2915 1681 3175 1738 Joannem
3212 1684 3463 1740 occidere
3505 1700 3632 1738 sua-

2048 1773 2232 1835 deret,
2276 1782 2330 1828 et
2376 1783 2601 1829 cmteras
2632 1791 2821 1830 omnes
2873 1776 3180 1846 impietates
3214 1792 3306 1832 eos
3341 1778 3622 1833 docerent.

375 1880 632 1924 mantem.
686 1868 741 1922 Si
794 1868 956 1937 igitur
1005 1865 1252 1920 serviens
1305 1865 1378 1918 illi
1434 1873 1488 1918 et
1541 1864 1728 1918 colens
1781 1875 1946 1933 atque
1981 1858 2020 1912 Β
2053 1862 2171 1930 Sic,
2205 1865 2398 1942 inquit,
2425 1876 2477 1919 et
2507 1876 2586 1933 tu,
2615 1883 2648 1922 ο
2683 1867 3142 1933 mulier,mortem
3184 1869 3311 1923 mihi
3344 1880 3507 1939 atque
3544 1872 3630 1926 in—

373 1961 576 2032 gratias
608 1975 793 2030 agens.
828 1959 959 2012 tales
989 1957 1232 2011 sustineo
1267 1956 1502 2018 dolores,
1549 1955 1730 2024 qualia
1783 1956 1949 2010 susti-

375 2069 527 2108 neam
556 2053 698 2122 apud
733 2051 934 2106 inferos
965 2048 1248 2117 supplicia,
1277 2064 1308 2101 ο
1343 2047 1554 2109 mulier,
1583 2048 1626 2100 si
1665 2047 1948 2107 discedens

375 2147 439 2200 ab
471 2145 560 2199 illo
598 2157 864 2214 negavero
907 2154 955 2194 et
996 2154 1226 2193 renuero
1258 2149 1420 2206 atque
1459 2137 1946 2207 hlasphemavero‘!

371 2235 503 2291 Iiam
538 2220 762 2290 istorum
799 2232 1236 2287 brevissimorum
1271 2229 1520 2283 dolorum
1574 2244 1709 2298 quos
1740 2228 1791 2282 in
1828 2243 1948 2281 cor-

373 2329 623 2399 ruptione
663 2327 904 2380 sustineo
931 2324 1035 2376 erit
1073 2323 1227 2384 linis,
1271 2333 1324 2374 et
1359 2337 1478 2374 cum
1527 2321 1818 2390 gratiarum
1853 2333 1944 2373 ac-

372 2420 612 2475 tionibus
643 2419 742 2471 hos
775 2431 945 2486 usque
975 2415 1026 2468 in
1061 2417 1220 2468 linem
1258 2414 1534 2467 sustinens
1569 2420 1786 2464 aeternae
1823 2411 1946 2464 bea-

374 2512 620 2566 titudinis
661 2493 690 2562 a
736 2510 845 2563 Deo
893 2522 1050 2575 spero
1092 2505 1222 2558 mihi
1276 2503 1792 2558 remunerationem.
1840 2501 1946 2557 Illis

373 2616 550 2660 autem
584 2603 672 2671 qui
729 2601 894 2654 Deum
951 2596 1437 2666 blaspbeinaverint
1501 2595 1700 2648 diutius
1759 2594 1943 2648 viven-

373 2698 516 2750 tibus
547 2695 598 2749 in
627 2708 887 2762 corpore,
918 2705 997 2745 vae
1027 2688 1156 2744 erit.
1204 2688 1329 2742 Plus
1365 2699 1542 2742 autem
1589 2687 1695 2740 erit
1727 2701 1805 2740 uc
1841 2686 1945 2742 illis

371 2789 512 2858 apud
569 2755 789 2844 inferos,
839 2799 961 2838 cum
1018 2782 1073 2836 in
1129 2789 1386 2848 perpetuo
1445 2776 1838 2847 torquebuntur
1890 2779 1942 2830 iu

371 2879 584 2936 lamina
616 2879 757 2949 ignis
801 2872 1280 2941 inexstingnibilis.
1313 2870 1491 2936 Quare
1527 2885 1658 2939 ergo
1692 2878 1942 2939 tanquam

369 2989 478 3026 una
535 2984 597 3024 ea.
642 2967 1007 3038 insipientibus
1061 2963 1368 3017 mulieribus
1395 2961 1568 3014 lorum
1594 2961 1695 3014 es?
1727 2976 1846 3013 cum
1892 2968 1945 3016 et

369 3064 536 3119 Deum
584 3061 960 3131 blasphemare
1010 3057 1227 3122 suades,
1269 3063 1322 3110 et
1370 3055 1501 3108 mihi
1560 3053 1658 3122 ipsi
1711 3061 1940 3107 mortem

367 3168 532 3227 atque
580 3151 1002 3208 internecionem
1052 3158 1111 3202 ιιι
1165 3162 1448 3217 procurem
1504 3145 1701 3210 doces,
1747 3144 1943 3214 quibus

368 3249 597 3317 nequius
646 3255 810 3316 atque
864 3243 1186 3299 sceleratius
1242 3240 1376 3294 nihil
1429 3248 1530 3293 est.
1574 3235 1747 3292 Omne
1795 3239 1942 3291 enim

367 3348 648 3409 peccatum
684 3352 780 3406 per
814 3333 1190 3406 pmnitentiam
1244 3329 1637 3399 indulgentiam
1674 3328 1938 3398 accipiet,

367 3442 420 3486 ct
467 3446 654 3486 omnes
683 3429 770 3499 qui
809 3426 1097 3482 sinceriter
1148 3423 1534 3492 pmnituerint,
1570 3421 1940 3476 remissionem

367 3532 423 3578 et
459 3521 884 3578 misericordiam
934 3534 964 3572 a
999 3517 1110 3572 Deo
1159 3524 1560 3584 consequentur
1592 3521 1756 3581 atque
1791 3512 1942 3565 iuve~

367 3617 539 3671 nient.
589 3614 652 3668 Hi
702 3627 832 3666 vero
875 3610 967 3680 qui
1036 3607 1354 3676 semetipsos
1416 3602 1812 3669 interfecerint,
1843 3604 1939 3672 qui

368 3705 720 3777 sibimetipsis
759 3713 986 3756 mortem
1020 3699 1332 3764 intulerint,
1385 3711 1664 3764 nunquam
1698 3696 1940 3762 requiem

367 3800 643 3856 habebunt
693 3796 780 3851 isti
837 3794 886 3847 in
943 3792 1149 3846 infinita
1191 3787 1421 3852 smcula,
1464 3801 1742 3856 nunquam
1787 3785 1941 3838 inve-

367 3893 517 3948 nient
566 3887 942 3960 refrigerium,
989 3884 1082 3939 sed
1128 3883 1321 3935 animae
1376 3892 1560 3932 eorum
1599 3892 1720 3931 mox
1771 3883 1828 3929 ut
1877 3876 1941 3929 de

366 3998 593 4054 corpore
655 3980 924 4039 exierint,
977 3977 1028 4030 in
1084 3974 1341 4028 tenebras
1409 3969 1802 4023 deducentur:
1850 3967 1938 4019 ubi

365 4092 490 4134 cum
525 4073 660 4129 Juda
712 4080 766 4125 et
819 4065 1138 4135 Achitophel
1195 4072 1456 4134 perpetuo
1523 4059 1936 4128 torquebuntnr,

367 4169 457 4237 qui
503 4175 623 4236 post
670 4164 805 4217 alias
855 4158 1162 4227 impietates
1211 4152 1564 4221 sibimetipsis
1614 4165 1803 4204 manus
1850 4151 1937 4202 in-

367 4259 512 4316 ferre
550 4255 665 4311 ausi
721 4253 959 4308 filerunt.
1007 4247 1196 4302 Nullus
1248 4259 1378 4316 ergo
1439 4259 1504 4297 ex
1553 4243 1688 4296 bene
1743 4241 1940 4294 intelli-

367 4351 616 4422 gentibus
661 4347 744 4402 vel
794 4346 960 4399 Deum
1015 4339 1334 4396 timentibus
1389 4333 1698 4390 hominibus
1751 4332 1940 4386 mortis

367 4457 586 4500 causam
620 4439 723 4495 sibi
772 4437 934 4491 debet
964 4434 1224 4492 invenire,
1256 4445 1360 4482 non
1393 4427 1551 4481 debet
1584 4424 1935 4494 semetipsum

369 4533 697 4595 interficere,
746 4542 919 4597 neque
963 4526 1184 4580 omnino
1231 4520 1369 4574 ullus
1419 4519 1584 4571 Deum
1636 4515 1936 4570 timentium

369 4623 528 4678 debet
554 4617 828 4683 semetipsi
866 4623 1094 4668 mortem
1128 4619 1337 4678 optare.
1366 4605 1517 4673 Quod
1547 4606 1590 4659 si
1635 4606 1798 4658 verbo
1831 4618 1942 4656 om-

366 4711 500 4768 nino
548 4725 695 4764 mors
741 4707 975 4777 optanda
1017 4719 1125 4757 non
1161 4709 1265 4763 est,
1299 4699 1468 4752 multo
1504 4695 1679 4766 magis
1714 4704 1943 4748 mortem

370 4803 529 4858 factis
575 4801 754 4856 nullus
798 4797 900 4853 sibi
949 4797 1107 4850 debet
1148 4791 1380 4858 inferre,
1425 4805 1491 4844 ne
1537 4803 1658 4843 cum
1709 4784 1948 4855 praelatis

371 4895 592 4952 aeternis
634 4891 776 4962 apud
828 4888 1033 4945 inferos
1071 4885 1317 4940 tradatur
1366 4879 1673 4936 tormentis.
1715 4878 1795 4934 Ob
1845 4881 1947 4933 hoc

369 5001 502 5058 ergo
537 4985 669 5040 dicit
711 4981 812 5038 Job
859 4983 925 5036 ad
962 4979 1258 5040 diabolum,
1323 4975 1414 5045 qui
1467 4974 1660 5028 mortis
1706 4972 1779 5025 illi
1829 4971 1947 5025 bla-

371 5077 673 5150 sphemiam
721 5074 984 5130 suadebat
1021 5091 1033 5126 :
1069 5072 1246 5136 Quare
1277 5078 1525 5135 tanquam
1554 5081 1658 5118 una
1705 5079 1768 5116 ea:
1810 5061 1940 5115 insi-

368 5171 628 5243 pientibus
657 5167 967 5221 mulieribus
1010 5163 1187 5216 locuta
1219 5162 1308 5215 es?
1354 5161 1430 5213 Ac
1478 5158 1642 5213 veluti
1690 5157 1938 5210 diceret:

368 5263 548 5330 Quare
587 5270 840 5328 tanquam
889 5273 956 5312 ex
1007 5253 1389 5325 insipientibus
1424 5251 1710 5304 animabus
1759 5247 1940 5308 fatuis,

367 5355 667 5417 sceleratis,
696 5351 892 5418 impiis,
929 5347 1039 5402 Deo
1069 5346 1381 5410 odibilibus,
1414 5344 1524 5397 Deo
1554 5340 1935 5396 resistentibus

369 5447 445 5502 ita
475 5445 649 5500 locuta
683 5443 773 5498 es?
817 5443 950 5509 Quia
985 5455 1086 5494 nec
1118 5440 1285 5493 Demn
1323 5437 1503 5499 times,
1545 5447 1719 5502 neque
1761 5435 1934 5484 virum

366 5538 596 5600 vereris,
640 5549 813 5603 neque
867 5532 1090 5602 teipsam
1145 5527 1463 5584 confusione
1505 5525 1718 5586 induis,
1765 5535 1939 5590 neque

365 5627 884 5689 vehementioribus,
935 5630 1027 5677 aut
1081 5621 1215 5674 meis
1265 5618 1540 5674 doloribus
1588 5612 1937 5684 compateris.

439 5791 486 5825 ⁸³
521 5789 587 5845 HI
622 5789 754 5858 Reg.
787 5803 898 5841 xix.
975 5786 1020 5818 ³³
1062 5784 1250 5838 Matth.
1279 5798 1391 5838 xw.
1469 5781 1513 5814 “
1552 5779 1696 5837 Psal.
1729 5790 1851 5843 xm,
1888 5775 1938 5829 l.

691 5884 962 5945 PATBOL.
1006 5880 1122 5941 Gn.
1155 5878 1358 5941 XVII.

2050 1957 2410 2011 terneciouem
2442 1972 2537 2028 per
2569 1959 2662 2012 Dci
2728 1959 3118 2030 blasphemiam
3164 1961 3381 2026 suades,
3412 1972 3470 2015 ut
3502 1976 3624 2016 cum

2047 2047 2148 2101 hoc
2181 2051 2320 2118 quod
2355 2050 2494 2104 male
2526 2051 2748 2115 morior,
2792 2065 2912 2104 cum
2944 2053 3043 2106 hoc
3076 2053 3193 2121 ipso
3240 2053 3439 2122 injuste
3507 2054 3624 2108 bla-

2053 2138 2356 2205 Sphemem.
2388 2139 2493 2193 Sed
2514 2141 2692 2209 vigilo,
2724 2141 2922 2210 inquit,
2957 2142 3007 2196 in
3039 2144 3224 2212 praelia
3258 2145 3398 2211 quod
3430 2145 3623 2200 adver-

2046 2242 2161 2280 smn
2195 2238 2244 2281 te
2277 2245 2428 2299 gero,
2455 2245 2488 2284 ο
2515 2230 2750 2294 diubole,
2779 2233 2874 2288 sed
2907 2249 3008 2287 non
3047 2233 3330 2288 obdormio
3362 2236 3412 2288 in
3447 2236 3624 2290 stadio

2046 2320 2190 2387 quod
2223 2320 2364 2373 circa
2401 2330 2452 2374 te
2484 2321 2678 2384 habeo,
2711 2337 2743 2375 0
2779 2324 3108 2391 nequissime
3137 2327 3468 2380 adversarie.
3502 2325 3620 2382 Non

2042 2409 2188 2462 enim
2232 2410 2680 2465 obdormitantem
2715 2413 2979 2476 invenies,
3020 2416 3476 2484 quemadmodum
3511 2416 3622 2486 jam

2046 2510 2393 2567 memoratos,
2423 2516 2595 2570 neque
2624 2504 2986 2560 dormientem
3019 2507 3160 2560 sicut
3196 2508 3314 2562 illos
3344 2509 3395 2563 in
3429 2511 3627 2579 quibus

2045 2598 2165 2656 post
2201 2590 2300 2644 hoc
2349 2588 2509 2644 facile
2547 2591 2754 2644 zizania
2809 2593 3168 2648 inseminasti.
3219 2594 3316 2660 Te,
3350 2597 3545 2664 inquit,
3594 2613 3628 2652 ο

2046 2680 2285 2748 inimice,
2331 2696 2426 2750 per
2459 2684 2642 2737 uxoris
2672 2699 2955 2754 personam
2989 2686 3226 2756 increpo.
3259 2686 3337 2741 Tu
3371 2689 3515 2741 enim
3546 2690 3626 2742 iu-

2044 2771 2251 2841 sipiens
2279 2787 2339 2826 es
2373 2781 2534 2840 atque
2569 2775 2740 2829 totius
2788 2774 3086 2843 impietatis
3129 2788 3320 2832 auctor
3351 2787 3408 2832 et
3451 2789 3620 2846 pater,

2047 2874 2098 2918 te
2127 2865 2294 2920 etiam
2324 2879 2418 2933 per
2449 2866 2548 2920 hoc
2580 2867 2752 2921 sancti
2784 2867 2930 2921 velut
2958 2867 3302 2937 insipientem
3333 2880 3624 2939 arguentes

2045 2957 2224 3012 dicent
2249 2976 2262 3011 :
2291 2957 2432 3011 Dixit
2457 2959 2710 3028 insipiens
2735 2959 2788 3013 in
2815 2960 2968 3014 corde
2995 2976 3126 3015 suo:
3148 2959 3272 3015 Non
3291 2971 3369 3016 est
3395 2962 3536 3017 Deus
3554 2963 3618 3017 “.

2044 3050 2146 3115 Tu,
2175 3051 2386 3119 ‘inquit,
2417 3065 2449 3104 ο
2485 3049 2715 3113 diabole,
2749 3051 2800 3104 in
2841 3052 3219 3122 antiquissima
3267 3053 3360 3108 illa
3393 3054 3621 3110 muliere

2047 3143 2344 3197 n‘aximam
2378 3143 2746 3212 insipientiam
2777 3144 3137 3207 inseminasti,
3170 3153 3223 3200 et
3265 3145 3316 3201 in
3352 3146 3454 3200 ista
3480 3162 3629 3202 nunc

2051 3234 2280 3289 muliere
2336 3234 2557 3304 impiam
2626 3233 2992 3302 insipientiam
3060 3236 3386 3305 produxisti.
3435 3236 3628 3294 Merito

2051 3327 2172 3383 dice
2206 3326 2271 3380 ad
2305 3326 2448 3380 illam
2475 3344 2489 3380 :
2525 3325 2703 3392 Quare
2747 3336 2998 3396 tanquam
3028 3343 3134 3381 una
3164 3343 3229 3383 ea:
3262 3329 3626 3394 insipientibus

2049 3417 2358 3472 mulieribus
2385 3417 2560 3472 locuta
2591 3422 2686 3474 es!
2720 3419 2795 3474 Te
2829 3419 3155 3482 recolentes,
3186 3435 3219 3474 ο
3253 3422 3466 3487 mulier,
3503 3431 3628 3491 post

2051 3511 2153 3565 hoc
2184 3510 2481 3580 propheta,
2513 3519 2568 3564 et
2603 3511 2800 3564 malum
2831 3521 2993 3580 atque
3021 3511 3288 3580 insipiens
3314 3521 3464 3566 tuum
3491 3527 3626 3568 con-

2049 3600 2228 3655 silium
2255 3600 2463 3655 duriter
2496 3601 2827 3656 detestantes
2861 3603 3116 3656 dixerunt
3144 3621 3156 3656 :
3191 3603 3230 3655 Α
3277 3603 3500 3673 conjuge
3532 3615 3626 3659 tua

2049 3701 2098 3746 te
2131 3693 2362 3756 observa,
2404 3707 2467 3746 ne
2503 3693 2631 3762 quid
2676 3693 2871 3746 dixeris
2919 3693 2998 3746 illi
3025 3694 3094 3758 ",
3146 3703 3200 3747 et
3231 3693 3340 3748 alia
3392 3695 3625 3765 plurima

2048 3783 2134 3838 his
2175 3784 2391 3838 similia.
2426 3783 2555 3838 Post
2599 3799 2718 3852 qua:
2764 3784 3015 3838 universa
3063 3785 3263 3853 adjecit
3299 3788 3483 3842 dicens
3518 3807 3531 3842 :
3565 3787 3627 3842 Si

2049 3876 2182 3928 bona
2223 3876 2546 3943 suscepimus
2575 3877 2638 3928 de
2671 3892 2832 3928 manu
2878 3875 3109 3941 Domini,
3142 3878 3284 3930 mala
3324 3894 3487 3949 quare
3519 3895 3624 3932 non

2049 3969 2329 4020 toleremus
2357 3965 2434 4019 "‘i
2473 3967 2728 4030 Adverte,
2779 3968 2982 4036 inquit,
3032 3983 3065 4020 0
3110 3968 3392 4037 insipiens,
3446 3971 3630 4024 consi-

2049 4057 2176 4109 dera
2234 4055 2472 4123 deposita
2523 4055 2775 4118 stultitia,
2813 4075 2845 4111 ο
2897 4057 3110 4111 mulier.
3163 4055 3224 4111 Si
3265 4059 3400 4111 bona
3446 4074 3622 4114 susce-

2045 4147 2217 4215 pimus
2273 4147 2337 4199 de
2378 4162 2537 4199 manu
2589 4147 2826 4209 Domini,
2880 4149 3022 4201 mala
3075 4159 3250 4201 autem
3302 4166 3466 4218 quare
3519 4167 3626 4205 non

2048 4237 2374 4291 toleremus?
2422 4237 2655 4299 Gloriae,
2704 4238 2930 4302 divitias,
2983 4238 3338 4307 iucunditas,
3394 4241 3622 4307 deliciae,

2047 4329 2375 4392 sublimitas,
2410 4329 2600 4392 honor,
2631 4327 2784 4396 regni
2832 4327 3010 4391 sedes,
3056 4329 3396 4396 printipatus
3426 4340 3480 4386 et
3531 4348 3626 4401 po-
3712 4397 3714 4399 ν

2049 4428 2290 4484 testates,
2328 4429 2577 4472 natorum
2612 4419 2866 4488 gaudium
2895 4429 3057 4488 atque
3102 4419 3401 4474 amicorum
3445 4424 3628 4478 multi-

2048 4513 2194 4574 tudo,
2245 4512 2359 4565 haec
2406 4509 2625 4565 fuerunt
2652 4512 2815 4577 bona,
2843 4525 2962 4578 quae
2989 4512 3055 4564 de
3094 4525 3255 4564 manu
3292 4513 3500 4566 Domini
3535 4531 3626 4568 ac-

2046 4601 2306 4670 cepimus,
2353 4615 2470 4670 quaa
2517 4601 2584 4654 de
2637 4615 2800 4654 manu
2853 4599 3060 4654 Domini
3100 4601 3222 4654 data
3273 4612 3398 4656 sunt
3445 4602 3621 4658 nobis.

2043 4693 2178 4746 Mala
2217 4701 2397 4746 autem
2436 4691 2688 4756 fuerunt,
2732 4691 2809 4744 rei
2843 4689 3132 4746 familiaris
3163 4692 3429 4760 perditio,
3484 4692 3622 4747 libe-

2045 4799 2227 4838 rerum
2285 4784 2532 4846 amissio,
2589 4783 2886 4851 putredinis
2943 4781 3310 4848 abundantia,
3357 4785 3623 4838 vermium

2045 4876 2356 4939 multitudo,
2408 4888 2567 4944 ptena
2603 4873 3070 4944 insupportabilis,
3125 4874 3498 4929 intolerabiles
3527 4875 3626 4930 do-

2055 4967 2222 5032 lores,
2267 4966 2512 5020 seductio
2559 4975 2723 5036 atque
2774 4966 3059 5020 subversio
3116 4965 3364 5036 maligni,
3413 4966 3626 5021 insidias

2053 5070 2218 5127 atque
2253 5059 2583 5112 teutationes
2633 5059 2860 5112 inimici.
2915 5058 3042 5113 Haec
3080 5059 3330 5113 universa
3363 5059 3502 5112 mala
3541 5059 3624 5113 vi-

2047 5148 2241 5202 dentur
2269 5158 2324 5200 et
2358 5147 2496 5200 mala
2529 5148 2807 5212 dicuntur,
2841 5156 3002 5216 atque
3037 5147 3176 5201 mala
3204 5148 3272 5202 ab
3304 5149 3618 5203 hominibus

2045 5239 2416 5306 aestimantur,
2463 5255 2568 5294 non
2605 5241 2747 5307 quod
2799 5239 2939 5293 mala
2991 5243 3104 5294 sint
3158 5242 3293 5308 haec,
3341 5242 3434 5295 sed
3493 5250 3622 5296 sunt

2045 5338 2244 5382 aeterna
2304 5328 2444 5382 bona
2511 5330 2892 5398 procurantia,
2946 5341 3216 5400 perpetuae
3268 5332 3623 5386 nihilominus

2045 5421 2229 5492 gloriae
2295 5422 2348 5475 iu
2404 5436 2569 5491 regno
2617 5421 2993 5476 haereditatem
3064 5423 3446 5492 praeparantia.
3507 5423 3622 5478 Hoc

2044 5514 2254 5569 sciebat
2299 5512 2422 5578 Job,
2467 5523 2522 5567 et
2562 5516 2763 5568 merito
2794 5528 2914 5566 cum
2964 5513 3261 5584 gratiarum
3314 5514 3620 5570 actionibus

2047 5621 2108 5661 ea
2139 5608 2407 5664 sustinere
2449 5621 2668 5677 operam
2708 5609 2895 5663 dabat.
2927 5607 3039 5664 Hoc
3076 5611 3622 5691 scierungpropheta:

2018 5775 2062 5808 ³⁵
2102 5774 2266 5831 Mich.
2309 5788 2408 5842 vn,
2443 5774 2496 5829 5.
2593 5774 2638 5807 "
2676 5772 2778 5830 Job
2806 5788 2868 5840 ιι,
2897 5771 2984 5830 10.

3271 5866 3342 5927 16
