4174 6386
545 357 642 413 491

1641 355 2023 411 ANONYMUS
2063 355 2127 408 IN
2165 354 2307 408 JOB.
2350 387 2417 396 --
2456 354 2585 409 LIB.
2629 353 2693 409 ll.

3691 357 3795 410 492

546 488 602 531 et
629 477 858 547 apostoli
893 485 1058 546 atque
1097 477 1279 532 cuncti
1331 488 1623 549 martyres.
1655 477 1947 546 Propterea
1983 492 2124 530 ama-
2153 481 2196 536 Α
2228 486 2313 528 est
2358 476 2448 544 qui
2502 477 2640 530 hanc
2701 489 2912 543 poenam
2963 473 3212 542 ingessit,
3265 473 3662 530 satisfaciamus
3719 477 3792 529 ilti

547 568 871 627 ram,vitam
907 568 958 620 in
991 569 1091 621 hoc
1144 568 1344 622 mundo
1381 578 1794 634 transegerunt,
1838 577 2124 636 propterea

545 661 727 714 omnia
772 669 1042 714 tormenta
1092 662 1230 729 ignis
1261 671 1315 715 et
1359 662 1522 731 gladii
1569 661 1969 713 sustinuerunt.
2012 659 2122 712 llu-

547 766 705 806 mana
734 768 863 820 ergo
901 754 1294 808 consuetudine
1335 755 1475 807 bona
1521 764 1574 806 et
1621 753 1760 806 mala
1791 769 1852 806 ea
1889 753 2121 822 appellat

545 844 769 897 dicens:
808 842 870 898 Si
907 845 1039 897 bona
1071 845 1367 910 accepimus
1399 846 1461 896 de
1501 861 1659 896 mauu
1703 843 1932 903 Domini,
1975 843 2118 894 mala

545 944 719 985 autem
747 951 908 1002 quare
948 952 1049 987 non
1085 935 1406 988 toleremus?
1431 936 1586 999 Cum,
1622 935 1817 1003 inquit,
1847 935 1942 988 tibi
1977 944 2120 988 esset

544 1025 768 1080 honoris
815 1027 1138 1088 sublimitas,
1183 1042 1306 1080 cum
1360 1026 1529 1094 gloria
1576 1027 1860 1091 Izetareris,
1904 1043 2026 1081 cum
2064 1028 2115 1081 in

542 1115 753 1169 deliciis
785 1117 1048 1183 degeres,
1094 1132 1215 1169 cum
1252 1117 1537 1172 multitudo
1586 1128 1637 1170 te
1682 1129 1806 1171 ante
1853 1129 1905 1170 et
1948 1129 2113 1181 retro,

547 1217 736 1275 utpote
767 1207 832 1260 de
871 1207 1072 1274 palatio
1102 1218 1409 1269 exeuntem,
1459 1219 1513 1260 et
1561 1210 1850 1263 identidem
1890 1210 1979 1262 illo
2031 1224 2114 1261 re-

539 1306 840 1350 vertentem
891 1313 1012 1350 cum
1048 1297 1251 1352 honore
1300 1301 1543 1353 exaltans
1575 1301 1956 1364 circumdaret,
1989 1317 2109 1354 cum

543 1387 638 1438 lilii
693 1396 818 1440 ante
870 1387 1056 1440 oculos
1125 1388 1318 1456 gaudio
1366 1397 1417 1441 te
1471 1392 1768 1458 replerent,
1824 1401 1948 1443 tunc
2005 1407 2109 1445 non

539 1476 756 1538 dixisti.
791 1493 825 1530 o
865 1477 1055 1531 mulier
1082 1502 1092 1533 :
1125 1480 1218 1532 Dic
1251 1480 1463 1542 aliquod
1513 1485 1751 1545 verbum,
1784 1491 1832 1534 et
1863 1499 2062 1535 morere
2090 1497 2108 1534 :

539 1575 668 1619 tunc
708 1578 934 1621 mortem
987 1571 1208 1622 omnino
1276 1587 1373 1625 nec
1429 1573 1741 1633 nominare,
1786 1588 1882 1625 nec
1924 1573 2110 1626 audire

536 1673 696 1727 passa
744 1673 822 1714 es.
877 1660 1028 1716 Nunc
1075 1673 1248 1718 autem
1281 1665 1405 1732 quia
1441 1679 1524 1716 res
1561 1664 1839 1720 familiaris
1873 1667 2101 1732 interiit,

535 1759 591 1802 et
645 1749 736 1802 filii
804 1752 1128 1818 perierunt,
1181 1755 1304 1822 quia
1360 1754 1530 1823 gloria
1585 1756 1753 1824 fugit,
1808 1765 1863 1809 et
1910 1757 2106 1810 divitize

2227 577 2482 636 tanquam
2535 568 2899 621 misericordi.
2956 566 3012 620 Si
3065 578 3246 622 autem
3297 567 3433 620 alius
3484 568 3681 636 aliquis
3711 579 3794 621 est

2221 661 2311 728 qui
2340 661 2444 713 hoc
2474 660 2669 712 hellmu
2703 660 2990 713 adversum
3034 675 3132 714 nos
3165 660 3446 723 excitavit,
3502 659 3581 712 sic
3629 660 3790 713 etiam

2220 752 2578 819 deprecemur
2612 751 2761 802 illum
2798 751 3179 804 anxiliatorem
3231 762 3394 819 atque
3428 760 3794 819 propugnato-

2223 858 2355 905 rem,
2391 852 2573 910 utpote
2601 840 2956 894 fortissimum
2982 857 3044 894 ac
3073 843 3530 909 potentissimum.
3557 839 3615 893 Si
3646 841 3788 894 enim

2220 935 2353 987 bona
2379 935 2675 1001 accepimus
2707 935 2770 985 de
2801 950 2959 985 manu
2995 933 3224 996 Domini,
3266 933 3408 986 mala
3432 943 3606 984 autem
3629 950 3790 1000 quare

2218 1044 2319 1080 non
2348 1028 2626 1079 toleremus
2646 1027 2671 1078 ?
2704 1025 2800 1080 Ubi
2832 1027 2977 1080 enim
3006 1025 3209 1078 fuerint
3233 1025 3450 1089 laetitiae,
3493 1024 3600 1076 illic
3625 1024 3786 1076 etiam

2217 1118 2591 1172 tribulationis
2627 1118 2980 1184 exspectatio.
3007 1117 3106 1171 Ubi
3135 1115 3600 1180 jucunditas,illic
3621 1117 3786 1168 etiam

2217 1208 2449 1260 miserim
2481 1218 2795 1277 sperantur.
2832 1206 2967 1260 Nam
2998 1207 3124 1276 quid
3155 1207 3372 1260 obvenit
3406 1206 3578 1268 nobis,
3614 1221 3647 1259 ο
3677 1222 3787 1258 mu-

2215 1298 2333 1363 lier,
2363 1315 2425 1353 ex
2459 1301 2546 1354 his
2576 1316 2694 1368 quae
2730 1300 2922 1353 in-hoc
2955 1299 3158 1354 szeculo
3200 1315 3304 1351 non
3348 1299 3550 1351 fuerint
3583 1310 3733 1368 gesta
3762 1298 3786 1351 ?

2212 1388 2402 1444 Nonne
2432 1391 2606 1444 omnis
2634 1407 2761 1443 caro
2799 1391 3090 1458 aliquando
3118 1389 3335 1458 quidem
3395 1405 3526 1442 sana
3555 1399 3656 1454 est,
3686 1388 3784 1441 ali-

2211 1479 2433 1547 quando
2457 1489 2831 1548 paupertatem
2869 1479 3091 1546 patitur,
3141 1478 3431 1546 aliquando
3470 1488 3651 1532 autem
3687 1479 3776 1531 di-

2211 1572 2369 1624 vitias
2403 1572 2604 1624 habet?
2631 1573 2760 1637 Qua:
2790 1573 2951 1640 igitur
2979 1581 3104 1623 sunt
3136 1570 3278 1636 apud
3311 1585 3500 1624 omnes
3537 1571 3782 1625 homines

2212 1664 2262 1716 in
2295 1662 2515 1725 mundo,
2550 1664 2689 1726 hinc,
2721 1664 2919 1730 inquit,
2949 1664 3112 1716 etiam
3145 1663 3288 1731 apud
3315 1677 3414 1716 nos
3443 1674 3590 1730 gesta
3616 1672 3776 1716 sunt:

2208 1763 2270 1806 et
2297 1769 2404 1807 non
2433 1755 2609 1809 solum
2647 1756 2696 1808 in
2727 1756 2979 1808 omnibus
3013 1754 3356 1814 hominibus.
3381 1754 3475 1805 sed
3504 1763 3555 1806 et
3589 1754 3640 1804 in
3671 1770 3781 1805 om-

539 1841 814 1906 abierunt,
841 1844 967 1911 quia
1006 1845 1144 1896 mala
1179 1861 1278 1899 nos
1320 1847 1658 1907 invenerunt,
1691 1857 1744 1899 et
1777 1847 1987 1901 dolores
2021 1864 2106 1917 ap-
2138 1824 2178 1877 Β
2211 1846 2368 1900 nibus
2401 1847 2563 1916 hujus
2595 1847 2777 1900 mundi
2813 1846 3098 1900 elementis
3156 1847 3292 1900 fiunt
3338 1846 3662 1912 aliquando;
3697 1846 3778 1898 sic

535 1933 969 2001 prehenderunt,
1022 1936 1186 1988 Deum
1226 1952 1322 1989 nos
1373 1937 1748 2006 blasphemare
1789 1939 2102 2008 compellis,

533 2026 604 2079 ob
658 2024 759 2078 hoc
816 2041 913 2079 nos
972 2027 1364 2094 reprehendere
1418 2029 1618 2093 doces,
1672 2041 1953 2098 prepterea
2009 2045 2106 2085 nos

533 2124 763 2170 mortem
800 2128 983 2186 petere
1011 2118 1181 2186 cogis,
1222 2128 1275 2173 et
1308 2119 1409 2173 hoc
1457 2135 1562 2172 non
1590 2119 1731 2188 juste
1762 2124 1859 2174 sed
1911 2123 2106 2190 injuste

532 2224 630 2278 per
664 2208 754 2263 Dei
802 2209 1190 2279 blasphemiam
1221 2229 1235 2266 :
1273 2220 1326 2266 et
1356 2213 1500 2281 quod
1532 2224 1615 2266 est
1643 2215 1960 2278 maximum,
1997 2231 2102 2269 non

532 2299 628 2352 tibi
677 2313 915 2353 amaram
968 2312 1197 2354 mortem
1230 2303 1426 2371 poscis.
1477 2303 1569 2357 sed
1623 2304 1791 2357 mihi:
1829 2314 1885 2357 ut
1931 2305 2104 2370 possis

529 2399 657 2459 post
696 2391 905 2443 obitum
943 2391 994 2444 in
1032 2392 1215 2461 requie
1249 2395 1450 2458 vivere,
1495 2394 1634 2446 sicut
1669 2405 1722 2446 tu
1767 2409 1974 2462 speras,
2011 2411 2104 2450 ne-

529 2481 706 2535 sciens
738 2496 915 2551 neque
962 2485 1189 2537 credens
1234 2482 1326 2537 Dei
1364 2485 1623 2538 bonorum
1660 2487 2104 2554 promissionibus

529 2587 652 2641 qua:
666 2572 733 2628 de
761 2573 917 2642 longe
935 2574 1076 2627 videt
1103 2573 1217 2643 ejus
1239 2579 1534 2629 aeternitas.
1555 2575 1613 2630 Si
1652 2578 1782 2630 bona
1813 2579 2102 2638 accepimus

528 2665 594 2718 de
626 2681 785 2717 manu
820 2664 1050 2730 Domini,
1084 2667 1226 2718 mala
1255 2676 1428 2719 autent
1457 2685 1621 2736 quare
1653 2684 1755 2721 non
1786 2669 2104 2722 toleremus?

529 2753 589 2810 Si
639 2755 901 2810 bonorum
960 2758 1124 2811 etiam
1178 2758 1453 2813 fastidium
1509 2776 1780 2829 mmquam
1839 2762 2100 2830 cepimus,

528 2862 705 2916 neque
747 2848 910 2902 finetn
958 2863 1143 2904 eorum
1188 2866 1422 2920 unquam
1473 2850 1586 2904 fieri
1638 2852 1904 2916 volumus,
1957 2853 2096 2907 mala

527 2948 709 2994 autem
761 2955 932 3009 quare
980 2957 1084 2995 non
1148 2942 1478 2996 toleremus?
1529 2941 1926 2998 Tribuiationes
1977 2961 2099 2999 cum

527 3031 832 3098 gratiarum
903 3032 1212 3088 actionibus
1275 3048 1441 3102 quare
1507 3049 1612 3087 non
1692 3037 2100 3090 sustineanms?

526 3117 831 3175 Prazsertim
854 3138 976 3176 cum
1006 3125 1340 3186 noverimus,
1363 3123 1487 3192 quia
1514 3125 1655 3177 sicut
1681 3124 1945 3179 bonorum
1977 3128 2098 3182 linis

526 3210 654 3274 crit,
685 3211 754 3265 ita
781 3223 837 3266 et
877 3213 1140 3267 malorum
1172 3214 1435 3268 citissime
1464 3217 1858 3270 consummatio
1899 3217 2094 3272 aderit.

527 3301 596 3356 Et
639 3304 856 3373 quidem
906 3305 1204 3368 bonorum,
1258 3308 1360 3360 hoc
1411 3316 1528 3372 est,
1581 3308 1893 3363 divitiarum
1939 3319 2100 3379 atque

525 3392 814 3462 opulentia:
864 3393 987 3448 finis
1042 3395 1246 3448 inutilis
1293 3397 1432 3460 erit,
1484 3397 1585 3452 nisi
1637 3397 1832 3467 aliquis
1882 3410 2100 3468 propter

523 3478 788 3554 iustitiam
820 3498 985 3554 atque
1031 3486 1432 3557 eleemosynam
1475 3503 1768 3556 pauperum
1813 3489 1960 3558 juste
2009 3473 2098 3547 eas

522 3579 880 3648 expenderit:
915 3579 1322 3633 tribulationum
1355 3590 1534 3634 autem
1569 3581 1849 3636 tolerantia
1883 3584 1934 3637 in
1971 3583 2095 3650 fide,

523 3679 691 3739 atque
731 3670 978 3724 dolorum
1025 3671 1364 3739 supportatio
1395 3687 1518 3726 cum
1573 3674 1871 3742 gratiarum
1923 3677 2096 3731 actio-

522 3760 684 3814 nibus
737 3770 953 3815 aeterna:
1002 3760 1186 3831 gloriae
1245 3762 1620 3817 htereditatem
1679 3775 1984 3834 praeparant
2040 3768 2092 3822 in

521 3865 688 3921 regno
712 3851 992 3906 cmlorum.
1017 3851 1075 3907 Si
1101 3852 1237 3906 bona
1268 3855 1562 3921 accepimus
1581 3855 1644 3908 de
1671 3872 1829 3909 manu
1860 3856 2090 3923 Domini,

519 3941 665 3995 mala
691 3953 864 3996 autem
882 3959 1046 4012 quare
1069 3959 1172 3996 non
1197 3943 1514 3999 toleremus?
1538 3943 1790 4015 Nunquid
1819 3948 2094 4002 fastidium

519 4033 786 4087 bonorum
815 4049 970 4103 passa
995 4048 1075 4098 es,
1093 4047 1126 4087 ο
1147 4033 1374 4088 mulier?
1397 4033 1650 4102 Nunquid
1677 4047 2096 4093 consternanter

521 4118 691 4174 tulisti
720 4120 958 4188 requiem
983 4131 1037 4174 et
1063 4119 1309 4190 gloriam,
1345 4139 1378 4175 υ
1407 4121 1612 4176 femina
1641 4125 1664 4177 τ
1705 4123 1857 4188 Quod
1891 4126 1933 4180 si
1967 4126 2091 4181 illo-

519 4225 640 4264 rum
666 4210 898 4280 plurimo
932 4220 1174 4281 tempore
1217 4211 1493 4267 fastidium
1547 4230 1655 4268 non
1704 4217 1920 4286 cepisti,
1957 4233 2094 4286 quo-

521 4299 683 4354 modo
715 4314 860 4354 nunc
890 4299 1115 4354 modica:
1159 4299 1541 4356 tribulationes
1579 4313 1630 4358 te
1682 4307 1914 4359 deficere
1942 4306 2090 4360 fece-

518 4399 648 4444 runt
667 4389 696 4443 .1
731 4390 1010 4455 Quomodo
1031 4392 1228 4446 uberes
1257 4393 1473 4447 dolores
1498 4401 1550 4447 te
1581 4409 1727 4448 nunc
1757 4395 2091 4467 det'atigave-

517 4492 668 4546 runt,
716 4482 808 4552 qui
860 4497 946 4536 me
996 4492 1234 4538 atterunt
1278 4493 1334 4538 et
1386 4500 1490 4538 non
1528 4485 1630 4540 te?
1674 4485 1756 4540 Me
1800 4489 2088 4543 comedunt

516 4586 756 4636 vermes,
787 4581 843 4626 et
877 4583 931 4626 tu
969 4572 1238 4627 delassata
1275 4587 1354 4628 es.
1386 4572 1516 4627 Mea:
1544 4588 1735 4628 carnes
1767 4584 2088 4643 putrescunt

517 4671 574 4718 et
601 4673 657 4717 tu
692 4662 928 4717 delibata
957 4677 1038 4717 es.
1069 4662 1130 4717 Si
1164 4663 1301 4716 bona
1352 4666 1646 4733 accepimus
1679 4666 1742 4718 de
1775 4681 1934 4718 manu
1979 4665 2089 4718 Do-

517 4755 670 4819 mini,
703 4754 846 4807 mala
884 4763 1059 4808 autem
1089 4770 1252 4824 quare
1276 4771 1382 4807 non
1407 4754 1692 4808 toleremus
1712 4758 1737 4810 ἲ
1792 4753 1883 4810 Sic
1909 4765 2087 4826 putas,

519 4847 716 4915 inquit,
757 4861 790 4899 ο
825 4845 1039 4908 mulier,
1076 4845 1220 4913 quod
1272 4859 1378 4897 non
1435 4860 1462 4896 a
1513 4844 1620 4899 Deo
1671 4845 1824 4898 nobis
1871 4847 1944 4898 sit
1976 4846 2088 4898 haec

516 4948 703 5006 poma.
741 4934 834 4989 sed
867 4937 934 4988 ab
967 4935 1072 4989 alio
1105 4933 1307 5002 aliquo.
1370 4932 1426 4986 Si
1463 4950 1592 5003 ergo
1643 4950 1748 4988 non
1782 4944 1865 4989 est
1893 4950 1922 4987 a
1959 4935 2089 4999 Deo,

519 5025 614 5078 sed
651 5024 718 5079 ab
747 5023 871 5086 alio,
925 5023 1053 5092 quid
1102 5021 1336 5075 ulciscar
1397 5020 1562 5074 Deum
1619 5030 1690 5100 ut‘
1727 5021 2090 5090 blasphemetn

523 5114 699 5179 illum,
736 5130 857 5169 cum
891 5115 1032 5169 alius
1054 5115 1126 5169 sit
1151 5115 1241 5183 qui
1261 5129 1345 5167 me
1379 5111 1755 5166 tribulaverit?
1785 5112 1935 5178 Quod
1965 5112 2008 5165 si
2043 5127 2072 5165 a

521 5205 636 5261 Deo
661 5213 749 5260 est
781 5215 1014 5270 certum,
1068 5206 1212 5274 quod
1258 5204 1503 5260 forsitan
1554 5216 1655 5272 est,
1711 5219 1811 5273 pro
1854 5207 2091 5274 peccatis

521 5299 724 5352 nostris
749 5309 853 5352 est.
891 5298 1028 5364 Quid
1063 5299 1245 5367 itaque
1270 5307 1355 5352 est
1383 5297 1598 5361 melius,
1628 5312 1786 5350 orare
1809 5312 1873 5350 ac
1899 5300 2090 5365 depre-

520 5389 637 5446 cari
675 5389 976 5443 terribilem
1006 5390 1202 5444 facient
1235 5391 1354 5454 Dei,
1381 5405 1448 5442 an
1481 5389 1864 5457 blasphemare
1898 5399 1952 5442 et
1979 5388 2092 5443 cri-

522 5481 719 5536 minari
750 5495 833 5534 'ac
869 5481 1177 5546 detrahere,
1224 5489 1283 5533 ut.
1336 5481 1802 5534 vehementiorem
1839 5479 1973 5532 iram
2004 5488 2090 5532 at-

521 5585 630 5643 que
658 5570 1077 5640 indignationem
1103 5572 1156 5626 in
1191 5587 1294 5626 nos
1327 5570 1670 5628 excitemus?
1699 5570 1754 5625 Si
1781 5570 1946 5638 igitur
1973 5571 2089 5640 ipse

593 5752 634 5783 ³⁷
659 5748 758 5805 Job
789 5763 849 5812 ll,
884 5747 963 5804 10.

2209 1936 2501 2005 aliquando
2571 1953 2694 2000 ver,
2761 1939 2840 1991 sic
2888 1937 3179 2006 aliquando
3239 1946 3423 1999 aestas,
3487 1935 3778 2004 aliquando

2208 2029 2402 2092 hiems,
2431 2030 2721 2098 aliquando
2753 2029 2945 2098 frigus,
2979 2029 3269 2096 aliquando
3300 2043 3430 2080 vero
3460 2039 3646 2089 testus,
3679 2027 3781 2080 ali-

2206 2121 2422 2190 quando
2453 2122 2723 2185 viriditas,
2762 2121 3054 2190 aliquando
3083 2135 3212 2173 vero
3239 2119 3489 2174 siccitas.
3537 2120 3594 2173 Si
3639 2134 3773 2189 ergo

2207 2212 2279 2264 ita
2314 2220 2398 2264 est
2445 2212 2584 2278 apud
2631 2212 2815 2266 omnia
2845 2211 3242 2280 corruptibilia,
3272 2212 3400 2280 quid
3446 2228 3699 2281 magnum
3730 2213 3773 2265 si

2204 2310 2258 2356 et
2293 2316 2390 2355 nos
2423 2303 2534 2368 qui,
2559 2302 2698 2354 sicut
2726 2302 2908 2355 omnia
2936 2303 3338 2371 corruptibilia,
3358 2303 3636 2356 floruimus
3667 2304 3778 2373 pri-

2204 2393 2323 2445 dem
2348 2408 2481 2447 sane
2508 2393 2714 2447 divitiis
2745 2402 2798 2446 et
2831 2395 3044 2447 crctcris
3076 2394 3252 2458 bonis,
3292 2410 3433 2447 nunc
3475 2410 3604 2448 vero
3630 2395 3774 2447 arui-

2204 2499 2322 2537 nms
2344 2485 2520 2552 inopia
2556 2495 2718 2553 atque
2743 2485 3116 2540 concaluimus
3145 2486 3194 2538 in
3227 2486 3590 2540 infirmitate?
3621 2487 3774 2540 Sicut

2202 2589 2330 2643 ergo
2355 2574 2405 2626 in
2441 2574 2547 2628 illis
2579 2575 2827 2629 delectati
2866 2591 3076 2640 sumus,
3113 2591 3256 2628 nunc
3283 2584 3338 2629 et
3370 2577 3470 2630 ista
3497 2579 3772 2631 sustinea-

2204 2683 2339 2720 mus.
2370 2666 2524 2720 Sicut
2555 2667 2642 2720 illa
2679 2667 2911 2720 libenter
2941 2669 3274 2736 accepimus,
3325 2669 3399 2722 ita
3437 2678 3492 2721 et
3518 2669 3619 2721 ista
3651 2682 3771 2719 cum

2199 2758 2496 2826 gratiarum
2523 2757 2826 2811 actionibus
2858 2767 3262 2825 supportemus.
3293 2756 3353 2812 Si
3396 2758 3528 2810 bona
3572 2759 3774 2822 accepi-

2201 2865 2314 2902 mus
2342 2850 2404 2901 tle
2431 2865 2589 2902 manu
2611 2848 2843 2912 Domini,
2872 2849 3013 2900 mala
3044 2858 3219 2901 autem
3259 2865 3422 2916 quare
3459 2865 3561 2902 non
3587 2848 3773 2900 tolere-

2200 2955 2313 2992 mus
2336 2941 2360 2992 ?
2385 2939 2498 2992 Non
2524 2942 2664 3006 quod
2691 2940 2760 2992 de
2793 2955 2952 2992 manu
2986 2941 3196 2994 Domini
3231 2940 3527 3008 procedant
3556 2940 3692 2993 bona
3718 2949 3774 2992 et

2201 3032 2364 3094 mala,
2396 3033 2485 3084 sed
2514 3033 2699 3084 omnia
2734 3032 2897 3084 bona.
2935 3031 3008 3084 Ex
3045 3032 3186 3084 bono
3234 3033 3379 3085 enim
3409 3031 3588 3083 omnia
3634 3032 3772 3084 bona

2125 3159 2167 3216 ϐ
2203 3123 2523 3192 procedunt.
2552 3121 2683 3175 Nam
2715 3123 2855 3176 sicut
2888 3123 2964 3176 sol
3021 3123 3274 3177 tenebras
3324 3139 3595 3191 nunquam
3644 3138 3770 3190 pro-

2204 3212 2330 3276 fert,
2361 3213 2440 3266 sic
2475 3212 2728 3266 similiter
2762 3213 2934 3266 bonus
2973 3213 3114 3267 Deus
3167 3229 3442 3281 nunquam
3482 3213 3620 3265 mala
3647 3227 3776 3282 pro-

2202 3291 2375 3366 ducit,
2431 3302 2526 3360 sed
2573 3303 2754 3355 omnia
2811 3303 2949 3355 bona
2989 3313 3151 3370 atque
3191 3304 3416 3371 optima.
3449 3302 3770 3369 Quanquam

2199 3385 2349 3452 enim
2374 3395 2440 3451 ab
2473 3397 2651 3466 impiis
2691 3405 2855 3466 atque
2891 3397 3314 3466 indisciplinatis
3358 3397 3666 3450 hominibus
3706 3413 3771 3451 ea

2201 3479 2321 3560 qua:
2350 3504 2448 3558 pro
2485 3490 2722 3542 vindicta
2756 3500 2810 3542 et
2838 3487 3201 3544 conversione
3234 3499 3398 3556 atque
3443 3488 3773 3557 ptenitentia:

2200 3582 2722 3656 commemoratione
2749 3595 2778 3633 a
2803 3579 2914 3634 Deo
2943 3581 3289 3650 ingeruntur,
3337 3594 3442 3632 non
3472 3580 3634 3642 bona,
3675 3580 3772 3631 sed

2198 3674 2339 3730 mala
2390 3672 2797 3736 existimantur,
2860 3681 3039 3725 tamen
3087 3672 3226 3724 bona
3285 3682 3417 3724 sunt
3461 3685 3610 3730 vere,
3643 3671 3770 3739 quia

2195 3780 2318 3821 cum
2353 3765 2418 3819 ad
2451 3765 2829 3836 paenitentiam
2865 3764 3258 3828 converterint,
3287 3773 3488 3817 aeterna
3541 3763 3680 3817 bona
3717 3763 3768 3815 in

2195 3873 2360 3929 regno
2395 3858 2656 3912 cmlorum
2689 3871 2984 3926 procurare
3026 3857 3392 3925 reperiuntur.
3445 3853 3536 3908 Sic
3574 3868 3770 3922 nempe

2195 3960 2250 4004 et
2276 3951 2454 4004 omnis
2484 3948 2734 4003 doctrina
2781 3957 2945 4018 atque
2969 3949 3252 4016 disciplina
3287 3949 3354 4002 ab
3381 3944 3768 4000 irrationabili-

2193 4039 2295 4095 bus
2322 4038 2620 4094 infantibus
2666 4053 2772 4092 non
2822 4040 2875 4092 in
2924 4039 3146 4103 bonum,
3191 4040 3284 4094 sed
3315 4039 3365 4092 in
3401 4038 3600 4091 malum
3624 4036 3769 4090 msti-

2193 4140 2373 4184 matur
2419 4129 2501 4183 vel
2555 4128 2819 4182 ducitur:
2867 4127 2962 4182 sed
3005 4143 3190 4182 revera
3242 4135 3576 4196 cognoscunt
3604 4127 3656 4179 in
3686 4124 3769 4178 ul-

2193 4222 2344 4284 timo,
2378 4222 2505 4289 quia
2535 4220 2702 4274 totius
2740 4220 2886 4283 boni,
2915 4219 2998 4272 vel
3035 4220 3224 4286 gratiae
3257 4219 3364 4272 illis
3403 4233 3567 4272 causa
3595 4216 3768 4270 exsti-

2193 4311 2256 4363 tit
2285 4310 2589 4380 disciplina,
2642 4325 2763 4377 quze
2809 4311 2860 4362 in
2908 4310 3209 4378 primordio
3259 4309 3358 4362 fuit
3391 4306 3763 4363 exsecrabilis.

2192 4397 2444 4454 Humano
2493 4401 2676 4468 itaque
2718 4414 2882 4462 more,
2920 4409 3081 4469 atque
3133 4400 3550 4462 consuetudine,
3575 4407 3631 4450 et
3667 4397 3764 4450 hu.

2194 4503 2356 4542 mano
2385 4485 2485 4541 Job
2519 4504 2647 4541 usus
2690 4487 2999 4558 proverbio,
3040 4490 3177 4541 mala
3231 4497 3285 4541 et
3317 4489 3459 4540 bona
3503 4493 3769 4540 memorat

2194 4582 2418 4636 dicens:
2453 4581 2512 4635 Si
2548 4581 2681 4633 bona
2719 4583 3016 4647 accepimus
3052 4582 3115 4633 de
3145 4597 3305 4633 manu
3348 4580 3579 4642 Domini,
3623 4579 3767 4631 mala

2195 4686 2369 4726 autem
2417 4689 2580 4738 quare
2632 4690 2736 4726 non
2781 4672 3118 4726 toleremus?
3167 4671 3292 4726 Post
3337 4685 3458 4740 quae
3516 4670 3766 4724 universa

2195 4760 2520 4829 przecipuain
2555 4769 2718 4829 atque
2748 4760 3044 4828 perfectam
3075 4761 3262 4828 gloria:
3294 4774 3558 4814 coronam
3589 4757 3772 4812 confe-

2197 4864 2324 4902 rens
2350 4847 2526 4904 Moses
2563 4851 2720 4902 beato
2767 4847 2890 4914 Job,
2915 4849 3052 4902 dicit
3085 4849 3138 4902 in
3174 4849 3669 4918 subsequentibus:
3700 4845 3767 4900 In

2196 4939 2304 4993 illis
2330 4949 2503 4994 autem
2531 4941 2770 4994 omnibus
2793 4956 2911 5009 qua:
2943 4939 3022 4992 illi
3061 4943 3390 5004 acciderunt,
3423 4940 3555 4992 nihil
3583 4955 3769 5006 pecca-

2196 5032 2266 5083 vit
2299 5029 2400 5084 Job
2431 5032 2487 5084 in
2515 5029 2665 5084 labiis
2692 5032 2825 5093 suis,
2862 5046 3027 5100 neque
3051 5033 3107 5084 in
3143 5039 3420 5100 conspectu
3463 5029 3673 5083 Domini
3699 5029 3768 5081 ⁸⁷.

2195 5119 2240 5174 0
2271 5119 2404 5183 laus,
2432 5136 2465 5174 ο
2491 5121 2684 5187 honor,
2711 5137 2743 5175 ο
2771 5120 2941 5191 gloria
2967 5131 3022 5176 et
3053 5120 3390 5191 suffragium,
3419 5136 3451 5174 ο
3481 5118 3771 5174 delectatio

2197 5221 2360 5279 atque
2391 5211 2636 5279 praelatio
2665 5214 2808 5265 beati
2841 5211 2974 5266 Johl
3016 5213 3156 5278 Quid
3191 5213 3424 5280 primum
3455 5209 3766 5282 magnifice-

2196 5313 2284 5358 tur
2307 5303 2438 5370 justi
2471 5303 2650 5358 illius?
2681 5305 2760 5358 An
2793 5292 2938 5372 justa
2969 5320 3032 5358 ac
3063 5308 3149 5375 pia
3179 5307 3288 5358 vita
3325 5305 3442 5373 ejus
3485 5304 3554 5358 ab
3589 5303 3765 5366 initio,

2191 5404 2248 5448 et
2276 5395 2589 5451 misericors
2621 5408 2782 5466 atque
2807 5398 2946 5452 bona
2973 5397 2996 5450 ἲ
3025 5399 3104 5451 An
3145 5395 3436 5450 tolerantia
3464 5394 3764 5448 vehemen-

2191 5487 2326 5540 tium
2378 5487 2628 5542 dolorum
2676 5505 2796 5542 cum
2859 5488 3158 5560 gratiarum
3209 5487 3523 5541 actionibus
3569 5483 3592 5536 ἲ
3660 5482 3769 5536 Aut

2192 5573 2355 5627 etiam
2386 5573 2487 5627 hoc
2515 5575 2658 5644 quod
2701 5591 2824 5630 cuiu
2857 5576 3051 5630 callide
3103 5576 3458 5629 seduceretur
3492 5587 3521 5625 a
3551 5571 3768 5628 diabolo
