4174 6416
425 408 530 467 495

1512 405 1891 462 ANONYMUS
1928 405 1996 460 IN
2031 405 2173 461 JOB.
2209 435 2274 445 —
2315 404 2441 459 LIB.
2485 405 2548 459 ll.

3556 409 3662 464 494

425 544 523 600 per
553 541 615 584 os
640 525 845 590 uxoris,
883 523 1167 592 sapienter
1219 523 1444 590 restitit,
1471 533 1526 578 et
1557 526 1608 578 in
1637 525 1718 580 his
1740 526 1989 581 omnibus
2019 532 2063 588 Α
2095 527 2304 580 biorum
2336 532 2531 580 cuncta
2580 524 2633 578 in
2683 525 2980 595 gratiarum
3029 527 3298 582 actionem
3332 535 3494 598 atque
3523 543 3657 584 con-

419 623 624 690 justum
652 633 716 673 ac
746 619 944 672 bonum
976 617 1141 669 Deum
1168 616 1502 670 existimavit
1527 617 1618 686 qui
1651 619 1766 672 haec
1795 619 1844 672 ei
1877 619 1990 672 uni-

423 727 578 767 versa
612 711 748 765 bene
775 710 1044 780 ingessit?
1096 708 1220 763 Haac
1258 709 1440 779 itaque
1489 711 1872 766 demonstrans
1909 711 1992 766 di-

421 805 534 860 cit:
566 802 633 857 In
657 803 737 856 his
769 803 1007 855 omnibus
1039 817 1158 870 quis
1181 799 1229 853 ei
1259 803 1562 854 acciderunt
1599 802 1732 854 nihil
1757 803 1989 869 peccavit

422 894 524 950 Job
563 896 618 947 in
653 894 806 946 labiis
853 895 985 956 suis,
1021 908 1185 961 neque
1242 893 1299 946 in
1348 900 1624 958 conspectu
1657 891 1891 947 Domini.
1928 893 1986 947 In

423 987 528 1051 his,
563 985 757 1054 inquit,
786 982 1039 1037 omnibus
1074 982 1339 1052 plurimis,
1372 983 1579 1052 magnis
1611 998 1674 1036 ac
1721 983 1988 1038 mirabili-

425 1079 526 1132 bus
577 1086 738 1145 atque
797 1075 1156 1132 terribilibus.
1211 1074 1646 1130 lamentabilibus
1673 1091 1888 1144 quoque
1921 1092 1988 1130 ac

424 1168 822 1223 miserabilibus
848 1167 1043 1236 quibus
1075 1167 1275 1221 similia
1300 1177 1450 1238 gesta
1488 1183 1592 1221 non
1627 1176 1776 1232 sunt,
1811 1169 1860 1221 in
1889 1169 1992 1222 mi-

424 1261 580 1317 seriis
629 1270 790 1329 atque
835 1261 888 1314 in
939 1259 1370 1324 infelicitatibus,
1415 1262 1467 1314 in
1503 1261 1754 1316 omnibus
1800 1276 1918 1330 qua:
1957 1275 1987 1314 a

425 1351 620 1406 szeculo
642 1360 767 1404 sunt
795 1349 962 1414 facta,
998 1359 1053 1405 et
1084 1351 1213 1404 fient
1242 1339 1413 1420 usque
1443 1351 1496 1404 in
1536 1360 1819 1415 aeternum,
1861 1353 1986 1421 qui-

423 1439 521 1495 bus
562 1439 758 1494 similia
820 1439 933 1493 visa
990 1452 1097 1492 non
1127 1447 1275 1505 sunt,
1316 1455 1490 1508 neque
1527 1441 1708 1494 audita
1742 1441 1840 1494 sub
1876 1441 1988 1495 sole

422 1531 488 1585 ab
530 1529 683 1584 initio
713 1527 892 1584 saeculi
924 1538 978 1585 et
1002 1544 1168 1598 usque
1223 1529 1276 1583 in
1326 1531 1849 1584 consummationem
1888 1547 1986 1586 sae-

422 1620 685 1674 culorum.
713 1617 769 1671 lu
797 1618 914 1672 istis
950 1632 1078 1687 ergo
1115 1618 1372 1673 omnibus
1402 1617 1536 1673 nihil
1572 1619 1818 1685 peccavit
1862 1618 1985 1684 Job,

427 1713 678 1782 neque-in
714 1712 893 1766 verbis
941 1710 1228 1780 labiorum,
1273 1725 1444 1780 neque
1484 1713 1536 1764 in
1583 1712 1694 1766 oris
1735 1711 1984 1781 eloquiis,

422 1805 670 1875 nequein
701 1805 880 1858 cordis
916 1803 1355 1873 cogitationibus,
1390 1819 1563 1873 neque
1599 1803 1652 1857 in
1675 1804 1841 1859 animi
1877 1821 1987 1858 me-

2093 617 2380 671 l'essionem
2412 617 2504 672 Dei
2531 627 2894 673 converteret.
2930 619 3223 674 Evidenter
3255 619 3491 688 implevit
3531 619 3654 674 bea-

2092 718 2178 762 tus
2215 707 2301 761 ille
2334 708 2496 762 homo
2539 711 2682 777 quod
2711 719 2836 779 post
2880 711 2984 765 hoc
3035 710 3103 764 ab
3149 710 3405 777 Apostolo
3447 711 3650 765 dictum

2091 812 2173 855 est
2199 821 2209 854 :
2247 801 2550 869 Glorificate
2574 801 2743 858 Deum
2779 805 2832 856 in
2865 820 3083 872 corpore
3105 813 3274 857 vestro
3305 813 3351 857 et
3381 805 3436 857 in
3465 805 3654 873 spiritu

2091 901 2258 945 vestro
2306 893 2402 948 '7'.
2442 892 2588 962 Ergo
2623 894 2748 961 quia
2785 909 2813 946 a
2846 894 3022 949 verbis
3053 893 3317 948 labiorum
3367 909 3540 964 usque
3591 897 3656 949 ad

2091 984 2270 1037 cordis
2294 984 2650 1055 cogitationes
2683 984 3086 1039 immaculatum
3138 999 3196 1038 se
3249 994 3303 1037 et
3339 985 3652 1039 inviolatum

2091 1083 2254 1144 atque
2310 1075 2790 1129 incontaminatum
2843 1075 3189 1131 conservavit
3245 1076 3298 1129 in
3353 1085 3651 1146 conspectu

2095 1165 2328 1230 Domini,
2369 1174 2624 1235 tanquam
2653 1167 2697 1220 si
2735 1167 2964 1231 diceret,
2991 1181 3165 1233 neque
3198 1166 3298 1220 hoc
3325 1167 3493 1234 gessit
3514 1170 3654 1236 quod

2093 1255 2340 1323 plurimis
2368 1257 2587 1320 accidit,
2643 1267 2702 1310 ut
2753 1257 3039 1312 labascant
3083 1259 3136 1312 in
3171 1260 3336 1312 verbo
3362 1270 3415 1313 et
3449 1275 3551 1312 non
3589 1274 3652 1313 ex

2091 1348 2274 1402 corde.
2315 1345 2431 1400 Non
2479 1347 2620 1400 enim
2672 1347 2852 1416 lapsus
2889 1358 2972 1402 est
2999 1347 3052 1400 in
3089 1363 3340 1402 sermone
3370 1349 3651 1413 labiorum,

2085 1440 2241 1508 juxta
2275 1440 2374 1492 hoc
2401 1439 2543 1506 quod
2573 1439 2774 1492 dictum
2798 1447 2880 1491 est
2907 1439 3137 1506 quodam
3171 1438 3222 1491 in
3258 1439 3378 1494 loco
3407 1440 3459 1492 in
3503 1438 3654 1494 Scriv

2088 1539 2245 1599 ptura
2276 1544 2292 1583 :
2322 1529 2417 1583 Est
2451 1530 2540 1598 qui
2567 1529 2791 1582 labascit
2821 1530 2876 1581 in
2895 1529 3064 1595 verba,
3097 1529 3172 1582 vel
3199 1531 3254 1583 in
3271 1547 3358 1583 ore
3383 1542 3428 1584 et
3464 1549 3564 1585 non
3592 1549 3654 1586 ex

2089 1619 2262 1674 corde.
2313 1620 2453 1689 Ergo
2501 1620 2624 1687 quia
2679 1621 2869 1674 beatus
2922 1620 3021 1675 Job
3070 1621 3216 1675 nullo
3266 1622 3426 1676 modo
3471 1622 3654 1692 lapsus

2089 1721 2196 1776 est,
2233 1727 2406 1780 neque
2454 1712 2506 1764 in
2551 1725 2668 1776 ore,
2701 1726 2875 1780 neque
2900 1712 2951 1766 iu
2982 1728 3256 1778 sermone,
3285 1727 3459 1781 neque
3486 1714 3538 1766 in
3571 1713 3648 1768 la-

2090 1804 2216 1867 biis,
2248 1819 2422 1873 neque
2468 1805 2520 1856 in
2571 1804 2755 1867 corde,
2790 1814 3074 1874 propterea
3109 1803 3462 1875 magniﬁcans
3499 1805 3647 1859 illum

421 1874 792 1950 dilationibus.
845 1894 999 1960 Quod
1050 1903 1228 1946 autem
1267 1893 1337 1947 ita
1388 1895 1481 1957 sit,
1517 1896 1752 1950 ostendit
1775 1909 1897 1949 mox
1930 1896 1982 1948 in
2018 1874 2060 1932 Β
2094 1910 2321 1967 magnus
2360 1896 2449 1950 ille
2473 1897 2636 1950 homo
2675 1897 2767 1949 Dei
2798 1895 2994 1960 Moses,
3035 1874 3308 1951 admirans
3343 1912 3553 1966 quoque
3589 1913 3654 1954 ac

421 1987 870 2054 subsequentibus
897 1985 1083 2039 dicens
1110 2003 1123 2038 :
1161 1984 1342 2056 Neque
1369 1987 1424 2040 in
1453 1987 1608 2042 labiis
1650 1989 1784 2055 suis,
1823 2005 1986 2057 neque

420 2078 476 2130 in
502 2085 778 2145 conspectu
813 2076 1044 2141 Domini,
1067 2073 1119 2130 et
1151 2091 1257 2130 non
1287 2070 1582 2134 sull'ecerat'
1647 2091 1705 2134 ut
1757 2081 1982 2145 diceret,

422 2183 581 2238 neque
600 2168 654 2219 in
689 2176 964 2234 conspectu
994 2167 1228 2233 Domini,
1258 2169 1349 2223 sed
1383 2179 1436 2224 et
1486 2170 1590 2224 hoc
1623 2171 1778 2238 dixit,
1824 2189 1985 2238 neque

420 2258 472 2311 in
500 2257 652 2311 labiis
676 2261 806 2311 suis.
840 2258 978 2324 Quid
1029 2267 1108 2313 est
1167 2261 1288 2326 hoc,
1331 2277 1493 2332 neque
1543 2262 1599 2314 in
1644 2262 1800 2316 labiis
1833 2265 1986 2317 suis?

419 2349 503 2403 vel
527 2348 656 2418 quid
687 2350 787 2403 hoc
816 2358 917 2414 est,
967 2366 1130 2417 neque
1154 2352 1211 2403 in
1256 2362 1532 2421 conspectu
1595 2352 1845 2408 Domini?
1871 2355 1983 2408 Au-

420 2442 550 2505 dite,
586 2457 618 2496 o
656 2442 839 2506 amici,
872 2442 1169 2498 veridicam
1206 2444 1625 2511 expositionem.
1650 2444 1802 2510 Quod
1835 2446 1982 2509 dicit,

418 2533 474 2585 in
500 2544 774 2600 conspectu
803 2533 1037 2598 Domini,
1069 2535 1173 2588 hoc
1202 2545 1304 2599 est,
1344 2535 1524 2589 cordis
1553 2537 1902 2606 cogitatione,
1931 2547 1986 2590 et

419 2624 614 2676 anima:
647 2622 912 2691 profundo
951 2633 1181 2678 tractatu
1216 2627 1476 2680 adversus
1524 2626 1694 2680 Deum
1732 2627 1863 2681 nihil
1891 2643 1986 2682 co-

418 2713 594 2782 gitans
625 2713 676 2766 in
710 2714 1131 2783 reprehensione
1159 2727 1214 2770 et
1242 2721 1294 2771 in
1322 2718 1656 2788 blasphemia
1687 2729 1853 2788 atque
1881 2721 1986 2774 cri-

419 2803 712 2858 minatione
763 2820 882 2874 quae
927 2807 982 2859 in
1028 2817 1325 2876 conspectu
1382 2808 1474 2863 Dei
1526 2809 1857 2879 deprimunt,
1893 2812 1984 2880 qui

420 2895 645 2963 inquirit
671 2910 823 2950 renes
874 2905 929 2950 et
967 2899 1154 2960 corda,
1207 2899 1295 2966 qui
1346 2899 1499 2953 novit
1536 2899 1746 2954 occulta
1780 2901 1982 2968 cordis,

419 2985 559 3039 sicut
597 2987 725 3040 dicit
775 2987 1078 3056 Scriptura.
1125 2988 1302 3044 Verba
1355 3000 1534 3044 autem
1586 2990 1850 3046 labiorum
1882 2991 1985 3046 ali-

418 3079 633 3146 quando
662 3093 727 3133 ex
756 3081 916 3134 corde
948 3081 1222 3148 dicuntur,
1254 3081 1541 3150 aliquando
1579 3091 1759 3136 autem
1791 3084 1984 3138 incon-

417 3171 721 3226 sideranter
743 3171 1089 3241 proferuntur
1117 3189 1185 3228 ex
1235 3173 1526 3238 incautela,
1559 3183 1613 3228 et
1641 3189 1748 3227 non
1771 3191 1837 3229 ex
1875 3176 1982 3248 ini:-

418 3263 642 3330 quitate,
692 3277 865 3332 neque
905 3279 972 3318 ex
1024 3265 1401 3321 malevolentia
1445 3284 1459 3327 :
1513 3268 1605 3321 sed
1672 3249 1986 3335 frequenter

416 3369 512 3410 ore
544 3354 780 3424 loquitur
809 3357 996 3421 homo,
1029 3359 1169 3426 quod
1210 3359 1433 3413 omnino
1488 3351 1864 3432 corde'neque
1895 3349 1986 3414 co;

417 3447 628 3516 gitavit,
660 3463 758 3503 nec
792 3450 1016 3519 cogitat.
1047 3450 1191 3518 Ergo
1231 3452 1354 3521 quia
1405 3450 1744 3504 admirabilis
1784 3435 1858 3504 ac
1885 3443 1981 3519 pti-

417 3538 773 3594 tientissimus
794 3539 916 3605 Job,
947 3556 1069 3596 cum
1100 3541 1155 3596 in
1197 3551 1372 3597 tantas
1407 3543 1782 3597 tribulationes
1807 3529 1986 3596 trans-1

415 3631 540 3698 iret,
566 3641 622 3686 et
649 3642 828 3687 tantos
858 3633 1075 3688 dolores
1130 3633 1391 3689 nefandos
1416 3636 1735 3699 sustineret,
1775 3625 1978 3689 tantas-

414 3735 521 3793 que
547 3725 886 3779 seductiones
917 3735 1236 3794 superaret:
1273 3739 1453 3794 neque
1478 3725 1531 3779 in
1569 3726 1728 3780 corde
1767 3713 2002 3779 ‘mémm.

416 3815 484 3868 de
517 3814 650 3880 Deo,
688 3832 864 3884 neque
895 3818 1154 3871 adversus
1197 3816 1366 3870 Deum
1412 3817 1690 3886 cogitavit,
1729 3831 1901 3885 neque
1929 3818 1980 3870 in

417 3906 576 3961 labiis
610 3910 723 3962 suis
752 3922 849 3978 per
885 3908 1148 3963 incuriam
1199 3908 1366 3962 ullum
1419 3923 1644 3978 parvum
1674 3923 1981 3962 sermonem
2027 3968 2036 3981 ε

414 4000 659 4068 protulit,
707 4009 992 4069 propterea
1047 4000 1399 4066 magnificans
1459 3999 1612 4052 illum
1655 4010 1709 4053 et
1758 3998 1984 4054 laudans

413 4101 575 4162 atque
651 4089 931 4159 perferens
983 4090 1147 4145 dicit:
1189 4089 1256 4142 In
1296 4091 1378 4144 his
1457 4089 1699 4143 omnibus
1774 4105 1891 4158 qua:
1933 4092 1983 4144 ei

414 4184 719 4237 acciderunt
757 4197 859 4234 non
905 4181 1132 4250 peccavit
1173 4179 1297 4246 Job,
1340 4197 1503 4250 neque
1555 4182 1609 4233 in
1655 4180 1808 4234 labiis
1848 4183 1980 4248 suis,

413 4290 574 4344 neque
607 4275 661 4327 in
685 4282 958 4342 conspectu
993 4274 1220 4327 Domini.
1255 4273 1336 4328 Ac
1363 4273 1409 4327 si
1444 4273 1682 4328 diceret:
1715 4274 1760 4327 0
1787 4288 1980 4341 magna

413 4365 577 4434 atque
601 4365 894 4419 vehemens
931 4363 1239 4430 admiratio,
1281 4379 1314 4418 o
1342 4379 1532 4432 magna
1575 4373 1739 4433 atque
1792 4365 1981 4434 ingens

412 4457 673 4527 patientia
707 4455 832 4520 viri,
864 4464 923 4508 ut
961 4455 1014 4508 in
1047 4455 1299 4509 omnibus
1327 4464 1434 4508 tam
1488 4454 1681 4509 validis
1707 4455 1982 4510 doloribus

413 4556 575 4616 atque
602 4546 655 4599 in
683 4546 930 4599 omnibus
956 4544 1171 4613 iugibus
1205 4546 1401 4615 ptenis,
1448 4545 1522 4600 ita
1567 4560 1626 4600 se
1659 4546 1854 4601 beatus
1891 4547 1978 4601 ille

411 4637 748 4701 observaret,
803 4647 860 4691 ut
903 4638 1128 4691 omnino
1169 4652 1271 4692 nec
1320 4638 1373 4691 in
1418 4637 1572 4692 labiis
1611 4639 1726 4693 suis
1770 4653 1870 4693 nec
1921 4639 1976 4693 in

410 4729 575 4787 corde
597 4743 696 4784 suo
734 4729 879 4783 circa
909 4729 1076 4784 Deum
1114 4729 1468 4799 delinqueret.
1496 4727 1631 4784 Nam
1667 4730 1809 4785 sicut
1851 4745 1973 4785 cor-

409 4819 498 4877 dis
524 4820 605 4875 sui
633 4819 988 4889 cogitationes
1034 4829 1198 4890 atque
1245 4821 1412 4875 animi
1468 4823 1550 4876 sui
1594 4822 1973 4878 meditationes

412 4923 594 4968 castas
620 4927 808 4967 omnes
831 4925 894 4965 ac
925 4913 1157 4967 mundas
1185 4913 1552 4980 conservavit,
1581 4923 1637 4968 et
1665 4929 1772 4970 non
1813 4929 1976 4983 prave

409 5005 555 5060 circa
579 5006 746 5060 Deum
783 5005 1078 5074 cogitavit:
1111 5005 1180 5059 ita
1209 5022 1237 5060 a
1273 5006 1452 5061 verbis
1501 5006 1770 5061 labiorum
1807 5014 1971 5075 atque

410 5099 524 5155 oris
560 5097 789 5168 eloquiis
820 5098 1150 5163 observavit,
1181 5107 1240 5152 ut
1273 5111 1372 5152 nec
1406 5099 1570 5152 corde
1599 5099 1976 5165 delinqueret,

412 5205 586 5260 neque
612 5190 666 5244 in
702 5205 952 5245 sermone
983 5199 1256 5258 peccaret,
1289 5189 1385 5246 sed
1411 5199 1579 5245 totum
1624 5191 1972 5258 semetipsum

409 5290 466 5338 et
491 5283 670 5338 cordis
692 5280 915 5339 consilia
950 5290 1004 5336 et
1045 5297 1316 5340 sermonis
1357 5282 1568 5354 eloquia
1597 5293 1652 5338 et
1695 5280 1860 5337 verba
1887 5280 1968 5336 la-

481 5458 556 5492 ’τ’
581 5458 604 5516 1
629 5459 754 5517 Cor.
802 5475 874 5527 vi,
905 5458 996 5515 20.

2092 1987 2314 2041 laudans
2341 2001 2464 2040 cum
2493 1987 2661 2040 dicit:
2696 1985 2762 2038 In
2788 1987 2868 2040 bis
2907 1987 3167 2055 omnibus,
3199 2003 3316 2057 qua:
3350 1990 3653 2042 acciderunt

2090 2083 2158 2145 ei,
2180 2097 2281 2133 non
2308 2081 2660 2150 peccavit'lob
2682 2083 2738 2135 in
2768 2081 2922 2135 labiis
2949 2083 3078 2146 suis,
3111 2098 3270 2151 neque
3292 2083 3348 2135 in
3381 2093 3654 2149 conspectu

2091 2171 2324 2225 Domini.
2372 2171 2483 2238 Sic,
2527 2173 2722 2241 inquit,
2773 2173 3022 2227 transivit
3064 2174 3397 2229 admirabilis
3427 2177 3529 2230 θοι)
3554 2191 3657 2230 sze-

2096 2264 2376 2318 vissimum
2429 2263 2559 2317 illud
2611 2263 2854 2318 dolorum
2887 2263 3130 2333 pelagus,
3163 2265 3244 2319 sic
3270 2267 3548 2332 superavit
3573 2267 3656 2320 in-

2091 2355 2481 2424 explorabilem
2532 2371 2685 2410 suam
2733 2357 3094 2410 teutatlonum
3141 2357 3562 2422 multitudinem,
3595 2367 3655 2412 ut

2094 2447 2229 2501 nihil
2263 2455 2537 2517 peccaret,
2563 2461 2738 2516 neque
2768 2447 2822 2501 in
2857 2447 3016 2502 labiis
3057 2447 3186 2509 suis,
3225 2462 3401 2518 neque
3434 2449 3486 2502 in
3527 2465 3655 2504 con-

2093 2547 2277 2607 spectu
2319 2537 2552 2592 Domini.
2586 2539 2729 2592 Ante
2781 2539 3106 2594 tentationes
3154 2554 3258 2592 non
3302 2541 3566 2609 peccavit,
3599 2541 3654 2596 in

2098 2628 2486 2683 tentationibus
2526 2644 2632 2684 non
2662 2631 2931 2698 peccavit.
2959 2629 3004 2686 0
3029 2631 3183 2685 beate
3214 2628 3335 2696 Job,
3361 2632 3483 2701 quis
3512 2633 3654 2686 simi-

2094 2719 2162 2773 lis
2195 2717 2289 2774 tibi
2330 2720 2656 2792 gloriabitur
2706 2730 2928 2791 propter
2950 2720 3264 2789 justitiam?
3302 2722 3542 2778 Mortuus
3572 2733 3654 2778 est

2093 2811 2247 2878 Abel,
2281 2813 2375 2866 sed
2406 2812 2574 2867 semel
2600 2821 2653 2867 et
2684 2813 2939 2868 celeriter
2970 2825 3053 2868 est
3074 2825 3318 2868 mortuus
3353 2829 3368 2867 :
3418 2816 3654 2869 admira-

2091 2901 2213 2955 bilis
2245 2918 2372 2957 vero
2397 2901 2499 2958 Job
2527 2919 2647 2958 cum
2681 2903 2826 2959 mille
2857 2914 3061 2959 mortes
3079 2906 3398 2972 sustineret,
3422 2917 3650 2961 mortem

2091 2996 2388 3063 superavit,
2426 3004 2656 3049 mortem
2681 2995 2836 3062 vicit,
2871 2996 2923 3049 in
2955 3005 3130 3050 morte
3173 2997 3456 3051 victoriam
3509 3012 3654 3052 sum-

2092 3084 2223 3152 psit.
2256 3084 2418 3141 Solus
2452 3102 2515 3140 ex
2549 3087 2803 3142 omnibus
2833 3087 3091 3157 antiquis,
3120 3103 3239 3142 cum
3276 3098 3543 3143 mortuum
3567 3104 3654 3144 se-

2090 3177 2378 3247 metipsum
2411 3178 2723 3248 inspiceret,
2757 3194 2787 3233 a
2827 3189 3004 3234 morte
3036 3195 3138 3234 non
3170 3180 3492 3250 trepidavit:
3524 3195 3649 3234 nam

2087 3267 2223 3322 vidit
2259 3267 2395 3322 eﬂici
2462 3279 2732 3334 mortuos,
2787 3285 2907 3325 cum
2951 3271 3204 3324 nimirum
3251 3272 3387 3326 vidit
3454 3283 3653 3328 semet-

2089 3358 2264 3428 ipsum
2292 3359 2405 3413 lieri
2428 3361 2765 3428 putredinem
2792 3368 2847 3415 et
2871 3374 3099 3425 vermes,
3125 3363 3217 3416 sed
3245 3378 3350 3418 non
3384 3363 3504 3417 ideo
3527 3373 3654 3418 ante

2089 3459 2316 3506 mortem
2353 3451 2588 3520 expavit,
2623 3451 2718 3506 sed
2751 3461 2976 3506 mortem
3017 3453 3073 3508 in
3117 3452 3295 3523 fugam
3329 3453 3490 3508 vertit
3522 3469 3646 3508 cuni

2087 3541 2342 3596 Omnibus
2397 3543 2515 3612 ejus
2562 3544 2892 3614 argumentis
2938 3553 3099 3613 atque
3137 3546 3392 3600 versutiis
3421 3555 3474 3600 et
3521 3560 3644 3600 cum

2087 3617 2288 3703 iniquis
2316 3634 2435 3704 ejus
2459 3636 2812 3690 exercitibus.
2844 3635 2979 3690 Nam
3011 3652 3130 3690 cum
3161 3651 3377 3691 omnem
3409 3645 3649 3707 potesta-

2087 3729 2194 3778 tem
2237 3725 2291 3778 in
2344 3741 2468 3780 eum
2501 3727 2772 3795 acciperet
2803 3743 2949 3782 mors
2980 3728 3106 3797 (hoc
3134 3739 3217 3783 est
3243 3728 3649 3796 diabolus)abs-

2085 3829 2190 3883 que
2228 3817 2408 3870 anima
2459 3817 2595 3884 sola,
2627 3827 2682 3873 et
2714 3828 2771 3873 ut
2805 3829 3114 3888 percuteret
3136 3829 3192 3875 et
3229 3829 3287 3874 ut
3311 3821 3651 3876 exulceraret

2086 3915 2140 3960 ει
2171 3915 2229 3959 ut
2259 3915 2535 3976 torqueret
2557 3918 2611 3963 CI.
2636 3918 2693 3963 ut
2723 3912 3027 3976 seduceret,
3065 3927 3186 3966 cum
3226 3921 3419 3967 cuncta
3450 3927 3651 3968 secun-

2084 3995 2211 4049 dum
2258 3997 2511 4053 virtutem
2563 4013 2718 4053 suam
2765 4001 3094 4058 insatiabilis
3143 4017 3300 4058 mors
3340 4015 3647 4070 exerceret,

2087 4100 2425 4157 nequaquam
2482 4090 2776 4160 quidquam
2825 4093 3050 4162 justitia:
3091 4093 3149 4146 in
3195 4093 3288 4148 illo
3321 4096 3478 4149 beato
3510 4098 3647 4150 mori

2083 4179 2278 4247 potuit.
2315 4177 2521 4234 Idcirco
2551 4195 2696 4236 mors
2725 4183 2863 4250 apud
2891 4181 2992 4238 Job
3033 4193 3242 4238 mortua
3269 4194 3351 4240 est
3372 4201 3496 4240 cum
3523 4201 3646 4242 om-

2082 4269 2240 4324 nibus
2265 4269 2567 4326 elﬁeientiis
2596 4274 2709 4328 suis
2734 4290 2748 4328 :
2771 4275 2980 4342 justitia
3017 4291 3146 4330 vero
3179 4291 3299 4345 quae
3343 4278 3396 4331 in
3443 4293 3508 4332 eo
3542 4280 3648 4341 pri-

2082 4361 2201 4416 dem
2231 4362 2468 4432 vigebat,
2500 4365 2671 4432 magis
2704 4380 2766 4420 ac
2788 4367 2960 4434 magis
2990 4367 3044 4421 in
3072 4367 3164 4422 illo
3193 4369 3394 4423 divinis
3421 4369 3650 4424 visioni—

2082 4454 2182 4508 bus
2230 4463 2395 4523 atque
2444 4455 2626 4509 divino
2671 4457 2942 4526 colloquio
2994 4460 3210 4513 revixit.
3262 4457 3306 4513 Ο
3361 4460 3518 4514 beate
3539 4459 3641 4516 Job

2083 4544 2273 4599 vivens
2300 4548 2352 4599 in
2380 4555 2698 4614 perpetuum
2729 4549 2868 4618 apud
2901 4548 3089 4612 Deum,
3135 4559 3189 4604 et
3229 4549 3402 4604 victor
3433 4566 3648 4621 perma-

2085 4650 2218 4690 nens
2270 4635 2324 4689 in
2375 4647 2666 4707 conspectu
2721 4640 2863 4709 regis
2907 4640 3143 4708 Domini,
3190 4657 3284 4696 ora
3336 4656 3434 4710 pro
3481 4644 3642 4697 nobis

2084 4728 2323 4794 miseris,
2366 4736 2429 4783 ut
2460 4731 2623 4786 etiam
2680 4745 2778 4785 nos
2824 4732 3080 4785 terribilis
3130 4731 3224 4786 Dei
3270 4731 3644 4788 misericordia

2082 4831 2328 4891 protegat
2353 4823 2404 4876 in
2435 4823 2684 4877 omnibus
2727 4823 3188 4891 tribulationibus,
3237 4833 3294 4879 et
3338 4823 3534 4893 eripiat
3573 4825 3644 4877 ab

2083 4912 2333 4968 omnibus
2376 4913 2824 4984 Oppressionibus
2874 4915 3134 4984 maligni;
3182 4923 3237 4970 et
3295 4924 3647 4970 connuineret

2084 5021 2184 5060 nos
2207 5021 2326 5060 cum
2356 5005 2541 5075 juStis,
2566 5015 2620 5058 et
2644 5005 2958 5060 conscribat
2983 5019 3080 5060 nos
3106 5021 3228 5061 cum
3270 5006 3358 5060 his
3386 5005 3472 5074 qui
3498 5006 3645 5062 salvi

2085 5097 2238 5160 liunt,
2269 5107 2325 5150 et
2349 5097 2692 5167 requiescere
2743 5111 2842 5151 nos
2873 5096 3038 5152 faciat
3078 5112 3202 5152 cum
3239 5097 3350 5152 illis
3379 5098 3432 5152 in
3471 5113 3643 5166 regno

2079 5202 2202 5253 suo,
2255 5188 2347 5243 ubi
2413 5197 2675 5260 perpetuo
2745 5203 2869 5244 cum
2953 5195 3158 5245 sanctis
3225 5188 3640 5260 magniﬁeemus

2073 5279 2243 5335 illum.
