  <div class='ocr_page' id='page_1' title='image "/cluster/home/n/w/nwhite01/storage/ocr_20150623/17:no.7/coo.31924054872977/259.png"; bbox 0 0 4174 6416; ppageno 0'>
   <div class='ocr_carea' id='block_1_1' title="bbox 554 394 663 452">
    <p class='ocr_par' dir='ltr' id='par_1_1' title="bbox 554 394 663 452">
     <span class='ocr_line' id='line_1_1' title="bbox 554 394 663 452; baseline 0 -1"><span class='ocrx_word' id='word_1_1' title='bbox 554 394 663 452; x_wconf 67' lang='grc'><strong>495</strong></span> 
     </span>
    </p>
   </div>
   <div class='ocr_carea' id='block_1_2' title="bbox 569 547 828 560">
    <p class='ocr_par' dir='ltr' id='par_1_2' title="bbox 569 547 828 560">
     <span class='ocr_line' id='line_1_2' title="bbox 569 547 828 560; baseline -0.008 0"><span class='ocrx_word' id='word_1_2' title='bbox 569 547 828 560; x_wconf 61' lang='grc' dir='ltr'><strong>..ο-</strong></span> 
     </span>
    </p>
   </div>
   <div class='ocr_carea' id='block_1_3' title="bbox 1640 404 2692 471">
    <p class='ocr_par' dir='ltr' id='par_1_3' title="bbox 1640 404 2692 471">
     <span class='ocr_line' id='line_1_3' title="bbox 1640 404 2692 471; baseline 0.01 -11"><span class='ocrx_word' id='word_1_3' title='bbox 1640 404 2018 462; x_wconf 74' lang='grc' dir='ltr'><strong>ΑΝοΝγΜυς</strong></span> <span class='ocrx_word' id='word_1_4' title='bbox 2051 407 2118 463; x_wconf 84' lang='grc' dir='ltr'><strong>ΙΝ</strong></span> <span class='ocrx_word' id='word_1_5' title='bbox 2157 409 2292 466; x_wconf 83' lang='lat' dir='ltr'><strong>JOB.</strong></span> <span class='ocrx_word' id='word_1_6' title='bbox 2335 443 2401 454; x_wconf 90' lang='lat'><em>—</em></span> <span class='ocrx_word' id='word_1_7' title='bbox 2440 413 2566 470; x_wconf 88' lang='lat' dir='ltr'><strong>LIB.</strong></span> <span class='ocrx_word' id='word_1_8' title='bbox 2607 412 2692 471; x_wconf 92' lang='lat' dir='ltr'><strong>Ill.</strong></span> 
     </span>
    </p>
   </div>
   <div class='ocr_carea' id='block_1_4' title="bbox 3693 418 3795 475">
    <p class='ocr_par' dir='ltr' id='par_1_4' title="bbox 3693 418 3795 475">
     <span class='ocr_line' id='line_1_4' title="bbox 3693 418 3795 475; baseline 0.02 -2"><span class='ocrx_word' id='word_1_9' title='bbox 3693 418 3795 475; x_wconf 62' lang='lat'><strong>496</strong></span> 
     </span>
    </p>
   </div>
   <div class='ocr_carea' id='block_1_5' title="bbox 832 549 3796 584">
    <p class='ocr_par' dir='ltr' id='par_1_5' title="bbox 832 549 3796 584">
     <span class='ocr_line' id='line_1_5' title="bbox 832 549 3796 584; baseline -0.002 -26"><span class='ocrx_word' id='word_1_10' title='bbox 832 549 3796 584; x_wconf 80' lang='lat'><strong>.__________________________________________</strong></span> 
     </span>
    </p>
   </div>
   <div class='ocr_carea' id='block_1_6' title="bbox 1702 710 2686 808">
    <p class='ocr_par' dir='ltr' id='par_1_6' title="bbox 1702 710 2686 808">
     <span class='ocr_line' id='line_1_6' title="bbox 1702 710 2686 808; baseline 0.01 -13"><span class='ocrx_word' id='word_1_11' title='bbox 1702 710 2046 801; x_wconf 79' lang='lat' dir='ltr'><strong>LIBER</strong></span> <span class='ocrx_word' id='word_1_12' title='bbox 2127 715 2686 808; x_wconf 77' lang='lat' dir='ltr'><strong>TERTIUS.</strong></span> 
     </span>
    </p>
   </div>
   <div class='ocr_carea' id='block_1_7' title="bbox 622 1064 3790 1142">
    <p class='ocr_par' dir='ltr' id='par_1_7' title="bbox 622 1064 3790 1142">
     <span class='ocr_line' id='line_1_7' title="bbox 622 1064 3790 1142; baseline 0.003 -23"><span class='ocrx_word' id='word_1_13' title='bbox 622 1064 842 1137; x_wconf 74' lang='lat' dir='ltr'><strong>Magnos</strong></span> <span class='ocrx_word' id='word_1_14' title='bbox 883 1079 945 1120; x_wconf 87' lang='lat' dir='ltr'><strong>ac</strong></span> <span class='ocrx_word' id='word_1_15' title='bbox 975 1064 1234 1134; x_wconf 89' lang='lat' dir='ltr'><strong>plurimos</strong></span> <span class='ocrx_word' id='word_1_16' title='bbox 1261 1065 1554 1135; x_wconf 86' lang='lat' dir='ltr'><strong>stupendos</strong></span> <span class='ocrx_word' id='word_1_17' title='bbox 1576 1081 1792 1136; x_wconf 91' lang='lat' dir='ltr'><strong>quoque</strong></span> <span class='ocrx_word' id='word_1_18' title='bbox 1840 1081 1905 1120; x_wconf 89' lang='lat' dir='ltr'><strong>ac</strong></span> <span class='ocrx_word' id='word_1_19' title='bbox 1961 1067 2114 1118; x_wconf 89' lang='lat' dir='ltr'><strong>terri-</strong></span> <span class='ocrx_word' id='word_1_20' title='bbox 2152 1071 2196 1127; x_wconf 81' lang='grc' dir='ltr'><strong>Α</strong></span> <span class='ocrx_word' id='word_1_21' title='bbox 2228 1069 2368 1133; x_wconf 90' lang='lat' dir='ltr'><strong>nias,</strong></span> <span class='ocrx_word' id='word_1_22' title='bbox 2413 1069 2547 1124; x_wconf 91' lang='lat' dir='ltr'><strong>alios</strong></span> <span class='ocrx_word' id='word_1_23' title='bbox 2585 1069 2652 1125; x_wconf 90' lang='lat' dir='ltr'><strong>ad</strong></span> <span class='ocrx_word' id='word_1_24' title='bbox 2686 1071 2952 1140; x_wconf 76' lang='lat' dir='ltr'><strong>rapinas,‘</strong></span> <span class='ocrx_word' id='word_1_25' title='bbox 2979 1069 3116 1126; x_wconf 87' lang='lat' dir='ltr'><strong>alios</strong></span> <span class='ocrx_word' id='word_1_26' title='bbox 3160 1070 3226 1126; x_wconf 89' lang='lat' dir='ltr'><strong>ad</strong></span> <span class='ocrx_word' id='word_1_27' title='bbox 3274 1070 3412 1127; x_wconf 90' lang='lat' dir='ltr'><strong>alias</strong></span> <span class='ocrx_word' id='word_1_28' title='bbox 3444 1070 3790 1142; x_wconf 87' lang='lat' dir='ltr'><strong>iniquitates,</strong></span> 
     </span>
    </p>
   </div>
   <div class='ocr_carea' id='block_1_8' title="bbox 560 1156 2111 1227">
    <p class='ocr_par' dir='ltr' id='par_1_8' title="bbox 560 1156 2111 1227">
     <span class='ocr_line' id='line_1_8' title="bbox 560 1156 2111 1227; baseline -0.003 -15"><span class='ocrx_word' id='word_1_29' title='bbox 560 1157 694 1212; x_wconf 99' lang='lat' dir='ltr'><strong>biles</strong></span> <span class='ocrx_word' id='word_1_30' title='bbox 734 1157 838 1212; x_wconf 83' lang='lat' dir='ltr'><strong>Job</strong></span> <span class='ocrx_word' id='word_1_31' title='bbox 871 1158 1082 1212; x_wconf 78' lang='lat' dir='ltr'><strong>dolores</strong></span> <span class='ocrx_word' id='word_1_32' title='bbox 1113 1159 1165 1212; x_wconf 94' lang='lat' dir='ltr'><strong>in</strong></span> <span class='ocrx_word' id='word_1_33' title='bbox 1205 1156 1445 1227; x_wconf 70' lang='lat' dir='ltr'><strong>praefatis</strong></span> <span class='ocrx_word' id='word_1_34' title='bbox 1471 1158 1978 1220; x_wconf 76' lang='lat' dir='ltr'><strong>demonstravimus,</strong></span> <span class='ocrx_word' id='word_1_35' title='bbox 2006 1172 2111 1209; x_wconf 92' lang='lat' dir='ltr'><strong>non</strong></span> 
     </span>
    </p>
   </div>
   <div class='ocr_carea' id='block_1_9' title="bbox 555 1248 2113 1319">
    <p class='ocr_par' dir='ltr' id='par_1_9' title="bbox 555 1248 2113 1319">
     <span class='ocr_line' id='line_1_9' title="bbox 555 1248 2113 1319; baseline -0.002 -17"><span class='ocrx_word' id='word_1_36' title='bbox 555 1248 713 1318; x_wconf 82' lang='lat' dir='ltr'><strong>juxta</strong></span> <span class='ocrx_word' id='word_1_37' title='bbox 747 1252 1002 1304; x_wconf 89' lang='lat' dir='ltr'><strong>meritum</strong></span> <span class='ocrx_word' id='word_1_38' title='bbox 1027 1251 1156 1319; x_wconf 91' lang='lat' dir='ltr'><strong>justi</strong></span> <span class='ocrx_word' id='word_1_39' title='bbox 1197 1249 1362 1317; x_wconf 87' lang='lat' dir='ltr'><strong>illius,</strong></span> <span class='ocrx_word' id='word_1_40' title='bbox 1410 1248 1504 1303; x_wconf 88' lang='lat' dir='ltr'><strong>sed</strong></span> <span class='ocrx_word' id='word_1_41' title='bbox 1529 1248 1683 1318; x_wconf 84' lang='lat' dir='ltr'><strong>juxta</strong></span> <span class='ocrx_word' id='word_1_42' title='bbox 1720 1249 1972 1301; x_wconf 80' lang='lat' dir='ltr'><strong>virtutem</strong></span> <span class='ocrx_word' id='word_1_43' title='bbox 2013 1263 2113 1300; x_wconf 91' lang='lat' dir='ltr'><strong>no-</strong></span> 
     </span>
    </p>
   </div>
   <div class='ocr_carea' id='block_1_10' title="bbox 556 1337 2120 1406">
    <p class='ocr_par' dir='ltr' id='par_1_10' title="bbox 556 1337 2120 1406">
     <span class='ocr_line' id='line_1_10' title="bbox 556 1337 2120 1406; baseline -0.001 -11"><span class='ocrx_word' id='word_1_44' title='bbox 556 1353 687 1395; x_wconf 69' lang='lat' dir='ltr'><strong>stra:</strong></span> <span class='ocrx_word' id='word_1_45' title='bbox 722 1343 1098 1406; x_wconf 82' lang='lat' dir='ltr'><strong>humanitatis,</strong></span> <span class='ocrx_word' id='word_1_46' title='bbox 1147 1350 1202 1396; x_wconf 89' lang='lat' dir='ltr'><strong>et</strong></span> <span class='ocrx_word' id='word_1_47' title='bbox 1243 1340 1538 1397; x_wconf 85' lang='lat' dir='ltr'><strong>secundum</strong></span> <span class='ocrx_word' id='word_1_48' title='bbox 1587 1340 1785 1393; x_wconf 86' lang='lat' dir='ltr'><strong>donum</strong></span> <span class='ocrx_word' id='word_1_49' title='bbox 1819 1338 1931 1393; x_wconf 88' lang='lat' dir='ltr'><strong>Dei.</strong></span> <span class='ocrx_word' id='word_1_50' title='bbox 1985 1337 2120 1404; x_wconf 84' lang='lat' dir='ltr'><strong>Quis</strong></span> 
     </span>
    </p>
   </div>
   <div class='ocr_carea' id='block_1_11' title="bbox 558 1429 2114 1503">
    <p class='ocr_par' dir='ltr' id='par_1_11' title="bbox 558 1429 2114 1503">
     <span class='ocr_line' id='line_1_11' title="bbox 558 1429 2114 1503; baseline -0.004 -15"><span class='ocrx_word' id='word_1_51' title='bbox 558 1434 707 1488; x_wconf 84' lang='lat' dir='ltr'><strong>enim</strong></span> <span class='ocrx_word' id='word_1_52' title='bbox 737 1434 890 1503; x_wconf 82' lang='lat' dir='ltr'><strong>juxta</strong></span> <span class='ocrx_word' id='word_1_53' title='bbox 921 1435 1173 1488; x_wconf 89' lang='lat' dir='ltr'><strong>meritum</strong></span> <span class='ocrx_word' id='word_1_54' title='bbox 1206 1433 1405 1503; x_wconf 93' lang='lat' dir='ltr'><strong>poterit</strong></span> <span class='ocrx_word' id='word_1_55' title='bbox 1433 1431 1638 1499; x_wconf 91' lang='lat' dir='ltr'><strong>justum</strong></span> <span class='ocrx_word' id='word_1_56' title='bbox 1673 1430 1821 1484; x_wconf 92' lang='lat' dir='ltr'><strong>illum</strong></span> <span class='ocrx_word' id='word_1_57' title='bbox 1868 1429 2114 1501; x_wconf 83' lang='lat' dir='ltr'><strong>magnifi-</strong></span> 
     </span>
    </p>
   </div>
   <div class='ocr_carea' id='block_1_12' title="bbox 550 1523 2117 1594">
    <p class='ocr_par' dir='ltr' id='par_1_12' title="bbox 550 1523 2117 1594">
     <span class='ocr_line' id='line_1_12' title="bbox 550 1523 2117 1594; baseline -0.003 -14"><span class='ocrx_word' id='word_1_58' title='bbox 550 1538 697 1590; x_wconf 86' lang='lat' dir='ltr'><strong>care,</strong></span> <span class='ocrx_word' id='word_1_59' title='bbox 729 1540 887 1594; x_wconf 88' lang='lat' dir='ltr'><strong>quem</strong></span> <span class='ocrx_word' id='word_1_60' title='bbox 917 1525 1033 1594; x_wconf 90' lang='lat' dir='ltr'><strong>ipse</strong></span> <span class='ocrx_word' id='word_1_61' title='bbox 1064 1526 1348 1589; x_wconf 87' lang='lat' dir='ltr'><strong>Dominus,</strong></span> <span class='ocrx_word' id='word_1_62' title='bbox 1377 1524 1466 1592; x_wconf 91' lang='lat' dir='ltr'><strong>qui</strong></span> <span class='ocrx_word' id='word_1_63' title='bbox 1489 1524 1652 1578; x_wconf 87' lang='lat' dir='ltr'><strong>corda</strong></span> <span class='ocrx_word' id='word_1_64' title='bbox 1679 1523 1979 1593; x_wconf 90' lang='lat' dir='ltr'><strong>cognoscit,</strong></span> <span class='ocrx_word' id='word_1_65' title='bbox 2002 1537 2117 1577; x_wconf 88' lang='lat' dir='ltr'><strong>ma-</strong></span> 
     </span>
    </p>
   </div>
   <div class='ocr_carea' id='block_1_13' title="bbox 549 1615 2114 1687">
    <p class='ocr_par' dir='ltr' id='par_1_13' title="bbox 549 1615 2114 1687">
     <span class='ocr_line' id='line_1_13' title="bbox 549 1615 2114 1687; baseline -0.002 -17"><span class='ocrx_word' id='word_1_66' title='bbox 549 1618 814 1687; x_wconf 87' lang='lat' dir='ltr'><strong>gnilicans</strong></span> <span class='ocrx_word' id='word_1_67' title='bbox 840 1617 973 1670; x_wconf 85' lang='lat' dir='ltr'><strong>dicit</strong></span> <span class='ocrx_word' id='word_1_68' title='bbox 1000 1635 1013 1670; x_wconf 94' lang='lat'><strong>:</strong></span> <span class='ocrx_word' id='word_1_69' title='bbox 1051 1620 1168 1670; x_wconf 83' lang='lat' dir='ltr'><strong>Non</strong></span> <span class='ocrx_word' id='word_1_70' title='bbox 1200 1627 1272 1670; x_wconf 81' lang='lat' dir='ltr'><strong>est</strong></span> <span class='ocrx_word' id='word_1_71' title='bbox 1297 1615 1479 1669; x_wconf 70' lang='lat' dir='ltr'><strong>simili:</strong></span> <span class='ocrx_word' id='word_1_72' title='bbox 1530 1615 1608 1667; x_wconf 80' lang='lat' dir='ltr'><strong>illi</strong></span> <span class='ocrx_word' id='word_1_73' title='bbox 1653 1615 1929 1685; x_wconf 73' lang='lat' dir='ltr'><strong>quisquam</strong></span> <span class='ocrx_word' id='word_1_74' title='bbox 1957 1631 2114 1682; x_wconf 82' lang='lat' dir='ltr'><strong>super</strong></span> 
     </span>
    </p>
   </div>
   <div class='ocr_carea' id='block_1_14' title="bbox 553 1707 2114 1777">
    <p class='ocr_par' dir='ltr' id='par_1_14' title="bbox 553 1707 2114 1777">
     <span class='ocr_line' id='line_1_14' title="bbox 553 1707 2114 1777; baseline 0 -16"><span class='ocrx_word' id='word_1_75' title='bbox 553 1719 752 1763; x_wconf 82' lang='lat' dir='ltr'><strong>terram</strong></span> <span class='ocrx_word' id='word_1_76' title='bbox 787 1708 880 1761; x_wconf 72' lang='lat'><strong>&quot;‘3</strong></span> <span class='ocrx_word' id='word_1_77' title='bbox 920 1707 975 1762; x_wconf 91' lang='lat' dir='ltr'><strong>Si</strong></span> <span class='ocrx_word' id='word_1_78' title='bbox 1015 1708 1182 1776; x_wconf 82' lang='lat' dir='ltr'><strong>igitur</strong></span> <span class='ocrx_word' id='word_1_79' title='bbox 1229 1717 1355 1762; x_wconf 85' lang='lat' dir='ltr'><strong>ante</strong></span> <span class='ocrx_word' id='word_1_80' title='bbox 1406 1708 1712 1777; x_wconf 78' lang='lat' dir='ltr'><strong>passionem</strong></span> <span class='ocrx_word' id='word_1_81' title='bbox 1759 1721 1863 1760; x_wconf 93' lang='lat' dir='ltr'><strong>non</strong></span> <span class='ocrx_word' id='word_1_82' title='bbox 1901 1707 2000 1760; x_wconf 91' lang='lat' dir='ltr'><strong>fuit</strong></span> <span class='ocrx_word' id='word_1_83' title='bbox 2039 1707 2114 1761; x_wconf 90' lang='lat' dir='ltr'><strong>illi</strong></span> 
     </span>
    </p>
   </div>
   <div class='ocr_carea' id='block_1_15' title="bbox 547 1801 2112 1870">
    <p class='ocr_par' dir='ltr' id='par_1_15' title="bbox 547 1801 2112 1870">
     <span class='ocr_line' id='line_1_15' title="bbox 547 1801 2112 1870; baseline -0.003 -14"><span class='ocrx_word' id='word_1_84' title='bbox 547 1802 745 1856; x_wconf 86' lang='lat' dir='ltr'><strong>similis</strong></span> <span class='ocrx_word' id='word_1_85' title='bbox 775 1805 1058 1870; x_wconf 75' lang='lat' dir='ltr'><strong>quisquam</strong></span> <span class='ocrx_word' id='word_1_86' title='bbox 1087 1813 1252 1870; x_wconf 90' lang='lat' dir='ltr'><strong>snper</strong></span> <span class='ocrx_word' id='word_1_87' title='bbox 1281 1810 1509 1863; x_wconf 88' lang='lat' dir='ltr'><strong>terram,</strong></span> <span class='ocrx_word' id='word_1_88' title='bbox 1551 1801 1594 1854; x_wconf 90' lang='lat' dir='ltr'><strong>si</strong></span> <span class='ocrx_word' id='word_1_89' title='bbox 1623 1808 1802 1853; x_wconf 90' lang='lat' dir='ltr'><strong>autem</strong></span> <span class='ocrx_word' id='word_1_90' title='bbox 1846 1813 1944 1853; x_wconf 92' lang='lat' dir='ltr'><strong>nec</strong></span> <span class='ocrx_word' id='word_1_91' title='bbox 1989 1808 2112 1852; x_wconf 83' lang='lat' dir='ltr'><strong>ante</strong></span> 
     </span>
    </p>
   </div>
   <div class='ocr_carea' id='block_1_16' title="bbox 544 1891 2107 1964">
    <p class='ocr_par' dir='ltr' id='par_1_16' title="bbox 544 1891 2107 1964">
     <span class='ocr_line' id='line_1_16' title="bbox 544 1891 2107 1964; baseline -0.003 -16"><span class='ocrx_word' id='word_1_92' title='bbox 544 1909 646 1948; x_wconf 90' lang='lat' dir='ltr'><strong>nec</strong></span> <span class='ocrx_word' id='word_1_93' title='bbox 674 1903 856 1964; x_wconf 90' lang='lat' dir='ltr'><strong>postea</strong></span> <span class='ocrx_word' id='word_1_94' title='bbox 880 1894 981 1946; x_wconf 91' lang='lat' dir='ltr'><strong>fuit</strong></span> <span class='ocrx_word' id='word_1_95' title='bbox 1014 1893 1093 1946; x_wconf 92' lang='lat' dir='ltr'><strong>illi</strong></span> <span class='ocrx_word' id='word_1_96' title='bbox 1132 1892 1325 1947; x_wconf 87' lang='lat' dir='ltr'><strong>similis</strong></span> <span class='ocrx_word' id='word_1_97' title='bbox 1360 1891 1649 1962; x_wconf 86' lang='lat' dir='ltr'><strong>quisquam</strong></span> <span class='ocrx_word' id='word_1_98' title='bbox 1685 1907 1846 1960; x_wconf 86' lang='lat' dir='ltr'><strong>super</strong></span> <span class='ocrx_word' id='word_1_99' title='bbox 1887 1901 2107 1956; x_wconf 87' lang='lat' dir='ltr'><strong>terram,</strong></span> 
     </span>
    </p>
   </div>
   <div class='ocr_carea' id='block_1_17' title="bbox 546 1983 2108 2056">
    <p class='ocr_par' dir='ltr' id='par_1_17' title="bbox 546 1983 2108 2056">
     <span class='ocr_line' id='line_1_17' title="bbox 546 1983 2108 2056; baseline -0.003 -15"><span class='ocrx_word' id='word_1_100' title='bbox 546 1987 668 2056; x_wconf 86' lang='lat' dir='ltr'><strong>quis</strong></span> <span class='ocrx_word' id='word_1_101' title='bbox 689 2001 752 2040; x_wconf 82' lang='lat' dir='ltr'><strong>ex</strong></span> <span class='ocrx_word' id='word_1_102' title='bbox 799 1985 882 2040; x_wconf 90' lang='lat' dir='ltr'><strong>his</strong></span> <span class='ocrx_word' id='word_1_103' title='bbox 915 1986 1004 2056; x_wconf 89' lang='lat' dir='ltr'><strong>qui</strong></span> <span class='ocrx_word' id='word_1_104' title='bbox 1037 1996 1160 2040; x_wconf 92' lang='lat' dir='ltr'><strong>sunt</strong></span> <span class='ocrx_word' id='word_1_105' title='bbox 1199 1999 1360 2055; x_wconf 83' lang='lat' dir='ltr'><strong>super</strong></span> <span class='ocrx_word' id='word_1_106' title='bbox 1397 1996 1625 2049; x_wconf 90' lang='lat' dir='ltr'><strong>terram,</strong></span> <span class='ocrx_word' id='word_1_107' title='bbox 1659 1983 1816 2053; x_wconf 83' lang='lat' dir='ltr'><strong>juxta</strong></span> <span class='ocrx_word' id='word_1_108' title='bbox 1855 1983 2108 2038; x_wconf 90' lang='lat' dir='ltr'><strong>meritum</strong></span> 
     </span>
    </p>
   </div>
   <div class='ocr_carea' id='block_1_18' title="bbox 544 2074 2100 2144">
    <p class='ocr_par' dir='ltr' id='par_1_18' title="bbox 544 2074 2100 2144">
     <span class='ocr_line' id='line_1_18' title="bbox 544 2074 2100 2144; baseline -0.003 -12"><span class='ocrx_word' id='word_1_109' title='bbox 544 2080 910 2133; x_wconf 88' lang='lat' dir='ltr'><strong>narrationem</strong></span> <span class='ocrx_word' id='word_1_110' title='bbox 949 2078 1032 2132; x_wconf 88' lang='lat' dir='ltr'><strong>vel</strong></span> <span class='ocrx_word' id='word_1_111' title='bbox 1060 2078 1270 2132; x_wconf 88' lang='lat' dir='ltr'><strong>laudem</strong></span> <span class='ocrx_word' id='word_1_112' title='bbox 1309 2077 1380 2131; x_wconf 91' lang='lat' dir='ltr'><strong>illt</strong></span> <span class='ocrx_word' id='word_1_113' title='bbox 1417 2077 1673 2131; x_wconf 80' lang='lat' dir='ltr'><strong>exhibere</strong></span> <span class='ocrx_word' id='word_1_114' title='bbox 1705 2075 1926 2144; x_wconf 87' lang='lat' dir='ltr'><strong>potest?</strong></span> <span class='ocrx_word' id='word_1_115' title='bbox 1987 2074 2100 2130; x_wconf 84' lang='lat' dir='ltr'><strong>Non</strong></span> 
     </span>
    </p>
   </div>
   <div class='ocr_carea' id='block_1_19' title="bbox 544 2167 2104 2236">
    <p class='ocr_par' dir='ltr' id='par_1_19' title="bbox 544 2167 2104 2236">
     <span class='ocr_line' id='line_1_19' title="bbox 544 2167 2104 2236; baseline -0.004 -12"><span class='ocrx_word' id='word_1_116' title='bbox 544 2171 715 2224; x_wconf 89' lang='lat' dir='ltr'><strong>solum</strong></span> <span class='ocrx_word' id='word_1_117' title='bbox 747 2172 890 2224; x_wconf 91' lang='lat' dir='ltr'><strong>enim</strong></span> <span class='ocrx_word' id='word_1_118' title='bbox 917 2185 1106 2223; x_wconf 92' lang='lat' dir='ltr'><strong>omnes</strong></span> <span class='ocrx_word' id='word_1_119' title='bbox 1129 2168 1400 2232; x_wconf 86' lang='lat' dir='ltr'><strong>homines,</strong></span> <span class='ocrx_word' id='word_1_120' title='bbox 1447 2168 1540 2222; x_wconf 90' lang='lat' dir='ltr'><strong>sed</strong></span> <span class='ocrx_word' id='word_1_121' title='bbox 1594 2178 1722 2236; x_wconf 89' lang='lat' dir='ltr'><strong>puto</strong></span> <span class='ocrx_word' id='word_1_122' title='bbox 1750 2167 1891 2236; x_wconf 91' lang='lat' dir='ltr'><strong>quod</strong></span> <span class='ocrx_word' id='word_1_123' title='bbox 1919 2178 1973 2222; x_wconf 86' lang='lat' dir='ltr'><strong>et</strong></span> <span class='ocrx_word' id='word_1_124' title='bbox 2009 2182 2104 2221; x_wconf 84' lang='lat' dir='ltr'><strong>au-</strong></span> 
     </span>
    </p>
   </div>
   <div class='ocr_carea' id='block_1_20' title="bbox 538 2259 2106 2330">
    <p class='ocr_par' dir='ltr' id='par_1_20' title="bbox 538 2259 2106 2330">
     <span class='ocr_line' id='line_1_20' title="bbox 538 2259 2106 2330; baseline -0.003 -13"><span class='ocrx_word' id='word_1_125' title='bbox 538 2262 641 2317; x_wconf 90' lang='lat' dir='ltr'><strong>deo</strong></span> <span class='ocrx_word' id='word_1_126' title='bbox 673 2262 874 2325; x_wconf 87' lang='lat' dir='ltr'><strong>dicere,</strong></span> <span class='ocrx_word' id='word_1_127' title='bbox 911 2263 1073 2316; x_wconf 84' lang='lat' dir='ltr'><strong>etiam</strong></span> <span class='ocrx_word' id='word_1_128' title='bbox 1134 2261 1278 2329; x_wconf 89' lang='lat' dir='ltr'><strong>ipsos</strong></span> <span class='ocrx_word' id='word_1_129' title='bbox 1331 2259 1571 2330; x_wconf 75' lang='lat' dir='ltr'><strong>angelos,</strong></span> <span class='ocrx_word' id='word_1_130' title='bbox 1602 2271 1762 2328; x_wconf 89' lang='lat' dir='ltr'><strong>atque</strong></span> <span class='ocrx_word' id='word_1_131' title='bbox 1788 2275 1976 2314; x_wconf 90' lang='lat' dir='ltr'><strong>omnes</strong></span> <span class='ocrx_word' id='word_1_132' title='bbox 1999 2261 2106 2313; x_wconf 76' lang='lat' dir='ltr'><strong>da:-</strong></span> 
     </span>
    </p>
   </div>
   <div class='ocr_carea' id='block_1_21' title="bbox 538 2350 2105 2419">
    <p class='ocr_par' dir='ltr' id='par_1_21' title="bbox 538 2350 2105 2419">
     <span class='ocr_line' id='line_1_21' title="bbox 538 2350 2105 2419; baseline -0.002 -13"><span class='ocrx_word' id='word_1_133' title='bbox 538 2367 726 2406; x_wconf 82' lang='lat' dir='ltr'><strong>ntones</strong></span> <span class='ocrx_word' id='word_1_134' title='bbox 758 2353 1045 2418; x_wconf 88' lang='lat' dir='ltr'><strong>perterruit</strong></span> <span class='ocrx_word' id='word_1_135' title='bbox 1081 2350 1180 2405; x_wconf 83' lang='lat' dir='ltr'><strong>Job</strong></span> <span class='ocrx_word' id='word_1_136' title='bbox 1214 2352 1497 2405; x_wconf 80' lang='lat' dir='ltr'><strong>tolerantia</strong></span> <span class='ocrx_word' id='word_1_137' title='bbox 1533 2361 1585 2404; x_wconf 93' lang='lat' dir='ltr'><strong>et</strong></span> <span class='ocrx_word' id='word_1_138' title='bbox 1612 2351 1912 2406; x_wconf 88' lang='lat' dir='ltr'><strong>constantia</strong></span> <span class='ocrx_word' id='word_1_139' title='bbox 1943 2361 2105 2419; x_wconf 91' lang='lat' dir='ltr'><strong>atque</strong></span> 
     </span>
    </p>
   </div>
   <div class='ocr_carea' id='block_1_22' title="bbox 534 2430 2173 2511">
    <p class='ocr_par' dir='ltr' id='par_1_22' title="bbox 534 2430 2173 2511">
     <span class='ocr_line' id='line_1_22' title="bbox 534 2430 2173 2511; baseline -0.001 -13"><span class='ocrx_word' id='word_1_140' title='bbox 534 2443 692 2506; x_wconf 80' lang='lat' dir='ltr'><strong>fides,</strong></span> <span class='ocrx_word' id='word_1_141' title='bbox 732 2459 853 2497; x_wconf 87' lang='lat' dir='ltr'><strong>cutn</strong></span> <span class='ocrx_word' id='word_1_142' title='bbox 899 2444 1060 2496; x_wconf 86' lang='lat' dir='ltr'><strong>iterra</strong></span> <span class='ocrx_word' id='word_1_143' title='bbox 1097 2450 1151 2495; x_wconf 91' lang='lat' dir='ltr'><strong>et</strong></span> <span class='ocrx_word' id='word_1_144' title='bbox 1193 2442 1359 2495; x_wconf 92' lang='lat' dir='ltr'><strong>lutum</strong></span> <span class='ocrx_word' id='word_1_145' title='bbox 1385 2444 1656 2511; x_wconf 82' lang='lat' dir='ltr'><strong>superavit</strong></span> <span class='ocrx_word' id='word_1_146' title='bbox 1681 2457 1895 2496; x_wconf 91' lang='lat' dir='ltr'><strong>omnem</strong></span> <span class='ocrx_word' id='word_1_147' title='bbox 1931 2444 2100 2497; x_wconf 80' lang='lat' dir='ltr'><strong>virtu-</strong></span> <span class='ocrx_word' id='word_1_148' title='bbox 2132 2430 2173 2484; x_wconf 78' lang='grc' dir='ltr'><strong><em>Β</em></strong></span> 
     </span>
    </p>
   </div>
   <div class='ocr_carea' id='block_1_23' title="bbox 535 2533 2099 2602">
    <p class='ocr_par' dir='ltr' id='par_1_23' title="bbox 535 2533 2099 2602">
     <span class='ocr_line' id='line_1_23' title="bbox 535 2533 2099 2602; baseline -0.001 -12"><span class='ocrx_word' id='word_1_149' title='bbox 535 2548 642 2592; x_wconf 90' lang='lat' dir='ltr'><strong>tem</strong></span> <span class='ocrx_word' id='word_1_150' title='bbox 673 2552 736 2590; x_wconf 91' lang='lat' dir='ltr'><strong>ac</strong></span> <span class='ocrx_word' id='word_1_151' title='bbox 761 2533 1131 2588; x_wconf 81' lang='lat' dir='ltr'><strong>fortitudinem</strong></span> <span class='ocrx_word' id='word_1_152' title='bbox 1167 2542 1326 2602; x_wconf 87' lang='lat' dir='ltr'><strong>atque</strong></span> <span class='ocrx_word' id='word_1_153' title='bbox 1375 2549 1588 2588; x_wconf 91' lang='lat' dir='ltr'><strong>omnem</strong></span> <span class='ocrx_word' id='word_1_154' title='bbox 1623 2539 1913 2588; x_wconf 87' lang='lat' dir='ltr'><strong>versutiam</strong></span> <span class='ocrx_word' id='word_1_155' title='bbox 1946 2536 2099 2589; x_wconf 83' lang='lat' dir='ltr'><strong>mali-</strong></span> 
     </span>
    </p>
   </div>
   <div class='ocr_carea' id='block_1_24' title="bbox 533 2626 2102 2699">
    <p class='ocr_par' dir='ltr' id='par_1_24' title="bbox 533 2626 2102 2699">
     <span class='ocr_line' id='line_1_24' title="bbox 533 2626 2102 2699; baseline 0 -19"><span class='ocrx_word' id='word_1_156' title='bbox 533 2627 778 2699; x_wconf 89' lang='lat' dir='ltr'><strong>gnissitni</strong></span> <span class='ocrx_word' id='word_1_157' title='bbox 808 2626 1046 2690; x_wconf 88' lang='lat' dir='ltr'><strong>diaboli,</strong></span> <span class='ocrx_word' id='word_1_158' title='bbox 1079 2627 1169 2694; x_wconf 90' lang='lat' dir='ltr'><strong>qui</strong></span> <span class='ocrx_word' id='word_1_159' title='bbox 1200 2641 1324 2680; x_wconf 90' lang='lat' dir='ltr'><strong>cum</strong></span> <span class='ocrx_word' id='word_1_160' title='bbox 1377 2627 1654 2693; x_wconf 87' lang='lat' dir='ltr'><strong>acceperit</strong></span> <span class='ocrx_word' id='word_1_161' title='bbox 1685 2627 1736 2678; x_wconf 91' lang='lat' dir='ltr'><strong>in</strong></span> <span class='ocrx_word' id='word_1_162' title='bbox 1770 2640 1892 2679; x_wconf 91' lang='lat' dir='ltr'><strong>eum</strong></span> <span class='ocrx_word' id='word_1_163' title='bbox 1953 2636 2102 2694; x_wconf 86' lang='lat' dir='ltr'><strong>pote-</strong></span> 
     </span>
    </p>
   </div>
   <div class='ocr_carea' id='block_1_25' title="bbox 530 2716 2100 2785">
    <p class='ocr_par' dir='ltr' id='par_1_25' title="bbox 530 2716 2100 2785">
     <span class='ocr_line' id='line_1_25' title="bbox 530 2716 2100 2785; baseline -0.001 -12"><span class='ocrx_word' id='word_1_164' title='bbox 530 2729 752 2782; x_wconf 89' lang='lat' dir='ltr'><strong>statem,</strong></span> <span class='ocrx_word' id='word_1_165' title='bbox 804 2727 1000 2772; x_wconf 90' lang='lat' dir='ltr'><strong>cuncta</strong></span> <span class='ocrx_word' id='word_1_166' title='bbox 1059 2717 1172 2770; x_wconf 68' lang='lat' dir='ltr'><strong>haec</strong></span> <span class='ocrx_word' id='word_1_167' title='bbox 1225 2716 1279 2770; x_wconf 91' lang='lat' dir='ltr'><strong>in</strong></span> <span class='ocrx_word' id='word_1_168' title='bbox 1329 2730 1395 2771; x_wconf 92' lang='lat' dir='ltr'><strong>eo</strong></span> <span class='ocrx_word' id='word_1_169' title='bbox 1439 2717 1703 2783; x_wconf 77' lang='lat' dir='ltr'><strong>exercuit,</strong></span> <span class='ocrx_word' id='word_1_170' title='bbox 1756 2731 1874 2785; x_wconf 70' lang='lat' dir='ltr'><strong>qua:</strong></span> <span class='ocrx_word' id='word_1_171' title='bbox 1920 2718 2100 2771; x_wconf 91' lang='lat' dir='ltr'><strong>omnia</strong></span> 
     </span>
    </p>
   </div>
   <div class='ocr_carea' id='block_1_26' title="bbox 533 2809 2099 2879">
    <p class='ocr_par' dir='ltr' id='par_1_26' title="bbox 533 2809 2099 2879">
     <span class='ocr_line' id='line_1_26' title="bbox 533 2809 2099 2879; baseline -0.003 -13"><span class='ocrx_word' id='word_1_172' title='bbox 533 2811 697 2866; x_wconf 85' lang='lat' dir='ltr'><strong>corda</strong></span> <span class='ocrx_word' id='word_1_173' title='bbox 752 2811 803 2863; x_wconf 94' lang='lat' dir='ltr'><strong>in</strong></span> <span class='ocrx_word' id='word_1_174' title='bbox 853 2823 1103 2879; x_wconf 84' lang='lat' dir='ltr'><strong>pavorem</strong></span> <span class='ocrx_word' id='word_1_175' title='bbox 1147 2809 1442 2874; x_wconf 90' lang='lat' dir='ltr'><strong>deducunt,</strong></span> <span class='ocrx_word' id='word_1_176' title='bbox 1499 2818 1553 2863; x_wconf 93' lang='lat' dir='ltr'><strong>et</strong></span> <span class='ocrx_word' id='word_1_177' title='bbox 1606 2824 1819 2863; x_wconf 90' lang='lat' dir='ltr'><strong>omnem</strong></span> <span class='ocrx_word' id='word_1_178' title='bbox 1861 2810 2099 2862; x_wconf 86' lang='lat' dir='ltr'><strong>animam</strong></span> 
     </span>
    </p>
   </div>
   <div class='ocr_carea' id='block_1_27' title="bbox 529 2900 2095 2972">
    <p class='ocr_par' dir='ltr' id='par_1_27' title="bbox 529 2900 2095 2972">
     <span class='ocr_line' id='line_1_27' title="bbox 529 2900 2095 2972; baseline -0.001 -15"><span class='ocrx_word' id='word_1_179' title='bbox 529 2911 748 2972; x_wconf 85' lang='lat' dir='ltr'><strong>stupere</strong></span> <span class='ocrx_word' id='word_1_180' title='bbox 807 2901 1033 2956; x_wconf 88' lang='lat' dir='ltr'><strong>faciunt.</strong></span> <span class='ocrx_word' id='word_1_181' title='bbox 1086 2900 1250 2972; x_wconf 88' lang='lat' dir='ltr'><strong>Cujus</strong></span> <span class='ocrx_word' id='word_1_182' title='bbox 1296 2902 1439 2956; x_wconf 89' lang='lat' dir='ltr'><strong>enim</strong></span> <span class='ocrx_word' id='word_1_183' title='bbox 1484 2901 1708 2954; x_wconf 88' lang='lat' dir='ltr'><strong>alterius</strong></span> <span class='ocrx_word' id='word_1_184' title='bbox 1771 2909 2095 2969; x_wconf 90' lang='lat' dir='ltr'><strong>potestatem</strong></span> 
     </span>
    </p>
   </div>
   <div class='ocr_carea' id='block_1_28' title="bbox 529 2992 2095 3064">
    <p class='ocr_par' dir='ltr' id='par_1_28' title="bbox 529 2992 2095 3064">
     <span class='ocr_line' id='line_1_28' title="bbox 529 2992 2095 3064; baseline -0.001 -15"><span class='ocrx_word' id='word_1_185' title='bbox 529 2995 737 3064; x_wconf 84' lang='lat' dir='ltr'><strong>accepit</strong></span> <span class='ocrx_word' id='word_1_186' title='bbox 765 2993 1054 3063; x_wconf 89' lang='lat' dir='ltr'><strong>aliquando</strong></span> <span class='ocrx_word' id='word_1_187' title='bbox 1081 2993 1341 3059; x_wconf 89' lang='lat' dir='ltr'><strong>diabolus,</strong></span> <span class='ocrx_word' id='word_1_188' title='bbox 1367 2992 1472 3048; x_wconf 86' lang='lat' dir='ltr'><strong>nisi</strong></span> <span class='ocrx_word' id='word_1_189' title='bbox 1497 2993 1665 3047; x_wconf 91' lang='lat' dir='ltr'><strong>solius</strong></span> <span class='ocrx_word' id='word_1_190' title='bbox 1695 2992 1836 3047; x_wconf 80' lang='lat' dir='ltr'><strong>Job?</strong></span> <span class='ocrx_word' id='word_1_191' title='bbox 1866 2993 1920 3045; x_wconf 85' lang='lat' dir='ltr'><strong>Si</strong></span> <span class='ocrx_word' id='word_1_192' title='bbox 1951 2993 2095 3047; x_wconf 91' lang='lat' dir='ltr'><strong>enim</strong></span> 
     </span>
    </p>
   </div>
   <div class='ocr_carea' id='block_1_29' title="bbox 527 3083 2094 3156">
    <p class='ocr_par' dir='ltr' id='par_1_29' title="bbox 527 3083 2094 3156">
     <span class='ocr_line' id='line_1_29' title="bbox 527 3083 2094 3156; baseline -0.003 -16"><span class='ocrx_word' id='word_1_193' title='bbox 527 3086 751 3141; x_wconf 85' lang='lat' dir='ltr'><strong>alterius</strong></span> <span class='ocrx_word' id='word_1_194' title='bbox 793 3087 1082 3156; x_wconf 90' lang='lat' dir='ltr'><strong>cujuslibet</strong></span> <span class='ocrx_word' id='word_1_195' title='bbox 1113 3094 1436 3153; x_wconf 81' lang='lat' dir='ltr'><strong>potestatem</strong></span> <span class='ocrx_word' id='word_1_196' title='bbox 1485 3085 1787 3153; x_wconf 87' lang='lat' dir='ltr'><strong>accepisset</strong></span> <span class='ocrx_word' id='word_1_197' title='bbox 1830 3083 2094 3148; x_wconf 83' lang='lat' dir='ltr'><strong>diabolus,</strong></span> 
     </span>
    </p>
   </div>
   <div class='ocr_carea' id='block_1_30' title="bbox 530 3175 2094 3246">
    <p class='ocr_par' dir='ltr' id='par_1_30' title="bbox 530 3175 2094 3246">
     <span class='ocr_line' id='line_1_30' title="bbox 530 3175 2094 3246; baseline -0.003 -15"><span class='ocrx_word' id='word_1_198' title='bbox 530 3175 774 3246; x_wconf 89' lang='lat' dir='ltr'><strong>profecto</strong></span> <span class='ocrx_word' id='word_1_199' title='bbox 826 3193 932 3231; x_wconf 92' lang='lat' dir='ltr'><strong>non</strong></span> <span class='ocrx_word' id='word_1_200' title='bbox 975 3177 1190 3241; x_wconf 87' lang='lat' dir='ltr'><strong>lateret,</strong></span> <span class='ocrx_word' id='word_1_201' title='bbox 1227 3177 1321 3232; x_wconf 90' lang='lat' dir='ltr'><strong>sed</strong></span> <span class='ocrx_word' id='word_1_202' title='bbox 1355 3175 1444 3232; x_wconf 89' lang='lat' dir='ltr'><strong>ille</strong></span> <span class='ocrx_word' id='word_1_203' title='bbox 1486 3176 1627 3231; x_wconf 91' lang='lat' dir='ltr'><strong>ineo</strong></span> <span class='ocrx_word' id='word_1_204' title='bbox 1655 3176 1795 3246; x_wconf 90' lang='lat' dir='ltr'><strong>quod</strong></span> <span class='ocrx_word' id='word_1_205' title='bbox 1821 3177 1986 3230; x_wconf 83' lang='lat' dir='ltr'><strong>etiam</strong></span> <span class='ocrx_word' id='word_1_206' title='bbox 2043 3177 2094 3228; x_wconf 92' lang='lat' dir='ltr'><strong>in</strong></span> 
     </span>
    </p>
   </div>
   <div class='ocr_carea' id='block_1_31' title="bbox 527 3267 2093 3338">
    <p class='ocr_par' dir='ltr' id='par_1_31' title="bbox 527 3267 2093 3338">
     <span class='ocr_line' id='line_1_31' title="bbox 527 3267 2093 3338; baseline -0.003 -14"><span class='ocrx_word' id='word_1_207' title='bbox 527 3267 630 3324; x_wconf 80' lang='lat' dir='ltr'><strong>Job</strong></span> <span class='ocrx_word' id='word_1_208' title='bbox 684 3270 925 3323; x_wconf 72' lang='lat' dir='ltr'><strong>exercuit</strong></span> <span class='ocrx_word' id='word_1_209' title='bbox 977 3269 1336 3337; x_wconf 85' lang='lat' dir='ltr'><strong>perfecisset:</strong></span> <span class='ocrx_word' id='word_1_210' title='bbox 1397 3268 1552 3338; x_wconf 88' lang='lat' dir='ltr'><strong>cujus</strong></span> <span class='ocrx_word' id='word_1_211' title='bbox 1589 3283 1704 3322; x_wconf 89' lang='lat' dir='ltr'><strong>rem</strong></span> <span class='ocrx_word' id='word_1_212' title='bbox 1773 3267 2093 3322; x_wconf 88' lang='lat' dir='ltr'><strong>familiarem</strong></span> 
     </span>
    </p>
   </div>
   <div class='ocr_carea' id='block_1_32' title="bbox 529 3359 2096 3432">
    <p class='ocr_par' dir='ltr' id='par_1_32' title="bbox 529 3359 2096 3432">
     <span class='ocr_line' id='line_1_32' title="bbox 529 3359 2096 3432; baseline -0.002 -17"><span class='ocrx_word' id='word_1_213' title='bbox 529 3361 800 3432; x_wconf 91' lang='lat' dir='ltr'><strong>perdidit,</strong></span> <span class='ocrx_word' id='word_1_214' title='bbox 833 3361 986 3429; x_wconf 90' lang='lat' dir='ltr'><strong>cujus</strong></span> <span class='ocrx_word' id='word_1_215' title='bbox 1033 3374 1232 3428; x_wconf 88' lang='lat' dir='ltr'><strong>corpus</strong></span> <span class='ocrx_word' id='word_1_216' title='bbox 1275 3359 1561 3429; x_wconf 79' lang='lat' dir='ltr'><strong>putredine</strong></span> <span class='ocrx_word' id='word_1_217' title='bbox 1599 3373 1662 3412; x_wconf 88' lang='lat' dir='ltr'><strong>ac</strong></span> <span class='ocrx_word' id='word_1_218' title='bbox 1693 3360 1966 3412; x_wconf 81' lang='lat' dir='ltr'><strong>vermibus</strong></span> <span class='ocrx_word' id='word_1_219' title='bbox 2011 3373 2096 3412; x_wconf 90' lang='lat' dir='ltr'><strong>re-</strong></span> 
     </span>
    </p>
   </div>
   <div class='ocr_carea' id='block_1_33' title="bbox 531 3449 2094 3522">
    <p class='ocr_par' dir='ltr' id='par_1_33' title="bbox 531 3449 2094 3522">
     <span class='ocr_line' id='line_1_33' title="bbox 531 3449 2094 3522; baseline -0.001 -18"><span class='ocrx_word' id='word_1_220' title='bbox 531 3451 734 3522; x_wconf 87' lang='lat' dir='ltr'><strong>plevit,</strong></span> <span class='ocrx_word' id='word_1_221' title='bbox 770 3452 856 3505; x_wconf 92' lang='lat' dir='ltr'><strong>cui</strong></span> <span class='ocrx_word' id='word_1_222' title='bbox 895 3451 1152 3520; x_wconf 87' lang='lat' dir='ltr'><strong>reliquias</strong></span> <span class='ocrx_word' id='word_1_223' title='bbox 1200 3466 1298 3521; x_wconf 90' lang='lat' dir='ltr'><strong>pro</strong></span> <span class='ocrx_word' id='word_1_224' title='bbox 1346 3449 1717 3504; x_wconf 84' lang='lat' dir='ltr'><strong>consolatione</strong></span> <span class='ocrx_word' id='word_1_225' title='bbox 1749 3465 1852 3504; x_wconf 92' lang='lat' dir='ltr'><strong>non</strong></span> <span class='ocrx_word' id='word_1_226' title='bbox 1899 3449 2094 3503; x_wconf 86' lang='lat' dir='ltr'><strong>dereli-</strong></span> 
     </span>
    </p>
   </div>
   <div class='ocr_carea' id='block_1_34' title="bbox 525 3540 2095 3614">
    <p class='ocr_par' dir='ltr' id='par_1_34' title="bbox 525 3540 2095 3614">
     <span class='ocr_line' id='line_1_34' title="bbox 525 3540 2095 3614; baseline -0.003 -17"><span class='ocrx_word' id='word_1_227' title='bbox 525 3547 662 3614; x_wconf 86' lang='lat' dir='ltr'><strong>quit,</strong></span> <span class='ocrx_word' id='word_1_228' title='bbox 708 3546 794 3600; x_wconf 90' lang='lat' dir='ltr'><strong>cui</strong></span> <span class='ocrx_word' id='word_1_229' title='bbox 828 3558 974 3612; x_wconf 85' lang='lat' dir='ltr'><strong>spem</strong></span> <span class='ocrx_word' id='word_1_230' title='bbox 1011 3543 1201 3598; x_wconf 91' lang='lat' dir='ltr'><strong>salutis</strong></span> <span class='ocrx_word' id='word_1_231' title='bbox 1230 3558 1334 3596; x_wconf 92' lang='lat' dir='ltr'><strong>non</strong></span> <span class='ocrx_word' id='word_1_232' title='bbox 1371 3542 1600 3606; x_wconf 89' lang='lat' dir='ltr'><strong>dimisit,</strong></span> <span class='ocrx_word' id='word_1_233' title='bbox 1647 3540 1740 3596; x_wconf 91' lang='lat' dir='ltr'><strong>sed</strong></span> <span class='ocrx_word' id='word_1_234' title='bbox 1771 3541 1937 3595; x_wconf 85' lang='lat' dir='ltr'><strong>solam</strong></span> <span class='ocrx_word' id='word_1_235' title='bbox 1969 3557 2095 3594; x_wconf 83' lang='lat' dir='ltr'><strong>uxo-</strong></span> 
     </span>
    </p>
   </div>
   <div class='ocr_carea' id='block_1_35' title="bbox 525 3631 2091 3708">
    <p class='ocr_par' dir='ltr' id='par_1_35' title="bbox 525 3631 2091 3708">
     <span class='ocr_line' id='line_1_35' title="bbox 525 3631 2091 3708; baseline -0.005 -15"><span class='ocrx_word' id='word_1_236' title='bbox 525 3655 639 3694; x_wconf 87' lang='lat' dir='ltr'><strong>rem</strong></span> <span class='ocrx_word' id='word_1_237' title='bbox 666 3653 764 3708; x_wconf 91' lang='lat' dir='ltr'><strong>pro</strong></span> <span class='ocrx_word' id='word_1_238' title='bbox 797 3635 1228 3706; x_wconf 87' lang='lat' dir='ltr'><strong>supplantatione</strong></span> <span class='ocrx_word' id='word_1_239' title='bbox 1268 3633 1340 3688; x_wconf 90' lang='lat' dir='ltr'><strong>illi</strong></span> <span class='ocrx_word' id='word_1_240' title='bbox 1393 3631 1638 3701; x_wconf 89' lang='lat' dir='ltr'><strong>reliquit,</strong></span> <span class='ocrx_word' id='word_1_241' title='bbox 1670 3646 1765 3701; x_wconf 90' lang='lat' dir='ltr'><strong>per</strong></span> <span class='ocrx_word' id='word_1_242' title='bbox 1795 3648 1955 3702; x_wconf 88' lang='lat' dir='ltr'><strong>quam</strong></span> <span class='ocrx_word' id='word_1_243' title='bbox 1998 3648 2091 3686; x_wconf 90' lang='lat' dir='ltr'><strong>no-</strong></span> 
     </span>
    </p>
   </div>
   <div class='ocr_carea' id='block_1_36' title="bbox 523 3724 2092 3793">
    <p class='ocr_par' dir='ltr' id='par_1_36' title="bbox 523 3724 2092 3793">
     <span class='ocr_line' id='line_1_36' title="bbox 523 3724 2092 3793; baseline -0.003 -11"><span class='ocrx_word' id='word_1_244' title='bbox 523 3731 799 3784; x_wconf 90' lang='lat' dir='ltr'><strong>vissimam</strong></span> <span class='ocrx_word' id='word_1_245' title='bbox 860 3743 920 3782; x_wconf 83' lang='lat' dir='ltr'><strong>ac</strong></span> <span class='ocrx_word' id='word_1_246' title='bbox 953 3726 1301 3782; x_wconf 72' lang='lat' dir='ltr'><strong>saevissimam</strong></span> <span class='ocrx_word' id='word_1_247' title='bbox 1343 3725 1488 3778; x_wconf 90' lang='lat' dir='ltr'><strong>illam</strong></span> <span class='ocrx_word' id='word_1_248' title='bbox 1536 3724 1785 3793; x_wconf 77' lang='lat' dir='ltr'><strong>sagittam</strong></span> <span class='ocrx_word' id='word_1_249' title='bbox 1822 3725 2092 3778; x_wconf 85' lang='lat' dir='ltr'><strong>seductio-</strong></span> 
     </span>
    </p>
   </div>
   <div class='ocr_carea' id='block_1_37' title="bbox 522 3815 2091 3889">
    <p class='ocr_par' dir='ltr' id='par_1_37' title="bbox 522 3815 2091 3889">
     <span class='ocr_line' id='line_1_37' title="bbox 522 3815 2091 3889; baseline -0.006 -11"><span class='ocrx_word' id='word_1_250' title='bbox 522 3823 611 3878; x_wconf 86' lang='lat' dir='ltr'><strong>nis</strong></span> <span class='ocrx_word' id='word_1_251' title='bbox 639 3829 799 3889; x_wconf 87' lang='lat' dir='ltr'><strong>atque</strong></span> <span class='ocrx_word' id='word_1_252' title='bbox 825 3817 1277 3888; x_wconf 83' lang='lat' dir='ltr'><strong>supplantationis</strong></span> <span class='ocrx_word' id='word_1_253' title='bbox 1308 3817 1361 3872; x_wconf 91' lang='lat' dir='ltr'><strong>in</strong></span> <span class='ocrx_word' id='word_1_254' title='bbox 1386 3830 1506 3870; x_wconf 90' lang='lat' dir='ltr'><strong>eum</strong></span> <span class='ocrx_word' id='word_1_255' title='bbox 1532 3816 1751 3870; x_wconf 88' lang='lat' dir='ltr'><strong>dimisit.</strong></span> <span class='ocrx_word' id='word_1_256' title='bbox 1782 3815 1887 3870; x_wconf 86' lang='lat' dir='ltr'><strong>Sed</strong></span> <span class='ocrx_word' id='word_1_257' title='bbox 1911 3831 2091 3884; x_wconf 82' lang='lat' dir='ltr'><strong>quem-</strong></span> 
     </span>
    </p>
   </div>
   <div class='ocr_carea' id='block_1_38' title="bbox 523 3907 2089 3980">
    <p class='ocr_par' dir='ltr' id='par_1_38' title="bbox 523 3907 2089 3980">
     <span class='ocr_line' id='line_1_38' title="bbox 523 3907 2089 3980; baseline -0.006 -12"><span class='ocrx_word' id='word_1_258' title='bbox 523 3913 816 3968; x_wconf 87' lang='lat' dir='ltr'><strong>admodum</strong></span> <span class='ocrx_word' id='word_1_259' title='bbox 873 3911 968 3980; x_wconf 89' lang='lat' dir='ltr'><strong>qui</strong></span> <span class='ocrx_word' id='word_1_260' title='bbox 1017 3912 1083 3964; x_wconf 90' lang='lat' dir='ltr'><strong>ad</strong></span> <span class='ocrx_word' id='word_1_261' title='bbox 1116 3920 1326 3974; x_wconf 85' lang='lat' dir='ltr'><strong>petram</strong></span> <span class='ocrx_word' id='word_1_262' title='bbox 1361 3908 1719 3977; x_wconf 84' lang='lat' dir='ltr'><strong>sagittaverit,</strong></span> <span class='ocrx_word' id='word_1_263' title='bbox 1775 3919 1940 3976; x_wconf 75' lang='lat' dir='ltr'><strong>petra:</strong></span> <span class='ocrx_word' id='word_1_264' title='bbox 1970 3907 2089 3976; x_wconf 86' lang='lat' dir='ltr'><strong>qui-</strong></span> 
     </span>
    </p>
   </div>
   <div class='ocr_carea' id='block_1_39' title="bbox 517 4000 2086 4070">
    <p class='ocr_par' dir='ltr' id='par_1_39' title="bbox 517 4000 2086 4070">
     <span class='ocr_line' id='line_1_39' title="bbox 517 4000 2086 4070; baseline -0.006 -10"><span class='ocrx_word' id='word_1_265' title='bbox 517 4008 642 4060; x_wconf 86' lang='lat' dir='ltr'><strong>dem</strong></span> <span class='ocrx_word' id='word_1_266' title='bbox 686 4003 818 4060; x_wconf 85' lang='lat' dir='ltr'><strong>nihil</strong></span> <span class='ocrx_word' id='word_1_267' title='bbox 849 4003 999 4064; x_wconf 85' lang='lat' dir='ltr'><strong>facit,</strong></span> <span class='ocrx_word' id='word_1_268' title='bbox 1026 4016 1216 4055; x_wconf 82' lang='lat' dir='ltr'><strong>omnes</strong></span> <span class='ocrx_word' id='word_1_269' title='bbox 1249 4014 1379 4054; x_wconf 86' lang='lat' dir='ltr'><strong>vero</strong></span> <span class='ocrx_word' id='word_1_270' title='bbox 1409 4000 1631 4070; x_wconf 80' lang='lat' dir='ltr'><strong>sagittas</strong></span> <span class='ocrx_word' id='word_1_271' title='bbox 1654 4000 1705 4053; x_wconf 93' lang='lat' dir='ltr'><strong>in</strong></span> <span class='ocrx_word' id='word_1_272' title='bbox 1740 4001 2086 4068; x_wconf 83' lang='lat' dir='ltr'><strong>semetipsum</strong></span> 
     </span>
    </p>
   </div>
   <div class='ocr_carea' id='block_1_40' title="bbox 526 4090 2085 4162">
    <p class='ocr_par' dir='ltr' id='par_1_40' title="bbox 526 4090 2085 4162">
     <span class='ocr_line' id='line_1_40' title="bbox 526 4090 2085 4162; baseline -0.004 -12"><span class='ocrx_word' id='word_1_273' title='bbox 526 4097 834 4152; x_wconf 82' lang='lat' dir='ltr'><strong>convertit:</strong></span> <span class='ocrx_word' id='word_1_274' title='bbox 867 4096 940 4149; x_wconf 82' lang='lat' dir='ltr'><strong>ita</strong></span> <span class='ocrx_word' id='word_1_275' title='bbox 973 4093 1336 4162; x_wconf 87' lang='lat' dir='ltr'><strong>nequissimus</strong></span> <span class='ocrx_word' id='word_1_276' title='bbox 1363 4091 1611 4146; x_wconf 88' lang='lat' dir='ltr'><strong>diabolus</strong></span> <span class='ocrx_word' id='word_1_277' title='bbox 1650 4106 1770 4146; x_wconf 92' lang='lat' dir='ltr'><strong>cum</strong></span> <span class='ocrx_word' id='word_1_278' title='bbox 1802 4090 2085 4146; x_wconf 89' lang='lat' dir='ltr'><strong>inviolabi-</strong></span> 
     </span>
    </p>
   </div>
   <div class='ocr_carea' id='block_1_41' title="bbox 513 4161 2086 4258">
    <p class='ocr_par' dir='ltr' id='par_1_41' title="bbox 513 4161 2086 4258">
     <span class='ocr_line' id='line_1_41' title="bbox 513 4161 2086 4258; baseline -0.004 -15"><span class='ocrx_word' id='word_1_279' title='bbox 513 4189 623 4243; x_wconf 73' lang='lat' dir='ltr'><strong>lem</strong></span> <span class='ocrx_word' id='word_1_280' title='bbox 682 4197 889 4258; x_wconf 87' lang='lat' dir='ltr'><strong>petram</strong></span> <span class='ocrx_word' id='word_1_281' title='bbox 917 4185 1040 4251; x_wconf 79' lang='lat' dir='ltr'><strong>Job,</strong></span> <span class='ocrx_word' id='word_1_282' title='bbox 1062 4161 1229 4254; x_wconf 84' lang='lat' dir='ltr'><strong>atque</strong></span> <span class='ocrx_word' id='word_1_283' title='bbox 1267 4184 1749 4238; x_wconf 85' lang='lat' dir='ltr'><strong>incontaminatum</strong></span> <span class='ocrx_word' id='word_1_284' title='bbox 1803 4161 2086 4254; x_wconf 69' lang='lat' dir='ltr'><strong>sagittaret</strong></span> 
     </span>
    </p>
   </div>
   <div class='ocr_carea' id='block_1_42' title="bbox 519 4271 2079 4345">
    <p class='ocr_par' dir='ltr' id='par_1_42' title="bbox 519 4271 2079 4345">
     <span class='ocr_line' id='line_1_42' title="bbox 519 4271 2079 4345; baseline -0.004 -11"><span class='ocrx_word' id='word_1_285' title='bbox 519 4281 894 4342; x_wconf 87' lang='lat' dir='ltr'><strong>adamantem,</strong></span> <span class='ocrx_word' id='word_1_286' title='bbox 924 4278 1272 4345; x_wconf 89' lang='lat' dir='ltr'><strong>semetipsum</strong></span> <span class='ocrx_word' id='word_1_287' title='bbox 1302 4274 1608 4328; x_wconf 87' lang='lat' dir='ltr'><strong>vulneravit</strong></span> <span class='ocrx_word' id='word_1_288' title='bbox 1639 4288 1703 4328; x_wconf 91' lang='lat' dir='ltr'><strong>ac</strong></span> <span class='ocrx_word' id='word_1_289' title='bbox 1732 4271 1948 4343; x_wconf 85' lang='lat' dir='ltr'><strong>dejecit,</strong></span> <span class='ocrx_word' id='word_1_290' title='bbox 1977 4271 2079 4328; x_wconf 81' lang='lat' dir='ltr'><strong>Job</strong></span> 
     </span>
    </p>
   </div>
   <div class='ocr_carea' id='block_1_43' title="bbox 517 4363 2080 4429">
    <p class='ocr_par' dir='ltr' id='par_1_43' title="bbox 517 4363 2080 4429">
     <span class='ocr_line' id='line_1_43' title="bbox 517 4363 2080 4429; baseline -0.006 -4"><span class='ocrx_word' id='word_1_291' title='bbox 517 4385 653 4427; x_wconf 88' lang='lat' dir='ltr'><strong>vero</strong></span> <span class='ocrx_word' id='word_1_292' title='bbox 681 4370 819 4425; x_wconf 84' lang='lat' dir='ltr'><strong>nihil</strong></span> <span class='ocrx_word' id='word_1_293' title='bbox 853 4369 1000 4424; x_wconf 89' lang='lat' dir='ltr'><strong>fecit.</strong></span> <span class='ocrx_word' id='word_1_294' title='bbox 1042 4369 1164 4423; x_wconf 70' lang='lat' dir='ltr'><strong>llaac</strong></span> <span class='ocrx_word' id='word_1_295' title='bbox 1211 4367 1493 4421; x_wconf 87' lang='lat' dir='ltr'><strong>audientes</strong></span> <span class='ocrx_word' id='word_1_296' title='bbox 1534 4365 1714 4420; x_wconf 89' lang='lat' dir='ltr'><strong>cuncti</strong></span> <span class='ocrx_word' id='word_1_297' title='bbox 1769 4363 2080 4429; x_wconf 82' lang='lat' dir='ltr'><strong>credentes,</strong></span> 
     </span>
    </p>
   </div>
   <div class='ocr_carea' id='block_1_44' title="bbox 518 4455 2078 4529">
    <p class='ocr_par' dir='ltr' id='par_1_44' title="bbox 518 4455 2078 4529">
     <span class='ocr_line' id='line_1_44' title="bbox 518 4455 2078 4529; baseline -0.007 -10"><span class='ocrx_word' id='word_1_298' title='bbox 518 4465 811 4519; x_wconf 81' lang='lat' dir='ltr'><strong>observent</strong></span> <span class='ocrx_word' id='word_1_299' title='bbox 857 4475 915 4515; x_wconf 87' lang='lat' dir='ltr'><strong>se</strong></span> <span class='ocrx_word' id='word_1_300' title='bbox 974 4459 1263 4529; x_wconf 87' lang='lat' dir='ltr'><strong>diligenter</strong></span> <span class='ocrx_word' id='word_1_301' title='bbox 1316 4474 1344 4511; x_wconf 91' lang='lat' dir='ltr'><strong>a</strong></span> <span class='ocrx_word' id='word_1_302' title='bbox 1399 4457 1556 4512; x_wconf 92' lang='lat' dir='ltr'><strong>malis</strong></span> <span class='ocrx_word' id='word_1_303' title='bbox 1599 4455 1905 4525; x_wconf 87' lang='lat' dir='ltr'><strong>colloquiis,</strong></span> <span class='ocrx_word' id='word_1_304' title='bbox 1953 4456 2078 4525; x_wconf 86' lang='lat' dir='ltr'><strong>quia</strong></span> 
     </span>
    </p>
   </div>
   <div class='ocr_carea' id='block_1_45' title="bbox 516 4546 2082 4620">
    <p class='ocr_par' dir='ltr' id='par_1_45' title="bbox 516 4546 2082 4620">
     <span class='ocr_line' id='line_1_45' title="bbox 516 4546 2082 4620; baseline -0.006 -11"><span class='ocrx_word' id='word_1_305' title='bbox 516 4560 859 4620; x_wconf 76' lang='lat' dir='ltr'><strong>corrumpunt</strong></span> <span class='ocrx_word' id='word_1_306' title='bbox 916 4567 1084 4604; x_wconf 80' lang='lat' dir='ltr'><strong>mores</strong></span> <span class='ocrx_word' id='word_1_307' title='bbox 1135 4552 1293 4604; x_wconf 79' lang='lat' dir='ltr'><strong>bonos</strong></span> <span class='ocrx_word' id='word_1_308' title='bbox 1333 4549 1594 4618; x_wconf 82' lang='lat' dir='ltr'><strong>colloquia</strong></span> <span class='ocrx_word' id='word_1_309' title='bbox 1642 4548 1783 4600; x_wconf 87' lang='lat' dir='ltr'><strong>mala</strong></span> <span class='ocrx_word' id='word_1_310' title='bbox 1825 4546 1895 4612; x_wconf 77' lang='grc'><em>³³,</em></span> <span class='ocrx_word' id='word_1_311' title='bbox 1943 4548 2082 4602; x_wconf 86' lang='lat' dir='ltr'><strong>sicut</strong></span> 
     </span>
    </p>
   </div>
   <div class='ocr_carea' id='block_1_46' title="bbox 517 4637 2082 4715">
    <p class='ocr_par' dir='ltr' id='par_1_46' title="bbox 517 4637 2082 4715">
     <span class='ocr_line' id='line_1_46' title="bbox 517 4637 2082 4715; baseline -0.005 -15"><span class='ocrx_word' id='word_1_312' title='bbox 517 4657 640 4715; x_wconf 89' lang='lat' dir='ltr'><strong>post</strong></span> <span class='ocrx_word' id='word_1_313' title='bbox 675 4645 792 4699; x_wconf 66' lang='lat' dir='ltr'><strong>hate</strong></span> <span class='ocrx_word' id='word_1_314' title='bbox 822 4643 954 4697; x_wconf 90' lang='lat' dir='ltr'><strong>dicit</strong></span> <span class='ocrx_word' id='word_1_315' title='bbox 991 4641 1304 4708; x_wconf 86' lang='lat' dir='ltr'><strong>Apostolus.</strong></span> <span class='ocrx_word' id='word_1_316' title='bbox 1337 4641 1641 4694; x_wconf 85' lang='lat' dir='ltr'><strong>Observent</strong></span> <span class='ocrx_word' id='word_1_317' title='bbox 1664 4654 1724 4694; x_wconf 87' lang='lat' dir='ltr'><strong>se</strong></span> <span class='ocrx_word' id='word_1_318' title='bbox 1753 4649 1909 4693; x_wconf 87' lang='lat' dir='ltr'><strong>caute</strong></span> <span class='ocrx_word' id='word_1_319' title='bbox 1935 4649 1989 4693; x_wconf 90' lang='lat' dir='ltr'><strong>et</strong></span> <span class='ocrx_word' id='word_1_320' title='bbox 2013 4637 2082 4692; x_wconf 91' lang='lat' dir='ltr'><strong>ab</strong></span> 
     </span>
    </p>
   </div>
   <div class='ocr_carea' id='block_1_47' title="bbox 519 4732 2082 4799">
    <p class='ocr_par' dir='ltr' id='par_1_47' title="bbox 519 4732 2082 4799">
     <span class='ocr_line' id='line_1_47' title="bbox 519 4732 2082 4799; baseline -0.005 -7"><span class='ocrx_word' id='word_1_321' title='bbox 519 4737 713 4792; x_wconf 83' lang='lat' dir='ltr'><strong>amicis</strong></span> <span class='ocrx_word' id='word_1_322' title='bbox 735 4745 790 4789; x_wconf 85' lang='lat' dir='ltr'><strong>et</strong></span> <span class='ocrx_word' id='word_1_323' title='bbox 826 4733 1101 4789; x_wconf 88' lang='lat' dir='ltr'><strong>sodalibus</strong></span> <span class='ocrx_word' id='word_1_324' title='bbox 1126 4741 1179 4784; x_wconf 89' lang='lat' dir='ltr'><strong>et</strong></span> <span class='ocrx_word' id='word_1_325' title='bbox 1209 4746 1241 4784; x_wconf 89' lang='lat' dir='ltr'><strong>a</strong></span> <span class='ocrx_word' id='word_1_326' title='bbox 1273 4732 1585 4786; x_wconf 87' lang='lat' dir='ltr'><strong>domesticis</strong></span> <span class='ocrx_word' id='word_1_327' title='bbox 1622 4740 1679 4785; x_wconf 86' lang='lat' dir='ltr'><strong>et</strong></span> <span class='ocrx_word' id='word_1_328' title='bbox 1718 4746 1746 4784; x_wconf 90' lang='lat' dir='ltr'><strong>a</strong></span> <span class='ocrx_word' id='word_1_329' title='bbox 1777 4732 2082 4799; x_wconf 87' lang='lat' dir='ltr'><strong>persuasio-</strong></span> 
     </span>
    </p>
   </div>
   <div class='ocr_carea' id='block_1_48' title="bbox 515 4823 2078 4895">
    <p class='ocr_par' dir='ltr' id='par_1_48' title="bbox 515 4823 2078 4895">
     <span class='ocr_line' id='line_1_48' title="bbox 515 4823 2078 4895; baseline -0.005 -10"><span class='ocrx_word' id='word_1_330' title='bbox 515 4831 677 4885; x_wconf 83' lang='lat' dir='ltr'><strong>nibus</strong></span> <span class='ocrx_word' id='word_1_331' title='bbox 732 4837 888 4895; x_wconf 67' lang='lat' dir='ltr'><strong>atque</strong></span> <span class='ocrx_word' id='word_1_332' title='bbox 929 4823 1388 4880; x_wconf 87' lang='lat' dir='ltr'><strong>concitationibus</strong></span> <span class='ocrx_word' id='word_1_333' title='bbox 1432 4839 1619 4878; x_wconf 90' lang='lat' dir='ltr'><strong>eorum</strong></span> <span class='ocrx_word' id='word_1_334' title='bbox 1665 4841 1678 4878; x_wconf 96' lang='lat'><strong>:</strong></span> <span class='ocrx_word' id='word_1_335' title='bbox 1726 4824 1851 4893; x_wconf 88' lang='lat' dir='ltr'><strong>quia</strong></span> <span class='ocrx_word' id='word_1_336' title='bbox 1903 4824 2078 4877; x_wconf 89' lang='lat' dir='ltr'><strong>omnis</strong></span> 
     </span>
    </p>
   </div>
   <div class='ocr_carea' id='block_1_49' title="bbox 515 4915 2077 4987">
    <p class='ocr_par' dir='ltr' id='par_1_49' title="bbox 515 4915 2077 4987">
     <span class='ocr_line' id='line_1_49' title="bbox 515 4915 2077 4987; baseline -0.008 -10"><span class='ocrx_word' id='word_1_337' title='bbox 515 4922 726 4977; x_wconf 86' lang='lat' dir='ltr'><strong>amicus</strong></span> <span class='ocrx_word' id='word_1_338' title='bbox 750 4917 1104 4987; x_wconf 86' lang='lat' dir='ltr'><strong>supplantans</strong></span> <span class='ocrx_word' id='word_1_339' title='bbox 1135 4916 1472 4984; x_wconf 84' lang='lat' dir='ltr'><strong>supplantat,</strong></span> <span class='ocrx_word' id='word_1_340' title='bbox 1507 4927 1668 4984; x_wconf 90' lang='lat' dir='ltr'><strong>atque</strong></span> <span class='ocrx_word' id='word_1_341' title='bbox 1699 4916 1965 4970; x_wconf 88' lang='lat' dir='ltr'><strong>fallaciter</strong></span> <span class='ocrx_word' id='word_1_342' title='bbox 1995 4915 2077 4966; x_wconf 91' lang='lat' dir='ltr'><strong>in-</strong></span> 
     </span>
    </p>
   </div>
   <div class='ocr_carea' id='block_1_50' title="bbox 509 5010 2075 5076">
    <p class='ocr_par' dir='ltr' id='par_1_50' title="bbox 509 5010 2075 5076">
     <span class='ocr_line' id='line_1_50' title="bbox 509 5010 2075 5076; baseline -0.009 -6"><span class='ocrx_word' id='word_1_343' title='bbox 509 5015 674 5070; x_wconf 87' lang='lat' dir='ltr'><strong>cedit.</strong></span> <span class='ocrx_word' id='word_1_344' title='bbox 705 5013 937 5067; x_wconf 77' lang='lat' dir='ltr'><strong>Maxime</strong></span> <span class='ocrx_word' id='word_1_345' title='bbox 986 5020 1165 5063; x_wconf 87' lang='lat' dir='ltr'><strong>autem</strong></span> <span class='ocrx_word' id='word_1_346' title='bbox 1200 5010 1492 5062; x_wconf 79' lang='lat' dir='ltr'><strong>observate</strong></span> <span class='ocrx_word' id='word_1_347' title='bbox 1539 5023 1654 5073; x_wconf 88' lang='lat' dir='ltr'><strong>vos,</strong></span> <span class='ocrx_word' id='word_1_348' title='bbox 1702 5017 1863 5076; x_wconf 88' lang='lat' dir='ltr'><strong>atque</strong></span> <span class='ocrx_word' id='word_1_349' title='bbox 1897 5015 2075 5058; x_wconf 84' lang='lat' dir='ltr'><strong>atten-</strong></span> 
     </span>
    </p>
   </div>
   <div class='ocr_carea' id='block_1_51' title="bbox 2224 1161 3788 1230">
    <p class='ocr_par' dir='ltr' id='par_1_51' title="bbox 2224 1161 3788 1230">
     <span class='ocr_line' id='line_1_51' title="bbox 2224 1161 3788 1230; baseline 0.004 -16"><span class='ocrx_word' id='word_1_350' title='bbox 2224 1162 2358 1215; x_wconf 90' lang='lat' dir='ltr'><strong>alios</strong></span> <span class='ocrx_word' id='word_1_351' title='bbox 2395 1161 2744 1217; x_wconf 91' lang='lat' dir='ltr'><strong>nihilominus</strong></span> <span class='ocrx_word' id='word_1_352' title='bbox 2779 1162 2847 1215; x_wconf 88' lang='lat' dir='ltr'><strong>ad</strong></span> <span class='ocrx_word' id='word_1_353' title='bbox 2898 1161 3082 1216; x_wconf 91' lang='lat' dir='ltr'><strong>odium</strong></span> <span class='ocrx_word' id='word_1_354' title='bbox 3123 1162 3386 1218; x_wconf 89' lang='lat' dir='ltr'><strong>adversus</strong></span> <span class='ocrx_word' id='word_1_355' title='bbox 3430 1162 3684 1230; x_wconf 87' lang='lat' dir='ltr'><strong>invicem,</strong></span> <span class='ocrx_word' id='word_1_356' title='bbox 3719 1165 3788 1220; x_wconf 87' lang='lat' dir='ltr'><strong>ad</strong></span> 
     </span>
    </p>
   </div>
   <div class='ocr_carea' id='block_1_52' title="bbox 2220 1253 3788 1324">
    <p class='ocr_par' dir='ltr' id='par_1_52' title="bbox 2220 1253 3788 1324">
     <span class='ocr_line' id='line_1_52' title="bbox 2220 1253 3788 1324; baseline 0.001 -16"><span class='ocrx_word' id='word_1_357' title='bbox 2220 1253 2619 1312; x_wconf 87' lang='lat' dir='ltr'><strong>contentionem</strong></span> <span class='ocrx_word' id='word_1_358' title='bbox 2660 1267 2874 1322; x_wconf 84' lang='lat' dir='ltr'><strong>quoque</strong></span> <span class='ocrx_word' id='word_1_359' title='bbox 2908 1262 2962 1306; x_wconf 89' lang='lat' dir='ltr'><strong>et</strong></span> <span class='ocrx_word' id='word_1_360' title='bbox 2985 1253 3249 1324; x_wconf 87' lang='lat' dir='ltr'><strong>jnrgium.</strong></span> <span class='ocrx_word' id='word_1_361' title='bbox 3272 1253 3363 1308; x_wconf 89' lang='lat' dir='ltr'><strong>Sic</strong></span> <span class='ocrx_word' id='word_1_362' title='bbox 3398 1254 3540 1307; x_wconf 90' lang='lat' dir='ltr'><strong>enim</strong></span> <span class='ocrx_word' id='word_1_363' title='bbox 3574 1269 3693 1308; x_wconf 88' lang='lat' dir='ltr'><strong>cum</strong></span> <span class='ocrx_word' id='word_1_364' title='bbox 3721 1254 3788 1310; x_wconf 92' lang='lat' dir='ltr'><strong>ad</strong></span> 
     </span>
    </p>
   </div>
   <div class='ocr_carea' id='block_1_53' title="bbox 2221 1343 3788 1414">
    <p class='ocr_par' dir='ltr' id='par_1_53' title="bbox 2221 1343 3788 1414">
     <span class='ocr_line' id='line_1_53' title="bbox 2221 1343 3788 1414; baseline 0 -16"><span class='ocrx_word' id='word_1_365' title='bbox 2221 1345 2455 1399; x_wconf 89' lang='lat' dir='ltr'><strong>invicem</strong></span> <span class='ocrx_word' id='word_1_366' title='bbox 2506 1343 2863 1414; x_wconf 80' lang='lat' dir='ltr'><strong>litigaverin‘t,</strong></span> <span class='ocrx_word' id='word_1_367' title='bbox 2901 1343 2954 1397; x_wconf 92' lang='lat' dir='ltr'><strong>in</strong></span> <span class='ocrx_word' id='word_1_368' title='bbox 2985 1343 3090 1398; x_wconf 92' lang='lat' dir='ltr'><strong>hoc</strong></span> <span class='ocrx_word' id='word_1_369' title='bbox 3124 1357 3182 1397; x_wconf 92' lang='lat' dir='ltr'><strong>se</strong></span> <span class='ocrx_word' id='word_1_370' title='bbox 3217 1343 3519 1398; x_wconf 68' lang='lat' dir='ltr'><strong>defensura:</strong></span> <span class='ocrx_word' id='word_1_371' title='bbox 3548 1353 3693 1410; x_wconf 91' lang='lat' dir='ltr'><strong>sunt,</strong></span> <span class='ocrx_word' id='word_1_372' title='bbox 3728 1353 3788 1398; x_wconf 93' lang='lat' dir='ltr'><strong>ut</strong></span> 
     </span>
    </p>
   </div>
   <div class='ocr_carea' id='block_1_54' title="bbox 2218 1435 3782 1501">
    <p class='ocr_par' dir='ltr' id='par_1_54' title="bbox 2218 1435 3782 1501">
     <span class='ocr_line' id='line_1_54' title="bbox 2218 1435 3782 1501; baseline 0.002 -14"><span class='ocrx_word' id='word_1_373' title='bbox 2218 1438 2361 1492; x_wconf 90' lang='lat' dir='ltr'><strong>viros</strong></span> <span class='ocrx_word' id='word_1_374' title='bbox 2386 1449 2515 1491; x_wconf 88' lang='lat' dir='ltr'><strong>suos</strong></span> <span class='ocrx_word' id='word_1_375' title='bbox 2569 1435 2830 1490; x_wconf 88' lang='lat' dir='ltr'><strong>adversus</strong></span> <span class='ocrx_word' id='word_1_376' title='bbox 2873 1435 3106 1490; x_wconf 86' lang='lat' dir='ltr'><strong>invicem</strong></span> <span class='ocrx_word' id='word_1_377' title='bbox 3149 1436 3432 1490; x_wconf 90' lang='lat' dir='ltr'><strong>concitent</strong></span> <span class='ocrx_word' id='word_1_378' title='bbox 3463 1437 3528 1491; x_wconf 90' lang='lat' dir='ltr'><strong>ad</strong></span> <span class='ocrx_word' id='word_1_379' title='bbox 3559 1436 3782 1501; x_wconf 92' lang='lat' dir='ltr'><strong>bellum,</strong></span> 
     </span>
    </p>
   </div>
   <div class='ocr_carea' id='block_1_55' title="bbox 2216 1526 3784 1598">
    <p class='ocr_par' dir='ltr' id='par_1_55' title="bbox 2216 1526 3784 1598">
     <span class='ocr_line' id='line_1_55' title="bbox 2216 1526 3784 1598; baseline 0.001 -17"><span class='ocrx_word' id='word_1_380' title='bbox 2216 1528 2281 1582; x_wconf 93' lang='lat' dir='ltr'><strong>ad</strong></span> <span class='ocrx_word' id='word_1_381' title='bbox 2308 1527 2652 1582; x_wconf 90' lang='lat' dir='ltr'><strong>inimicitiam</strong></span> <span class='ocrx_word' id='word_1_382' title='bbox 2689 1541 2903 1596; x_wconf 90' lang='lat' dir='ltr'><strong>quoque</strong></span> <span class='ocrx_word' id='word_1_383' title='bbox 2937 1537 3100 1598; x_wconf 85' lang='lat' dir='ltr'><strong>atque</strong></span> <span class='ocrx_word' id='word_1_384' title='bbox 3132 1527 3505 1596; x_wconf 85' lang='lat' dir='ltr'><strong>iniquitatem.</strong></span> <span class='ocrx_word' id='word_1_385' title='bbox 3548 1526 3660 1582; x_wconf 81' lang='lat' dir='ltr'><strong>Hoc</strong></span> <span class='ocrx_word' id='word_1_386' title='bbox 3707 1527 3784 1582; x_wconf 85' lang='lat' dir='ltr'><strong>ni-</strong></span> 
     </span>
    </p>
   </div>
   <div class='ocr_carea' id='block_1_56' title="bbox 2217 1617 3781 1688">
    <p class='ocr_par' dir='ltr' id='par_1_56' title="bbox 2217 1617 3781 1688">
     <span class='ocr_line' id='line_1_56' title="bbox 2217 1617 3781 1688; baseline 0 -16"><span class='ocrx_word' id='word_1_387' title='bbox 2217 1619 2416 1672; x_wconf 89' lang='lat' dir='ltr'><strong>mirum</strong></span> <span class='ocrx_word' id='word_1_388' title='bbox 2461 1629 2722 1687; x_wconf 90' lang='lat' dir='ltr'><strong>operatur</strong></span> <span class='ocrx_word' id='word_1_389' title='bbox 2773 1634 2869 1688; x_wconf 91' lang='lat' dir='ltr'><strong>per</strong></span> <span class='ocrx_word' id='word_1_390' title='bbox 2912 1634 3008 1674; x_wconf 89' lang='lat' dir='ltr'><strong>cas</strong></span> <span class='ocrx_word' id='word_1_391' title='bbox 3059 1618 3484 1688; x_wconf 86' lang='lat' dir='ltr'><strong>malignissimus</strong></span> <span class='ocrx_word' id='word_1_392' title='bbox 3515 1617 3781 1685; x_wconf 87' lang='lat' dir='ltr'><strong>diabolus,</strong></span> 
     </span>
    </p>
   </div>
   <div class='ocr_carea' id='block_1_57' title="bbox 2215 1697 3782 1782">
    <p class='ocr_par' dir='ltr' id='par_1_57' title="bbox 2215 1697 3782 1782">
     <span class='ocr_line' id='line_1_57' title="bbox 2215 1697 3782 1782; baseline 0.001 -14"><span class='ocrx_word' id='word_1_393' title='bbox 2215 1715 2549 1771; x_wconf 87' lang='lat' dir='ltr'><strong>succendens</strong></span> <span class='ocrx_word' id='word_1_394' title='bbox 2580 1725 2744 1782; x_wconf 87' lang='lat' dir='ltr'><strong>atque</strong></span> <span class='ocrx_word' id='word_1_395' title='bbox 2798 1697 3138 1768; x_wconf 82' lang='lat' dir='ltr'><strong>inﬂammans</strong></span> <span class='ocrx_word' id='word_1_396' title='bbox 3160 1714 3332 1769; x_wconf 91' lang='lat' dir='ltr'><strong>corda</strong></span> <span class='ocrx_word' id='word_1_397' title='bbox 3365 1729 3553 1768; x_wconf 89' lang='lat' dir='ltr'><strong>eorum</strong></span> <span class='ocrx_word' id='word_1_398' title='bbox 3589 1714 3706 1770; x_wconf 84' lang='lat' dir='ltr'><strong>zelo</strong></span> <span class='ocrx_word' id='word_1_399' title='bbox 3726 1722 3782 1770; x_wconf 83' lang='lat' dir='ltr'><strong>et</strong></span> 
     </span>
    </p>
   </div>
   <div class='ocr_carea' id='block_1_58' title="bbox 2216 1805 3784 1872">
    <p class='ocr_par' dir='ltr' id='par_1_58' title="bbox 2216 1805 3784 1872">
     <span class='ocr_line' id='line_1_58' title="bbox 2216 1805 3784 1872; baseline 0.003 -13"><span class='ocrx_word' id='word_1_400' title='bbox 2216 1806 2294 1859; x_wconf 91' lang='lat' dir='ltr'><strong>ira</strong></span> <span class='ocrx_word' id='word_1_401' title='bbox 2334 1824 2347 1860; x_wconf 94' lang='lat'><strong>:</strong></span> <span class='ocrx_word' id='word_1_402' title='bbox 2396 1816 2450 1860; x_wconf 92' lang='lat' dir='ltr'><strong>et</strong></span> <span class='ocrx_word' id='word_1_403' title='bbox 2496 1807 2568 1859; x_wconf 92' lang='lat' dir='ltr'><strong>ita</strong></span> <span class='ocrx_word' id='word_1_404' title='bbox 2613 1805 2857 1860; x_wconf 89' lang='lat' dir='ltr'><strong>infelices</strong></span> <span class='ocrx_word' id='word_1_405' title='bbox 2885 1807 3034 1862; x_wconf 90' lang='lat' dir='ltr'><strong>viros</strong></span> <span class='ocrx_word' id='word_1_406' title='bbox 3056 1822 3183 1861; x_wconf 90' lang='lat' dir='ltr'><strong>suos</strong></span> <span class='ocrx_word' id='word_1_407' title='bbox 3221 1815 3276 1860; x_wconf 93' lang='lat' dir='ltr'><strong>et</strong></span> <span class='ocrx_word' id='word_1_408' title='bbox 3323 1809 3466 1862; x_wconf 87' lang='lat' dir='ltr'><strong>circa</strong></span> <span class='ocrx_word' id='word_1_409' title='bbox 3501 1807 3690 1872; x_wconf 88' lang='lat' dir='ltr'><strong>Deum,</strong></span> <span class='ocrx_word' id='word_1_410' title='bbox 3725 1815 3784 1864; x_wconf 75' lang='lat' dir='ltr'><strong>et</strong></span> 
     </span>
    </p>
   </div>
   <div class='ocr_carea' id='block_1_59' title="bbox 2213 1893 3778 1968">
    <p class='ocr_par' dir='ltr' id='par_1_59' title="bbox 2213 1893 3778 1968">
     <span class='ocr_line' id='line_1_59' title="bbox 2213 1893 3778 1968; baseline 0.003 -22"><span class='ocrx_word' id='word_1_411' title='bbox 2213 1893 2359 1947; x_wconf 90' lang='lat' dir='ltr'><strong>circa</strong></span> <span class='ocrx_word' id='word_1_412' title='bbox 2394 1893 2625 1947; x_wconf 82' lang='lat' dir='ltr'><strong>invicem</strong></span> <span class='ocrx_word' id='word_1_413' title='bbox 2656 1894 2888 1950; x_wconf 89' lang='lat' dir='ltr'><strong>odibiles</strong></span> <span class='ocrx_word' id='word_1_414' title='bbox 2918 1895 3172 1958; x_wconf 89' lang='lat' dir='ltr'><strong>reddunt,</strong></span> <span class='ocrx_word' id='word_1_415' title='bbox 3208 1907 3262 1950; x_wconf 92' lang='lat' dir='ltr'><strong>ut</strong></span> <span class='ocrx_word' id='word_1_416' title='bbox 3291 1896 3381 1950; x_wconf 87' lang='lat' dir='ltr'><strong>Dei</strong></span> <span class='ocrx_word' id='word_1_417' title='bbox 3415 1898 3546 1950; x_wconf 92' lang='lat' dir='ltr'><strong>iram</strong></span> <span class='ocrx_word' id='word_1_418' title='bbox 3585 1897 3778 1968; x_wconf 86' lang='lat' dir='ltr'><strong>acqui-</strong></span> 
     </span>
    </p>
   </div>
   <div class='ocr_carea' id='block_1_60' title="bbox 2214 1987 3779 2058">
    <p class='ocr_par' dir='ltr' id='par_1_60' title="bbox 2214 1987 3779 2058">
     <span class='ocr_line' id='line_1_60' title="bbox 2214 1987 3779 2058; baseline 0.003 -19"><span class='ocrx_word' id='word_1_419' title='bbox 2214 1995 2359 2052; x_wconf 91' lang='lat' dir='ltr'><strong>rant,</strong></span> <span class='ocrx_word' id='word_1_420' title='bbox 2417 1994 2470 2040; x_wconf 87' lang='lat' dir='ltr'><strong>et</strong></span> <span class='ocrx_word' id='word_1_421' title='bbox 2531 1987 2676 2040; x_wconf 89' lang='lat' dir='ltr'><strong>circa</strong></span> <span class='ocrx_word' id='word_1_422' title='bbox 2729 1987 2957 2042; x_wconf 89' lang='lat' dir='ltr'><strong>invicem</strong></span> <span class='ocrx_word' id='word_1_423' title='bbox 3010 1987 3218 2041; x_wconf 91' lang='lat' dir='ltr'><strong>inimici</strong></span> <span class='ocrx_word' id='word_1_424' title='bbox 3269 1999 3672 2058; x_wconf 87' lang='lat' dir='ltr'><strong>permaneant:</strong></span> <span class='ocrx_word' id='word_1_425' title='bbox 3725 2001 3779 2046; x_wconf 89' lang='lat' dir='ltr'><strong>et</strong></span> 
     </span>
    </p>
   </div>
   <div class='ocr_carea' id='block_1_61' title="bbox 2213 2079 3772 2152">
    <p class='ocr_par' dir='ltr' id='par_1_61' title="bbox 2213 2079 3772 2152">
     <span class='ocr_line' id='line_1_61' title="bbox 2213 2079 3772 2152; baseline 0.003 -19"><span class='ocrx_word' id='word_1_426' title='bbox 2213 2081 2352 2148; x_wconf 89' lang='lat' dir='ltr'><strong>quod</strong></span> <span class='ocrx_word' id='word_1_427' title='bbox 2384 2089 2466 2133; x_wconf 91' lang='lat' dir='ltr'><strong>est</strong></span> <span class='ocrx_word' id='word_1_428' title='bbox 2495 2081 2787 2132; x_wconf 80' lang='lat' dir='ltr'><strong>maximum</strong></span> <span class='ocrx_word' id='word_1_429' title='bbox 2819 2095 2939 2134; x_wconf 93' lang='lat' dir='ltr'><strong>cum</strong></span> <span class='ocrx_word' id='word_1_430' title='bbox 2971 2079 3271 2134; x_wconf 89' lang='lat' dir='ltr'><strong>debuerant</strong></span> <span class='ocrx_word' id='word_1_431' title='bbox 3319 2081 3647 2136; x_wconf 90' lang='lat' dir='ltr'><strong>ttnanimiter</strong></span> <span class='ocrx_word' id='word_1_432' title='bbox 3676 2097 3772 2152; x_wconf 91' lang='lat' dir='ltr'><strong>pro</strong></span> 
     </span>
    </p>
   </div>
   <div class='ocr_carea' id='block_1_62' title="bbox 2212 2170 3778 2240">
    <p class='ocr_par' dir='ltr' id='par_1_62' title="bbox 2212 2170 3778 2240">
     <span class='ocr_line' id='line_1_62' title="bbox 2212 2170 3778 2240; baseline 0.004 -18"><span class='ocrx_word' id='word_1_433' title='bbox 2212 2170 2438 2224; x_wconf 86' lang='lat' dir='ltr'><strong>invicem</strong></span> <span class='ocrx_word' id='word_1_434' title='bbox 2495 2171 2753 2227; x_wconf 87' lang='lat' dir='ltr'><strong>adversus</strong></span> <span class='ocrx_word' id='word_1_435' title='bbox 2796 2171 3044 2225; x_wconf 91' lang='lat' dir='ltr'><strong>inimicos</strong></span> <span class='ocrx_word' id='word_1_436' title='bbox 3075 2187 3204 2226; x_wconf 88' lang='lat' dir='ltr'><strong>suns</strong></span> <span class='ocrx_word' id='word_1_437' title='bbox 3241 2181 3404 2240; x_wconf 83' lang='lat' dir='ltr'><strong>atque</strong></span> <span class='ocrx_word' id='word_1_438' title='bbox 3437 2173 3778 2228; x_wconf 85' lang='lat' dir='ltr'><strong>adversarios</strong></span> 
     </span>
    </p>
   </div>
   <div class='ocr_carea' id='block_1_63' title="bbox 2208 2260 3774 2326">
    <p class='ocr_par' dir='ltr' id='par_1_63' title="bbox 2208 2260 3774 2326">
     <span class='ocr_line' id='line_1_63' title="bbox 2208 2260 3774 2326; baseline 0.003 -13"><span class='ocrx_word' id='word_1_439' title='bbox 2208 2270 2375 2326; x_wconf 86' lang='lat' dir='ltr'><strong>stare,</strong></span> <span class='ocrx_word' id='word_1_440' title='bbox 2427 2261 2541 2315; x_wconf 91' lang='lat' dir='ltr'><strong>sive</strong></span> <span class='ocrx_word' id='word_1_441' title='bbox 2590 2262 2754 2325; x_wconf 90' lang='lat' dir='ltr'><strong>intus,</strong></span> <span class='ocrx_word' id='word_1_442' title='bbox 2805 2260 2923 2314; x_wconf 87' lang='lat' dir='ltr'><strong>sive</strong></span> <span class='ocrx_word' id='word_1_443' title='bbox 2961 2261 3113 2323; x_wconf 85' lang='lat' dir='ltr'><strong>foris,</strong></span> <span class='ocrx_word' id='word_1_444' title='bbox 3159 2262 3270 2315; x_wconf 92' lang='lat' dir='ltr'><strong>sive</strong></span> <span class='ocrx_word' id='word_1_445' title='bbox 3299 2263 3350 2314; x_wconf 90' lang='lat' dir='ltr'><strong>in</strong></span> <span class='ocrx_word' id='word_1_446' title='bbox 3382 2261 3541 2326; x_wconf 87' lang='lat' dir='ltr'><strong>bello,</strong></span> <span class='ocrx_word' id='word_1_447' title='bbox 3574 2267 3688 2316; x_wconf 89' lang='lat' dir='ltr'><strong>sive</strong></span> <span class='ocrx_word' id='word_1_448' title='bbox 3723 2264 3774 2317; x_wconf 93' lang='lat' dir='ltr'><strong>in</strong></span> 
     </span>
    </p>
   </div>
   <div class='ocr_carea' id='block_1_64' title="bbox 2209 2354 3772 2432">
    <p class='ocr_par' dir='ltr' id='par_1_64' title="bbox 2209 2354 3772 2432">
     <span class='ocr_line' id='line_1_64' title="bbox 2209 2354 3772 2432; baseline -0.001 -22"><span class='ocrx_word' id='word_1_449' title='bbox 2209 2356 2429 2424; x_wconf 59' lang='lat' dir='ltr'><strong>praeliis,</strong></span> <span class='ocrx_word' id='word_1_450' title='bbox 2487 2367 2540 2410; x_wconf 89' lang='lat' dir='ltr'><strong>et</strong></span> <span class='ocrx_word' id='word_1_451' title='bbox 2580 2355 2681 2409; x_wconf 88' lang='lat' dir='ltr'><strong>sibi</strong></span> <span class='ocrx_word' id='word_1_452' title='bbox 2731 2355 2958 2409; x_wconf 88' lang='lat' dir='ltr'><strong>invicem</strong></span> <span class='ocrx_word' id='word_1_453' title='bbox 3003 2354 3279 2407; x_wconf 85' lang='lat' dir='ltr'><strong>intendere</strong></span> <span class='ocrx_word' id='word_1_454' title='bbox 3325 2365 3487 2424; x_wconf 89' lang='lat' dir='ltr'><strong>atque</strong></span> <span class='ocrx_word' id='word_1_455' title='bbox 3534 2355 3772 2432; x_wconf 55' lang='lat' dir='ltr'><strong>invicem.‘</strong></span> 
     </span>
    </p>
   </div>
   <div class='ocr_carea' id='block_1_65' title="bbox 2208 2447 3775 2516">
    <p class='ocr_par' dir='ltr' id='par_1_65' title="bbox 2208 2447 3775 2516">
     <span class='ocr_line' id='line_1_65' title="bbox 2208 2447 3775 2516; baseline -0.001 -16"><span class='ocrx_word' id='word_1_456' title='bbox 2208 2447 2482 2514; x_wconf 88' lang='lat' dir='ltr'><strong>adjuvare,</strong></span> <span class='ocrx_word' id='word_1_457' title='bbox 2505 2460 2560 2503; x_wconf 91' lang='lat' dir='ltr'><strong>et</strong></span> <span class='ocrx_word' id='word_1_458' title='bbox 2588 2460 2775 2503; x_wconf 91' lang='lat' dir='ltr'><strong>mutuo</strong></span> <span class='ocrx_word' id='word_1_459' title='bbox 2825 2463 3006 2503; x_wconf 86' lang='lat' dir='ltr'><strong>amore</strong></span> <span class='ocrx_word' id='word_1_460' title='bbox 3057 2456 3204 2515; x_wconf 87' lang='lat' dir='ltr'><strong>terga</strong></span> <span class='ocrx_word' id='word_1_461' title='bbox 3249 2447 3575 2508; x_wconf 82' lang='lat' dir='ltr'><strong>defendere.</strong></span> <span class='ocrx_word' id='word_1_462' title='bbox 3625 2462 3775 2516; x_wconf 91' lang='lat' dir='ltr'><strong>repe-</strong></span> 
     </span>
    </p>
   </div>
   <div class='ocr_carea' id='block_1_66' title="bbox 2210 2539 3769 2608">
    <p class='ocr_par' dir='ltr' id='par_1_66' title="bbox 2210 2539 3769 2608">
     <span class='ocr_line' id='line_1_66' title="bbox 2210 2539 3769 2608; baseline 0.001 -16"><span class='ocrx_word' id='word_1_463' title='bbox 2210 2541 2419 2593; x_wconf 89' lang='lat' dir='ltr'><strong>riuntur</strong></span> <span class='ocrx_word' id='word_1_464' title='bbox 2439 2541 2538 2595; x_wconf 91' lang='lat' dir='ltr'><strong>sibi</strong></span> <span class='ocrx_word' id='word_1_465' title='bbox 2567 2543 2797 2595; x_wconf 89' lang='lat' dir='ltr'><strong>invicem</strong></span> <span class='ocrx_word' id='word_1_466' title='bbox 2823 2540 3024 2594; x_wconf 90' lang='lat' dir='ltr'><strong>inimici</strong></span> <span class='ocrx_word' id='word_1_467' title='bbox 3058 2554 3120 2594; x_wconf 90' lang='lat' dir='ltr'><strong>ac</strong></span> <span class='ocrx_word' id='word_1_468' title='bbox 3158 2539 3483 2607; x_wconf 88' lang='lat' dir='ltr'><strong>proditores,</strong></span> <span class='ocrx_word' id='word_1_469' title='bbox 3511 2549 3672 2608; x_wconf 87' lang='lat' dir='ltr'><strong>atque</strong></span> <span class='ocrx_word' id='word_1_470' title='bbox 3717 2539 3769 2592; x_wconf 91' lang='lat' dir='ltr'><strong>in</strong></span> 
     </span>
    </p>
   </div>
   <div class='ocr_carea' id='block_1_67' title="bbox 2206 2631 3768 2704">
    <p class='ocr_par' dir='ltr' id='par_1_67' title="bbox 2206 2631 3768 2704">
     <span class='ocr_line' id='line_1_67' title="bbox 2206 2631 3768 2704; baseline -0.001 -19"><span class='ocrx_word' id='word_1_471' title='bbox 2206 2633 2439 2701; x_wconf 90' lang='lat' dir='ltr'><strong>pr0priis</strong></span> <span class='ocrx_word' id='word_1_472' title='bbox 2468 2634 2638 2688; x_wconf 90' lang='lat' dir='ltr'><strong>ruinis</strong></span> <span class='ocrx_word' id='word_1_473' title='bbox 2667 2635 2983 2704; x_wconf 87' lang='lat' dir='ltr'><strong>gaudentes.</strong></span> <span class='ocrx_word' id='word_1_474' title='bbox 3035 2631 3166 2686; x_wconf 68' lang='lat' dir='ltr'><strong>Haec</strong></span> <span class='ocrx_word' id='word_1_475' title='bbox 3207 2631 3462 2684; x_wconf 86' lang='lat' dir='ltr'><strong>nimirum</strong></span> <span class='ocrx_word' id='word_1_476' title='bbox 3514 2632 3768 2684; x_wconf 90' lang='lat' dir='ltr'><strong>universa</strong></span> 
     </span>
    </p>
   </div>
   <div class='ocr_carea' id='block_1_68' title="bbox 2205 2722 3772 2795">
    <p class='ocr_par' dir='ltr' id='par_1_68' title="bbox 2205 2722 3772 2795">
     <span class='ocr_line' id='line_1_68' title="bbox 2205 2722 3772 2795; baseline -0.001 -20"><span class='ocrx_word' id='word_1_477' title='bbox 2205 2724 2458 2777; x_wconf 90' lang='lat' dir='ltr'><strong>oriuntur</strong></span> <span class='ocrx_word' id='word_1_478' title='bbox 2481 2740 2546 2778; x_wconf 80' lang='lat' dir='ltr'><strong>ex</strong></span> <span class='ocrx_word' id='word_1_479' title='bbox 2583 2726 2942 2795; x_wconf 79' lang='lat' dir='ltr'><strong>malignarum</strong></span> <span class='ocrx_word' id='word_1_480' title='bbox 2984 2733 3148 2793; x_wconf 90' lang='lat' dir='ltr'><strong>atque</strong></span> <span class='ocrx_word' id='word_1_481' title='bbox 3197 2722 3593 2778; x_wconf 89' lang='lat' dir='ltr'><strong>contrariarum</strong></span> <span class='ocrx_word' id='word_1_482' title='bbox 3647 2736 3772 2776; x_wconf 79' lang='lat' dir='ltr'><strong>uxo-</strong></span> 
     </span>
    </p>
   </div>
   <div class='ocr_carea' id='block_1_69' title="bbox 2209 2811 3771 2885">
    <p class='ocr_par' dir='ltr' id='par_1_69' title="bbox 2209 2811 3771 2885">
     <span class='ocr_line' id='line_1_69' title="bbox 2209 2811 3771 2885; baseline -0.001 -19"><span class='ocrx_word' id='word_1_483' title='bbox 2209 2828 2324 2866; x_wconf 93' lang='lat' dir='ltr'><strong>rum</strong></span> <span class='ocrx_word' id='word_1_484' title='bbox 2361 2815 2708 2882; x_wconf 89' lang='lat' dir='ltr'><strong>instigatione</strong></span> <span class='ocrx_word' id='word_1_485' title='bbox 2739 2831 2801 2869; x_wconf 90' lang='lat' dir='ltr'><strong>ac</strong></span> <span class='ocrx_word' id='word_1_486' title='bbox 2833 2818 3188 2885; x_wconf 87' lang='lat' dir='ltr'><strong>persuasione</strong></span> <span class='ocrx_word' id='word_1_487' title='bbox 3218 2833 3230 2868; x_wconf 93' lang='lat'><strong>:</strong></span> <span class='ocrx_word' id='word_1_488' title='bbox 3265 2827 3399 2882; x_wconf 90' lang='lat' dir='ltr'><strong>quas</strong></span> <span class='ocrx_word' id='word_1_489' title='bbox 3429 2828 3533 2866; x_wconf 94' lang='lat' dir='ltr'><strong>non</strong></span> <span class='ocrx_word' id='word_1_490' title='bbox 3574 2811 3771 2865; x_wconf 84' lang='lat' dir='ltr'><strong>debent</strong></span> 
     </span>
    </p>
   </div>
   <div class='ocr_carea' id='block_1_70' title="bbox 2205 2903 3769 2978">
    <p class='ocr_par' dir='ltr' id='par_1_70' title="bbox 2205 2903 3769 2978">
     <span class='ocr_line' id='line_1_70' title="bbox 2205 2903 3769 2978; baseline -0.001 -18"><span class='ocrx_word' id='word_1_491' title='bbox 2205 2910 2392 2962; x_wconf 86' lang='lat' dir='ltr'><strong>audire</strong></span> <span class='ocrx_word' id='word_1_492' title='bbox 2421 2909 2495 2962; x_wconf 92' lang='lat' dir='ltr'><strong>illi</strong></span> <span class='ocrx_word' id='word_1_493' title='bbox 2530 2910 2620 2976; x_wconf 88' lang='lat' dir='ltr'><strong>qui</strong></span> <span class='ocrx_word' id='word_1_494' title='bbox 2649 2910 2790 2963; x_wconf 89' lang='lat' dir='ltr'><strong>bene</strong></span> <span class='ocrx_word' id='word_1_495' title='bbox 2821 2909 3134 2978; x_wconf 83' lang='lat' dir='ltr'><strong>intelligunt</strong></span> <span class='ocrx_word' id='word_1_496' title='bbox 3183 2907 3310 2972; x_wconf 88' lang='lat' dir='ltr'><strong>viri,</strong></span> <span class='ocrx_word' id='word_1_497' title='bbox 3341 2907 3477 2960; x_wconf 89' lang='lat' dir='ltr'><strong>sicut</strong></span> <span class='ocrx_word' id='word_1_498' title='bbox 3507 2919 3605 2959; x_wconf 89' lang='lat' dir='ltr'><strong>nec</strong></span> <span class='ocrx_word' id='word_1_499' title='bbox 3638 2903 3769 2959; x_wconf 80' lang='lat' dir='ltr'><strong>bea-</strong></span> 
     </span>
    </p>
   </div>
   <div class='ocr_carea' id='block_1_71' title="bbox 2199 2993 3768 3067">
    <p class='ocr_par' dir='ltr' id='par_1_71' title="bbox 2199 2993 3768 3067">
     <span class='ocr_line' id='line_1_71' title="bbox 2199 2993 3768 3067; baseline -0.006 -13"><span class='ocrx_word' id='word_1_500' title='bbox 2199 3008 2286 3054; x_wconf 91' lang='lat' dir='ltr'><strong>tus</strong></span> <span class='ocrx_word' id='word_1_501' title='bbox 2325 2999 2426 3053; x_wconf 85' lang='lat' dir='ltr'><strong>Job</strong></span> <span class='ocrx_word' id='word_1_502' title='bbox 2464 2999 2693 3052; x_wconf 88' lang='lat' dir='ltr'><strong>audivit.</strong></span> <span class='ocrx_word' id='word_1_503' title='bbox 2735 2998 3026 3067; x_wconf 81' lang='lat' dir='ltr'><strong>Propterea</strong></span> <span class='ocrx_word' id='word_1_504' title='bbox 3059 3007 3144 3052; x_wconf 86' lang='lat' dir='ltr'><strong>est</strong></span> <span class='ocrx_word' id='word_1_505' title='bbox 3175 2997 3285 3050; x_wconf 93' lang='lat' dir='ltr'><strong>Deo</strong></span> <span class='ocrx_word' id='word_1_506' title='bbox 3313 2993 3686 3063; x_wconf 85' lang='lat' dir='ltr'><strong>acceptabilis,</strong></span> <span class='ocrx_word' id='word_1_507' title='bbox 3713 2999 3768 3046; x_wconf 92' lang='lat' dir='ltr'><strong>et</strong></span> 
     </span>
    </p>
   </div>
   <div class='ocr_carea' id='block_1_72' title="bbox 2202 3085 3767 3157">
    <p class='ocr_par' dir='ltr' id='par_1_72' title="bbox 2202 3085 3767 3157">
     <span class='ocr_line' id='line_1_72' title="bbox 2202 3085 3767 3157; baseline -0.005 -13"><span class='ocrx_word' id='word_1_508' title='bbox 2202 3092 2320 3145; x_wconf 88' lang='lat' dir='ltr'><strong>ideo</strong></span> <span class='ocrx_word' id='word_1_509' title='bbox 2351 3093 2489 3143; x_wconf 90' lang='lat' dir='ltr'><strong>inter</strong></span> <span class='ocrx_word' id='word_1_510' title='bbox 2520 3090 2718 3143; x_wconf 87' lang='lat' dir='ltr'><strong>choros</strong></span> <span class='ocrx_word' id='word_1_511' title='bbox 2745 3099 3060 3143; x_wconf 89' lang='lat' dir='ltr'><strong>sanctorum</strong></span> <span class='ocrx_word' id='word_1_512' title='bbox 3092 3085 3469 3157; x_wconf 86' lang='lat' dir='ltr'><strong>magttilicatur</strong></span> <span class='ocrx_word' id='word_1_513' title='bbox 3493 3085 3544 3138; x_wconf 94' lang='lat' dir='ltr'><strong>in</strong></span> <span class='ocrx_word' id='word_1_514' title='bbox 3581 3099 3767 3152; x_wconf 84' lang='lat' dir='ltr'><strong>perpe-</strong></span> 
     </span>
    </p>
   </div>
   <div class='ocr_carea' id='block_1_73' title="bbox 2202 3173 3768 3241">
    <p class='ocr_par' dir='ltr' id='par_1_73' title="bbox 2202 3173 3768 3241">
     <span class='ocr_line' id='line_1_73' title="bbox 2202 3173 3768 3241; baseline -0.005 -9"><span class='ocrx_word' id='word_1_515' title='bbox 2202 3191 2371 3234; x_wconf 91' lang='lat' dir='ltr'><strong>tuum.</strong></span> <span class='ocrx_word' id='word_1_516' title='bbox 2412 3177 2480 3232; x_wconf 90' lang='lat' dir='ltr'><strong>Ut</strong></span> <span class='ocrx_word' id='word_1_517' title='bbox 2530 3190 2704 3231; x_wconf 83' lang='lat' dir='ltr'><strong>autent</strong></span> <span class='ocrx_word' id='word_1_518' title='bbox 2765 3179 3041 3230; x_wconf 82' lang='lat' dir='ltr'><strong>audierunt</strong></span> <span class='ocrx_word' id='word_1_519' title='bbox 3080 3187 3182 3229; x_wconf 81' lang='lat' dir='ltr'><strong>tres</strong></span> <span class='ocrx_word' id='word_1_520' title='bbox 3231 3175 3390 3228; x_wconf 81' lang='lat' dir='ltr'><strong>amici</strong></span> <span class='ocrx_word' id='word_1_521' title='bbox 3433 3173 3548 3241; x_wconf 79' lang='lat' dir='ltr'><strong>ejus</strong></span> <span class='ocrx_word' id='word_1_522' title='bbox 3588 3173 3768 3224; x_wconf 81' lang='lat' dir='ltr'><strong>omnia</strong></span> 
     </span>
    </p>
   </div>
   <div class='ocr_carea' id='block_1_74' title="bbox 2199 3263 3761 3338">
    <p class='ocr_par' dir='ltr' id='par_1_74' title="bbox 2199 3263 3761 3338">
     <span class='ocr_line' id='line_1_74' title="bbox 2199 3263 3761 3338; baseline -0.005 -17"><span class='ocrx_word' id='word_1_523' title='bbox 2199 3268 2352 3338; x_wconf 71' lang='lat' dir='ltr'><strong>mala]</strong></span> <span class='ocrx_word' id='word_1_524' title='bbox 2381 3284 2498 3338; x_wconf 64' lang='lat' dir='ltr'><strong>quia</strong></span> <span class='ocrx_word' id='word_1_525' title='bbox 2526 3270 2571 3320; x_wconf 88' lang='lat' dir='ltr'><strong>ei</strong></span> <span class='ocrx_word' id='word_1_526' title='bbox 2598 3270 2900 3320; x_wconf 84' lang='lat' dir='ltr'><strong>acciderunt</strong></span> <span class='ocrx_word' id='word_1_527' title='bbox 2942 3267 3008 3320; x_wconf 81' lang='lat'><strong>“.</strong></span> <span class='ocrx_word' id='word_1_528' title='bbox 3053 3264 3124 3320; x_wconf 90' lang='lat' dir='ltr'><strong>Ut</strong></span> <span class='ocrx_word' id='word_1_529' title='bbox 3198 3267 3510 3328; x_wconf 86' lang='lat' dir='ltr'><strong>audierunt,</strong></span> <span class='ocrx_word' id='word_1_530' title='bbox 3568 3263 3761 3330; x_wconf 85' lang='lat' dir='ltr'><strong>inquit.</strong></span> 
     </span>
    </p>
   </div>
   <div class='ocr_carea' id='block_1_75' title="bbox 2196 3355 3762 3430">
    <p class='ocr_par' dir='ltr' id='par_1_75' title="bbox 2196 3355 3762 3430">
     <span class='ocr_line' id='line_1_75' title="bbox 2196 3355 3762 3430; baseline -0.004 -17"><span class='ocrx_word' id='word_1_531' title='bbox 2196 3362 2236 3413; x_wconf 86' lang='lat' dir='ltr'><strong>A</strong></span> <span class='ocrx_word' id='word_1_532' title='bbox 2271 3376 2377 3430; x_wconf 90' lang='lat' dir='ltr'><strong>quo</strong></span> <span class='ocrx_word' id='word_1_533' title='bbox 2403 3359 2720 3414; x_wconf 73' lang='lat' dir='ltr'><strong>audierunt?</strong></span> <span class='ocrx_word' id='word_1_534' title='bbox 2748 3358 2988 3412; x_wconf 86' lang='lat' dir='ltr'><strong>Primum</strong></span> <span class='ocrx_word' id='word_1_535' title='bbox 3035 3357 3249 3427; x_wconf 92' lang='lat' dir='ltr'><strong>quidem</strong></span> <span class='ocrx_word' id='word_1_536' title='bbox 3275 3372 3302 3409; x_wconf 89' lang='lat' dir='ltr'><strong>a</strong></span> <span class='ocrx_word' id='word_1_537' title='bbox 3341 3355 3762 3409; x_wconf 88' lang='lat' dir='ltr'><strong>transeuntibus.</strong></span> 
     </span>
    </p>
   </div>
   <div class='ocr_carea' id='block_1_76' title="bbox 2197 3445 3764 3520">
    <p class='ocr_par' dir='ltr' id='par_1_76' title="bbox 2197 3445 3764 3520">
     <span class='ocr_line' id='line_1_76' title="bbox 2197 3445 3764 3520; baseline -0.004 -15"><span class='ocrx_word' id='word_1_538' title='bbox 2197 3451 2328 3518; x_wconf 88' lang='lat' dir='ltr'><strong>Quis</strong></span> <span class='ocrx_word' id='word_1_539' title='bbox 2360 3452 2504 3506; x_wconf 88' lang='lat' dir='ltr'><strong>enim</strong></span> <span class='ocrx_word' id='word_1_540' title='bbox 2537 3460 2653 3506; x_wconf 87' lang='lat' dir='ltr'><strong>erat</strong></span> <span class='ocrx_word' id='word_1_541' title='bbox 2675 3451 2764 3520; x_wconf 92' lang='lat' dir='ltr'><strong>qui</strong></span> <span class='ocrx_word' id='word_1_542' title='bbox 2800 3466 2900 3506; x_wconf 93' lang='lat' dir='ltr'><strong>non</strong></span> <span class='ocrx_word' id='word_1_543' title='bbox 2939 3450 3254 3520; x_wconf 62' lang='lat' dir='ltr'><strong>praedicaret</strong></span> <span class='ocrx_word' id='word_1_544' title='bbox 3283 3449 3354 3518; x_wconf 75' lang='lat' dir='ltr'><strong>[ea</strong></span> <span class='ocrx_word' id='word_1_545' title='bbox 3382 3462 3500 3516; x_wconf 69' lang='lat' dir='ltr'><strong>qum</strong></span> <span class='ocrx_word' id='word_1_546' title='bbox 3534 3445 3634 3500; x_wconf 82' lang='lat' dir='ltr'><strong>Job</strong></span> <span class='ocrx_word' id='word_1_547' title='bbox 3675 3460 3764 3498; x_wconf 91' lang='lat' dir='ltr'><strong>ac-</strong></span> 
     </span>
    </p>
   </div>
   <div class='ocr_carea' id='block_1_77' title="bbox 2196 3537 3763 3609">
    <p class='ocr_par' dir='ltr' id='par_1_77' title="bbox 2196 3537 3763 3609">
     <span class='ocr_line' id='line_1_77' title="bbox 2196 3537 3763 3609; baseline -0.004 -16"><span class='ocrx_word' id='word_1_548' title='bbox 2196 3539 2480 3594; x_wconf 76' lang='lat' dir='ltr'><strong>ciderunt?</strong></span> <span class='ocrx_word' id='word_1_549' title='bbox 2513 3539 2644 3593; x_wconf 85' lang='lat' dir='ltr'><strong>Puto</strong></span> <span class='ocrx_word' id='word_1_550' title='bbox 2676 3540 2816 3609; x_wconf 87' lang='lat' dir='ltr'><strong>quod</strong></span> <span class='ocrx_word' id='word_1_551' title='bbox 2848 3548 2900 3594; x_wconf 89' lang='lat' dir='ltr'><strong>et</strong></span> <span class='ocrx_word' id='word_1_552' title='bbox 2938 3540 3109 3607; x_wconf 91' lang='lat' dir='ltr'><strong>ipsum</strong></span> <span class='ocrx_word' id='word_1_553' title='bbox 3167 3537 3386 3605; x_wconf 83' lang='lat' dir='ltr'><strong>pelagus</strong></span> <span class='ocrx_word' id='word_1_554' title='bbox 3417 3545 3471 3590; x_wconf 93' lang='lat' dir='ltr'><strong>et</strong></span> <span class='ocrx_word' id='word_1_555' title='bbox 3496 3550 3610 3600; x_wconf 88' lang='lat' dir='ltr'><strong>aer,</strong></span> <span class='ocrx_word' id='word_1_556' title='bbox 3635 3549 3763 3589; x_wconf 79' lang='lat' dir='ltr'><strong>ven-</strong></span> 
     </span>
    </p>
   </div>
   <div class='ocr_carea' id='block_1_78' title="bbox 2197 3629 3757 3701">
    <p class='ocr_par' dir='ltr' id='par_1_78' title="bbox 2197 3629 3757 3701">
     <span class='ocr_line' id='line_1_78' title="bbox 2197 3629 3757 3701; baseline -0.003 -15"><span class='ocrx_word' id='word_1_557' title='bbox 2197 3643 2371 3687; x_wconf 89' lang='lat' dir='ltr'><strong>torum</strong></span> <span class='ocrx_word' id='word_1_558' title='bbox 2409 3634 2756 3687; x_wconf 92' lang='lat' dir='ltr'><strong>nihilominus</strong></span> <span class='ocrx_word' id='word_1_559' title='bbox 2807 3631 3128 3701; x_wconf 91' lang='lat' dir='ltr'><strong>spirantium</strong></span> <span class='ocrx_word' id='word_1_560' title='bbox 3167 3630 3356 3694; x_wconf 86' lang='lat' dir='ltr'><strong>llabra,</strong></span> <span class='ocrx_word' id='word_1_561' title='bbox 3398 3629 3757 3684; x_wconf 83' lang='lat' dir='ltr'><strong>miserabilem</strong></span> 
     </span>
    </p>
   </div>
   <div class='ocr_carea' id='block_1_79' title="bbox 2200 3723 3758 3793">
    <p class='ocr_par' dir='ltr' id='par_1_79' title="bbox 2200 3723 3758 3793">
     <span class='ocr_line' id='line_1_79' title="bbox 2200 3723 3758 3793; baseline -0.002 -14"><span class='ocrx_word' id='word_1_562' title='bbox 2200 3726 2342 3780; x_wconf 91' lang='lat' dir='ltr'><strong>illam</strong></span> <span class='ocrx_word' id='word_1_563' title='bbox 2378 3726 2574 3778; x_wconf 88' lang='lat' dir='ltr'><strong>famam</strong></span> <span class='ocrx_word' id='word_1_564' title='bbox 2607 3735 2766 3793; x_wconf 89' lang='lat' dir='ltr'><strong>atque</strong></span> <span class='ocrx_word' id='word_1_565' title='bbox 2802 3724 3148 3780; x_wconf 89' lang='lat' dir='ltr'><strong>lamentabile</strong></span> <span class='ocrx_word' id='word_1_566' title='bbox 3186 3723 3314 3778; x_wconf 88' lang='lat' dir='ltr'><strong>illttd</strong></span> <span class='ocrx_word' id='word_1_567' title='bbox 3361 3723 3628 3782; x_wconf 87' lang='lat' dir='ltr'><strong>nuntium.</strong></span> <span class='ocrx_word' id='word_1_568' title='bbox 3662 3736 3758 3790; x_wconf 89' lang='lat' dir='ltr'><strong>per</strong></span> 
     </span>
    </p>
   </div>
   <div class='ocr_carea' id='block_1_80' title="bbox 2195 3812 3758 3886">
    <p class='ocr_par' dir='ltr' id='par_1_80' title="bbox 2195 3812 3758 3886">
     <span class='ocr_line' id='line_1_80' title="bbox 2195 3812 3758 3886; baseline -0.004 -15"><span class='ocrx_word' id='word_1_569' title='bbox 2195 3831 2386 3871; x_wconf 89' lang='lat' dir='ltr'><strong>omnes</strong></span> <span class='ocrx_word' id='word_1_570' title='bbox 2419 3816 2723 3886; x_wconf 90' lang='lat' dir='ltr'><strong>provincias</strong></span> <span class='ocrx_word' id='word_1_571' title='bbox 2753 3814 3153 3870; x_wconf 89' lang='lat' dir='ltr'><strong>ventilaverint.</strong></span> <span class='ocrx_word' id='word_1_572' title='bbox 3203 3814 3375 3883; x_wconf 88' lang='lat' dir='ltr'><strong>Super</strong></span> <span class='ocrx_word' id='word_1_573' title='bbox 3413 3812 3528 3867; x_wconf 66' lang='lat' dir='ltr'><strong>haec</strong></span> <span class='ocrx_word' id='word_1_574' title='bbox 3577 3822 3758 3866; x_wconf 84' lang='lat' dir='ltr'><strong>autem</strong></span> 
     </span>
    </p>
   </div>
   <div class='ocr_carea' id='block_1_81' title="bbox 2191 3905 3756 3975">
    <p class='ocr_par' dir='ltr' id='par_1_81' title="bbox 2191 3905 3756 3975">
     <span class='ocr_line' id='line_1_81' title="bbox 2191 3905 3756 3975; baseline -0.003 -14"><span class='ocrx_word' id='word_1_575' title='bbox 2191 3923 2376 3962; x_wconf 90' lang='lat' dir='ltr'><strong>omnes</strong></span> <span class='ocrx_word' id='word_1_576' title='bbox 2418 3907 2662 3961; x_wconf 90' lang='lat' dir='ltr'><strong>homines</strong></span> <span class='ocrx_word' id='word_1_577' title='bbox 2709 3907 2800 3975; x_wconf 92' lang='lat' dir='ltr'><strong>qui</strong></span> <span class='ocrx_word' id='word_1_578' title='bbox 2835 3907 3084 3961; x_wconf 89' lang='lat' dir='ltr'><strong>viderunt</strong></span> <span class='ocrx_word' id='word_1_579' title='bbox 3132 3907 3270 3960; x_wconf 87' lang='lat' dir='ltr'><strong>hanc</strong></span> <span class='ocrx_word' id='word_1_580' title='bbox 3317 3920 3426 3958; x_wconf 90' lang='lat' dir='ltr'><strong>rem</strong></span> <span class='ocrx_word' id='word_1_581' title='bbox 3454 3914 3506 3958; x_wconf 90' lang='lat' dir='ltr'><strong>et</strong></span> <span class='ocrx_word' id='word_1_582' title='bbox 3535 3905 3626 3973; x_wconf 91' lang='lat' dir='ltr'><strong>qui</strong></span> <span class='ocrx_word' id='word_1_583' title='bbox 3657 3918 3756 3956; x_wconf 86' lang='lat' dir='ltr'><strong>au-</strong></span> 
     </span>
    </p>
   </div>
   <div class='ocr_carea' id='block_1_82' title="bbox 2190 3999 3756 4069">
    <p class='ocr_par' dir='ltr' id='par_1_82' title="bbox 2190 3999 3756 4069">
     <span class='ocr_line' id='line_1_82' title="bbox 2190 3999 3756 4069; baseline -0.003 -13"><span class='ocrx_word' id='word_1_584' title='bbox 2190 4001 2428 4064; x_wconf 92' lang='lat' dir='ltr'><strong>dierunt,</strong></span> <span class='ocrx_word' id='word_1_585' title='bbox 2477 4000 2822 4054; x_wconf 78' lang='lat' dir='ltr'><strong>audientibus</strong></span> <span class='ocrx_word' id='word_1_586' title='bbox 2871 4000 2986 4054; x_wconf 68' lang='lat' dir='ltr'><strong>hmc</strong></span> <span class='ocrx_word' id='word_1_587' title='bbox 3035 3999 3400 4069; x_wconf 83' lang='lat' dir='ltr'><strong>divulgabant,</strong></span> <span class='ocrx_word' id='word_1_588' title='bbox 3437 3999 3548 4052; x_wconf 65' lang='lat' dir='ltr'><strong>hate</strong></span> <span class='ocrx_word' id='word_1_589' title='bbox 3578 3999 3756 4052; x_wconf 92' lang='lat' dir='ltr'><strong>nomi-</strong></span> 
     </span>
    </p>
   </div>
   <div class='ocr_carea' id='block_1_83' title="bbox 2190 4091 3756 4160">
    <p class='ocr_par' dir='ltr' id='par_1_83' title="bbox 2190 4091 3756 4160">
     <span class='ocr_line' id='line_1_83' title="bbox 2190 4091 3756 4160; baseline -0.001 -14"><span class='ocrx_word' id='word_1_590' title='bbox 2190 4093 2411 4156; x_wconf 90' lang='lat' dir='ltr'><strong>nabant,</strong></span> <span class='ocrx_word' id='word_1_591' title='bbox 2441 4095 2507 4146; x_wconf 89' lang='lat' dir='ltr'><strong>de</strong></span> <span class='ocrx_word' id='word_1_592' title='bbox 2542 4093 2624 4146; x_wconf 90' lang='lat' dir='ltr'><strong>his</strong></span> <span class='ocrx_word' id='word_1_593' title='bbox 2651 4093 3089 4159; x_wconf 84' lang='lat' dir='ltr'><strong>sciscitabantur,</strong></span> <span class='ocrx_word' id='word_1_594' title='bbox 3114 4095 3179 4146; x_wconf 91' lang='lat' dir='ltr'><strong>de</strong></span> <span class='ocrx_word' id='word_1_595' title='bbox 3216 4091 3300 4146; x_wconf 92' lang='lat' dir='ltr'><strong>his</strong></span> <span class='ocrx_word' id='word_1_596' title='bbox 3329 4091 3756 4160; x_wconf 85' lang='lat' dir='ltr'><strong>interrogabant,</strong></span> 
     </span>
    </p>
   </div>
   <div class='ocr_carea' id='block_1_84' title="bbox 2188 4179 3753 4252">
    <p class='ocr_par' dir='ltr' id='par_1_84' title="bbox 2188 4179 3753 4252">
     <span class='ocr_line' id='line_1_84' title="bbox 2188 4179 3753 4252; baseline -0.002 -14"><span class='ocrx_word' id='word_1_597' title='bbox 2188 4193 2241 4238; x_wconf 92' lang='lat' dir='ltr'><strong>et</strong></span> <span class='ocrx_word' id='word_1_598' title='bbox 2268 4185 2319 4238; x_wconf 92' lang='lat' dir='ltr'><strong>in</strong></span> <span class='ocrx_word' id='word_1_599' title='bbox 2352 4184 2508 4246; x_wconf 89' lang='lat' dir='ltr'><strong>vicis,</strong></span> <span class='ocrx_word' id='word_1_600' title='bbox 2549 4195 2603 4239; x_wconf 91' lang='lat' dir='ltr'><strong>et</strong></span> <span class='ocrx_word' id='word_1_601' title='bbox 2635 4184 2686 4238; x_wconf 92' lang='lat' dir='ltr'><strong>in</strong></span> <span class='ocrx_word' id='word_1_602' title='bbox 2727 4184 2900 4237; x_wconf 91' lang='lat' dir='ltr'><strong>triviis</strong></span> <span class='ocrx_word' id='word_1_603' title='bbox 2938 4193 2991 4237; x_wconf 93' lang='lat' dir='ltr'><strong>et</strong></span> <span class='ocrx_word' id='word_1_604' title='bbox 3037 4185 3090 4236; x_wconf 90' lang='lat' dir='ltr'><strong>in</strong></span> <span class='ocrx_word' id='word_1_605' title='bbox 3128 4182 3318 4252; x_wconf 88' lang='lat' dir='ltr'><strong>plateis</strong></span> <span class='ocrx_word' id='word_1_606' title='bbox 3342 4181 3594 4245; x_wconf 90' lang='lat' dir='ltr'><strong>civitatis,</strong></span> <span class='ocrx_word' id='word_1_607' title='bbox 3621 4179 3753 4235; x_wconf 90' lang='lat' dir='ltr'><strong>etin</strong></span> 
     </span>
    </p>
   </div>
   <div class='ocr_carea' id='block_1_85' title="bbox 2186 4273 3754 4344">
    <p class='ocr_par' dir='ltr' id='par_1_85' title="bbox 2186 4273 3754 4344">
     <span class='ocr_line' id='line_1_85' title="bbox 2186 4273 3754 4344; baseline -0.001 -16"><span class='ocrx_word' id='word_1_608' title='bbox 2186 4276 2486 4344; x_wconf 89' lang='lat' dir='ltr'><strong>porticibus</strong></span> <span class='ocrx_word' id='word_1_609' title='bbox 2534 4276 2843 4341; x_wconf 87' lang='lat' dir='ltr'><strong>domorum,</strong></span> <span class='ocrx_word' id='word_1_610' title='bbox 2895 4285 2950 4328; x_wconf 86' lang='lat' dir='ltr'><strong>ct</strong></span> <span class='ocrx_word' id='word_1_611' title='bbox 3009 4276 3098 4344; x_wconf 90' lang='lat' dir='ltr'><strong>qui</strong></span> <span class='ocrx_word' id='word_1_612' title='bbox 3150 4275 3252 4328; x_wconf 88' lang='lat' dir='ltr'><strong>iter</strong></span> <span class='ocrx_word' id='word_1_613' title='bbox 3291 4273 3539 4344; x_wconf 75' lang='lat' dir='ltr'><strong>agebant,</strong></span> <span class='ocrx_word' id='word_1_614' title='bbox 3594 4281 3754 4341; x_wconf 83' lang='lat' dir='ltr'><strong>atque</strong></span> 
     </span>
    </p>
   </div>
   <div class='ocr_carea' id='block_1_86' title="bbox 2185 4360 3752 4431">
    <p class='ocr_par' dir='ltr' id='par_1_86' title="bbox 2185 4360 3752 4431">
     <span class='ocr_line' id='line_1_86' title="bbox 2185 4360 3752 4431; baseline 0 -18"><span class='ocrx_word' id='word_1_615' title='bbox 2185 4373 2372 4414; x_wconf 90' lang='lat' dir='ltr'><strong>omnes</strong></span> <span class='ocrx_word' id='word_1_616' title='bbox 2399 4363 2486 4429; x_wconf 92' lang='lat' dir='ltr'><strong>qui</strong></span> <span class='ocrx_word' id='word_1_617' title='bbox 2516 4361 2615 4416; x_wconf 87' lang='lat' dir='ltr'><strong>sibi</strong></span> <span class='ocrx_word' id='word_1_618' title='bbox 2643 4363 2870 4417; x_wconf 90' lang='lat' dir='ltr'><strong>invicem</strong></span> <span class='ocrx_word' id='word_1_619' title='bbox 2906 4361 3108 4431; x_wconf 85' lang='lat' dir='ltr'><strong>ubique</strong></span> <span class='ocrx_word' id='word_1_620' title='bbox 3136 4362 3516 4426; x_wconf 88' lang='lat' dir='ltr'><strong>occurrebant,</strong></span> <span class='ocrx_word' id='word_1_621' title='bbox 3546 4361 3660 4414; x_wconf 77' lang='lat' dir='ltr'><strong>haec</strong></span> <span class='ocrx_word' id='word_1_622' title='bbox 3683 4360 3752 4413; x_wconf 87' lang='lat' dir='ltr'><strong>ad</strong></span> 
     </span>
    </p>
   </div>
   <div class='ocr_carea' id='block_1_87' title="bbox 2185 4450 3751 4522">
    <p class='ocr_par' dir='ltr' id='par_1_87' title="bbox 2185 4450 3751 4522">
     <span class='ocr_line' id='line_1_87' title="bbox 2185 4450 3751 4522; baseline -0.001 -18"><span class='ocrx_word' id='word_1_623' title='bbox 2185 4451 2504 4506; x_wconf 88' lang='lat' dir='ltr'><strong>alterutrum</strong></span> <span class='ocrx_word' id='word_1_624' title='bbox 2546 4452 2925 4522; x_wconf 87' lang='lat' dir='ltr'><strong>loquebantur,</strong></span> <span class='ocrx_word' id='word_1_625' title='bbox 2962 4453 3134 4507; x_wconf 88' lang='lat' dir='ltr'><strong>dehis</strong></span> <span class='ocrx_word' id='word_1_626' title='bbox 3166 4466 3225 4506; x_wconf 90' lang='lat' dir='ltr'><strong>se</strong></span> <span class='ocrx_word' id='word_1_627' title='bbox 3261 4450 3490 4506; x_wconf 91' lang='lat' dir='ltr'><strong>invicem</strong></span> <span class='ocrx_word' id='word_1_628' title='bbox 3525 4450 3751 4504; x_wconf 85' lang='lat' dir='ltr'><strong>interro-</strong></span> 
     </span>
    </p>
   </div>
   <div class='ocr_carea' id='block_1_88' title="bbox 2183 4539 3750 4612">
    <p class='ocr_par' dir='ltr' id='par_1_88' title="bbox 2183 4539 3750 4612">
     <span class='ocr_line' id='line_1_88' title="bbox 2183 4539 3750 4612; baseline -0.001 -18"><span class='ocrx_word' id='word_1_629' title='bbox 2183 4545 2420 4609; x_wconf 79' lang='lat' dir='ltr'><strong>gabant:</strong></span> <span class='ocrx_word' id='word_1_630' title='bbox 2452 4544 2690 4598; x_wconf 83' lang='lat' dir='ltr'><strong>maxime</strong></span> <span class='ocrx_word' id='word_1_631' title='bbox 2737 4545 2774 4597; x_wconf 88' lang='lat' dir='ltr'><strong>ii</strong></span> <span class='ocrx_word' id='word_1_632' title='bbox 2824 4544 2914 4612; x_wconf 92' lang='lat' dir='ltr'><strong>qui</strong></span> <span class='ocrx_word' id='word_1_633' title='bbox 2967 4545 3032 4598; x_wconf 90' lang='lat' dir='ltr'><strong>de</strong></span> <span class='ocrx_word' id='word_1_634' title='bbox 3067 4541 3358 4612; x_wconf 88' lang='lat' dir='ltr'><strong>longinquo</strong></span> <span class='ocrx_word' id='word_1_635' title='bbox 3383 4539 3667 4595; x_wconf 87' lang='lat' dir='ltr'><strong>veniebant</strong></span> <span class='ocrx_word' id='word_1_636' title='bbox 3695 4547 3750 4594; x_wconf 92' lang='lat' dir='ltr'><strong>et</strong></span> 
     </span>
    </p>
   </div>
   <div class='ocr_carea' id='block_1_89' title="bbox 2183 4633 3744 4705">
    <p class='ocr_par' dir='ltr' id='par_1_89' title="bbox 2183 4633 3744 4705">
     <span class='ocr_line' id='line_1_89' title="bbox 2183 4633 3744 4705; baseline -0.002 -16"><span class='ocrx_word' id='word_1_637' title='bbox 2183 4637 2364 4705; x_wconf 89' lang='lat' dir='ltr'><strong>aliquo</strong></span> <span class='ocrx_word' id='word_1_638' title='bbox 2396 4636 2898 4704; x_wconf 79' lang='lat' dir='ltr'><strong>proficiscebantur,</strong></span> <span class='ocrx_word' id='word_1_639' title='bbox 2927 4649 3117 4689; x_wconf 89' lang='lat' dir='ltr'><strong>omnes</strong></span> <span class='ocrx_word' id='word_1_640' title='bbox 3150 4635 3348 4704; x_wconf 90' lang='lat' dir='ltr'><strong>quibus</strong></span> <span class='ocrx_word' id='word_1_641' title='bbox 3369 4633 3744 4698; x_wconf 88' lang='lat' dir='ltr'><strong>occurrebant,</strong></span> 
     </span>
    </p>
   </div>
   <div class='ocr_carea' id='block_1_90' title="bbox 2182 4723 3746 4795">
    <p class='ocr_par' dir='ltr' id='par_1_90' title="bbox 2182 4723 3746 4795">
     <span class='ocr_line' id='line_1_90' title="bbox 2182 4723 3746 4795; baseline -0.001 -17"><span class='ocrx_word' id='word_1_642' title='bbox 2182 4725 2247 4780; x_wconf 87' lang='lat' dir='ltr'><strong>de</strong></span> <span class='ocrx_word' id='word_1_643' title='bbox 2297 4725 2382 4779; x_wconf 88' lang='lat' dir='ltr'><strong>his</strong></span> <span class='ocrx_word' id='word_1_644' title='bbox 2434 4725 2862 4795; x_wconf 85' lang='lat' dir='ltr'><strong>interrogabant,</strong></span> <span class='ocrx_word' id='word_1_645' title='bbox 2907 4725 3149 4780; x_wconf 87' lang='lat' dir='ltr'><strong>dicentes</strong></span> <span class='ocrx_word' id='word_1_646' title='bbox 3190 4742 3203 4777; x_wconf 92' lang='lat'><strong>:</strong></span> <span class='ocrx_word' id='word_1_647' title='bbox 3251 4723 3306 4778; x_wconf 91' lang='lat' dir='ltr'><strong>Si</strong></span> <span class='ocrx_word' id='word_1_648' title='bbox 3357 4739 3541 4778; x_wconf 91' lang='lat' dir='ltr'><strong>verum</strong></span> <span class='ocrx_word' id='word_1_649' title='bbox 3577 4734 3678 4785; x_wconf 89' lang='lat' dir='ltr'><strong>est,</strong></span> <span class='ocrx_word' id='word_1_650' title='bbox 3712 4737 3746 4777; x_wconf 94' lang='lat' dir='ltr'><strong>o</strong></span> 
     </span>
    </p>
   </div>
   <div class='ocr_carea' id='block_1_91' title="bbox 2179 4814 3747 4884">
    <p class='ocr_par' dir='ltr' id='par_1_91' title="bbox 2179 4814 3747 4884">
     <span class='ocr_line' id='line_1_91' title="bbox 2179 4814 3747 4884; baseline 0.001 -17"><span class='ocrx_word' id='word_1_651' title='bbox 2179 4816 2303 4882; x_wconf 90' lang='lat' dir='ltr'><strong>viri,</strong></span> <span class='ocrx_word' id='word_1_652' title='bbox 2356 4815 2456 4869; x_wconf 88' lang='lat' dir='ltr'><strong>hoc</strong></span> <span class='ocrx_word' id='word_1_653' title='bbox 2507 4816 2648 4884; x_wconf 90' lang='lat' dir='ltr'><strong>quod</strong></span> <span class='ocrx_word' id='word_1_654' title='bbox 2688 4817 2752 4870; x_wconf 90' lang='lat' dir='ltr'><strong>de</strong></span> <span class='ocrx_word' id='word_1_655' title='bbox 2793 4814 2894 4870; x_wconf 82' lang='lat' dir='ltr'><strong>Job</strong></span> <span class='ocrx_word' id='word_1_656' title='bbox 2942 4815 3162 4880; x_wconf 90' lang='lat' dir='ltr'><strong>dicitur,</strong></span> <span class='ocrx_word' id='word_1_657' title='bbox 3210 4815 3254 4870; x_wconf 92' lang='lat' dir='ltr'><strong>si</strong></span> <span class='ocrx_word' id='word_1_658' title='bbox 3302 4829 3486 4870; x_wconf 90' lang='lat' dir='ltr'><strong>verum</strong></span> <span class='ocrx_word' id='word_1_659' title='bbox 3518 4824 3602 4869; x_wconf 89' lang='lat' dir='ltr'><strong>est</strong></span> <span class='ocrx_word' id='word_1_660' title='bbox 3644 4815 3747 4868; x_wconf 89' lang='lat' dir='ltr'><strong>hoc</strong></span> 
     </span>
    </p>
   </div>
   <div class='ocr_carea' id='block_1_92' title="bbox 2178 4904 3743 4977">
    <p class='ocr_par' dir='ltr' id='par_1_92' title="bbox 2178 4904 3743 4977">
     <span class='ocr_line' id='line_1_92' title="bbox 2178 4904 3743 4977; baseline -0.003 -16"><span class='ocrx_word' id='word_1_661' title='bbox 2178 4908 2319 4977; x_wconf 91' lang='lat' dir='ltr'><strong>quod</strong></span> <span class='ocrx_word' id='word_1_662' title='bbox 2351 4908 2415 4962; x_wconf 90' lang='lat' dir='ltr'><strong>de</strong></span> <span class='ocrx_word' id='word_1_663' title='bbox 2435 4909 2581 4977; x_wconf 89' lang='lat' dir='ltr'><strong>justo</strong></span> <span class='ocrx_word' id='word_1_664' title='bbox 2613 4907 2700 4960; x_wconf 93' lang='lat' dir='ltr'><strong>illo</strong></span> <span class='ocrx_word' id='word_1_665' title='bbox 2731 4907 3075 4976; x_wconf 65' lang='lat' dir='ltr'><strong>praedicatur,</strong></span> <span class='ocrx_word' id='word_1_666' title='bbox 3103 4904 3258 4972; x_wconf 89' lang='lat' dir='ltr'><strong>cujus</strong></span> <span class='ocrx_word' id='word_1_667' title='bbox 3289 4905 3516 4973; x_wconf 90' lang='lat' dir='ltr'><strong>justitiis</strong></span> <span class='ocrx_word' id='word_1_668' title='bbox 3544 4904 3743 4959; x_wconf 62' lang='lat' dir='ltr'><strong>caelum</strong></span> 
     </span>
    </p>
   </div>
   <div class='ocr_carea' id='block_1_93' title="bbox 2178 4996 3744 5067">
    <p class='ocr_par' dir='ltr' id='par_1_93' title="bbox 2178 4996 3744 5067">
     <span class='ocr_line' id='line_1_93' title="bbox 2178 4996 3744 5067; baseline -0.002 -14"><span class='ocrx_word' id='word_1_669' title='bbox 2178 5010 2232 5053; x_wconf 92' lang='lat' dir='ltr'><strong>et</strong></span> <span class='ocrx_word' id='word_1_670' title='bbox 2266 5010 2407 5054; x_wconf 90' lang='lat' dir='ltr'><strong>terra</strong></span> <span class='ocrx_word' id='word_1_671' title='bbox 2460 5009 2625 5067; x_wconf 91' lang='lat' dir='ltr'><strong>atque</strong></span> <span class='ocrx_word' id='word_1_672' title='bbox 2673 5012 2864 5051; x_wconf 88' lang='lat' dir='ltr'><strong>onmes</strong></span> <span class='ocrx_word' id='word_1_673' title='bbox 2915 4999 3164 5052; x_wconf 89' lang='lat' dir='ltr'><strong>homines</strong></span> <span class='ocrx_word' id='word_1_674' title='bbox 3219 5005 3565 5059; x_wconf 85' lang='lat' dir='ltr'><strong>attestantur,</strong></span> <span class='ocrx_word' id='word_1_675' title='bbox 3601 4996 3744 5065; x_wconf 84' lang='lat' dir='ltr'><strong>quod</strong></span> 
     </span>
    </p>
   </div>
   <div class='ocr_carea' id='block_1_94' title="bbox 510 5087 3745 5174">
    <p class='ocr_par' dir='ltr' id='par_1_94' title="bbox 510 5087 3745 5174">
     <span class='ocr_line' id='line_1_94' title="bbox 510 5087 3745 5174; baseline -0.007 -12"><span class='ocrx_word' id='word_1_676' title='bbox 510 5109 625 5162; x_wconf 91' lang='lat' dir='ltr'><strong>dite</strong></span> <span class='ocrx_word' id='word_1_677' title='bbox 654 5105 938 5159; x_wconf 87' lang='lat' dir='ltr'><strong>animabus</strong></span> <span class='ocrx_word' id='word_1_678' title='bbox 966 5099 1186 5164; x_wconf 88' lang='lat' dir='ltr'><strong>vestris,</strong></span> <span class='ocrx_word' id='word_1_679' title='bbox 1209 5115 1240 5153; x_wconf 95' lang='lat' dir='ltr'><strong>o</strong></span> <span class='ocrx_word' id='word_1_680' title='bbox 1263 5099 1390 5162; x_wconf 89' lang='lat' dir='ltr'><strong>viri,</strong></span> <span class='ocrx_word' id='word_1_681' title='bbox 1427 5101 1494 5152; x_wconf 89' lang='lat' dir='ltr'><strong>ab</strong></span> <span class='ocrx_word' id='word_1_682' title='bbox 1531 5099 1719 5152; x_wconf 76' lang='lat' dir='ltr'><strong>uxoris</strong></span> <span class='ocrx_word' id='word_1_683' title='bbox 1749 5097 2069 5152; x_wconf 80' lang='lat' dir='ltr'><strong>concitatio-</strong></span> <span class='ocrx_word' id='word_1_684' title='bbox 2103 5115 2151 5174; x_wconf 75' lang='grc' dir='ltr'>υ</span> <span class='ocrx_word' id='word_1_685' title='bbox 2180 5101 2286 5144; x_wconf 87' lang='lat' dir='ltr'><strong>tant</strong></span> <span class='ocrx_word' id='word_1_686' title='bbox 2322 5104 2506 5144; x_wconf 88' lang='lat' dir='ltr'><strong>amare</strong></span> <span class='ocrx_word' id='word_1_687' title='bbox 2537 5089 2772 5144; x_wconf 88' lang='lat' dir='ltr'><strong>miseriis</strong></span> <span class='ocrx_word' id='word_1_688' title='bbox 2799 5087 3028 5142; x_wconf 85' lang='lat' dir='ltr'><strong>alllictus</strong></span> <span class='ocrx_word' id='word_1_689' title='bbox 3058 5089 3147 5152; x_wconf 93' lang='lat' dir='ltr'><strong>sit,</strong></span> <span class='ocrx_word' id='word_1_690' title='bbox 3199 5089 3342 5158; x_wconf 89' lang='lat' dir='ltr'><strong>quod</strong></span> <span class='ocrx_word' id='word_1_691' title='bbox 3375 5097 3479 5141; x_wconf 91' lang='lat' dir='ltr'><strong>tam</strong></span> <span class='ocrx_word' id='word_1_692' title='bbox 3517 5088 3745 5142; x_wconf 79' lang='lat' dir='ltr'><strong>misera-</strong></span> 
     </span>
    </p>
   </div>
   <div class='ocr_carea' id='block_1_95' title="bbox 510 5189 2063 5264">
    <p class='ocr_par' dir='ltr' id='par_1_95' title="bbox 510 5189 2063 5264">
     <span class='ocr_line' id='line_1_95' title="bbox 510 5189 2063 5264; baseline -0.009 -10"><span class='ocrx_word' id='word_1_693' title='bbox 510 5198 668 5254; x_wconf 89' lang='lat' dir='ltr'><strong>nibus</strong></span> <span class='ocrx_word' id='word_1_694' title='bbox 706 5207 866 5264; x_wconf 90' lang='lat' dir='ltr'><strong>atque</strong></span> <span class='ocrx_word' id='word_1_695' title='bbox 894 5196 1048 5249; x_wconf 84' lang='lat' dir='ltr'><strong>malis</strong></span> <span class='ocrx_word' id='word_1_696' title='bbox 1082 5192 1541 5263; x_wconf 82' lang='lat' dir='ltr'><strong>instigationibus.</strong></span> <span class='ocrx_word' id='word_1_697' title='bbox 1589 5189 1696 5244; x_wconf 82' lang='lat' dir='ltr'><strong>Per</strong></span> <span class='ocrx_word' id='word_1_698' title='bbox 1739 5191 1877 5244; x_wconf 89' lang='lat' dir='ltr'><strong>hanc</strong></span> <span class='ocrx_word' id='word_1_699' title='bbox 1921 5193 2063 5242; x_wconf 87' lang='lat' dir='ltr'><strong>enim</strong></span> 
     </span>
    </p>
   </div>
   <div class='ocr_carea' id='block_1_96' title="bbox 508 5281 2065 5358">
    <p class='ocr_par' dir='ltr' id='par_1_96' title="bbox 508 5281 2065 5358">
     <span class='ocr_line' id='line_1_96' title="bbox 508 5281 2065 5358; baseline -0.01 -12"><span class='ocrx_word' id='word_1_700' title='bbox 508 5295 562 5347; x_wconf 89' lang='lat' dir='ltr'><strong>in</strong></span> <span class='ocrx_word' id='word_1_701' title='bbox 590 5291 778 5345; x_wconf 90' lang='lat' dir='ltr'><strong>ultimo</strong></span> <span class='ocrx_word' id='word_1_702' title='bbox 805 5289 1159 5358; x_wconf 86' lang='lat' dir='ltr'><strong>supplantare</strong></span> <span class='ocrx_word' id='word_1_703' title='bbox 1187 5284 1287 5339; x_wconf 80' lang='lat' dir='ltr'><strong>Job</strong></span> <span class='ocrx_word' id='word_1_704' title='bbox 1322 5285 1478 5336; x_wconf 88' lang='lat' dir='ltr'><strong>nistts</strong></span> <span class='ocrx_word' id='word_1_705' title='bbox 1525 5292 1607 5335; x_wconf 76' lang='lat' dir='ltr'><strong>est</strong></span> <span class='ocrx_word' id='word_1_706' title='bbox 1661 5281 1924 5339; x_wconf 85' lang='lat' dir='ltr'><strong>diabolus.</strong></span> <span class='ocrx_word' id='word_1_707' title='bbox 1971 5294 2065 5347; x_wconf 88' lang='lat' dir='ltr'><strong>per</strong></span> 
     </span>
    </p>
   </div>
   <div class='ocr_carea' id='block_1_97' title="bbox 510 5372 2060 5452">
    <p class='ocr_par' dir='ltr' id='par_1_97' title="bbox 510 5372 2060 5452">
     <span class='ocr_line' id='line_1_97' title="bbox 510 5372 2060 5452; baseline -0.012 -9"><span class='ocrx_word' id='word_1_708' title='bbox 510 5391 658 5443; x_wconf 89' lang='lat' dir='ltr'><strong>hanc</strong></span> <span class='ocrx_word' id='word_1_709' title='bbox 688 5399 946 5452; x_wconf 88' lang='lat' dir='ltr'><strong>superare</strong></span> <span class='ocrx_word' id='word_1_710' title='bbox 978 5378 1217 5450; x_wconf 88' lang='lat' dir='ltr'><strong>speravit</strong></span> <span class='ocrx_word' id='word_1_711' title='bbox 1254 5377 1426 5439; x_wconf 91' lang='lat' dir='ltr'><strong>illum,</strong></span> <span class='ocrx_word' id='word_1_712' title='bbox 1462 5390 1617 5442; x_wconf 89' lang='lat' dir='ltr'><strong>quem</strong></span> <span class='ocrx_word' id='word_1_713' title='bbox 1656 5389 1748 5442; x_wconf 89' lang='lat' dir='ltr'><strong>per</strong></span> <span class='ocrx_word' id='word_1_714' title='bbox 1801 5372 2060 5440; x_wconf 88' lang='lat' dir='ltr'><strong>plurimos</strong></span> 
     </span>
    </p>
   </div>
   <div class='ocr_carea' id='block_1_98' title="bbox 504 5459 2063 5546">
    <p class='ocr_par' dir='ltr' id='par_1_98' title="bbox 504 5459 2063 5546">
     <span class='ocr_line' id='line_1_98' title="bbox 504 5459 2063 5546; baseline -0.012 -14"><span class='ocrx_word' id='word_1_715' title='bbox 504 5491 670 5546; x_wconf 88' lang='lat' dir='ltr'><strong>atque</strong></span> <span class='ocrx_word' id='word_1_716' title='bbox 719 5477 962 5545; x_wconf 88' lang='lat' dir='ltr'><strong>ingentes</strong></span> <span class='ocrx_word' id='word_1_717' title='bbox 1025 5472 1235 5528; x_wconf 88' lang='lat' dir='ltr'><strong>dolores</strong></span> <span class='ocrx_word' id='word_1_718' title='bbox 1275 5482 1531 5534; x_wconf 88' lang='lat' dir='ltr'><strong>superare</strong></span> <span class='ocrx_word' id='word_1_719' title='bbox 1583 5480 1686 5518; x_wconf 91' lang='lat' dir='ltr'><strong>non</strong></span> <span class='ocrx_word' id='word_1_720' title='bbox 1733 5463 1924 5531; x_wconf 90' lang='lat' dir='ltr'><strong>potuit.</strong></span> <span class='ocrx_word' id='word_1_721' title='bbox 1959 5459 2063 5514; x_wconf 89' lang='lat' dir='ltr'><strong>Per</strong></span> 
     </span>
    </p>
   </div>
   <div class='ocr_carea' id='block_1_99' title="bbox 506 5554 2062 5634">
    <p class='ocr_par' dir='ltr' id='par_1_99' title="bbox 506 5554 2062 5634">
     <span class='ocr_line' id='line_1_99' title="bbox 506 5554 2062 5634; baseline -0.013 -7"><span class='ocrx_word' id='word_1_722' title='bbox 506 5574 638 5627; x_wconf 85' lang='lat' dir='ltr'><strong>istas</strong></span> <span class='ocrx_word' id='word_1_723' title='bbox 675 5571 838 5624; x_wconf 88' lang='lat' dir='ltr'><strong>etiam</strong></span> <span class='ocrx_word' id='word_1_724' title='bbox 872 5583 1013 5621; x_wconf 90' lang='lat' dir='ltr'><strong>nunc</strong></span> <span class='ocrx_word' id='word_1_725' title='bbox 1034 5565 1293 5634; x_wconf 90' lang='lat' dir='ltr'><strong>plurimos</strong></span> <span class='ocrx_word' id='word_1_726' title='bbox 1317 5559 1599 5622; x_wconf 81' lang='lat' dir='ltr'><strong>subvertit,</strong></span> <span class='ocrx_word' id='word_1_727' title='bbox 1632 5571 1726 5624; x_wconf 90' lang='lat' dir='ltr'><strong>per</strong></span> <span class='ocrx_word' id='word_1_728' title='bbox 1750 5557 1880 5608; x_wconf 86' lang='lat' dir='ltr'><strong>istas</strong></span> <span class='ocrx_word' id='word_1_729' title='bbox 1902 5554 2062 5606; x_wconf 84' lang='lat' dir='ltr'><strong>etiam</strong></span> 
     </span>
    </p>
   </div>
   <div class='ocr_carea' id='block_1_100' title="bbox 513 5645 2055 5731">
    <p class='ocr_par' dir='ltr' id='par_1_100' title="bbox 513 5645 2055 5731">
     <span class='ocr_line' id='line_1_100' title="bbox 513 5645 2055 5731; baseline -0.014 -14"><span class='ocrx_word' id='word_1_730' title='bbox 513 5679 654 5718; x_wconf 89' lang='lat' dir='ltr'><strong>nunc</strong></span> <span class='ocrx_word' id='word_1_731' title='bbox 679 5661 942 5731; x_wconf 88' lang='lat' dir='ltr'><strong>plurimos</strong></span> <span class='ocrx_word' id='word_1_732' title='bbox 972 5659 1036 5710; x_wconf 88' lang='lat' dir='ltr'><strong>ad</strong></span> <span class='ocrx_word' id='word_1_733' title='bbox 1081 5655 1218 5710; x_wconf 86' lang='lat' dir='ltr'><strong>mala</strong></span> <span class='ocrx_word' id='word_1_734' title='bbox 1247 5651 1553 5719; x_wconf 85' lang='lat' dir='ltr'><strong>persuadet,</strong></span> <span class='ocrx_word' id='word_1_735' title='bbox 1593 5647 1725 5699; x_wconf 88' lang='lat' dir='ltr'><strong>alios</strong></span> <span class='ocrx_word' id='word_1_736' title='bbox 1756 5646 1820 5698; x_wconf 91' lang='lat' dir='ltr'><strong>ad</strong></span> <span class='ocrx_word' id='word_1_737' title='bbox 1851 5645 2055 5697; x_wconf 76' lang='lat' dir='ltr'><strong>calum-</strong></span> 
     </span>
    </p>
   </div>
   <div class='ocr_carea' id='block_1_101' title="bbox 996 5828 1910 5904">
    <p class='ocr_par' dir='ltr' id='par_1_101' title="bbox 996 5828 1910 5904">
     <span class='ocr_line' id='line_1_101' title="bbox 996 5828 1910 5904; baseline -0.015 -10"><span class='ocrx_word' id='word_1_738' title='bbox 996 5840 1040 5872; x_wconf 82' lang='lat'><strong>&quot;</strong></span> <span class='ocrx_word' id='word_1_739' title='bbox 1065 5840 1084 5893; x_wconf 95' lang='lat' dir='ltr'><strong>l</strong></span> <span class='ocrx_word' id='word_1_740' title='bbox 1114 5838 1238 5894; x_wconf 91' lang='lat' dir='ltr'><strong>Cor.</strong></span> <span class='ocrx_word' id='word_1_741' title='bbox 1263 5853 1353 5904; x_wconf 78' lang='lat' dir='ltr'><strong>xv,</strong></span> <span class='ocrx_word' id='word_1_742' title='bbox 1386 5836 1475 5891; x_wconf 75' lang='lat'><strong>3&#39;5.</strong></span> <span class='ocrx_word' id='word_1_743' title='bbox 1551 5834 1594 5866; x_wconf 78' lang='lat'><strong>&#39;°</strong></span> <span class='ocrx_word' id='word_1_744' title='bbox 1617 5832 1716 5889; x_wconf 81' lang='lat' dir='ltr'><strong>Job</strong></span> <span class='ocrx_word' id='word_1_745' title='bbox 1741 5848 1800 5898; x_wconf 91' lang='lat' dir='ltr'><strong>tt,</strong></span> <span class='ocrx_word' id='word_1_746' title='bbox 1831 5828 1910 5882; x_wconf 81' lang='lat' dir='ltr'><strong>ll.</strong></span> 
     </span>
    </p>
   </div>
   <div class='ocr_carea' id='block_1_102' title="bbox 570 5843 918 5905">
    <p class='ocr_par' dir='ltr' id='par_1_102' title="bbox 570 5843 918 5905">
     <span class='ocr_line' id='line_1_102' title="bbox 570 5843 918 5905; baseline -0.017 -3"><span class='ocrx_word' id='word_1_747' title='bbox 570 5849 616 5878; x_wconf 82' lang='lat'><strong>&quot;&#39;</strong></span> <span class='ocrx_word' id='word_1_748' title='bbox 639 5847 738 5904; x_wconf 82' lang='lat' dir='ltr'><strong>.lob</strong></span> <span class='ocrx_word' id='word_1_749' title='bbox 775 5860 834 5905; x_wconf 89' lang='lat' dir='ltr'><strong>tt.</strong></span> <span class='ocrx_word' id='word_1_750' title='bbox 862 5843 918 5897; x_wconf 80' lang='grc'><strong>5.</strong></span> 
     </span>
    </p>
   </div>
   <div class='ocr_carea' id='block_1_103' title="bbox 2178 5177 3740 5250">
    <p class='ocr_par' dir='ltr' id='par_1_103' title="bbox 2178 5177 3740 5250">
     <span class='ocr_line' id='line_1_103' title="bbox 2178 5177 3740 5250; baseline -0.003 -15"><span class='ocrx_word' id='word_1_751' title='bbox 2178 5181 2355 5236; x_wconf 89' lang='lat' dir='ltr'><strong>biliter</strong></span> <span class='ocrx_word' id='word_1_752' title='bbox 2385 5197 2672 5250; x_wconf 86' lang='lat' dir='ltr'><strong>percussus</strong></span> <span class='ocrx_word' id='word_1_753' title='bbox 2705 5181 2829 5234; x_wconf 90' lang='lat' dir='ltr'><strong>sit?</strong></span> <span class='ocrx_word' id='word_1_754' title='bbox 2871 5179 2996 5234; x_wconf 84' lang='lat' dir='ltr'><strong>Ilaec</strong></span> <span class='ocrx_word' id='word_1_755' title='bbox 3043 5190 3202 5248; x_wconf 88' lang='lat' dir='ltr'><strong>atque</strong></span> <span class='ocrx_word' id='word_1_756' title='bbox 3255 5179 3338 5233; x_wconf 91' lang='lat' dir='ltr'><strong>his</strong></span> <span class='ocrx_word' id='word_1_757' title='bbox 3383 5177 3579 5231; x_wconf 88' lang='lat' dir='ltr'><strong>similia</strong></span> <span class='ocrx_word' id='word_1_758' title='bbox 3619 5193 3740 5232; x_wconf 90' lang='lat' dir='ltr'><strong>cum</strong></span> 
     </span>
    </p>
   </div>
   <div class='ocr_carea' id='block_1_104' title="bbox 2175 5271 3742 5341">
    <p class='ocr_par' dir='ltr' id='par_1_104' title="bbox 2175 5271 3742 5341">
     <span class='ocr_line' id='line_1_104' title="bbox 2175 5271 3742 5341; baseline -0.001 -17"><span class='ocrx_word' id='word_1_759' title='bbox 2175 5273 2490 5341; x_wconf 87' lang='lat' dir='ltr'><strong>loquuntur,</strong></span> <span class='ocrx_word' id='word_1_760' title='bbox 2522 5273 2808 5325; x_wconf 88' lang='lat' dir='ltr'><strong>veritatem</strong></span> <span class='ocrx_word' id='word_1_761' title='bbox 2847 5271 2914 5324; x_wconf 88' lang='lat' dir='ltr'><strong>ab</strong></span> <span class='ocrx_word' id='word_1_762' title='bbox 2942 5273 3021 5325; x_wconf 91' lang='lat' dir='ltr'><strong>eis</strong></span> <span class='ocrx_word' id='word_1_763' title='bbox 3060 5273 3127 5326; x_wconf 86' lang='lat' dir='ltr'><strong>de</strong></span> <span class='ocrx_word' id='word_1_764' title='bbox 3157 5271 3220 5324; x_wconf 89' lang='lat' dir='ltr'><strong>iis</strong></span> <span class='ocrx_word' id='word_1_765' title='bbox 3248 5285 3364 5339; x_wconf 76' lang='lat' dir='ltr'><strong>qua:</strong></span> <span class='ocrx_word' id='word_1_766' title='bbox 3386 5279 3742 5336; x_wconf 87' lang='lat' dir='ltr'><strong>provenerant</strong></span> 
     </span>
    </p>
   </div>
   <div class='ocr_carea' id='block_1_105' title="bbox 2175 5362 3735 5435">
    <p class='ocr_par' dir='ltr' id='par_1_105' title="bbox 2175 5362 3735 5435">
     <span class='ocr_line' id='line_1_105' title="bbox 2175 5362 3735 5435; baseline -0.005 -15"><span class='ocrx_word' id='word_1_767' title='bbox 2175 5368 2418 5427; x_wconf 90' lang='lat' dir='ltr'><strong>audiunt,</strong></span> <span class='ocrx_word' id='word_1_768' title='bbox 2456 5382 2615 5435; x_wconf 89' lang='lat' dir='ltr'><strong>quam</strong></span> <span class='ocrx_word' id='word_1_769' title='bbox 2678 5368 2728 5419; x_wconf 92' lang='lat' dir='ltr'><strong>in</strong></span> <span class='ocrx_word' id='word_1_770' title='bbox 2787 5365 3097 5431; x_wconf 81' lang='lat' dir='ltr'><strong>longinquo,</strong></span> <span class='ocrx_word' id='word_1_771' title='bbox 3135 5364 3185 5416; x_wconf 92' lang='lat' dir='ltr'><strong>in</strong></span> <span class='ocrx_word' id='word_1_772' title='bbox 3217 5377 3428 5416; x_wconf 90' lang='lat' dir='ltr'><strong>omnem</strong></span> <span class='ocrx_word' id='word_1_773' title='bbox 3466 5362 3735 5430; x_wconf 82' lang='lat' dir='ltr'><strong>regionem</strong></span> 
     </span>
    </p>
   </div>
   <div class='ocr_carea' id='block_1_106' title="bbox 2177 5453 3738 5528">
    <p class='ocr_par' dir='ltr' id='par_1_106' title="bbox 2177 5453 3738 5528">
     <span class='ocr_line' id='line_1_106' title="bbox 2177 5453 3738 5528; baseline -0.006 -15"><span class='ocrx_word' id='word_1_774' title='bbox 2177 5475 2239 5513; x_wconf 90' lang='lat' dir='ltr'><strong>ac</strong></span> <span class='ocrx_word' id='word_1_775' title='bbox 2289 5458 2619 5528; x_wconf 88' lang='lat' dir='ltr'><strong>provinciam</strong></span> <span class='ocrx_word' id='word_1_776' title='bbox 2673 5459 3110 5524; x_wconf 79' lang='lat' dir='ltr'><strong>deportaverunt.</strong></span> <span class='ocrx_word' id='word_1_777' title='bbox 3171 5453 3506 5521; x_wconf 87' lang='lat' dir='ltr'><strong>Quocunque</strong></span> <span class='ocrx_word' id='word_1_778' title='bbox 3555 5453 3738 5520; x_wconf 87' lang='lat' dir='ltr'><strong>itaque</strong></span> 
     </span>
    </p>
   </div>
   <div class='ocr_carea' id='block_1_107' title="bbox 2176 5544 3738 5621">
    <p class='ocr_par' dir='ltr' id='par_1_107' title="bbox 2176 5544 3738 5621">
     <span class='ocr_line' id='line_1_107' title="bbox 2176 5544 3738 5621; baseline -0.007 -16"><span class='ocrx_word' id='word_1_779' title='bbox 2176 5551 2538 5621; x_wconf 89' lang='lat' dir='ltr'><strong>pervenerint,</strong></span> <span class='ocrx_word' id='word_1_780' title='bbox 2573 5565 2762 5604; x_wconf 90' lang='lat' dir='ltr'><strong>omnes</strong></span> <span class='ocrx_word' id='word_1_781' title='bbox 2790 5550 3036 5615; x_wconf 78' lang='lat' dir='ltr'><strong>regiones</strong></span> <span class='ocrx_word' id='word_1_782' title='bbox 3077 5561 3139 5600; x_wconf 90' lang='lat' dir='ltr'><strong>ac</strong></span> <span class='ocrx_word' id='word_1_783' title='bbox 3169 5545 3500 5615; x_wconf 80' lang='lat' dir='ltr'><strong>provincias,</strong></span> <span class='ocrx_word' id='word_1_784' title='bbox 3546 5544 3738 5596; x_wconf 87' lang='lat' dir='ltr'><strong>civita-</strong></span> 
     </span>
    </p>
   </div>
   <div class='ocr_carea' id='block_1_108' title="bbox 2175 5634 3734 5711">
    <p class='ocr_par' dir='ltr' id='par_1_108' title="bbox 2175 5634 3734 5711">
     <span class='ocr_line' id='line_1_108' title="bbox 2175 5634 3734 5711; baseline -0.007 -13"><span class='ocrx_word' id='word_1_785' title='bbox 2175 5653 2253 5698; x_wconf 80' lang='lat' dir='ltr'><strong>tes</strong></span> <span class='ocrx_word' id='word_1_786' title='bbox 2275 5655 2487 5711; x_wconf 90' lang='lat' dir='ltr'><strong>quoque</strong></span> <span class='ocrx_word' id='word_1_787' title='bbox 2515 5651 2675 5708; x_wconf 90' lang='lat' dir='ltr'><strong>atque</strong></span> <span class='ocrx_word' id='word_1_788' title='bbox 2714 5639 2960 5704; x_wconf 89' lang='lat' dir='ltr'><strong>castella,</strong></span> <span class='ocrx_word' id='word_1_789' title='bbox 2985 5636 3284 5694; x_wconf 86' lang='lat' dir='ltr'><strong>miserabili</strong></span> <span class='ocrx_word' id='word_1_790' title='bbox 3323 5637 3424 5691; x_wconf 89' lang='lat' dir='ltr'><strong>hoc</strong></span> <span class='ocrx_word' id='word_1_791' title='bbox 3467 5634 3657 5690; x_wconf 89' lang='lat' dir='ltr'><strong>nuntio</strong></span> <span class='ocrx_word' id='word_1_792' title='bbox 3679 5641 3734 5688; x_wconf 91' lang='lat' dir='ltr'><strong>et</strong></span> 
     </span>
    </p>
   </div>
  </div>
