4174 6394
429 373 532 429 497

1526 367 1909 425 ANONYMUS
1948 367 2013 422 IN
2047 367 2187 425 JOB.
2231 399 2297 408 —
2335 369 2462 425 LIB.
2502 369 2587 425 Ill.

3573 372 3677 428 498

429 483 763 541 lamentabili
796 483 938 537 fama
974 484 1343 553 repleverunt.
1397 485 1699 538 Audierant
1738 499 1867 553 ergo
1896 494 2004 537 tres
2033 489 2080 544 Α
2108 484 2349 537 omnium
2377 484 2606 537 tiliorum
2633 498 2854 538 suorum
2879 475 3276 539 lamentabilem
3295 484 3675 551 perditionem,

429 577 645 634 sodales
682 576 765 629 vel
806 577 965 629 amici
991 576 1109 645 ejus
1150 577 1251 630 hoc
1291 577 1432 644 quod
1462 575 1573 643 jam
1606 575 1857 629 omnibus
1884 585 1999 628 erat

428 679 638 726 certum
671 679 834 737 atque
878 670 1173 737 cognitum,
1224 669 1513 722 audierunt
1542 670 1705 722 etiam
1735 669 1843 721 isti.
1870 666 2003 721 Nam

429 759 570 813 nihil
623 765 705 811 est
760 757 832 810 ita
893 756 1268 825 przedicabile,
1329 758 1471 811 sicut
1529 757 1708 828 magni
1769 757 2004 810 hominis

430 851 607 906 ruina.
640 848 771 904 Cum
798 849 939 902 enim
972 848 1199 917 quilibet
1239 866 1305 902 ex
1340 850 1637 903 humilibus
1667 849 1734 902 ad
1766 847 2004 902 sublimi-

430 952 593 996 tatem
632 941 961 1010 pervenerit,
1005 955 1109 993 non
1151 941 1224 994 ita
1266 941 1465 1010 ubique
1498 942 1617 1011 ejus
1666 941 1874 995 auditio
1920 940 2001 1005 fit,

428 1034 567 1087 sicut
603 1049 722 1087 cum
773 1033 895 1101 quis
946 1046 1010 1087 ex
1057 1032 1380 1088 sublimibus
1441 1033 1759 1087 humiliatus
1818 1030 1998 1097 fuerit,

425 1127 567 1183 sicut
593 1140 715 1179 cum
756 1128 876 1195 quis
911 1141 1140 1197 magnus
1173 1128 1466 1192 interierit,
1506 1127 1831 1197 quantocius
1874 1141 2002 1180 ven-

426 1224 605 1271 torum
655 1213 843 1270 llabris
896 1214 1037 1268 fama
1088 1214 1202 1282 ejus
1253 1232 1469 1271 omnem
1525 1217 1800 1287 regionem
1837 1227 2000 1286 atque

430 1322 647 1365 omnem
684 1307 924 1360 auditum
972 1315 1240 1373 penetrat.
1284 1306 1428 1377 Ergo
1468 1309 1592 1377 quia
1647 1309 1717 1362 ita
1755 1310 2000 1378 provenit

423 1400 492 1454 de
511 1397 660 1467 justo
687 1396 810 1462 Job,
849 1397 1083 1465 ideoque
1124 1412 1247 1450 cum
1290 1413 1480 1453 omnes
1527 1409 1582 1453 et
1627 1399 1718 1466 qui
1746 1414 1913 1469 prope
1945 1408 2000 1453 et

421 1491 514 1561 qui
559 1490 718 1557 longe
767 1498 925 1543 erant
979 1488 1278 1550 audissent.
1328 1490 1619 1545 audierunt
1672 1491 1835 1544 etiam
1886 1500 1996 1545 tres

421 1583 577 1637 amici
613 1585 732 1649 ejus
772 1583 954 1635 omnia
1001 1582 1137 1636 mala
1172 1598 1290 1653 qua:
1334 1583 1383 1637 ei
1421 1582 1756 1636 acciderunt.
1802 1580 1994 1636 Volue-

420 1684 544 1729 runt
582 1675 826 1729 nonnulli
880 1675 1062 1729 dicere
1113 1676 1254 1745 quod
1297 1675 1570 1729 dzemones
1620 1676 1700 1728 eis
1733 1674 1995 1742 prtedica-

420 1767 629 1828 verint,
674 1767 815 1832 quod
852 1767 1033 1821 nullus
1089 1782 1155 1821 ex
1212 1766 1545 1837 sapientibus
1603 1767 1814 1836 recipit.
1871 1766 1993 1820 Bla-

2110 588 2229 642 quze
2264 575 2365 627 sub
2395 590 2503 628 uno
2547 576 2653 628 ictu
2687 575 2931 629 omnium
2965 573 3106 629 facta
3139 584 3221 629 est
3256 575 3495 643 pariter?
3532 574 3672 641 Quo-

2108 667 2265 721 modo
2295 667 2566 721 sustineat
2606 666 2681 720 rei
2726 665 3013 721 familiaris
3060 667 3456 734 praecedentem
3499 667 3679 737 jactu-

2108 756 2257 807 ram?
2285 755 2565 821 Quomodo
2599 756 2871 810 sustineat
2918 755 3214 808 terribilem
3257 765 3417 822 atque
3443 756 3677 811 saevissi-

2106 863 2244 900 mam
2263 850 2504 916 corporis
2526 848 2774 917 plagam?
2799 846 2899 901 Pro
2923 848 3027 913 his,
3062 847 3617 914 inquiunt,omnibus,
3644 866 3678 903 ο

2102 941 2225 1001 viri,
2246 938 2448 1007 justum
2477 950 2560 993 est
2587 939 2860 993 citnsolari
2892 938 3323 992 coasolationem
3354 954 3458 991 non
3479 938 3677 995 baben-

2104 1039 2231 1094 tem,
2258 1030 2362 1083 nisi
2397 1030 2567 1083 solam
2603 1032 2654 1084 in
2685 1031 2791 1085 Dco
2815 1045 2966 1098 spem
2994 1028 3307 1085 habentem.
3335 1029 3458 1084 Haec
3497 1033 3676 1101 itaque

2103 1122 2350 1176 universa
2392 1124 2456 1175 ad
2496 1123 2729 1177 invicem
2774 1122 3092 1191 loquentes,
3133 1123 3245 1175 sive
3287 1137 3382 1190 per
3433 1124 3670 1189 nuntios,

2101 1212 2215 1267 sive
2236 1229 2330 1283 per
2347 1215 2672 1281 scripturam
2700 1215 2824 1268 boni
2842 1214 2917 1267 illi
2937 1229 2999 1268 ac
3022 1213 3259 1284 religiosi
3288 1214 3386 1266 viri
3411 1224 3674 1268 venerunt

2100 1304 2258 1358 simul
2285 1306 2349 1358 ad
2380 1319 2501 1359 eum
2546 1305 2913 1373 unusquisque
2951 1305 3016 1359 de
3066 1303 3280 1357 civitate
3313 1319 3442 1369 sua,
3468 1313 3528 1356 ut
3551 1318 3673 1357 con-

2099 1394 2408 1448 solarentur
2435 1407 2489 1448 et
2519 1395 2803 1448 visitarent
2845 1395 3016 1449 illiilli.
3068 1395 3134 1459 Ο,
3170 1395 3438 1464 inquiunt,
3475 1394 3560 1449 ille
3579 1396 3668 1464 qui

2100 1488 2152 1540 in
2187 1487 2438 1541 omnibus
2473 1488 2700 1553 justitiis
2730 1489 3105 1543 testimonium
3148 1489 3362 1550 habuit,
3412 1499 3670 1558 tanquam

2100 1593 2238 1632 unus
2277 1581 2595 1649 specialiter
2629 1597 2693 1635 ex
2726 1580 2946 1648 injustis
2979 1582 3226 1650 punitur.
3264 1580 3356 1634 Ille
3390 1583 3510 1635 sine
3538 1596 3670 1650 que-

2101 1670 2209 1724 rela
2242 1686 2446 1735 verus,
2477 1672 2812 1736 misericors,
2870 1682 3125 1741 tanquam
3178 1688 3316 1725 unus
3369 1686 3437 1724 ex
3489 1672 3669 1741 impiis

2099 1777 2389 1832 percussus
2418 1762 2701 1833 afﬂigitur.
2745 1764 2838 1818 Ille
2864 1765 2955 1834 qui
2991 1774 3111 1819 erat
3145 1763 3239 1817 Dei
3281 1764 3480 1828 cultor,
3505 1774 3669 1833 atque

419 1855 682 1924 aphemia:
710 1858 853 1909 enim
887 1872 1068 1911 sermo
1091 1868 1176 1912 est
1211 1834 1319 1912 hic.
1356 1856 1486 1911 Nam
1519 1858 1591 1913 illi
1624 1859 1722 1911 viri
1752 1858 1844 1913 Dei
1877 1858 1993 1913 cul-
2026 1834 2069 1893 Β
2100 1854 2331 1909 ﬁliorum
2389 1872 2611 1909 suorum
2662 1855 2931 1911 sollicitus
2975 1857 3125 1911 circa
3175 1858 3340 1911 Deum
3383 1856 3665 1921 sacerdos,

421 1954 570 2003 tores
616 1947 853 2016 fuerunt,
895 1960 1081 2020 utpote
1108 1950 1208 2007 Job
1264 1952 1477 2007 sodales
1514 1962 1674 2022 atque
1701 1954 1884 2018 amici,
1920 1954 1991 2023 pii

423 2055 489 2094 ac
531 2041 643 2095 Deo
670 2044 971 2098 credentes.
1006 2044 1121 2098 Non
1148 2047 1293 2099 enim
1336 2046 1747 2115 amplexabatur
1774 2044 1878 2103 Job
1907 2046 1993 2116 ju-

424 2142 563 2197 stus,
599 2132 831 2202 injustos
860 2137 944 2188 vel
1004 2135 1198 2205 impios
1250 2137 1398 2191 viros
1430 2137 1643 2191 amicos.
1666 2153 1729 2191 ac
1776 2138 1988 2193 sodales

421 2230 642 2289 habere.
670 2230 879 2288 Idcirco
905 2235 975 2288 ita
1006 2234 1373 2303 percipiamus
1415 2250 1513 2289 nos
1537 2235 1626 2303 qui
1651 2234 1815 2289 Deum
1837 2235 1993 2290 time-

420 2336 564 2386 mus,
596 2322 737 2393 quod
780 2325 952 2379 sancti
997 2324 1172 2395 angeli
1223 2326 1289 2379 ad
1317 2340 1412 2381 eos
1457 2326 1756 2393 venientes,
1789 2325 1905 2383 sive
1936 2328 1988 2382 in

418 2427 629 2479 somno,
656 2415 841 2470 sivein
859 2414 1081 2485 vigiliis,
1116 2416 1517 2470 admonuerunt
1539 2432 1632 2472 eos
1660 2427 1718 2473 ut
1741 2417 1992 2473 celeriter

416 2506 693 2570 venirent,
746 2516 799 2559 et
843 2507 1043 2576 justum
1085 2505 1233 2561 illum
1274 2507 1508 2561 amicum
1553 2509 1984 2564 consolarentur.

416 2578 975 2652 Venientibusautem
1008 2598 1112 2651 illis
1135 2597 1280 2663 illuc,
1310 2608 1367 2650 ut
1388 2597 1648 2667 putabant
1671 2599 1991 2669 insipienter

418 2704 478 2744 se
513 2705 613 2758 pro
645 2690 757 2745 Deo
798 2698 964 2753 stare,
1016 2689 1235 2743 inventa
1279 2690 1570 2745 occasione
1622 2688 1989 2760 nequissimus

419 2781 634 2836 daemon
677 2783 743 2835 ad
788 2781 1175 2851 blasphemiam
1200 2781 1331 2848 justi
1392 2780 1494 2837 Job
1546 2782 1666 2838 illos
1694 2787 1985 2839 convertit.

414 2869 550 2923 Nam
581 2869 721 2925 sicut
752 2885 975 2925 uxorem
1000 2868 1145 2939 ejus,
1171 2870 1381 2940 pridem
1414 2887 1538 2925 cum
1563 2885 1708 2928 esset
1739 2874 1986 2944 religiosa

415 2962 871 3037 atquepmnihus,
895 2961 1122 3029 justitiis
1162 2962 1212 3017 ei
1252 2964 1621 3029 consentiens,
1650 2966 1704 3019 in
1735 2965 1987 3035 blasphe-

416 3037 580 3107 miam
608 3052 934 3114 immutavit,
960 3051 1039 3106 sic
1064 3059 1118 3107 et
1143 3062 1476 3109 memoratos
1496 3054 1665 3109 viros.
1694 3054 1770 3110 De
1790 3057 1987 3126 quibus

414 3144 548 3199 dicit
571 3144 692 3198 istic
725 3157 741 3197 :
767 3145 1050 3197 Audientes
1076 3153 1178 3198 tres
1209 3145 1365 3198 amici
1381 3143 1494 3214 ejus
1518 3147 1692 3199 omnia
1713 3163 1828 3216 qua:
1847 3149 1987 3201 acci-
2013 3174 2059 3237 ο

413 3235 597 3287 derant
626 3234 717 3302 ei,‘
744 3234 970 3289 filiorum
1024 3234 1323 3298 interitum,
1386 3237 1461 3291 rei
1491 3236 1775 3293 familiaris
1799 3240 1981 3308 perdi—

418 3326 639 3387 tionem,
681 3326 926 3395 corporis
966 3326 1332 3394 putredinem,
1373 3328 1641 3383 vermium
1686 3333 1982 3386 comestio—

415 3431 560 3479 nem,
596 3417 892 3471 liberorum
931 3418 1169 3487 iniquam
1194 3421 1688 3488 consumptionem,
1733 3438 1839 3478 non
1866 3438 1982 3478 me-

419 3504 700 3572 diocriter,
748 3508 843 3560 sed
886 3507 1182 3561 miserabili
1232 3517 1396 3577 atque
1431 3509 1765 3565 lamentabili
1800 3513 1979 3576 modo,

415 3604 474 3648 ut
510 3597 762 3664 superius
807 3599 1237 3653 demonstratum
1274 3610 1378 3663 est,
1408 3602 1825 3659 condoluerunt.
1858 3604 1985 3659 Haec

414 3687 599 3757 itaque
627 3690 873 3743 universa
904 3691 1190 3744 audientes
1225 3699 1337 3742 tres
1376 3691 1588 3746 sodales
1630 3693 1770 3762 ejus,
1803 3695 1984 3749 obstu-

411 3785 672 3847 puerunt,
716 3786 771 3832 et
813 3780 1119 3847 putatisne,
1153 3780 1497 3848 inquieutes,
1528 3783 1670 3837 unde
1708 3783 1822 3839 haec
1855 3786 1979 3840 uui-

409 3881 570 3922 versa
612 3870 1005 3924 obvenerunt?
1053 3870 1337 3925 Et.utrum
1379 3872 1449 3925 sit
1475 3872 1631 3926 nobis
1658 3874 1902 3944 gravius,
1948 3891 1981 3931 ο

411 3958 539 4023 viri,
583 3961 809 4016 hoccine
849 3962 994 4031 quod
1034 3964 1241 4018 amicus
1281 3970 1467 4017 noster
1518 3963 1655 4019 tales
1692 3967 1981 4034 pertulerit

412 4051 687 4116 miserias,
730 4068 796 4105 an
840 4054 985 4122 quod
1026 4055 1237 4109 Domini
1284 4056 1493 4109 amicus
1539 4055 1665 4110 talia
1718 4060 1981 4115 sustineat

411 4142 574 4208 mala,
606 4142 759 4211 cujus
773 4143 1255 4212 justillcationibus
1281 4162 1344 4201 ac
1365 4148 1755 4204 misericordiis
1780 4152 1977 4207 caelum

410 4241 467 4286 et
497 4242 642 4288 terra
682 4237 1055 4291 attestantur?
1092 4237 1217 4293 llzec
1250 4240 1460 4295 scilicet
1500 4240 1751 4296 universa
1784 4253 1842 4296 ut
1883 4258 1978 4297 au—

411 4323 648 4391 dierunt,
682 4334 846 4394 atque
877 4328 991 4382 haec
1021 4329 1086 4381 ad
1112 4329 1343 4385 invicem
1384 4332 1509 4387 boni
1552 4333 1626 4387 illi
1662 4335 1875 4389 sodales
1907 4336 1979 4389 lo-

410 4416 519 4469 cuti
549 4426 708 4472 sunt:
742 4417 1005 4473 Venerunt
1034 4425 1210 4475 statim
1231 4424 1388 4477 simul
1412 4426 1481 4478 ad
1511 4442 1627 4479 eum
1652 4436 1705 4480 ut
1731 4431 1972 4483 consola—

2097 1956 2359 2013 tanquam
2426 1963 2569 2002 unus
2629 1963 2695 2001 ex
2758 1946 2974 2014 injustis
3027 1956 3332 2017 torquetur.
3404 1945 3666 2002 Venerunt

2092 2038 2252 2091 simul
2284 2038 2352 2091 ad
2391 2054 2531 2092 eum.
2583 2037 2911 2104 Quomodo?
2950 2038 3274 2093 Statuerunt
3316 2048 3548 2107 tempus,
3583 2040 3665 2094 dl-

2094 2129 2265 2183 mensi
2296 2140 2419 2182 sunt
2461 2131 2625 2183 diem.
2678 2129 2956 2196 Quomodo
2974 2130 3134 2185 simul
3161 2132 3362 2198 pariter
3380 2141 3662 2196 venerunt,

2092 2229 2147 2274 et
2179 2236 2284 2273 non
2311 2221 2683 2290 unusquisque
2712 2236 2741 2275 a
2774 2237 2853 2287 se,
2890 2237 3062 2293 neque
3094 2238 3189 2291 per
3232 2239 3290 2276 se
3320 2222 3492 2291 ipsum
3520 2224 3660 2278 ?Dei

2092 2309 2429 2380 providentia
2489 2319 2652 2380 atque
2704 2310 2798 2365 Dei
2851 2312 3164 2380 operatione
3210 2313 3281 2365 ita
3344 2314 3663 2383 disponente

2092 2410 2256 2468 atque
2284 2400 2623 2468 providente,
2654 2411 2710 2455 ut
2752 2417 2857 2456 non
2889 2403 3088 2473 singuli
3117 2414 3237 2473 post
3273 2415 3487 2474 tempus
3513 2408 3662 2461 veni-

2091 2503 2215 2545 rent
2237 2492 2306 2544 ad
2336 2500 2571 2560 tempus,
2625 2493 2718 2547 sed
2763 2510 2951 2550 omnes
2989 2496 3201 2559 statim,
3231 2511 3422 2550 omnes
3450 2498 3662 2567 pariter

2092 2595 2199 2635 uno
2240 2592 2508 2648 tempore,
2539 2598 2647 2636 uno
2671 2582 2779 2645 die,
2815 2600 2917 2639 una
2946 2586 3100 2648 hora,
3138 2597 3325 2655 utpote
3353 2587 3657 2655 unanimes,

2091 2677 2273 2738 utpote
2304 2684 2469 2722 unum
2513 2672 2833 2734 sentientes,
2876 2682 3057 2742 utpote
3091 2676 3407 2731 concordes.
3439 2675 3529 2730 Sic
3563 2692 3659 2732 ve-

2090 2762 2373 2814 net'uutad
2396 2777 2516 2815 eum
2552 2763 2712 2815 simul
2755 2764 2955 2829 subito,
3001 2774 3249 2835 tanquam
3288 2783 3453 2821 unum
3484 2767 3658 2823 Deum

2089 2854 2361 2914 colentes,
2417 2862 2673 2922 tanquam
2720 2852 2967 2907 Creatori
3014 2857 3336 2922 servientes,
3388 2868 3648 2927 tanquam

2088 2957 2253 2996 unum
2283 2941 2384 2997 Job
2434 2945 2742 3012 plenissime
2788 2945 3093 3015 diligentes.
3151 2945 3242 3000 Sic
3280 2949 3461 3017 itaque
3493 2963 3657 3003 vene-

2089 3044 2213 3087 runt
2272 3034 2475 3103 pariter
2536 3037 2602 3088 ad
2673 3035 2858 3089 Deum.
2904 3035 3057 3090 Unde
3116 3048 3297 3091 autem
3351 3040 3657 3094 venerunt?

2088 3123 2205 3181 Non
2235 3140 2303 3181 ex
2329 3141 2433 3181 una
2464 3126 2687 3181 civitate
2713 3141 2886 3196 neque
2916 3142 3024 3182 uno
3052 3127 3192 3195 loco,
3227 3144 3405 3198 neque
3426 3145 3489 3184 ex
3528 3146 3656 3200 pro-

2089 3216 2293 3283 vincia,
2326 3216 2409 3271 vel
2443 3218 2683 3286 regione,
2736 3231 2803 3271 ex
2839 3233 2939 3273 suo
2980 3218 3331 3274 nihilominus
3370 3235 3536 3289 regno
3567 3238 3656 3277 ve-

2093 3322 2298 3363 nerunt
2318 3310 2483 3363 simul
2505 3310 2571 3363 ad
2598 3325 2742 3365 eum.
2767 3310 2899 3365 Cum
2920 3310 3171 3365 omnibus
3193 3313 3334 3365 enim
3354 3313 3653 3379 miraculis,

2089 3409 2174 3455 est
2203 3402 2366 3454 etiam
2401 3401 2503 3455 hoc
2536 3401 2727 3471 ingens
2763 3400 3110 3466 miraculum,
3147 3411 3208 3455 ut
3234 3417 3358 3456 cum
3389 3404 3459 3457 ita
3494 3403 3654 3474 longe

2088 3508 2151 3548 ac
2190 3494 2293 3546 late
2323 3491 2392 3546 ab
2423 3492 2653 3546 invicem
2686 3505 3031 3547 morarentur
3056 3531 3070 3557 ,
3112 3494 3317 3561 pariter
3339 3496 3405 3547 ad
3436 3496 3652 3550 beatum

2086 3584 2186 3639 Job
2216 3585 2492 3649 venirent,
2533 3586 2906 3655 unusquisque
2946 3600 3012 3639 ex
3048 3602 3143 3641 sua
3188 3588 3409 3640 civitate
3448 3587 3504 3640 in
3541 3603 3648 3658 qua

2088 3678 2422 3742 morabatur,
2466 3676 2518 3731 in
2557 3692 2663 3746 qua
2696 3678 2977 3749 regnabat,
3024 3679 3077 3733 in
3113 3694 3218 3750 qua
3251 3680 3649 3736 dominabatur.

2088 3766 2474 3838 Unusquisque
2512 3783 2643 3835 ergo
2675 3784 2740 3823 ex
2786 3785 2881 3825 sua
2919 3772 3138 3825 civitate
3190 3773 3376 3837 venit,
3426 3773 3525 3828 hoc
3570 3784 3654 3829 est

2083 3874 2149 3915 ex
2176 3860 2397 3914 civitate
2431 3862 2577 3930 regni
2604 3861 2706 3914 sui.
2734 3860 2798 3915 Et
2821 3862 2890 3916 ob
2917 3876 3081 3931 quam
3109 3874 3222 3916 rem
3247 3862 3548 3916 venerunt?
3568 3864 3652 3917 Ad

2083 3952 2475 4007 consolandum
2503 3963 2667 4022 atque
2691 3953 3024 4007 visitandum
3050 3952 3222 4008 illum.
3266 3953 3332 4007 Et
3364 3968 3492 4009 vere
3518 3959 3647 4023 quia

2082 4042 2184 4111 ipsi
2214 4043 2432 4112 quidem
2472 4044 2541 4097 ob
2579 4043 2681 4097 hoc
2718 4053 2987 4099 venerunt
3028 4052 3087 4099 ut
3126 4045 3540 4100 consolarentur
3587 4060 3651 4101 ac

2081 4133 2367 4189 visitarent
2414 4133 2563 4188 illum
2599 4151 2613 4188 :
2662 4134 2757 4189 sed
2795 4136 3164 4204 nequissimus
3201 4137 3446 4191 diabolus
3476 4136 3651 4192 bono—

2082 4239 2203 4278 rum
2233 4238 2297 4277 ac
2317 4224 2586 4293 justorum
2626 4226 2881 4280 inimicus
2915 4228 3040 4281 odio
3065 4227 3271 4282 habens
3299 4228 3480 4281 omnia
3524 4244 3649 4299 quae

2082 4316 2257 4386 diligit
2285 4320 2566 4381 Dominus,
2585 4322 2809 4388 accepta
2838 4318 3127 4374 occasione
3154 4335 3260 4389 qua
3288 4321 3452 4374 Deum
3474 4319 3646 4375 olfen-

2081 4406 2275 4462 derant
2303 4415 2464 4477 atque
2514 4407 2605 4463 Dei
2630 4408 2921 4478 justitiam,
2952 4420 3006 4465 et
3034 4410 3134 4466 Job
3164 4413 3230 4467 de
3274 4412 3556 4482 injustitiis
3594 4424 3650 4468 et

411 4516 594 4560 rentur
617 4524 735 4563 eum
757 4520 803 4563 et
830 4513 1101 4567 visitarent
1139 4514 1289 4569 illum
1316 4515 1380 4567 ³¹.
1410 4517 1453 4569 Α
1486 4518 1776 4585 prioribus,
1800 4522 1976 4587 aiunt,
2008 4509 2054 4563 D
2084 4501 2323 4569 Peccalis
2345 4514 2687 4568 accusarem,
2726 4514 2934 4559 lallwm
2969 4504 3091 4559 ίῘΙοε
3138 4505 3443 4559 ίηιωυιεινίι
3488 4516 3649 4575 ειιιυθ

408 4599 658 4667 patribus
707 4604 909 4657 nostris
948 4604 1275 4671 audivimus,
1305 4621 1339 4660 ο
1380 4607 1504 4670 viri,
1531 4611 1676 4677 quod
1716 4612 1975 4678 antiquus

410 4688 499 4744 ille
546 4689 715 4746 frater
758 4694 845 4747 avi
901 4695 1071 4750 nostri
1128 4696 1263 4751 Esau
1308 4697 1474 4754 Jacob
1519 4702 1798 4756 duodecim
1841 4703 1979 4758 filios

415 4779 688 4848 habuerit,
728 4792 780 4838 et
820 4784 983 4840 filiam
1016 4802 1176 4841 unam
1208 4802 1224 4842 :
1261 4804 1378 4843 cum
1410 4806 1575 4847 unum
1606 4808 1670 4846 ex
1700 4796 1975 4859 omnibus,

410 4879 472 4923 ut
499 4873 744 4940 putabat,
779 4875 1123 4943 perdidisset,
1156 4887 1362 4933 tantum
1401 4879 1548 4934 illum
1600 4897 1765 4936 unum
1816 4885 1974 4948 luxit,

410 4973 467 5017 et
508 4979 699 5020 omnes
747 4965 841 5021 ﬁlii
887 4964 1003 5035 ejus
1035 4980 1090 5023 et
1127 4970 1251 5024 filiae
1294 4972 1478 5040 procul
1528 4972 1692 5027 dubio
1731 4984 1785 5027 et
1819 4975 1973 5028 multi

412 5054 644 5109 aliorum
676 5056 977 5112 amicorum
1010 5061 1398 5115 convenientes
1447 5073 1670 5131 propter
1709 5080 1871 5117 unum
1912 5066 1974 5119 li-

417 5145 547 5199 lium
574 5147 841 5203 consolati
868 5159 994 5203 sunt
1022 5165 1144 5205 eum
1172 5169 1187 5205 :
1225 5161 1280 5206 et
1312 5153 1484 5207 noluit
1512 5155 1783 5210 consolari
1807 5157 1973 5211 etiam

410 5238 664 5292 incolumi
691 5253 749 5293 re
771 5239 975 5295 familia
986 5243 1051 5305 ri,
1069 5252 1125 5297 et
1144 5244 1358 5297 caeteris
1375 5246 1628 5301 omnibus
1672 5248 1975 5303 viventibus

410 5338 571 5397 atque
600 5330 837 5386 sanitate
874 5336 1119 5403 corporis
1161 5346 1518 5403 permanente
1547 5356 1560 5390 :
1595 5348 1648 5392 et
1675 5354 1797 5392 cum
1830 5341 1973 5393 nulla

410 5434 497 5473 res
538 5429 689 5476 esset
734 5422 841 5475 alia
890 5439 1011 5492 qua:
1060 5440 1182 5479 eum
1237 5428 1603 5489 contristaret,
1658 5445 1761 5481 non
1802 5434 1979 5497 potuit

411 5505 723 5560 exhilarari.
772 5507 828 5560 Si
866 5517 1042 5561 autem
1093 5509 1181 5562 ille
1243 5507 1402 5564 Jacob
1458 5512 1529 5563 ita
1575 5513 1811 5580 graviter
1853 5516 1974 5568 tulit

414 5596 574 5651 unius
610 5596 705 5650 filii
742 5598 1202 5667 desperationem,
1253 5601 1520 5667 quomodo
1568 5602 1832 5656 sustineat
1879 5603 1976 5660 Job

486 5780 529 5812 ³¹
560 5779 659 5837 Job
685 5797 742 5837 tt.

2080 4597 2361 4663 pervertit,
2397 4607 2456 4651 ut
2484 4598 2717 4668 amplius
2755 4598 3103 4653 exulceraret
3130 4613 3227 4653 cor
3263 4597 3365 4653 Job
3401 4613 3497 4667 per
3534 4598 3650 4651 haec

2078 4702 2197 4756 quae
2223 4688 2388 4743 locuti
2420 4699 2565 4753 sunt,
2599 4704 2760 4760 quam
2791 4705 2887 4761 per
2907 4705 3097 4746 omnes
3127 4691 3344 4746 dolores
3368 4705 3501 4759 quos
3534 4691 3646 4759 pri-

2078 4778 2200 4831 dem
2231 4782 2479 4834 exercuit
2507 4781 2742 4845 iu_eum.
2791 4782 2920 4838 Nam
2971 4783 3101 4850 quid
3142 4792 3288 4838 esset
3331 4782 3649 4837 castissima:

2076 4869 2270 4922 animae
2291 4866 2391 4925 Job
2412 4870 2688 4926 crudelius
2717 4889 2880 4941 quam
2911 4883 2969 4926 ut
2996 4874 3062 4927 ab
3091 4872 3287 4927 amicis
3316 4873 3381 4926 de
3409 4870 3648 4939 peccatis

2080 4958 2270 5013 fuisset
2319 4962 2637 5018 criminatus
2685 4978 2807 5018 cum
2854 4964 3075 5017 minime
3121 4964 3458 5033 deliquisset,
3495 4971 3553 5015 et
3581 4962 3648 5016 de

2081 5051 2450 5119 impietatibus
2493 5056 2872 5122 reprehensus,
2900 5056 2991 5125 qui
3017 5065 3137 5110 erat
3166 5058 3234 5111 ab
3255 5057 3507 5111 omnibus
3531 5058 3637 5110 itu-

2082 5143 2376 5211 pietatibus
2402 5145 2633 5205 alienus,
2660 5156 2712 5198 et
2737 5147 2877 5214 quod
2901 5162 2999 5215 pro
3028 5148 3266 5215 peccatis
3297 5148 3648 5202 sustinuisset

2081 5251 2270 5290 omnes
2316 5237 2552 5303 dolores,
2599 5250 2652 5293 et
2691 5241 2832 5309 quod
2882 5255 2976 5307 pro
3018 5240 3277 5308 injustitia
3323 5240 3647 5295 obveneriut

2084 5329 2159 5383 illi
2210 5331 2323 5383 haec
2376 5330 2625 5385 universa
2679 5331 2861 5384 mala?
2910 5330 3064 5397 Quod
3108 5341 3285 5386 autem
3325 5333 3390 5385 ad
3440 5340 3644 5386 tantam

2086 5421 2477 5489 blasphemiam
2512 5425 2774 5476 adversus
2811 5421 2913 5476 Job
2954 5423 3298 5490 pervenerint
3328 5424 3417 5477 isti
3443 5424 3569 5488 viri,
3594 5430 3647 5478 et

2085 5528 2187 5565 non
2220 5513 2519 5577 timuerint,
2557 5513 2754 5567 diaboli
2799 5513 2967 5566 livore
3003 5521 3164 5581 atque
3210 5513 3326 5567 zelo
3370 5514 3644 5577 succensi,

2043 5616 2050 5625 '
2082 5619 2148 5657 cx
2180 5603 2410 5673 propriis
2449 5619 2633 5657 eorum
2654 5604 2993 5658 sermonibus
3040 5604 3444 5671 comprobatur,
3459 5618 3648 5673 quem-
