2087 3192
268 160 321 189 199

814 162 1003 191 ANONYNUS
1023 162 1057 190 ΙΝ
1075 162 1144 190 1οΒ.
1165 177 1198 183 -
1216 162 1279 190 LIB.
1300 162 1345 190 Ill.

1837 164 1890 193 500

270 223 414 251 admodum
441 223 535 250 dicunt
557 223 773 258 blasphemautes
801 228 884 259 atque
908 224 1054 252 detrahen-
1069 226 1093 254 Α
1106 222 1235 251 arbitrati
1247 228 1310 251 sunt
1327 228 1355 251 et
1374 223 1425 251 hoc
1438 223 1567 251 dixerunt
1577 223 1615 250 illi
1630 222 1692 254 viri.
1705 223 1768 258 quia
1781 229 1842 250 cum
1855 223 1891 251 sit

271 273 311 298 les
343 269 379 296 illi
405 278 412 296 :
435 268 475 296 'l'u
495 270 558 304 quis
583 270 636 297 es?
665 269 728 305 quia
756 270 841 302 dicis,
865 278 918 297 non
947 270 1055 305 peccavi

270 315 361 343 factis.
379 314 456 348 Quod
475 315 497 342 si
518 323 571 342 non
591 317 745 351 peccasti,o
762 315 824 349 Job,
837 321 974 343 memento
993 316 1056 351 quia

271 367 351 387 nemo
364 360 456 396 justus
467 361 559 396 periit,
571 366 617 388 aut
634 361 743 397 quando
755 361 803 389 Dei
823 369 918 389 servus
931 362 1055 389 eradica-

270 406 364 434 bitur‘.’
378 407 429 434 hoc
450 413 493 435 est
506 407 576 435 sicut
590 412 630 436 tu.
648 408 749 435 Deinde
761 416 822 435 cunt
839 408 941 443 ingenti
956 409 1055 443 impro-

270 452 347 486 perio
360 457 388 480 et
406 453 590 488 increpatione
605 458 686 489 alque
697 455 820 482 convicio
833 463 840 481 :
852 453 1003 489 Quousque
1014 454 1054 481 lo-

271 499 363 532 queris
374 499 487 533 spiritus
500 499 675 534 mulliloquax
692 508 740 527 ore
757 501 822 527 tuo?
841 500 966 535 Nunquid
985 501 1054 528 Deus

272 542 371 575 injuste
386 542 501 576 judicat,
522 543 572 570 ltoc
586 549 627 571 est
643 544 713 571 sicut
732 550 756 572 te
771 546 950 578 peccantem?
966 546 1018 572 Aut
1032 546 1055 572 is

272 587 317 621 qui
332 588 423 614 omnia
444 590 558 621 creavit,
584 591 753 624 perturbavit
771 591 907 625 justitiam
921 592 932 618 ?
946 592 1000 619 Hoc
1012 597 1053 619 est

273 633 294 660 si
308 633 333 659 in
352 638 377 661 te
390 639 462 661 esset
473 634 590 669 justitia,
604 644 657 662 non
673 637 763 670 utique
779 637 949 671 perturbaret
965 637 1054 669 iustus

270 677 352 714 judex
364 679 493 713 judicium
509 687 590 715 atque
605 682 686 708 vitam
714 688 796 708 tuam.
819 683 886 709 Nam
903 691 964 717 spes
979 683 1052 718 impii

274 725 370 759 peribit
386 726 455 752 sicut
473 732 500 753 et
519 731 574 759 tua,
592 729 654 761 quia
673 729 772 762 impius
795 737 824 755 es
839 739 844 755 :
869 729 1053 756 inhabitabilis

272 773 361 795 autem
376 770 428 796 erit
439 778 499 804 quae
509 772 558 797 sub
572 772 639 798 coelo
650 778 690 799 est
703 774 808 805 domus,
826 774 876 800 hoc
889 779 931 801 est
942 774 1012 800 sicut
1027 780 1053 801 et

271 819 333 840 tua:
351 815 455 849 aliaque
469 817 609 844 innumera
625 818 666 844 his
684 819 806 852 graviora
819 825 900 852 atque
919 819 1052 846 antariora

270 860 490 894 blaspltetnanlcs
513 864 545 889 de
565 863 640 896 justo
663 864 708 891 illo
734 864 817 891 locuti
841 870 913 891 sunt.
940 866 1052 899 Propter

1103 270 1194 304 justus
1209 269 1280 297 Deus
1294 276 1326 296 ac
1337 269 1436 302 bonus,
1447 268 1530 303 justis
1543 274 1624 304 atque
1637 269 1825 297 innocentibus
1836 277 1889 297 non

1106 315 1205 350 ingerit
1221 315 1301 342 mala.
1325 315 1403 348 Quod
1423 315 1446 343 si
1470 314 1661 343 innocentibus
1682 315 1754 342 mala
1777 315 1889 351 ingerit,

1105 361 1243 396 quomodo
1268 361 1357 389 bonus
1380 361 1425 389 vel
1449 360 1541 395 justus
1568 361 1804 396 comprobabitur,
1827 368 1890 389 cum

1107 405 1261 440 hujsmodi
1278 406 1348 433 mala
1370 405 1576 441 Jobingesserit
1595 406 1688 441 justo?
1703 405 1826 440 Oportet,
1849 406 1891 434 in-

1106 451 1213 486 quiunt,
1230 455 1281 478 aut
1301 450 1352 478 101)
1366 456 1475 486 propter
1492 450 1651 485 injustitiam
1669 458 1780 486 passum
1794 450 1890 483 fuisse,

1106 502 1234 524 autcerte
1246 496 1316 523 Deus
1328 496 1427 531 injusle
1439 496 1508 522 tnala
1524 496 1548 522 ei
1564 496 1698 530 irrogasse
1718 496 1889 530 reperiatur:

1105 543 1214 571 autJob
1234 551 1282 578 pro
1297 544 1416 578 peccatis
1437 542 1519 569 fuisse
1544 550 1663 576 passum,
1678 547 1724 569 aut
1744 543 1827 570 Deum
1847 543 1891 570 in-

1102 590 1174 624 juste
1192 591 1216 617 ei
1235 590 1304 616 mala
1321 589 1476 623 ingessisse.
1489 589 1564 616 Ilanc
1578 589 1682 616 scilicet
1697 590 1890 624 cogitationem

1107 637 1206 663 malam
1226 641 1306 670 atque
1331 636 1497 665 illicitam.in
1525 636 1582 663 istis
1607 636 1673 662 viris
1696 636 1762 663 oriri
1788 635 1891 663 faciens

1105 682 1241 713 diabolus,
1259 681 1400 708 succendit
1415 688 1462 708 cor
1477 689 1572 708 eorum
1589 681 1622 708 ad
1643 689 1750 708 onmem
1774 681 1842 708 iram
1863 685 1891 708 et

1106 727 1318 762 indignationem
1338 726 1482 754 adversunt
1506 726 1575 758 Job,
1599 734 1662 754 cum
1683 727 1804 754 studeret
1823 734 1890 754 con-

1105 771 1215 797 ﬁrmare
1235 771 1306 805 quod
1322 770 1490 803 Deusjustus
1510 771 1600 804 fuerit,
1623 770 1674 799 Job
1692 779 1757 799 vero
1773 771 1890 806 iniustus

1104 822 1131 842 et
1147 816 1246 850 impius
1270 821 1353 850 atque
1378 822 1516 850 peccator.
1542 818 1677 845 Adversus
1691 818 1762 851 quod
1783 818 1891 846 fortiter

1105 867 1179 889 stans
1196 861 1246 888 101)
1260 870 1311 888 non
1326 862 1449 896 permisit
1465 870 1494 889 se
1514 863 1608 889 audire
1623 863 1785 898 vaniloquos
1801 863 1861 891 illos
1872 871 1888 890 a

269 907 341 940 quod
369 912 397 933 et
422 907 527 935 duriter
555 909 580 936 in
605 911 752 938 novissimo
772 920 787 937 ε
814 911 867 938 ι)εο
892 898 1050 946 reprehensi
1067 898 1088 926 Β
1105 907 1210 934 diabolo
1226 915 1384 939 succensas,
1402 908 1448 935 sed
1461 913 1489 934 et
1504 908 1604 935 bonunt
1618 908 1701 935 Deum
1718 909 1848 942 ostendit,
1861 914 1890 937 et

269 956 342 984 sunt,
369 958 462 987 utpote
486 953 531 988 qui
556 955 620 981 nihil
647 957 772 983 veritatis
796 957 878 984 locuti
903 958 1001 985 fuerint
1020 959 1053 986 de

269 995 329 1023 Job.
345 997 391 1025 Sic
408 999 499 1032 itaque
514 1007 573 1025 cum
595 1001 708 1028 visitare
729 1008 811 1037 atque
832 1004 967 1031 conwlari
991 1012 1052 1032 eum

269 1042 415 1074 venissent,
435 1044 467 1070 ad
490 1044 658 1072 inimicitiam
683 1049 808 1075 conversi
826 1054 900 1080 sunt.
915 1050 946 1076 ad
960 1050 1053 1076 crimi-

269 1088 406 1115 nationem
434 1093 461 1116 et
484 1090 517 1117 ad
537 1092 798 1126 reprehensionem,
821 1095 854 1121 ad
880 1095 1051 1123 maledictum

268 1141 375 1169 quoqtte
393 1139 474 1169 atque
495 1136 703 1171 blasphemiam.
718 1139 864 1175 Postquam
882 1149 945 1169 vero
962 1143 1052 1168 omnia

268 1181 382 1207 tentavit
410 1181 593 1216 nequissimus
618 1184 801 1218 adversarius,
831 1187 912 1213 etiant
940 1188 973 1214 ad
1002 1189 1052 1215 ltoc

267 1227 401 1261 pervenit.
419 1232 447 1253 ut
468 1227 570 1256 anticos
591 1230 617 1256 itt
638 1231 761 1258 inimicos
778 1238 957 1265 converteret,
971 1240 1052 1269 atque

267 1273 388 1301 sincerus
406 1275 512 1302 sodales
525 1276 695 1305 adversarios
710 1277 830 1305 efﬁceret
845 1299 852 1309 .
877 1280 976 1307 callide
997 1286 1051 1308 tra-

267 1323 345 1348 ctans
355 1321 424 1355 apud
438 1322 625 1357 semetipsum,
645 1332 676 1350 ac
689 1325 781 1352 dicens
792 1335 798 1352 :
809 1324 836 1351 Si
853 1333 901 1360 per
914 1334 944 1353 os
960 1328 1052 1354 uxoris

267 1373 327 1393 erm
342 1368 475 1395 seducere
490 1376 541 1396 non
559 1369 642 1401 valui,
660 1378 690 1397 os
706 1372 856 1399 amicorum
874 1373 908 1400 ad
931 1374 1049 1401 inimici-

267 1414 332 1439 tiam
345 1419 564 1446 pertnutatorunt
580 1416 732 1450 perficiam,
751 1417 866 1449 irritent,
878 1426 1050 1453 exaggerem,

266 1459 438 1490 cxacerbem,
462 1460 625 1487 succendatn
638 1482 645 1494 ,
663 1466 691 1488 ut
714 1469 794 1496 supra
814 1463 924 1489 ntodum
945 1463 1050 1490 inﬂam-

266 1507 358 1529 matus
370 1508 450 1537 atque
463 1509 654 1539 exaggeratos,
670 1505 702 1531 ad
718 1504 765 1533 Dei
778 1506 973 1540 blasphemiam
983 1516 1050 1535 con-

266 1553 398 1575 vertatur.
422 1548 522 1577 Novent
548 1551 741 1585 responsiones
762 1551 935 1588 blaSphetnia:
957 1554 1085 1596 plenasc

267 1594 399 1622 adversus
415 1594 466 1623 Job
483 1604 529 1623 ens
543 1596 634 1624 dicere
659 1598 802 1632 compulit,
829 1606 1051 1634 unumquemque

266 1646 360 1666 eorum
380 1644 444 1667 tres.
468 1641 521 1668 Sed
549 1642 646 1669 beatus
667 1643 718 1671 Job
741 1645 896 1672 nullatenus
919 1650 982 1672 ante
1005 1653 1051 1673 eos

268 1685 412 1717 titubavit,
441 1686 489 1713 sed
523 1687 636 1714 totidem
667 1690 905 1724 responsionibus.
930 1691 1052 1725 quinimo

267 1730 358 1765 potius
372 1731 494 1765 pluribus
514 1740 545 1759 ac
570 1733 719 1767 majoribus
731 1735 855 1763 omnibus
871 1736 923 1764 illis
936 1745 1049 1771 respon-

267 1777 344 1808 dens,
364 1783 392 1804 et
410 1777 455 1804 Dei
474 1777 608 1812 justitiam
635 1787 664 1807 ac
685 1781 833 1808 bonitatem
854 1784 1050 1817 manifestavit,

266 1827 291 1850 Ct
309 1830 402 1850 eorum
421 1823 546 1858 injustam
563 1826 748 1853 eausatiotteut
771 1828 920 1855 confutavit
939 1837 987 1864 per
999 1830 1050 1857 alia

267 1868 376 1903 quidem
387 1869 512 1903 plurima,
526 1878 628 1898 necnon
643 1876 669 1898 et
685 1880 732 1907 per
742 1879 773 1898 ea
783 1880 843 1907 quae
858 1874 883 1900 in
900 1874 970 1902 facie
987 1875 1051 1902 dicit

268 1915 300 1941 ad
317 1922 364 1942 eos
379 1925 385 1942 ί
404 1915 460 1943 Vos
473 1917 539 1943 estis
558 1917 654 1944 medici
674 1917 777 1952 ittjusti,
796 1925 822 1946 et
837 1925 979 1947 saltatores
992 1929 1052 1953 pes-

269 1961 331 1989 simi
356 1963 457 1989 cuncti.
474 1962 540 1995 Quia
559 1970 619 1989 cum
636 1971 731 1990 curare
749 1963 856 1992 dolores
873 1965 930 1999 ejus
944 1971 970 1992 et
986 1974 1049 1993 con-

269 2008 351 2035 solari
367 2008 484 2035 animant
501 2010 559 2042 ejus
574 2009 722 2042 venissent,
743 2010 769 2036 in
794 2012 1003 2038 amaritudinem
1019 2019 1051 2038 ac

269 2053 399 2081 malitiam
416 2055 489 2081 circa
504 2055 552 2082 Job
568 2056 692 2082 conversi
712 2060 782 2082 sunt.
803 2056 899 2084 Merito
919 2064 983 2092 ergo
1006 2058 1050 2085 itt-

266 2099 354 2134 justos
381 2100 501 2127 medicos
532 2100 603 2134 juste
630 2107 677 2128 eos
707 2101 834 2136 appellat.
860 2101 901 2136 Si,
929 2103 1049 2138 inquam,

266 2150 402 2172 venerunt
419 2146 452 2173 ad
472 2154 534 2173 eum
551 2151 580 2174 ut
593 2147 798 2174 consolarentur
812 2153 892 2183 atque
906 2149 1051 2178 visitarent

266 2191 399 2228 illum,i|li
413 2199 462 2218 suo
470 2193 608 2227 proposito
617 2192 652 2219 ob
662 2191 714 2220 hoc
729 2198 870 2226 venerunt,
883 2195 929 2222 sed
941 2196 1049 2230 nequis-

1104 960 1133 979 se
1151 953 1255 987 absque
1269 952 1345 987 culpa
1373 953 1498 980 universa
1521 953 1577 980 hinc
1602 953 1657 987 pati
1681 952 1888 982 demonstravit.

1104 997 1161 1024 Non
1179 999 1251 1025 enim
1269 997 1341 1025 Deus
1354 998 1390 1025 illi
1407 999 1464 1025 htec
1479 998 1549 1025 mala
1570 999 1694 1033 ingessit,
1717 999 1764 1026 sed
1787 999 1890 1027 diaboli

1105 1043 1181 1071 zelus
1192 1049 1218 1070 et
1235 1044 1304 1070 livor
1325 1048 1406 1079 atque
1424 1044 1539 1070 invidia.
1557 1043 1651 1078 Neque
1664 1043 1714 1071 Job
1728 1051 1778 1079 pro
1790 1051 1889 1079 pecca-

1105 1090 1139 1116 tis
1160 1090 1287 1117 sustinuit
1305 1091 1395 1116 omnia
1418 1097 1478 1124 quae
1501 1091 1642 1121 sustinuit,
1666 1089 1715 1117 sed
1739 1090 1803 1124 quia
1825 1096 1888 1117 cum

1103 1140 1176 1162 esset
1188 1135 1288 1170 justus,
1308 1135 1432 1162 diabolus
1458 1134 1496 1162 illi
1510 1135 1617 1167 invidit,
1634 1135 1705 1162 sicut
1720 1139 1745 1162 et
1762 1135 1890 1162 omnibus

1101 1182 1181 1216 jnstis
1198 1182 1310 1214 invidet,
1323 1186 1350 1209 et
1363 1181 1551 1208 tribulationes
1565 1182 1695 1208 adversus
1712 1188 1759 1208 eos
1776 1181 1887 1210 excitat.

1105 1226 1193 1253 Multae
1205 1226 1396 1254 trihulationes
1413 1234 1467 1254 non
1486 1226 1662 1260 injustorum,
1679 1226 1726 1254 sed
1738 1227 1889 1262 justorutn.

1105 1274 1193 1301 Testis
1212 1281 1276 1308 ergo
1289 1273 1403 1306 justitice
1422 1273 1473 1300 Job
1491 1274 1547 1308 ipse
1572 1273 1643 1301 Deus
1663 1274 1828 1305 ostenditur,
1849 1274 1889 1302 di-

1102 1327 1166 1346 cens
1183 1329 1189 1345 :
1208 1319 1313 1351 Justus,
1330 1327 1425 1351 verax,
1443 1320 1488 1347 Dei
1508 1320 1607 1346 cultor.
1627 1320 1704 1352 Quod
1723 1324 1815 1347 autem
1829 1320 1888 1347 dia-

1106 1365 1158 1392 boli
1178 1366 1261 1392 fuerit
1278 1365 1336 1392 brec
1358 1365 1532 1392 inflammatio
1556 1371 1637 1398 atque
1658 1365 1839 1399 perturbatio,
1862 1370 1889 1392 et

1102 1419 1135 1438 ex
1150 1412 1192 1439 his
1208 1419 1268 1446 qum
1287 1419 1358 1440 nunc
1372 1412 1440 1438 liuttt
1455 1416 1576 1446 apparet.
1595 1411 1760 1446 Frequenter
1771 1419 1889 1446 namque

1101 1458 1183 1485 etiam
1204 1466 1275 1484 nunc
1300 1458 1369 1484 idem
1396 1458 1453 1491 ipse
1479 1457 1602 1484 diabolus
1622 1458 1764 1484 unanimes
1781 1456 1888 1485 sodales

1102 1505 1273 1537 commiscet,
1291 1509 1374 1539 atque
1389 1505 1535 1532 conturbat
1557 1512 1604 1538 per
1624 1504 1774 1538 quamlibet
1800 1504 1889 1531 modi-

1102 1558 1161 1578 cam
1174 1552 1316 1584 rationem,
1326 1556 1354 1577 et
1365 1552 1398 1578 ad
1408 1552 1566 1578 immensam
1580 1550 1747 1578 inimicitiam
1757 1550 1889 1578 adversus

1105 1598 1220 1625 invicem
1244 1598 1377 1630 intututat,
1405 1598 1440 1624 ita
1458 1604 1486 1624 ut
1502 1597 1651 1625 efﬁciantur
1672 1597 1723 1624 sibi
1740 1605 1772 1624 ex
1793 1596 1888 1624 amicis

1103 1643 1218 1676 inimici,
1235 1651 1268 1670 ex
1283 1644 1398 1671 sinceris
1413 1644 1538 1672 crudeles
1549 1645 1710 1671 adversarii.
1730 1643 1793 1670 Hec
1810 1650 1889 1670 nam-

1103 1696 1156 1724 que
1181 1694 1222 1717 est
1239 1690 1362 1724 operatio
1384 1689 1505 1724 maligni.
1526 1690 1602 1717 Beati
1622 1690 1668 1725 qui
1692 1689 1889 1717 declinaverint

1103 1739 1131 1762 et
1142 1735 1291 1762 restiterim
1306 1735 1448 1762 calliditati
1460 1740 1542 1769 atque
1554 1736 1680 1763 versutia‘.
1695 1735 1765 1769 ejus,
1781 1742 1812 1762 ac
1828 1742 1887 1762 nta-

1103 1781 1209 1808 ledictis
1223 1781 1394 1808 suasionibus
1403 1782 1471 1816 ejus.
1485 1781 1547 1809 Post
1563 1790 1622 1816 quae
1638 1781 1764 1808 universa
1781 1781 1816 1808 ad
1826 1788 1889 1815 pro-

1103 1827 1218 1861 positum
1254 1832 1432 1854 revertamur.
1461 1827 1591 1861 Videam,
1625 1828 1722 1862 inquit,
1748 1826 1825 1853 illum
1855 1827 1889 1854 de

1103 1874 1189 1907 longe.
1206 1873 1280 1906 Qui?
1293 1873 1362 1900 Tres
1375 1874 1482 1901 sodales
1505 1882 1575 1908 ejus,
1601 1875 1716 1901 necdum
1732 1874 1821 1901 adhuc
1839 1873 1890 1900 itu-

1103 1921 1199 1946 ttttttati
1218 1928 1266 1946 nec
1281 1921 1461 1954 praevaricati.
1484 1922 1530 1948 sed
1554 1928 1615 1947 cttm
1641 1926 1734 1948 essent
1760 1920 1820 1955 puri
1847 1919 1889 1947 vi-

1103 1965 1198 1993 dentes
1210 1973 1271 1992 eunt
1284 1966 1318 1993 de
1328 1965 1418 2001 longe.
1438 1965 1475 1994 De
1487 1966 1565 2001 longe
1578 1966 1650 1993 enim
1667 1969 1846 2000 respexerunt
1862 1969 1890 1992 et

1104 2011 1278 2045 contemplati
1294 2017 1452 2047 suntatque
1479 2013 1607 2039 viderunt
1632 2019 1703 2038 eunt.
1730 2011 1797 2038 Nam
1824 2018 1887 2038 mox

1104 2062 1133 2084 ut
1147 2058 1231 2092 ipsatn
1243 2058 1530 2090 civitatemviderunt,
1551 2066 1614 2085 mox
1640 2057 1814 2085 nihilominus
1835 2056 1889 2084 sic-

1103 2103 1146 2131 ubi
1162 2104 1249 2137 ipsum
1262 2104 1385 2131 viderent
1401 2104 1565 2131 antbieruttt.
1578 2103 1674 2130 Totum
1699 2109 1816 2138 namque
1841 2109 1890 2130 cer

1101 2156 1194 2176 eorum
1209 2148 1304 2176 dolore
1315 2153 1396 2183 atque
1410 2149 1533 2183 angustia
1547 2148 1656 2183 plenum
1670 2148 1814 2183 pendebat,
1829 2147 1889 2174 ubi-

1102 2201 1165 2221 nam
1187 2193 1238 2222 Job
1263 2194 1481 2229 conquiesceret.
1510 2193 1605 2222 Meritc
1619 2194 1651 2221 de
1668 2193 1747 2228 longe
1762 2193 1890 2220 viderunt

266 2236 352 2264 simus
368 2236 493 2264 inimicus
503 2237 884 2273 ntalignusqueadverSarius,
897 2248 944 2275 per
953 2247 1050 2269 cuncta
1067 2236 1089 2263 Ι)
1103 2248 1177 2272 eum,
1197 2240 1259 2275 quia
1286 2241 1320 2268 de
1334 2240 1413 2276 longe
1434 2241 1588 2274 cogitabant
1615 2240 1647 2267 de
1672 2247 1721 2272 eo,
1747 2243 1829 2274 atque
1854 2239 1889 2266 de

268 2283 418 2318 permansit
444 2283 573 2311 inimicus
601 2289 682 2319 atque
698 2292 746 2320 per
763 2286 852 2313 omnia
865 2295 912 2314 sua
930 2289 1053 2315 exercuit

267 2330 344 2362 odia,
360 2334 388 2357 et
403 2337 454 2364 per
464 2337 576 2358 uxorem
593 2338 621 2358 et
634 2339 683 2366 per
700 2332 805 2360 amicos
825 2338 852 2360 et
867 2341 914 2368 per
931 2334 1049 2362 sodales.

267 2375 412 2410 Propterea
426 2375 590 2404 visitationis
603 2381 684 2411 atque
699 2378 894 2407 consolationis
908 2381 1050 2414 adventus,

267 2422 349 2450 totius
373 2422 489 2450 tristitiae
513 2430 559 2459 ac.
575 2424 722 2456 mterOris,
749 2425 908 2453 beatissimo
932 2425 983 2454 Job
1010 2431 1052 2455 est

267 2468 365 2496 factus.
393 2468 456 2496 Post
469 2476 529 2504 qua:
542 2470 670 2497 universa
692 2470 778 2498 dicit:
810 2470 933 2500 Vidcntes
962 2478 1050 2500 autem

264 2513 340 2540 illum
355 2513 388 2540 de
399 2513 484 2548 longe.
500 2523 553 2542 non
566 2522 726 2550 agnoverunt
745 2516 776 2543 ".
792 2516 845 2544 Sed
861 2522 924 2545 ante
946 2519 982 2546 ita
1001 2527 1049 2554 per

266 2565 367 2593 paucos
389 2566 530 2588 sermones
558 2561 740 2596 inquiramus,
763 2562 799 2590 ob
815 2571 896 2598 quam
918 2571 974 2592 rem
997 2570 1049 2593 tam

265 2605 372 2633 duriter
391 2607 467 2634 circa
483 2605 546 2639 Job,
565 2608 608 2635 vel
633 2608 723 2642 potius
747 2609 879 2636 adversus
891 2608 942 2636 Joh
959 2610 1050 2638 insur-

268 2657 406 2679 rexerunt.
431 2652 513 2686 Audi,
529 2652 600 2680 mala
613 2653 740 2688 opinione
761 2654 886 2682 succensi
902 2661 929 2682 et
945 2655 1051 2690 injuste

265 2697 427 2726 amulantes
452 2699 548 2732 Deum,
576 2704 606 2726 ut
630 2699 681 2734 ipsi
701 2699 843 2734 putabant,
868 2701 940 2734 quod
966 2701 1048 2729 Deunt

267 2744 460 2771 acutularentur
474 2749 554 2779 atque
571 2744 762 2777 defenderettt,
777 2746 910 2774 obcamati
931 2753 995 2775 sunt
1015 2748 1049 2775 ab

265 2788 386 2823 inimico,
402 2795 431 2816 ut
442 2789 544 2824 judicia
559 2790 604 2818 Dei
621 2799 673 2818 non
683 2791 866 2826 inquirerent.
881 2793 936 2822 lloc
948 2794 1051 2822 scilicet

302 2891 322 2906 "
349 2891 397 2919 Job
411 2900 441 2924 tt,
461 2891 502 2919 l2.

1105 2286 1186 2321 longe
1198 2291 1277 2313 erant
1291 2286 1399 2313 solliciti
1414 2294 1464 2322 pro
1484 2286 1538 2313 illo.
1554 2285 1658 2313 Idcirco
1668 2285 1702 2312 de
1721 2285 1801 2319 lottge
1820 2291 1890 2312 con-

1104 2337 1252 2367 spexerunt
1262 2339 1333 2359 eum.
1344 2331 1411 2359 Nam
1425 2333 1528 2359 anticus
1544 2331 1661 2358 anticum
1672 2338 1750 2358 suuttt
1765 2330 1798 2358 de
1810 2329 1890 2365 longe

1104 2378 1191 2411 videt,
1205 2378 1263 2405 sive
1275 2378 1395 2414 corporis
1405 2378 1520 2411 visione,
1535 2379 1593 2405 sive
1607 2377 1704 2404 anima:
1719 2376 1890 2409 sinceritate.

1105 2432 1168 2452 cutn
1189 2432 1293 2451 ntetuor
1310 2429 1352 2452 est
1371 2425 1429 2459 ejus
1443 2425 1469 2451 in
1486 2424 1565 2451 donis
1576 2428 1603 2451 et
1620 2423 1791 2456 muneribus,
1807 2427 1890 2458 atque

1105 2469 1133 2496 itt
1150 2476 1206 2496 sua:
1223 2470 1318 2504 gratia:
1331 2469 1507 2504 perfectione.
1524 2467 1653 2496 Videntes
1669 2468 1743 2495 illum
1755 2469 1789 2495 de
1798 2467 1888 2504 longe.

1106 2515 1176 2544 Ubi?
1193 2516 1280 2551 Super
1295 2523 1420 2543 acervum
1434 2515 1574 2550 Stercoris,
1593 2522 1674 2549 super
1696 2521 1841 2542 murenam
1861 2513 1890 2542 in

1105 2563 1148 2589 via
1173 2563 1291 2596 publica.
1320 2561 1449 2588 Videnles
1475 2569 1536 2588 eum
1561 2561 1595 2589 de
1607 2561 1686 2597 longe
1712 2560 1810 2595 repleti
1825 2563 1889 2588 sunt

1103 2608 1198 2635 dolore
1217 2612 1244 2635 et
1259 2607 1359 2642 gemitu
1373 2611 1401 2634 et
1416 2607 1524 2642 planctu
1539 2614 1647 2641 quoque
1663 2612 1745 2642 atque
1757 2607 1887 2635 lamenta-

1105 2654 1188 2686 tione,
1210 2654 1280 2680 sicut
1299 2652 1414 2680 ittferius
1433 2653 1676 2681 demonstrabitur.
1696 2652 1821 2680 Videam

1105 2700 1138 2726 de
1148 2699 1224 2734 longe
1242 2708 1292 2726 non
1309 2706 1481 2735 cognoverunt
1494 2708 1565 2728 eum.
1590 2699 1655 2726 Nam
1669 2706 1734 2728 vero
1755 2705 1809 2726 non

1105 2753 1152 2780 per
1175 2746 1245 2780 quod
1266 2751 1470 2780 agnosceretur,
1503 2746 1593 2781 regale
1619 2745 1717 2773 solium

1105 2790 1228 2821 t‘iadema
1248 2798 1300 2818 non
1315 2796 1384 2825 erat,
1399 2791 1486 2826 gloria
1505 2799 1591 2827 tthue
1606 2790 1690 2819 vestis
1705 2789 1761 2826 regi

1738 2659 1821 2680 mus
