2087 3234
238 198 287 228 501

780 200 970 228 ANON'YMUS
989 200 1023 227 IN
1041 199 1110 227 JOB.
1130 216 1163 220 —
1182 199 1246 226 LIB.
1267 198 1311 226 lll.

1809 198 1861 225 502

240 257 318 284 nistri
334 257 379 291 qui
395 258 513 291 undique
526 259 730 285 circumdarent
748 267 800 287 non
821 260 938 288 fuerunt.
953 261 1022 295 Ergo
1036 265 1059 291 Α
1074 267 1122 287 sua
1138 260 1308 290 scinderent,
1325 262 1351 285 et
1369 257 1488 284 cinerem
1503 261 1586 290 alque
1603 260 1701 283 terram
1713 256 1793 290 capiti
1809 264 1858 282 suo

242 302 305 336 quia
324 302 390 329 nihil
410 302 517 329 illorutu
544 303 570 329 in
593 310 625 330 eo
646 303 783 336 viderunt,
803 313 862 339 qua-
876 307 977 340 pridem
996 307 1022 333 iu

240 356 273 375 eo
288 355 348 375 esse
364 348 500 380 sciebant,
517 355 577 382 qua:
592 353 654 376 ante
672 349 699 376 in
714 349 760 377 illo
777 351 868 378 videre
883 352 954 378 soliti
967 351 1023 379 fue-

239 399 312 426 rant,
328 393 425 421 merito
441 394 564 421 videntes
581 394 655 421 illum
668 403 720 422 non
736 402 912 430 agnoverunt.
929 397 956 423 ln
968 405 1021 431 quo

242 447 304 466 eum
322 439 522 474 agnoscerent?
538 439 620 466 Coma
637 441 735 475 capitis
752 450 804 469 non
819 436 932 469 erat’ci.
952 442 1019 470 Nam

243 485 356 511 tondens
371 491 475 510 comam
494 489 521 511 et
534 484 641 511 diabolo
669 493 728 512 eam
750 487 867 520 jactaus,
886 491 956 513 terra
972 495 1019 514 ca-

238 535 287 565 put
304 537 381 556 suum
403 530 526 563 replevit.
549 530 577 557 In
602 537 656 565 quo
680 532 877 566 agnoscerent?
900 534 926 560 ln
951 533 1019 561 faeie

236 581 316 609 atque
332 575 421 602 vultus
433 576 539 610 gloria?
554 576 610 603 Non
628 582 688 604 erat
705 585 755 604 nec
778 578 847 612 ipsa.
873 579 940 606 Nam
967 587 1017 614 pu~

236 621 311 647 tredo
339 620 435 647 faciem
469 623 698 650 exterminaverat
723 628 751 651 et
778 632 884 652 vermes
915 625 1017 652 vultum

235 665 453 693 immutaveranl.
468 666 521 694 Pro
536 667 578 694 his
590 675 654 703 ergo
668 669 795 696 omnibus
807 670 929 698 videntes
941 670 1015 698 illurn

233 716 285 737 non
301 716 477 745 agnoverunt.
492 711 599 739 Vultum
613 722 664 740 non
678 719 862 749 agnoverunt,
883 716 929 743 sed
950 724 1016 743 con-

231 755 375 782 scientiam
395 764 574 792 aguoverunt.
590 758 697 786 Faciem
710 767 761 787 neu
778 766 955 795 agnoverunt,
968 763 1014 789 sed

231 801 415 829 sinceritatem
431 809 610 836 agnoverunt.
625 805 690 831 Nam
705 813 766 832 cum
780 806 815 833 ita
830 806 1013 835 miserabilem

230 852 311 882 atque
339 848 541 876 lamentabilem
569 849 642 876 illum
661 850 808 883 viderunt,
841 859 931 886 neque
948 860 1014 880 con-

230 897 402 928 tempserunt
416 901 502 929 neque
515 900 686 929 spreverunt,
711 897 758 923 sed
780 897 939 925 immensam
953 899 1011 926 sin-

1074 310 1244 340 spargerent,
1260 305 1349 331 cilicio
1366 304 1542 331 nihilominus
1557 303 1685 330 continuo
1699 310 1728 330 se
1745 303 1858 330 induen-

1075 355 1124 378 tes.
1140 351 1186 378 Sic
1199 350 1357 378 sciditolim
1374 349 1457 376 .Iacob
1479 349 1636 376 vestimenta
1660 356 1719 380 sua,
1744 354 1772 375 et
1798 349 1857 375 cili-

1073 397 1142 423 cium
1157 396 1283 431 imposuit
1298 396 1404 430 corpttri
1424 403 1472 422 suo
1485 394 1593 429 quando
1616 394 1738 421 nuntiata
1765 398 1806 421 est
1830 394 1854 421 ei

1072 441 1171 475 Joseph
1192 440 1308 467 interitio
1329 440 1351 455 ³⁸
1365 448 1372 466 :
1387 444 1414 467 et
1429 444 1457 466 ut
1471 440 1504 466 de
1526 439 1733 473 quamplurimis
1746 438 1853 469 sileam,

1071 487 1111 514 sic
1129 487 1209 514 scidit
1233 487 1314 514 David
1332 493 1393 512 ctnn
1422 485 1563 513 Sichelech
1584 485 1618 511 ab
1635 485 1791 512 Amalecitis
1809 492 1854 511 ca-

1069 537 1141 566 ptam
1158 532 1260 559 invenit
1275 534 1311 563 ³⁷,
1324 536 1352 558 et
1370 531 1470 558 iterum
1484 531 1591 565 quando
1609 530 1672 557 Saul
1688 535 1715 557 et
1728 529 1852 557 Jonathae

1069 583 1183 605 tnortem
1198 578 1300 604 audivit
1311 576 1346 603 ’“.
1363 576 1409 603 Sic
1434 576 1514 603 scidit
1532 575 1666 603 Ezechias
1679 576 1787 609 quando
1801 576 1852 602 mi-

1069 631 1117 650 nas
1128 631 1158 650 ac
1173 623 1356 657 blasphemias
1379 622 1566 649 Sennacherib
1585 626 1613 648 et
1632 620 1781 655 Rhapsacls
1801 629 1851 648 au-

1068 670 1135 696 divit
1151 669 1183 701 3’,
1199 669 1238 695 sic
1251 669 1331 695 scidit
1351 675 1397 694 rex
1415 667 1595 694 Ninivitarum
1613 667 1772 693 vestimenta
1789 674 1849 699 sua,

1067 720 1094 742 et
1112 715 1202 742 cilicio
1217 722 1246 741 se
1259 714 1374 741 induens
1389 714 1415 740 in
1432 714 1523 740 cinere
1538 713 1617 745 sedit,
1633 712 1740 747 quando
1755 720 1769 739 a
1782 712 1850 740 Jona

1066 762 1198 795 propheta
1222 761 1255 787 de
1274 759 1385 787 Ninives
1410 759 1588 786 subversione
1614 759 1718 785 audivit
1739 758 1773 784 ⁸ο,
1803 758 1849 786 Sic

1066 807 1146 834 scidit
1159 806 1270 833 ultimus
1285 806 1311 832 in
1325 806 1382 839 lege
1405 804 1558 832 Judzcorum
1577 805 1700 838 princeps
1719 804 1849 831 sacerdo-

1067 858 1134 885 tum,
1151 859 1212 879 cum
1230 852 1359 878 adversus
1374 850 1518 877 Dominum
1532 849 1727 885 blasphemiam
1740 856 1846 882 quaere-

1066 902 1106 925 ret
1119 897 1152 929 “,
1168 904 1200 923 ex
1217 903 1270 931 quo
1280 895 1431 922 Judaaorum
1450 894 1639 922 sacerdotium.
1653 898 1680 919 et
1697 892 1785 919 omnis
1800 892 1847 919 .lu-

233 939 375 965 ceritatem
390 940 580 971 ostenderunt,
594 939 665 966 sicut
684 940 798 967 inferius
811 941 1012 968 demonstrabi-
1028 940 1049 967 Β
1064 945 1180 970 daaorutn
1196 943 1262 977 legis
1270 943 1337 969 ritus
1348 940 1504 968 conscissus
1518 944 1599 974 atque
1613 940 1758 967 distractus
1771 939 1846 974 peni-

229 987 283 1010 tnr.
312 983 370 1011 Non
397 984 469 1011 enim
489 988 567 1011 erant
594 985 660 1012 tales
680 985 751 1012 beati
775 985 813 1013 illi
837 986 898 1019 viri,
916 987 1011 1021 quales

228 1036 300 1055 nunc
315 1029 440 1063 profecto
455 1034 517 1057 sunt
533 1030 657 1057 homines
671 1031 807 1064 malevoli,
824 1031 921 1067 ingrati
935 1040 942 1058 :
964 1033 1009 1067 qui

229 1082 290 1101 cum
307 1075 375 1102 bene
387 1079 428 1102 est
442 1075 564 1107 cuilibet,
585 1081 641 1102 tum
665 1076 702 1103 illi
726 1078 809 1104 amici
834 1084 897 1106 sunt
911 1082 938 1106 et
952 1079 1009 1106 sin-

228 1121 282 1147 ceri
299 1124 379 1154 alque
397 1121 455 1155 pttri
470 1128 530 1148 esse
547 1121 686 1149 videntur.
709 1122 775 1150 Cum
794 1124 907 1151 cuilibet
925 1125 1010 1152 tribu-

227 1165 291 1192 latio
304 1167 454 1199 advenerit,
472 1172 536 1194 tunc
554 1168 678 1196 videlicet
695 1169 731 1196 illi
747 1169 891 1197 discedunt
913 1175 940 1197 et
962 1170 1009 1198 de-

226 1211 353 1245 spiciunt,
383 1212 590 1247 obliviscuntur,
610 1215 820 1251 derelinquunt,
844 1216 1007 1244 oblivionem

225 1262 307 1291 atque
336 1259 592 1293 ingratilicalionem
619 1262 741 1289 omnium
772 1263 891 1296 priorum
915 1267 1008 1290 osten-

225 1303 331 1330 dentes.
348 1303 401 1330 Sed
426 1305 490 1331 olim
515 1306 638 1334 homines
661 1316 714 1335 non
738 1307 846 1335 fuerunt
863 1308 939 1341 tales,
959 1310 1006 1337 sed

225 1349 424 1382 sinceritatem,
436 1356 518 1385 atqtte
536 1352 708 1380 dilectionem
723 1354 914 1382 custodierunt
930 1355 1004 1382 circa

223 1401 253 1421 se
264 1401 296 1421 ac
309 1403 357 1429 pro
373 1403 402 1422 se
419 1396 533 1423 invicem
552 1405 636 1432 usque
653 1398 686 1425 ad
703 1403 830 1431 mortem,
855 1400 927 1426 sicut
949 1401 1006 1427 evi<

223 1440 320 1466 denter
329 1441 446 1468 ostendit
460 1441 505 1468 ille
519 1442 565 1477 qui
584 1443 640 1470 ait:
659 1444 767 1471 Sodali:
788 1446 876 1472 antica
896 1454 1003 1481 compa-

223 1484 288 1510 titur
301 1493 382 1520 usque
396 1486 430 1512 ad
438 1489 555 1513 'mortem
567 1506 574 1519 ,
597 1493 621 1514 et
645 1488 674 1515 in
700 1493 815 1523 tempore
833 1489 892 1516 belli
909 1491 1004 1525 accipit

222 1538 298 1556 arma
314 1531 346 1559 ⁸⁸.
360 1530 439 1558 Tales
452 1531 562 1558 fuerunt
577 1532 614 1559 illi
630 1533 702 1560 beati
727 1534 778 1561 viri
803 1535 915 1569 sinceri,
940 1536 1004 1563 abs—

221 1583 274 1610 que
294 1576 400 1604 fallacia
426 1577 476 1605 Job
502 1579 592 1610 amici,
616 1580 661 1614 qui
679 1580 713 1607 ad
738 1580 909 1608 inimicitiam
927 1581 1000 1608 circa

1064 994 1107 1016 tus
1130 989 1244 1016 interiit.
1268 988 1350 1015 Juxta
1377 988 1445 1014 hanc
1463 992 1526 1021 ergo
1541 986 1713 1021 antiquorum
1732 993 1845 1012 consue-

1063 1036 1183 1062 tudinem
1203 1035 1286 1062 etiam
1302 1034 1352 1060 viri
1369 1033 1407 1060 illi
1420 1033 1470 1060 Job
1484 1032 1563 1059 amici
1578 1040 1638 1059 cuin
1652 1031 1786 1058 terribiles
1794 1029 1845 1058 Job

1061 1082 1266 1115 conspexissent
1292 1080 1399 1108 dolores
1413 1099 1421 1112 ,
1445 1078 1600 1106 scindentes
1618 1077 1776 1105 vestimenta
1794 1085 1843 1104 sua

1060 1132 1088 1154 et
1102 1131 1260 1161 spargentes
1276 1131 1375 1153 terram
1402 1132 1483 1159 super
1498 1124 1585 1160 capita
1604 1131 1662 1156 sua,
1683 1123 1844 1150 assederunt

1060 1172 1097 1199 illi
1122 1177 1224 1206 septem
1242 1172 1336 1199 diebus
1353 1176 1380 1198 et
1397 1175 1498 1205 septem
1521 1169 1655 1197 noctibus.
1676 1169 1842 1196 Assederunt

1059 1219 1096 1245 illi
1108 1219 1179 1245 sicut
1192 1218 1289 1245 tnedici
1304 1218 1336 1244 ad
1348 1217 1494 1249 inﬁrmum,
1517 1216 1562 1243 sed
1587 1214 1711 1242 sanitatis
1723 1215 1842 1241 medica-

1057 1265 1130 1292 mina
1154 1263 1276 1291 invenire
1302 1271 1352 1289 non
1380 1265 1527 1297 potuerunt
1547 1267 1659 1296 aegroto.
1675 1260 1842 1287 Assederunt

1058 1310 1096 1337 illi
1113 1315 1242 1344 tanquam
1258 1308 1445 1335 consolatores
1464 1306 1588 1338 dolentis,
1609 1306 1655 1332 sed
1679 1304 1841 1332 consolatio-

1058 1363 1118 1383 nem
1134 1356 1256 1383 invenire
1267 1362 1320 1381 non
1338 1358 1486 1388 potuerunt
1502 1352 1660 1379 miserabili.
1671 1352 1840 1379 Assederunt

1056 1402 1105 1429 illi.
1125 1402 1159 1429 Et
1186 1401 1230 1427 ubi
1255 1398 1527 1427 assederunt?Foris
1541 1398 1567 1424 in
1585 1405 1698 1424 murana
1716 1402 1797 1431 atque
1811 1397 1838 1424 in

1056 1454 1155 1474 acervo
1183 1446 1314 1473 stercoris
1338 1450 1363 1472 et
1391 1445 1417 1471 in
1442 1444 1547 1471 strata?
1572 1443 1642 1475 Non,
1668 1442 1756 1469 absit!
1780 1440 1839 1468 Non

1054 1494 1125 1520 enim
1143 1497 1214 1519 tanta
1238 1492 1383 1518 multitudo
1399 1492 1521 1518 dolorum
1544 1489 1721 1517 inundaverat
1734 1487 1794 1521 Job,
1810 1492 1840 1514 ut.

1055 1539 1099 1566 ille
1117 1539 1244 1565 honorem
1261 1537 1294 1564 ad
1318 1543 1348 1563 se
1363 1537 1527 1563 venientium
1544 1543 1595 1562 non
1618 1534 1787 1568 intelligeret,
1809 1536 1839 1560 ut

1055 1582 1213 1617 dignitatem
1228 1582 1403 1616 praesentium
1426 1588 1479 1608 non
1493 1580 1689 1608 consideraret.
1711 1578 1837 1612 Quandiu

221 1621 271 1650 Job
291 1631 429 1657 nunquam
446 1629 510 1652 sunt
523 1625 668 1658 immutati,
686 1633 774 1660 neque
788 1627 821 1654 ad
838 1628 890 1654 hoc
911 1632 940 1654 ut
957 1636 1001 1655 re-
1016 1616 1038 1645 (ἶ
1056 1616 1120 1663 ει·ὲο
1133 1628 1256 1655 venirent
1271 1628 1309 1654 illi
1325 1627 1386 1659 viri,
1402 1626 1447 1653 illo
1469 1633 1553 1660 usque
1574 1626 1641 1652 foris
1664 1625 1690 1651 in
1712 1631 1837 1656 murana,

220 1668 378 1695 nuntiarent
395 1668 444 1702 illi,
467 1669 510 1696 vel
532 1669 752 1704 derelinquerent
773 1678 846 1702 eum,
872 1671 924 1699 nisi
953 1680 1002 1706 pro

220 1714 365 1740 verborum
384 1716 578 1747 controversia,
598 1724 628 1743 ac
649 1717 817 1751 eloquiorum
835 1718 1000 1750 certamine;

220 1763 245 1785 ut
261 1760 391 1793 putabant
408 1763 487 1795 ,quod
513 1761 558 1787 Dei
581 1762 714 1795 justitiam
737 1762 923 1790 defenderent.
950 1764 1000 1789 Sed

218 1811 281 1831 vere
295 1806 416 1832 diabolus
429 1806 642 1833 inﬂammaverat
660 1808 739 1834 corda
752 1816 858 1841 eorum,
875 1817 927 1843 quo
945 1818 1001 1836 ma-

218 1851 258 1884 gis
274 1849 322 1876 Job
337 1851 487 1877 molestiam
508 1853 670 1885 irrogarent,
689 1861 743 1886 quo
766 1855 850 1889 magis
871 1855 1000 1889 multipli-

217 1896 305 1923 ciores
331 1897 493 1924 tentationes
519 1897 591 1930 justo
617 1899 652 1925 illi
681 1899 845 1933 ingererent.
869 1900 999 1934 Vidmles,

217 1942 314 1975 Inquil,
328 1951 385 1969 eum
403 1951 453 1968 nun
470 1950 638 1977 agnoverunt.
663 1944 753 1971 Talem
782 1945 869 1979 qualis
895 1946 998 1982 pridem

217 1989 305 2016 fuerat
336 1999 386 2016 non
415 1995 582 2024 agnoverunt
604 1998 610 2016 :
629 1990 708 2017 talem
737 1998 799 2018 vero
823 1992 910 2024 qualis
937 1996 998 2019 tunc

217 2034 322 2066 fuisset,
350 2040 538 2069 agnoverunt,
566 2036 758 2069 miserabilem,
788 2036 996 2069 lamentabilem,

217 2080 363 2111 infelicent,
386 2082 463 2109 malis
484 2082 608 2108 omnibus
622 2081 761 2109 refertum.
781 2082 883 2109 Idcirco
900 2083 997 2117 singuli

215 2125 368 2152 scindentes
389 2127 549 2153 vestimenta
572 2134 637 2159 sua,
664 2132 691 2153 et
718 2132 873 2161 spargentcs
898 2133 996 2154 terram

214 2179 295 2204 super
320 2172 405 2205 capita
431 2180 478 2198 sua
490 2193 497 2203 ,
517 2172 675 2198 assederunt
690 2172 725 2198 illi
744 2178 846 2205 septem
862 2172 958 2199 diebus
970 2179 997 2199 ct

214 2222 316 2251 septem
334 2218 465 2244 ItUL'lllillS.
487 2218 658 2244 Adtuirantes
685 2218 816 2253 vim
835 2224 916 2253 atque
938 2225 995 2245 stu-

213 2267 306 2295 pentes
326 2263 511 2289 Vehementem
537 2271 568 2289 ac
587 2263 852 2295 terribil_
865 2264 996 2292 lamenta-

214 2308 293 2334 bilcut
317 2308 376 2343 ejus
398 2308 624 2339 immutationem,
645 2308 873 2343 ν-
889 2310 997 2336 consci-

212 2353 319 2381 derunt.
339 2353 404 2386 Qua:
430 2353 529 2385 fecisti,
545 2354 649 2388 inquiet

211 2406 271 2433 qua:
280 2399 388 2433 gessisti
399 2400 529 2434 gerimus,
546 2400 624 2434 vesti;

211 2445 252 2472 sic
277 2453 394 2478 namque
414 2451 441 2472 et
463 2450 490 2472 tu
514 2445 565 2474 feci

209 2491 315 2525 quiunt,
328 2498 345 2517 ο
352 2489 403 2518 Job
416 2500 423 2518 :
434 2496 462 2519 et
475 2492 525 2525 qm

210 2536 331 2564 dividere
355 2535 448 2571 νοεεῄ

649 2311 873 2380 -
889 2311 997 2336 consci-

855 2354 939 2380 'imus.
968 2359 1010 2380 eL

613 2380 1112 2446 Istam

475 2453 490 2472 “
514 2446 848 2510 “1‘.”
862 2446 1122 2510 ’-

475 2492 532 2510 Illin
834 2496 879 2510 Iun
1119 2494 1126 2510 Δ

207 2664 1063 2719 cons—-

1055 1674 1080 1700 in
1104 1678 1189 1700 strata
1210 1673 1337 1699 omnibus
1361 1672 1502 1699 evidenter
1518 1670 1666 1698 ostendens
1680 1670 1836 1703 passionem

1053 1727 1142 1750 suam,
1161 1724 1187 1745 et
1204 1719 1266 1752 quia
1285 1726 1345 1744 cum
1361 1722 1433 1743 esset
1446 1717 1535 1751 justus
1558 1715 1731 1742 vehementes
1754 1714 1837 1740 susti-

1054 1765 1143 1791 mterit
1161 1764 1278 1790 dolores.
1299 1763 1444 1796 Postquam
1462 1769 1527 1788 vero
1553 1761 1692 1787 memorati
1716 1760 1768 1786 viri
1792 1767 1837 1786 ve-

1053 1815 1160 1840 nerunt,
1175 1809 1297 1836 deferens
1311 1809 1438 1835 honorem
1451 1807 1603 1834 sinceritati
1622 1814 1726 1836 eurtnn,
1740 1811 1767 1832 et
1785 1805 1835 1831 ho-

1053 1856 1201 1881 not'ilit-ans
1225 1862 1354 1889 personas
1383 1861 1477 1879 eorutn
1499 1853 1620 1879 introivit
1638 1853 1663 1877 in
1683 1852 1833 1884 civitatem,

1052 1906 1079 1928 et
1093 1901 1162 1927 sedit
1183 1901 1209 1926 in
1224 1901 1303 1926 domo
1322 1908 1328 1925 :
1350 1904 1376 1925 et
1391 1899 1427 1925 ita
1445 1898 1616 1925 venerabiles
1632 1898 1675 1924 isti
1692 1897 1742 1923 viri
1758 1897 1833 1923 sede-

1052 1951 1115 1973 runt
1131 1947 1199 1980 apud
1214 1954 1274 1973 cum
1293 1950 1396 1979 septem
1423 1945 1517 1971 diebus
1535 1949 1562 1970 et
1575 1949 1676 1977 septem
1700 1943 1832 1970 noctibus.

1052 1989 1225 2017 llebdomada
1243 1990 1346 2016 dierum
1367 1989 1390 2015 ei
1407 1989 1576 2020 assederunt,
1604 1996 1636 2014 ex
1660 1995 1712 2021 qua
1735 1987 1834 2014 hebdo-

1051 2035 1128 2061 mada
1142 2040 1225 2061 totum
1239 2035 1290 2060 hoc
1301 2039 1504 2060 consummatur
1516 2032 1652 2059 smeulnm.
1666 2032 1834 2058 Assedcrunt

1050 2080 1074 2106 ei
1091 2085 1193 2113 septem
1208 2080 1303 2105 diebus
1318 2083 1344 2104 et
1361 2083 1462 2112 septem
1482 2078 1617 2108 noctibus,
1632 2076 1769 2107 indivulsi,
1791 2077 1833 2102 in-

1049 2123 1166 2157 separati
1187 2128 1267 2156 atque
1286 2122 1464 2149 ittdiSsociati.
1490 2122 1659 2148 Asscderunt
1680 2121 1703 2147 ei
1729 2126 1833 2155 septetn

1053 2169 1146 2194 diebus
1159 2173 1185 2194 et
1201 2173 1302 2201 septem
1329 2167 1464 2198 noctibus,
1493 2174 1623 2200 nusquam
1652 2166 1831 2197 discedentes,

1051 2223 1182 2248 nusquam
1201 2217 1367 2244 recedentes,
1394 2221 1525 2247 nusquam
1546 2214 1715 2244 deserentes,
1743 2220 1832 2246 neque

1051 2261 1083 2286 ad
1099 2268 1201 2290 escam,
1218 2267 1305 2292 neque
1322 2259 1354 2285 ad
1378 2264 1480 2293 potum,
1504 2265 1590 2292 neque
1607 2258 1639 2283 ad
1658 2258 1767 2289 lectum,
1787 2264 1832 2283 nc-

1053 2307 1146 2340 quead
1162 2306 1234 2331 aliud
1248 2305 1428 2339 refrigerium.
1444 2304 1497 2330 Sed
1513 2304 1627 2330 forsitan
1637 2303 1701 2329 dicit
1717 2302 1829 2336 aliquis:

1062 2350 1239 2384 kqnomodo
1264 2353 1447 2375 sustnuterunt
1472 2355 1525 2373 non
1552 2347 1727 2377 manducare,
1745 2353 1832 2378 neque

1102 2388 1143 2428 pre
1157 2399 1258 2428 septem
1269 2393 1383 2420 diebus?
1396 2392 1514 2419 Primum
1526 2392 1639 2425 quidem
1653 2391 1741 2416 divina
1754 2394 1832 2416 erant

1126 2445 1151 2466 te
1166 2439 1322 2469 confurtati,
1350 2444 1402 2464 tant
1431 2445 1479 2472 pro
1497 2436 1546 2464 Job
1560 2444 1639 2470 quam
1654 2443 1702 2470 pro
1714 2443 1762 2461 sua
1773 2435 1830 2461 sin-

1119 2492 1173 2512 ate.
1192 2485 1257 2511 Nam
1271 2485 1335 2519 justi
1358 2489 1436 2510 erant
1456 2483 1505 2509 viri
1529 2483 1573 2508 isti
1598 2486 1679 2516 atque
1699 2481 1829 2515 religiosi,

1092 2528 1144 2559 lito
1157 2536 1185 2557 et
1203 2531 1248 2557 Dei
1264 2530 1397 2564 colloquio
1410 2534 1471 2563 post
1494 2529 1545 2555 ltoc
1562 2529 1633 2562 digiti
1651 2528 1734 2554 habiti
1757 2532 1828 2553 sunt.

1084 2572 1094 2603 Ξ
1123 2577 1213 2610 itaque
1238 2576 1337 2601 virtute
1370 2580 1451 2609 atque
1486 2573 1653 2609 providentia
1682 2572 1829 2599 confortati

1068 2619 1244 2649 istinuerunt.
1267 2622 1330 2647 ltent
1346 2622 1434 2647 adhuc
1452 2621 1533 2647 etiam
1559 2620 1603 2646 isti
1631 2619 1680 2645 viri
1696 2619 1774 2645 aliter
1788 2626 1831 2645 ve<

1066 2674 1155 2701 erunt,
1171 2673 1197 2694 et
1214 2669 1335 2694 videntes
1349 2668 1558 2701 obstupuerunt,
1583 2672 1609 2693 et
1632 2666 1764 2691 immenso
1779 2665 1829 2691 (lo—

1047 2715 1105 2741 lore
1122 2719 1202 2748 atque
1218 2714 1325 2740 tristitia
1338 2718 1418 2747 atquc
1433 2712 1533 2747 gentitu
1553 2712 1644 2746 repleti
1665 2717 1736 2738 sunt.
1753 2712 1831 2738 Asse-

1072 2765 1144 2787 ‘runt
1164 2760 1188 2786 ei
1203 2764 1305 2793 septem
1325 2759 1420 2785 diebus
1441 2763 1468 2784 et
1493 2762 1594 2791 septem
1619 2759 1753 2790 noctibus,
1772 2758 1829 2791 ipsa

1258 2863 1275 2876 ’7
1294 2862 1301 2888 l
1319 2862 1382 2899 Reg.
1402 2872 1463 2896 xxx,
1478 2864 1503 2890 Ii.
1557 2865 1578 2880 ³⁸³
1595 2864 1616 2891 ll
1642 2864 1707 2899 Reg.
1735 2872 1754 2896 t,
1783 2863 1828 2891 12.

1115 2863 1199 2894 1,3,}.
