4174 6386
503 332 609 388 503

1603 334 1985 391 ANONYMUS
2025 335 2090 389 IN
2127 336 2264 392 JOB.
2307 367 2373 377 -
2412 335 2539 390 LIB.
2576 333 2662 389 Ill.

3652 329 3748 384 5N

509 448 733 502 tristitia
763 458 925 516 atque
953 450 1082 518 ipsis
1107 449 1386 504 doloribus
1417 453 1667 513 saturati,
1699 452 1829 521 ipsis
1855 454 2078 505 vocibus
2109 457 2152 511 Α
2185 451 2241 503 Si
2273 450 2426 504 liberi
2461 449 2655 503 sublati
2685 455 2810 502 sunt
2840 445 2963 511 tibi,
2995 441 3260 510 transiges
3291 440 3357 496 de
3392 455 3448 495 re
3473 441 3747 494 lamntari.

505 542 714 603 satiati,
769 540 900 609 ipsis
937 541 1191 613 laerytnis
1229 543 1502 597 inebriati.
1556 542 1678 597 llaec
1723 545 2073 597 recordantes

506 642 625 700 post
645 632 757 684 lnuc
779 617 978 695 sancti,
1002 633 1335 686 dixeruntea
1368 633 1571 695 verbis,
1589 650 1708 701 quze
1729 635 1804 686 illi
1831 632 2072 702 perfece-

506 730 629 772 runt
651 719 830 772 factis.
867 717 1102 773 Fuerunt
1126 721 1253 774 mihi
1284 721 1532 792 lacryma:
1567 739 1693 775 metr
1708 739 1868 792 panes
1901 723 1986 776 die
2009 739 2071 776 ac

500 818 652 862 nocte
666 808 709 840 ⁸³
731 825 746 873 ;
769 820 822 862 et
844 832 854 863 :
885 807 1092 863 Oblitus
1111 827 1224 864 sum
1244 814 1396 864 edere
1413 829 1581 865 meum
1599 829 1791 880 panem
1808 831 1837 864 a
1851 829 1969 867 voce
1992 831 2071 882 ge-

501 900 725 952 im'tuum
746 917 980 953 meorum
1001 901 1066 967 ",
1092 913 1142 954 et
1166 920 1180 956 :
1205 902 1409 956 Potasti
1425 921 1515 957 nos
1535 905 1778 974 lacrymis
1797 907 1851 958 in
1871 924 2070 960 mensu-

501 1006 561 1044 ra
589 989 657 1045 ⁸⁸.
687 991 858 1044 Tanta
894 1006 1025 1061 ergo
1055 994 1272 1047 tristitia
1319 1010 1383 1049 ac
1423 996 1630 1059 dolore,
1666 1006 1718 1050 et
1752 998 2066 1064 gemitibus,

498 1080 748 1147 suspiriis
790 1093 1004 1148 quoque
1033 1090 1087 1134 et
1143 1081 1417 1152 lacrymis,
1464 1094 1629 1150 atque
1680 1083 2068 1138 lamentatione

505 1169 690 1237 repleti
725 1180 851 1224 sunt
901 1170 1000 1223 viri
1042 1171 1141 1237 illi,
1175 1182 1232 1224 ut
1271 1172 1514 1226 omnium
1557 1174 1856 1228 carnalium
1904 1185 2068 1244 atque

499 1262 846 1330 praesentium
879 1263 1370 1328 obliviscerentur,
1418 1275 1476 1318 et
1499 1264 1774 1319 alerentur
1814 1276 1862 1320 et
1914 1277 2067 1320 satu-

498 1364 755 1406 rarentur
795 1363 850 1407 et
884 1354 1223 1422 replerentur
1263 1355 1373 1424 ipsa
1411 1356 1629 1410 tristitia
1660 1366 1712 1410 et
1739 1357 1902 1410 luctu.
1933 1356 2064 1410 Nam

431 1453 437 1458 '
494 1448 638 1502 sicut
673 1445 773 1501 Job
819 1447 1169 1501 saturabatur
1216 1448 1716 1504 vehementioribus
1760 1450 2064 1514 doloribus,

494 1539 746 1592 similiter
773 1540 916 1592 beati
951 1541 1051 1593 viri
1097 1539 1170 1593 illi
1211 1539 1600 1594 saturabantur
1651 1541 1914 1594 immensa
1967 1543 2066 1594 tri-

494 1629 640 1682 stitia
675 1640 833 1699 atque
866 1629 1182 1686 ululatibus.
1237 1631 1328 1687 Sic
1351 1673 1366 1696 ,
1397 1633 1592 1703 inquit,
1625 1635 1946 1686 assederunt
1991 1633 2064 1686 illi

493 1730 693 1788 septem
719 1721 912 1776 diebus
941 1733 995 1775 et
1020 1733 1225 1793 septem
1256 1726 1526 1788 noctibus,
1560 1732 1613 1777 et
1635 1726 1830 1778 mortui
1861 1725 2060 1778 luctum

493 1813 630 1882 apud
667 1813 932 1867 viventem
959 1813 1063 1870 Job
1112 1816 1494 1886 impleverunt.
1538 1815 1741 1873 Luctus
1799 1818 1943 1870 enim
2004 1817 2062 1872 fit
2095 1798 2136 1853 Β

492 1902 687 1956 mortui
725 1913 930 1972 septem
959 1903 1150 1958 diebus
1179 1913 1232 1958 et
1265 1915 1470 1970 septem
1515 1906 1787 1959 noctibus.
1837 1904 1882 1959 0
1911 1903 2057 1957 solli-

490 1997 782 2052 citudinem
837 1997 1118 2052 beatorum
1178 1999 1388 2053 illorum
1466 2009 1627 2068 atque
1696 1999 2057 2063 devotionem,

488 2105 647 2158 quam
681 2091 825 2144 circa
861 2087 962 2145 Job
991 2091 1328 2145 habuerunt!
1359 2090 1403 2145 0
1428 2093 1598 2144 virtus
1631 2102 1686 2145 et
1711 2091 2009 2144 constantia
2038 2091 2052 2143 ε

486 2183 532 2238 Ο
593 2185 850 2251 patientia
913 2194 1076 2254 atque
1127 2185 1292 2238 animi
1357 2183 1656 2238 fortitudo!
1723 2183 2056 2238 Commortui

486 2275 769 2342 suntjnsto
804 2275 876 2328 illi
906 2273 1008 2330 Job
1037 2290 1142 2330 non
1169 2275 1566 2338 manducando,
1595 2289 1770 2342 neque
1802 2273 2055 2336 bibendo,

486 2380 608 2434 qua:
636 2367 889 2420 universa
930 2376 1162 2422 mortem
1214 2366 1544 2436 signilicant.
1580 2364 1712 2418 Nam
1764 2365 1907 2419 sicut
1950 2380 2055 2419 non

485 2463 951 2511 manducaverunt
1001 2473 1178 2527 neque
1233 2458 1521 2523 biberunt,
1578 2457 1659 2512 sic
1723 2472 1821 2512 nec
1893 2457 2054 2512 locuti

485 2558 610 2603 sum
634 2589 648 2610 ,
683 2557 739 2602 et
780 2548 923 2603 sicut
969 2563 1074 2602 non
1125 2556 1256 2603 sunt
1296 2548 1458 2602 locuti
1491 2559 1696 2618 septem
1727 2549 1951 2614 diebus,
1983 2549 2054 2602 ita

484 2659 584 2699 nec
609 2643 1069 2699 manducaverunt
1101 2659 1202 2699 nec
1233 2644 1502 2699 biberunt.
1533 2645 1685 2710 Quod
1718 2653 1899 2696 autem
1945 2659 2051 2697 non

483 2736 949 2789 tnanducaverunt
981 2746 1185 2804 septem
1227 2733 1450 2796 diebus,
1481 2735 1720 2789 ostendit
1767 2734 1818 2788 in
1863 2733 2052 2788 subse-

481 2829 772 2898 quentibus
801 2829 989 2884 dicens
1024 2844 1038 2882 :
1074 2830 1397 2884 Assederunt
1433 2831 1482 2881 ei
1524 2838 1716 2895 septem
1765 2827 1948 2881 diebus
2000 2838 2050 2881 et

480 2929 671 2987 septem
702 2920 962 2983 noctibus,
997 2929 1044 2972 et
1087 2935 1234 2973 nemo
1267 2919 1479 2972 illorum
1509 2921 1709 2972 locutus
1732 2926 1808 2970 est
1841 2918 1907 2970 ad
1932 2933 2051 2970 eum

480 3011 687 3064 verbum
714 3010 778 3063 “'.
802 3010 1016 3076 Quare?
1031 3010 1166 3077 Quia
1187 3010 1433 3064 viderant
1450 3007 1660 3079 plagam
1678 3008 1795 3078 ejus
1814 3009 2049 3062 saevissi-

482 3117 622 3154 mam
664 3116 806 3166 esse,
863 3113 917 3156 et
971 3117 1223 3172 magnam
1277 3101 1449 3156 valde.
1505 3100 1721 3168 Septem
1759 3100 1950 3154 diebus
1995 3107 2050 3153 et

479 3203 684 3262 septem
712 3195 965 3248 noctibus
995 3209 1098 3248 non
1134 3193 1348 3262 aperire
1377 3207 1459 3256 os,
1493 3207 1598 3246 non
1623 3191 1769 3260 loqui
1805 3193 2047 3257 verbum,

482 3301 590 3337 non
633 3285 876 3354 proferre
909 3300 1248 3348 sermonem,
1300 3284 1477 3352 magni
1539 3292 1623 3337 est
1671 3282 1872 3336 doloris
1904 3282 2050 3336 indi-

479 3377 645 3430 cium.
675 3374 780 3430 Sed
807 3377 1020 3429 interim
1071 3375 1202 3430 illud
1257 3375 1616 3443 impleverunt
1668 3375 1810 3429 beati
1839 3373 1912 3427 illi
1943 3375 2047 3427 viri

481 3482 585 3520 non
633 3468 976 3521 discedentes
999 3508 1014 3530 ,
1046 3481 1218 3535 neque
1266 3476 1576 3522 avertentes
1602 3466 1796 3522 faciem
1822 3508 1837 3532 ,
1873 3484 2046 3538 neque

479 3557 654 3613 locum
689 3561 998 3612 deserentes
1024 3597 1038 3622 ,
1075 3559 1170 3612 sed
1211 3558 1416 3628 jugiter
1444 3571 1854 3628 permanentes,
1889 3571 2049 3628 atque

479 3637 786 3703 assidentes
819 3648 892 3700 illi
934 3656 1139 3718 septem
1179 3649 1368 3702 diebus
1416 3659 1470 3702 et
1507 3659 1710 3719 septem
1770 3654 2044 3716 noctibus,

475 3749 531 3793 et
583 3755 743 3794 nemo
794 3739 1006 3794 illorum
1056 3740 1270 3795 loeutus
1334 3752 1416 3796 est
1463 3741 1512 3795 ei
1556 3743 1801 3796 verbum.
1846 3743 2047 3812 Stupor

473 3831 618 3886 enim
666 3841 827 3901 atque
872 3847 1039 3901 pavor
1077 3842 1439 3902 occupaverat
1476 3833 1595 3888 illos
1643 3835 1886 3890 videntes
1921 3837 2045 3890 talia

476 3922 584 3994 pati
619 3922 791 3975 virum
819 3931 1066 3976 sanctum
1099 3922 1403 3990 acjustum,
1450 3939 1478 3978 a
1528 3925 1639 3978 Deo
1676 3926 2045 3979 testimoniqu

473 4024 849 4068 consecutum.
909 4012 1129 4067 Certum
1181 4023 1264 4069 est
1293 4016 1435 4083 quod
1462 4031 1567 4069 non
1596 4015 1766 4070 solum
1802 4031 1898 4085 pro
1921 4016 2042 4082 Job,

471 4103 564 4157 sed
595 4102 758 4155 etiam
789 4117 887 4171 pro
910 4117 968 4156 se
996 4106 1366 4174 unusquisque
1396 4121 1583 4160 eorum
1618 4106 1882 4161 sollicitus
1905 4119 2039 4168 erat,

473 4205 720 4249 metuens
753 4195 881 4264 quid
909 4197 1074 4249 etiam
1107 4198 1172 4250 de
1206 4213 1262 4251 se
1288 4209 1568 4267 gereretur
1598 4239 1612 4262 ,
1639 4199 1726 4254 vel
1772 4200 1900 4269 quid
1950 4216 2044 4254 ex-

469 4296 826 4355 spectaretur.
863 4285 996 4340 Nam
1027 4288 1069 4342 si
1109 4289 1312 4356 justum
1356 4289 1482 4344 talia
1532 4291 2037 4358 inveneruntmala,

468 4393 588 4444 nos,
638 4379 909 4448 inquiunt,
956 4379 1049 4447 qui
1082 4380 1237 4449 longe
1278 4397 1462 4435 sumus
1505 4383 1573 4435 ab
1604 4383 1759 4450 hujus
1778 4382 2039 4452 justillca-

2177 543 2280 595 Sed
2307 558 2412 594 non
2463 549 2715 609 poterant
2758 538 2870 592 hinc
2899 539 3098 591 dicere.
3141 533 3334 590 Omnia
3384 533 3530 586 enim
3573 533 3749 586 subito

2178 649 2286 688 uno
2320 644 2560 700 tempore
2598 631 2945 686 interierunt.
3002 630 3082 682 Att
3127 629 3230 682 hoc
3275 624 3586 680 dixissent?
3618 625 3750 678 Cor-

2175 725 2322 794 poris
2353 723 2704 777 incolumitas
2733 731 2787 775 et
2829 720 3198 776 membrorum
3246 716 3546 778 fortitudo,
3590 725 3750 782 atque

2174 817 2525 872 brachiorum
2555 816 2745 879 virtus,
2782 815 3039 883 rependet
3086 811 3184 864 tibi
3231 810 3412 864 omnia
3458 818 3622 875 atque
3665 821 3749 860 re-

2171 910 2379 964 stituet.
2430 908 2536 962 Sed
2571 909 2709 971 hoc,
2742 905 3031 973 inquiunt,
3080 903 3379 972 praesertim
3420 899 3602 954 dicere
3639 914 3746 954 non

2172 1015 2482 1072 possumus.
2520 1000 2622 1068 Ipsi
2657 997 2799 1052 enim
2831 997 3074 1050 videmus
3101 1009 3298 1062 corpus
3334 994 3560 1046 hutnore
3612 1005 3744 1046 con-

2171 1099 2472 1157 sumptum,
2511 1099 2565 1142 et
2594 1088 2773 1141 omnia
2805 1089 3045 1141 tuembra
3079 1093 3319 1139 comesta
3346 1099 3375 1136 a
3401 1081 3746 1136 multitudine

2171 1182 2459 1235 vermium.
2515 1181 2618 1235 l'ro
2681 1181 2798 1234 istis
2860 1195 2989 1248 ergo
3040 1179 3290 1232 onmibus
3319 1176 3628 1246 quomodo,
3662 1175 3744 1228 itt-

2168 1276 2396 1343 quiunt,
2431 1284 2481 1327 te
2509 1273 2853 1327 consolemur
2898 1271 2978 1325 vel
3008 1271 3281 1338 quomodo
3308 1284 3370 1325 os
3404 1269 3742 1338 aperiamus,

2169 1366 2251 1418 vel
2283 1365 2410 1434 quid
2446 1365 2690 1418 dicamus
2725 1378 2830 1416 non
2865 1363 3187 1417 invenimus.
3229 1361 3311 1414 An
3361 1362 3610 1428 antiquas
3654 1361 3740 1413 lti-

2169 1457 2364 1512 storias
2410 1457 2789 1525 proferemus?
2837 1453 2942 1508 Sed
2986 1469 3014 1506 a
3050 1453 3247 1507 suacqu
3284 1453 3410 1506 talia
3453 1468 3562 1505 non
3596 1453 3739 1505 acci-

2169 1548 2392 1613 derunt,
2447 1552 2542 1602 sed
2597 1549 2664 1600 ab
2698 1547 2852 1600 initio
2883 1545 3009 1601 talia
3068 1560 3174 1599 non
3227 1554 3612 1613 provenerunt.
3655 1544 3736 1598 An

2169 1641 2512 1709 antiquorum
2543 1640 2757 1694 dolores
2787 1649 2952 1707 atque
2981 1638 3262 1707 passiones
3305 1637 3639 1706 proferentes
3672 1652 3737 1691 ac

2169 1729 2716 1786 cemmonefacientes
2749 1728 2920 1791 illum,
2956 1728 3358 1782 consolabimur
3396 1727 3562 1785 eum?
3597 1727 3736 1795 Ergo

2164 1823 2288 1889 quia
2332 1836 2431 1876 nec
2485 1822 2782 1889 quidtwam
2824 1830 2971 1882 erat,
3028 1834 3129 1873 nec
3179 1820 3232 1872 in
3277 1817 3434 1872 factis
3483 1834 3654 1887 neque
3681 1820 3733 1871 in

2164 1913 2343 1966 verbis
2401 1927 2500 1981 per
2527 1913 2670 1980 quod
2714 1911 2990 1965 consolari
3035 1923 3160 1963 eum
3219 1919 3473 1975 possent,
3532 1907 3734 1960 idcirco

2162 2002 2424 2056 sedebant
2477 2000 2850 2055 taciturnitate
2893 2014 2987 2053 sua
3020 1997 3120 2067 ipsi
3174 1999 3526 2051 vehementi-te
3579 1997 3730 2051 dolo-

2162 2111 2277 2148 rum
2300 2094 2415 2162 ejus
2447 2103 2791 2148 attestantes.
2824 2090 2954 2144 Nam
2994 2091 3279 2146 discedere
3321 2105 3426 2144 non
3456 2100 3727 2158 poterant,

2159 2201 2456 2260 praesentes
2489 2190 2632 2257 loqui
2674 2201 2779 2240 non
2829 2185 3122 2240 audebant.
3177 2183 3467 2254 Propterea
3511 2185 3731 2238 assede-

2160 2293 2285 2337 runt
2322 2282 2399 2336 illi
2441 2291 2647 2350 septent
2684 2279 2911 2343 diebus,
2941 2286 2997 2332 et
3032 2286 3239 2344 septem
3267 2277 3536 2340 noctibus,
3571 2275 3729 2328 incli-

2159 2374 2302 2428 natis
2329 2373 2586 2428 deorsum
2621 2370 2687 2424 ad
2735 2379 2932 2424 terram
2973 2366 3235 2422 faciebus.
3283 2366 3586 2432 Aliquando
3631 2381 3728 2417 au-

2159 2474 2268 2518 tem
2305 2464 2652 2516 intendentes
2685 2461 2738 2514 in
2771 2459 2922 2514 illum
2966 2469 3022 2512 et
3054 2457 3323 2513 visionem
3358 2458 3528 2528 plaga:
3582 2457 3728 2512 illius

2155 2564 2466 2625 stupentes,
2511 2553 2770 2608 continuo
2826 2551 3124 2606 identidem
3178 2549 3503 2619 dejiciebant
3537 2546 3723 2601 facies.

2153 2646 2461 2717 Aliquando
2486 2661 2545 2700 se
2575 2643 2806 2714 genibus
2833 2643 3194 2712 imponentes,
3221 2641 3511 2708 aliquando
3540 2648 3725 2693 autem

2154 2754 2317 2808 super
2347 2751 2565 2791 manum
2613 2734 3022 2796 incumbentes,
3056 2746 3161 2786 non
3217 2733 3267 2785 in
3299 2730 3527 2792 lectulis,
3554 2742 3728 2796 neque

2155 2832 2206 2884 iu
2243 2829 2516 2899 grabatis,
2548 2841 2723 2895 neque
2782 2826 2836 2878 in
2885 2823 3243 2880 straminibus
3306 2822 3723 2890 requiesceutes,

2153 2922 2246 2976 sed
2278 2920 2463 2988 procul
2497 2919 2659 2972 dubio
2699 2919 2750 2970 in
2785 2918 2968 2971 cinere
2997 2925 3052 2971 et
3083 2913 3261 2969 cilicio
3287 2954 3301 2978 ,
3330 2913 3382 2967 in
3441 2923 3582 2968 terra
3637 2926 3723 2966 se-

2152 3014 2360 3076 dentes,
2391 3019 2552 3079 atque
2586 3010 2639 3062 in
2671 3007 2772 3064 Job
2813 3008 3150 3063 iotendentes
3171 3046 3185 3063 .
3219 3005 3435 3074 quando
3478 3003 3724 3068 sedebat,

2153 3101 2434 3163 sedebant,
2476 3099 2523 3154 si
2557 3108 2733 3153 tamen
2755 3099 2978 3152 omnino
3005 3112 3113 3166 pra:
3132 3096 3406 3150 doloribus
3434 3093 3726 3162 aliquando

2149 3191 2331 3260 jacere
2352 3199 2578 3260 poterat.
2611 3189 2705 3245 Sic
2727 3203 2958 3258 namque
2988 3189 3040 3241 in
3106 3187 3396 3257 gemitibus
3435 3200 3499 3238 ac
3545 3181 3727 3250 suspi-

2157 3286 2250 3340 riis
2289 3284 2422 3338 istos
2452 3293 2656 3351 septem
2687 3281 2803 3334 dies
2837 3289 3154 3350 peragentes
3183 3277 3503 3334 assederunt
3532 3275 3632 3339 illi,
3657 3289 3720 3330 os

2152 3393 2260 3432 non
2289 3377 2620 3446 aperientes,
2647 3387 2823 3440 neque
2847 3371 3068 3425 verbum
3104 3369 3414 3437 loquentes,
3462 3367 3563 3420 nisi
3606 3377 3725 3420 tan-

2154 3481 2264 3523 tum
2326 3470 2564 3538 graviter
2617 3465 2991 3532 suSpirantes,
3043 3470 3204 3532 atque
3280 3458 3722 3528 ingemiscentes.

2153 3561 2540 3615 Verumtamen
2579 3573 2678 3612 nec
2711 3558 2776 3611 de
2805 3557 2905 3609 hoc
2929 3555 3208 3616 sileamus,
3255 3551 3346 3621 qui
3393 3549 3613 3604 fuerunt
3670 3551 3725 3604 hi

2151 3653 2270 3714 viri,
2307 3651 2390 3704 vel
2418 3650 2602 3719 quales
2648 3647 2730 3701 vel
2784 3647 2952 3700 unde.
3004 3643 3120 3698 Non
3168 3644 3385 3697 fuerunt
3418 3642 3583 3711 aliqui
3624 3641 3726 3695 mi-

2150 3746 2277 3797 nimi
2306 3785 2322 3808 ,
2358 3758 2532 3812 neque
2575 3738 3008 3810 contemptibiles
3030 3779 3045 3802 ,
3076 3739 3170 3792 sed
3223 3736 3428 3806 egregii
3483 3734 3721 3798 fuerunt,

2148 3848 2201 3889 et
2231 3836 2504 3905 principes
2531 3834 2838 3903 regionum,
2867 3841 3028 3900 atque
3055 3829 3456 3898 provinciarum
3498 3843 3722 3882 suarum

2149 3929 2383 3994 domini,
2419 3943 2482 3982 ac
2524 3929 2692 3980 duces
2745 3925 2921 3995 gentis
2959 3939 3090 3979 suae.
3123 3922 3192 3976 Et
3250 3936 3372 3975 cum
3421 3921 3494 3972 ita
3543 3918 3725 3988 magni

2148 4034 2311 4090 atque
2338 4029 2585 4090 potentes
2637 4017 2889 4080 fuissent,
2927 4026 3132 4068 tantum
3190 4029 3249 4067 se
3277 4011 3722 4076 hutniliaverunt,

2147 4123 2308 4180 atque
2341 4110 2671 4174 alllixerunt,
2704 4118 2760 4160 ut
2809 4108 2864 4162 in
2919 4106 3104 4160 cinere
3142 4114 3197 4158 et
3242 4103 3421 4157 cilicio
3469 4103 3724 4156 sederent

2147 4213 2352 4272 septem
2384 4202 2578 4256 diebus
2608 4209 2826 4269 propter
2863 4197 3234 4252 sinceritatem
3267 4209 3333 4250 ac
3376 4195 3720 4248 dilectionem

2147 4311 2308 4365 quam
2347 4295 2496 4348 circa
2530 4293 2676 4345 illum
2704 4290 3047 4352 habuerunt,
3075 4288 3221 4357 quod
3265 4301 3424 4342 nemo
3452 4303 3591 4340 nunc
3620 4287 3720 4341 lto-

2148 4387 2354 4440 miuum
2406 4383 2558 4449 facit,
2617 4396 2792 4450 neque
2821 4382 3049 4445 anticus,
3099 4394 3272 4448 neque
3308 4379 3512 4443 frater,
3547 4394 3722 4446 neque

467 4471 724 4531 tienibus,
780 4471 909 4538 quid
961 4474 1411 4541 exspectabimus,
1455 4475 1536 4528 vel
1578 4476 1706 4543 quid
1754 4478 2043 4530 sustinebi-
2077 4489 2117 4543 ι)
2150 4478 2310 4539 filius,
2340 4485 2402 4530 ut
2432 4472 2906 4542 assideatjcjunus
2932 4482 3026 4525 aut
3077 4471 3192 4524 sine
3223 4481 3352 4539 potu
3379 4486 3482 4524 una
3510 4470 3616 4533 die,
3655 4488 3721 4524 ne

469 4562 630 4615 tuus?
657 4560 782 4615 Haec
816 4564 1164 4618 recordantes
1193 4566 1394 4633 posteri
1425 4566 1682 4620 dixerunt
1721 4584 1733 4618 :
1775 4568 1834 4622 Si
1857 4568 2039 4636 justus

465 4656 551 4708 vix
575 4654 865 4707 salvabitur
886 4693 901 4718 ,
927 4664 1170 4722 peccator
1206 4668 1253 4710 et
1278 4659 1470 4728 impius
1502 4659 1587 4710 ubi
1609 4660 1926 4726 apparebunt
1957 4662 2041 4712 ⁸⁸2

464 4744 732 4799 lmmensa
763 4760 892 4814 ergo
925 4746 1141 4800 tristitia
1175 4758 1338 4817 atque
1377 4749 1532 4801 dolor
1559 4750 1759 4813 cordis,
1793 4764 1896 4801 non
1921 4765 2041 4819 pcr-

463 4837 612 4890 misit
645 4852 738 4889 eos
765 4839 1040 4891 reminisci
1073 4855 1251 4906 neque
1281 4841 1557 4901 ciborum,
1587 4855 1762 4908 neque
1793 4849 2037 4906 potuum,

462 4942 636 4997 neque
659 4929 861 4997 aliquid
877 4931 1098 4984 bumani
1121 4932 1392 4984 recordari
1413 4940 1722 5000 potuerunt.
1746 4931 2034 4999 PrOpterea

453 5011 649 5085 jejuni,
674 5029 728 5073 et
757 5021 874 5073 sine
905 5032 1056 5089 potu,
1089 5032 1143 5076 et
1173 5020 1292 5075 sine
1337 5037 1588 5076 sermone
1632 5025 1951 5078 assederunt
1984 5026 2033 5079 ei

460 5120 665 5178 septem
741 5110 933 5166 diebus
1011 5123 1064 5166 et
1137 5124 1342 5180 septem
1419 5115 1689 5166 noctibus.
1753 5115 2033 5180 Quomodo

458 5202 681 5254 eutttfno
727 5203 997 5256 reminisci
1041 5214 1291 5272 poterant
1317 5204 1546 5272 alicujus
1599 5205 1716 5268 rei,
1745 5221 1866 5259 cum
1924 5216 2030 5260 tam

460 5308 657 5347 saevam
686 5305 846 5362 atque
867 5297 1162 5351 terribilem
1194 5297 1442 5352 viderent
1463 5297 1674 5370 plagam
1700 5299 1855 5353 istius
1867 5299 2036 5367 justi?

459 5383 741 5448 Quomodo
787 5387 1037 5442 videlicet
1092 5390 1366 5444 consolari
1425 5391 1569 5444 illum
1618 5400 1901 5460 poterant,
1948 5395 2033 5446 vel

456 5478 589 5544 quid
624 5478 690 5529 ad
720 5494 841 5531 eum
875 5481 1174 5534 dixissent?
1218 5481 1498 5535 lloccine?
1549 5481 1606 5535 Si
1651 5499 1760 5535 rem
1807 5484 2037 5537 familia-

463 5577 575 5620 rem
607 5567 833 5622 amisisti
859 5610 872 5634 ,
932 5574 1257 5638 reparabunt
1299 5589 1416 5626 eam
1465 5574 1559 5629 tibi
1595 5575 1713 5628 lilii.
1746 5576 1824 5628 An
1867 5576 2040 5630 illud?

533 5687 575 5718 δ’
610 5685 750 5743 Psal.
806 5705 914 5757 ut,
962 5691 1004 5744 ί.
1064 5693 1105 5723 ⁵³
1139 5693 1277 5748 Psal.
1329 5711 1403 5758 Cl,
1436 5695 1487 5750 5.

1567 5696 1609 5726 ""
1648 5697 1786 5752 l’sal.
1828 5715 2008 5768 Lxsnt,
2040 5699 2092 5756 6.

2139 4568 2316 4622 dicam
2387 4577 2593 4634 septem
2629 4565 2823 4618 diebus
2880 4574 2933 4616 et
2999 4573 3203 4631 septem
3266 4563 3535 4615 noctibus.
3590 4563 3722 4627 Qua:

2141 4671 2320 4712 autem
2355 4658 2575 4712 fuerunt
2627 4656 2854 4710 nomina
2905 4654 3101 4710 horqu
3144 4655 3426 4707 virorum?
3457 4653 3720 4722 llelipbaz

2140 4750 2586 4804 Themanitarum
2636 4749 2780 4814 dux,
2835 4745 3060 4800 Baldatlt
3106 4745 3386 4799 Suitarum
3427 4757 3718 4814 tyrannus,

2140 4843 2352 4911 Sopbar
2408 4841 2772 4896 Nomadarum
2837 4854 2956 4894 rex.
3010 4839 3074 4892 Et
3109 4854 3230 4906 qua!
3282 4839 3501 4892 l‘uerunt
3532 4848 3722 4906 gentes

2143 4937 2338 5002 quibus
2364 4935 2451 4988 isti
2493 4933 2790 5002 regnabant
2825 4942 2988 4999 atque
3039 4929 3493 4983 dominabantur?
3535 4929 3721 4984 Genus

2143 5029 2357 5081 fuerunt
2392 5028 2532 5081 Esau
2561 5027 2652 5078 lilii
2683 5023 2833 5078 Isaac
2864 5023 3047 5076 fratris
3077 5020 3267 5084 Jacob,
3300 5037 3490 5091 genus,
3523 5024 3718 5086 tribus,

2143 5122 2446 5190 progenies,
2482 5118 2804 5189 provincitc,
2863 5116 3128 5183 regiones.
3175 5114 3308 5167 Nam
3362 5115 3506 5169 sicut
3551 5113 3723 5168 Jacob

2143 5212 2541 5266 tnultitudinem
2605 5211 2791 5280 genuit
2847 5207 3026 5276 gentis
3099 5207 3461 5259 Israelitarum
3513 5217 3568 5262 et
3624 5206 3722 5261 Ju-

2143 5305 2402 5367 dzeorutu,
2458 5306 2527 5356 ita
2583 5302 2726 5356 Esau
2781 5300 3182 5353 multitudinem
3237 5299 3425 5368 genuit
3478 5300 3719 5368 gentium

2143 5399 2233 5466 qui
2269 5396 2678 5465 appellabantur
2711 5394 2955 5448 ldunnei.
2990 5394 3095 5447 Sed
3121 5395 3175 5447 in
3205 5395 3368 5448 Israel
3409 5396 3524 5448 sive
3552 5394 3714 5460 judcx

2145 5495 2264 5538 erat
2295 5499 2453 5546 unus,
2476 5485 2567 5552 qui
2601 5493 2768 5537 totum
2797 5481 2960 5536 Israel
2985 5481 3286 5550 judicabat,
3315 5485 3430 5539 sive
3459 5499 3553 5538 rex
3581 5500 3721 5537 unus

2145 5586 2283 5641 erat,
2317 5592 2407 5644 qut
2433 5577 2683 5632 universo
2705 5575 2866 5630 Israel
2896 5576 3229 5644 imperabat,
3259 5579 3497 5646 quandiu
3533 5575 3607 5630 illi
3642 5592 3718 5631 se-

2171 5700 2213 5730 ⁸⁸
2244 5699 2342 5754 Job
2370 5716 2429 5766 tt,
2468 5699 2551 5753 15.
2631 5700 2674 5730 ⁸⁸
2703 5698 2718 5752 l
2747 5697 2886 5752 Pctr.
2921 5715 2990 5764 tv,
3024 5699 3106 5752 l8.

4150 2571 4174 3154 ι
