4174 6412
428 330 538 389 505

1526 332 1908 394 ANONYMUS
1946 334 2013 390 IN
2045 333 2185 393 JOB.
2226 369 2294 379 —
2325 335 2454 392 LIB.
2494 333 2583 392 111.

3575 331 3680 390 506

426 453 661 508 cundum
697 451 986 509 consilium
1033 453 1128 509 Dei
1177 455 1612 511 ambulaverunt.
1655 457 1712 511 ln
1748 453 1996 511 ldumaei’s
2022 455 2273 519 Aversa,
2318 453 2473 524 juxta
2501 454 2606 509 hoc
2637 453 2780 522 quod
2813 449 3020 506 dictum
3055 457 3144 505 est
3198 463 3216 506 :
3263 445 3330 502 In
3375 447 3508 502 escis
3559 447 3682 516 plu:

426 554 605 599 autem
643 545 770 614 (hoc
793 555 878 601 est
903 546 956 600 in
985 561 1186 617 genere
1225 545 1390 619 Esau)
1431 548 1724 604 secundum
1769 560 1996 602 consue-

428 638 669 692 tudinem
699 638 940 693 omnium
965 639 1206 708 gentium
1237 655 1334 710 per
1367 639 1609 709 singulas
1647 639 1898 694 civitates
1943 645 2000 693 et

428 730 680 798 regiones
720 745 876 802 reges
911 729 1151 792 fuerunt.
1187 741 1349 800 atque
1380 735 1548 787 duces
1569 731 1996 801 provinciarum,

426 833 480 876 et
511 822 707 892 singuli
746 824 798 876 in
843 823 1062 892 regione
1103 837 1199 877 sua
1240 825 1539 894 regnabant
1583 833 1744 893 atque
1771 825 1999 893 impera-

428 916 578 969 bant.
614 915 752 985 Ergo
775 917 902 984 quia
934 932 1074 969 nunc
1097 917 1342 985 proxime
1378 925 1496 970 erat
1531 917 1704 972 adhuc
1737 917 1997 972 memoria

427 1007 734 1070 Abraham,
776 1019 830 1060 et
861 1007 1010 1062 Isaac
1048 1008 1318 1078 iustorum
1351 1009 1601 1073 illorum,
1628 1017 1683 1062 et
1723 1009 1848 1077 quia
1882 1008 2001 1077 ipse

428 1099 565 1153 Esau
601 1101 690 1154 Dei
730 1101 906 1154 cultor
935 1109 1054 1154 erat
1086 1116 1100 1152 :
1133 1115 1442 1170 quanquam
1473 1101 1618 1156 enim
1652 1101 1704 1154 in
1727 1100 1998 1155 nonnullis

424 1187 727 1252 violaverit,
782 1198 1024 1244 attamen
1081 1191 1330 1244 eamdem
1389 1190 1485 1245 Dei
1538 1191 1804 1244 culturam
1870 1191 1998 1246 ﬁliis

423 1279 536 1331 suis
567 1280 786 1333 tradidit
818 1295 832 1330 :
871 1282 1064 1335 merito
1093 1281 1338 1351 plerique
1365 1281 1723 1337 Idumaeorum
1759 1281 1998 1336 cultores

424 1364 516 1418 Dei
555 1364 803 1432 fuerunt,
841 1378 895 1421 et
935 1370 1201 1440 aliquanti
1229 1372 1386 1426 valde
1416 1373 1694 1442 religiosi,
1729 1373 1872 1426 sicut
1897 1371 1999 1427 Job

420 1455 503 1507 vel
531 1457 689 1510 amici
730 1457 845 1524 eius
873 1461 962 1528 qui
1002 1469 1266 1514 venerunt
1305 1463 1369 1516 ad
1412 1477 1558 1518 eum.
1595 1462 1998 1534 Cognominata

422 1562 653 1616 namque
685 1559 813 1604 sunt
838 1552 1081 1619 quaedam
1116 1551 1470 1609 ldumaeorum
1500 1555 1746 1624 regiones
1773 1556 1995 1624 Arabia,

421 1638 472 1692 in
502 1640 658 1707 cujus
688 1640 897 1695 Arabiae
929 1642 1129 1697 ﬁnibus
1154 1644 1405 1698 manebat
1432 1644 1552 1700 Job.
1589 1644 1722 1699 Nam
1757 1655 1812 1700 et
1865 1661 1999 1700 υιοη

421 1742 536 1784 rem
599 1730 665 1784 de
727 1731 927 1790 Arabia
987 1735 1238 1802 accepit,
1283 1744 1467 1803 utpote
1495 1735 1738 1804 ejusdem
1784 1735 1998 1806 generis

2103 545 2252 599 rimis
2295 543 2355 614 ﬁt
2387 543 2670 613 inﬁrmitas
2706 543 2750 575 ⁸⁷
2782 560 2796 598 :
2826 553 2954 598 tunc
3003 541 3259 596 nimirum
3310 539 3497 594 dicunt
3550 535 3682 592 insi—

2103 638 2335 706 pienter,
2365 636 2507 705 quod
2532 634 2833 690 fascinatus
2863 635 2934 690 sit
2969 635 3215 704 quilibet.
3265 631 3493 699 Quando
3541 629 3683 702 jeju-

2105 745 2320 793 namus,
2357 744 2390 782 o
2417 729 2562 794 viri,
2609 729 2946 784 abstinemus
2994 742 3094 782 nos
3143 737 3203 782 ut
3252 741 3356 781 non
3401 735 3681 796 gustemus

2104 837 2297 877 carnes
2328 837 2503 893 neque
2545 824 2728 876 vinum
2775 839 2949 893 neque
2987 821 3291 893 superﬂuas
3320 835 3508 884 escas,
3552 827 3680 873 tunc

2104 929 2272 984 quare
2301 931 2408 969 non
2439 915 2816 970 fascinamur?
2847 916 2967 969 Mox
3001 926 3184 970 autem
3207 925 3266 968 ut
3298 928 3489 968 rursus
3521 927 3679 968 man-

2104 1007 2308 1061 ducare
2337 1017 2500 1076 atque
2531 1008 2718 1062 bibere
2743 1008 3073 1078 cmperimus
3093 1046 3108 1072 ,
3142 1009 3398 1062 continuo
3452 1015 3507 1061 et
3549 1020 3680 1060 ven-

2105 1097 2205 1153 tris
2233 1099 2526 1153 commotio
2562 1109 2725 1168 atque
2758 1101 3028 1154 viscerum
3067 1098 3409 1169 perturbatio
3449 1099 3528 1164 lit,
3575 1098 3679 1152 nisi

2105 1188 2152 1244 is
2177 1189 2323 1244 solus
2354 1189 2622 1260 eﬁ‘ugerit,
2658 1190 2750 1260 qui
2781 1191 2938 1245 valde
2988 1190 3311 1260 sibimetipsi
3361 1188 3678 1256 intenderit,

2104 1297 2175 1337 ne
2224 1291 2405 1352 gustet
2458 1283 2753 1353 quidquam
2801 1283 3154 1354 superﬂuum.
3217 1283 3312 1339 Sic
3357 1283 3540 1351 itaque
3573 1297 3679 1337 non

2103 1376 2497 1432 fascinationes
2541 1377 2836 1445 praevalent
2880 1376 3212 1446 quidquam,
3259 1376 3355 1430 sed
3402 1374 3682 1430 hominum

2107 1470 2518 1526 incontinentis.
2549 1469 2617 1524 Et
2655 1467 2907 1522 videlicet
2937 1470 3040 1524 hoc
3059 1483 3275 1531 verum,
3302 1482 3424 1522 cum
3453 1467 3683 1521 mandu-

2105 1577 2296 1618 camus
2337 1561 2420 1615 vel
2455 1560 2715 1623 bibimus,
2745 1558 2793 1615 si
2823 1559 2944 1612 ﬁdei
3001 1573 3268 1613 memores
3295 1557 3592 1623 fuerimus,
3633 1556 3680 1612 si

2106 1653 2347 1708 terribile
2377 1667 2572 1706 nomen
2593 1651 2709 1719 ejus
2737 1649 3180 1704 invocaverimus
3201 1688 3217 1713 ,
3245 1649 3293 1702 si
3316 1648 3682 1717 nosmetipsos

2107 1747 2189 1800 vel
2227 1746 2407 1800 cibum
2436 1754 2490 1799 et
2523 1753 2707 1813 potum
2737 1753 2980 1798 nostrum
3009 1742 3165 1811 signo
3199 1739 3529 1794 venerabilis
3555 1754 3682 1793 cru-

417 1821 813 1877 exsistentibus
842 1824 1108 1878 Arabitis.
1137 1823 1250 1878 Nisi
1278 1827 1422 1879 enim
1459 1825 1620 1880 unius
1668 1826 1887 1895 generis
1909 1841 1996 1882 es-
2029 1822 2070 1877 B
2099 1852 2177 1892 ωε
2223 1836 2424 1891 Christi
2477 1836 3007 1906 signiﬁcaverim“,
3043 1835 3090 1888 si
3151 1833 3221 1888 ad
3259 1832 3461 1888 coelum
3494 1833 3683 1888 oculos

416 1925 557 1977 sent,
589 1929 866 1983 nunquam
896 1914 997 1970 Job
1031 1932 1096 1970 ex
1127 1917 1430 1986 alienigena
1476 1927 1637 1989 gente
1674 1933 1898 1972 uxorem
1936 1933 1997 1974 se

417 2005 660 2074 accipere
690 2020 882 2074 passus
909 2005 1122 2063 fuisset.
1157 2009 1311 2063 Nunc
1345 2023 1478 2064 sane
1524 2009 1687 2078 periit
1735 2007 1998 2064 Idumaeo-

418 2110 537 2147 rum
571 2107 626 2150 et
654 2111 848 2152 nomen
874 2106 930 2151 et
960 2098 1142 2169 lingua
1163 2139 1180 2166 ,
1207 2108 1262 2154 et
1287 2113 1477 2154 omnes
1501 2098 1669 2154 Arabi
1710 2099 1995 2154 nominan-

418 2192 508 2236 tur
538 2193 701 2254 atque
736 2201 925 2242 omnes
975 2186 1200 2258 Syriace
1233 2189 1548 2259 loquuntur.
1607 2189 1762 2258 Quod
1813 2199 1996 2246 autem

415 2275 516 2331 Job
561 2291 625 2331 ex
661 2293 860 2346 genere
888 2279 1052 2335 fuerit
1085 2265 1226 2335 Esau
1255 2293 1310 2337 et
1332 2297 1397 2336 ex
1433 2282 1575 2337 Esau
1621 2282 1771 2350 ﬁliis,
1804 2282 1996 2340 simili-

420 2371 500 2414 ter
557 2369 613 2416 et
644 2363 802 2418 amici
840 2364 958 2434 ejus
1005 2367 1094 2435 qui
1147 2377 1415 2423 venerunt
1455 2368 1524 2422 ad
1560 2382 1712 2434 eum,
1756 2369 1994 2440 religiosi

420 2453 511 2508 Dei
539 2455 779 2510 cultores
819 2455 1064 2521 fuerunt,
1109 2469 1488 2514 verumtamen
1534 2475 1725 2516 omnes
1774 2461 1997 2517 fuerunt

414 2560 480 2600 ex
511 2561 709 2617 genere
749 2547 888 2604 Esau
911 2591 926 2611 .
953 2549 1196 2619 ejusdem
1234 2553 1453 2622 generis
1477 2562 1639 2623 atque
1697 2553 1893 2622 lingua:
1938 2563 1997 2609 ut

411 2635 546 2700 Job,
582 2637 786 2694 idcirco
833 2639 906 2693 illi
961 2641 1247 2698 unanimes
1289 2643 1512 2698 fuerunt
1557 2658 1623 2699 ac
1669 2643 1992 2700 concordes.

415 2729 676 2785 Similiter
725 2734 887 2787 etiam
924 2734 1026 2788 illae
1059 2735 1348 2805 provincia:
1403 2751 1468 2791 ac
1499 2736 1764 2806 regiones,
1800 2738 1996 2806 quibus

415 2823 516 2894 ipsi
553 2827 855 2894 regnabant
911 2837 1073 2897 atque
1102 2829 1463 2898 imperabant,
1495 2829 1659 2883 etiam
1695 2829 1779 2884 hic
1805 2845 1996 2887 omnes

413 2928 614 2984 genere
646 2914 868 2970 fuerunt
904 2917 1080 2981 Esau,
1111 2929 1168 2973 et
1205 2920 1603 2975 contribulibus
1643 2921 1757 2976 suis
1802 2936 1994 2992 regna-

410 3009 544 3064 bant
617 3020 782 3079 atque
833 3011 1193 3081 imperabant.
1255 3011 1383 3067 Sive
1435 3013 1583 3067 enim
1630 3013 1991 3080 Themanitm,

411 3101 608 3169 quibus
646 3101 907 3172 lleliphaz
938 3104 1216 3172 regnabat,
1250 3104 1367 3159 sive
1397 3103 1563 3158 Suitze
1591 3143 1606 3169 ,
1645 3105 1842 3174 quibus
1870 3104 1995 3158 Bal-

411 3189 541 3244 dath
596 3191 959 3260 principatum
1013 3193 1261 3262 gerebat,
1313 3193 1430 3248 sive
1489 3191 1746 3248 Nomadae
1793 3194 1993 3263 quibus

412 3281 622 3348 Sophar
657 3283 979 3351 imperabat,
1002 3299 1194 3340 omnes
1222 3300 1393 3355 genus
1422 3284 1561 3341 Esau
1617 3298 1781 3356 atque
1819 3287 1992 3343 tribu:

411 3375 651 3428 luerunt.
683 3373 792 3429 lloc
821 3375 1077 3429 nimirum
1107 3376 1416 3431 ostenditur
1437 3393 1503 3432 ex
1545 3378 1684 3434 libro
1711 3377 1993 3448 Paralipo-

411 3479 606 3517 menon
642 3465 730 3518 ubi
762 3465 893 3520 dicit
933 3481 946 3516 :
999 3463 1262 3519 Venerunt
1302 3478 1476 3520 autem
1509 3483 1630 3521 cum
1662 3467 1769 3522 illis
1795 3476 1846 3522 et
1878 3466 1993 3522 No-

409 3556 582 3608 madtr:
631 3572 794 3626 genus
841 3555 1008 3610 Esau.
1063 3556 1197 3612 Cum
1233 3557 1304 3612 ita
1355 3573 1488 3627 ergo
1528 3559 1749 3629 gloriosi
1805 3569 1992 3616 essent

411 3649 510 3703 viri
547 3648 624 3703 illi
676 3664 856 3716 reges,
910 3665 974 3703 ac
1031 3650 1346 3719 principes,
1379 3660 1542 3715 atque
1591 3653 1992 3721 provinciarum

410 3741 598 3808 duces,
663 3743 985 3796 assederunt
1039 3741 1115 3796 illi
1182 3752 1389 3812 septem
1437 3742 1633 3799 diebus
1687 3754 1743 3800 et
1785 3756 1991 3814 septem

411 3833 679 3886 noctibus.
745 3831 854 3887 Sed
920 3835 1240 3888 assederunt
1306 3843 1564 3904 tanquam
1620 3835 1860 3907 religiosi
1895 3835 1991 3891 Dei

409 3923 670 3988 cultores,
722 3940 827 3978 non
885 3934 1192 3992 quaereutes
1249 3939 1427 3993 neque
1483 3926 1782 3991 maleﬁcia,
1815 3943 1993 3997 neque

411 4016 670 4086 auguria,
725 4032 902 4086 neque
947 4018 1352 4085 divinationes,
1409 4033 1587 4090 neque
1630 4019 1990 4091 phylacteria,

411 4122 585 4177 neque
617 4107 898 4174 lamellas,
951 4123 1128 4178 neque
1172 4109 1577 4165 incantationes
1627 4109 1988 4166 damnabiles.

411 4198 564 4254 Scire
592 4215 825 4270 namque
848 4201 1048 4255 debent
1076 4201 1310 4272 religiosi
1343 4202 1464 4267 viri,
1499 4203 1627 4272 quia
1657 4203 1774 4257 haec
1808 4203 1992 4259 omnia

412 4289 610 4345 diaboli
637 4301 764 4347 sunt
795 4293 1162 4357 sedat-tiones,
1191 4293 1496 4348 daamonum
1531 4303 1660 4349 sunt
1688 4294 1990 4360 irrisiones,

412 4383 732 4441 idololatria
773 4396 899 4442 sunt
923 4385 1060 4453 faex,
1113 4386 1417 4441 animarum
1459 4387 1784 4451 iufatuatio,
1831 4397 1994 4457 atque

2099 1938 2320 1986 nostros
2371 1929 2612 1984 levantes
2670 1930 2916 1984 dicamus
2962 1945 2977 1982 :
3024 1926 3131 1992 Qui
3159 1927 3252 1979 dat
3305 1941 3478 1980 escam
3536 1925 3680 1979 omui

2096 2021 2246 2074 carni
2274 2020 2344 2085 ⁸⁸,
2388 2021 2481 2075 dat
2529 2022 2694 2076 etiam
2748 2020 2909 2076 nobis
2962 2033 3085 2075 cum
3127 2017 3505 2074 benedictione
3537 2015 3683 2071 hunc

2096 2113 2278 2168 cibum
2310 2129 2566 2180 sumere,
2617 2113 2663 2168 si
2711 2113 3012 2168 dixerimus
3057 2126 3182 2168 cum
3241 2109 3564 2166 sinceritate
3611 2111 3681 2164 ad

2096 2205 2386 2262 Dominum
2421 2217 2669 2262 nostrum
2718 2223 2731 2259 :
2776 2203 2856 2259 Tu
2899 2205 3110 2270 dixisti,
3155 2204 3402 2269 Domine,
3453 2203 3580 2272 quia
3633 2203 3681 2258 si

2096 2301 2302 2370 aliquid
2329 2299 2674 2356 mortiferum
2710 2299 3010 2354 biberimus
3047 2308 3198 2352 tuum
3237 2301 3553 2353 invocantes
3584 2310 3680 2350 no-

2096 2407 2242 2457 men,
2275 2407 2379 2447 non
2410 2393 2515 2446 erit
2546 2392 2700 2448 nobis
2730 2390 3011 2446 molestum
3045 2411 3058 2445 :
3099 2401 3155 2445 tu
3215 2391 3418 2458 itaque,
3457 2387 3682 2444 Domine

2093 2483 2312 2539 virtutis
2357 2493 2413 2540 et
2461 2484 2680 2554 gloriae,
2730 2493 2919 2540 averte
2983 2482 3282 2538 veneﬁcam
3337 2490 3390 2536 et
3436 2481 3677 2548 iniquam

2093 2577 2464 2645 operationem
2521 2591 2552 2631 a
2605 2576 2764 2631 nobis
2806 2585 2861 2632 et
2885 2575 2954 2630 ab
2982 2574 3234 2632 omnibus
3273 2573 3412 2629 cibis
3451 2572 3677 2627 nostris.

2095 2662 2210 2720 Nisi
2254 2665 2400 2720 enim
2433 2674 2521 2719 tua
2558 2665 2932 2720 misericordia
2955 2664 3384 2727 conservaverit,
3409 2661 3680 2733 quomodo

2096 2770 2383 2826 possumus
2403 2755 2644 2827 eﬁ'ugere
2676 2769 2823 2813 tanta
2867 2757 3107 2826 pericula
3141 2757 3386 2810 ciborum
3435 2770 3570 2829 sane
3610 2769 3681 2810 ac

2095 2860 2340 2920 potuum,
2373 2865 2497 2919 quae
2536 2848 2851 2920 frequenter
2901 2850 3020 2918 plus
3072 2856 3271 2917 repunt
3319 2862 3382 2900 ac
3428 2854 3678 2916 serpunt,

2095 2955 2256 3009 quam
2281 2939 2524 3010 malignae
2555 2955 2620 2995 ac
2652 2953 2936 2994 venenosae
2964 2937 3151 2992 bestiae
3182 2936 3206 2990 ?
3235 2935 3464 3002 Quidam
3493 2943 3678 2990 autem

2095 3030 2549 3086 sternutamentis
2598 3031 2778 3085 adhuc
2827 3029 3171 3094 observiunt,
3219 3039 3276 3084 et
3325 3026 3680 3081 invocationi-

2098 3123 2198 3176 bus
2228 3131 2396 3191 atque
2425 3122 2868 3177 revocationibus
2891 3161 2907 3185 ,
2933 3131 2988 3174 et
3018 3121 3339 3176 occursibus
3383 3129 3547 3188 atque
3585 3131 3682 3172 vo.

2098 3212 2306 3268 lucrum
2361 3214 2612 3279 vocibus,
2647 3228 2751 3269 non
2798 3213 3169 3281 intelligentes
3233 3212 3420 3266 miseri
3479 3221 3536 3265 et
3585 3223 3683 3281 spe

2095 3305 2254 3360 vacui
2288 3347 2304 3374 ,
2344 3306 2471 3375 quia
2501 3321 2530 3360 a
2565 3305 2794 3361 Domino
2825 3320 3047 3376 gressus
3083 3305 3322 3360 hominis
3347 3303 3679 3374 diriguntur,

2094 3413 2273 3469 neque
2298 3399 2542 3455 valentes
2567 3399 2750 3455 dicere
2778 3399 2846 3454 ad
2884 3399 3054 3454 Deum
3075 3412 3202 3453 cum
3229 3397 3440 3453 sanctis
3471 3414 3486 3450 :
3522 3395 3683 3451 Grea-

2094 3504 2185 3543 aus
2209 3505 2348 3543 meos
2371 3491 2542 3558 dirige
2579 3491 2865 3544 secundum
2896 3490 3161 3559 eloquium
3188 3499 3340 3542 tuum
3367 3529 3381 3553 ,
3414 3498 3462 3541 et
3493 3503 3557 3541 ne
3581 3488 3684 3540 do-

2094 3582 2322 3635 minetur
2376 3582 2502 3634 milti
2553 3581 2722 3635 omnis
2763 3581 3014 3652 iniquitas
3073 3582 3144 3635 ⁸⁸.
3198 3579 3332 3634 Nam
3364 3579 3410 3634 is
3437 3580 3530 3649 qui
3557 3593 3683 3632 cunt

2096 3673 2202 3729 ﬁde
2231 3676 2298 3728 ad
2340 3675 2628 3730 Dominum
2659 3676 2774 3730 haec
2804 3676 3024 3741 dixerit,
3061 3675 3308 3745 implevit
3351 3675 3488 3748 illud
3540 3673 3686 3744 quod

2095 3764 2384 3820 dicendum
2420 3776 2547 3832 est,
2579 3765 2841 3821 Dominus
2871 3768 2976 3823 erit
3033 3767 3086 3822 in
3134 3767 3388 3823 omnibus
3419 3767 3522 3824 viis
3555 3767 3684 3836 tuis,

2094 3867 2149 3910 et
2171 3871 2390 3926 gressus
2419 3866 2541 3912 tuos
2571 3857 2625 3912 in
2655 3873 2793 3928 pace
2823 3860 3072 3915 deducet.
3105 3858 3208 3926 Qui
3235 3870 3414 3914 autem
3449 3861 3515 3914 ad
3547 3876 3687 3918 vana

2096 3944 2429 3999 intenderiut
2457 3947 2686 4016 auguria
2723 3962 2786 4002 ac
2811 3951 3077 4005 veneﬁcia
3099 3989 3115 4014 ,
3148 3950 3513 4004 divinationes
3551 3965 3688 4020 quo-

2095 4052 2203 4108 que
2245 4053 2311 4094 ac
2367 4038 2707 4110 phylacteria
2773 4050 2938 4110 atque
2995 4044 3429 4110 incantationes,
3487 4043 3686 4098 horum

2097 4143 2317 4200 gressus
2344 4131 2839 4199 conturbabuntur,
2874 4135 3069 4188 horum
3104 4149 3269 4203 opera
3299 4133 3686 4203 impediuntur,

2096 4222 2163 4276 ab
2206 4222 2328 4277 istis
2377 4222 2476 4278 Dei
2531 4224 2774 4278 visitatio
2829 4225 3058 4293 recedit,
3112 4225 3248 4280 istos
3295 4227 3470 4281 sancti
3509 4227 3686 4297 angeli

2093 4311 2493 4384 derelinquunt,
2517 4332 2637 4370 cum
2661 4318 2779 4372 istis
2804 4317 3056 4372 diabolus
3082 4327 3366 4388 permanet
3412 4317 3690 4374 infatuaus

2095 4414 2307 4459 mentes
2354 4420 2566 4470 eorum,
2615 4409 2920 4464 obtundens
2975 4411 3142 4464 corda
3191 4409 3434 4470 illorum,
3466 4409 3689 4463 abstra-

411 4477 656 4531 cordium
705 4477 1018 4532 scandalum
1049 4495 1063 4531 :
1101 4494 1223 4548 quae
1266 4494 1372 4536 non
1408 4479 1776 4549 intelligentes
1816 4481 1980 4550 pleri-

2099 4502 2232 4552 bens
2261 4513 2292 4551 a
2323 4499 2432 4553 Deo
2462 4514 2660 4556 sensus
2709 4515 2923 4554 eorum.
2970 4501 3046 4555 De
3097 4501 3478 4571 hujuscemodi
3526 4501 3689 4572 digne

411 4585 519 4640 que
548 4571 650 4625 hoc
676 4586 818 4625 nunc
849 4580 1094 4642 tempore
1119 4611 1136 4639 ,
1167 4586 1294 4626 mox
1349 4581 1406 4626 ut
1456 4573 1734 4642 quidpiam
1785 4573 1991 4642 aliquid

412 4661 802 4726 molestaverit,
831 4664 1091 4719 continuo
1147 4664 1548 4720 incantationes
1588 4674 1755 4734 atque
1797 4666 1990 4720 incan-

413 4763 620 4808 tatores
650 4755 956 4824 requirunt,
983 4756 1170 4810 statim
1193 4755 1535 4826 phylacteria
1562 4755 1810 4826 alligant,
1842 4756 1993 4812 illico

413 4845 698 4901 maleﬁciis
727 4847 1038 4913 intendunt,
1070 4858 1166 4902 aut
1197 4847 1249 4902 in
1277 4847 1466 4902 charta
1495 4848 1780 4912 scribunt,
1809 4859 1902 4902 aut
1938 4849 1991 4902 in

409 4946 606 4992 stanno
632 4946 727 4992 aut
759 4939 999 5007 plumbo,
1031 4948 1087 4994 et
1120 4938 1345 5010 alligant
1394 4940 1445 4995 ei
1477 4941 1568 5010 qui
1623 4940 1866 4995 dolorem
1899 4955 1992 4996 su-

408 5031 682 5086 stinuerit.
715 5031 820 5084 Alii
868 5041 1050 5086 autem
1077 5033 1409 5102 serpentium
1436 5033 1861 5096 incantationes,
1890 5033 1996 5089 dte-

411 5138 630 5177 rnonum
681 5124 1089 5192 persuasiones,
1140 5134 1303 5195 atque
1338 5124 1433 5180 Dei
1484 5124 1851 5194 blasphemias
1905 5125 1990 5180 in-

407 5223 650 5268 cantant.
677 5213 806 5268 Item
833 5229 961 5268 vero
986 5214 1074 5268 alii
1103 5213 1373 5270 fascinare
1407 5215 1683 5282 dicuntur,
1714 5217 1828 5273 sive
1850 5219 1993 5286 quod

408 5304 698 5370 fascinant,
721 5308 834 5360 sive
851 5307 995 5375 quod
1016 5307 1368 5372 iasciueutur,
1389 5317 1444 5363 et
1459 5309 1720 5365 dannonis
1738 5310 1994 5365 adinven-

409 5399 582 5452 tiones
600 5407 748 5452 sunt.
777 5399 911 5453 Cum
949 5399 1095 5453 enim
1133 5399 1392 5454 infrunite
1425 5401 1888 5467 manducaverint,
1915 5403 1998 5458 vel

407 5490 666 5555 biberint,
688 5506 808 5543 cum
837 5491 950 5557 ipsa
973 5490 1180 5545 viscera
1209 5507 1315 5546 non
1342 5491 1655 5548 suﬁerentia
1685 5495 1995 5562 perturbata

405 5580 628 5648 fuerint,
646 5591 701 5635 et.
729 5583 781 5636 in
810 5582 1048 5638 dolorem
1073 5592 1234 5653 atque
1257 5583 1625 5658 inﬁrmitatem
1644 5585 1844 5642 fuerint
1861 5602 1992 5642 con-

475 5791 518 5825 "
566 5789 727 5846 Eccli.
765 5805 972 5857 xxxv“,
1005 5789 1092 5843 35.

2100 4589 2312 4645 dicetur
2347 4608 2362 4643 :
2395 4589 2440 4644 0
2469 4590 2711 4647 infelicia
2757 4592 3036 4648 hominum
3069 4593 3320 4658 consilia,
3357 4607 3390 4648 ο
3413 4605 3566 4646 vanae
3603 4601 3689 4645 at-

2099 4696 2205 4750 que
2254 4698 2604 4752 supervacua:
2651 4693 2998 4738 terrenarum
3050 4684 3454 4754 cogitationes,
3509 4683 3602 4752 qui
3655 4696 3688 4737 a

2101 4775 2212 4830 Deo
2253 4777 2513 4832 abstracti
2565 4787 2730 4847 atque
2765 4777 3110 4846 prazvaricati
3138 4819 3154 4845 ,
3185 4777 3251 4831 de
3291 4775 3517 4831 mortuis
3539 4775 3686 4831 salu-

2103 4877 2210 4924 tem
2243 4878 2582 4939 exspectant,
2611 4870 2678 4924 ab
2725 4870 3044 4925 inanimatis
3085 4870 3376 4926 consilium
3417 4878 3688 4940 quaerunt,

2100 4969 2307 5017 etcum
2349 4960 2710 5016 idololatriam
2759 4961 3030 5016 declinare
3069 4962 3390 5025 videantur,
3419 4960 3688 5016 idolorqu

2100 5051 2261 5108 fasces
2293 5063 2459 5122 atque
2503 5051 2760 5122 reliquias
2808 5052 3040 5107 adorare
3084 5060 3412 5116 noscuntur,
3459 5050 3690 5130 auguria

2103 5155 2159 5202 et
2185 5146 2580 5212 divinationes,
2614 5145 3017 5201 incantationes
3048 5159 3266 5215 quoque
3304 5159 3369 5199 ac
3422 5144 3688 5199 maleﬁcia

2103 5248 2268 5309 atque
2297 5240 2631 5310 phylacteria
2671 5259 2683 5294 :
2718 5248 2773 5295 et
2812 5243 2880 5295 ab
2910 5241 3302 5310 omnipotentis
3351 5254 3414 5293 ac
3447 5240 3688 5294 viventis

2105 5333 2200 5389 Dei
2225 5333 2599 5389 misericordia
2626 5348 2776 5403 spem
2800 5347 2956 5387 suam
2979 5343 3254 5396 avertunt,
3285 5343 3341 5388 et
3371 5334 3424 5387 in
3455 5333 3689 5389 mortuis

2105 5434 2270 5495 atque
2328 5426 2644 5482 inanimatis
2701 5435 2949 5496 sperant,
2998 5426 3052 5479 in
3109 5426 3461 5497 phylacteriis
3525 5435 3692 5493 atque

2105 5517 2320 5572 caeteris
2347 5519 2598 5586 superius
2627 5517 2890 5574 recitatis.
2925 5514 3076 5572 Mitte
3099 5533 3160 5572 ea
3195 5519 3246 5570 in
3278 5517 3456 5587 ignem
3496 5515 3544 5570 si
3591 5529 3690 5568 va~

2106 5608 2252 5661 lcant
2279 5611 2568 5680 semetipsa
2594 5611 2869 5680 adjuvare,
2921 5610 2966 5666 si
3019 5609 3234 5665 valeant
3280 5606 3576 5677 semetipsa
3613 5603 3683 5661 de

1174 5789 1216 5820 "
1249 5787 1390 5845 Psal.
1421 5804 1618 5868 cxxxv,
1646 5790 1736 5847 ‘25.
1814 5791 1856 5823 ⁴⁹
1885 5791 2027 5849 Psal.
2055 5808 2244 5858 cum,
2284 5791 2405 5846 155.
