4174 6466
451 362 560 420 5οῚ

1553 354 1929 410 ANONYMUS
1968 353 2031 407 IN
2067 353 2205 409 JOB.
2249 386 2314 395 —
2349 353 2474 409 LIB.
2518 354 2606 410 ΙΙΙ.

3593 355 3696 410 508

455 479 577 549 igne
614 491 826 533 eruere.
871 476 925 530 Si
955 484 1133 529 autem
1168 490 1229 529 se
1274 474 1528 543 adjuvare
1558 489 1664 527 non
1697 483 1942 544 possunt,
1978 481 2030 524 te
2061 481 2105 536 Α
2136 473 2507 537 relinquamus
2545 483 2800 539 tanquam
2827 486 3038 542 pmnam
3065 471 3362 542 gehennae,
3395 471 3510 524 haec
3538 486 3695 525 exse-

453 570 687 641 qualiter
739 567 1286 634 adjuvabunt?Quod
1333 568 1378 621 si
1428 583 1487 621 se
1535 567 1600 621 de
1645 569 1767 635 igne
1795 582 1900 619 non
1932 580 2027 617 va-

457 661 568 716 lent
604 676 816 725 eruere,
849 676 882 715 o
910 661 1093 723 homo,
1131 659 1366 729 qualiter
1407 667 1599 712 eruent
1633 669 1682 712 te
1705 658 1774 711 ab
1805 655 2032 710 inﬁrmi—

457 750 612 804 tate?
648 751 740 804 Dic
767 793 779 814 ,
808 767 840 802 ο
864 751 1026 803 1ιοιιιο
1050 791 1064 814 ,
1097 749 1240 817 quod
1296 747 1750 801 medicamentum
1804 757 1888 802 est
1923 763 2032 802 me-

455 840 562 895 lius
591 857 730 908 paue
755 842 844 908 qui
883 841 1118 894 laetiﬁcat
1151 855 1246 893 cor
1266 839 1548 893 hominis?
1588 839 1692 892 Sed
1739 848 1792 892 et
1839 855 2030 909 panem

457 937 501 988 si
536 934 674 986 collo
706 934 1028 1001 appenderis
1051 942 1105 986 et
1137 947 1240 984 non
1270 931 1656 993 momorderis,
1689 931 1773 984 vel
1802 935 2028 986 mandu-

458 1027 690 1088 caveris,
729 1026 860 1077 nihil
894 1025 988 1077 tibi
1015 1024 1263 1092 prodest,
1295 1022 1428 1075 nihil
1481 1032 1532 1075 te
1575 1021 1748 1090 juvat.
1803 1023 1859 1076 Si
1904 1038 2035 1092 ergo

459 1117 617 1186 panis
661 1115 751 1184 qui
797 1125 881 1168 est
931 1116 1173 1184 corporis
1217 1115 1350 1176 vita,
1413 1113 1552 1166 collo
1605 1129 1872 1182 appensus
1903 1115 2032 1168 nihil

461 1209 699 1277 adjuvat,
728 1208 998 1276 quomodo
1029 1205 1286 1271 adjuvent
1323 1203 1653 1273 phylacteria
1694 1203 1775 1258 vel
1820 1203 2035 1258 lamina:

463 1303 771 1357 inanimatae
807 1311 968 1368 atque
1000 1300 1163 1350 totius
1190 1299 1311 1350 vita:
1333 1298 1616 1350 exsortes?
1662 1295 1756 1350 Vel
1805 1297 2038 1365 qualiter

463 1391 725 1460 adjuveut
775 1388 1176 1441 incantationes
1246 1397 1300 1441 et
1361 1387 1619 1455 auguria,
1677 1386 2038 1441 divinationes

465 1496 676 1552 quoque
715 1489 875 1550 atque
927 1478 1220 1543 maleﬁcia,
1271 1493 1537 1532 occursus
1583 1478 1937 1534 nihilominus
1985 1488 2039 1534 et

464 1573 780 1626 vocationes
806 1581 969 1637 atque
1005 1571 1397 1633 revocationes,
1426 1585 1545 1639 qua:
1574 1581 1697 1625 sunt
1727 1571 2029 1624 dzemonum

466 1664 754 1718 servitutes
797 1671 850 1714 et
881 1663 1178 1714 dmmonum
1210 1661 1486 1715 illusiones
1527 1671 1689 1730 atque
1717 1662 2032 1717 idololatria:

468 1751 944 1808 communicatio?
976 1750 1156 1804 Infelix
1211 1764 1442 1818 namque
1489 1759 1571 1805 est
1612 1753 1702 1819 qui
1750 1752 1805 1805 in
1860 1762 2036 1806 statua

469 1845 762 1898 iuanimata
791 1851 994 1910 sperat,
1038 1841 1307 1895 infelicior
1350 1857 1477 1895 vero
1519 1843 1610 1910 qui
1665 1841 1718 1894 in
1768 1844 2042 1914 phylacte-
2075 1823 2117 1879 Β

469 1937 565 1991 rils
592 1935 819 1989 mortuis
842 1944 1043 2002 sperat.
1081 1933 1213 1986 Nam
1244 1935 1383 1988 sicut
1407 1935 1450 1986 is
1469 1934 1559 2003 qui
1586 1935 1744 1988 idolis
1773 1937 2038 1999 servierit,

472 2027 703 2081 intertici
748 2037 1052 2096 praeceptus
1085 2037 1169 2081 est
1223 2027 1276 2080 in
1328 2026 1444 2095 lege
1498 2025 1617 2090 Dei,
1671 2027 1745 2080 ita
1789 2027 2044 2082 similiter

470 2120 648 2173 omnis
679 2121 1000 2180 incantator,
1033 2127 1087 2172 et
1113 2133 1409 2188 augurans,
1439 2132 1502 2170 ac
1530 2117 1800 2181 divinans,
1829 2127 1886 2172 et
1916 2133 2045 2172 ven-

473 2207 762 2276 triloquus,
799 2218 959 2278 atque
1012 2207 1288 2261 volucrum
1333 2223 1494 2262 voces
1541 2209 1864 2270 observans,
1919 2223 2042 2262 cum

471 2301 722 2354 omnibus
757 2302 966 2354 caneris
1005 2300 1286 2354 maleﬁciis
1326 2301 1547 2354 interire
1594 2309 1759 2368 atque
1813 2300 2044 2353 interﬁci

475 2402 774 2460 prmceptus
800 2400 900 2444 est.
929 2389 1053 2442 Post
1077 2404 1195 2457 quae
1220 2390 1497 2453 universa,
1525 2388 1822 2443 inferorum
1844 2389 2042 2452 ira,at-

471 2497 580 2551 que
607 2492 930 2536 tormentum
967 2481 1247 2550 gehennae,
1284 2481 1547 2548 supplicia
1587 2495 1803 2549 quoque
1854 2481 2044 2534 aeterni

470 2575 681 2645 judicii,
726 2583 888 2642 atque
913 2573 1142 2626 ﬂamma:
1181 2572 1321 2641 ignis
1357 2572 1811 2642 inexstinguibilis
1846 2586 2044 2640 exspe-

473 2674 840 2718 ctantonmes
872 2662 1176 2730 hujusmodi
1227 2664 1278 2715 in
1324 2675 1562 2732 tempore
1604 2663 2044 2717 resurrectionis.

476 2755 581 2810 Sed
611 2755 822 2808 interim
847 2754 1048 2808 bonum
1080 2763 1162 2807 est
1185 2754 1522 2823 interrogare
1553 2755 1685 2809 istos
1709 2757 1798 2824 qui
1825 2755 2046 2824 auguria

474 2847 814 2910 observant,
844 2857 1009 2915 atque
1037 2847 1353 2900 occursibus
1401 2855 1495 2900 aut
1539 2845 1914 2900 vacationibus
1960 2853 2051 2898 aut

477 2939 910 2992 revocationibus
937 2938 1244 3002 intendunt,
1273 2953 1391 3005 quae
1425 2937 1638 3006 augurii
1689 2947 1830 2990 meta
1866 2951 2049 2988 occur-

477 3027 550 3082 rit
585 3025 872 3092 Pharaoni,
903 3044 1026 3081 cum
1080 3027 1220 3082 ﬁlios
1272 3029 1435 3082 Israel
1487 3040 1724 3094 secutus,
1774 3031 2051 3082 demersus

478 3124 562 3170 est
589 3117 639 3169 in
664 3117 901 3171 Rubrum
932 3133 1098 3179 mare,
1140 3128 1199 3171 ut
1238 3133 1333 3170 nec
1361 3119 1582 3172 nuntius
1605 3119 1872 3171 innumeri
1903 3133 2051 3172 exer-

480 3206 619 3259 citus
651 3204 1027 3276 .Egyptiorum
1055 3208 1402 3274 superesset?
1424 3209 1556 3272 Quis
1592 3209 1802 3262 vocavit
1835 3207 2046 3261 Scnna-

481 3298 669 3351 cherib
705 3313 882 3366 regem
914 3300 1285 3369 Assyriorum,
1319 3299 1404 3352 vel
1438 3315 1556 3367 qua:
1584 3300 1698 3352 avis
1723 3301 1920 3354 cecinit
1951 3299 2047 3364 illi,

481 3401 602 3441 cum
637 3403 665 3440 a
710 3386 892 3441 Iudaea
924 3389 1195 3457 profectus
1227 3390 1481 3442 omnibus
1527 3389 1627 3442 sub
1661 3406 1762 3442 una
1796 3402 1953 3444 nocte
1983 3394 2051 3444 ad

482 3485 698 3532 centum
718 3478 988 3547 octoginta
1008 3477 1246 3546 quinque
1271 3477 1435 3530 millia
1467 3478 1804 3532 exercituum
1830 3493 2050 3532 suorum

485 3567 728 3628 amissis,
757 3578 811 3620 et
843 3567 1102 3621 confusus
1133 3569 1198 3620 ad
1252 3569 1526 3638 regionem
1576 3584 1728 3621 suam
1781 3583 2050 3633 reversus,

401 3687 404 3690 ~
483 3658 662 3726 gladio
697 3659 747 3710 in
780 3659 941 3712 domo
967 3657 1058 3712 Dei
1089 3659 1170 3712 sui
1217 3660 1492 3724 ceciderit,
1527 3671 1582 3714 et
1633 3675 1739 3713 non
1783 3662 2054 3728 potuerint

483 3763 605 3802 eum
627 3748 907 3814 adjuvare,
934 3765 1108 3819 neque
1130 3751 1266 3804 idola
1283 3751 1420 3818 ejus,
1445 3765 1618 3819 neque
1637 3753 2052 3816 incantationes,

488 3855 657 3908 neque
702 3840 996 3905 veneﬁcia,
1052 3857 1227 3912 neque
1300 3844 1563 3912 auguria?
1633 3843 1895 3896 Similiter
1955 3859 2054 3898 nec

485 3929 823 3985 Pharaonem
861 3933 1034 3999 potuit
1086 3933 1378 3988 defendere
1426 3933 1713 3987 multitudo
1761 3934 2051 3999 idolorum,

487 4031 648 4091 atque
674 4023 911 4076 onmium
941 4024 1225 4089 maleﬁcia,
1263 4037 1317 4079 et
1349 4025 1704 4094 plurimorum
1734 4027 2057 4080 incantatio-

487 4133 582 4173 nes
624 4134 743 4188 quze
773 4119 989 4173 fuerunt
1029 4123 1083 4173 in
1117 4119 1356 4190 Egypto
1390 4135 1499 4190 pm
1541 4121 1755 4175 caeteris
1802 4122 2058 4176 omnibus

485 4209 758 4278 gentibus.
804 4211 944 4264 sicut
981 4211 1177 4264 dicitur
1219 4212 1450 4280 quodam
1499 4212 1552 4264 in
1589 4211 1707 4266 loco
1752 4209 2057 4265 :Fecerunt

486 4310 661 4354 autem
689 4305 1039 4355 incantatores
1081 4301 1450 4370 /Egyptiorum
1495 4301 1740 4354 similiter
1787 4294 2056 4370 maleﬁciis

486 4393 596 4444 suis
621 4392 685 4443 ⁵ο.
717 4393 822 4444 Sed
852 4407 955 4445 non
997 4392 1175 4445 timuit
1201 4390 1443 4444 Rubrum
1474 4406 1624 4445 mare
1656 4393 2058 4447 incantationes

487 4493 648 4551 atque
667 4483 930 4537 maleﬁcia
964 4499 1172 4548 eorum,
1203 4493 1364 4552 atque
1395 4482 1673 4551 accipiens
1705 4485 1794 4536 Dei
1829 4485 2056 4539 manda-

487 4586 600 4631 tum
653 4586 872 4630 cunctos
920 4576 1096 4629 subito
1146 4577 1408 4630 demersit
1453 4578 1504 4628 in
1538 4575 1881 4644 profundum.
1917 4576 2056 4643 Quid

488 4667 689 4738 profuit
732 4667 877 4721 Sauli
916 4668 1055 4735 quod
1106 4667 1349 4721 exiturus
1382 4668 1448 4722 ad
1487 4667 1729 4735 praelium
1765 4669 1996 4737 primum
2025 4685 2054 4720 a

489 4761 599 4814 Deo
627 4760 909 4814 discedens
939 4759 1006 4811 ad
1031 4757 1241 4811 divinos
1268 4760 1548 4826 confugit,
1584 4770 1639 4813 et
1665 4760 1944 4814 mulierem
1993 4761 2058 4813 de

487 4861 684 4905 eventu
727 4851 1035 4918 loquentem
1083 4848 1353 4916 quazsjvit,
1418 4858 1473 4903 et
1515 4866 1638 4903 cum
1690 4850 1866 4902 adhuc
1909 4865 2056 4918 spem

489 4960 641 5000 suam
662 4953 1023 5009 converteret,
1053 4951 1108 4998 et
1128 4953 1491 5012 exspectaret,
1521 4958 1644 4998 cum
1675 4942 1862 4996 multis
1887 4943 2058 5011 proti-

491 5051 593 5089 nus
619 5038 826 5092 interiit
851 5038 895 5068 ⁵¹
924 5037 946 5089 ‘l
976 5037 1154 5104 Atque
1185 5035 1456 5090 innumeri
1491 5036 1742 5090 similiter
1771 5036 1823 5090 in
1871 5036 2063 5088 incan-

493 5131 790 5185 tationibus
843 5142 900 5186 et
949 5129 1189 5199 auguriis
1225 5141 1388 5196 atque
1431 5129 1716 5182 maleﬁciis
1756 5137 2062 5197 sperantes,

493 5240 658 5292 Super
695 5236 893 5279 terram
928 5225 1132 5289 miseri,
1163 5240 1228 5278 ac
1258 5225 1374 5279 sine
1402 5238 1496 5291 spe
1522 5224 1651 5277 facti
1681 5233 1823 5284 sunt,
1846 5231 1902 5275 et
1923 5221 2062 5288 apud

497 5315 702 5368 inferos
734 5325 994 5382 perpetuo
1027 5315 1222 5383 puniti,
1255 5314 1682 5369 miserabiliores
1715 5314 1766 5367 in
1798 5322 2060 5367 atternum

497 5407 910 5474 permanebunt.
952 5405 1076 5460 Haec
1117 5408 1298 5475 itaque
1339 5409 1585 5460 universa
1615 5407 1948 5461 declinemus
1975 5444 1989 5466 ,
2018 5418 2062 5468 ,ο

495 5500 695 5565 amici;
732 5501 844 5553 haec
867 5501 1134 5568 fugiamus
1156 5511 1408 5569 tanquam
1439 5501 1706 5555 llatnmam
1740 5500 1882 5569 ignis
1904 5539 1921 5564 ,
1951 5499 2065 5551 ha-c

569 5700 618 5732 ⁸ο
654 5701 820 5755 Exod.
850 5715 942 5767 vn,
981 5701 1061 5756 ll.

1139 5701 1178 5734 ⁸¹
1217 5702 1233 5755 l
1263 5701 1390 5772 llcg.
1413 5716 1602 5756 xxvnl.

498 5772 544 5805 “
578 5769 680 5828 Job
707 5787 788 5839 ιιι,
825 5773 872 5825 l.

1682 5700 1724 5730 "
1756 5699 1914 5756 Rom.
1943 5715 2058 5763 xiv,
2090 5698 2140 5752 8.

2131 579 2346 618 cremur
2372 575 2552 632 utpote
2576 563 2888 618 societatem
2922 563 3246 616 daemonum.
3282 560 3484 618 Omnes
3519 573 3695 616 autem

2133 669 2326 708 causas
2355 665 2572 709 nostras
2607 654 2720 708 sive
2746 652 3012 716 dolorum,
3039 651 3154 706 sive
3200 651 3547 720 lauguorum,
3581 651 3697 704 sive

2132 760 2435 815 poenarum,
2460 747 2575 798 sive
2598 743 3024 808 tribulationum,
3052 743 3165 796 sive
3199 742 3431 804 viarum,
3462 742 3574 795 sive
3608 742 3698 795 iti-

2134 851 2321 890 nerum
2343 875 2359 899 ,
2397 835 2509 889 sive
2530 835 3013 904 ingressuum,sive
3035 847 3344 902 egressuum
3376 843 3569 887 cuncta
3591 833 3697 886 Deo

2133 925 2589 987 commendemus,
2606 933 2799 978 cuncta
2817 921 2921 976 Deo
2935 923 3353 987 committamus,
3369 932 3428 976 ut
3445 922 3699 977 Dominus

2134 1016 2401 1070 custodiat
2415 1031 2602 1070 omnes
2625 1017 2896 1082 ingressus
2908 1023 3068 1082 atque
3087 1015 3264 1068 exitus
3278 1025 3576 1080 nostros,ut
3597 1015 3699 1069 Do-

2138 1112 2312 1166 minus
2331 1111 2584 1164 ﬁatnobis
2601 1121 2918 1178 cooperator
2952 1118 3006 1163 et
3037 1125 3240 1173 comes,
3261 1118 3420 1177 atque
3444 1109 3701 1180 suﬁ'raga-

2139 1213 2224 1257 tor
2256 1203 2307 1255 in
2329 1204 2472 1254 omni
2499 1211 2756 1270 tempore,
2794 1211 2847 1255 et
2866 1202 2916 1254 in
2947 1200 3092 1254 omni
3122 1200 3259 1263 loco,
3289 1201 3566 1269 utangclis
3587 1202 3701 1255 suis

2140 1294 2353 1346 mandet
2379 1293 2444 1347 de
2474 1294 2626 1346 nobis
2661 1303 2712 1345 ut
2751 1291 3052 1346 custodiant
3091 1307 3188 1346 nos
3220 1293 3272 1344 in
3313 1292 3562 1345 omnibus
3600 1293 3702 1346 viis

2139 1384 2370 1448 nostris,
2401 1393 2459 1437 ut
2499 1399 2618 1436 cum
2669 1384 2870 1437 sanctis
2915 1383 3281 1436 connumerali
3317 1393 3704 1452 consequenter

2139 1476 2301 1530 etiam
2317 1491 2436 1528 cum
2457 1474 2584 1542 ipsis
2600 1475 2841 1528 dicamus
2865 1491 2880 1526 :
2909 1473 3028 1528 Sive
3057 1474 3290 1535 vivimus,
3308 1474 3410 1526 sive
3432 1474 3700 1530 morimur.

2143 1565 2354 1619 Domini
2385 1582 2565 1620 sumus
2599 1567 2665 1619 ".
2706 1563 2821 1619 Non
2849 1579 3034 1618 sumus
3067 1565 3366 1628 idolorum,
3414 1578 3587 1632 neque
3621 1566 3705 1618 in-

2143 1661 2512 1714 cantationum
2532 1698 2550 1724 ,
2590 1673 2763 1727 neque
2791 1659 3143 1727 auguriorum
3163 1697 3178 1722 ,
3204 1673 3379 1726 neque
3417 1658 3706 1712 divinatio-

2146 1764 2270 1802 num
2291 1787 2306 1812 ,
2341 1763 2517 1818 neque
2545 1747 2932 1802 maleﬁciorum
2959 1786 2974 1810 ,
3008 1761 3182 1815 neque
3228 1747 3705 1817 phylacteriorum,

2144 1855 2319 1908 neque
2353 1841 2515 1894 ullius
2562 1842 2752 1894 horum
2791 1855 2912 1908 qua:
2955 1847 3084 1892 sunt
3130 1840 3364 1895 servitus
3405 1840 3708 1895 daemonum

2142 1940 2198 1985 et
2237 1930 2436 1985 diaboli
2473 1932 2816 1986 seductiones
2851 1951 2864 1985 :
2904 1931 2996 1986 sed
3030 1931 3241 1985 Domini
3265 1947 3472 1998 sumus,
3497 1933 3591 2002 qui
3624 1935 3708 1988 do-

2145 2023 2379 2076 minatur
2407 2023 2529 2075 vitm
2557 2035 2613 2077 et
2642 2024 2824 2087 lllOl‘ll,
2858 2024 2946 2092 qui
2983 2024 3143 2078 habet
3176 2033 3498 2092 potestatem
3527 2026 3710 2079 carnis

2143 2124 2198 2167 et
2225 2114 2469 2182 spiritus,
2503 2116 2554 2166 in
2579 2114 2732 2181 cujus
2757 2115 3006 2168 manibus
3028 2116 3276 2169 vivorum
3315 2115 3708 2183 spiramentum

2143 2215 2246 2260 est.
2277 2204 2369 2260 Sic
2417 2221 2649 2274 namque
2678 2215 2732 2260 et
2780 2206 2919 2260 beati
2981 2206 3054 2260 illi
3082 2207 3179 2260 viri
3233 2207 3324 2274 qui
3350 2217 3612 2260 venerunt
3645 2206 3710 2260 ad

2144 2295 2264 2362 Job,
2285 2297 2449 2361 idest,
2475 2297 2631 2350 amici
2656 2296 2794 2365 ejus,
2818 2312 2938 2351 cum
2959 2307 3140 2352 essent
3167 2297 3402 2367 religiosi
3431 2295 3521 2351 Dei
3539 2297 3714 2351 culto-

2148 2401 2258 2452 res,
2291 2402 2486 2442 onmes
2513 2389 2884 2442 exsecrabiles
2917 2391 3219 2444 daemonum
3255 2389 3598 2443 seductiones
3621 2389 3713 2442 de-

2146 2477 2432 2542 clinantes,
2469 2479 2793 2532 assederunt
2824 2478 2871 2532 ei
2915 2488 3126 2548 septem
3169 2479 3359 2534 diebus
3414 2488 3468 2531 et
3505 2487 3712 2546 septem

2149 2570 2419 2622 noctibus.
2449 2567 2710 2623 Maleﬁcia
2737 2579 2792 2622 et
2816 2569 3180 2624 divinationes
3199 2585 3303 2624 non
3323 2568 3710 2637 requisierunt,

2148 2662 2250 2713 nisi
2311 2663 2377 2715 ad
2421 2662 2593 2715 solum
2628 2660 2795 2716 Deum
2830 2663 3039 2716 animas
3077 2677 3205 2716 suas
3238 2663 3572 2724 levaverunt,
3617 2674 3716 2728 pro

2149 2752 2425 2807 doloribus
2463 2752 2565 2807 Job
2600 2764 2923 2823 gemuerunt
2953 2764 3113 2822 atque
3148 2755 3581 2822 suspiraverunt.
3618 2752 3716 2806 Se-

2149 2847 2343 2898 derunt
2372 2846 2511 2912 apud
2541 2861 2665 2899 eum
2700 2845 2966 2899 facientes
3002 2846 3123 2910 hoc,
3157 2846 3299 2914 quod
3343 2845 3395 2899 in
3436 2845 3714 2911 Scriptura

2147 2942 2270 3002 post
2308 2933 2414 2987 hoc
2442 2935 2699 2987 traditum
2729 2943 2812 2987 est
2835 2943 2960 2988 ante
2993 2933 3332 3003 Scripturam
3381 2933 3662 3002 implentes
3699 2950 3715 2986 :

2151 3022 2236 3077 Nc
2271 3025 2602 3094 denegaveris
2654 3035 2703 3078 te
2758 3027 3001 3089 ﬂentibus
3039 3027 3093 3078 in
3133 3027 3575 3088 consolationem;
3607 3035 3663 3080 et
3701 3046 3714 3078 :

2153 3113 2300 3170 Flete
2329 3133 2445 3169 cum
2481 3118 2814 3186 ﬂentibus";
2841 3128 2896 3172 et
2924 3135 2940 3174 :
2970 3117 3160 3172 Melius
3195 3129 3270 3171 est
3308 3118 3386 3171 ire
3422 3119 3476 3170 in
3505 3116 3718 3170 domum

2151 3208 2322 3261 luctus
2340 3225 2494 3277 quam
2525 3210 2579 3261 in
2609 3209 2819 3262 domum
2843 3211 3157 3278 epulationis
3184 3210 3250 3262 “.
3271 3211 3541 3263 Sederunt
3576 3209 3717 3276 apud

2151 3314 2273 3352 eum
2309 3309 2546 3354 tacentes
2580 3315 2744 3369 super
2771 3302 3031 3355 immensa
3079 3299 3196 3367 ejus
3239 3301 3498 3369 patientia
3543 3315 3604 3352 ac
3646 3309 3721 3353 to-

2152 3388 2402 3455 lerantia,
2444 3399 2607 3460 atque
2652 3392 2981 3445 constantia.
3035 3390 3166 3445 Nam
3210 3407 3332 3445 cum
3381 3406 3410 3442 a
3443 3389 3717 3444 vermibus

2155 3497 2350 3536 carnes
2406 3498 2534 3537 suas
2595 3483 2843 3538 devorari
2889 3484 3133 3547 videret,
3186 3484 3425 3554 gaudens
3467 3483 3723 3537 sustinuit

2154 3576 2295 3642 apud
2320 3575 2668 3642 semetipsum
2698 3576 3014 3630 existimans
3039 3590 3102 3630 ac
3127 3576 3314 3631 dicens
3341 3592 3355 3629 ε
3389 3576 3446 3630 Si
3471 3559 3724 3630 celeriter

2154 3679 2343 3718 omnes
2389 3681 2584 3720 carnes
2627 3682 2756 3719 mea:
2795 3678 3128 3736 consumptae
3189 3667 3420 3729 fuerint,
3472 3667 3725 3721 celeriter

2156 3754 2208 3807 in
2245 3755 2704 3825 incorruptionem
2759 3757 3089 3826 suscipietur
3119 3758 3343 3826 spiritus
3366 3797 3382 3822 ,
3415 3757 3724 3826 properabit

2157 3847 2223 3899 ad
2250 3844 2414 3899 Deum
2448 3848 2623 3900 anima
2649 3863 2768 3901 mea
2823 3851 3148 3916 quantocius
3186 3859 3384 3903 terram
3426 3859 3586 3902 terra:
3642 3865 3724 3902 re-

2158 3939 2428 4008 linquens,
2453 3950 2506 3992 et
2526 3955 2719 4008 corpus
2778 3941 2880 3994 hoc
2923 3949 3046 3994 ante
3094 3941 3404 4011 sepulcrum
3448 3943 3501 3994 in
3544 3954 3723 3994 escam

2157 4033 2435 4086 vermibus
2486 4033 2726 4087 tradens.
2775 4033 2903 4087 Sive
2950 4043 3074 4087 ante
3119 4044 3382 4098 mortem,
3447 4034 3562 4087 sive
3606 4041 3726 4099 post

2159 4134 2390 4177 mortem
2433 4139 2631 4192 corpus
2668 4125 2769 4178 hoc
2823 4127 3097 4180 vermibus
3132 4127 3185 4179 in
3219 4125 3606 4180 comestiOuem
3641 4137 3725 4175 re—

2159 4216 2436 4283 linquetur
2469 4218 2610 4272 sicut
2642 4218 2770 4270 dicit
2800 4229 2916 4285 post
2963 4220 3075 4273 haec
3106 4236 3119 4271 :
3159 4219 3288 4273 Cum
3336 4230 3575 4272 mortuus
3608 4216 3726 4285 [ue-

2162 4309 2225 4358 rit
2254 4308 2407 4359 homo
2447 4308 2610 4373 capiet
2663 4309 3018 4362 hwreditutem
3063 4310 3251 4362 bestias
3298 4319 3344 4362 et
3404 4307 3648 4372 reptilia,
3677 4314 3728 4359 et

2161 4412 2354 4449 vermes
2369 4397 2436 4450 ⁵⁸.
2462 4397 2595 4451 Cum
2636 4397 2940 4465 hujusmodi
2974 4400 3204 4468 plurima
3243 4401 3431 4453 beatus
3457 4396 3558 4452 Job
3589 4395 3729 4465 apud

2089 4488 2513 4571 Dsemetipsum
2588 4489 2937 4556 loqueretur,
3011 4501 3214 4558 septem
3278 4490 3466 4543 diebus
3545 4496 3730 4540 tacens

2162 4580 2436 4634 sustinuit.
2468 4580 2666 4634 Eadem
2715 4582 2961 4636 videlicet
3007 4591 3303 4636 tractantes
3343 4591 3394 4635 et
3426 4579 3582 4634 amici
3613 4577 3730 4645 ejus

2163 4671 2252 4739 qui
2279 4670 2342 4724 ad
2375 4686 2498 4725 eum
2549 4682 2832 4737 venerunt,
2861 4683 3144 4728 tacuerunt
3174 4677 3338 4726 etiam
3374 4673 3473 4742 ipsi
3499 4671 3644 4726 velut
3673 4671 3731 4724 in

2164 4772 2439 4831 stuporem
2476 4764 2715 4828 deducti,
2747 4779 2809 4838 os
2844 4765 3056 4834 aperire
3107 4780 3214 4818 non
3253 4764 3514 4826 valentes,
3557 4775 3735 4834 neque

2164 4853 2378 4907 initium
2415 4854 2702 4909 locutionis
2732 4855 3087 4909 invenientes.
3126 4853 3230 4908 Sed
3259 4853 3397 4907 ultra
3429 4869 3532 4908 non
3565 4852 3733 4907 susti-

2165 4945 2764 5000 nuitconstantissimus
2779 4945 2977 5001 illeJob
2991 4947 3164 5013 ipsam
3183 4947 3623 5008 taciturnitatem,
3641 4946 3735 5000 sed

2167 5041 2374 5108 primus
2411 5043 2576 5109 etrapit
2603 5041 2770 5108 loqui,
2801 5051 2984 5109 utp0te
3013 5043 3219 5109 primus
3247 5044 3301 5096 in
3325 5045 3437 5112 ipsa
3466 5043 3734 5112 passione,

2168 5139 2352 5198 utpote
2396 5126 2544 5185 solos
2587 5141 2860 5184 SUSlllleIIS
2906 5133 3018 5199 ipsa
3051 5133 3270 5187 vulnera
3318 5143 3479 5201 atque
3503 5133 3736 5187 dolores.

2168 5217 2307 5272 Dicit
2326 5220 2468 5272 enim
2509 5237 2523 5272 :
2550 5220 2677 5272 Post
2706 5222 2816 5273 lucc
2850 5223 3055 5288 aperuit
3092 5238 3148 5274 os
3175 5239 3326 5275 suum
3347 5223 3410 5274 ".
3445 5221 3572 5276 Post
3601 5221 3735 5275 hac.

2167 5309 2459 5378 Postquam
2490 5310 2810 5378 praacipuam
2837 5311 2978 5364 illam
3005 5313 3309 5379 passionem
3342 5314 3576 5371 transiit,
3595 5320 3740 5380 post-

2170 5417 2328 5468 quam
2358 5403 2887 5456 vehemeutissimum
2915 5403 3154 5457 dolorem
3179 5404 3417 5466 sustulit,
3451 5413 3738 5472 postquam

2171 5493 2222 5546 in
2257 5493 2447 5549 validis
2481 5494 2766 5565 itnpetuosi
2803 5497 3120 5566 nequissimi
3160 5497 3604 5552 inundationibus
3633 5510 3740 5550 non

2220 5700 2262 5729 ⁶³
2294 5699 2447 5754 Ruit).
2490 5716 2584 5766 xu,
2617 5701 2699 5755 15.
2778 5701 2822 5732 ’⁵³
2854 5701 3028 5756 Ecclc.
3061 5716 3152 5765 vn,
3183 5700 3234 5754 5.
3315 5700 3358 5731 ⁵⁵
3381 5697 3480 5753 Job
3506 5712 3619 5761 ut,
3648 5695 3739 5767 26.
