4174 6472
475 385 582 444 509

1571 379 1958 438 ANONYMUS
1991 379 2058 434 IN
2099 377 2238 436 JOB.
2278 411 2347 422 —
2383 377 2514 436 LIB.
2556 377 2646 436 III.

3637 386 3744 444 51$

471 518 560 566 est
587 503 929 567 submersus,
955 510 1242 574 postquam
1283 517 1382 572 pro
1409 503 1664 558 omnibus
1695 517 1813 572 quae
1843 501 1892 558 ei
1917 501 2055 558 acci-
2083 505 2132 564 Α
2158 500 2476 556 vulneribus
2520 497 2835 565 defecerim,
2873 505 3036 570 alque
3061 499 3114 554 in
3147 498 3422 556 doloribus
3449 503 3744 560 succubue-

473 601 668 655 derant
701 596 904 664 gratias
949 595 1179 650 Domino
1213 595 1356 665 egit,
1397 603 1558 664 alque
1594 609 1790 652 nomen
1843 593 2057 648 Domini

471 688 770 746 benedixit.
820 687 1111 752 Postquam
1163 685 1328 755 igitur
1380 700 1473 754 per
1526 693 1722 740 cuncta
1769 683 2056 740 victoriam

471 780 722 849 Sumpsit,
751 787 870 848 post
900 779 1014 832 haec
1039 775 1392 832 nihilominus
1415 777 1630 846 aperuit.
1662 791 1724 832 os
1746 791 1902 830 suum
1931 791 2054 830 cum

471 871 686 936 ﬁducia,
705 886 825 924 cum
842 869 1124 940 patientia.
1148 869 1380 924 Posthac
1397 870 1610 937 aperuit
1630 883 1690 924 os
1715 884 1892 932 suum,
1909 877 2056 938 post-

467 979 630 1034 quam
658 964 918 1018 adversus
939 967 1114 1016 tantos
1129 961 1401 1016 daemones
1421 976 1744 1032 congressus
1770 971 1852 1016 est
1873 959 2018 1016 solus
2035 1001 2048 1022 ,

468 1065 698 1123 quantos
729 1055 1076 1110 sustinebant
1105 1055 1200 1124 qui
1255 1053 1492 1108 edebant
1524 1068 1718 1108 carnes
1743 1052 1880 1122 ejus.
1913 1051 2050 1106 Nam

465 1149 608 1202 sicut
649 1147 900 1206 superius
949 1147 1002 1202 in
1044 1147 1325 1215 praedones
1374 1143 1690 1212 aliquando,
1727 1143 2051 1212 quandoque

466 1248 644 1292 autem
675 1238 730 1292 in
767 1238 968 1308 ignem,
997 1251 1389 1306 nonnunquam
1421 1236 1471 1289 in
1501 1243 1722 1290 ventum
1763 1236 2051 1289 vertebant

462 1343 524 1384 se
547 1328 865 1398 nequissimi
893 1330 1120 1398 spiritus
1164 1347 1178 1382 :
1217 1329 1298 1384 sic
1325 1335 1382 1381 et
1423 1343 1566 1382 nunc
1597 1329 1720 1382 istic
1765 1328 1818 1382 in
1867 1327 2050 1381 multi-

463 1420 704 1476 tudinem
728 1421 994 1477 vermium
1037 1419 1518 1476 innumerabilium
1547 1435 1606 1476 se
1637 1428 1912 1475 vertentes
1945 1421 2046 1474 im-

461 1523 751 1580 parcenter
769 1515 1102 1570 devorabam
1135 1529 1332 1570 carnes
1359 1513 1482 1568 Joh.
1499 1513 1632 1567 Nam
1657 1529 1782 1568 cum
1805 1513 2044 1568 animam

459 1619 568 1659 non
595 1605 841 1660 valerent
869 1615 1110 1676 tangere,
1134 1622 1346 1660 omnem
1373 1607 1715 1677 iniquitatem
1743 1616 1800 1661 et
1827 1622 2042 1662 onmem

461 1696 600 1751 iram
635 1713 788 1752 suam
821 1699 873 1751 in
899 1713 1128 1766 corpore
1164 1699 1294 1768 justi
1341 1698 1488 1754 illius
1534 1699 1898 1762 exercebant,
1929 1707 2048 1753 tan-

457 1799 570 1844 tum
601 1805 724 1844 eum
769 1789 1066 1860 aﬂligentes
1104 1801 1368 1861 quantum
1411 1793 1716 1862 iniquitatis
1746 1792 2036 1858 habebant,

457 1889 622 1948 atque
673 1895 934 1935 exercere
987 1883 1234 1949 permissi
1287 1883 1522 1938 fuerant.
1582 1884 1858 1938 Adversus
1909 1898 2038 1954 ergo

457 1977 640 2024 tantos
671 1970 947 2026 dzemones
977 1971 1220 2026 certabat
1243 1972 1346 2028 Job
1371 2013 1388 2038 ,
1417 1983 1650 2040 quantos
1693 1990 1906 2030 vermes
1944 1977 2040 2031 ha-

455 2058 625 2114 bebat
659 2061 713 2114 in
758 2075 990 2130 corpore
1045 2079 1166 2119 suo.
1203 2063 1337 2118 Nam
1383 2066 1656 2121 dremones
1701 2081 1796 2134 per
1825 2082 2040 2124 vermes

455 2153 818 2208 comedebant
851 2163 1018 2222 atque
1047 2155 1404 2223 perforabant
1433 2171 1626 2212 carnes
1645 2159 1784 2227 ejus.
1821 2157 1898 2214 De
1927 2162 2038 2227 qui-

454 2245 557 2300 bus
579 2245 832 2300 omnibus
856 2248 1136 2301 victoriam
1155 2263 1250 2318 per
1278 2248 1618 2306 tolerantiam
1647 2266 1884 2318 sumens,
1902 2265 1955 2306 et
1973 2255 2038 2309 de

451 2339 704 2393 omnibus
723 2353 974 2408 persuam
988 2342 1346 2395 constantiam
1369 2342 1734 2412 triumphator
1747 2345 2034 2410 exsistens,

451 2441 578 2499 post
611 2430 729 2485 haec
784 2433 1040 2486 universa
1069 2433 1284 2501 aperuit
1311 2449 1375 2488 os
1421 2450 1602 2489 suum.
1636 2435 1774 2502 Quid
1802 2438 2035 2492 dicens?

449 2521 670 2574 Certum
696 2531 782 2575 est
807 2521 934 2590 quia
977 2522 1080 2576 hoc
1121 2523 1260 2576 dixit
1293 2524 1434 2592 quod
1472 2533 1595 2594 post
1632 2526 1738 2580 hoc
1766 2527 1938 2581 sancti
1981 2529 2032 2582 in

452 2607 734 2677 Scriptura
783 2622 1106 2678 posuerunt.
1147 2611 1371 2682 Tempus
1421 2631 1483 2666 ac
1533 2625 1733 2684 tempus
1776 2619 1918 2670 omni
1961 2623 2033 2672 rei

447 2697 542 2751 sub
576 2697 705 2760 sole,
743 2709 947 2768 tempus
989 2700 1256 2770 loquendi,
1275 2713 1323 2756 et
1363 2713 1564 2773 tempus
1599 2707 1896 2762 tacendi".
1929 2706 2034 2760 Ta-

445 2787 679 2855 cuimos,
729 2789 925 2858 inquit,
956 2806 989 2845 0
1017 2791 1116 2845 viri
1169 2809 1338 2862 usque
1379 2797 1446 2848 ad
1481 2806 1710 2867 tempus,
1749 2798 2034 2868 loquamur

445 2893 590 2932 nunc
619 2879 676 2934 in
715 2889 976 2948 tempore.
1011 2881 1134 2937 Haec
1175 2883 1360 2954 itaque
1391 2886 1578 2941 dicens
1608 2888 1820 2956 aperuit
1851 2888 1950 2944 Job
1971 2906 2032 2946 os

443 2983 624 3024 suum.
650 2969 959 3036 Persarum,
981 2973 1250 3042 inquiens,
1288 2991 1352 3030 ac
1381 2975 1655 3032 Medorum
1683 2989 1843 3050 alque
1868 2980 2032 3036 Chal-

444 3060 682 3116 daeorum
721 3077 886 3134 regna
934 3074 988 3119 et
1021 3076 1246 3136 gentes,
1287 3081 1478 3124 onlnes
1515 3071 1720 3138 pariter
1762 3073 1936 3141 pusilli
1976 3084 2030 3129 et

2159 595 2284 658 rim,
2327 607 2394 646 ne
2436 607 2524 648 me
2557 601 2869 661 superatum
2907 591 3072 646 fuisse
3105 599 3296 659 putent
3329 602 3422 646 aut
3451 592 3739 662 defecisse,

2157 695 2252 739 aut
2280 685 2643 750 debilitatum,
2664 684 2758 738 sed
2789 684 2973 738 norint
2998 685 3125 754 quia
3154 683 3392 738 viriliter
3421 693 3506 739 sto
3547 686 3741 740 adver-

2155 792 2248 832 sus
2294 775 2586 844 nequitiam
2613 789 2824 840 eorum,
2861 783 2914 830 et
2950 789 3072 830 cum
3103 775 3298 830 ﬁducia
3339 775 3566 845 loquens
3609 791 3740 831 con-

2157 878 2337 922 temno
2369 867 2602 922 malitias
2631 877 2795 933 atque
2833 868 3106 922 versutias
3143 867 3376 921 illorum.
3431 868 3535 922 Sed
3562 869 3739 923 adhuc

2153 961 2224 1015 ob
2253 963 2375 1022 hoc,
2403 960 2598 1030 inquit,
2629 969 2688 1014 ut
2711 960 3120 1015 advenientibus
3148 960 3338 1014 amicis
3361 960 3497 1014 meis
3527 975 3588 1014 os
3609 975 3736 1029 ape-

2153 1053 2310 1116 riam,
2363 1063 2527 1124 atque
2573 1054 2826 1123 loquendi
2879 1053 2984 1107 illis
3022 1061 3231 1122 tempus
3279 1053 3584 1108 ostendam.
3617 1053 3731 1110 Nisi

2149 1145 2293 1199 enim
2320 1159 2418 1214 ego
2455 1159 2674 1216 coepero
2711 1144 2879 1212 loqui,
2929 1159 3206 1212 nunquam
3241 1144 3330 1198 isti
3367 1161 3428 1200 os
3468 1147 3733 1202 auderent

2151 1234 2366 1299 aperire
2408 1233 2909 1288 vehementioribus
2958 1231 3237 1288 doloribus
3275 1235 3571 1303 perterriti.
3623 1234 3732 1293 Pro

2151 1325 2234 1380 his
2275 1341 2402 1395 ergo
2451 1324 2705 1380 erunibus
2746 1333 2910 1393 atque
2943 1339 3042 1395 pro
3091 1326 3284 1379 horum
3327 1327 3567 1380 omnium
3601 1341 3732 1382 con-

2147 1416 2528 1479 summatione,
2557 1415 2770 1484 aperuit
2801 1430 2863 1470 os
2894 1431 3050 1470 suum
3072 1457 3086 1481 ,
3116 1427 3171 1469 et
3200 1416 3557 1470 maledicebat
3587 1417 3728 1472 diem

2146 1523 2322 1564 suum.
2355 1505 2479 1561 Haec
2507 1507 2790 1562 audientes
2831 1507 3049 1575 quidam
3089 1523 3153 1562 ex
3185 1507 3546 1571 vertihilibns,
3577 1518 3630 1562 et
3656 1509 3730 1562 in-

2144 1601 2468 1670 sipientibus
2511 1615 2578 1654 ac
2621 1600 2910 1668 imperitis,
2944 1615 3204 1654 accusare
3245 1609 3406 1668 atque
3439 1601 3729 1668 reprehen-

2143 1692 2501 1762 derejustum
2549 1692 2694 1745 illum
2743 1691 2844 1748 Job
2907 1693 3021 1746 ausi
3069 1703 3215 1748 sunt.
3248 1694 3402 1759 quasi
3441 1694 3528 1761 qui
3562 1694 3725 1746 Deum

2143 1785 2624 1856 blasphemaverit,
2653 1795 2707 1840 et
2739 1787 2880 1841 diem
2923 1802 3079 1840 suum
3125 1786 3490 1840 maledixerit.
3521 1787 3728 1852 Quibus

2143 1876 2356 1931 duriter
2387 1876 2586 1930 restitit.
2616 1877 2732 1944 ipse
2767 1876 2912 1930 Deus
2937 1877 2988 1931 in
3022 1877 3182 1930 linem
3216 1877 3374 1945 huius
3405 1875 3724 1944 Scriptura},

2141 1984 2260 2024 cum
2286 1985 2532 2024 veracem
2564 1979 2816 2026 astruens
2850 1969 2951 2025 Job
2976 1971 3104 2024 dicit
3131 1971 3196 2024 ad
3235 1969 3455 2038 Eliphaz
3487 1985 3498 2015 τ
3533 1967 3729 2024 Pecca-

2139 2063 2208 2117 sti
2235 2071 2290 2115 tu
2313 2063 2400 2131 qui
2435 2063 2502 2116 de
2552 2073 2772 2128 peccato
2816 2063 3087 2118 accusasti
3119 2060 3240 2128 Joh,
3288 2059 3390 2116 Job
3437 2075 3566 2115 vero
3616 2077 3724 2118 non

2137 2155 2385 2222 peccavit
2424 2171 2438 2208 :
2480 2153 2718 2208 Peccain
2768 2163 2824 2208 tu
2863 2165 2910 2208 et
2955 2157 3062 2209 duo
3107 2155 3264 2206 amici
3311 2155 3410 2208 tui.
3442 2153 3523 2209 ΘΙ)
3561 2169 3724 2222 quam

2139 2260 2252 2299 rem
2276 2245 2299 2298 ἲ
2321 2245 2402 2301 Ob
2431 2246 2553 2309 hoc,
2593 2247 2791 2314 inquit.
2809 2247 2932 2310 quia
2959 2263 3063 2299 non
3094 2245 3257 2299 locuti
3283 2247 3408 2300 estis
3437 2247 3726 2316 quidquam

2135 2336 2370 2389 ueritatis
2395 2336 2446 2388 in
2467 2345 2748 2404 conspectu
2775 2353 2906 2398 meo,
2935 2337 3069 2391 sicut
3095 2335 3328 2403 {auratus
3355 2353 3498 2390 meus
3536 2336 3636 2390 Job
3654 2335 3722 2391 ⁵⁸.

2137 2428 2308 2496 Quem
2357 2445 2488 2499 ergo
2523 2431 2638 2499 ipse
2675 2429 2816 2484 Deus
2855 2429 3394 2497 irreprehensibilem
3440 2431 3723 2486 confessus

2135 2531 2237 2584 est,
2270 2520 2528 2575 famulum
2564 2537 2720 2576 suum
2756 2536 2880 2576 eum
2932 2522 3274 2591 appellando,
3305 2531 3358 2576 et
3401 2523 3502 2577 hoc
3527 2523 3580 2577 in
3615 2523 3723 2578 line

2137 2613 2304 2668 totius
2351 2613 2697 2676 tolerantiae,
2748 2615 2872 2680 quis
2919 2629 3086 2668 sanus
3121 2615 3401 2669 criminari
3463 2615 3724 2670 audeat?

2135 2703 2272 2769 Quis
2299 2703 2516 2771 sapiens
2555 2704 2960 2772 reprehendere
2987 2703 3334 2774 aggrediatur
3361 2704 3538 2770 ?Quis
3573 2705 3718 2760 enim

2133 2795 2411 2849 accusabit
2440 2795 2644 2851 electos
2677 2796 2768 2850 Dei
2806 2795 3062 2851 Hostum
3109 2799 3342 2851 maxime
3363 2837 3376 2862 ,
3410 2811 3568 2866 quem
3601 2809 3720 2851 tan-

2137 2895 2248 2938 lum
2294 2883 2490 2952 elegit,
2531 2893 2587 2939 et
2628 2899 2687 2938 se
2738 2885 2966 2955 dignum
3013 2886 3341 2941 testilicatus
3389 2897 3507 2952 est,
3541 2888 3614 2940 ita
3662 2897 3720 2943 ut

2131 2977 2292 3030 etiam
2339 2977 2678 3032 sacerdotem
2736 2978 2886 3032 illum
2942 2977 3371 3048 delinquentium
3417 2980 3716 3034 amicorum

2131 3069 2512 3132 constitueret,
2541 3080 2597 3122 et
2647 3083 2742 3138 per
2775 3069 2921 3122 illum
2959 3078 3180 3137 peccata
3223 3085 3407 3124 eorum
3453 3071 3558 3124 illis
3593 3085 3719 3140 pro-

443 3153 622 3222 magni
655 3169 777 3208 cum
805 3157 1246 3214 manducaverint
1268 3175 1371 3214 non
1397 3163 1706 3230 loquontur,
1729 3179 1852 3218 cum
1879 3165 2025 3220 bibe-

2135 3158 2376 3212 mitterct
2411 3160 2716 3214 remittere.
2761 3158 2976 3214 Justum
3014 3174 3146 3228 ergo
3176 3162 3268 3229 qui
3306 3175 3334 3212 a
3367 3160 3478 3214 Deo
3521 3175 3718 3231 purga-

443 3245 553 3300 rint
605 3261 710 3302 non
743 3249 1200 3315 sermocinamur,
1235 3253 1528 3308 maximam
1555 3263 1736 3309 notam
1801 3257 2028 3312 irratio-

441 3337 744 3394 nabiiitatis
783 3339 925 3396 hanc
973 3356 1096 3397 esse
1148 3344 1560 3412 existimantes,
1593 3349 1636 3401 si
1693 3350 2028 3406 manducans

438 3431 564 3499 quis
610 3431 864 3503 loquatur
890 3475 906 3501 ,
937 3435 1021 3491 vel
1063 3436 1256 3492 bibens
1307 3441 1676 3497 concionetur.
1715 3441 1925 3501 Idcirco
1971 3447 2023 3501 in

437 3520 578 3576 escis
603 3536 666 3577 ac
703 3525 918 3593 potibus
947 3541 1008 3582 os
1044 3543 1150 3582 non
1182 3531 1431 3598 aperiunt
1467 3533 1532 3586 ad
1563 3533 1910 3605 loquendum,
1931 3553 2026 3594 ne-

411 3627 540 3680 que
574 3614 668 3681 qui
711 3615 1056 3683 ministrant,
1099 3633 1272 3688 neque
1296 3621 1492 3688 quibus
1525 3625 1902 3692 ministratur,
1928 3630 2023 3684 sed

437 3705 656 3760 nutibus
706 3709 960 3764 erunibus
1011 3709 1447 3768 ministrantibus
1497 3717 1840 3788 przecipiunt,
1884 3721 2022 3777 hanc

435 3797 880 3854 consuetudinem
907 3815 1006 3867 pro
1033 3803 1288 3856 mandato
1311 3821 1338 3858 a
1363 3807 1634 3872 prioribus
1667 3811 2015 3879 accipientes,

433 3896 487 3941 et
516 3887 664 3942 veiut
707 3888 880 3960 legem
923 3892 1061 3945 hanc
1092 3907 1216 3946 cum
1249 3895 1612 3952 sollicitudine
1639 3901 2014 3972 observantes,

432 3989 488 4031 et
516 3978 606 4048 qui
645 3979 788 4034 hanc
826 3979 1110 4036 violaverit
1155 3993 1412 4053 tanquam
1453 3989 1690 4044 maxima
1742 4000 2018 4062 transgre-

431 4069 726 4139 diensjura
763 4084 1070 4142 torquetur.
1107 4073 1162 4129 Si
1206 4075 1404 4141 Persae,
1441 4079 1636 4150 inquit,
1668 4098 1732 4137 ac
1767 4083 1903 4140 Medi
1929 4095 2015 4140 at-

407 4175 536 4230 .que
569 4176 762 4217 omnes
796 4163 1031 4219 Chaldaei
1055 4180 1386 4233 supervacue
1429 4170 1588 4223 istam
1615 4171 1906 4229 observant
1935 4185 2015 4230 ta-

430 4252 798 4307 citurnitatem
826 4295 842 4318 ,
889 4270 989 4310 nos
1034 4269 1184 4321 vero,
1223 4271 1256 4311 o
1295 4257 1420 4324 viri,
1467 4259 1577 4325 ait,
1609 4269 1774 4316 totam
1809 4263 2014 4320 hebdo-

429 4346 642 4400 madam
687 4347 742 4400 in
797 4349 1174 4405 taciturnitate
1215 4359 1378 4420 atque
1427 4351 1635 4422 jejunio
1685 4367 2010 4427 peragentes

399 4437 832 4492 rationabiliter
883 4455 1028 4495 nunc
1079 4442 1224 4514 loqui
1273 4444 1619 4514 incipiamus.
1679 4447 1900 4515 Aperuit
1950 4465 2008 4504 os

2133 3262 2218 3306 ltts
2248 3253 2704 3322 est,quisaudeat
2735 3253 3140 3322 reprehendere
3160 3254 3246 3308 vel
3275 3269 3536 3309 accusare
3559 3255 3714 3325 quasi

2127 3343 2322 3398 illicite
2356 3345 2498 3399 diem
2545 3360 2702 3399 snmn
2740 3344 3160 3399 maledicentem
3186 3345 3210 3398 ?
3242 3344 3415 3412 Super
3447 3359 3568 3413 qtae
3599 3361 3716 3400 om-

2127 3434 2240 3496 nia,
2270 3449 2304 3490 o
2329 3434 2453 3499 viri,
2488 3435 2532 3489 si
2576 3436 2646 3490 oh
2691 3435 2794 3490 hoc
2829 3437 3250 3506 reprehenditur
3279 3434 3401 3499 Job,
3439 3437 3524 3492 vel
3555 3454 3716 3493 accu-

2123 3535 2278 3578 satur
2309 3526 2455 3594 quod
2485 3526 2629 3580 diem
2675 3540 2834 3579 suum
2870 3525 3234 3590 :naledixerit,
3285 3527 3717 3596 reprehendatur

2125 3617 2330 3684 pariter
2373 3631 2498 3670 cum
2547 3616 2638 3670 illo
2671 3617 2757 3671 vel
2797 3627 3082 3672 accusetur
3145 3619 3522 3674 sanctissimus
3561 3617 3716 3674 Iere-

2123 3707 2260 3761 mias
2289 3709 2573 3777 prapheta.
2611 3705 2749 3762 Nam
2776 3709 2918 3764 sicut
2955 3707 3058 3764 Job
3090 3708 3368 3764 maledixit
3394 3711 3534 3765 diem
3575 3713 3715 3766 nati-

2123 3797 2304 3852 vitatis
2332 3813 2462 3862 sum,
2503 3799 2574 3854 ita
2613 3809 2670 3852 et
2708 3797 2982 3853 Jeremias
3025 3800 3300 3854 devotavit
3329 3801 3470 3855 diem
3518 3803 3715 3858 nativi-

2121 3890 2250 3944 tatis
2293 3905 2406 3944 sum
2439 3891 2505 3955 ⁸ο,
2571 3901 2624 3946 et
2666 3892 2850 3945 omnia
2906 3901 3312 3960 consequenter
3347 3893 3600 3948 similiter
3654 3903 3712 3948 ut

2116 3977 2218 4034 Job
2255 3980 2464 4034 locutus
2508 3989 2590 4036 est
2625 3981 2692 4036 de
2730 3982 2816 4035 die
2850 3982 3172 4047 nativitatis,
3209 3991 3376 4053 atque
3403 3985 3470 4039 de
3497 3986 3711 4040 caeteris

2115 4073 2388 4128 omnibus.
2446 4071 2504 4127 Si
2557 4087 2689 4142 ergo
2743 4075 3094 4143 reprehendit
3139 4077 3283 4146 quis,
3319 4077 3400 4131 vel
3452 4085 3707 4140 accusat,

2115 4173 2379 4234 utrosque
2425 4165 2828 4236 reprehendere
2889 4167 2972 4220 vel
3009 4181 3270 4222 accusare
3299 4169 3478 4233 debet,
3526 4179 3579 4223 et
3608 4167 3710 4224 Job

2113 4268 2166 4312 et
2204 4257 2519 4324 Jeremiam,
2539 4269 2594 4314 et
2617 4260 2666 4316 si
2692 4262 2760 4316 de
2803 4260 3137 4329 blasphemia
3169 4271 3412 4325 accusat,
3442 4272 3704 4330 utrosque

2113 4351 2268 4408 debet
2301 4367 2586 4416 accusare,
2612 4364 2666 4406 et
2701 4351 2802 4407 Job
2829 4362 2884 4406 et
2918 4353 3236 4408 Jeremiam.
3275 4353 3513 4424 Uterque
3537 4355 3702 4419 enim,

2109 4453 2163 4495 et
2185 4439 2285 4496 .lob
2323 4451 2378 4496 et
2412 4438 2700 4506 Jeremias,
2741 4441 2942 4496 similia
2987 4442 3265 4510 dixerunt,
3297 4443 3496 4498 similia
3531 4443 3702 4498 locuti

395 4545 580 4582 suum
608 4529 674 4584 ⁸⁸.
715 4531 895 4588 Persae
919 4573 934 4597 ,
975 4535 1197 4606 inquit,
1223 4545 1386 4606 atque
1419 4537 1538 4592 alia:
1565 4553 1689 4608 quae
1735 4555 1858 4596 cum
1903 4541 2010 4599 illis
2043 4546 2086 4601 ι)
2118 4543 2264 4598 sunt,
2301 4536 2553 4590 eumdem
2592 4535 2736 4590 diem
2783 4536 3087 4590 nativitatis
3134 4552 3246 4591 sua:
3285 4537 3698 4602 maledixerunt,

425 4630 552 4674 sunt
583 4633 794 4692 gentes,
833 4639 958 4680 cum
991 4629 1441 4686 manducaverint
1474 4645 1582 4687 non
1609 4633 1923 4702 loquuntur,
1955 4648 2010 4692 et

423 4723 546 4763 cum
570 4710 808 4767 biberint
846 4730 952 4770 non
1001 4719 1444 4774 sermocinamur
1475 4737 1490 4776 :
1519 4735 1620 4790 ego
1665 4736 1794 4778 vero
1825 4739 1856 4778 a
1880 4739 2006 4780 ver-

391 4823 394 4828 -
423 4799 604 4856 mibus
637 4813 910 4860 comestus
939 4813 1100 4876 atque
1129 4821 1502 4880 consumptus,
1532 4821 1588 4866 et
1604 4813 1826 4883 sanguis
1852 4831 2006 4872 meus

425 4901 587 4962 atque
609 4895 842 4950 medulla
875 4913 1001 4952 cum
1025 4901 1094 4954 ab
1133 4900 1324 4955 iisdem
1366 4905 1644 4959 vermibus
1674 4905 1838 4962 fuerit
1863 4907 2006 4962 bibi-

391 5001 396 5006 ·
425 4997 529 5051 tus,
567 4989 710 5044 tacui
743 5001 797 5045 et
820 5005 924 5046 non
949 5008 1068 5047 sum
1101 4994 1332 5051 locutus.
1361 4994 1517 5052 Nunc
1543 5007 1722 5053 autem
1748 5003 2008 5057 saturatis

385 5079 720 5146 -vermibus,
769 5093 934 5151 atque
975 5084 1081 5138 illis
1105 5088 1194 5155 qui
1232 5102 1318 5142 me
1357 5103 1454 5157 per
1493 5105 1706 5145 vermes
1730 5093 1920 5158 edunt,
1953 5095 2006 5150 id

419 5181 503 5226 est
527 5171 888 5241 daemonibus,
918 5191 1062 5232 nunc
1085 5178 1196 5248 jam
1230 5178 1443 5250 loquar,
1469 5197 1614 5237 nunc
1642 5181 1754 5251 jam
1792 5199 2002 5241 sermo-

381 5269 384 5272 '
419 5263 589 5318 cincr.
617 5263 700 5320 0b
729 5281 891 5336 quam
914 5283 1028 5322 rem
1055 5269 1313 5340 loqueris,
1337 5271 1422 5327 vel
1465 5275 1846 5331 sermocinaris
1874 5277 1896 5332 ?
1922 5276 2004 5334 0b

421 5355 543 5419 hoc,
569 5355 770 5425 inquit,
799 5358 922 5426 quia
948 5359 1228 5429 impletum
1247 5372 1332 5415 est.
1353 5371 1564 5434 tempus
1589 5367 2004 5426 taciturnitatis.

419 5445 488 5499 Et
523 5447 724 5514 adhuc,
751 5450 822 5504 ob
857 5465 1018 5520 quam
1061 5467 1173 5507 rem
1218 5455 1531 5524 aggrederis
1578 5457 1747 5527 loqui,
1789 5477 1822 5515 ο
1852 5460 1952 5516 Job
1982 5462 2006 5516 ?

421 5536 504 5593 Ob
535 5539 661 5606 hoc,
707 5540 904 5612 inquit,
948 5557 1016 5596 ne
1041 5559 1164 5598 cum
1199 5543 1403 5614 iugiter
1445 5556 1636 5612 taceo,
1665 5551 2006 5606 arbitrentur

417 5625 696 5685 daemones
741 5633 837 5701 qui
885 5631 1174 5690 adversum
1209 5649 1296 5690 me
1341 5645 1573 5704 certant,
1596 5640 1739 5708 quod
1773 5641 1825 5695 in
1869 5642 2004 5712 ipsis

489 5811 531 5842 ⁵⁷
565 5811 744 5868 Ecclc.
795 5829 878 5882 ιιι,
913 5812 1034 5880 1,7.
1115 5813 1159 5845 ⁵⁸
1185 5811 1284 5870 Job
1347 5829 1428 5884 ιιι,
1469 5819 1516 5872 1.

1643 5819 1694 5892 ⁵⁵⁸,
1713 5819 1811 5878 Job
1847 5837 1981 5890 xm,
2019 5823 2068 5883 7.

2119 4637 2282 4696 atque
2310 4627 2725 4682 dev0taverunt.
2774 4625 2880 4682 Sed
2913 4635 2968 4682 et
2996 4627 3099 4683 Job
3143 4628 3334 4684 beatus
3360 4638 3444 4684 est
3471 4629 3524 4684 in
3565 4644 3700 4684 con-

2115 4727 2301 4787 spectu
2345 4719 2580 4783 Domini,
2617 4730 2672 4774 et
2712 4719 2980 4776 Jeremias
3020 4721 3290 4792 gloriosus
3313 4733 3396 4778 est
3435 4737 3556 4776 cum
3581 4737 3700 4777 san-

2111 4813 2238 4866 ctis.
2263 4811 2352 4866 Vat
2375 4821 2554 4866 autem
2587 4813 2671 4868 bis
2701 4815 2791 4883 qui
2829 4822 3046 4868 sanctus
3067 4813 3583 4882 blasphemaverint,
3601 4817 3698 4884 qui

2107 4905 2318 4966 amicos
2358 4903 2452 4960 Dei
2489 4907 2889 4970 accusaverim,
2919 4907 3156 4960 maxime
3181 4921 3319 4976 quos
3353 4907 3516 4962 etiam
3552 4907 3699 4962 Deus

2105 5008 2228 5064 post
2279 5007 2512 5051 mortem
2562 4999 2824 5054 memoria
2861 4998 3274 5064 honoriﬁcavit,
3310 4999 3450 5054 sicut
3486 4998 3589 5054 101)
3631 5000 3698 5054 de

2105 5103 2215 5159 quo
2267 5091 2396 5144 dicit
2427 5109 2441 5144 :
2477 5088 2537 5145 Si
2579 5100 2756 5144 autem
2791 5091 2990 5144 steterit
3025 5089 3128 5143 Job
3157 5103 3208 5143 et
3259 5088 3374 5144 Noe
3414 5101 3460 5144 et
3505 5091 3698 5146 Daniel

2110 5182 2168 5238 in
2210 5193 2490 5252 conspectu
2535 5200 2648 5238 meo
2680 5183 2724 5215 ⁶¹
2755 5202 2769 5238 :
2802 5193 2894 5238 aut
2933 5185 3076 5239 sicut
3105 5182 3420 5248 Jeremiam,
3449 5199 3608 5254 quem
3643 5185 3698 5239 in

2109 5275 2221 5328 vita
2259 5276 2378 5344 plus
2431 5279 2686 5333 omnibus
2739 5279 3136 5347 magniﬁcans,
3169 5277 3302 5332 dicit
3348 5295 3363 5332 :
3401 5278 3696 5349 Antequam

2106 5366 2392 5437 formarem
2421 5379 2470 5423 te
2497 5369 2552 5422 in
2587 5377 2735 5424 utero
2764 5371 2882 5422 novi
2909 5377 2958 5422 te
2979 5409 2994 5433 ,
3021 5379 3066 5421 et
3109 5379 3388 5438 antequam
3431 5369 3600 5422 exires
3631 5371 3696 5422 de

2103 5459 2255 5514 vulva
2298 5460 2628 5528 sancti/icaui
2669 5469 2738 5527 te,
2779 5470 2827 5512 et
2858 5461 3166 5529 prophetam
3192 5460 3246 5514 in
3275 5461 3511 5530 gentibus
3539 5459 3692 5529 posui

2103 5564 2152 5607 te
2171 5551 2536 5623 “.Postquam
2559 5565 2739 5609 autem
2765 5555 3272 5625 irreprehensibiles
3297 5554 3460 5610 fuisse
3477 5565 3694 5610 sanctos

2103 5643 2462 5708 ostendimus,
2501 5659 2608 5699 non
2631 5659 2750 5710 nos,
2769 5644 2862 5700 sed
2897 5646 3064 5699 etiam
3097 5643 3211 5713 ipse
3233 5645 3398 5714 Deus,
3421 5643 3562 5700 beati
3591 5641 3692 5700 Job

2125 5823 2168 5856 ⁶⁰
2197 5822 2302 5881 Jcr.
2342 5841 2444 5894 xx,
2485 5825 2569 5883 17.
2649 5827 2690 5858 ⁶¹
2721 5827 2918 5884 Ezech.
2966 5841 3088 5892 xlv,
3115 5827 3200 5883 14.
3247 5826 3519 5904 ⁶²Ι1ιτριιλ
3553 5843 3590 5894 ι,
3625 5843 3682 5880 0.
