4174 6388
510 293 616 384 att
1603 334 1988 390 ANONYMUS
2027 334 2093 388 IN
2131 334 2270 391 JOB.
2312 363 2381 374 -—
2418 334 2547 390 LIB.
2589 333 2672 389 In.
3664 339 3768 395 sis

511 464 828 505 sermonum
875 467 1388 521 commemoremur,
1417 461 1504 527 qui
1539 461 1673 513 bene
1701 478 1730 514 a
1783 473 1972 515 sancto
2002 461 2091 513 illo
2121 466 2166 519 Α
2194 474 2298 526 que
2325 459 2378 511 in
2401 457 2657 511 saeculum
2687 469 2942 511 numerus
2973 465 3294 526 supputatus
3312 467 3396 511 est
3417 471 3596 512 coram
3623 458 3764 516 Deo:

512 540 684 591 sancti
717 540 846 594 dicti
875 551 1023 609 sunt,
1059 545 1198 599 male
1227 556 1408 600 autem
1445 550 1511 602 ab
1542 549 1718 617 impiis
1752 551 1801 602 in
1837 552 2083 618 blaSphe-

513 630 674 682 tniam
707 632 846 685 versi
877 642 1046 689 sunt:
1087 637 1332 703 Aperuit,
1376 639 1567 707 inquit,
1603 640 1704 694 Job
1750 659 1807 696 os
1847 653 2085 703 suum,et

509 720 854 775 maledicebat
889 725 1025 777 diem
1057 728 1344 783 nativitatis
1366 747 1474 783 sua:
1504 732 1567 784 ".
1600 730 1835 785 Primum
1870 734 1971 788 hoc
1994 735 2085 788 ad-

508 820 804 876 vertamus,
836 827 868 867 o
895 815 992 868 viri
1023 816 1200 882 periti,
1237 821 1378 886 quod
1411 821 1630 885 dicitur,
1661 820 1762 875 Job
1787 839 1939 877 suum
1966 840 2084 877 ma-

507 898 775 954 !edicebat
804 918 907 956 non
933 905 1069 956 diem
1096 905 1209 969 Dei,
1240 924 1345 962 non
1373 911 1696 965 conditionis
1726 927 1898 982 neque
1930 930 2084 968 crea-

508 1000 640 1045 tura:
686 993 798 1057 Dei,
843 996 936 1048 sed
965 996 1106 1050 dietn
1147 1014 1324 1053 suum.
1357 1001 1524 1067 Quem
1567 1003 1708 1057 diem
1740 1020 1894 1058 suum
1925 1007 1947 1058 ?
1981 1007 2080 1073 Qui

505 1098 613 1136 non
670 1085 801 1150 fuit,
834 1102 994 1155 quem
1038 1105 1143 1141 non
1204 1091 1424 1157 habuit,
1470 1110 1628 1162 quem
1670 1113 1775 1150 non
1824 1100 2079 1167 possedit.

489 1172 674 1237 'Quem
699 1189 830 1243 ergo
859 1193 963 1230 non
994 1179 1203 1245 habuit,
1231 1196 1406 1252 neque
1442 1187 1702 1253 possedit,
1725 1203 1899 1256 neque
1929 1190 2079 1256 vidit,

501 1279 677 1332 neque
701 1267 754 1320 in
780 1267 896 1334 ejus
927 1281 1196 1338 potestate
1229 1272 1349 1336 fuit,
1383 1276 1524 1329 hunc
1549 1292 1670 1331 cum
1712 1280 2080 1349 malediceret,

501 1357 635 1410 nihil
677 1359 974 1415 maledixit.
1008 1361 1278 1418 Malediin
1327 1368 1465 1435 quod
1499 1384 1602 1423 non
1634 1370 1766 1437 fuit,
1800 1374 1943 1442 quod
1976 1391 2080 1429 non

501 1447 723 1514 habuit,
756 1455 898 1520 quod
954 1468 1058 1507 non
1093 1457 1256 1511 vidit.
1301 1456 1432 1512 Item
1484 1461 1656 1517 adhuc
1711 1464 2081 1535 maledicebat,

499 1541 706 1611 inquit,
743 1559 898 1598 suum
945 1547 1109 1602 diem.
1158 1549 1283 1603 Sive
1330 1550 1472 1604 diem
1519 1568 1674 1607 suum
1723 1556 2081 1629 maledixeril,

498 1632 612 1686 sive
669 1634 926 1701 alienum,
962 1639 1096 1692 nihil
1145 1641 1455 1708 maledixit,
1494 1644 1596 1700 hoc
1629 1648 1773 1716 quod
1825 1665 1930 1704 non
1984 1651 2085 1708 fuit

499 1724 800 1780 maledixit.
838 1728 961 1785 Dies
1004 1732 1148 1786 enim
1182 1749 1288 1787 non
1333 1746 1414 1790 est
1449 1736 1500 1790 in
1528 1747 1744 1802 natura,
1773 1758 1876 1796 non
1907 1754 1989 1798 est
2028 1761 2079 1799 Ill

2191 550 2262 604 ita
2296 561 2350 603 et
2394 549 2634 603 omnium
2668 549 2878 602 dierum
2909 562 2940 600 a
2973 548 3169 602 stmulo
3209 557 3264 602 et
3305 563 3476 616 usque
3505 550 3556 603 in
3591 565 3765 606 sacu-

2189 639 2295 693 Inm
2325 656 2578 695 numerus
2608 649 2663 693 et
2691 647 2969 708 computus
3002 641 3052 694 in
3086 650 3378 710 conspectu
3413 643 3768 708 praescientias

2191 729 2280 785 Dei
2333 741 2415 786 est
2441 739 2781 799 supputatus,
2810 739 2864 785 et
2897 744 3093 784 omnes
3130 731 3325 783 animm
3363 732 3640 785 hominum
3672 749 3768 802 per

2187 823 2428 892 singulas
2457 832 2648 888 gentes
2689 831 2743 875 et
2770 821 3007 890 linguas,
3035 835 3129 890 per
3164 821 3545 888 generationes
3577 838 3641 875 ac
3670 838 3766 891 per

2185 928 2372 968 omnes
2423 913 2593 965 tribus
2654 919 2840 974 terrae,
2880 924 3216 979 unaquaeque
3255 909 3435 963 anima
3479 911 3544 963 de
3602 911 3766 966 totius

2185 1006 2308 1059 vita:
2345 1020 2458 1059 suae
2503 1013 2663 1058 aetate
2713 1003 2985 1057 redditura
3017 1010 3102 1056 est
3145 1002 3196 1054 in
3222 1002 3427 1070 judicio
3476 1004 3762 1056 rationem.

2187 1095 2292 1151 Sed
2320 1106 2374 1150 et
2410 1097 2536 1163 quid
2569 1110 2667 1163 per
2702 1109 3136 1163 unamquamque
3177 1094 3352 1156 diem,
3386 1093 3469 1148 vel
3506 1094 3760 1162 gesserit,

2185 1191 2267 1243 vel
2302 1190 2477 1243 locuta
2520 1189 2712 1249 fuerit,
2750 1187 2832 1240 vel
2870 1187 3210 1256 cogitaverit,
3245 1186 3426 1240 omnia
3456 1199 3762 1254 proponen-

2187 1291 2276 1335 tur
2326 1282 2375 1335 in
2419 1279 2844 1346 judicio,omnia
2879 1277 3212 1332 deducentur
3243 1277 3296 1330 in
3334 1276 3758 1345 inquisitionem,

2186 1389 2289 1426 non
2323 1371 2729 1441 resurgentibus
2748 1371 2940 1424 diebus
2973 1369 3064 1439 qui
3099 1385 3274 1438 neque
3303 1378 3551 1424 naturam
3588 1383 3761 1438 neque

2183 1463 2540 1518 substantiam
2588 1462 2821 1526 habent,
2851 1460 2947 1515 sed
2995 1459 3153 1514 factis
3197 1459 3440 1514 omnium
3481 1459 3758 1513 hominum

2183 1553 2568 1609 demonstratis
2601 1553 2655 1607 in
2694 1563 2888 1606 natura
2942 1551 3250 1605 animarum
3302 1560 3358 1606 et
3387 1565 3673 1618 corporum
3707 1551 3759 1603 in

2183 1645 2584 1715 corruptionem
2625 1643 3053 1713 resurgentium.
3101 1642 3362 1710 Exigetur
3404 1656 3533 1711 ergo
3573 1641 3628 1696 in
3674 1641 3762 1696 die

2185 1736 2604 1792 resurrectionis
2641 1745 2696 1790 et
2719 1735 2907 1805 judicii
2933 1735 3001 1788 ab
3032 1734 3178 1788 onmi
3219 1734 3399 1787 anima
3451 1733 3760 1788 Christiana

496 1817 819 1884 substantia,
854 1835 1027 1890 neque
1056 1823 1106 1876 in
1141 1825 1356 1894 propria
1391 1837 1674 1895 potestate.
1697 1829 1811 1885 Lux
1841 1833 2074 1901 videtur,
2107 1823 2148 1876 Β
2177 1827 2416 1881 omnium
2452 1827 2660 1881 dierum
2691 1827 2813 1879 VH3
2841 1823 2959 1892 eius
2984 1824 3163 1878 οιηιιίδ
3199 1825 3432 1880 εετνίιυε
3454 1841 3616 1895 quam
3655 1827 3762 1881 Ι)θο

495 1909 801 1965 substantia
839 1922 1016 1967 autem
1061 1931 1165 1969 non
1204 1917 1438 1984 videtur,
1470 1932 1663 1975 natura
1698 1939 1826 1980 vero
1857 1943 1962 1982 non
1995 1937 2074 1984 te-

494 2014 676 2070 netur,
727 2019 902 2076 neque
956 2009 1414 2078 apprehenditur,
1443 2015 1567 2082 quia
1603 2018 1722 2074 dies
1772 2036 1878 2076 non
1914 2023 2075 2078 habet

492 2103 742 2150 naturam
777 2112 950 2166 neque
974 2101 1358 2158 substantiam.
1378 2103 1585 2162 Nomen
1613 2109 1793 2176 habet,
1825 2122 2070 2170 naturam

492 2199 622 2240 vero
649 2202 755 2241 non
787 2188 972 2246 habet.
1015 2191 1168 2248 Sicut
1209 2194 1340 2250 hora
1378 2213 1570 2253 nomen
1607 2201 1788 2268 habet,
1826 2206 2073 2261 substan-

491 2277 621 2330 tiam
653 2290 829 2334 autem
870 2297 974 2336 non
1003 2283 1185 2351 habet,
1213 2288 1292 2342 sic
1320 2298 1374 2343 et
1413 2291 1529 2345 dies
1552 2309 1745 2348 nomen
1781 2296 2073 2363 habet,sed

491 2369 850 2426 substantiam
885 2375 966 2430 vel
1024 2389 1272 2434 naturam
1305 2398 1410 2436 non
1451 2385 1634 2440 habet.
1668 2389 1806 2454 Quid
1837 2405 1966 2461 ergo
1991 2403 2076 2448 est

488 2461 658 2517 dies?
697 2464 856 2522 Lucis
897 2477 1140 2540 tempus,
1170 2471 1307 2528 lucis
1345 2477 1602 2534 transitus
1645 2490 1701 2535 et
1733 2483 1862 2538 solis
1894 2495 2069 2552 ortus,

490 2556 557 2608 ab
593 2555 799 2613 oriente
843 2575 1012 2629 usque
1053 2563 1120 2616 ad
1164 2579 1416 2620 occasum
1449 2569 1732 2626 decursus.
1769 2571 1908 2630 Solis
1941 2591 2070 2647 ergo

487 2644 601 2712 lux,
628 2648 742 2704 dies
774 2651 1104 2720 appellatur:
1129 2655 1260 2710 solis
1288 2662 1574 2727 transitus,
1605 2663 1722 2717 dies
1747 2644 2063 2722 aestimatur.

486 2737 620 2796 Nam
655 2753 710 2798 et
743 2759 870 2800 vere
894 2747 965 2801 ita
988 2758 1089 2802 est.
1108 2748 1249 2805 Solis
1270 2753 1413 2805 enim
1438 2754 1699 2808 decursus
1725 2756 1825 2809 diei
1860 2767 2069 2825 tempus

482 2835 793 2905 dimetitur,
828 2839 932 2894 diei
963 2843 1250 2896 terminum
1291 2847 1458 2915 ponit,
1480 2847 1594 2900 sive
1620 2846 1686 2899 ad
1718 2847 2066 2907 hreviandum

483 2927 650 2992 diem,
681 2929 796 2982 sive
827 2931 893 2984 ad
946 2933 1398 3005 prolongandum.
1446 2938 1600 3005 Quod
1649 2952 1828 2998 autem
1861 2944 1933 2998 ita
1961 2956 2065 3010 est,

481 3017 646 3070 etiam
673 3018 950 3089 Scriptura
980 3022 1312 3080 demonstrat
1334 3029 1517 3084 dicens
1554 3049 1567 3084 :
1599 3031 1782 3088 Omnis
1816 3034 1909 3088 tua:
1963 3037 2068 3090 diei

482 3123 549 3161 ea:
591 3108 719 3162 sole.
769 3112 844 3164 Ac
877 3113 922 3165 si
963 3114 1172 3170 diceret
1211 3138 1222 3172 :
1259 3117 1429 3174 Omne
1465 3129 1674 3190 tempus
1703 3138 1734 3176 a
1771 3126 1902 3182 sole.
1936 3127 2063 3180 Nam

2177 1922 2298 1966 erat
2332 1912 2664 1978 exhibitura,
2689 1924 2746 1967 et
2768 1927 2930 1966 omne
2954 1926 3091 1981 Opus
3137 1913 3464 1977 sanctitatis,
3492 1915 3636 1984 quod
3665 1929 3762 1984 per

2177 2005 2415 2075 singulos
2453 2006 2570 2060 dies
2595 2016 2713 2058 erat
2749 2001 3052 2074 perfectura
3080 2005 3196 2060 sive
3228 2006 3286 2060 in
3321 2007 3622 2075 gratiarum
3663 2022 3759 2064 ac-

2178 2097 2412 2153 tionibus
2441 2108 2496 2152 et
2541 2096 3007 2162 confessionibus,
3054 2098 3171 2152 sive
3221 2099 3276 2152 in
3323 2100 3662 2156 orationibus
3696 2117 3760 2157 ac

2175 2175 2644 2264 deprecationibus
2677 2194 2957 2248 matutinis
2979 2204 3033 2248 et
3063 2194 3406 2263 vespertinis,
3430 2195 3544 2249 sive
3569 2196 3622 2249 in
3639 2210 3758 2249 om-

2176 2288 2335 2340 nibus
2372 2287 2528 2341 bonis
2558 2287 2818 2356 Operihus
2846 2300 2968 2352 quae
3001 2286 3052 2340 in
3091 2285 3309 2340 nomine
3342 2285 3557 2340 Domini
3587 2287 3757 2340 nostri

2173 2380 2298 2436 Jesu
2327 2381 2528 2435 Christi
2551 2380 2930 2450 perﬁciuntur.
2964 2379 3077 2434 Hoc
3115 2378 3328 2434 scilicet
3366 2381 3616 2448 ignorant
3646 2381 3759 2450 ple-

2175 2471 2331 2540 rique
2362 2470 2732 2539 insipientium
2765 2479 2930 2538 atque
2976 2468 3425 2537 irreligiosorum,
3451 2471 3543 2538 qui
3573 2472 3758 2525 admo-

2174 2574 2368 2616 nentur
2423 2562 2682 2617 festinare
2707 2562 2773 2616 ad
2802 2561 3058 2632 templum
3107 2561 3220 2626 Dei,
3256 2564 3347 2631 qui
3396 2573 3658 2616 vocantur
3681 2565 3747 2618 ad

2174 2654 2470 2709 Ecclesium
2499 2652 2591 2707 Dei
2630 2652 2957 2716 accelerare,
2981 2663 3036 2707 et
3066 2653 3360 2708 terribilem
3393 2651 3489 2708 Dei
3528 2655 3753 2724 gloriam

2172 2745 2426 2808 adorare,
2451 2756 2506 2798 et
2535 2753 2630 2800 aut
2669 2759 2768 2812 pro
2798 2743 3043 2814 neglectu
3091 2745 3327 2812 habent,
3356 2754 3450 2799 aut
3474 2746 3527 2799 iu
3573 2750 3756 2801 vacui-

2173 2846 2338 2891 tatem
2370 2837 2597 2900 ducunt,
2622 2845 2716 2890 aut
2771 2836 2907 2891 alias
2939 2838 3323 2891 excusationes
3361 2839 3648 2892 inveniunt
3673 2841 3756 2892 di-

2169 2938 2358 2985 centes
2406 2943 2421 2979 :
2459 2927 2720 2983 Hesterna
2757 2925 3102 2990 manducavi,
3135 2929 3370 2982 crastina
3397 2929 3750 2995 manducem;

2169 3022 2262 3076 sed
2285 3021 2526 3090 quotidie
2559 3027 2613 3075 et
2640 3021 2785 3074 omni
2831 3027 3076 3088 tempore
3122 3017 3500 3075 indifferenter
3533 3022 3755 3076 student

2171 3111 2430 3178 reperire,
2455 3120 2510 3166 et
2528 3110 2789 3166 exhibere
2837 3109 3055 3180 corpori
3084 3119 3279 3164 cuncta
3311 3125 3432 3179 quae
3455 3122 3750 3166 consuetu-

481 3200 622 3254 sicut
647 3203 866 3270 quilibet
893 3205 1088 3262 alicubi
1119 3211 1170 3264 in
1205 3213 1439 3266 tenebris
1471 3229 1592 3266 cum
1630 3215 1847 3270 lucerna
1883 3229 2062 3273 trans-
2093 3193 2135 3251 δ
2170 3203 2311 3257 ulnis
2361 3214 2489 3258 ευηῑ
2521 3219 2536 3257 ε
2587 3205 2695 3258 Deo
2725 3213 2930 3268 amem:
2976 3202 3061 3257 Vel
3110 3203 3305 3258 δηίῐιιθε
3353 3218 3466 3257 sua?
3511 3212 3751 3272 lempora

482 3290 626 3356 ierit,
673 3309 953 3366 usquequo
986 3299 1199 3353 lucerna
1235 3301 1408 3365 adest,
1448 3303 1538 3356 illo
1563 3320 1731 3372 usque
1754 3317 1806 3359 et
1848 3306 1933 3361 lux
1961 3321 2064 3374 εει,

480 3394 656 3449 neque
719 3387 1074 3440 substantiam
1135 3389 1340 3444 habens
1394 3407 1570 3460 neque
1632 3405 1916 3460 naturam,
1974 3400 2067 3453 sed

479 3471 820 3538 splendorem
858 3486 1064 3530 tantum
1088 3495 1101 3530 :
1128 3480 1172 3532 si
1201 3496 1330 3548 ergo
1356 3483 1480 3549 quis
1514 3487 1860 3541 maledixerit
1889 3489 2068 3558 splen-

479 3562 664 3617 dorem
699 3564 950 3631 luceruaz,
986 3569 1116 3623 nihil
1148 3571 1446 3636 maledicit,
1489 3577 1591 3630 nisi
1635 3581 1920 3632 transitum
1949 3581 2064 3634 ina-

478 3669 624 3718 nem,
666 3665 826 3724 atque
885 3659 1176 3715 decursum
1214 3681 1320 3718 non
1370 3679 1719 3722 manentem:
1763 3670 1833 3724 ita
1861 3683 1913 3726 et
1942 3671 2063 3739 Job,

477 3758 599 3797 cum
631 3745 850 3801 luminis
886 3760 1052 3817 atque
1095 3753 1400 3820 splendoris
1451 3759 1739 3812 transitum
1786 3763 2068 3820 maledice-

481 3845 583 3900 ret,
611 3834 714 3891 boc
742 3839 882 3904 quod
913 3855 1021 3894 non
1061 3851 1178 3896 erat
1209 3845 1500 3899 maledixit.
1525 3846 1659 3901 Nam
1687 3850 1800 3907 dies
1825 3867 1946 3907 cum
1977 3871 2066 3911 so-

476 3923 544 3980 lis
597 3929 827 3984 deeursu
879 3935 1149 3989 transiens
1206 3939 1477 4006 transivit,
1505 3949 1560 3994 et
1601 3941 1736 3996 ultra
1776 3943 1918 3999 idem
1951 3947 2064 4018 ipse

476 4031 584 4070 non
616 4030 937 4076 revertetur.
962 4022 1094 4078 Cum
1125 4026 1418 4082 identidem
1438 4040 1592 4086 ortus
1611 4031 1778 4088 fuerit
1799 4037 1898 4099 sol.
1925 4039 2062 4094 alius

473 4109 679 4164 orietur
710 4112 822 4167 dies
849 4153 863 4178 ,
891 4114 1130 4184 ejusdem
1165 4121 1396 4177 nominis
1431 4135 1490 4178 ut
1520 4125 1643 4192 ille,
1675 4130 1769 4184 sed
1808 4147 1914 4186 non
1949 4134 2062 4202 ipse

473 4199 564 4268 qui
615 4200 722 4256 ille.
758 4203 848 4259 llle
897 4221 1029 4276 ergo
1074 4211 1187 4264 dies
1221 4214 1495 4269 transiens
1538 4221 1811 4287 transivit,
1853 4237 1908 4278 et
1945 4199 2061 4279 ain-

472 4289 613 4358 plius
637 4309 739 4347 non
762 4297 960 4361 veniet,
989 4302 1116 4369 quia
1137 4302 1276 4357 ultra
1305 4323 1408 4360 non
1427 4317 1528 4363 est.
1557 4307 1693 4365 Nam
1726 4314 1866 4368 sicut
1899 4317 2060 4373 homo

471 4382 561 4449 qui
603 4397 843 4441 mortuus
875 4387 1054 4456 fuerit,
1098 4395 1374 4464 transivit,
1408 4409 1461 4453 et
1509 4402 1649 4457 ultra
1695 4421 1801 4459 non
1843 4409 2054 4476 veniet,

471 4487 648 4542 neque
680 4479 907 4546 amplius
940 4485 1246 4552 revertitur,
1284 4490 1423 4545 alius
1478 4495 1720 4549 nascitur
1765 4507 1820 4552 et
1861 4505 2050 4555 eodem

2172 3304 2418 3349 statuunt
2458 3309 2523 3349 ae
2560 3295 2860 3349 metiuntur
2895 3305 2948 3348 et
2984 3296 3100 3352 dies
3153 3305 3468 3366 supputant,
3503 3295 3751 3365 ignoran-

2174 3397 2256 3441 tes
2285 3389 2409 3455 quia
2453 3387 2686 3441 irrident
2739 3389 3064 3458 semetipsos
3091 3398 3146 3443 et
3173 3389 3387 3442 animas
3424 3402 3572 3442 suas.
3615 3387 3750 3441 Nam

2169 3480 2309 3533 sicut
2351 3479 2599 3548 superius
2630 3479 2900 3546 diximus,
2929 3480 3169 3534 omnium
3217 3480 3426 3534 dierum
3478 3480 3602 3534 vitae
3641 3495 3752 3533 sua:

2172 3574 2438 3626 rationem
2470 3573 2730 3627 reddituri
2761 3584 2886 3627 sunt
2919 3589 3017 3643 pro
3039 3575 3294 3643 Operibus
3325 3575 3632 3629 sanctitatis
3655 3590 3752 3643 per

2168 3661 2412 3730 singulos
2467 3663 2581 3717 dies
2623 3664 2809 3718 a’tatis
2857 3680 2988 3728 suae,
3023 3665 3106 3719 vel
3161 3665 3247 3718 hic
3297 3679 3459 3733 super
3508 3675 3748 3731 terram,

2168 3756 2251 3809 vel
2297 3756 2351 3810 in
2395 3755 2620 3824 judicio.
2656 3755 2857 3826 Pagani
2885 3759 3067 3821 enim,
3096 3767 3261 3828 atque
3287 3772 3478 3813 omnes
3508 3758 3749 3814 inﬁdeles

2168 3846 2220 3901 in
2241 3846 2446 3913 judicio
2469 3863 2572 3902 non
2603 3850 2844 3915 venient,
2863 3848 2956 3903 sed
2979 3849 3090 3918 jam
3125 3864 3190 3902 ex
3217 3848 3318 3904 hoc
3345 3849 3581 3903 damnati
3599 3860 3745 3916 sunt,

2166 3947 2218 3992 et
2249 3947 2471 4008 propter
2518 3938 2894 3993 inﬁdelitatem
2928 3938 3327 3994 inexcusabiles
3361 3939 3415 3992 in
3445 3953 3634 4008 pennas
3667 3939 3749 3993 in-

2168 4029 2406 4085 ferorum
2448 4030 2791 4100 expellentur
2824 4047 2837 4083 :
2881 4029 2916 4083 ii
2967 4044 3100 4084 vero
3146 4032 3242 4098 qui
3282 4028 3336 4083 in
3375 4029 3482 4085 ﬁde
3513 4044 3634 4085 esse
3669 4031 3746 4084 vi-

2163 4123 2380 4188 dentur,
2412 4132 2466 4178 et
2512 4139 2681 4194 pravo
2713 4123 2929 4176 nomine
2977 4131 3296 4184 censentur,
3335 4122 3446 4187 isti,
3497 4122 3743 4192 inquam,

2162 4227 2352 4268 omnes
2385 4213 2437 4268 in
2470 4212 2700 4269 terribili
2743 4212 2831 4266 illa
2869 4213 3059 4283 judicii
3112 4213 3464 4282 inquisitione
3499 4215 3742 4269 omnium

2161 4307 2372 4361 dierum
2407 4306 2528 4360 vita:
2564 4320 2674 4359 suae
2709 4303 3133 4374 uniuscujusque
3163 4305 3268 4359 diei
3304 4305 3532 4360 reddent
3579 4307 3745 4361 ratio-

2162 4414 2305 4461 nem,
2334 4397 2610 4466 quomodo
2654 4397 3005 4466 impleverint
3053 4395 3144 4449 Dei
3192 4397 3542 4458 servitutem,
3577 4406 3744 4464 atque

2161 4505 2294 4560 Opus
2335 4489 2634 4546 sanctitatis
2652 4505 2746 4559 per
2771 4503 3208 4558 unumquemque
3251 4488 3414 4543 diem.
3443 4487 3565 4543 Haec
3598 4489 3744 4544 vide-

470 4567 691 4620 nomine
741 4572 1065 4644 appellatur,
1099 4587 1152 4631 et
1204 4584 1594 4650 cognominalis
1632 4587 1706 4641 illi
1744 4590 2044 4656 vocitatur,

2175 4586 2282 4638 icet
2331 4583 2584 4636 universa
2616 4582 2748 4636 foris
2778 4597 2878 4636 nos
2909 4582 3132 4636 devians
3176 4581 3263 4635 hic
3299 4596 3480 4635 sermo
3513 4597 3610 4650 per
3655 4597 3743 4636 oc-

470 4657 566 4749 sed
603 4673 708 4711 non
747 4660 884 4714 idem
925 4663 1038 4733 ipse
1084 4677 1187 4732 est,
1221 4673 1314 4725 sed
1351 4673 1490 4728 alius
1523 4693 1536 4728 :
1576 4676 1649 4730 ita
1677 4690 1731 4731 et
1760 4680 1876 4735 dies
1905 4679 2049 4749 ejus-

467 4745 590 4800 dem
641 4751 875 4805 nominis
914 4755 1112 4821 veniet,
1164 4758 1300 4814 idem
1354 4763 1468 4833 ipse
1529 4783 1656 4822 vero
1695 4785 1799 4823 non
1849 4745 2048 4828 veniet.

467 4833 602 4891 Nam
657 4838 795 4894 sicut
843 4844 1065 4912 Spiritus
1095 4849 1286 4905 exiens
1314 4851 1496 4909 denuo
1537 4872 1641 4912 non
1680 4863 1970 4917 revertitur
1996 4877 2051 4920 et

468 4942 574 4981 non
601 4942 886 4988 revocatur
909 4938 1089 4992 anima
1114 4941 1352 5010 sublata,
1375 4946 1626 5004 similiter
1652 4951 1768 5006 dies
1787 4958 2050 5012 transiens

469 5018 644 5074 denuo
675 5039 778 5077 non
829 5030 1139 5097 revertitur,
1173 5049 1348 5105 neque
1395 5039 1532 5094 ultra
1577 5042 1627 5095 in
1664 5049 1914 5113 praesenti
1948 5049 2049 5105 hoc

468 5112 667 5168 smculo
702 5131 1008 5176 revocatur.
1041 5121 1174 5179 Nam
1230 5130 1372 5184 sicut
1411 5135 1558 5187 omni
1594 5136 1801 5191 homini
1833 5142 2052 5195 ordina-

470 5217 580 5305 tum
636 5216 720 5308 est
778 5220 1022 5282 tempus,
1072 5228 1230 5288 atque
1287 5222 1588 5282 dimensum
1643 5229 1764 5284 vitae
1814 5234 2046 5302 spatium

469 5307 888 5392 uniuscujusque
939 5321 954 5357 :
1000 5307 1247 5364 similiter
1301 5315 1528 5386 singulis
1586 5317 1778 5374 diebus
1835 5330 2046 5392 tempus

466 5389 774 5446 ordinatum
826 5407 928 5464 est,
973 5409 1137 5470 atque
1163 5404 1440 5463 dimensus
1471 5409 1599 5464 solis
1632 5413 1914 5481 transitus,
1939 5389 2046 5485 quo

470 5488 783 5536 transeunte
815 5501 916 5540 non
947 5500 1030 5542 est
1055 5493 1170 5547 dies
1198 5495 1286 5548 ille
1315 5497 1451 5550 ultra
1488 5500 1578 5568 qui
1615 5508 1920 5556 transactus
1943 5513 2044 5556 est.

469 5569 536 5626 Et
563 5573 740 5631 adhuc
771 5580 912 5635 sicut
939 5586 1187 5640 omnibus
1220 5589 1529 5646 hominibus
1569 5610 1597 5646 τι
1639 5594 1836 5650 saeculo
1871 5606 1924 5651 et
1958 5611 2047 5651 us-

631 5750 731 5808 Jolt
768 5772 829 5812 tu
855 5798 870 5824 ,
908 5758 952 5817 Ι.
1032 5761 1074 5792 ⁸³
1105 5762 1231 5816 ibid.
1311 5765 1354 5795 "
1385 5764 1484 5821 Job
1519 5783 1556 5831 ι,
1581 5767 1669 5819 21.

2161 4675 2438 4728 casionem
2473 4673 2758 4727 memorati
2800 4672 2904 4726 diei
2961 4674 3142 4726 dicere
3192 4670 3472 4725 admonuit
3502 4673 3640 4725 bene
3679 4688 3743 4726 ac

2159 4763 2466 4817 necessarie
2491 4803 2505 4825 ,
2541 4774 2728 4832 ntp0te
2763 4777 2860 4832 pro
2911 4763 3175 4817 bonorum
3226 4762 3744 4816 commemoratione

2159 4853 2242 4907 his
2271 4854 2363 4923 qui
2388 4853 2520 4908 salvi
2552 4852 2666 4907 ﬁeri
2700 4853 3036 4907 desiderant.
3073 4851 3179 4906 Sed
3207 4866 3421 4904 rursum
3450 4851 3518 4904 ad
3547 4866 3716 4920 propo

2160 4945 2323 4996 situm
2379 4953 2735 4999 revertamur.
2783 4942 3154 5006 Maledicebat,
3205 4941 3397 5009 inquit,
3447 4940 3548 4994 Job
3602 4941 3740 4994 diem

2157 5054 2310 5092 suum
2337 5038 2403 5101 “;
2460 5052 2563 5092 non
2607 5035 2963 5090 maledicehat
2995 5032 3206 5096 Deum,
3243 5048 3349 5087 non
3388 5032 3742 5102 reprehende-

2155 5132 2268 5198 bat,
2303 5146 2414 5185 non
2456 5129 2903 5198 blasphemabat,
2933 5141 3038 5180 non
3082 5124 3394 5188 accusabat,
3429 5139 3536 5178 non
3589 5139 3739 5178 mur-

2156 5206 2406 5277 murabat
2431 5222 2498 5276 de
2527 5223 2635 5275 Deo
2660 5259 2674 5283 ,
2721 5235 2826 5273 non
2879 5217 3123 5286 ingratus
3163 5216 3460 5271 exsistebat
3501 5214 3740 5280 Deo,sed

2105 5353 2120 5366 .
2151 5312 2293 5365 diem
2355 5310 2710 5364 maledicebat
2757 5307 2849 5377 qui
2898 5322 3002 5361 non
3044 5316 3179 5361 erat.
3226 5303 3360 5359 Nam
3395 5304 3507 5358 Deo
3533 5305 3738 5374 gratias

2155 5409 2368 5476 agebat,
2419 5404 2798 5465 conﬁtebatur,
2853 5399 3171 5462 invocabat,
3202 5397 3578 5452 benedicebat.
3629 5396 3735 5459 Sit,

2157 5497 2349 5567 inquit,
2387 5511 2574 5549 nomen
2627 5494 2836 5548 Domini
2886 5494 3211 5547 benedictum
3237 5490 3292 5544 in
3336 5489 3533 5543 sucula
3565 5489 3627 5541 ".
3645 5490 3737 5543 Sic

2157 5593 2339 5662 itaque
2391 5588 2757 5644 benedicendo
2780 5628 2794 5654 ,
2825 5602 2887 5641 ac
2920 5585 3125 5656 gratias
3173 5586 3384 5653 agendo
3433 5581 3561 5646 Deo,
3592 5582 3733 5635 diem
