4174 6390
385 379 492 436 Si?)

1483 367 1872 426 ANONYMUS
1910 365 1976 422 ΙΝ
2013 365 2155 421 JOB.
2194 393 2260 402 —
2301 361 2430 416 LlB.
2475 361 2564 415 ιιι.

3559 366 3661 421 5H

385 490 479 559 qni
519 499 620 544 nec
667 484 965 545 visionem,
1004 496 1104 536 nec
1156 489 1401 534 naturam
1427 520 1442 544 ,
1477 494 1576 534 ncc
1612 482 1968 534 substantiam
2000 483 2042 538 Α
2076 478 2160 542 tis,
2200 494 2372 545 neque
2396 479 2510 533 dies
2550 479 2710 543 filiis,
2743 493 2918 549 neque
2958 478 3078 533 dies
3116 478 3298 534 exitus
3326 478 3395 534 de
3432 482 3534 535 hoc
3563 497 3660 536 sa:-

387 580 571 644 habet,
605 577 990 640 maledicebat,
1027 573 1110 628 vel
1157 573 1338 642 potius
1389 588 1510 627 cum
1550 573 1640 640 qui
1678 587 1782 626 non
1820 582 1958 638 erat,

388 673 529 727 sicut
568 669 716 739 prius
739 677 1016 723 ostensum
1047 673 1147 728 est,
1179 673 1235 721 ct
1262 665 1362 718 hoc
1394 675 1452 718 ut
1487 673 1690 718 tantum
1725 663 1974 732 loquere-

391 774 498 818 tur.
539 762 648 818 Sed
684 759 932 814 fortassis
959 756 1093 812 dicit
1129 755 1347 824 aliquis,
1380 770 1479 810 cur
1513 755 1734 808 omnino
1764 755 1865 809 hoc
1891 755 1974 808 di-

391 856 487 918 cit,
525 854 610 909 vel
633 868 731 908 cur
759 853 860 906 hoc
887 850 1099 905 locutus
1128 859 1210 903 est
1243 848 1452 913 ?Audi,
1483 864 1516 900 ο
1541 847 1723 902 homo.
1749 845 1831 902 Ob
1873 848 1975 901 hoc

392 947 602 1001 locutus
642 945 758 999 huic
805 942 969 1006 dicit,
1005 941 1128 1010 quia
1157 940 1448 995 validiores
1483 938 1699 994 dolores
1725 953 1846 992 eum
1881 952 1975 1007 ap-

395 1037 796 1111 prehendcrunt
823 1035 996 1102 magis
1027 1048 1186 1103 quam
1222 1046 1365 1087 nunc
1392 1043 1446 1084 ιιι
1471 1081 1476 1087 .
1497 1031 1748 1086 arbitrari
1782 1031 1974 1100 possis,

397 1129 521 1202 quia
552 1125 1009 1181 lamentabiliores
1030 1123 1330 1178 sustinebat
1358 1122 1602 1176 miserias
1623 1119 1790 1190 magis
1815 1134 1976 1189 quam

399 1230 455 1274 tu
487 1218 722 1289 cogitare
745 1215 942 1270 valeas.
980 1213 1116 1269 Nam
1156 1229 1276 1283 quae
1304 1213 1393 1267 iile
1427 1213 1730 1268 sustinebat
1756 1211 1801 1266 si
1838 1226 1980 1267 nunc

393 1313 626 1374 videres,
647 1325 746 1364 nec
777 1310 844 1363 ad
879 1307 1164 1362 videndum
1197 1307 1420 1360 omnino
1445 1304 1738 1360 sufﬁceres.
1764 1305 1829 1358 Et
1849 1320 1983 1374 quo-

393 1404 555 1459 modo
582 1403 691 1474 pati
719 1401 804 1455 vel
836 1400 1107 1456 sustinere
1143 1413 1330 1468 posses
1367 1398 1433 1453 ad
1472 1398 1760 1451 videndum
1806 1396 1983 1453 homi-

394 1510 516 1550 nem
542 1493 830 1564 perforatis
857 1491 1071 1546 ossibus
1097 1500 1152 1543 et
1176 1488 1601 1558 liquescentibns
1637 1485 1892 1541 carnibus
1921 1499 1986 1541 ac

395 1585 576 1641 nervis
610 1582 945 1651 consumptis
975 1581 997 1635 ?
1026 1581 1150 1636 Haec
1179 1580 1432 1634 universa
1464 1577 1767 1632 sustinebat
1786 1574 1987 1645 gratias

396 1694 564 1750 agens
609 1679 744 1742 Deo,
782 1677 1034 1731 universa
1090 1676 1204 1730 htec
1261 1672 1616 1743 supportabat
1659 1669 1987 1724 benedicens

397 1770 586 1826 Deum.
613 1768 960 1840 Loquebatnr
1007 1782 1137 1822 vero
1171 1780 1267 1821 ore
1312 1780 1374 1820 ea
1416 1778 1536 1832 qua:
1574 1777 1674 1816 nec
1710 1763 1818 1816 Deo
1841 1799 1858 1825 ,
1890 1773 1989 1813 nec

2073 573 2210 627 culo.
2244 570 2339 626 Est
2382 587 2614 641 namque
2657 573 3048 627 consummatio
3077 582 3132 627 et
3174 573 3388 641 requies
3429 584 3482 627 et
3518 575 3662 629 dolo-

2076 681 2192 718 rum
2221 668 2460 718 omnium
2499 666 2761 718 transitus
2789 679 2855 720 ac
2878 666 3166 735 depositio.
3201 665 3325 720 Dies
3363 666 3665 720 nativitatis

2074 756 2315 811 omnium
2339 757 2743 811 tribulationum
2768 765 2824 811 et
2845 757 3240 827 angustiarum,
3261 756 3506 811 dolorum
3531 772 3665 826 quo-

2077 865 2181 920 que
2202 861 2257 905 et
2279 849 2647 914 miseriarum,
2667 849 2912 904 omnium
2942 849 3295 904 nihilominus
3318 858 3664 919 peccatorum

2079 953 2244 1014 atque
2285 945 2622 1016 impietatum
2676 943 2889 998 initium
2918 952 3003 998 est
3052 954 3215 1012 atque
3248 942 3504 996 introitus
3526 981 3542 1006 ,
3573 953 3670 1011 per

2079 1051 2240 1105 quem
2269 1046 2497 1105 pereunt
2523 1035 2703 1104 impiae
2730 1047 2894 1104 atque
2948 1035 3265 1106 irreligiosae
3293 1035 3508 1100 animae,
3540 1048 3669 1104 ergo

2080 1128 2318 1183 omnium
2359 1128 2548 1182 horum
2579 1143 2700 1196 quin
2743 1138 3041 1182 memorata
3091 1135 3217 1182 sunt
3261 1127 3476 1181 initium
3507 1136 3670 1196 atque

2084 1222 2339 1276 introitus
2387 1219 2759 1288 corruptibilis
2806 1219 3104 1274 nativitatis
3163 1219 3278 1273 dies
3318 1228 3419 1274 est.
3479 1218 3671 1273 Merito

2085 1313 2405 1371 maledictus
2433 1314 2548 1368 dies
2583 1313 2634 1366 iu
2677 1328 2786 1382 quo
2822 1322 2980 1367 natus
3015 1327 3132 1366 sum
3159 1351 3174 1376 ,
3207 1312 3332 1381 quia
3377 1310 3568 1366 melior
3589 1321 3673 1365 est

2085 1413 2203 1468 dies
2252 1412 2445 1466 mortis
2477 1426 2638 1480 quam
2677 1411 2996 1475 nativitatis,
3041 1410 3185 1464 sicut
3230 1410 3360 1464 dicit
3397 1407 3672 1464 Ecclesia-

2087 1511 2200 1558 stes
2229 1500 2295 1566 ",
2319 1509 2374 1554 et
2398 1509 2684 1570 propterea
2725 1501 3048 1555 maledictus
3099 1500 3216 1554 dies
3262 1501 3313 1554 in
3353 1514 3463 1568 quo
3516 1509 3674 1554 natus

2088 1609 2229 1648 sum.
2259 1594 2438 1660 Quare
2464 1593 2487 1646 ?
2509 1593 2637 1661 quia
2680 1607 2776 1663 per
2805 1593 2976 1658 hunc,
3013 1591 3218 1660 inquit,
3251 1593 3316 1646 ad
3351 1607 3541 1649 omnes
3575 1593 3676 1648 hos

2091 1685 2354 1740 nefandos
2394 1685 2615 1753 perveni
2657 1683 2890 1750 dolores.
2934 1684 3060 1753 quia
3098 1699 3194 1754 per
3223 1685 3364 1739 hunc
3393 1685 3460 1738 ad
3491 1685 3675 1739 omnia

2092 1778 2206 1834 haec
2232 1777 2570 1832 amarissima
2602 1777 2826 1847 perveni
2853 1775 3136 1845 supplicia,
3162 1774 3288 1846 quia
3322 1790 3416 1844 per
3438 1775 3583 1830 hunc
3607 1775 3675 1830 ad

398 1860 607 1933 angens
634 1859 750 1927 ⁸1⁸³⁵
772 1857 993 1923 δίδηοίίθν
1027 1871 1127 1911 “3°
1165 1855 1325 1916 οωιθν
1359 1868 1534 1922 neq“
1565 1861 1725 1905 “im”
1750 1847 1984 1904 homin.“
2021 1841 2062 1896 Β
2093 1881 2364 1925 terrenum
2393 1870 2497 1925 hoc
2531 1869 2756 1923 veniens
2782 1841 3039 1922 swculum
3070 1841 3387 1936 nequissimi
3418 1869 3679 1923 adversa-

400 1955 522 2017 hus,
552 1967 726 2021 neque
755 1959 967 2020 pelago,
998 1962 1171 2016 neque
1195 1946 1330 2010 aeri,
1356 1958 1530 2014 neque
1561 1942 1684 1996 ullis
1714 1955 1834 2010 quae
1857 1945 1987 1994 sunt

399 2045 453 2098 in
510 2054 741 2108 natura,
790 2039 854 2092 ad
899 2039 1134 2108 aliquam
1184 2034 1568 2090 contumeliam
1619 2030 1984 2099 profecerunt.

400 2135 744 2205 Loquebatur
768 2131 1018 2185 nimirum
1042 2128 1196 2199 quasi
1234 2127 1507 2183 miseriam
1531 2125 1816 2186 ventilatis,
1834 2119 1988 2190 quasi

400 2237 583 2277 aerem
633 2219 963 2281 verberans,
1005 2219 1157 2288 quasi
1215 2217 1456 2270 dolorem
1509 2214 1800 2278 deferens,
1833 2211 1986 2281 quasi

399 2314 715 2369 cxtmdiatus
760 2320 814 2364 et
858 2309 1156 2365 molestiam
1208 2322 1402 2377 passus
1456 2315 1618 2374 atque
1657 2304 1851 2358 anxius
1891 2319 1989 2371 pro

403 2403 902 2459 vehementioribus
946 2400 1290 2470 passionibus
1317 2409 1374 2453 et
1416 2394 1732 2450 fortioribus
1781 2393 1986 2448 dolori-

400 2495 522 2549 bus.
551 2493 788 2548 Locutus
813 2500 898 2546 est
929 2500 1181 2560 tanquam
1206 2489 1436 2558 quilibet
1474 2487 1527 2540 in
1559 2486 1742 2539 dolore
1783 2485 1991 2554 positus

401 2599 651 2654 quaerens
698 2582 1016 2638 remedium.
1049 2581 1332 2651 Tanquam
1369 2581 1492 2648 quis
1527 2577 1580 2632 in
1635 2576 1822 2631 dolore
1857 2578 1990 2630 den-

403 2678 558 2739 tium,
589 2684 684 2729 aut
714 2673 1012 2739 oculorum,
1048 2681 1142 2726 aut
1172 2673 1385 2728 aurium
1414 2671 1732 2741 frequenter
1755 2671 1992 2740 parietes

403 2767 675 2837 unguibus
711 2773 923 2828 exarat,
966 2764 1283 2834 frequenter
1309 2763 1475 2817 etiam
1515 2761 1862 2830 semetipsum
1893 2777 1991 2813 un-

403 2861 540 2928 gulis
569 2855 843 2910 exulcerat
871 2868 982 2924 prie
1014 2853 1294 2908 nimietate
1315 2851 1519 2907 doloris
1541 2865 1702 2922 quem
1731 2851 1988 2916 sustinet,

404 2948 638 3003 corrasis
675 2947 891 3002 ossibus
916 2951 970 2998 et
991 2944 1263 3014 palpebris
1293 2952 1458 3014 atque
1501 2941 1724 2996 auribus
1773 2957 1788 2994 :
1823 2941 1904 2995 sic
1937 2950 1993 2995 et

403 3040 594 3096 beatus
619 3037 720 3092 Job
747 3052 870 3092 cum
897 3033 1308 3104 perforarentur
1335 3047 1457 3088 ossa
1491 3032 1630 3102 ejus,
1653 3041 1708 3086 et
1747 3030 1996 3102 liqueﬁe-

404 3141 530 3189 rent
560 3146 754 3188 carnes
781 3131 931 3202 ejus,
959 3131 1173 3185 locutus
1215 3135 1300 3182 est
1346 3127 1678 3181 maledicens
1720 3124 1862 3179 diem
1898 3125 1989 3194 qui

406 3315 714 3373 Iudaeorum
749 3313 1012 3384 injustitia
1038 3321 1202 3382 atque
1226 3310 1508 3381 impietate
1547 3323 1716 3378 usque
1750 3307 1818 3362 ad
1849 3320 1994 3360 mor-

410 3419 520 3462 tem
566 3406 985 3478 suggillaretur,
1022 3403 1276 3460 similiter
1315 3400 1597 3456 maledixit
1631 3408 1793 3470 atque
1833 3399 1997 3453 devo-

411 3498 548 3553 tavit
578 3497 724 3552 diem
772 3495 1069 3552 nativitatis
1098 3508 1209 3549 suae
1239 3492 1304 3545 °°.
1328 3490 1396 3547 Et
1450 3490 1630 3546 adhuc
1668 3491 1754 3544 his
1793 3488 1998 3558 majora

409 3593 548 3649 dixit
591 3589 878 3646 Jeremias.
901 3587 1051 3642 Dixit
1101 3587 1249 3642 enim
1292 3586 1358 3640 de
1407 3583 1628 3638 nomine
1674 3581 1834 3652 ejus:
1875 3579 2000 3634 Non

414 3687 697 3742 nominabo
730 3698 914 3738 nomen
941 3683 1054 3751 ejus
1087 3679 1334 3750 amplius,
1371 3689 1420 3733 et
1461 3695 1562 3732 non
1586 3676 1774 3746 loquar
1793 3674 1887 3727 ulli
1908 3674 2002 3726 lio-

415 3780 615 3832 minum
644 3777 699 3830 in
728 3775 935 3829 nomine
961 3771 1074 3843 ejus
1099 3772 1163 3828 “7.
1185 3769 1267 3826 Ob
1299 3785 1462 3840 quam
1493 3783 1636 3834 rem,
1661 3767 1817 3820 beate
1843 3763 1999 3819 Jere—

418 3871 572 3928 mia?
603 3869 832 3938 Propter
885 3862 1304 3920 inobedientiam
1340 3874 1526 3916 eorum
1549 3897 1564 3922 ,
1610 3867 1774 3927 atque
1807 3866 1999 3910 contu-

421 3963 650 4019 maciam
683 3959 924 4023 illorum,
966 3955 1092 4026 quia
1127 3955 1301 4007 factus
1323 3962 1402 4007 est
1432 3950 1537 4004 illis
1571 3963 1751 4004 sermo
1782 3945 1996 4000 Domini

425 4057 480 4110 in
509 4054 857 4115 derisionem,
896 4049 1087 4104 nolunt
1126 4047 1298 4112 illum,
1333 4052 1388 4099 et
1420 4057 1520 4112 ego
1551 4048 1658 4095 tota
1690 4039 1778 4094 die
1819 4037 2001 4108 peregi

347 4190 352 4192 -
415 4147 778 4204 subsannatus
808 4143 876 4196 ab
907 4141 1034 4196 illis.
1059 4136 1268 4193 Idcirco
1314 4134 1460 4190 enim
1497 4131 1664 4185 animi
1701 4128 1887 4183 dolore
1913 4140 2002 4180 re-

415 4241 612 4312 pletus,
634 4248 690 4293 et
726 4236 868 4291 diem
901 4231 1203 4287 nativitatis
1238 4227 1551 4289 maledixit,
1582 4233 1631 4277 et
1675 4231 1869 4276 caetera
1897 4219 2002 4272 alia

417 4333 631 4386 locutus
669 4337 772 4383 est.
811 4325 901 4381 Sic
938 4337 1177 4392 namque
1213 4330 1268 4374 et
1313 4316 1414 4372 Job
1454 4316 1603 4384 prior
1643 4314 1733 4368 illo
1762 4325 2004 4382 pracven-

423 4434 508 4479 tus
549 4421 833 4478 nimietate
885 4418 1134 4472 dolorum
1190 4413 1471 4468 maledixit
1519 4409 1661 4462 diem
1701 4403 2006 4459 nativitatis

421 4531 553 4580 eum,
577 4525 632 4568 et
653 4510 1130 4582 respouditdicens
1160 4523 1173 4560 :
1206 4504 1524 4558 Maledicta:
1548 4502 1658 4554 dies
1686 4497 1776 4551 ille
1805 4497 1859 4548 in
1901 4509 2004 4555 quo
2035 4536 2080 4591 Β

422 4616 581 4662 natus
607 4621 724 4659 sum
753 4604 820 4658 ⁸⁸.
856 4601 1031 4671 Super
1053 4598 1233 4654 omnia
1265 4612 1386 4667 quae
1422 4593 1671 4663 superius
1708 4595 2004 4642 memorata

418 4705 569 4761 sunt,
601 4705 656 4751 et
681 4693 844 4749 etiam
895 4692 1002 4746 hoc
1050 4689 1383 4758 praecipuum
1425 4685 1551 4752 quia
1603 4677 1881 4734 maledixit
1905 4673 2006 4729 Job

420 4787 562 4842 diem
613 4783 957 4841 nativitatis:
991 4781 1118 4850 quia
1164 4778 1269 4834 nisi
1315 4777 1387 4831 ita
1428 4786 1616 4826 amare
1657 4767 1878 4823 defieret
1906 4763 2006 4818 Job

418 4893 614 4949 poenas
662 4879 811 4947 ipsas
848 4885 1012 4943 atque
1052 4870 1300 4932 dolores,
1338 4883 1443 4922 non
1491 4865 1674 4931 utique
1707 4860 2006 4914 :cstimaret

423 4975 585 5028 homo
638 4984 814 5039 neque
869 4969 1118 5023 crederet
1167 4964 1310 5035 quod
1353 4963 1426 5015 ita
1482 4972 1672 5026 aspera
1723 4964 1779 5009 et
1820 4965 2005 5006 amara

421 5064 656 5118 fuissent
687 5064 736 5116 ei
766 5064 879 5130 ipsa
912 5059 1176 5129 supplicia
1204 5067 1366 5124 atque
1389 5061 1676 5106 tormenta.
1698 5046 1851 5098 Nunc
1880 5058 2007 5096 vero

419 5157 607 5212 volens
639 5155 892 5209 omnibus
915 5151 1204 5206 ostendere
1239 5150 1431 5201 beatus
1465 5141 1564 5196 Job
1611 5138 2004 5192 immanitatem

421 5246 883 5302 amarissitnarum
942 5254 1224 5311 poenarum
1285 5246 1448 5304 atque
1494 5231 1738 5285 dolorum
1786 5241 1904 5296 quae
1957 5225 2006 5280 ei

421 5338 668 5392 diabolus
700 5335 944 5404 ingessit,
966 5331 1146 5393 deﬂet,
1173 5324 1544 5395 conqueritur,
1567 5322 1640 5372 ita
1674 5327 1727 5372 et
1754 5315 2012 5369 amariter

423 5439 477 5484 et
509 5426 892 5482 miserabiliter
922 5431 1086 5490 atque
1124 5414 1578 5474 lamentabiliter,
1612 5419 1669 5461 ut
1701 5406 2011 5460 nativitatis

425 5536 536 5576 sum
568 5517 918 5572 malediceret
951 5513 1094 5567 diem
1119 5549 1134 5572 ,
1171 5509 1356 5562 dicens
1397 5522 1412 5560 :
1448 5499 1766 5557 Malediclus
1813 5497 1923 5549 dies
1959 5495 2011 5548 in

423 5629 526 5684 quo
550 5625 703 5664 nam:
751 5623 888 5663 sum.
925 5605 1042 5659 Non
1078 5598 1456 5661 maledicatur,
1488 5596 1684 5662 inquit,
1715 5590 1833 5644 dies
1867 5600 2014 5642 mor-

499 5810 545 5842 “
583 5808 780 5866 Jcrem.
822 5822 912 5874 xx,
951 5802 1038 5859 l7.
1117 5798 1160 5831 ⁸⁷
1191 5796 1320 5852 ibid.
1355 5793 1410 5852 9.
1487 5787 1633 5845 “Job
1669 5801 1746 5854 ut,
1775 5786 1832 5840 3.

1909 5782 1954 5815 "
1985 5778 2163 5836 Eccle.
2196 5791 2272 5844 vt,
2296 5773 2348 5829 3.

2091 1963 2156 2018 rii
2188 1964 2428 2018 sustineo
2454 1961 2658 2026 zelum,
2685 1976 2751 2016 ac
2776 1959 3154 2029 malignissimi
3191 1959 3389 2015 diaboli
3420 1970 3679 2030 supporto

2089 2055 2652 2126 supplicium.Prohis
2672 2067 2803 2125 ergo
2837 2053 3092 2107 omnibus
3127 2052 3450 2108 maledictus
3484 2054 3601 2109 dles
3625 2054 3678 2107 in

2090 2164 2196 2217 quo
2219 2159 2374 2202 natus
2397 2163 2539 2202 sum.
2571 2145 2848 2216 Plerique,
2877 2143 3075 2214 inquit,
3097 2144 3382 2198 hominum
3411 2144 3510 2200 sub
3540 2146 3682 2200 cmlo

2091 2239 2360 2294 carnalem
2385 2239 2528 2295 hanc
2544 2239 2712 2293 solam
2738 2238 3067 2293 delectantes
3088 2237 3277 2302 vitam,
3299 2253 3361 2291 ac
3375 2237 3488 2292 sola
3509 2248 3681 2292 terre-

2092 2347 2157 2385 na
2178 2347 2298 2401 quae
2329 2341 2455 2386 sunt
2480 2332 2531 2386 in
2557 2330 2906 2400 corruptione
2931 2329 3305 2400 respicientes,
3323 2328 3464 2384 diem
3483 2328 3681 2381 nativi-

2090 2423 2217 2476 tatis
2237 2438 2346 2477 sua:
2373 2422 2759 2477 delectabiliter
2779 2421 3055 2476 celebrare
3092 2419 3330 2485 student,
3371 2419 3596 2474 honeSie
3629 2419 3680 2474 ir.

2092 2517 2177 2571 die
2199 2516 2496 2570 nativitatis
2521 2531 2630 2570 suae
2655 2514 3018 2582 jucundantes
3047 2513 3346 2584 splendide.
3378 2511 3511 2565 Nam
3545 2513 3684 2567 hanc

2091 2609 2407 2663 existimant
2452 2608 2753 2677 portionem
2789 2622 2966 2670 suam,
2997 2616 3162 2675 atque
3197 2603 3597 2666 haereditatem,
3628 2611 3685 2656 et

2092 2716 2189 2772 per
2231 2701 2347 2756 haec
2379 2709 2602 2769 sperant
2627 2714 2686 2753 se
2709 2699 2914 2754 diutius
2949 2698 3138 2752 vivere
3163 2697 3215 2750 in
3244 2708 3490 2764 corpore,
3521 2704 3687 2760 atque

2093 2794 2426 2863 augmentari
2463 2791 2565 2847 sibi
2607 2805 2782 2845 annos
2809 2799 2866 2845 et
2887 2789 3032 2844 diem
3065 2787 3367 2842 nativitatis
3396 2801 3528 2841 suae.
3571 2784 3686 2841 Hoc

2091 2887 2346 2942 videlicet
2375 2884 2581 2939 faciunt
2638 2899 2742 2941 non
2771 2884 2843 2940 oh
2897 2883 3001 2938 hoc
3027 2881 3170 2952 quod
3201 2889 3401 2936 aeterna
3436 2888 3682 2949 sperent,

2094 2981 2178 3035 vel
2201 2994 2318 3035 eam
2341 2994 2459 3048 qua:
2481 2994 2588 3034 non
2605 2976 2824 3033 videtur
2846 2975 3308 3045 incorruptionem
3332 2982 3685 3042 exspectent:

2095 3072 2183 3142 qui
2212 3079 2474 3127 aeternam
2523 3070 2691 3124 vitam
2732 3069 2874 3139 apud
2928 3067 3096 3124 Deum
3131 3067 3184 3121 in
3223 3065 3378 3121 ccelis
3417 3077 3540 3120 esse
3581 3078 3688 3118 non

406 3156 530 3189 rem
560 3156 754 3188 cantes
781 3156 931 3202 ejus,
959 3156 1173 3185 lUCUtua
1215 3156 1300 3182 cat
1347 3156 1678 3181 Illalcuwcuo
1720 3156 1862 3179 unum
1898 3156 1989 3194 ιιυι
2186 3163 2220 3217 d
2535 3163 2548 3176 .
3584 3156 3595 3207 Ι

405 3239 514 3279 non
539 3231 678 3278 erat.
716 3221 809 3277 Sic
831 3234 1064 3291 namque
1094 3229 1144 3274 et
1171 3216 1435 3273 Jeremias
1457 3225 1678 3273 sanctus
1700 3223 1987 3285 postquam
2019 3188 2060 3246 (ἶ
2095 3180 2184 3267 ατε
2225 3174 2359 3240 qm’
2414 3174 2609 3220 [nemo
2660 3170 2932 3217 terrenam
2984 3161 3129 3215 hanc
3196 3171 3360 3262 alque
3411 3171 3575 3260 “in?
3600 3169 3688 3260 ei“

2097 3267 2260 3291 vol-nn
2293 3256 2460 3291 nnlom
2504 3255 2838 3291 Anlnnlonlnc
2865 3253 3138 3291 nnlnlu-unl
3194 3252 3338 3291 illam
3384 3255 3688 3291 nnlIVIlzilln

2097 3255 2260 3311 vitam
2292 3256 2462 3312 solam
2504 3255 2839 3310 delectantes
2865 3253 3142 3308 celebrant
3194 3250 3338 3304 diem
3384 3248 3688 3304 nativitatis

2100 3365 2240 3416 suae;
2294 3349 2436 3404 diem
2488 3363 2619 3403 vero
2660 3348 2852 3402 mortis
2905 3359 3006 3400 nec
3053 3343 3322 3398 nominari
3388 3343 3688 3413 patiuntur.

2102 3440 2234 3513 Ego,
2267 3441 2462 3510 inquit.
2495 3439 2677 3506 oviri,
2740 3446 2950 3492 tantum
3002 3436 3129 3491 odio
3187 3434 3360 3489 habeo
3410 3431 3687 3488 carnalem

2102 3535 2244 3589 hanc
2270 3535 2458 3594 vitam,
2498 3539 2558 3585 ut
2590 3545 2688 3601 pro
2721 3529 2998 3584 celebrare
3027 3528 3166 3582 diem
3217 3525 3536 3588 nativitatis,
3572 3539 3688 3578 ma-

2102 3629 2332 3684 ledicam
2387 3633 2552 3693 atque
2597 3622 2838 3678 abdicem
2889 3619 3039 3673 illum
3086 3618 3276 3673 dicens
3312 3634 3327 3670 :
3369 3615 3689 3672 Maledictus

2102 3721 2214 3774 dies
2243 3719 2299 3772 in
2329 3733 2431 3788 quo
2466 3726 2621 3768 natus
2650 3729 2765 3768 sum
2793 3712 2839 3744 ’θ
2909 3712 2950 3766 0
2978 3725 3141 3780 quam
3170 3711 3470 3778 profundus
3488 3721 3569 3764 est
3602 3709 3691 3763 hic

2102 3826 2282 3868 sermo
2309 3809 2611 3864 valentibus
2637 3805 2945 3875 inquirere!
2997 3801 3132 3856 Nam
3163 3803 3393 3873 primam
3445 3800 3692 3870 disputa-

2104 3905 2302 3959 tionem
2332 3901 2596 3957 facientes
2626 3900 2787 3952 etiam
2811 3911 2957 3951 nunc
2985 3894 3143 3963 hujus
3173 3908 3363 3949 sensus
3392 3908 3489 3962 per
3518 3908 3690 3962 pauca

2104 3995 2413 4052 necessarie
2475 3990 2804 4047 mentionem
2886 3987 3166 4044 faciemus.
3225 3986 3560 4052 Maledictns,
3607 3984 3688 4037 in.

2103 4090 2239 4160 quit,
2270 4089 2386 4143 dies
2415 4085 2737 4148 nativitatis,
2804 4081 2930 4152 quia
2980 4088 3326 4151 peccatorum
3359 4093 3421 4131 ac
3459 4075 3688 4130 delicto-

2103 4199 2222 4238 rum
2245 4193 2331 4236 est
2367 4179 2714 4252 principium.
2742 4174 3128 4231 Verumtamen
3157 4172 3299 4226 beati
3330 4170 3363 4224 ii
3395 4169 3485 4239 qui
3525 4169 3578 4221 in
3605 4167 3692 4221 die

2107 4273 2426 4337 nativitatis,
2460 4271 2563 4326 hoc
2595 4277 2699 4334 est,
2727 4269 2780 4322 in
2833 4265 3100 4337 principio
3143 4263 3268 4317 vitae
3305 4276 3416 4317 suae
3463 4259 3692 4314 benedi-

2105 4379 2326 4434 cuntur,
2358 4366 2459 4421 hoe
2503 4372 2589 4418 est
2633 4376 2697 4416 ea
2752 4374 2873 4430 qua:
2922 4358 3084 4428 digna
3137 4366 3266 4411 sunt
3315 4353 3692 4409 benedictione

2109 4459 2414 4532 perﬁciunt.
2456 4456 2603 4512 Beati
2639 4467 2856 4525 quoque
2883 4461 2940 4504 et
2977 4451 3009 4503 ii
3048 4448 3141 4520 qui
3180 4447 3232 4500 in
3270 4453 3512 4514 tempore
3548 4444 3691 4497 nati-

2112 4556 2296 4610 vitatis
2325 4567 2456 4617 suae,
2508 4550 2610 4603 hoc
2638 4556 2721 4602 est
2752 4545 2805 4600 in
2836 4541 3104 4613 principio
3134 4537 3313 4592 aetatis
3341 4546 3502 4608 atque
3536 4536 3691 4606 igno-

2113 4648 2286 4703 rantia
2315 4641 2618 4716 iuventutis
2649 4653 2780 4702 stllB,
2842 4637 2967 4690 licet
2998 4633 3390 4688 maledicantur
3428 4644 3526 4699 pro
3561 4643 3694 4699 pec-

2114 4739 2250 4792 catis
2301 4747 2462 4805 atque
2516 4731 2818 4804 ignorantia
2878 4727 3197 4798 iuventutis,
3225 4725 3280 4778 in
3327 4723 3470 4776 diem
3502 4720 3693 4776 mortis

2111 4843 2275 4899 atque
2307 4831 2358 4883 in
2395 4829 2555 4882 linem
2601 4825 2775 4879 aetatis
2807 4838 2916 4878 suae
2945 4833 3133 4874 rursus
3185 4815 3598 4877 benedicentur,
3640 4820 3696 4865 et

2113 4923 2542 4979 benedictionem
2595 4917 3051 4989 promerebnntur
3085 4925 3182 4979 per
3207 4910 3480 4963 sinceram
3521 4905 3694 4973 paeni-

2113 5020 2376 5076 tudinem,
2403 5024 2566 5082 atque
2595 5012 2788 5080 dignos
2827 5005 3159 5077 poenitentia:
3201 5000 3431 5055 fructus.
3470 4998 3560 5052 Va:
3593 5011 3691 5050 an-

2117 5122 2222 5167 tem
2278 5108 2406 5171 illis,
2455 5114 2508 5158 et
2551 5101 2838 5156 animabus
2864 5113 3077 5160 eorum,
3108 5095 3199 5162 qui
3236 5102 3290 5147 ct
3338 5095 3393 5145 in
3429 5089 3695 5161 principio

2117 5222 2236 5270 suo,
2264 5214 2320 5258 et
2348 5203 2630 5271 juventute
2664 5210 2759 5250 sua
2794 5191 3186 5246 maledicentur
3212 5185 3606 5252 delinquentes,
3641 5191 3696 5235 et

2118 5301 2170 5354 in
2196 5297 2300 5350 line
2339 5308 2448 5348 suae
2476 5290 2654 5346 inlatis
2681 5301 2790 5340 non
2837 5281 3189 5336 absolventur
3219 5278 3568 5345 pmnitentes,
3595 5289 3696 5325 ne-

2117 5405 2224 5462 que
2263 5387 2650 5443 benedicentur
2679 5394 2774 5450 per
2804 5375 2993 5444 dignos
3033 5373 3238 5426 fructus
3268 5367 3597 5437 pmnitcntias
3626 5364 3694 5417 ad

2119 5461 2286 5539 Deum
2361 5461 2732 5538 confugientes
2795 5487 2812 5528 :
2867 5482 3094 5539 quorum
3154 5461 3464 5517 maledictio
3535 5468 3696 5525 atque

2122 5573 2397 5632 damnatio
2435 5579 2633 5624 aeterna
2663 5547 2804 5634 apud
2854 5561 3057 5616 inferos
3095 5561 3400 5627 permanet,
3430 5550 3571 5607 sicut
3596 5559 3695 5604 eo-

2463 5769 2510 5806 "
2542 5765 2641 5824 Job
2672 5780 2753 5833 tu,
2778 5763 2832 5817 5.
