4174 6446
467 405 582 461 515

1570 401 1948 458 ANONYMUS
1981 402 2044 456 IN
2085 401 2226 458 JOB.
2267 437 2333 446 —
2372 403 2498 460 LIB.
2543 405 2628 460 ll].

3613 407 3716 462 5l6

468 527 735 612 rum.qui
775 522 1159 592 paenitudinem
1215 521 1505 577 sinceriter
1531 521 1800 590 gesserint
1839 531 2039 574 aeterna
2071 526 2117 581 Α
2145 531 2198 574 et
2223 521 2400 574 anima
2437 521 2578 576 idem
2610 531 2734 576 sunt
2780 521 3072 576 indiscrete
3124 529 3286 590 atque
3326 519 3631 588 indivisive,
3662 529 3718 579 et

468 611 685 685 reqtiies
717 617 767 668 in
813 616 1211 669 resurrectione
1270 616 1416 668 erit!
1483 614 1599 667 Alia
1652 611 2048 682 quamplurima

463 723 591 761 cum
631 708 900 776 possimus
931 708 1112 760 dicere
1149 707 1216 760 de
1266 707 1366 760 huc
1406 720 1678 769 sermone,
1733 705 1844 758 haec
1909 703 2049 757 desi-

467 809 659 853 nentes
685 811 804 866 qua!
830 807 1131 864 sequuntur
1171 810 1678 849 commemoremus.
1726 793 1937 859 Pereat,
1970 794 2048 846 in-

465 891 603 958 quit,
635 891 742 941 dies
767 890 820 940 in
843 904 946 956 quo
981 899 1134 939 natus
1164 902 1278 937 sum
1316 887 1383 937 τι.
1453 885 1576 938 Haec
1629 887 1882 938 nimirum
1919 886 2048 938 dicit

466 983 657 1035 beatus
689 981 809 1041 Job,
836 991 892 1032 ut
916 980 1227 1033 ostenderet
1254 978 1506 1030 omnibus
1531 977 1719 1046 quales
1745 975 2046 1030 sustinebat

464 1073 699 1136 dolores,
723 1071 804 1124 vel
830 1071 1009 1139 qualia
1043 1070 1395 1139 supportabat
1426 1068 1712 1137 supplicia.
1733 1067 1825 1122 Sic
1855 1068 2044 1122 beatus

465 1180 529 1217 ac
568 1163 943 1217 sanctissimus
980 1160 1242 1215 Jeremias
1301 1161 1352 1213 in
1419 1161 1799 1228 suggillatione
1852 1160 2044 1213 anima.I

461 1255 770 1319 devolutus,
803 1255 998 1307 similia
1033 1265 1089 1306 ut
1133 1253 1237 1307 Job
1281 1253 1496 1306 locutus
1528 1263 1629 1312 est.
1684 1252 1836 1318 juxta
1861 1253 2041 1306 omnia

462 1363 586 1417 qum
621 1347 870 1414 superius
907 1346 1172 1400 veraciter
1219 1353 1516 1397 memorata
1574 1354 1700 1397 sunt
1744 1344 1809 1396 ⁷⁸.
1867 1342 2042 1412 Super

462 1454 585 1507 qua:
620 1438 869 1491 universa
921 1437 1024 1491 hoc
1066 1438 1230 1490 etiam
1265 1437 1527 1490 debemus
1580 1436 1884 1499 advertere,
1913 1437 2037 1504 quia

463 1546 571 1584 non
605 1530 888 1582 defuerunt
915 1531 1119 1582 sanctis
1149 1529 1364 1581 dolores
1392 1541 1456 1579 ac
1500 1526 1893 1593 tribulationes,
1926 1541 2039 1581 mo-

465 1620 634 1674 Iesum
662 1635 874 1689 quoque
905 1630 1066 1688 atque
1111 1621 1414 1689 passiones,
1473 1633 1579 1671 non
1616 1627 1822 1671 tantum
1859 1634 1954 1688 pro
1978 1634 2036 1674 se

459 1722 722 1780 quantum
756 1727 850 1780 pro
893 1713 1048 1765 nobis
1085 1727 1098 1762 :
1141 1720 1198 1763 ut
1223 1712 1530 1763 noverimus
1551 1724 1648 1762 nos
1675 1720 1836 1777 atque
1865 1709 2034 1763 infor-

463 1818 692 1864 tuemur,
720 1804 840 1872 quia
866 1819 961 1870 per
1007 1802 1385 1856 tribulationes
1415 1815 1477 1855 ac
1519 1800 1754 1863 labores,
1789 1816 1885 1869 per
1913 1816 2032 1870 pas-

2152 629 2295 668 nnnc
2339 614 2390 666 in
2436 614 2614 677 terris,
2640 623 2695 668 et
2727 613 2778 667 in
2812 612 3218 667 resurrectione
3251 613 3304 666 in
3337 612 3511 677 ccelis,
3543 613 3716 683 quod-

2150 718 2361 770 Cunque
2386 704 2728 759 seminaverit
2783 719 2979 771 corpus
3017 719 3182 774 super
3212 714 3437 768 terram,
3482 705 3584 759 hoc
3608 721 3719 760 me—

2151 803 2224 848 tet
2263 795 2440 849 anima
2479 796 2530 848 in
2585 796 3018 860 resurrectione,
3063 796 3422 866 quodcunque
3464 807 3720 864 operatur

2148 899 2341 955 corpus
2386 886 2436 939 in
2476 887 2822 955 corruptione
2864 905 2877 940 :
2913 888 3015 941 hoc
3081 887 3226 941 enim
3263 887 3407 956 quod
3461 889 3715 954 seminat,

2148 976 2249 1029 hoc
2275 985 2329 1030 et
2352 986 2536 1032 metet.
2575 977 2731 1031 Sicut
2753 993 2882 1046 ergo
2909 978 3025 1032 hac
3059 979 3197 1033 idem
3241 988 3384 1041 sunt,
3417 978 3491 1031 ita
3528 990 3582 1034 et
3607 981 3720 1034 dies

2145 1078 2202 1121 et
2236 1084 2337 1121 nox
2371 1069 2511 1122 idem
2552 1078 2698 1122 sunt.
2741 1069 2896 1135 Quod
2930 1069 2980 1121 in
3022 1069 3108 1122 die
3144 1068 3224 1132 fit,
3263 1068 3364 1123 hoc
3388 1069 3529 1123 nocti
3566 1085 3720 1139 repu-

2145 1168 2308 1224 tatur,
2340 1170 2394 1216 et
2427 1160 2570 1229 quod
2597 1161 2648 1213 in
2686 1169 2844 1213 nocte
2876 1158 2955 1224 fit,
2981 1158 3085 1212 hoc
3129 1159 3234 1212 diei
3270 1160 3603 1228 designatur.
3629 1160 3720 1216 Sic

2144 1267 2378 1320 namque
2408 1251 2586 1307 omnia
2617 1265 2953 1319 quaecunque
2995 1250 3186 1304 fecerit
3212 1266 3429 1319 corpus,
3475 1252 3588 1306 sive
3618 1254 3717 1307 bo-

2147 1360 2295 1409 num,
2333 1347 2445 1398 sive
2475 1344 2695 1410 malum,
2723 1343 2915 1396 animae
2944 1352 3282 1408 reputautur,
3307 1352 3360 1397 et
3387 1345 3566 1398 omnia
3595 1360 3718 1398 cor-

2140 1437 2256 1504 pori
2303 1436 2354 1489 in
2403 1434 2606 1502 judicio
2665 1445 2827 1504 atque
2883 1435 3232 1503 inquisitione
3303 1446 3712 1492 succensentur.

2141 1524 2276 1579 Nam
2325 1527 2604 1594 utriusque
2669 1527 2884 1596 utrique
2942 1526 3260 1595 imputatur,
3330 1527 3609 1595 utriusque
3661 1527 3712 1582 in

2148 1626 2376 1685 utroque
2457 1616 2751 1685 requiritur
2833 1627 2994 1685 atque
3065 1617 3388 1670 vindicatur.
3479 1616 3715 1686 Utraque

2137 1709 2280 1763 enim
2315 1717 2368 1762 et
2399 1723 2590 1778 corpus
2614 1719 2669 1762 et
2697 1709 2874 1762 anima
2919 1723 3041 1762 cum
3073 1708 3231 1762 simul
3265 1709 3394 1774 sint,
3450 1721 3507 1762 et
3554 1709 3715 1763 simul

2137 1809 2546 1863 coxiversentur,
2583 1800 2741 1854 simul
2773 1801 3148 1870 adjudicantur
3178 1814 3372 1869 pmnze,
3408 1811 3502 1854 aut
3553 1791 3716 1854 simul

463 1896 643 1949 siones
672 1905 726 1949 et
758 1896 1021 1958 miserias,
1062 1909 1156 1962 per
1191 1893 1406 1949 dolores
1437 1907 1652 1961 quoque
1697 1907 1759 1945 ac
1807 1894 2037 1961 gemitus
2070 1873 2111 1927 Β
2139 1893 2508 1961 suscipientur
2541 1892 2592 1945 in
2620 1892 2830 1960 requie.
2888 1892 3029 1962 Ergo
3059 1893 3182 1961 quia
3217 1893 3353 1956 haec,
3406 1893 3599 1961 inquit,
3642 1892 3714 1946 ita

459 2002 650 2040 OllllteS
692 1986 862 2040 sancti
896 1985 1002 2039 Deo
1061 1986 1402 2054 placuerunt,
1441 1995 1496 2037 et
1549 1999 1739 2038 omnes
1781 1983 1911 2051 justi
1955 1985 2038 2039 in-

462 2079 734 2132 troierunt
769 2080 820 2130 in
856 2093 1078 2146 regnum
1111 2079 1204 2130 Dei
1235 2086 1397 2145 atque
1431 2077 1671 2131 bteredes
1705 2076 1881 2131 effecti
1917 2086 2040 2131 sunt

461 2170 602 2238 apud
647 2169 810 2221 Deum
859 2169 1048 2222 aeterni
1115 2167 1406 2238 refrigerii,
1463 2182 1566 2221 non
1609 2169 1942 2221 exsultantes
1986 2169 2037 2222 in

463 2260 832 2328 corruptione,
863 2275 968 2312 non
1019 2259 1272 2313 delectati
1327 2260 1378 2312 in
1411 2273 1600 2323 carne,
1632 2275 1736 2312 non
1775 2260 1948 2313 securi
1987 2261 2036 2312 in

463 2351 647 2415 terris,
666 2350 757 2404 sed
793 2365 1008 2405 omnem
1051 2353 1329 2404 miseriam
1359 2362 1581 2419 propter
1605 2351 1857 2418 pietatem
1884 2352 2041 2405 susti-

463 2452 674 2505 nentes,
718 2451 920 2495 mterna
971 2442 1371 2510 incorruptione
1427 2443 1568 2510 digni
1615 2440 1790 2495 effecti
1831 2452 1954 2495 sunt
1988 2442 2038 2494 in

461 2534 655 2601 gloria.
681 2531 771 2587 Sic
787 2533 948 2587 etiam
974 2533 1238 2600 gloriatur
1266 2532 1462 2586 Paulus
1488 2533 1540 2584 in
1577 2533 2041 2600 persecutionibus

462 2629 576 2681 suis
606 2637 772 2694 atque
801 2624 1140 2692 passionibus
1174 2624 1241 2678 ⁷³.
1277 2623 1370 2677 Sic
1413 2623 1673 2693 gloriatur
1699 2633 1752 2676 et
1780 2621 2040 2678 Jeremias

462 2719 606 2786 quod
634 2719 836 2771 sederit
865 2717 1030 2780 solus,
1089 2717 1212 2784 quia
1249 2716 1619 2769 amaritudine
1656 2716 1820 2768 fuerit
1870 2715 2042 2785 reple-

463 2817 576 2870 tus,
602 2819 657 2860 et
687 2809 810 2876 quia
843 2822 946 2861 non
989 2808 1126 2862 abiit
1179 2809 1230 2860 in
1264 2807 1490 2861 consilio
1524 2807 1809 2876 impiorum
1855 2805 2043 2860 luden-

467 2901 598 2953 tium
631 2900 696 2952 ⁷⁵.
743 2899 880 2966 Quid
910 2909 1090 2952 autem
1129 2898 1414 2962 miramur,
1453 2900 1594 2968 quod
1620 2897 1724 2952 Job
1753 2898 1827 2952 ita
1854 2898 2039 2967 iugen-

468 2997 552 3044 tes
578 2992 849 3044 sustinens
875 2990 1092 3044 dolores
1117 2998 1448 3058 conquestus
1473 2988 1658 3055 fuerit,
1691 2989 1772 3042 vel
1804 2988 1893 3042 alii
1918 3004 2044 3043 san-

464 3083 538 3136 cti
587 3097 709 3135 cum
763 3081 963 3135 terreni
1017 3081 1246 3134 fuissent
1296 3081 1543 3134 homines
1593 3096 1658 3135 ex
1713 3096 1943 3150 corpore
1990 3090 2044 3136 et

2141 1993 2291 2048 sunt,
2336 1985 2530 2037 merito
2571 1992 2624 2036 et
2663 1998 2763 2052 ego
2802 1997 2975 2053 neque
3023 1985 3088 2037 de
3147 1993 3302 2038 nocte
3349 1983 3494 2048 silui,
3545 1999 3717 2052 neque

2141 2077 2283 2130 diem
2320 2075 2536 2144 reliqui.
2565 2073 2669 2129 Sed
2692 2085 2890 2144 pereat,
2921 2075 3076 2138 dixit,
3107 2075 3215 2128 dies
3248 2075 3334 2128 ille
3356 2076 3409 2126 in
3435 2092 3536 2144 quo
3561 2085 3717 2128 natus

2140 2185 2276 2235 sum,
2323 2178 2370 2221 et
2407 2185 2510 2221 nox
2540 2169 2593 2221 in
2627 2185 2731 2237 qua
2779 2168 2976 2220 dictum
3020 2176 3094 2220 est
3128 2183 3144 2219 :
3176 2165 3310 2220 Ecce
3354 2167 3640 2220 masculus.
3673 2169 3714 2221 Α

2141 2275 2248 2329 quo
2293 2259 2496 2312 dictum
2534 2258 2656 2313 est?
2701 2257 2783 2310 Ab
2839 2258 2942 2318 his,
2993 2256 3184 2326 inquit,
3212 2258 3303 2326 qui
3335 2258 3721 2313 nuntiaverunt

2141 2351 2278 2420 patri
2331 2365 2450 2404 meo
2485 2349 2692 2403 Zareb.
2733 2348 2955 2402 Plurimi
2997 2363 3228 2417 namque
3269 2347 3343 2401 illi
3394 2348 3718 2418 pradicave-

2143 2454 2270 2497 runt
2302 2441 2469 2496 filium
2505 2449 2714 2505 natum,
2762 2441 2898 2492 alter
2927 2439 3156 2493 alterum
3191 2439 3484 2506 anticipare
3519 2455 3716 2509 prope—

2145 2542 2349 2599 rantes,
2383 2541 2442 2586 ut
2470 2546 2568 2600 per
2611 2533 2662 2586 id
2710 2532 2853 2600 quod
2897 2531 3123 2586 honeste
3165 2531 3578 2586 celebraverunt
3624 2548 3720 2601 per

2143 2625 2385 2694 singulos
2432 2639 2604 2678 annos
2650 2624 2719 2677 ab
2757 2639 2824 2677 eo
2874 2624 3202 2692 accipientes
3259 2623 3503 2677 dicerent
3541 2622 3720 2677 :Eccc

2143 2727 2304 2770 natus
2333 2724 2415 2770 est
2452 2715 2546 2770 tibi
2589 2715 2881 2770 masculus.
2913 2714 3020 2770 Sed
3045 2724 3097 2769 et
3128 2725 3259 2784 puto
3287 2716 3428 2785 quod
3467 2716 3594 2784 ipsae
3623 2717 3717 2769 ob-

2143 2808 2391 2862 stetrices
2413 2809 2572 2860 matri
2601 2805 2701 2861 Job
2719 2805 2892 2862 Bosor
2909 2799 3352 2860 renuntiaverunt
3376 2807 3474 2877 (sic
3490 2822 3718 2877 namque

2147 2897 2461 2970 vocabant),
2492 2898 2618 2968 quia
2670 2898 2963 2952 masculum
2999 2899 3265 2967 genuerit.
3311 2897 3434 2953 Haec
3488 2914 3718 2969 namque

2146 2993 2482 3046 demonstrat
2521 2992 2706 3046 dicens
2733 3005 2746 3038 τ
2780 2990 2847 3044 Et
2881 3006 2982 3044 ηοω
3027 2990 3120 3043 illa
3147 2989 3199 3042 in
3223 3006 3328 3059 qua
3361 2991 3558 3042 dictum
3593 3003 3664 3043 est
3697 3006 3716 3043 :

2146 3081 2281 3138 Ecce
2317 3083 2605 3138 masculus.
2652 3083 2748 3138 Ubi
2782 3083 2917 3151 dies,
2959 3082 3065 3136 illic
3091 3091 3142 3136 et
3169 3097 3295 3137 nox.
3329 3080 3396 3136 Et
3419 3081 3560 3151 quod
3586 3082 3714 3143 diei,

463 3176 645 3227 anima
701 3187 826 3226 vere
879 3172 1153 3240 plasmati,
1213 3187 1334 3226 cum
1381 3180 1437 3226 et
1485 3173 1597 3241 ipse
1651 3173 1742 3242 qui
1797 3174 2037 3227 omnium
2069 3204 2114 3266 C
2147 3177 2248 3229 hoc
2280 3176 2443 3228 etiam
2473 3175 2636 3228 nocti.
2695 3173 2775 3228 Ob
2809 3173 2909 3229 hoc
2944 3188 3072 3244 ergo
3100 3173 3226 3242 quia
3265 3188 3430 3228 unum
3451 3182 3576 3229 sunt
3604 3174 3718 3229 dles

464 3276 779 3319 sanctorum
839 3273 1036 3328 rector,
1087 3273 1140 3318 et
1205 3263 1452 3318 conditor
1502 3264 1622 3319 cteli
1671 3279 1730 3318 ac
1781 3275 1958 3328 terrae,
1987 3279 2041 3321 et

465 3357 731 3412 mediator
760 3355 850 3409 Dei
883 3364 938 3409 et
966 3355 1242 3409 hominum
1273 3353 1430 3410 Jesus
1463 3355 1711 3410 Christus
1741 3355 1908 3412 Filius
1945 3357 2040 3412 Dei

464 3449 595 3514 vivi,
625 3464 746 3502 cum
787 3448 1026 3500 humano
1055 3461 1116 3500 se
1159 3445 1404 3500 indueret
1435 3461 1682 3516 corpore,
1708 3463 1830 3503 cum
1860 3463 2044 3504 corru-

465 3541 709 3612 ptibilem
763 3539 864 3593 sibi
917 3537 1282 3592 circumdaret
1334 3536 1588 3602 formam,
1646 3555 1770 3594 cum
1813 3541 1918 3595 iret
1974 3543 2042 3596 ad

466 3633 771 3702 passionem
820 3641 981 3698 atque
1015 3631 1080 3683 ad
1133 3643 1376 3694 crucem,
1427 3639 1652 3698 questus
1693 3640 1777 3685 est
1805 3632 1988 3686 dicens
2024 3649 2036 3684 :

466 3721 654 3786 Pater,
682 3721 728 3774 si
762 3722 877 3789 ﬁeri
904 3727 1070 3787 potest
1124 3729 1352 3772 transeat
1376 3736 1408 3772 a
1433 3736 1514 3773 me
1543 3722 1684 3775 calin:
1717 3723 1813 3776 iste
1837 3724 1906 3788 ",
1942 3725 2042 3780 hoc

465 3824 549 3868 est
595 3816 709 3868 inec
733 3816 932 3882 passio,
957 3821 1010 3866 et
1033 3812 1197 3880 erepit
1225 3812 1519 3880 trepidare,
1549 3823 1602 3867 et
1629 3823 1852 3869 maestus
1883 3817 2044 3871 esse?

466 3903 584 3958 Non
614 3905 739 3973 quia
788 3903 1137 3972 trepidaverit
1181 3904 1376 3964 deitas,
1429 3905 1523 3958 sed
1567 3905 1694 3973 quia
1733 3907 1918 3962 carnis
1955 3909 2040 3962 in-

469 3995 789 4050 firmitatem
836 3995 1092 4049 ostendit.
1145 3995 1299 4049 Sicut
1350 4010 1482 4064 ergo
1539 3995 1626 4051 ille
1674 3998 1934 4052 Dominus
1985 4010 2042 4054 ut

467 4087 776 4142 ostenderet
838 4087 965 4156 quia
998 4101 1103 4140 non
1158 4096 1278 4141 erat
1320 4089 1662 4156 phantasma,
1703 4092 1796 4144 sed
1844 4106 2042 4160 corpus

467 4193 595 4232 vere
621 4179 974 4248 corruptibile
1002 4179 1228 4242 habens,
1278 4193 1337 4233 se
1373 4179 1614 4234 dolorem
1646 4191 1808 4250 atque
1835 4185 2042 4252 passio-

468 4285 592 4324 nem
615 4270 795 4324 crucis
823 4270 1013 4325 timere
1049 4272 1327 4336 ostendit;
1356 4271 1434 4326 sic
1462 4273 1623 4325 etiam
1653 4271 1776 4338 Job,
1804 4285 1858 4328 et
1890 4274 2043 4331 Jere-

469 4363 607 4416 mias
641 4371 803 4430 atque
851 4361 942 4415 alii
993 4363 1190 4427 sancti,
1235 4373 1296 4415 ut
1342 4365 1718 4429 ostenderent,
1750 4370 1874 4434 quia
1916 4383 2038 4423 cum

469 4463 650 4507 essent
671 4453 918 4508 carnales
951 4469 1072 4508 cum
1095 4454 1280 4509 dolore
1307 4457 1682 4510 sustinuerunt
1723 4471 1788 4510 ac
1813 4473 2041 4526 suppor-

2147 3283 2207 3320 ac
2239 3282 2365 3332 nox,
2396 3281 2516 3320 cum
2549 3265 2655 3319 diei
2691 3264 3070 3329 malediceret,
3102 3266 3250 3320 nocti
3298 3280 3404 3319 non
3453 3268 3712 3335 pepercit.

2145 3356 2360 3424 Pereat,
2389 3357 2586 3426 inquit,
2624 3357 2736 3410 dies
2763 3358 2817 3410 in
2852 3372 2951 3424 quo
3003 3367 3160 3409 natus
3192 3373 3331 3418 sum,
3395 3366 3442 3409 et
3491 3371 3594 3410 nos:
3624 3356 3716 3410 illa

2143 3451 2198 3505 in
2225 3467 2327 3519 qua
2373 3449 2574 3502 dictum
2621 3458 2695 3502 est
2743 3463 2762 3501 :
2797 3447 2932 3502 Ecce
2975 3449 3267 3502 masculus.
3325 3445 3439 3501 Nox
3477 3449 3564 3503 illa
3597 3464 3718 3518 quae

2142 3541 2429 3614 praeteriit,
2454 3556 2576 3610 quae
2613 3541 2851 3604 transiit,
2887 3556 3008 3609 qua:
3035 3539 3255 3606 defecit,
3295 3555 3416 3609 quae
3466 3555 3569 3593 non
3609 3551 3714 3594 est.

2145 3633 2259 3688 Nox
2308 3632 2394 3686 illa
2429 3632 2570 3686 sicut
2609 3638 2665 3686 et
2710 3630 2827 3685 dies
2878 3631 2965 3684 ille
2996 3646 3223 3684 manens
3254 3630 3306 3683 in
3347 3631 3604 3694 tenebris,
3632 3631 3718 3684 ille

2144 3725 2237 3794 qui
2267 3739 2371 3778 non
2406 3723 2641 3788 videtur,
2669 3722 2760 3792 qui
2797 3737 2902 3776 non
2944 3721 3268 3787 invenietur,
3298 3723 3389 3790 qui
3423 3737 3527 3775 non
3562 3737 3718 3776 revo-

2144 3827 2322 3881 catur,
2351 3815 2443 3884 qui
2483 3830 2588 3870 non
2639 3823 2744 3868 est.
2795 3812 2948 3867 Sicut
2987 3826 3118 3882 ergo
3143 3828 3247 3867 nox
3284 3813 3395 3875 illa,
3424 3812 3495 3866 ita
3523 3822 3576 3866 et
3604 3813 3715 3865 dies

2145 3907 2234 3963 ille
2259 3916 2488 3978 pereant
2536 3916 2790 3975 tanquam
2819 3919 2941 3974 quae
2974 3919 3080 3958 non
3113 3913 3260 3967 sunt,
3297 3903 3552 3958 deﬁciant
3597 3912 3714 3957 tan-

2142 4014 2302 4068 quam
2328 4013 2446 4068 quaa
2468 4014 2570 4052 non
2592 3997 2861 4062 videntur,
2893 4011 3066 4065 neque
3092 3995 3548 4051 demonstrantur.
3579 3993 3714 4050 Cum

2145 4093 2248 4146 ista
2283 4107 2413 4159 ergo
2437 4105 2557 4159 qua:
2584 4105 2690 4144 non
2715 4099 2842 4144 sunt
2870 4086 3216 4141 maledixerit
3247 4086 3373 4153 Job,
3404 4097 3458 4140 et
3485 4102 3546 4140 ea
3594 4103 3716 4156 qua:

2143 4199 2248 4238 non
2285 4193 2411 4238 sunt
2446 4182 2624 4252 perire
2657 4180 2906 4247 voluerit,
2965 4178 3459 4248 irreprehensibilis
3493 4179 3716 4233 omnino

2144 4277 2196 4330 in
2220 4273 2470 4329 omnibus
2505 4273 2876 4342 permanebat.
2927 4271 3317 4325 Vehementem
3366 4271 3510 4325 enim
3567 4267 3717 4326 dolo-

2144 4384 2257 4422 rem
2309 4381 2466 4436 quem
2519 4363 2822 4419 sustinebat
2867 4360 3095 4417 deflebat
3151 4363 3356 4432 absque
3411 4363 3556 4418 illius
3608 4379 3716 4418 mo-

2142 4460 2317 4514 lestia.
2349 4458 2484 4513 Puto
2517 4457 2662 4526 quod
2693 4456 2918 4511 forsitan
2971 4455 3098 4509 olitn
3147 4454 3201 4509 in
3237 4455 3389 4508 initio
3421 4453 3716 4522 iuventutis

473 4555 728 4599 taveruut
754 4547 1015 4614 supplicia
1047 4557 1210 4615 atque
1233 4561 1420 4615 poenas
1445 4561 1566 4614 qua:
1605 4547 1683 4602 eis
1710 4548 2036 4604 acciderunt.
2072 4542 2120 4602 D
2146 4551 2502 4608 celebraverit
2556 4548 2657 4604 Job
2688 4550 2830 4604 diem
2867 4547 3167 4602 nativitatis
3209 4562 3344 4611 suae,
3407 4547 3534 4600 item
3577 4561 3717 4598 nunc

470 4636 666 4692 Merito
720 4651 850 4706 ergo
889 4638 1021 4690 dicit
1054 4637 1202 4691 Job:
1248 4634 1436 4690 Pereat
1473 4638 1583 4690 dies
1631 4639 1684 4692 in
1733 4654 1834 4708 quo
1885 4651 2038 4695 natus

470 4746 607 4793 sum,
652 4731 808 4800 juxta
832 4731 1011 4783 omnia
1039 4746 1158 4797 qum
1198 4731 1448 4798 superius
1469 4741 1686 4786 ostensa
1739 4744 1897 4802 atque
1929 4750 2042 4788 me-

472 4835 678 4877 morata
707 4833 850 4886 sunt,
899 4834 946 4877 et
1003 4839 1106 4875 non:
1140 4821 1236 4875 illa
1286 4824 1339 4875 in
1376 4839 1479 4891 qua
1514 4824 1708 4876 dictum
1752 4836 1824 4878 est
1855 4838 1873 4876 :
1906 4825 2042 4880 Ecce

473 4916 736 4969 masculus
763 4913 831 4965 ⁷⁸.
872 4915 1042 4969 Porro
1073 4914 1292 4981 quando
1321 4925 1478 4968 natus
1509 4930 1588 4977 es,
1644 4931 1676 4966 ο
1723 4917 1878 4971 beate
1905 4915 2039 4972 Job?

473 5017 570 5074 per
603 5009 766 5072 diem,
805 5022 870 5060 an
895 5023 993 5075 per
1017 5007 1265 5061 noctem?
1307 5005 1362 5061 Si
1391 5007 1441 5060 in
1474 5007 1560 5060 die
1585 5018 1743 5062 natus
1771 5023 1853 5073 es,
1889 5019 2047 5065 nocte

484 5099 613 5167 quid
644 5098 938 5152 irasceris?
985 5099 1090 5152 Sed
1119 5100 1162 5151 si
1198 5099 1250 5151 in
1288 5110 1444 5153 nocte
1474 5109 1634 5153 natus
1667 5115 1744 5163 es,
1777 5101 1919 5155 diem
1949 5116 2048 5157 cur

476 5187 800 5242 maledicis?
831 5190 986 5243 Sicut
1019 5198 1198 5245 autem
1242 5199 1400 5245 testas
1428 5201 1483 5245 et
1515 5192 1690 5246 hiems
1729 5193 1869 5246 idem
1901 5203 2046 5261 sunt,

476 5280 555 5332 sic
583 5289 638 5332 et
671 5294 776 5334 nox
805 5291 860 5336 et
885 5282 1000 5336 dies
1026 5298 1042 5346 ;
1068 5283 1209 5351 quod
1254 5282 1396 5335 enim
1423 5298 1520 5351 per
1555 5292 1796 5338 a‘statem
1837 5285 1914 5350 fit,
1947 5288 2049 5343 hoc

473 5369 824 5424 nihilominus
883 5386 977 5440 per
1033 5373 1265 5426 hiemem
1339 5375 1678 5429 consumitur
1735 5393 1749 5428 :
1799 5387 1854 5432 et
1904 5381 2047 5448 quod

473 5458 653 5512 hieme
693 5460 1039 5528 superfuerit,
1072 5464 1173 5518 hoc
1205 5465 1390 5532 procul
1437 5466 1601 5521 dubio
1646 5477 1835 5522 aestate
1885 5470 2047 5526 semi-

471 5562 656 5612 natur,
697 5560 887 5606 aestate
921 5552 1222 5618 laboratur,
1274 5557 1412 5610 sicut
1453 5559 1504 5610 in
1560 5559 1646 5614 die
1684 5575 1696 5610 :
1750 5561 1926 5615 hieme
1960 5578 2046 5617 re-

472 5640 790 5710 quiescitur,
831 5642 974 5696 sicut
1021 5645 1074 5696 in
1134 5657 1316 5699 nocte.
1353 5647 1419 5701 Et
1448 5650 1624 5704 adhuc
1666 5653 1809 5706 sicut
1847 5668 2043 5723 corpus

543 5759 716 5833 "_Job
748 5774 832 5829 In,
859 5760 909 5816 5.
986 5761 1031 5792 τ’
1057 5759 1258 5817 Jerem.
1279 5767 1476 5833 xx,M.
1553 5769 1597 5799 ⁷³
1622 5768 1802 5825 llCor.

473 5849 558 5890 ιιι.
594 5831 649 5888 5.

1900 5787 1974 5838 χι,
2019 5773 2110 5828 '50.

2148 4645 2321 4714 ipsum
2349 4641 2666 4711 reprobatis,
2699 4640 2826 4710 quia
2861 4654 2967 4693 non
2995 4638 3370 4701 celebrandus,
3395 4639 3486 4691 sed
3511 4637 3717 4689 lamen-

2150 4734 2345 4789 tandus
2376 4744 2539 4802 atque
2561 4732 2858 4801 plorandus
2884 4739 2966 4785 est
3001 4731 3116 4783 dies
3134 4729 3367 4783 carnalis
3393 4726 3713 4789 nativitatis,

2149 4836 2331 4895 utpote
2366 4835 2637 4878 tantarum
2671 4823 3024 4878 tentationum
3065 4831 3227 4890 atque
3269 4820 3509 4875 dolorum
3548 4820 3717 4872 intro-

2145 4919 2299 4974 itus:
2337 4927 2392 4970 et
2438 4931 2544 4970 non
2590 4915 2762 4969 solum
2817 4930 2921 4969 non
2979 4913 3275 4968 celebravit
3323 4913 3584 4975 ulterius,
3623 4914 3714 4967 sed

2144 5008 2419 5066 maledixit
2469 5023 2532 5062 ac
2565 5007 2745 5077 perire
2785 5006 2994 5073 optavit
3035 5006 3218 5060 dicens
3257 5022 3271 5058 :
3306 5003 3497 5058 Pereat
3527 5006 3636 5058 dies
3664 5007 3717 5057 in

2140 5119 2243 5174 quo
2277 5111 2429 5155 natus
2463 5114 2598 5152 sum.
2625 5097 2726 5164 Qui
2759 5097 2914 5152 dies?
2942 5096 3055 5163 Ille,
3098 5096 3292 5164 inquit,
3328 5097 3416 5164 qui
3455 5094 3583 5147 olim
3617 5095 3718 5148 fuit

2147 5198 2411 5251 honestus
2453 5200 2508 5246 et
2539 5191 2746 5257 hilaris,
2778 5190 3004 5243 festivus
3029 5199 3082 5242 et
3113 5188 3268 5243 laetus
3294 5197 3456 5256 atque
3483 5185 3716 5254 splendi-

2147 5287 2267 5342 dus.
2303 5284 2400 5338 llic
2434 5298 2563 5352 ergo
2601 5292 2788 5352 pereat
2834 5282 2967 5336 dies.
3029 5279 3184 5335 Unde
3227 5279 3452 5350 pereat?
3499 5279 3574 5331 Ex
3628 5291 3718 5331 so-

2144 5376 2444 5438 lemnitate,
2469 5391 2532 5431 ex
2572 5375 2776 5441 lmtitia,
2823 5389 2884 5427 ex
2918 5372 3224 5442 splendore,
3253 5388 3318 5426 ex
3350 5370 3470 5425 istis
3507 5379 3714 5439 pereat,

2143 5481 2198 5525 et
2222 5484 2492 5535 nunquam
2520 5468 2572 5521 in
2606 5468 2687 5522 his
2720 5466 3050 5520 inveniatur.
3077 5464 3209 5518 Cum
3243 5464 3345 5517 hoc
3375 5471 3553 5516 autem
3604 5461 3712 5526 die,

2143 5562 2302 5615 etiam
2363 5575 2467 5615 nox
2530 5559 2615 5613 illa
2671 5567 2858 5627 pereat
2905 5557 2956 5610 in
3000 5570 3104 5622 qua
3157 5555 3357 5608 dictum
3413 5564 3540 5608 est:
3578 5552 3717 5607 Ecce

2152 5653 2445 5707 masculus.
2493 5649 2618 5704 Haec
2665 5650 2943 5704 audientes
2983 5663 3104 5713 nos,
3146 5647 3328 5712 oviri,
3355 5661 3458 5700 non
3488 5645 3719 5716 gaudea-

2184 5771 2233 5804 “
2284 5769 2484 5827 Jerem.
2547 5784 2638 5833 xv,
2707 5768 2794 5821 Π.
2871 5767 2915 5798 ⁷⁵
2951 5763 3139 5819 Matth.
3197 5763 3463 5831 xxvt,59.
3534 5761 3714 5819 76.Iob
