  <div class='ocr_page' id='page_1' title='image "/cluster/home/n/w/nwhite01/storage/ocr_20150623/17:no.7/coo.31924054872977/270.png"; bbox 0 0 4174 6396; ppageno 0'>
   <div class='ocr_carea' id='block_1_1' title="bbox 442 381 546 442">
    <p class='ocr_par' dir='ltr' id='par_1_1' title="bbox 442 381 546 442">
     <span class='ocr_line' id='line_1_1' title="bbox 442 381 546 442; baseline -0.038 -1"><span class='ocrx_word' id='word_1_1' title='bbox 442 381 546 442; x_wconf 73' lang='grc'><strong>51⁵1</strong></span> 
     </span>
    </p>
   </div>
   <div class='ocr_carea' id='block_1_2' title="bbox 1533 374 2603 434">
    <p class='ocr_par' dir='ltr' id='par_1_2' title="bbox 1533 374 2603 434">
     <span class='ocr_line' id='line_1_2' title="bbox 1533 374 2603 434; baseline 0 -2"><span class='ocrx_word' id='word_1_2' title='bbox 1533 375 1916 432; x_wconf 83' lang='lat' dir='ltr'><strong>ANONYMUS</strong></span> <span class='ocrx_word' id='word_1_3' title='bbox 1954 374 2024 431; x_wconf 74' lang='grc' dir='ltr'><strong>ΙΝ</strong></span> <span class='ocrx_word' id='word_1_4' title='bbox 2055 375 2195 430; x_wconf 84' lang='lat' dir='ltr'><strong>JOB.</strong></span> <span class='ocrx_word' id='word_1_5' title='bbox 2237 405 2304 416; x_wconf 88' lang='lat'><em>--</em></span> <span class='ocrx_word' id='word_1_6' title='bbox 2341 377 2468 434; x_wconf 83' lang='lat' dir='ltr'><strong>LIB.</strong></span> <span class='ocrx_word' id='word_1_7' title='bbox 2512 376 2603 432; x_wconf 91' lang='lat' dir='ltr'><strong>lll.</strong></span> 
     </span>
    </p>
   </div>
   <div class='ocr_carea' id='block_1_3' title="bbox 3595 381 3700 438">
    <p class='ocr_par' dir='ltr' id='par_1_3' title="bbox 3595 381 3700 438">
     <span class='ocr_line' id='line_1_3' title="bbox 3595 381 3700 438; baseline 0.019 -2"><span class='ocrx_word' id='word_1_8' title='bbox 3595 381 3700 438; x_wconf 82' lang='grc'><strong>518</strong></span> 
     </span>
    </p>
   </div>
   <div class='ocr_carea' id='block_1_4' title="bbox 443 493 3699 565">
    <p class='ocr_par' dir='ltr' id='par_1_4' title="bbox 443 493 3699 565">
     <span class='ocr_line' id='line_1_4' title="bbox 443 493 3699 565; baseline -0.001 -8"><span class='ocrx_word' id='word_1_9' title='bbox 443 518 566 557; x_wconf 85' lang='lat' dir='ltr'><strong>mus</strong></span> <span class='ocrx_word' id='word_1_10' title='bbox 606 509 836 555; x_wconf 71' lang='lat' dir='ltr'><strong>terrente</strong></span> <span class='ocrx_word' id='word_1_11' title='bbox 887 493 1177 560; x_wconf 89' lang='lat' dir='ltr'><strong>nativitati,</strong></span> <span class='ocrx_word' id='word_1_12' title='bbox 1221 493 1320 548; x_wconf 88' lang='lat' dir='ltr'><strong>sed</strong></span> <span class='ocrx_word' id='word_1_13' title='bbox 1366 494 1661 550; x_wconf 91' lang='lat' dir='ltr'><strong>timeamus</strong></span> <span class='ocrx_word' id='word_1_14' title='bbox 1702 510 1732 548; x_wconf 93' lang='lat' dir='ltr'><strong>a</strong></span> <span class='ocrx_word' id='word_1_15' title='bbox 1771 494 2022 564; x_wconf 80' lang='lat' dir='ltr'><strong>plurimis</strong></span> <span class='ocrx_word' id='word_1_16' title='bbox 2053 498 2097 554; x_wconf 80' lang='grc' dir='ltr'>Α</span> <span class='ocrx_word' id='word_1_17' title='bbox 2124 495 2377 550; x_wconf 88' lang='lat' dir='ltr'><strong>omnibus</strong></span> <span class='ocrx_word' id='word_1_18' title='bbox 2397 495 2488 565; x_wconf 88' lang='lat' dir='ltr'><strong>qui</strong></span> <span class='ocrx_word' id='word_1_19' title='bbox 2514 495 2940 550; x_wconf 75' lang='lat' dir='ltr'><strong>delectationem</strong></span> <span class='ocrx_word' id='word_1_20' title='bbox 2974 494 3433 564; x_wconf 87' lang='lat' dir='ltr'><strong>putantcarnales</strong></span> <span class='ocrx_word' id='word_1_21' title='bbox 3455 497 3699 562; x_wconf 84' lang='lat' dir='ltr'><strong>delicias,</strong></span> 
     </span>
    </p>
   </div>
   <div class='ocr_carea' id='block_1_5' title="bbox 446 585 2020 660">
    <p class='ocr_par' dir='ltr' id='par_1_5' title="bbox 446 585 2020 660">
     <span class='ocr_line' id='line_1_5' title="bbox 446 585 2020 660; baseline -0.007 -12"><span class='ocrx_word' id='word_1_22' title='bbox 446 593 607 660; x_wconf 87' lang='lat' dir='ltr'><strong>hujus</strong></span> <span class='ocrx_word' id='word_1_23' title='bbox 640 590 825 645; x_wconf 90' lang='lat' dir='ltr'><strong>mundi</strong></span> <span class='ocrx_word' id='word_1_24' title='bbox 858 587 1268 652; x_wconf 74' lang='lat' dir='ltr'><strong>ten‘tationibus,</strong></span> <span class='ocrx_word' id='word_1_25' title='bbox 1323 587 1417 640; x_wconf 90' lang='lat' dir='ltr'><strong>sed</strong></span> <span class='ocrx_word' id='word_1_26' title='bbox 1465 601 1756 654; x_wconf 88' lang='lat' dir='ltr'><strong>paveamus</strong></span> <span class='ocrx_word' id='word_1_27' title='bbox 1794 602 1821 639; x_wconf 91' lang='lat' dir='ltr'><strong>a</strong></span> <span class='ocrx_word' id='word_1_28' title='bbox 1859 585 2020 638; x_wconf 85' lang='lat' dir='ltr'><strong>terri-</strong></span> 
     </span>
    </p>
   </div>
   <div class='ocr_carea' id='block_1_6' title="bbox 445 677 2018 746">
    <p class='ocr_par' dir='ltr' id='par_1_6' title="bbox 445 677 2018 746">
     <span class='ocr_line' id='line_1_6' title="bbox 445 677 2018 746; baseline -0.006 -6"><span class='ocrx_word' id='word_1_29' title='bbox 445 684 538 740; x_wconf 85' lang='lat' dir='ltr'><strong>bili</strong></span> <span class='ocrx_word' id='word_1_30' title='bbox 571 681 793 738; x_wconf 92' lang='lat' dir='ltr'><strong>introitu</strong></span> <span class='ocrx_word' id='word_1_31' title='bbox 819 681 872 734; x_wconf 92' lang='lat' dir='ltr'><strong>in</strong></span> <span class='ocrx_word' id='word_1_32' title='bbox 905 679 1034 732; x_wconf 92' lang='lat' dir='ltr'><strong>illud</strong></span> <span class='ocrx_word' id='word_1_33' title='bbox 1057 677 1471 746; x_wconf 85' lang='lat' dir='ltr'><strong>incorruptibile</strong></span> <span class='ocrx_word' id='word_1_34' title='bbox 1500 677 1777 742; x_wconf 75' lang='lat' dir='ltr'><strong>szeculum,</strong></span> <span class='ocrx_word' id='word_1_35' title='bbox 1801 678 1891 732; x_wconf 90' lang='lat' dir='ltr'><strong>ubi</strong></span> <span class='ocrx_word' id='word_1_36' title='bbox 1915 679 2018 734; x_wconf 90' lang='lat' dir='ltr'><strong>crit</strong></span> 
     </span>
    </p>
   </div>
   <div class='ocr_carea' id='block_1_7' title="bbox 448 769 2016 840">
    <p class='ocr_par' dir='ltr' id='par_1_7' title="bbox 448 769 2016 840">
     <span class='ocr_line' id='line_1_7' title="bbox 448 769 2016 840; baseline -0.002 -12"><span class='ocrx_word' id='word_1_37' title='bbox 448 773 705 828; x_wconf 75' lang='lat' dir='ltr'><strong>revelatio</strong></span> <span class='ocrx_word' id='word_1_38' title='bbox 731 781 785 826; x_wconf 92' lang='lat' dir='ltr'><strong>et</strong></span> <span class='ocrx_word' id='word_1_39' title='bbox 809 770 1084 840; x_wconf 84' lang='lat' dir='ltr'><strong>inquisitio</strong></span> <span class='ocrx_word' id='word_1_40' title='bbox 1113 769 1352 822; x_wconf 89' lang='lat' dir='ltr'><strong>omnium</strong></span> <span class='ocrx_word' id='word_1_41' title='bbox 1377 783 1600 836; x_wconf 88' lang='lat' dir='ltr'><strong>operum</strong></span> <span class='ocrx_word' id='word_1_42' title='bbox 1633 779 1798 838; x_wconf 91' lang='lat' dir='ltr'><strong>atque</strong></span> <span class='ocrx_word' id='word_1_43' title='bbox 1829 771 2016 826; x_wconf 89' lang='lat' dir='ltr'><strong>verbo-</strong></span> 
     </span>
    </p>
   </div>
   <div class='ocr_carea' id='block_1_8' title="bbox 449 862 2020 930">
    <p class='ocr_par' dir='ltr' id='par_1_8' title="bbox 449 862 2020 930">
     <span class='ocr_line' id='line_1_8' title="bbox 449 862 2020 930; baseline -0.001 -12"><span class='ocrx_word' id='word_1_44' title='bbox 449 881 566 918; x_wconf 83' lang='lat' dir='ltr'><strong>rum</strong></span> <span class='ocrx_word' id='word_1_45' title='bbox 599 875 924 920; x_wconf 90' lang='lat' dir='ltr'><strong>nostrorum.</strong></span> <span class='ocrx_word' id='word_1_46' title='bbox 965 862 1496 924; x_wconf 87' lang='lat' dir='ltr'><strong>Animadvertamus,</strong></span> <span class='ocrx_word' id='word_1_47' title='bbox 1543 875 1576 914; x_wconf 93' lang='lat' dir='ltr'><strong>o</strong></span> <span class='ocrx_word' id='word_1_48' title='bbox 1605 862 1870 926; x_wconf 78' lang='lat' dir='ltr'><strong>homines,</strong></span> <span class='ocrx_word' id='word_1_49' title='bbox 1901 877 2020 930; x_wconf 74' lang='lat' dir='ltr'><strong>quae</strong></span> 
     </span>
    </p>
   </div>
   <div class='ocr_carea' id='block_1_9' title="bbox 448 951 2016 1019">
    <p class='ocr_par' dir='ltr' id='par_1_9' title="bbox 448 951 2016 1019">
     <span class='ocr_line' id='line_1_9' title="bbox 448 951 2016 1019; baseline -0.001 -11"><span class='ocrx_word' id='word_1_50' title='bbox 448 957 750 1010; x_wconf 81' lang='lat' dir='ltr'><strong>immutatio</strong></span> <span class='ocrx_word' id='word_1_51' title='bbox 773 954 910 1008; x_wconf 90' lang='lat' dir='ltr'><strong>facta</strong></span> <span class='ocrx_word' id='word_1_52' title='bbox 936 963 1020 1008; x_wconf 90' lang='lat' dir='ltr'><strong>est</strong></span> <span class='ocrx_word' id='word_1_53' title='bbox 1049 954 1100 1006; x_wconf 93' lang='lat' dir='ltr'><strong>in</strong></span> <span class='ocrx_word' id='word_1_54' title='bbox 1128 953 1452 1006; x_wconf 90' lang='lat' dir='ltr'><strong>hominibus.</strong></span> <span class='ocrx_word' id='word_1_55' title='bbox 1477 951 1608 1004; x_wconf 81' lang='lat' dir='ltr'><strong>Nam</strong></span> <span class='ocrx_word' id='word_1_56' title='bbox 1641 953 1849 1019; x_wconf 87' lang='lat' dir='ltr'><strong>priores</strong></span> <span class='ocrx_word' id='word_1_57' title='bbox 1874 951 2016 1006; x_wconf 90' lang='lat' dir='ltr'><strong>diem</strong></span> 
     </span>
    </p>
   </div>
   <div class='ocr_carea' id='block_1_10' title="bbox 449 1045 2020 1113">
    <p class='ocr_par' dir='ltr' id='par_1_10' title="bbox 449 1045 2020 1113">
     <span class='ocr_line' id='line_1_10' title="bbox 449 1045 2020 1113; baseline -0.001 -13"><span class='ocrx_word' id='word_1_58' title='bbox 449 1047 746 1100; x_wconf 78' lang='lat' dir='ltr'><strong>nativitatis</strong></span> <span class='ocrx_word' id='word_1_59' title='bbox 789 1046 1136 1101; x_wconf 81' lang='lat' dir='ltr'><strong>celebrabant</strong></span> <span class='ocrx_word' id='word_1_60' title='bbox 1193 1061 1352 1098; x_wconf 90' lang='lat' dir='ltr'><strong>uuam</strong></span> <span class='ocrx_word' id='word_1_61' title='bbox 1401 1046 1565 1098; x_wconf 90' lang='lat' dir='ltr'><strong>vitam</strong></span> <span class='ocrx_word' id='word_1_62' title='bbox 1611 1045 1918 1113; x_wconf 80' lang='lat' dir='ltr'><strong>diligentes,</strong></span> <span class='ocrx_word' id='word_1_63' title='bbox 1966 1052 2020 1099; x_wconf 86' lang='lat' dir='ltr'><strong>et</strong></span> 
     </span>
    </p>
   </div>
   <div class='ocr_carea' id='block_1_11' title="bbox 449 1135 2018 1206">
    <p class='ocr_par' dir='ltr' id='par_1_11' title="bbox 449 1135 2018 1206">
     <span class='ocr_line' id='line_1_11' title="bbox 449 1135 2018 1206; baseline -0.003 -14"><span class='ocrx_word' id='word_1_64' title='bbox 449 1139 606 1192; x_wconf 89' lang='lat' dir='ltr'><strong>aliam</strong></span> <span class='ocrx_word' id='word_1_65' title='bbox 641 1149 762 1206; x_wconf 90' lang='lat' dir='ltr'><strong>post</strong></span> <span class='ocrx_word' id='word_1_66' title='bbox 789 1139 930 1192; x_wconf 90' lang='lat' dir='ltr'><strong>hanc</strong></span> <span class='ocrx_word' id='word_1_67' title='bbox 959 1153 1064 1191; x_wconf 90' lang='lat' dir='ltr'><strong>non</strong></span> <span class='ocrx_word' id='word_1_68' title='bbox 1105 1148 1406 1202; x_wconf 79' lang='lat' dir='ltr'><strong>sperantes.</strong></span> <span class='ocrx_word' id='word_1_69' title='bbox 1435 1135 1592 1189; x_wconf 86' lang='lat' dir='ltr'><strong>Nunc</strong></span> <span class='ocrx_word' id='word_1_70' title='bbox 1629 1151 1756 1188; x_wconf 90' lang='lat' dir='ltr'><strong>vero</strong></span> <span class='ocrx_word' id='word_1_71' title='bbox 1785 1151 1883 1188; x_wconf 90' lang='lat' dir='ltr'><strong>nos</strong></span> <span class='ocrx_word' id='word_1_72' title='bbox 1913 1150 2018 1188; x_wconf 90' lang='lat' dir='ltr'><strong>non</strong></span> 
     </span>
    </p>
   </div>
   <div class='ocr_carea' id='block_1_12' title="bbox 449 1227 2019 1296">
    <p class='ocr_par' dir='ltr' id='par_1_12' title="bbox 449 1227 2019 1296">
     <span class='ocr_line' id='line_1_12' title="bbox 449 1227 2019 1296; baseline -0.001 -12"><span class='ocrx_word' id='word_1_73' title='bbox 449 1231 742 1284; x_wconf 86' lang='lat' dir='ltr'><strong>nativitatis</strong></span> <span class='ocrx_word' id='word_1_74' title='bbox 764 1231 902 1284; x_wconf 91' lang='lat' dir='ltr'><strong>diem</strong></span> <span class='ocrx_word' id='word_1_75' title='bbox 936 1229 1295 1292; x_wconf 77' lang='lat' dir='ltr'><strong>celebramus,</strong></span> <span class='ocrx_word' id='word_1_76' title='bbox 1325 1243 1448 1281; x_wconf 91' lang='lat' dir='ltr'><strong>cum</strong></span> <span class='ocrx_word' id='word_1_77' title='bbox 1480 1227 1549 1280; x_wconf 94' lang='lat' dir='ltr'><strong>sit</strong></span> <span class='ocrx_word' id='word_1_78' title='bbox 1583 1227 1826 1281; x_wconf 85' lang='lat' dir='ltr'><strong>dolorum</strong></span> <span class='ocrx_word' id='word_1_79' title='bbox 1858 1237 2019 1296; x_wconf 86' lang='lat' dir='ltr'><strong>atque</strong></span> 
     </span>
    </p>
   </div>
   <div class='ocr_carea' id='block_1_13' title="bbox 449 1318 2015 1386">
    <p class='ocr_par' dir='ltr' id='par_1_13' title="bbox 449 1318 2015 1386">
     <span class='ocr_line' id='line_1_13' title="bbox 449 1318 2015 1386; baseline -0.001 -12"><span class='ocrx_word' id='word_1_80' title='bbox 449 1323 798 1376; x_wconf 87' lang='lat' dir='ltr'><strong>tentationum</strong></span> <span class='ocrx_word' id='word_1_81' title='bbox 838 1322 1115 1386; x_wconf 87' lang='lat' dir='ltr'><strong>introitus,</strong></span> <span class='ocrx_word' id='word_1_82' title='bbox 1135 1321 1228 1374; x_wconf 86' lang='lat' dir='ltr'><strong>sed</strong></span> <span class='ocrx_word' id='word_1_83' title='bbox 1263 1321 1452 1372; x_wconf 89' lang='lat' dir='ltr'><strong>mortis</strong></span> <span class='ocrx_word' id='word_1_84' title='bbox 1481 1319 1622 1373; x_wconf 85' lang='lat' dir='ltr'><strong>diem</strong></span> <span class='ocrx_word' id='word_1_85' title='bbox 1657 1318 2015 1385; x_wconf 86' lang='lat' dir='ltr'><strong>celebramus,</strong></span> 
     </span>
    </p>
   </div>
   <div class='ocr_carea' id='block_1_14' title="bbox 447 1411 2016 1482">
    <p class='ocr_par' dir='ltr' id='par_1_14' title="bbox 447 1411 2016 1482">
     <span class='ocr_line' id='line_1_14' title="bbox 447 1411 2016 1482; baseline -0.003 -14"><span class='ocrx_word' id='word_1_86' title='bbox 447 1424 630 1482; x_wconf 86' lang='lat' dir='ltr'><strong>utpote</strong></span> <span class='ocrx_word' id='word_1_87' title='bbox 668 1415 908 1467; x_wconf 88' lang='lat' dir='ltr'><strong>onmium</strong></span> <span class='ocrx_word' id='word_1_88' title='bbox 948 1412 1195 1467; x_wconf 90' lang='lat' dir='ltr'><strong>dolorum</strong></span> <span class='ocrx_word' id='word_1_89' title='bbox 1259 1411 1650 1477; x_wconf 88' lang='lat' dir='ltr'><strong>depositionem</strong></span> <span class='ocrx_word' id='word_1_90' title='bbox 1693 1421 1860 1479; x_wconf 88' lang='lat' dir='ltr'><strong>atque</strong></span> <span class='ocrx_word' id='word_1_91' title='bbox 1896 1426 2016 1464; x_wconf 90' lang='lat' dir='ltr'><strong>om-</strong></span> 
     </span>
    </p>
   </div>
   <div class='ocr_carea' id='block_1_15' title="bbox 446 1503 2019 1574">
    <p class='ocr_par' dir='ltr' id='par_1_15' title="bbox 446 1503 2019 1574">
     <span class='ocr_line' id='line_1_15' title="bbox 446 1503 2019 1574; baseline -0.001 -15"><span class='ocrx_word' id='word_1_92' title='bbox 446 1508 593 1561; x_wconf 87' lang='lat' dir='ltr'><strong>nium</strong></span> <span class='ocrx_word' id='word_1_93' title='bbox 628 1506 984 1560; x_wconf 81' lang='lat' dir='ltr'><strong>tentationum</strong></span> <span class='ocrx_word' id='word_1_94' title='bbox 1016 1504 1424 1574; x_wconf 69' lang='lat' dir='ltr'><strong>eﬁ‘ugatiouem.</strong></span> <span class='ocrx_word' id='word_1_95' title='bbox 1472 1503 1620 1556; x_wconf 91' lang='lat' dir='ltr'><strong>Diem</strong></span> <span class='ocrx_word' id='word_1_96' title='bbox 1649 1503 1841 1556; x_wconf 88' lang='lat' dir='ltr'><strong>mortis</strong></span> <span class='ocrx_word' id='word_1_97' title='bbox 1880 1503 2019 1558; x_wconf 89' lang='lat' dir='ltr'><strong>cele-</strong></span> 
     </span>
    </p>
   </div>
   <div class='ocr_carea' id='block_1_16' title="bbox 443 1594 2014 1665">
    <p class='ocr_par' dir='ltr' id='par_1_16' title="bbox 443 1594 2014 1665">
     <span class='ocr_line' id='line_1_16' title="bbox 443 1594 2014 1665; baseline -0.003 -13"><span class='ocrx_word' id='word_1_98' title='bbox 443 1597 688 1661; x_wconf 89' lang='lat' dir='ltr'><strong>bramus,</strong></span> <span class='ocrx_word' id='word_1_99' title='bbox 718 1598 844 1665; x_wconf 87' lang='lat' dir='ltr'><strong>quia</strong></span> <span class='ocrx_word' id='word_1_100' title='bbox 875 1611 980 1649; x_wconf 87' lang='lat' dir='ltr'><strong>non</strong></span> <span class='ocrx_word' id='word_1_101' title='bbox 1014 1596 1318 1648; x_wconf 89' lang='lat' dir='ltr'><strong>moriuntur</strong></span> <span class='ocrx_word' id='word_1_102' title='bbox 1365 1595 1415 1647; x_wconf 91' lang='lat' dir='ltr'><strong>hi</strong></span> <span class='ocrx_word' id='word_1_103' title='bbox 1446 1595 1538 1661; x_wconf 91' lang='lat' dir='ltr'><strong>qui</strong></span> <span class='ocrx_word' id='word_1_104' title='bbox 1565 1595 1700 1646; x_wconf 87' lang='lat' dir='ltr'><strong>mori</strong></span> <span class='ocrx_word' id='word_1_105' title='bbox 1733 1594 2014 1660; x_wconf 89' lang='lat' dir='ltr'><strong>videntur;</strong></span> 
     </span>
    </p>
   </div>
   <div class='ocr_carea' id='block_1_17' title="bbox 444 1684 2019 1758">
    <p class='ocr_par' dir='ltr' id='par_1_17' title="bbox 444 1684 2019 1758">
     <span class='ocr_line' id='line_1_17' title="bbox 444 1684 2019 1758; baseline -0.001 -17"><span class='ocrx_word' id='word_1_106' title='bbox 444 1697 726 1758; x_wconf 86' lang='lat' dir='ltr'><strong>propterea</strong></span> <span class='ocrx_word' id='word_1_107' title='bbox 762 1699 816 1740; x_wconf 92' lang='lat' dir='ltr'><strong>et</strong></span> <span class='ocrx_word' id='word_1_108' title='bbox 847 1687 1136 1740; x_wconf 86' lang='lat' dir='ltr'><strong>memorias</strong></span> <span class='ocrx_word' id='word_1_109' title='bbox 1183 1697 1498 1740; x_wconf 86' lang='lat' dir='ltr'><strong>sanctorum</strong></span> <span class='ocrx_word' id='word_1_110' title='bbox 1533 1684 1788 1752; x_wconf 80' lang='lat' dir='ltr'><strong>facimus,</strong></span> <span class='ocrx_word' id='word_1_111' title='bbox 1815 1694 1868 1740; x_wconf 90' lang='lat' dir='ltr'><strong>et</strong></span> <span class='ocrx_word' id='word_1_112' title='bbox 1921 1701 2019 1755; x_wconf 83' lang='lat' dir='ltr'><strong>pa-</strong></span> 
     </span>
    </p>
   </div>
   <div class='ocr_carea' id='block_1_18' title="bbox 443 1777 2018 1842">
    <p class='ocr_par' dir='ltr' id='par_1_18' title="bbox 443 1777 2018 1842">
     <span class='ocr_line' id='line_1_18' title="bbox 443 1777 2018 1842; baseline 0 -9"><span class='ocrx_word' id='word_1_113' title='bbox 443 1789 656 1833; x_wconf 88' lang='lat' dir='ltr'><strong>rentum</strong></span> <span class='ocrx_word' id='word_1_114' title='bbox 711 1788 1044 1842; x_wconf 90' lang='lat' dir='ltr'><strong>nostrorum,</strong></span> <span class='ocrx_word' id='word_1_115' title='bbox 1075 1777 1156 1830; x_wconf 84' lang='lat' dir='ltr'><strong>vel</strong></span> <span class='ocrx_word' id='word_1_116' title='bbox 1207 1777 1506 1832; x_wconf 86' lang='lat' dir='ltr'><strong>amicorum</strong></span> <span class='ocrx_word' id='word_1_117' title='bbox 1557 1779 1607 1832; x_wconf 93' lang='lat' dir='ltr'><strong>in</strong></span> <span class='ocrx_word' id='word_1_118' title='bbox 1643 1779 1746 1832; x_wconf 88' lang='lat' dir='ltr'><strong>lide</strong></span> <span class='ocrx_word' id='word_1_119' title='bbox 1779 1779 2018 1833; x_wconf 88' lang='lat' dir='ltr'><strong>morien-</strong></span> 
     </span>
    </p>
   </div>
   <div class='ocr_carea' id='block_1_19' title="bbox 443 1868 2022 1935">
    <p class='ocr_par' dir='ltr' id='par_1_19' title="bbox 443 1868 2022 1935">
     <span class='ocr_line' id='line_1_19' title="bbox 443 1868 2022 1935; baseline 0.002 -11"><span class='ocrx_word' id='word_1_120' title='bbox 443 1871 576 1924; x_wconf 89' lang='lat' dir='ltr'><strong>tium</strong></span> <span class='ocrx_word' id='word_1_121' title='bbox 619 1871 812 1924; x_wconf 79' lang='lat' dir='ltr'><strong>devote</strong></span> <span class='ocrx_word' id='word_1_122' title='bbox 842 1869 1158 1922; x_wconf 86' lang='lat' dir='ltr'><strong>memoriam</strong></span> <span class='ocrx_word' id='word_1_123' title='bbox 1195 1868 1426 1935; x_wconf 83' lang='lat' dir='ltr'><strong>agimus,</strong></span> <span class='ocrx_word' id='word_1_124' title='bbox 1473 1878 1580 1922; x_wconf 89' lang='lat' dir='ltr'><strong>tam</strong></span> <span class='ocrx_word' id='word_1_125' title='bbox 1611 1869 1832 1926; x_wconf 91' lang='lat' dir='ltr'><strong>illorum</strong></span> <span class='ocrx_word' id='word_1_126' title='bbox 1865 1873 2022 1928; x_wconf 80' lang='lat' dir='ltr'><strong>retri-</strong></span> 
     </span>
    </p>
   </div>
   <div class='ocr_carea' id='block_1_20' title="bbox 442 1960 2021 2031">
    <p class='ocr_par' dir='ltr' id='par_1_20' title="bbox 442 1960 2021 2031">
     <span class='ocr_line' id='line_1_20' title="bbox 442 1960 2021 2031; baseline 0.004 -17"><span class='ocrx_word' id='word_1_127' title='bbox 442 1966 591 2030; x_wconf 86' lang='lat' dir='ltr'><strong>gerio</strong></span> <span class='ocrx_word' id='word_1_128' title='bbox 627 1961 927 2031; x_wconf 78' lang='lat' dir='ltr'><strong>gaudentes</strong></span> <span class='ocrx_word' id='word_1_129' title='bbox 971 1976 1130 2029; x_wconf 86' lang='lat' dir='ltr'><strong>quam</strong></span> <span class='ocrx_word' id='word_1_130' title='bbox 1167 1960 1332 2013; x_wconf 88' lang='lat' dir='ltr'><strong>etiam</strong></span> <span class='ocrx_word' id='word_1_131' title='bbox 1379 1961 1536 2014; x_wconf 86' lang='lat' dir='ltr'><strong>nobis</strong></span> <span class='ocrx_word' id='word_1_132' title='bbox 1577 1964 1718 2030; x_wconf 84' lang='lat' dir='ltr'><strong>piam</strong></span> <span class='ocrx_word' id='word_1_133' title='bbox 1767 1979 2021 2020; x_wconf 90' lang='lat' dir='ltr'><strong>consum-</strong></span> 
     </span>
    </p>
   </div>
   <div class='ocr_carea' id='block_1_21' title="bbox 445 2051 2020 2121">
    <p class='ocr_par' dir='ltr' id='par_1_21' title="bbox 445 2051 2020 2121">
     <span class='ocr_line' id='line_1_21' title="bbox 445 2051 2020 2121; baseline 0.004 -15"><span class='ocrx_word' id='word_1_134' title='bbox 445 2054 734 2108; x_wconf 89' lang='lat' dir='ltr'><strong>mationem</strong></span> <span class='ocrx_word' id='word_1_135' title='bbox 758 2053 808 2106; x_wconf 92' lang='lat' dir='ltr'><strong>in</strong></span> <span class='ocrx_word' id='word_1_136' title='bbox 845 2051 950 2106; x_wconf 86' lang='lat' dir='ltr'><strong>ﬁde</strong></span> <span class='ocrx_word' id='word_1_137' title='bbox 974 2051 1326 2121; x_wconf 85' lang='lat' dir='ltr'><strong>postulantes.</strong></span> <span class='ocrx_word' id='word_1_138' title='bbox 1371 2051 1462 2106; x_wconf 91' lang='lat' dir='ltr'><strong>Sic</strong></span> <span class='ocrx_word' id='word_1_139' title='bbox 1501 2052 1688 2116; x_wconf 87' lang='lat' dir='ltr'><strong>itaque</strong></span> <span class='ocrx_word' id='word_1_140' title='bbox 1730 2069 1836 2109; x_wconf 91' lang='lat' dir='ltr'><strong>non</strong></span> <span class='ocrx_word' id='word_1_141' title='bbox 1879 2057 2020 2112; x_wconf 87' lang='lat' dir='ltr'><strong>diem</strong></span> 
     </span>
    </p>
   </div>
   <div class='ocr_carea' id='block_1_22' title="bbox 443 2143 2018 2213">
    <p class='ocr_par' dir='ltr' id='par_1_22' title="bbox 443 2143 2018 2213">
     <span class='ocr_line' id='line_1_22' title="bbox 443 2143 2018 2213; baseline 0.002 -13"><span class='ocrx_word' id='word_1_142' title='bbox 443 2145 745 2200; x_wconf 84' lang='lat' dir='ltr'><strong>nativitatis</strong></span> <span class='ocrx_word' id='word_1_143' title='bbox 776 2145 1134 2206; x_wconf 87' lang='lat' dir='ltr'><strong>celebramus,</strong></span> <span class='ocrx_word' id='word_1_144' title='bbox 1175 2145 1304 2212; x_wconf 92' lang='lat' dir='ltr'><strong>quia</strong></span> <span class='ocrx_word' id='word_1_145' title='bbox 1351 2143 1404 2196; x_wconf 90' lang='lat' dir='ltr'><strong>in</strong></span> <span class='ocrx_word' id='word_1_146' title='bbox 1469 2155 1727 2213; x_wconf 85' lang='lat' dir='ltr'><strong>perpetuo</strong></span> <span class='ocrx_word' id='word_1_147' title='bbox 1758 2147 1940 2202; x_wconf 83' lang='lat' dir='ltr'><strong>vivent</strong></span> <span class='ocrx_word' id='word_1_148' title='bbox 1981 2148 2018 2203; x_wconf 92' lang='lat' dir='ltr'><strong>ii</strong></span> 
     </span>
    </p>
   </div>
   <div class='ocr_carea' id='block_1_23' title="bbox 440 2234 2018 2307">
    <p class='ocr_par' dir='ltr' id='par_1_23' title="bbox 440 2234 2018 2307">
     <span class='ocr_line' id='line_1_23' title="bbox 440 2234 2018 2307; baseline 0.004 -17"><span class='ocrx_word' id='word_1_149' title='bbox 440 2237 532 2307; x_wconf 92' lang='lat' dir='ltr'><strong>qui</strong></span> <span class='ocrx_word' id='word_1_150' title='bbox 565 2236 887 2292; x_wconf 91' lang='lat' dir='ltr'><strong>moriuntur.</strong></span> <span class='ocrx_word' id='word_1_151' title='bbox 916 2234 1264 2288; x_wconf 86' lang='lat' dir='ltr'><strong>Celebramus</strong></span> <span class='ocrx_word' id='word_1_152' title='bbox 1301 2234 1562 2290; x_wconf 89' lang='lat' dir='ltr'><strong>nimirum</strong></span> <span class='ocrx_word' id='word_1_153' title='bbox 1597 2236 1879 2306; x_wconf 78' lang='lat' dir='ltr'><strong>religiosos</strong></span> <span class='ocrx_word' id='word_1_154' title='bbox 1898 2256 2018 2296; x_wconf 91' lang='lat' dir='ltr'><strong>cum</strong></span> 
     </span>
    </p>
   </div>
   <div class='ocr_carea' id='block_1_24' title="bbox 441 2325 2018 2400">
    <p class='ocr_par' dir='ltr' id='par_1_24' title="bbox 441 2325 2018 2400">
     <span class='ocr_line' id='line_1_24' title="bbox 441 2325 2018 2400; baseline 0.003 -17"><span class='ocrx_word' id='word_1_155' title='bbox 441 2325 814 2383; x_wconf 85' lang='lat' dir='ltr'><strong>sacerdotibus</strong></span> <span class='ocrx_word' id='word_1_156' title='bbox 867 2337 1255 2392; x_wconf 90' lang='lat' dir='ltr'><strong>convocantes,</strong></span> <span class='ocrx_word' id='word_1_157' title='bbox 1309 2327 1496 2382; x_wconf 89' lang='lat' dir='ltr'><strong>ﬁdeles</strong></span> <span class='ocrx_word' id='word_1_158' title='bbox 1531 2343 1638 2382; x_wconf 87' lang='lat' dir='ltr'><strong>una</strong></span> <span class='ocrx_word' id='word_1_159' title='bbox 1691 2343 1814 2384; x_wconf 92' lang='lat' dir='ltr'><strong>cum</strong></span> <span class='ocrx_word' id='word_1_160' title='bbox 1851 2332 2018 2400; x_wconf 92' lang='lat' dir='ltr'><strong>clero,</strong></span> 
     </span>
    </p>
   </div>
   <div class='ocr_carea' id='block_1_25' title="bbox 441 2417 2022 2492">
    <p class='ocr_par' dir='ltr' id='par_1_25' title="bbox 441 2417 2022 2492">
     <span class='ocr_line' id='line_1_25' title="bbox 441 2417 2022 2492; baseline 0.004 -18"><span class='ocrx_word' id='word_1_161' title='bbox 441 2419 736 2474; x_wconf 88' lang='lat' dir='ltr'><strong>invitantes</strong></span> <span class='ocrx_word' id='word_1_162' title='bbox 783 2417 958 2472; x_wconf 88' lang='lat' dir='ltr'><strong>adhuc</strong></span> <span class='ocrx_word' id='word_1_163' title='bbox 1003 2431 1206 2486; x_wconf 81' lang='lat' dir='ltr'><strong>egenos</strong></span> <span class='ocrx_word' id='word_1_164' title='bbox 1261 2429 1316 2472; x_wconf 87' lang='lat' dir='ltr'><strong>et</strong></span> <span class='ocrx_word' id='word_1_165' title='bbox 1366 2434 1657 2488; x_wconf 86' lang='lat' dir='ltr'><strong>pauperes,</strong></span> <span class='ocrx_word' id='word_1_166' title='bbox 1703 2423 1938 2492; x_wconf 92' lang='lat' dir='ltr'><strong>pupillos</strong></span> <span class='ocrx_word' id='word_1_167' title='bbox 1967 2434 2022 2479; x_wconf 91' lang='lat' dir='ltr'><strong>et</strong></span> 
     </span>
    </p>
   </div>
   <div class='ocr_carea' id='block_1_26' title="bbox 442 2509 2022 2574">
    <p class='ocr_par' dir='ltr' id='par_1_26' title="bbox 442 2509 2022 2574">
     <span class='ocr_line' id='line_1_26' title="bbox 442 2509 2022 2574; baseline 0.004 -11"><span class='ocrx_word' id='word_1_168' title='bbox 442 2511 631 2565; x_wconf 87' lang='lat' dir='ltr'><strong>viduas</strong></span> <span class='ocrx_word' id='word_1_169' title='bbox 660 2519 988 2574; x_wconf 89' lang='lat' dir='ltr'><strong>saturantcs,</strong></span> <span class='ocrx_word' id='word_1_170' title='bbox 1042 2519 1100 2563; x_wconf 92' lang='lat' dir='ltr'><strong>ut</strong></span> <span class='ocrx_word' id='word_1_171' title='bbox 1133 2511 1226 2562; x_wconf 82' lang='lat' dir='ltr'><strong>fiat</strong></span> <span class='ocrx_word' id='word_1_172' title='bbox 1271 2509 1544 2566; x_wconf 79' lang='lat' dir='ltr'><strong>festivitas</strong></span> <span class='ocrx_word' id='word_1_173' title='bbox 1596 2523 1782 2568; x_wconf 89' lang='lat' dir='ltr'><strong>nostra</strong></span> <span class='ocrx_word' id='word_1_174' title='bbox 1821 2515 1874 2568; x_wconf 90' lang='lat' dir='ltr'><strong>in</strong></span> <span class='ocrx_word' id='word_1_175' title='bbox 1907 2530 2022 2570; x_wconf 90' lang='lat' dir='ltr'><strong>me-</strong></span> 
     </span>
    </p>
   </div>
   <div class='ocr_carea' id='block_1_27' title="bbox 443 2601 2018 2674">
    <p class='ocr_par' dir='ltr' id='par_1_27' title="bbox 443 2601 2018 2674">
     <span class='ocr_line' id='line_1_27' title="bbox 443 2601 2018 2674; baseline 0.004 -18"><span class='ocrx_word' id='word_1_176' title='bbox 443 2603 672 2656; x_wconf 90' lang='lat' dir='ltr'><strong>moriam</strong></span> <span class='ocrx_word' id='word_1_177' title='bbox 707 2602 912 2671; x_wconf 89' lang='lat' dir='ltr'><strong>requiei</strong></span> <span class='ocrx_word' id='word_1_178' title='bbox 960 2601 1232 2656; x_wconf 82' lang='lat' dir='ltr'><strong>defunctis</strong></span> <span class='ocrx_word' id='word_1_179' title='bbox 1267 2603 1579 2670; x_wconf 88' lang='lat' dir='ltr'><strong>animabus,</strong></span> <span class='ocrx_word' id='word_1_180' title='bbox 1629 2619 1866 2674; x_wconf 90' lang='lat' dir='ltr'><strong>quarum</strong></span> <span class='ocrx_word' id='word_1_181' title='bbox 1901 2621 2018 2662; x_wconf 89' lang='lat' dir='ltr'><strong>me-</strong></span> 
     </span>
    </p>
   </div>
   <div class='ocr_carea' id='block_1_28' title="bbox 441 2693 2021 2770">
    <p class='ocr_par' dir='ltr' id='par_1_28' title="bbox 441 2693 2021 2770">
     <span class='ocr_line' id='line_1_28' title="bbox 441 2693 2021 2770; baseline 0.003 -22"><span class='ocrx_word' id='word_1_182' title='bbox 441 2693 670 2748; x_wconf 75' lang='lat' dir='ltr'><strong>moriam</strong></span> <span class='ocrx_word' id='word_1_183' title='bbox 699 2693 1054 2758; x_wconf 89' lang='lat' dir='ltr'><strong>celebramus,</strong></span> <span class='ocrx_word' id='word_1_184' title='bbox 1087 2693 1240 2747; x_wconf 90' lang='lat' dir='ltr'><strong>nobis</strong></span> <span class='ocrx_word' id='word_1_185' title='bbox 1279 2702 1466 2748; x_wconf 90' lang='lat' dir='ltr'><strong>autem</strong></span> <span class='ocrx_word' id='word_1_186' title='bbox 1497 2694 1768 2750; x_wconf 77' lang='lat' dir='ltr'><strong>efﬁciatur</strong></span> <span class='ocrx_word' id='word_1_187' title='bbox 1809 2697 1859 2770; x_wconf 82' lang='lat' dir='ltr'><strong>in</strong></span> <span class='ocrx_word' id='word_1_188' title='bbox 1890 2698 2021 2753; x_wconf 89' lang='lat' dir='ltr'><strong>odo-</strong></span> 
     </span>
    </p>
   </div>
   <div class='ocr_carea' id='block_1_29' title="bbox 440 2784 2023 2854">
    <p class='ocr_par' dir='ltr' id='par_1_29' title="bbox 440 2784 2023 2854">
     <span class='ocr_line' id='line_1_29' title="bbox 440 2784 2023 2854; baseline 0.004 -15"><span class='ocrx_word' id='word_1_189' title='bbox 440 2799 554 2839; x_wconf 85' lang='lat' dir='ltr'><strong>rem</strong></span> <span class='ocrx_word' id='word_1_190' title='bbox 587 2785 870 2840; x_wconf 88' lang='lat' dir='ltr'><strong>suavitatis</strong></span> <span class='ocrx_word' id='word_1_191' title='bbox 920 2786 975 2838; x_wconf 91' lang='lat' dir='ltr'><strong>in</strong></span> <span class='ocrx_word' id='word_1_192' title='bbox 1030 2784 1324 2854; x_wconf 74' lang='lat' dir='ltr'><strong>conspectu</strong></span> <span class='ocrx_word' id='word_1_193' title='bbox 1365 2789 1554 2841; x_wconf 82' lang='lat' dir='ltr'><strong>aeterni</strong></span> <span class='ocrx_word' id='word_1_194' title='bbox 1610 2787 1727 2843; x_wconf 90' lang='lat' dir='ltr'><strong>Dei.</strong></span> <span class='ocrx_word' id='word_1_195' title='bbox 1793 2789 1918 2846; x_wconf 68' lang='lat' dir='ltr'><strong>llaec</strong></span> <span class='ocrx_word' id='word_1_196' title='bbox 1945 2791 2023 2846; x_wconf 87' lang='lat' dir='ltr'><strong>vi-</strong></span> 
     </span>
    </p>
   </div>
   <div class='ocr_carea' id='block_1_30' title="bbox 441 2876 2022 2948">
    <p class='ocr_par' dir='ltr' id='par_1_30' title="bbox 441 2876 2022 2948">
     <span class='ocr_line' id='line_1_30' title="bbox 441 2876 2022 2948; baseline 0.004 -16"><span class='ocrx_word' id='word_1_197' title='bbox 441 2876 636 2932; x_wconf 83' lang='lat' dir='ltr'><strong>delicet</strong></span> <span class='ocrx_word' id='word_1_198' title='bbox 668 2876 929 2940; x_wconf 79' lang='lat' dir='ltr'><strong>diximus,</strong></span> <span class='ocrx_word' id='word_1_199' title='bbox 960 2878 1086 2945; x_wconf 85' lang='lat' dir='ltr'><strong>quia</strong></span> <span class='ocrx_word' id='word_1_200' title='bbox 1117 2879 1260 2932; x_wconf 89' lang='lat' dir='ltr'><strong>diem</strong></span> <span class='ocrx_word' id='word_1_201' title='bbox 1293 2879 1599 2932; x_wconf 78' lang='lat' dir='ltr'><strong>nativitatis</strong></span> <span class='ocrx_word' id='word_1_202' title='bbox 1639 2892 1865 2948; x_wconf 86' lang='lat' dir='ltr'><strong>propter</strong></span> <span class='ocrx_word' id='word_1_203' title='bbox 1899 2882 2022 2938; x_wconf 91' lang='lat' dir='ltr'><strong>illos</strong></span> 
     </span>
    </p>
   </div>
   <div class='ocr_carea' id='block_1_31' title="bbox 441 2968 2020 3037">
    <p class='ocr_par' dir='ltr' id='par_1_31' title="bbox 441 2968 2020 3037">
     <span class='ocr_line' id='line_1_31' title="bbox 441 2968 2020 3037; baseline 0.006 -17"><span class='ocrx_word' id='word_1_204' title='bbox 441 2968 531 3036; x_wconf 77' lang='lat' dir='ltr'><strong>qui</strong></span> <span class='ocrx_word' id='word_1_205' title='bbox 577 2969 695 3022; x_wconf 90' lang='lat' dir='ltr'><strong>sine</strong></span> <span class='ocrx_word' id='word_1_206' title='bbox 746 2982 840 3037; x_wconf 88' lang='lat' dir='ltr'><strong>spe</strong></span> <span class='ocrx_word' id='word_1_207' title='bbox 895 2979 1020 3023; x_wconf 91' lang='lat' dir='ltr'><strong>sunt</strong></span> <span class='ocrx_word' id='word_1_208' title='bbox 1055 2969 1341 3024; x_wconf 86' lang='lat' dir='ltr'><strong>maledixit</strong></span> <span class='ocrx_word' id='word_1_209' title='bbox 1394 2970 1494 3026; x_wconf 85' lang='lat' dir='ltr'><strong>Job</strong></span> <span class='ocrx_word' id='word_1_210' title='bbox 1560 2972 1747 3026; x_wconf 90' lang='lat' dir='ltr'><strong>dicens</strong></span> <span class='ocrx_word' id='word_1_211' title='bbox 1783 2989 1796 3026; x_wconf 89' lang='lat'><strong>:</strong></span> <span class='ocrx_word' id='word_1_212' title='bbox 1829 2971 2020 3029; x_wconf 78' lang='lat' dir='ltr'><strong>Pereat</strong></span> 
     </span>
    </p>
   </div>
   <div class='ocr_carea' id='block_1_32' title="bbox 440 3057 2018 3134">
    <p class='ocr_par' dir='ltr' id='par_1_32' title="bbox 440 3057 2018 3134">
     <span class='ocr_line' id='line_1_32' title="bbox 440 3057 2018 3134; baseline 0.001 -16"><span class='ocrx_word' id='word_1_213' title='bbox 440 3061 550 3118; x_wconf 55' lang='lat' dir='ltr'><strong>dies</strong></span> <span class='ocrx_word' id='word_1_214' title='bbox 573 3057 660 3114; x_wconf 83' lang='lat' dir='ltr'><strong>ille</strong></span> <span class='ocrx_word' id='word_1_215' title='bbox 687 3061 740 3114; x_wconf 86' lang='lat' dir='ltr'><strong>in</strong></span> <span class='ocrx_word' id='word_1_216' title='bbox 761 3077 862 3130; x_wconf 82' lang='lat' dir='ltr'><strong>quo</strong></span> <span class='ocrx_word' id='word_1_217' title='bbox 885 3071 1036 3114; x_wconf 81' lang='lat' dir='ltr'><strong>natus</strong></span> <span class='ocrx_word' id='word_1_218' title='bbox 1063 3077 1204 3125; x_wconf 85' lang='lat' dir='ltr'><strong>sum,</strong></span> <span class='ocrx_word' id='word_1_219' title='bbox 1251 3071 1298 3116; x_wconf 86' lang='lat' dir='ltr'><strong>et</strong></span> <span class='ocrx_word' id='word_1_220' title='bbox 1333 3078 1438 3116; x_wconf 75' lang='lat' dir='ltr'><strong>nea:</strong></span> <span class='ocrx_word' id='word_1_221' title='bbox 1467 3063 1560 3115; x_wconf 80' lang='lat' dir='ltr'><strong>illa</strong></span> <span class='ocrx_word' id='word_1_222' title='bbox 1588 3065 1644 3116; x_wconf 86' lang='lat' dir='ltr'><strong>in</strong></span> <span class='ocrx_word' id='word_1_223' title='bbox 1679 3081 1784 3134; x_wconf 85' lang='lat' dir='ltr'><strong>qua</strong></span> <span class='ocrx_word' id='word_1_224' title='bbox 1823 3065 2018 3120; x_wconf 79' lang='lat' dir='ltr'><strong>dictum</strong></span> 
     </span>
    </p>
   </div>
   <div class='ocr_carea' id='block_1_33' title="bbox 440 3149 2020 3221">
    <p class='ocr_par' dir='ltr' id='par_1_33' title="bbox 440 3149 2020 3221">
     <span class='ocr_line' id='line_1_33' title="bbox 440 3149 2020 3221; baseline 0.004 -16"><span class='ocrx_word' id='word_1_225' title='bbox 440 3163 514 3205; x_wconf 74' lang='lat' dir='ltr'><strong>est</strong></span> <span class='ocrx_word' id='word_1_226' title='bbox 541 3149 718 3206; x_wconf 88' lang='lat' dir='ltr'><strong>:Ecce</strong></span> <span class='ocrx_word' id='word_1_227' title='bbox 751 3152 1036 3205; x_wconf 82' lang='lat' dir='ltr'><strong>masculus.</strong></span> <span class='ocrx_word' id='word_1_228' title='bbox 1070 3151 1236 3206; x_wconf 84' lang='lat' dir='ltr'><strong>Paulo</strong></span> <span class='ocrx_word' id='word_1_229' title='bbox 1269 3163 1392 3221; x_wconf 88' lang='lat' dir='ltr'><strong>post</strong></span> <span class='ocrx_word' id='word_1_230' title='bbox 1443 3154 1703 3209; x_wconf 88' lang='lat' dir='ltr'><strong>incedens</strong></span> <span class='ocrx_word' id='word_1_231' title='bbox 1746 3157 1877 3211; x_wconf 89' lang='lat' dir='ltr'><strong>dicit</strong></span> <span class='ocrx_word' id='word_1_232' title='bbox 1909 3176 1922 3212; x_wconf 90' lang='lat'>:</span> <span class='ocrx_word' id='word_1_233' title='bbox 1949 3157 2020 3212; x_wconf 84' lang='lat' dir='ltr'><strong>Et</strong></span> 
     </span>
    </p>
   </div>
   <div class='ocr_carea' id='block_1_34' title="bbox 443 3242 2020 3316">
    <p class='ocr_par' dir='ltr' id='par_1_34' title="bbox 443 3242 2020 3316">
     <span class='ocr_line' id='line_1_34' title="bbox 443 3242 2020 3316; baseline 0.006 -21"><span class='ocrx_word' id='word_1_234' title='bbox 443 3242 670 3296; x_wconf 77' lang='lat' dir='ltr'><strong>uexilla</strong></span> <span class='ocrx_word' id='word_1_235' title='bbox 717 3244 786 3296; x_wconf 86' lang='lat' dir='ltr'><strong>sit</strong></span> <span class='ocrx_word' id='word_1_236' title='bbox 838 3244 893 3296; x_wconf 83' lang='lat' dir='ltr'><strong>in</strong></span> <span class='ocrx_word' id='word_1_237' title='bbox 936 3243 1119 3298; x_wconf 84' lang='lat' dir='ltr'><strong>dolore</strong></span> <span class='ocrx_word' id='word_1_238' title='bbox 1147 3245 1214 3298; x_wconf 85' lang='lat'><strong>&quot;&quot;.</strong></span> <span class='ocrx_word' id='word_1_239' title='bbox 1255 3244 1503 3300; x_wconf 88' lang='lat' dir='ltr'><strong>Ostendit</strong></span> <span class='ocrx_word' id='word_1_240' title='bbox 1557 3261 1684 3302; x_wconf 86' lang='lat' dir='ltr'><strong>vero</strong></span> <span class='ocrx_word' id='word_1_241' title='bbox 1721 3249 1844 3316; x_wconf 85' lang='lat' dir='ltr'><strong>quia</strong></span> <span class='ocrx_word' id='word_1_242' title='bbox 1889 3249 2020 3304; x_wconf 86' lang='lat' dir='ltr'><strong>nulli</strong></span> 
     </span>
    </p>
   </div>
   <div class='ocr_carea' id='block_1_35' title="bbox 441 3334 2020 3404">
    <p class='ocr_par' dir='ltr' id='par_1_35' title="bbox 441 3334 2020 3404">
     <span class='ocr_line' id='line_1_35' title="bbox 441 3334 2020 3404; baseline 0.006 -18"><span class='ocrx_word' id='word_1_243' title='bbox 441 3334 720 3389; x_wconf 80' lang='lat' dir='ltr'><strong>maledixit</strong></span> <span class='ocrx_word' id='word_1_244' title='bbox 752 3349 850 3404; x_wconf 89' lang='lat' dir='ltr'><strong>per</strong></span> <span class='ocrx_word' id='word_1_245' title='bbox 885 3335 986 3388; x_wconf 92' lang='lat' dir='ltr'><strong>hoc</strong></span> <span class='ocrx_word' id='word_1_246' title='bbox 1013 3335 1156 3404; x_wconf 89' lang='lat' dir='ltr'><strong>quod</strong></span> <span class='ocrx_word' id='word_1_247' title='bbox 1183 3337 1283 3401; x_wconf 88' lang='lat' dir='ltr'><strong>ait,</strong></span> <span class='ocrx_word' id='word_1_248' title='bbox 1327 3346 1376 3391; x_wconf 88' lang='lat' dir='ltr'><strong>et</strong></span> <span class='ocrx_word' id='word_1_249' title='bbox 1404 3353 1507 3392; x_wconf 75' lang='lat' dir='ltr'><strong>nox</strong></span> <span class='ocrx_word' id='word_1_250' title='bbox 1531 3338 1622 3392; x_wconf 86' lang='lat' dir='ltr'><strong>illa</strong></span> <span class='ocrx_word' id='word_1_251' title='bbox 1644 3340 1710 3394; x_wconf 83' lang='lat' dir='ltr'><strong>sit</strong></span> <span class='ocrx_word' id='word_1_252' title='bbox 1739 3341 1794 3393; x_wconf 85' lang='lat' dir='ltr'><strong>in</strong></span> <span class='ocrx_word' id='word_1_253' title='bbox 1823 3341 2020 3396; x_wconf 84' lang='lat' dir='ltr'><strong>dolore.</strong></span> 
     </span>
    </p>
   </div>
   <div class='ocr_carea' id='block_1_36' title="bbox 441 3425 2022 3502">
    <p class='ocr_par' dir='ltr' id='par_1_36' title="bbox 441 3425 2022 3502">
     <span class='ocr_line' id='line_1_36' title="bbox 441 3425 2022 3502; baseline 0.006 -24"><span class='ocrx_word' id='word_1_254' title='bbox 441 3425 571 3493; x_wconf 83' lang='lat' dir='ltr'><strong>Quis</strong></span> <span class='ocrx_word' id='word_1_255' title='bbox 603 3427 751 3481; x_wconf 88' lang='lat' dir='ltr'><strong>enim</strong></span> <span class='ocrx_word' id='word_1_256' title='bbox 800 3427 957 3482; x_wconf 91' lang='lat' dir='ltr'><strong>dolor</strong></span> <span class='ocrx_word' id='word_1_257' title='bbox 983 3429 1090 3482; x_wconf 91' lang='lat' dir='ltr'><strong>erit</strong></span> <span class='ocrx_word' id='word_1_258' title='bbox 1117 3429 1262 3483; x_wconf 90' lang='lat' dir='ltr'><strong>nocti</strong></span> <span class='ocrx_word' id='word_1_259' title='bbox 1283 3429 1306 3482; x_wconf 87' lang='lat'><strong>?</strong></span> <span class='ocrx_word' id='word_1_260' title='bbox 1327 3429 1538 3486; x_wconf 85' lang='lat' dir='ltr'><strong>Nullus.</strong></span> <span class='ocrx_word' id='word_1_261' title='bbox 1578 3430 1712 3486; x_wconf 86' lang='lat' dir='ltr'><strong>Nam</strong></span> <span class='ocrx_word' id='word_1_262' title='bbox 1739 3447 1842 3488; x_wconf 85' lang='lat' dir='ltr'><strong>nox</strong></span> <span class='ocrx_word' id='word_1_263' title='bbox 1882 3434 2022 3502; x_wconf 90' lang='lat' dir='ltr'><strong>apud</strong></span> 
     </span>
    </p>
   </div>
   <div class='ocr_carea' id='block_1_37' title="bbox 439 3519 2020 3594">
    <p class='ocr_par' dir='ltr' id='par_1_37' title="bbox 439 3519 2020 3594">
     <span class='ocr_line' id='line_1_37' title="bbox 439 3519 2020 3594; baseline 0.006 -22"><span class='ocrx_word' id='word_1_264' title='bbox 439 3519 784 3587; x_wconf 78' lang='lat' dir='ltr'><strong>semetipsum</strong></span> <span class='ocrx_word' id='word_1_265' title='bbox 809 3528 970 3586; x_wconf 89' lang='lat' dir='ltr'><strong>atque</strong></span> <span class='ocrx_word' id='word_1_266' title='bbox 1001 3519 1053 3572; x_wconf 92' lang='lat' dir='ltr'><strong>in</strong></span> <span class='ocrx_word' id='word_1_267' title='bbox 1087 3520 1401 3590; x_wconf 88' lang='lat' dir='ltr'><strong>semetipsa,</strong></span> <span class='ocrx_word' id='word_1_268' title='bbox 1453 3537 1630 3593; x_wconf 89' lang='lat' dir='ltr'><strong>neque</strong></span> <span class='ocrx_word' id='word_1_269' title='bbox 1657 3539 1782 3579; x_wconf 91' lang='lat' dir='ltr'><strong>cum</strong></span> <span class='ocrx_word' id='word_1_270' title='bbox 1813 3526 2020 3594; x_wconf 91' lang='lat' dir='ltr'><strong>dolore,</strong></span> 
     </span>
    </p>
   </div>
   <div class='ocr_carea' id='block_1_38' title="bbox 439 3611 2024 3680">
    <p class='ocr_par' dir='ltr' id='par_1_38' title="bbox 439 3611 2024 3680">
     <span class='ocr_line' id='line_1_38' title="bbox 439 3611 2024 3680; baseline 0.006 -16"><span class='ocrx_word' id='word_1_271' title='bbox 439 3625 614 3680; x_wconf 89' lang='lat' dir='ltr'><strong>neque</strong></span> <span class='ocrx_word' id='word_1_272' title='bbox 640 3613 759 3666; x_wconf 90' lang='lat' dir='ltr'><strong>sine</strong></span> <span class='ocrx_word' id='word_1_273' title='bbox 787 3611 975 3666; x_wconf 91' lang='lat' dir='ltr'><strong>dolore</strong></span> <span class='ocrx_word' id='word_1_274' title='bbox 1001 3627 1124 3667; x_wconf 92' lang='lat' dir='ltr'><strong>esse</strong></span> <span class='ocrx_word' id='word_1_275' title='bbox 1152 3621 1348 3680; x_wconf 89' lang='lat' dir='ltr'><strong>potest.</strong></span> <span class='ocrx_word' id='word_1_276' title='bbox 1384 3613 1520 3668; x_wconf 82' lang='lat' dir='ltr'><strong>Nam</strong></span> <span class='ocrx_word' id='word_1_277' title='bbox 1558 3616 1698 3670; x_wconf 89' lang='lat' dir='ltr'><strong>sicut</strong></span> <span class='ocrx_word' id='word_1_278' title='bbox 1728 3631 1834 3672; x_wconf 88' lang='lat' dir='ltr'><strong>non</strong></span> <span class='ocrx_word' id='word_1_279' title='bbox 1862 3618 2024 3674; x_wconf 89' lang='lat' dir='ltr'><strong>habet</strong></span> 
     </span>
    </p>
   </div>
   <div class='ocr_carea' id='block_1_39' title="bbox 437 3703 2022 3774">
    <p class='ocr_par' dir='ltr' id='par_1_39' title="bbox 437 3703 2022 3774">
     <span class='ocr_line' id='line_1_39' title="bbox 437 3703 2022 3774; baseline 0.004 -17"><span class='ocrx_word' id='word_1_280' title='bbox 437 3711 712 3768; x_wconf 88' lang='lat' dir='ltr'><strong>naturam,</strong></span> <span class='ocrx_word' id='word_1_281' title='bbox 745 3718 922 3774; x_wconf 90' lang='lat' dir='ltr'><strong>neque</strong></span> <span class='ocrx_word' id='word_1_282' title='bbox 966 3703 1346 3769; x_wconf 85' lang='lat' dir='ltr'><strong>substantiam,</strong></span> <span class='ocrx_word' id='word_1_283' title='bbox 1389 3706 1464 3760; x_wconf 88' lang='lat' dir='ltr'><strong>ita</strong></span> <span class='ocrx_word' id='word_1_284' title='bbox 1507 3721 1608 3761; x_wconf 90' lang='lat' dir='ltr'><strong>nec</strong></span> <span class='ocrx_word' id='word_1_285' title='bbox 1631 3708 1897 3772; x_wconf 90' lang='lat' dir='ltr'><strong>dolorem,</strong></span> <span class='ocrx_word' id='word_1_286' title='bbox 1925 3725 2022 3764; x_wconf 90' lang='lat' dir='ltr'><strong>ne-</strong></span> 
     </span>
    </p>
   </div>
   <div class='ocr_carea' id='block_1_40' title="bbox 436 3795 2016 3869">
    <p class='ocr_par' dir='ltr' id='par_1_40' title="bbox 436 3795 2016 3869">
     <span class='ocr_line' id='line_1_40' title="bbox 436 3795 2016 3869; baseline 0.004 -21"><span class='ocrx_word' id='word_1_287' title='bbox 436 3810 543 3866; x_wconf 75' lang='lat' dir='ltr'><strong>que</strong></span> <span class='ocrx_word' id='word_1_288' title='bbox 576 3795 792 3860; x_wconf 91' lang='lat' dir='ltr'><strong>vulnus,</strong></span> <span class='ocrx_word' id='word_1_289' title='bbox 833 3810 1008 3864; x_wconf 90' lang='lat' dir='ltr'><strong>neque</strong></span> <span class='ocrx_word' id='word_1_290' title='bbox 1061 3795 1374 3864; x_wconf 87' lang='lat' dir='ltr'><strong>passionem</strong></span> <span class='ocrx_word' id='word_1_291' title='bbox 1417 3796 1579 3851; x_wconf 86' lang='lat' dir='ltr'><strong>habet</strong></span> <span class='ocrx_word' id='word_1_292' title='bbox 1623 3799 1678 3852; x_wconf 93' lang='lat' dir='ltr'><strong>in</strong></span> <span class='ocrx_word' id='word_1_293' title='bbox 1703 3801 2016 3869; x_wconf 87' lang='lat' dir='ltr'><strong>semetipsa,</strong></span> 
     </span>
    </p>
   </div>
   <div class='ocr_carea' id='block_1_41' title="bbox 437 3887 2022 3958">
    <p class='ocr_par' dir='ltr' id='par_1_41' title="bbox 437 3887 2022 3958">
     <span class='ocr_line' id='line_1_41' title="bbox 437 3887 2022 3958; baseline 0.004 -17"><span class='ocrx_word' id='word_1_294' title='bbox 437 3902 612 3958; x_wconf 88' lang='lat' dir='ltr'><strong>neque</strong></span> <span class='ocrx_word' id='word_1_295' title='bbox 644 3889 785 3952; x_wconf 88' lang='lat' dir='ltr'><strong>dies,</strong></span> <span class='ocrx_word' id='word_1_296' title='bbox 837 3903 1014 3957; x_wconf 91' lang='lat' dir='ltr'><strong>neque</strong></span> <span class='ocrx_word' id='word_1_297' title='bbox 1043 3903 1170 3942; x_wconf 89' lang='lat' dir='ltr'><strong>nox.</strong></span> <span class='ocrx_word' id='word_1_298' title='bbox 1226 3887 1352 3944; x_wconf 82' lang='lat' dir='ltr'><strong>Haec</strong></span> <span class='ocrx_word' id='word_1_299' title='bbox 1399 3889 1584 3958; x_wconf 87' lang='lat' dir='ltr'><strong>itaque</strong></span> <span class='ocrx_word' id='word_1_300' title='bbox 1611 3891 1791 3946; x_wconf 88' lang='lat' dir='ltr'><strong>sciens</strong></span> <span class='ocrx_word' id='word_1_301' title='bbox 1832 3893 2022 3948; x_wconf 90' lang='lat' dir='ltr'><strong>beatus</strong></span> 
     </span>
    </p>
   </div>
   <div class='ocr_carea' id='block_1_42' title="bbox 435 3977 2021 4054">
    <p class='ocr_par' dir='ltr' id='par_1_42' title="bbox 435 3977 2021 4054">
     <span class='ocr_line' id='line_1_42' title="bbox 435 3977 2021 4054; baseline 0.004 -21"><span class='ocrx_word' id='word_1_302' title='bbox 435 3977 538 4035; x_wconf 76' lang='lat' dir='ltr'><strong>Job</strong></span> <span class='ocrx_word' id='word_1_303' title='bbox 569 3980 843 4034; x_wconf 90' lang='lat' dir='ltr'><strong>miseriam</strong></span> <span class='ocrx_word' id='word_1_304' title='bbox 870 3978 1165 4042; x_wconf 87' lang='lat' dir='ltr'><strong>ventilans,</strong></span> <span class='ocrx_word' id='word_1_305' title='bbox 1188 3987 1242 4033; x_wconf 92' lang='lat' dir='ltr'><strong>et</strong></span> <span class='ocrx_word' id='word_1_306' title='bbox 1270 3979 1510 4034; x_wconf 87' lang='lat' dir='ltr'><strong>dolorem</strong></span> <span class='ocrx_word' id='word_1_307' title='bbox 1543 3980 1768 4046; x_wconf 81' lang='lat' dir='ltr'><strong>deflens,</strong></span> <span class='ocrx_word' id='word_1_308' title='bbox 1789 3983 1868 4038; x_wconf 93' lang='lat' dir='ltr'><strong>eis</strong></span> <span class='ocrx_word' id='word_1_309' title='bbox 1900 4000 2021 4054; x_wconf 77' lang='lat' dir='ltr'><strong>quae</strong></span> 
     </span>
    </p>
   </div>
   <div class='ocr_carea' id='block_1_43' title="bbox 437 4071 2016 4142">
    <p class='ocr_par' dir='ltr' id='par_1_43' title="bbox 437 4071 2016 4142">
     <span class='ocr_line' id='line_1_43' title="bbox 437 4071 2016 4142; baseline 0.004 -18"><span class='ocrx_word' id='word_1_310' title='bbox 437 4087 544 4126; x_wconf 85' lang='lat' dir='ltr'><strong>non</strong></span> <span class='ocrx_word' id='word_1_311' title='bbox 579 4080 706 4128; x_wconf 88' lang='lat' dir='ltr'><strong>sunt</strong></span> <span class='ocrx_word' id='word_1_312' title='bbox 746 4071 1026 4126; x_wconf 86' lang='lat' dir='ltr'><strong>maledixit</strong></span> <span class='ocrx_word' id='word_1_313' title='bbox 1059 4081 1224 4141; x_wconf 92' lang='lat' dir='ltr'><strong>atque</strong></span> <span class='ocrx_word' id='word_1_314' title='bbox 1255 4071 1497 4126; x_wconf 91' lang='lat' dir='ltr'><strong>dolorem</strong></span> <span class='ocrx_word' id='word_1_315' title='bbox 1537 4075 1764 4142; x_wconf 89' lang='lat' dir='ltr'><strong>optavit,</strong></span> <span class='ocrx_word' id='word_1_316' title='bbox 1793 4075 2016 4130; x_wconf 90' lang='lat' dir='ltr'><strong>dicens:</strong></span> 
     </span>
    </p>
   </div>
   <div class='ocr_carea' id='block_1_44' title="bbox 439 4163 2020 4236">
    <p class='ocr_par' dir='ltr' id='par_1_44' title="bbox 439 4163 2020 4236">
     <span class='ocr_line' id='line_1_44' title="bbox 439 4163 2020 4236; baseline 0.004 -21"><span class='ocrx_word' id='word_1_317' title='bbox 439 4163 630 4218; x_wconf 79' lang='lat' dir='ltr'><strong>Pereat</strong></span> <span class='ocrx_word' id='word_1_318' title='bbox 657 4163 747 4217; x_wconf 79' lang='lat' dir='ltr'><strong>ille</strong></span> <span class='ocrx_word' id='word_1_319' title='bbox 773 4164 883 4218; x_wconf 83' lang='lat' dir='ltr'><strong>dies</strong></span> <span class='ocrx_word' id='word_1_320' title='bbox 909 4163 966 4217; x_wconf 86' lang='lat' dir='ltr'><strong>in</strong></span> <span class='ocrx_word' id='word_1_321' title='bbox 999 4181 1102 4232; x_wconf 89' lang='lat' dir='ltr'><strong>quo</strong></span> <span class='ocrx_word' id='word_1_322' title='bbox 1132 4175 1288 4218; x_wconf 83' lang='lat' dir='ltr'><strong>natus</strong></span> <span class='ocrx_word' id='word_1_323' title='bbox 1327 4181 1465 4228; x_wconf 89' lang='lat' dir='ltr'><strong>sum,</strong></span> <span class='ocrx_word' id='word_1_324' title='bbox 1511 4173 1562 4219; x_wconf 84' lang='lat' dir='ltr'><strong>et</strong></span> <span class='ocrx_word' id='word_1_325' title='bbox 1591 4181 1696 4218; x_wconf 72' lang='lat' dir='ltr'><strong>nos:</strong></span> <span class='ocrx_word' id='word_1_326' title='bbox 1717 4165 1811 4220; x_wconf 86' lang='lat' dir='ltr'><strong>illa</strong></span> <span class='ocrx_word' id='word_1_327' title='bbox 1840 4168 1895 4219; x_wconf 87' lang='lat' dir='ltr'><strong>in</strong></span> <span class='ocrx_word' id='word_1_328' title='bbox 1915 4183 2020 4236; x_wconf 87' lang='lat' dir='ltr'><strong>qua</strong></span> 
     </span>
    </p>
   </div>
   <div class='ocr_carea' id='block_1_45' title="bbox 437 4251 2018 4324">
    <p class='ocr_par' dir='ltr' id='par_1_45' title="bbox 437 4251 2018 4324">
     <span class='ocr_line' id='line_1_45' title="bbox 437 4251 2018 4324; baseline 0.005 -20"><span class='ocrx_word' id='word_1_329' title='bbox 437 4253 636 4306; x_wconf 84' lang='lat' dir='ltr'><strong>dictum</strong></span> <span class='ocrx_word' id='word_1_330' title='bbox 674 4263 748 4308; x_wconf 85' lang='lat' dir='ltr'><strong>est</strong></span> <span class='ocrx_word' id='word_1_331' title='bbox 786 4269 804 4308; x_wconf 95' lang='lat'><em>:</em></span> <span class='ocrx_word' id='word_1_332' title='bbox 839 4251 974 4307; x_wconf 82' lang='lat' dir='ltr'><strong>Ecce</strong></span> <span class='ocrx_word' id='word_1_333' title='bbox 999 4253 1292 4308; x_wconf 75' lang='lat' dir='ltr'><strong>masculus.</strong></span> <span class='ocrx_word' id='word_1_334' title='bbox 1351 4253 1573 4320; x_wconf 83' lang='lat' dir='ltr'><strong>Quare?</strong></span> <span class='ocrx_word' id='word_1_335' title='bbox 1605 4255 1730 4324; x_wconf 90' lang='lat' dir='ltr'><strong>quia</strong></span> <span class='ocrx_word' id='word_1_336' title='bbox 1769 4258 2018 4312; x_wconf 85' lang='lat' dir='ltr'><strong>tenebro-</strong></span> 
     </span>
    </p>
   </div>
   <div class='ocr_carea' id='block_1_46' title="bbox 437 4345 2019 4416">
    <p class='ocr_par' dir='ltr' id='par_1_46' title="bbox 437 4345 2019 4416">
     <span class='ocr_line' id='line_1_46' title="bbox 437 4345 2019 4416; baseline 0.002 -17"><span class='ocrx_word' id='word_1_337' title='bbox 437 4357 619 4399; x_wconf 85' lang='lat' dir='ltr'><strong>sorum</strong></span> <span class='ocrx_word' id='word_1_338' title='bbox 648 4345 894 4400; x_wconf 90' lang='lat' dir='ltr'><strong>dolorum</strong></span> <span class='ocrx_word' id='word_1_339' title='bbox 925 4345 1054 4400; x_wconf 94' lang='lat' dir='ltr'><strong>mihi</strong></span> <span class='ocrx_word' id='word_1_340' title='bbox 1088 4347 1388 4416; x_wconf 80' lang='lat' dir='ltr'><strong>auSpicium</strong></span> <span class='ocrx_word' id='word_1_341' title='bbox 1415 4356 1496 4402; x_wconf 91' lang='lat' dir='ltr'><strong>est</strong></span> <span class='ocrx_word' id='word_1_342' title='bbox 1539 4347 1736 4410; x_wconf 89' lang='lat' dir='ltr'><strong>factus,</strong></span> <span class='ocrx_word' id='word_1_343' title='bbox 1768 4348 1894 4416; x_wconf 86' lang='lat' dir='ltr'><strong>quia</strong></span> <span class='ocrx_word' id='word_1_344' title='bbox 1922 4349 2019 4403; x_wconf 87' lang='lat' dir='ltr'><strong>ob-</strong></span> 
     </span>
    </p>
   </div>
   <div class='ocr_carea' id='block_1_47' title="bbox 437 4436 2014 4507">
    <p class='ocr_par' dir='ltr' id='par_1_47' title="bbox 437 4436 2014 4507">
     <span class='ocr_line' id='line_1_47' title="bbox 437 4436 2014 4507; baseline 0.003 -18"><span class='ocrx_word' id='word_1_345' title='bbox 437 4436 880 4491; x_wconf 85' lang='lat' dir='ltr'><strong>scurissimorum</strong></span> <span class='ocrx_word' id='word_1_346' title='bbox 917 4438 1305 4506; x_wconf 88' lang='lat' dir='ltr'><strong>suppliciorum</strong></span> <span class='ocrx_word' id='word_1_347' title='bbox 1334 4439 1464 4493; x_wconf 90' lang='lat' dir='ltr'><strong>mihi</strong></span> <span class='ocrx_word' id='word_1_348' title='bbox 1495 4440 1706 4494; x_wconf 79' lang='lat' dir='ltr'><strong>exstitit</strong></span> <span class='ocrx_word' id='word_1_349' title='bbox 1737 4440 2014 4507; x_wconf 88' lang='lat' dir='ltr'><strong>introitus,</strong></span> 
     </span>
    </p>
   </div>
   <div class='ocr_carea' id='block_1_48' title="bbox 439 4527 2092 4626">
    <p class='ocr_par' dir='ltr' id='par_1_48' title="bbox 439 4527 2092 4626">
     <span class='ocr_line' id='line_1_48' title="bbox 439 4527 2092 4626; baseline 0.004 -45"><span class='ocrx_word' id='word_1_350' title='bbox 439 4527 568 4597; x_wconf 86' lang='lat' dir='ltr'><strong>quia</strong></span> <span class='ocrx_word' id='word_1_351' title='bbox 619 4543 742 4584; x_wconf 88' lang='lat' dir='ltr'><strong>cum</strong></span> <span class='ocrx_word' id='word_1_352' title='bbox 790 4545 848 4584; x_wconf 89' lang='lat' dir='ltr'><strong>re</strong></span> <span class='ocrx_word' id='word_1_353' title='bbox 895 4528 1151 4584; x_wconf 81' lang='lat' dir='ltr'><strong>familiari</strong></span> <span class='ocrx_word' id='word_1_354' title='bbox 1204 4541 1368 4600; x_wconf 90' lang='lat' dir='ltr'><strong>atque</strong></span> <span class='ocrx_word' id='word_1_355' title='bbox 1421 4531 1655 4586; x_wconf 90' lang='lat' dir='ltr'><strong>ﬁliorum</strong></span> <span class='ocrx_word' id='word_1_356' title='bbox 1713 4532 2016 4600; x_wconf 88' lang='lat' dir='ltr'><strong>perditione</strong></span> <span class='ocrx_word' id='word_1_357' title='bbox 2046 4569 2092 4626; x_wconf 64' lang='grc' dir='ltr'><strong>Β</strong></span> 
     </span>
    </p>
   </div>
   <div class='ocr_carea' id='block_1_49' title="bbox 439 4621 2012 4692">
    <p class='ocr_par' dir='ltr' id='par_1_49' title="bbox 439 4621 2012 4692">
     <span class='ocr_line' id='line_1_49' title="bbox 439 4621 2012 4692; baseline 0.001 -16"><span class='ocrx_word' id='word_1_358' title='bbox 439 4622 598 4676; x_wconf 81' lang='lat' dir='ltr'><strong>etiam</strong></span> <span class='ocrx_word' id='word_1_359' title='bbox 617 4621 818 4676; x_wconf 90' lang='lat' dir='ltr'><strong>amicos</strong></span> <span class='ocrx_word' id='word_1_360' title='bbox 850 4621 901 4676; x_wconf 91' lang='lat' dir='ltr'><strong>in</strong></span> <span class='ocrx_word' id='word_1_361' title='bbox 929 4621 1178 4676; x_wconf 90' lang='lat' dir='ltr'><strong>inimicos</strong></span> <span class='ocrx_word' id='word_1_362' title='bbox 1200 4623 1496 4686; x_wconf 89' lang='lat' dir='ltr'><strong>convertit,</strong></span> <span class='ocrx_word' id='word_1_363' title='bbox 1525 4631 1576 4676; x_wconf 90' lang='lat' dir='ltr'><strong>et</strong></span> <span class='ocrx_word' id='word_1_364' title='bbox 1607 4637 1805 4692; x_wconf 90' lang='lat' dir='ltr'><strong>corpus</strong></span> <span class='ocrx_word' id='word_1_365' title='bbox 1833 4638 2012 4678; x_wconf 90' lang='lat' dir='ltr'><strong>meum</strong></span> 
     </span>
    </p>
   </div>
   <div class='ocr_carea' id='block_1_50' title="bbox 439 4713 2014 4782">
    <p class='ocr_par' dir='ltr' id='par_1_50' title="bbox 439 4713 2014 4782">
     <span class='ocr_line' id='line_1_50' title="bbox 439 4713 2014 4782; baseline 0.003 -16"><span class='ocrx_word' id='word_1_366' title='bbox 439 4713 714 4768; x_wconf 86' lang='lat' dir='ltr'><strong>vermibus</strong></span> <span class='ocrx_word' id='word_1_367' title='bbox 739 4715 1100 4782; x_wconf 89' lang='lat' dir='ltr'><strong>consumpsit,</strong></span> <span class='ocrx_word' id='word_1_368' title='bbox 1125 4723 1184 4768; x_wconf 91' lang='lat' dir='ltr'><strong>et</strong></span> <span class='ocrx_word' id='word_1_369' title='bbox 1221 4715 1586 4770; x_wconf 88' lang='lat' dir='ltr'><strong>membrorum</strong></span> <span class='ocrx_word' id='word_1_370' title='bbox 1616 4729 1858 4769; x_wconf 89' lang='lat' dir='ltr'><strong>meorum</strong></span> <span class='ocrx_word' id='word_1_371' title='bbox 1887 4729 2014 4770; x_wconf 89' lang='lat' dir='ltr'><strong>ner-</strong></span> 
     </span>
    </p>
   </div>
   <div class='ocr_carea' id='block_1_51' title="bbox 437 4805 2017 4876">
    <p class='ocr_par' dir='ltr' id='par_1_51' title="bbox 437 4805 2017 4876">
     <span class='ocr_line' id='line_1_51' title="bbox 437 4805 2017 4876; baseline 0.001 -18"><span class='ocrx_word' id='word_1_372' title='bbox 437 4807 537 4860; x_wconf 75' lang='lat' dir='ltr'><strong>vds</strong></span> <span class='ocrx_word' id='word_1_373' title='bbox 563 4807 789 4862; x_wconf 89' lang='lat' dir='ltr'><strong>humore</strong></span> <span class='ocrx_word' id='word_1_374' title='bbox 818 4805 1059 4860; x_wconf 85' lang='lat' dir='ltr'><strong>vulneris</strong></span> <span class='ocrx_word' id='word_1_375' title='bbox 1111 4805 1410 4875; x_wconf 87' lang='lat' dir='ltr'><strong>liquefecit.</strong></span> <span class='ocrx_word' id='word_1_376' title='bbox 1450 4805 1556 4860; x_wconf 91' lang='lat' dir='ltr'><strong>Pro</strong></span> <span class='ocrx_word' id='word_1_377' title='bbox 1604 4805 1690 4861; x_wconf 89' lang='lat' dir='ltr'><strong>his</strong></span> <span class='ocrx_word' id='word_1_378' title='bbox 1725 4820 1856 4876; x_wconf 87' lang='lat' dir='ltr'><strong>ergo</strong></span> <span class='ocrx_word' id='word_1_379' title='bbox 1893 4821 2017 4860; x_wconf 84' lang='lat' dir='ltr'><strong>om-</strong></span> 
     </span>
    </p>
   </div>
   <div class='ocr_carea' id='block_1_52' title="bbox 438 4897 2018 4967">
    <p class='ocr_par' dir='ltr' id='par_1_52' title="bbox 438 4897 2018 4967">
     <span class='ocr_line' id='line_1_52' title="bbox 438 4897 2018 4967; baseline 0.001 -16"><span class='ocrx_word' id='word_1_380' title='bbox 438 4899 598 4954; x_wconf 87' lang='lat' dir='ltr'><strong>nibus</strong></span> <span class='ocrx_word' id='word_1_381' title='bbox 627 4898 743 4954; x_wconf 91' lang='lat' dir='ltr'><strong>dies</strong></span> <span class='ocrx_word' id='word_1_382' title='bbox 789 4897 881 4953; x_wconf 90' lang='lat' dir='ltr'><strong>illa</strong></span> <span class='ocrx_word' id='word_1_383' title='bbox 919 4897 992 4953; x_wconf 90' lang='lat' dir='ltr'><strong>sit</strong></span> <span class='ocrx_word' id='word_1_384' title='bbox 1029 4899 1083 4952; x_wconf 90' lang='lat' dir='ltr'><strong>in</strong></span> <span class='ocrx_word' id='word_1_385' title='bbox 1117 4898 1378 4964; x_wconf 86' lang='lat' dir='ltr'><strong>tenebris,</strong></span> <span class='ocrx_word' id='word_1_386' title='bbox 1405 4908 1464 4952; x_wconf 91' lang='lat' dir='ltr'><strong>et</strong></span> <span class='ocrx_word' id='word_1_387' title='bbox 1525 4907 1782 4967; x_wconf 88' lang='lat' dir='ltr'><strong>tanquam</strong></span> <span class='ocrx_word' id='word_1_388' title='bbox 1826 4912 2018 4953; x_wconf 88' lang='lat' dir='ltr'><strong>errans</strong></span> 
     </span>
    </p>
   </div>
   <div class='ocr_carea' id='block_1_53' title="bbox 436 4991 2016 5056">
    <p class='ocr_par' dir='ltr' id='par_1_53' title="bbox 436 4991 2016 5056">
     <span class='ocr_line' id='line_1_53' title="bbox 436 4991 2016 5056; baseline -0.001 -11"><span class='ocrx_word' id='word_1_389' title='bbox 436 4992 736 5046; x_wconf 86' lang='lat' dir='ltr'><strong>circumeat</strong></span> <span class='ocrx_word' id='word_1_390' title='bbox 787 4991 842 5044; x_wconf 90' lang='lat' dir='ltr'><strong>in</strong></span> <span class='ocrx_word' id='word_1_391' title='bbox 891 4991 1152 5056; x_wconf 89' lang='lat' dir='ltr'><strong>tenebris,</strong></span> <span class='ocrx_word' id='word_1_392' title='bbox 1194 5001 1250 5046; x_wconf 92' lang='lat' dir='ltr'><strong>et</strong></span> <span class='ocrx_word' id='word_1_393' title='bbox 1293 5005 1485 5044; x_wconf 87' lang='lat' dir='ltr'><strong>rursus</strong></span> <span class='ocrx_word' id='word_1_394' title='bbox 1527 4991 1594 5045; x_wconf 91' lang='lat' dir='ltr'><strong>ad</strong></span> <span class='ocrx_word' id='word_1_395' title='bbox 1623 5003 1708 5044; x_wconf 93' lang='lat' dir='ltr'><strong>me</strong></span> <span class='ocrx_word' id='word_1_396' title='bbox 1733 5003 2016 5044; x_wconf 89' lang='lat' dir='ltr'><strong>accessum</strong></span> 
     </span>
    </p>
   </div>
   <div class='ocr_carea' id='block_1_54' title="bbox 437 5081 2024 5153">
    <p class='ocr_par' dir='ltr' id='par_1_54' title="bbox 437 5081 2024 5153">
     <span class='ocr_line' id='line_1_54' title="bbox 437 5081 2024 5153; baseline 0.001 -17"><span class='ocrx_word' id='word_1_397' title='bbox 437 5098 546 5137; x_wconf 86' lang='lat' dir='ltr'><strong>non</strong></span> <span class='ocrx_word' id='word_1_398' title='bbox 582 5083 844 5147; x_wconf 89' lang='lat' dir='ltr'><strong>inveniat,</strong></span> <span class='ocrx_word' id='word_1_399' title='bbox 903 5096 1080 5153; x_wconf 88' lang='lat' dir='ltr'><strong>neque</strong></span> <span class='ocrx_word' id='word_1_400' title='bbox 1134 5083 1569 5152; x_wconf 88' lang='lat' dir='ltr'><strong>appropinquare</strong></span> <span class='ocrx_word' id='word_1_401' title='bbox 1616 5081 1816 5148; x_wconf 82' lang='lat' dir='ltr'><strong>valeat,</strong></span> <span class='ocrx_word' id='word_1_402' title='bbox 1847 5095 2024 5151; x_wconf 89' lang='lat' dir='ltr'><strong>neque</strong></span> 
     </span>
    </p>
   </div>
   <div class='ocr_carea' id='block_1_55' title="bbox 439 5173 2021 5244">
    <p class='ocr_par' dir='ltr' id='par_1_55' title="bbox 439 5173 2021 5244">
     <span class='ocr_line' id='line_1_55' title="bbox 439 5173 2021 5244; baseline -0.001 -16"><span class='ocrx_word' id='word_1_403' title='bbox 439 5176 663 5230; x_wconf 88' lang='lat' dir='ltr'><strong>vulnera</strong></span> <span class='ocrx_word' id='word_1_404' title='bbox 697 5190 816 5230; x_wconf 90' lang='lat' dir='ltr'><strong>mea</strong></span> <span class='ocrx_word' id='word_1_405' title='bbox 839 5173 1136 5230; x_wconf 85' lang='lat' dir='ltr'><strong>identidem</strong></span> <span class='ocrx_word' id='word_1_406' title='bbox 1168 5183 1412 5239; x_wconf 89' lang='lat' dir='ltr'><strong>renovet,</strong></span> <span class='ocrx_word' id='word_1_407' title='bbox 1449 5188 1626 5242; x_wconf 91' lang='lat' dir='ltr'><strong>neque</strong></span> <span class='ocrx_word' id='word_1_408' title='bbox 1661 5173 1878 5244; x_wconf 77' lang='lat' dir='ltr'><strong>maligni</strong></span> <span class='ocrx_word' id='word_1_409' title='bbox 1902 5173 2021 5228; x_wconf 88' lang='lat' dir='ltr'><strong>dia-</strong></span> 
     </span>
    </p>
   </div>
   <div class='ocr_carea' id='block_1_56' title="bbox 436 5263 2019 5335">
    <p class='ocr_par' dir='ltr' id='par_1_56' title="bbox 436 5263 2019 5335">
     <span class='ocr_line' id='line_1_56' title="bbox 436 5263 2019 5335; baseline -0.001 -13"><span class='ocrx_word' id='word_1_410' title='bbox 436 5266 542 5322; x_wconf 88' lang='lat' dir='ltr'><strong>boli</strong></span> <span class='ocrx_word' id='word_1_411' title='bbox 568 5267 742 5321; x_wconf 86' lang='lat' dir='ltr'><strong>zelum</strong></span> <span class='ocrx_word' id='word_1_412' title='bbox 773 5266 950 5322; x_wconf 89' lang='lat' dir='ltr'><strong>denuo</strong></span> <span class='ocrx_word' id='word_1_413' title='bbox 995 5265 1128 5321; x_wconf 89' lang='lat' dir='ltr'><strong>mihi</strong></span> <span class='ocrx_word' id='word_1_414' title='bbox 1161 5266 1562 5321; x_wconf 88' lang='lat' dir='ltr'><strong>subministret.</strong></span> <span class='ocrx_word' id='word_1_415' title='bbox 1613 5263 1694 5320; x_wconf 90' lang='lat' dir='ltr'><strong>Ob</strong></span> <span class='ocrx_word' id='word_1_416' title='bbox 1745 5265 1850 5319; x_wconf 88' lang='lat' dir='ltr'><strong>hoc</strong></span> <span class='ocrx_word' id='word_1_417' title='bbox 1889 5279 2019 5335; x_wconf 84' lang='lat' dir='ltr'><strong>ergo</strong></span> 
     </span>
    </p>
   </div>
   <div class='ocr_carea' id='block_1_57' title="bbox 437 5355 2020 5426">
    <p class='ocr_par' dir='ltr' id='par_1_57' title="bbox 437 5355 2020 5426">
     <span class='ocr_line' id='line_1_57' title="bbox 437 5355 2020 5426; baseline -0.001 -15"><span class='ocrx_word' id='word_1_418' title='bbox 437 5358 554 5414; x_wconf 88' lang='lat' dir='ltr'><strong>dies</strong></span> <span class='ocrx_word' id='word_1_419' title='bbox 581 5357 668 5412; x_wconf 89' lang='lat' dir='ltr'><strong>ille</strong></span> <span class='ocrx_word' id='word_1_420' title='bbox 697 5358 770 5412; x_wconf 91' lang='lat' dir='ltr'><strong>sit</strong></span> <span class='ocrx_word' id='word_1_421' title='bbox 799 5358 854 5412; x_wconf 90' lang='lat' dir='ltr'><strong>in</strong></span> <span class='ocrx_word' id='word_1_422' title='bbox 883 5357 1144 5423; x_wconf 82' lang='lat' dir='ltr'><strong>tenebris,</strong></span> <span class='ocrx_word' id='word_1_423' title='bbox 1179 5357 1294 5411; x_wconf 88' lang='lat' dir='ltr'><strong>dies</strong></span> <span class='ocrx_word' id='word_1_424' title='bbox 1330 5356 1420 5409; x_wconf 92' lang='lat' dir='ltr'><strong>ille</strong></span> <span class='ocrx_word' id='word_1_425' title='bbox 1445 5357 1538 5426; x_wconf 91' lang='lat' dir='ltr'><strong>qui</strong></span> <span class='ocrx_word' id='word_1_426' title='bbox 1571 5355 1833 5426; x_wconf 91' lang='lat' dir='ltr'><strong>plurimos</strong></span> <span class='ocrx_word' id='word_1_427' title='bbox 1867 5356 2020 5412; x_wconf 90' lang='lat' dir='ltr'><strong>delu-</strong></span> 
     </span>
    </p>
   </div>
   <div class='ocr_carea' id='block_1_58' title="bbox 437 5447 2022 5520">
    <p class='ocr_par' dir='ltr' id='par_1_58' title="bbox 437 5447 2022 5520">
     <span class='ocr_line' id='line_1_58' title="bbox 437 5447 2022 5520; baseline 0 -16"><span class='ocrx_word' id='word_1_428' title='bbox 437 5449 536 5514; x_wconf 87' lang='lat' dir='ltr'><strong>dit,</strong></span> <span class='ocrx_word' id='word_1_429' title='bbox 565 5449 656 5520; x_wconf 93' lang='lat' dir='ltr'><strong>qui</strong></span> <span class='ocrx_word' id='word_1_430' title='bbox 693 5449 954 5518; x_wconf 89' lang='lat' dir='ltr'><strong>plurimos</strong></span> <span class='ocrx_word' id='word_1_431' title='bbox 982 5449 1220 5510; x_wconf 89' lang='lat' dir='ltr'><strong>seducit,</strong></span> <span class='ocrx_word' id='word_1_432' title='bbox 1251 5447 1344 5517; x_wconf 90' lang='lat' dir='ltr'><strong>qui</strong></span> <span class='ocrx_word' id='word_1_433' title='bbox 1387 5447 1638 5517; x_wconf 88' lang='lat' dir='ltr'><strong>plurimis</strong></span> <span class='ocrx_word' id='word_1_434' title='bbox 1671 5458 1908 5503; x_wconf 82' lang='lat' dir='ltr'><strong>aeternas</strong></span> <span class='ocrx_word' id='word_1_435' title='bbox 1942 5457 2022 5504; x_wconf 89' lang='lat' dir='ltr'><strong>te-</strong></span> 
     </span>
    </p>
   </div>
   <div class='ocr_carea' id='block_1_59' title="bbox 439 5537 2020 5611">
    <p class='ocr_par' dir='ltr' id='par_1_59' title="bbox 439 5537 2020 5611">
     <span class='ocr_line' id='line_1_59' title="bbox 439 5537 2020 5611; baseline -0.001 -16"><span class='ocrx_word' id='word_1_436' title='bbox 439 5541 635 5597; x_wconf 84' lang='lat' dir='ltr'><strong>nebras</strong></span> <span class='ocrx_word' id='word_1_437' title='bbox 677 5549 954 5611; x_wconf 81' lang='lat' dir='ltr'><strong>procurat.</strong></span> <span class='ocrx_word' id='word_1_438' title='bbox 983 5537 1247 5594; x_wconf 79' lang='lat' dir='ltr'><strong>Gmnibus</strong></span> <span class='ocrx_word' id='word_1_439' title='bbox 1273 5539 1382 5594; x_wconf 90' lang='lat' dir='ltr'><strong>illis</strong></span> <span class='ocrx_word' id='word_1_440' title='bbox 1415 5539 1506 5608; x_wconf 91' lang='lat' dir='ltr'><strong>qui</strong></span> <span class='ocrx_word' id='word_1_441' title='bbox 1547 5540 1824 5595; x_wconf 89' lang='lat' dir='ltr'><strong>carnalem</strong></span> <span class='ocrx_word' id='word_1_442' title='bbox 1853 5541 2020 5594; x_wconf 89' lang='lat' dir='ltr'><strong>vitam</strong></span> 
     </span>
    </p>
   </div>
   <div class='ocr_carea' id='block_1_60' title="bbox 438 5631 2016 5706">
    <p class='ocr_par' dir='ltr' id='par_1_60' title="bbox 438 5631 2016 5706">
     <span class='ocr_line' id='line_1_60' title="bbox 438 5631 2016 5706; baseline 0.001 -20"><span class='ocrx_word' id='word_1_443' title='bbox 438 5634 804 5704; x_wconf 70' lang='lat' dir='ltr'><strong>quazsierunt,</strong></span> <span class='ocrx_word' id='word_1_444' title='bbox 862 5631 1116 5706; x_wconf 81' lang='lat' dir='ltr'><strong>spiritalis</strong></span> <span class='ocrx_word' id='word_1_445' title='bbox 1170 5645 1302 5688; x_wconf 88' lang='lat' dir='ltr'><strong>vero</strong></span> <span class='ocrx_word' id='word_1_446' title='bbox 1359 5646 1630 5690; x_wconf 83' lang='lat' dir='ltr'><strong>memores</strong></span> <span class='ocrx_word' id='word_1_447' title='bbox 1689 5647 1796 5690; x_wconf 87' lang='lat' dir='ltr'><strong>non</strong></span> <span class='ocrx_word' id='word_1_448' title='bbox 1857 5641 2016 5698; x_wconf 87' lang='lat' dir='ltr'><strong>sunt;</strong></span> 
     </span>
    </p>
   </div>
   <div class='ocr_carea' id='block_1_61' title="bbox 547 5809 1498 5876">
    <p class='ocr_par' dir='ltr' id='par_1_61' title="bbox 547 5809 1498 5876">
     <span class='ocr_line' id='line_1_61' title="bbox 547 5809 1498 5876; baseline -0.002 -8"><span class='ocrx_word' id='word_1_449' title='bbox 547 5813 590 5844; x_wconf 66' lang='lat'><strong>7&quot;</strong></span> <span class='ocrx_word' id='word_1_450' title='bbox 615 5810 715 5868; x_wconf 76' lang='lat' dir='ltr'><strong>Job</strong></span> <span class='ocrx_word' id='word_1_451' title='bbox 741 5827 826 5876; x_wconf 84' lang='lat' dir='ltr'><strong>tu,</strong></span> <span class='ocrx_word' id='word_1_452' title='bbox 860 5811 914 5868; x_wconf 78' lang='grc'><strong>5.</strong></span> <span class='ocrx_word' id='word_1_453' title='bbox 989 5810 1034 5843; x_wconf 83' lang='grc'><strong>⁷⁸</strong></span> <span class='ocrx_word' id='word_1_454' title='bbox 1065 5809 1267 5868; x_wconf 73' lang='lat' dir='ltr'><strong>ibid.4.</strong></span> <span class='ocrx_word' id='word_1_455' title='bbox 1293 5811 1337 5846; x_wconf 78' lang='grc' dir='ltr'><strong><em>ἠ</em></strong></span> <span class='ocrx_word' id='word_1_456' title='bbox 1368 5810 1498 5867; x_wconf 91' lang='lat' dir='ltr'><strong>ibid.</strong></span> 
     </span>
    </p>
   </div>
   <div class='ocr_carea' id='block_1_62' title="bbox 2120 586 3702 660">
    <p class='ocr_par' dir='ltr' id='par_1_62' title="bbox 2120 586 3702 660">
     <span class='ocr_line' id='line_1_62' title="bbox 2120 586 3702 660; baseline 0.001 -20"><span class='ocrx_word' id='word_1_457' title='bbox 2120 586 2372 640; x_wconf 91' lang='lat' dir='ltr'><strong>omnibus</strong></span> <span class='ocrx_word' id='word_1_458' title='bbox 2419 587 2510 655; x_wconf 89' lang='lat' dir='ltr'><strong>qui</strong></span> <span class='ocrx_word' id='word_1_459' title='bbox 2546 587 2804 656; x_wconf 88' lang='lat' dir='ltr'><strong>voluptati</strong></span> <span class='ocrx_word' id='word_1_460' title='bbox 2855 601 2920 640; x_wconf 90' lang='lat' dir='ltr'><strong>ac</strong></span> <span class='ocrx_word' id='word_1_461' title='bbox 2957 587 3134 642; x_wconf 91' lang='lat' dir='ltr'><strong>ventri</strong></span> <span class='ocrx_word' id='word_1_462' title='bbox 3176 588 3492 642; x_wconf 89' lang='lat' dir='ltr'><strong>deserviunt</strong></span> <span class='ocrx_word' id='word_1_463' title='bbox 3539 604 3702 660; x_wconf 89' lang='lat' dir='ltr'><strong>super</strong></span> 
     </span>
    </p>
   </div>
   <div class='ocr_carea' id='block_1_63' title="bbox 2121 675 3700 748">
    <p class='ocr_par' dir='ltr' id='par_1_63' title="bbox 2121 675 3700 748">
     <span class='ocr_line' id='line_1_63' title="bbox 2121 675 3700 748; baseline 0.004 -20"><span class='ocrx_word' id='word_1_464' title='bbox 2121 681 2358 739; x_wconf 87' lang='lat' dir='ltr'><strong>terram;</strong></span> <span class='ocrx_word' id='word_1_465' title='bbox 2409 675 2664 729; x_wconf 87' lang='lat' dir='ltr'><strong>omnibus</strong></span> <span class='ocrx_word' id='word_1_466' title='bbox 2697 675 2816 730; x_wconf 88' lang='lat' dir='ltr'><strong>istis</strong></span> <span class='ocrx_word' id='word_1_467' title='bbox 2845 677 3113 730; x_wconf 88' lang='lat' dir='ltr'><strong>obscurus</strong></span> <span class='ocrx_word' id='word_1_468' title='bbox 3162 675 3449 743; x_wconf 83' lang='lat' dir='ltr'><strong>eﬁiciatur,</strong></span> <span class='ocrx_word' id='word_1_469' title='bbox 3490 679 3618 748; x_wconf 86' lang='lat' dir='ltr'><strong>quia</strong></span> <span class='ocrx_word' id='word_1_470' title='bbox 3647 680 3700 734; x_wconf 93' lang='lat' dir='ltr'><strong>in</strong></span> 
     </span>
    </p>
   </div>
   <div class='ocr_carea' id='block_1_64' title="bbox 2119 765 3700 838">
    <p class='ocr_par' dir='ltr' id='par_1_64' title="bbox 2119 765 3700 838">
     <span class='ocr_line' id='line_1_64' title="bbox 2119 765 3700 838; baseline 0.004 -18"><span class='ocrx_word' id='word_1_471' title='bbox 2119 765 2357 820; x_wconf 89' lang='lat' dir='ltr'><strong>tenebris</strong></span> <span class='ocrx_word' id='word_1_472' title='bbox 2387 767 2698 835; x_wconf 91' lang='lat' dir='ltr'><strong>prodibunt,</strong></span> <span class='ocrx_word' id='word_1_473' title='bbox 2732 769 2858 837; x_wconf 88' lang='lat' dir='ltr'><strong>quia</strong></span> <span class='ocrx_word' id='word_1_474' title='bbox 2900 769 2954 822; x_wconf 91' lang='lat' dir='ltr'><strong>in</strong></span> <span class='ocrx_word' id='word_1_475' title='bbox 2991 770 3238 822; x_wconf 79' lang='lat' dir='ltr'><strong>tenebras</strong></span> <span class='ocrx_word' id='word_1_476' title='bbox 3261 768 3436 833; x_wconf 88' lang='lat' dir='ltr'><strong>ibtmt,</strong></span> <span class='ocrx_word' id='word_1_477' title='bbox 3464 771 3586 838; x_wconf 88' lang='lat' dir='ltr'><strong>quia</strong></span> <span class='ocrx_word' id='word_1_478' title='bbox 3619 781 3700 826; x_wconf 92' lang='lat' dir='ltr'><strong>te-</strong></span> 
     </span>
    </p>
   </div>
   <div class='ocr_carea' id='block_1_65' title="bbox 2121 857 3700 926">
    <p class='ocr_par' dir='ltr' id='par_1_65' title="bbox 2121 857 3700 926">
     <span class='ocr_line' id='line_1_65' title="bbox 2121 857 3700 926; baseline 0.003 -17"><span class='ocrx_word' id='word_1_479' title='bbox 2121 857 2302 910; x_wconf 60' lang='lat' dir='ltr'><strong>nebrae</strong></span> <span class='ocrx_word' id='word_1_480' title='bbox 2331 867 2620 926; x_wconf 87' lang='lat' dir='ltr'><strong>contegent</strong></span> <span class='ocrx_word' id='word_1_481' title='bbox 2649 873 2844 912; x_wconf 88' lang='lat' dir='ltr'><strong>nomen</strong></span> <span class='ocrx_word' id='word_1_482' title='bbox 2871 874 3079 916; x_wconf 86' lang='lat' dir='ltr'><strong>eorum.</strong></span> <span class='ocrx_word' id='word_1_483' title='bbox 3109 858 3230 912; x_wconf 83' lang='lat' dir='ltr'><strong>Dies</strong></span> <span class='ocrx_word' id='word_1_484' title='bbox 3254 859 3344 912; x_wconf 80' lang='lat' dir='ltr'><strong>ille</strong></span> <span class='ocrx_word' id='word_1_485' title='bbox 3373 861 3440 912; x_wconf 81' lang='lat' dir='ltr'><strong>sit</strong></span> <span class='ocrx_word' id='word_1_486' title='bbox 3476 862 3532 914; x_wconf 85' lang='lat' dir='ltr'><strong>in</strong></span> <span class='ocrx_word' id='word_1_487' title='bbox 3556 871 3700 914; x_wconf 85' lang='lat' dir='ltr'><strong>tene—</strong></span> 
     </span>
    </p>
   </div>
   <div class='ocr_carea' id='block_1_66' title="bbox 2121 947 3704 1020">
    <p class='ocr_par' dir='ltr' id='par_1_66' title="bbox 2121 947 3704 1020">
     <span class='ocr_line' id='line_1_66' title="bbox 2121 947 3704 1020; baseline 0.003 -20"><span class='ocrx_word' id='word_1_488' title='bbox 2121 947 2228 1000; x_wconf 80' lang='lat' dir='ltr'><strong>bris</strong></span> <span class='ocrx_word' id='word_1_489' title='bbox 2259 947 2324 1000; x_wconf 78' lang='grc'><strong>⁷⁸.</strong></span> <span class='ocrx_word' id='word_1_490' title='bbox 2357 947 2448 1003; x_wconf 89' lang='lat' dir='ltr'><strong>llle</strong></span> <span class='ocrx_word' id='word_1_491' title='bbox 2493 950 2548 1002; x_wconf 92' lang='lat' dir='ltr'><strong>in</strong></span> <span class='ocrx_word' id='word_1_492' title='bbox 2583 965 2692 1018; x_wconf 92' lang='lat' dir='ltr'><strong>quo</strong></span> <span class='ocrx_word' id='word_1_493' title='bbox 2727 949 2993 1020; x_wconf 87' lang='lat' dir='ltr'><strong>malignus</strong></span> <span class='ocrx_word' id='word_1_494' title='bbox 3033 959 3196 1018; x_wconf 89' lang='lat' dir='ltr'><strong>atque</strong></span> <span class='ocrx_word' id='word_1_495' title='bbox 3240 952 3561 1004; x_wconf 87' lang='lat' dir='ltr'><strong>tenebrosus</strong></span> <span class='ocrx_word' id='word_1_496' title='bbox 3587 952 3704 1006; x_wconf 89' lang='lat' dir='ltr'><strong>dia-</strong></span> 
     </span>
    </p>
   </div>
   <div class='ocr_carea' id='block_1_67' title="bbox 2119 1036 3702 1106">
    <p class='ocr_par' dir='ltr' id='par_1_67' title="bbox 2119 1036 3702 1106">
     <span class='ocr_line' id='line_1_67' title="bbox 2119 1036 3702 1106; baseline 0.003 -16"><span class='ocrx_word' id='word_1_497' title='bbox 2119 1036 2279 1092; x_wconf 89' lang='lat' dir='ltr'><strong>bolus</strong></span> <span class='ocrx_word' id='word_1_498' title='bbox 2306 1053 2460 1091; x_wconf 91' lang='lat' dir='ltr'><strong>suam</strong></span> <span class='ocrx_word' id='word_1_499' title='bbox 2504 1037 2732 1106; x_wconf 83' lang='lat' dir='ltr'><strong>perfecit</strong></span> <span class='ocrx_word' id='word_1_500' title='bbox 2777 1039 3128 1094; x_wconf 86' lang='lat' dir='ltr'><strong>voluntatem.</strong></span> <span class='ocrx_word' id='word_1_501' title='bbox 3162 1039 3296 1093; x_wconf 88' lang='lat' dir='ltr'><strong>Nam</strong></span> <span class='ocrx_word' id='word_1_502' title='bbox 3343 1049 3398 1095; x_wconf 92' lang='lat' dir='ltr'><strong>et</strong></span> <span class='ocrx_word' id='word_1_503' title='bbox 3427 1057 3558 1094; x_wconf 87' lang='lat' dir='ltr'><strong>vere</strong></span> <span class='ocrx_word' id='word_1_504' title='bbox 3599 1042 3702 1096; x_wconf 88' lang='lat' dir='ltr'><strong>nisi</strong></span> 
     </span>
    </p>
   </div>
   <div class='ocr_carea' id='block_1_68' title="bbox 2121 1129 3703 1198">
    <p class='ocr_par' dir='ltr' id='par_1_68' title="bbox 2121 1129 3703 1198">
     <span class='ocr_line' id='line_1_68' title="bbox 2121 1129 3703 1198; baseline 0.005 -18"><span class='ocrx_word' id='word_1_505' title='bbox 2121 1129 2352 1196; x_wconf 90' lang='lat' dir='ltr'><strong>primum</strong></span> <span class='ocrx_word' id='word_1_506' title='bbox 2382 1129 2759 1184; x_wconf 89' lang='lat' dir='ltr'><strong>obscuraverit</strong></span> <span class='ocrx_word' id='word_1_507' title='bbox 2793 1129 3040 1184; x_wconf 87' lang='lat' dir='ltr'><strong>diabolus</strong></span> <span class='ocrx_word' id='word_1_508' title='bbox 3070 1133 3232 1184; x_wconf 87' lang='lat' dir='ltr'><strong>corda</strong></span> <span class='ocrx_word' id='word_1_509' title='bbox 3268 1132 3570 1198; x_wconf 88' lang='lat' dir='ltr'><strong>hominum,</strong></span> <span class='ocrx_word' id='word_1_510' title='bbox 3599 1133 3703 1188; x_wconf 90' lang='lat' dir='ltr'><strong>nisi</strong></span> 
     </span>
    </p>
   </div>
   <div class='ocr_carea' id='block_1_69' title="bbox 2120 1219 3704 1293">
    <p class='ocr_par' dir='ltr' id='par_1_69' title="bbox 2120 1219 3704 1293">
     <span class='ocr_line' id='line_1_69' title="bbox 2120 1219 3704 1293; baseline 0.006 -22"><span class='ocrx_word' id='word_1_511' title='bbox 2120 1219 2352 1286; x_wconf 91' lang='lat' dir='ltr'><strong>primum</strong></span> <span class='ocrx_word' id='word_1_512' title='bbox 2413 1221 2765 1276; x_wconf 84' lang='lat' dir='ltr'><strong>infuscaverit</strong></span> <span class='ocrx_word' id='word_1_513' title='bbox 2827 1222 3038 1275; x_wconf 88' lang='lat' dir='ltr'><strong>animas</strong></span> <span class='ocrx_word' id='word_1_514' title='bbox 3086 1237 3317 1288; x_wconf 90' lang='lat' dir='ltr'><strong>eorum,</strong></span> <span class='ocrx_word' id='word_1_515' title='bbox 3397 1224 3499 1278; x_wconf 89' lang='lat' dir='ltr'><strong>nisi</strong></span> <span class='ocrx_word' id='word_1_516' title='bbox 3555 1225 3704 1293; x_wconf 87' lang='lat' dir='ltr'><strong>prius</strong></span> 
     </span>
    </p>
   </div>
   <div class='ocr_carea' id='block_1_70' title="bbox 2119 1311 3704 1385">
    <p class='ocr_par' dir='ltr' id='par_1_70' title="bbox 2119 1311 3704 1385">
     <span class='ocr_line' id='line_1_70' title="bbox 2119 1311 3704 1385; baseline 0.004 -19"><span class='ocrx_word' id='word_1_517' title='bbox 2119 1311 2444 1366; x_wconf 87' lang='lat' dir='ltr'><strong>oblivionem</strong></span> <span class='ocrx_word' id='word_1_518' title='bbox 2478 1313 2684 1368; x_wconf 87' lang='lat' dir='ltr'><strong>dederit</strong></span> <span class='ocrx_word' id='word_1_519' title='bbox 2714 1313 2924 1368; x_wconf 89' lang='lat' dir='ltr'><strong>timoris</strong></span> <span class='ocrx_word' id='word_1_520' title='bbox 2950 1314 3040 1368; x_wconf 90' lang='lat' dir='ltr'><strong>Dei</strong></span> <span class='ocrx_word' id='word_1_521' title='bbox 3071 1325 3232 1383; x_wconf 90' lang='lat' dir='ltr'><strong>atque</strong></span> <span class='ocrx_word' id='word_1_522' title='bbox 3272 1317 3592 1372; x_wconf 89' lang='lat' dir='ltr'><strong>terribilium</strong></span> <span class='ocrx_word' id='word_1_523' title='bbox 3613 1317 3704 1385; x_wconf 88' lang='lat' dir='ltr'><strong>ju-</strong></span> 
     </span>
    </p>
   </div>
   <div class='ocr_carea' id='block_1_71' title="bbox 2121 1403 3705 1477">
    <p class='ocr_par' dir='ltr' id='par_1_71' title="bbox 2121 1403 3705 1477">
     <span class='ocr_line' id='line_1_71' title="bbox 2121 1403 3705 1477; baseline 0.004 -21"><span class='ocrx_word' id='word_1_524' title='bbox 2121 1403 2382 1458; x_wconf 89' lang='lat' dir='ltr'><strong>diciorum</strong></span> <span class='ocrx_word' id='word_1_525' title='bbox 2423 1404 2559 1474; x_wconf 87' lang='lat' dir='ltr'><strong>ejus,</strong></span> <span class='ocrx_word' id='word_1_526' title='bbox 2594 1421 2699 1458; x_wconf 93' lang='lat' dir='ltr'><strong>non</strong></span> <span class='ocrx_word' id='word_1_527' title='bbox 2732 1406 2919 1474; x_wconf 85' lang='lat' dir='ltr'><strong>utique</strong></span> <span class='ocrx_word' id='word_1_528' title='bbox 2947 1407 3146 1460; x_wconf 84' lang='lat' dir='ltr'><strong>valebit</strong></span> <span class='ocrx_word' id='word_1_529' title='bbox 3179 1423 3416 1476; x_wconf 90' lang='lat' dir='ltr'><strong>unquam</strong></span> <span class='ocrx_word' id='word_1_530' title='bbox 3453 1419 3705 1477; x_wconf 89' lang='lat' dir='ltr'><strong>peccato-</strong></span> 
     </span>
    </p>
   </div>
   <div class='ocr_carea' id='block_1_72' title="bbox 2121 1497 3704 1568">
    <p class='ocr_par' dir='ltr' id='par_1_72' title="bbox 2121 1497 3704 1568">
     <span class='ocr_line' id='line_1_72' title="bbox 2121 1497 3704 1568; baseline 0.006 -22"><span class='ocrx_word' id='word_1_531' title='bbox 2121 1509 2240 1548; x_wconf 88' lang='lat' dir='ltr'><strong>rum</strong></span> <span class='ocrx_word' id='word_1_532' title='bbox 2270 1511 2458 1550; x_wconf 89' lang='lat' dir='ltr'><strong>scmen</strong></span> <span class='ocrx_word' id='word_1_533' title='bbox 2486 1497 2758 1550; x_wconf 87' lang='lat' dir='ltr'><strong>seminare</strong></span> <span class='ocrx_word' id='word_1_534' title='bbox 2785 1497 2838 1550; x_wconf 91' lang='lat' dir='ltr'><strong>in</strong></span> <span class='ocrx_word' id='word_1_535' title='bbox 2873 1497 3126 1552; x_wconf 90' lang='lat' dir='ltr'><strong>cordibus</strong></span> <span class='ocrx_word' id='word_1_536' title='bbox 3159 1513 3368 1552; x_wconf 89' lang='lat' dir='ltr'><strong>eorum.</strong></span> <span class='ocrx_word' id='word_1_537' title='bbox 3414 1500 3704 1568; x_wconf 83' lang='lat' dir='ltr'><strong>Postquam</strong></span> 
     </span>
    </p>
   </div>
   <div class='ocr_carea' id='block_1_73' title="bbox 2120 1587 3708 1657">
    <p class='ocr_par' dir='ltr' id='par_1_73' title="bbox 2120 1587 3708 1657">
     <span class='ocr_line' id='line_1_73' title="bbox 2120 1587 3708 1657; baseline 0.006 -19"><span class='ocrx_word' id='word_1_538' title='bbox 2120 1600 2250 1640; x_wconf 91' lang='lat' dir='ltr'><strong>vero</strong></span> <span class='ocrx_word' id='word_1_539' title='bbox 2280 1587 2658 1642; x_wconf 89' lang='lat' dir='ltr'><strong>obscuraverit</strong></span> <span class='ocrx_word' id='word_1_540' title='bbox 2693 1589 2956 1650; x_wconf 90' lang='lat' dir='ltr'><strong>animam,</strong></span> <span class='ocrx_word' id='word_1_541' title='bbox 2988 1599 3041 1642; x_wconf 87' lang='lat' dir='ltr'><strong>et</strong></span> <span class='ocrx_word' id='word_1_542' title='bbox 3077 1605 3106 1641; x_wconf 92' lang='lat' dir='ltr'><strong>a</strong></span> <span class='ocrx_word' id='word_1_543' title='bbox 3135 1591 3239 1644; x_wconf 86' lang='lat' dir='ltr'><strong>Deo</strong></span> <span class='ocrx_word' id='word_1_544' title='bbox 3271 1593 3550 1657; x_wconf 84' lang='lat' dir='ltr'><strong>averterit,</strong></span> <span class='ocrx_word' id='word_1_545' title='bbox 3578 1602 3708 1647; x_wconf 91' lang='lat' dir='ltr'><strong>tunc</strong></span> 
     </span>
    </p>
   </div>
   <div class='ocr_carea' id='block_1_74' title="bbox 2121 1677 3705 1751">
    <p class='ocr_par' dir='ltr' id='par_1_74' title="bbox 2121 1677 3705 1751">
     <span class='ocr_line' id='line_1_74' title="bbox 2121 1677 3705 1751; baseline 0.004 -19"><span class='ocrx_word' id='word_1_546' title='bbox 2121 1677 2330 1732; x_wconf 88' lang='lat' dir='ltr'><strong>scilicet</strong></span> <span class='ocrx_word' id='word_1_547' title='bbox 2369 1679 2435 1732; x_wconf 91' lang='lat' dir='ltr'><strong>ad</strong></span> <span class='ocrx_word' id='word_1_548' title='bbox 2472 1679 2654 1734; x_wconf 87' lang='lat' dir='ltr'><strong>omnia</strong></span> <span class='ocrx_word' id='word_1_549' title='bbox 2683 1679 2848 1745; x_wconf 86' lang='lat' dir='ltr'><strong>mala,</strong></span> <span class='ocrx_word' id='word_1_550' title='bbox 2905 1683 2972 1734; x_wconf 91' lang='lat' dir='ltr'><strong>ad</strong></span> <span class='ocrx_word' id='word_1_551' title='bbox 3031 1682 3444 1751; x_wconf 86' lang='lat' dir='ltr'><strong>impudicitiam,</strong></span> <span class='ocrx_word' id='word_1_552' title='bbox 3473 1685 3540 1736; x_wconf 89' lang='lat' dir='ltr'><strong>ad</strong></span> <span class='ocrx_word' id='word_1_553' title='bbox 3581 1683 3705 1738; x_wconf 81' lang='lat' dir='ltr'><strong>Inﬁ-</strong></span> 
     </span>
    </p>
   </div>
   <div class='ocr_carea' id='block_1_75' title="bbox 2121 1768 3706 1845">
    <p class='ocr_par' dir='ltr' id='par_1_75' title="bbox 2121 1768 3706 1845">
     <span class='ocr_line' id='line_1_75' title="bbox 2121 1768 3706 1845; baseline 0.005 -23"><span class='ocrx_word' id='word_1_554' title='bbox 2121 1768 2396 1824; x_wconf 88' lang='lat' dir='ltr'><strong>delitatem</strong></span> <span class='ocrx_word' id='word_1_555' title='bbox 2429 1781 2591 1839; x_wconf 91' lang='lat' dir='ltr'><strong>atque</strong></span> <span class='ocrx_word' id='word_1_556' title='bbox 2621 1773 2686 1824; x_wconf 93' lang='lat' dir='ltr'><strong>ad</strong></span> <span class='ocrx_word' id='word_1_557' title='bbox 2712 1772 2894 1828; x_wconf 89' lang='lat' dir='ltr'><strong>omnia</strong></span> <span class='ocrx_word' id='word_1_558' title='bbox 2925 1773 3110 1828; x_wconf 88' lang='lat' dir='ltr'><strong>carnis</strong></span> <span class='ocrx_word' id='word_1_559' title='bbox 3141 1773 3409 1828; x_wconf 87' lang='lat' dir='ltr'><strong>desideria</strong></span> <span class='ocrx_word' id='word_1_560' title='bbox 3447 1783 3706 1845; x_wconf 81' lang='lat' dir='ltr'><strong>tanquam</strong></span> 
     </span>
    </p>
   </div>
   <div class='ocr_carea' id='block_1_76' title="bbox 2122 1863 3710 1930">
    <p class='ocr_par' dir='ltr' id='par_1_76' title="bbox 2122 1863 3710 1930">
     <span class='ocr_line' id='line_1_76' title="bbox 2122 1863 3710 1930; baseline 0.006 -18"><span class='ocrx_word' id='word_1_561' title='bbox 2122 1873 2215 1914; x_wconf 89' lang='lat' dir='ltr'><strong>eos</strong></span> <span class='ocrx_word' id='word_1_562' title='bbox 2253 1864 2343 1930; x_wconf 91' lang='lat' dir='ltr'><strong>qui</strong></span> <span class='ocrx_word' id='word_1_563' title='bbox 2396 1863 2448 1915; x_wconf 93' lang='lat' dir='ltr'><strong>in</strong></span> <span class='ocrx_word' id='word_1_564' title='bbox 2513 1865 2750 1917; x_wconf 88' lang='lat' dir='ltr'><strong>tenebris</strong></span> <span class='ocrx_word' id='word_1_565' title='bbox 2801 1874 2928 1918; x_wconf 90' lang='lat' dir='ltr'><strong>sunt</strong></span> <span class='ocrx_word' id='word_1_566' title='bbox 3007 1864 3166 1918; x_wconf 87' lang='lat' dir='ltr'><strong>facile</strong></span> <span class='ocrx_word' id='word_1_567' title='bbox 3225 1868 3514 1920; x_wconf 86' lang='lat' dir='ltr'><strong>convertit.</strong></span> <span class='ocrx_word' id='word_1_568' title='bbox 3587 1867 3710 1922; x_wconf 89' lang='lat' dir='ltr'><strong>Istis</strong></span> 
     </span>
    </p>
   </div>
   <div class='ocr_carea' id='block_1_77' title="bbox 2121 1954 3708 2023">
    <p class='ocr_par' dir='ltr' id='par_1_77' title="bbox 2121 1954 3708 2023">
     <span class='ocr_line' id='line_1_77' title="bbox 2121 1954 3708 2023; baseline 0.005 -17"><span class='ocrx_word' id='word_1_569' title='bbox 2121 1967 2251 2021; x_wconf 86' lang='lat' dir='ltr'><strong>ergo</strong></span> <span class='ocrx_word' id='word_1_570' title='bbox 2285 1954 2480 2010; x_wconf 89' lang='lat' dir='ltr'><strong>talibus</strong></span> <span class='ocrx_word' id='word_1_571' title='bbox 2506 1955 2738 2010; x_wconf 87' lang='lat' dir='ltr'><strong>ellicitur</strong></span> <span class='ocrx_word' id='word_1_572' title='bbox 2775 1957 2890 2010; x_wconf 87' lang='lat' dir='ltr'><strong>dies</strong></span> <span class='ocrx_word' id='word_1_573' title='bbox 2945 1956 3058 2023; x_wconf 89' lang='lat' dir='ltr'><strong>illa,</strong></span> <span class='ocrx_word' id='word_1_574' title='bbox 3117 1958 3218 2012; x_wconf 91' lang='lat' dir='ltr'><strong>hoc</strong></span> <span class='ocrx_word' id='word_1_575' title='bbox 3246 1968 3328 2011; x_wconf 89' lang='lat' dir='ltr'><strong>est</strong></span> <span class='ocrx_word' id='word_1_576' title='bbox 3359 1959 3474 2012; x_wconf 88' lang='lat' dir='ltr'><strong>dies</strong></span> <span class='ocrx_word' id='word_1_577' title='bbox 3509 1960 3708 2014; x_wconf 85' lang='lat' dir='ltr'><strong>nativi-</strong></span> 
     </span>
    </p>
   </div>
   <div class='ocr_carea' id='block_1_78' title="bbox 2125 2043 3711 2110">
    <p class='ocr_par' dir='ltr' id='par_1_78' title="bbox 2125 2043 3711 2110">
     <span class='ocr_line' id='line_1_78' title="bbox 2125 2043 3711 2110; baseline 0.005 -12"><span class='ocrx_word' id='word_1_578' title='bbox 2125 2043 2277 2110; x_wconf 90' lang='lat' dir='ltr'><strong>tatis,</strong></span> <span class='ocrx_word' id='word_1_579' title='bbox 2306 2045 2419 2099; x_wconf 89' lang='lat' dir='ltr'><strong>dies</strong></span> <span class='ocrx_word' id='word_1_580' title='bbox 2449 2048 2818 2102; x_wconf 88' lang='lat' dir='ltr'><strong>tenebrarum.</strong></span> <span class='ocrx_word' id='word_1_581' title='bbox 2845 2047 2910 2102; x_wconf 88' lang='lat' dir='ltr'><strong>Et</strong></span> <span class='ocrx_word' id='word_1_582' title='bbox 2933 2065 3042 2102; x_wconf 90' lang='lat' dir='ltr'><strong>non</strong></span> <span class='ocrx_word' id='word_1_583' title='bbox 3069 2048 3240 2103; x_wconf 91' lang='lat' dir='ltr'><strong>solum</strong></span> <span class='ocrx_word' id='word_1_584' title='bbox 3269 2049 3384 2104; x_wconf 90' lang='lat' dir='ltr'><strong>dies</strong></span> <span class='ocrx_word' id='word_1_585' title='bbox 3409 2051 3711 2106; x_wconf 85' lang='lat' dir='ltr'><strong>nativitatis</strong></span> 
     </span>
    </p>
   </div>
   <div class='ocr_carea' id='block_1_79' title="bbox 2133 2137 3712 2208">
    <p class='ocr_par' dir='ltr' id='par_1_79' title="bbox 2133 2137 3712 2208">
     <span class='ocr_line' id='line_1_79' title="bbox 2133 2137 3712 2208; baseline 0.006 -18"><span class='ocrx_word' id='word_1_586' title='bbox 2133 2137 2368 2192; x_wconf 63' lang='lat' dir='ltr'><strong>tenebrae</strong></span> <span class='ocrx_word' id='word_1_587' title='bbox 2419 2137 2526 2192; x_wconf 91' lang='lat' dir='ltr'><strong>illis</strong></span> <span class='ocrx_word' id='word_1_588' title='bbox 2575 2138 2902 2205; x_wconf 77' lang='lat' dir='ltr'><strong>efﬁciuntur,</strong></span> <span class='ocrx_word' id='word_1_589' title='bbox 2955 2140 3050 2194; x_wconf 91' lang='lat' dir='ltr'><strong>sed</strong></span> <span class='ocrx_word' id='word_1_590' title='bbox 3111 2143 3330 2208; x_wconf 87' lang='lat' dir='ltr'><strong>insuper</strong></span> <span class='ocrx_word' id='word_1_591' title='bbox 3369 2143 3546 2196; x_wconf 89' lang='lat' dir='ltr'><strong>adhuc</strong></span> <span class='ocrx_word' id='word_1_592' title='bbox 3593 2144 3712 2199; x_wconf 81' lang='lat' dir='ltr'><strong>dies</strong></span> 
     </span>
    </p>
   </div>
   <div class='ocr_carea' id='block_1_80' title="bbox 2127 2230 3707 2290">
    <p class='ocr_par' dir='ltr' id='par_1_80' title="bbox 2127 2230 3707 2290">
     <span class='ocr_line' id='line_1_80' title="bbox 2127 2230 3707 2290; baseline 0.004 -8"><span class='ocrx_word' id='word_1_593' title='bbox 2127 2230 2318 2284; x_wconf 89' lang='lat' dir='ltr'><strong>mortis</strong></span> <span class='ocrx_word' id='word_1_594' title='bbox 2343 2240 2668 2285; x_wconf 76' lang='lat' dir='ltr'><strong>antemarum</strong></span> <span class='ocrx_word' id='word_1_595' title='bbox 2702 2232 3045 2286; x_wconf 89' lang='lat' dir='ltr'><strong>tenebrarum</strong></span> <span class='ocrx_word' id='word_1_596' title='bbox 3065 2233 3317 2288; x_wconf 91' lang='lat' dir='ltr'><strong>introitus</strong></span> <span class='ocrx_word' id='word_1_597' title='bbox 3337 2233 3566 2288; x_wconf 71' lang='lat' dir='ltr'><strong>efﬁcitur</strong></span> <span class='ocrx_word' id='word_1_598' title='bbox 3584 2235 3707 2290; x_wconf 86' lang='lat' dir='ltr'><strong>illis.</strong></span> 
     </span>
    </p>
   </div>
   <div class='ocr_carea' id='block_1_81' title="bbox 2135 2319 3710 2382">
    <p class='ocr_par' dir='ltr' id='par_1_81' title="bbox 2135 2319 3710 2382">
     <span class='ocr_line' id='line_1_81' title="bbox 2135 2319 3710 2382; baseline 0.005 -8"><span class='ocrx_word' id='word_1_599' title='bbox 2135 2319 2262 2376; x_wconf 87' lang='lat' dir='ltr'><strong>Dies</strong></span> <span class='ocrx_word' id='word_1_600' title='bbox 2297 2323 2440 2376; x_wconf 88' lang='lat' dir='ltr'><strong>enim</strong></span> <span class='ocrx_word' id='word_1_601' title='bbox 2479 2324 2802 2379; x_wconf 86' lang='lat' dir='ltr'><strong>tenebrosus</strong></span> <span class='ocrx_word' id='word_1_602' title='bbox 2848 2325 3206 2380; x_wconf 88' lang='lat' dir='ltr'><strong>circumdabit</strong></span> <span class='ocrx_word' id='word_1_603' title='bbox 3251 2326 3350 2382; x_wconf 88' lang='lat' dir='ltr'><strong>hos</strong></span> <span class='ocrx_word' id='word_1_604' title='bbox 3401 2327 3552 2382; x_wconf 89' lang='lat' dir='ltr'><strong>tales.</strong></span> <span class='ocrx_word' id='word_1_605' title='bbox 3587 2326 3710 2382; x_wconf 66' lang='lat' dir='ltr'><strong>llaec</strong></span> 
     </span>
    </p>
   </div>
   <div class='ocr_carea' id='block_1_82' title="bbox 2121 2414 3710 2484">
    <p class='ocr_par' dir='ltr' id='par_1_82' title="bbox 2121 2414 3710 2484">
     <span class='ocr_line' id='line_1_82' title="bbox 2121 2414 3710 2484; baseline 0.004 -19"><span class='ocrx_word' id='word_1_606' title='bbox 2121 2427 2354 2482; x_wconf 85' lang='lat' dir='ltr'><strong>namque</strong></span> <span class='ocrx_word' id='word_1_607' title='bbox 2389 2414 2638 2470; x_wconf 88' lang='lat' dir='ltr'><strong>universa</strong></span> <span class='ocrx_word' id='word_1_608' title='bbox 2671 2416 2988 2484; x_wconf 79' lang='lat' dir='ltr'><strong>significans</strong></span> <span class='ocrx_word' id='word_1_609' title='bbox 3040 2418 3174 2472; x_wconf 91' lang='lat' dir='ltr'><strong>dicit</strong></span> <span class='ocrx_word' id='word_1_610' title='bbox 3213 2436 3227 2472; x_wconf 88' lang='lat'>:</span> <span class='ocrx_word' id='word_1_611' title='bbox 3265 2417 3388 2472; x_wconf 76' lang='lat' dir='ltr'><strong>Dies</strong></span> <span class='ocrx_word' id='word_1_612' title='bbox 3420 2418 3512 2472; x_wconf 79' lang='lat' dir='ltr'><strong>illa</strong></span> <span class='ocrx_word' id='word_1_613' title='bbox 3538 2420 3606 2472; x_wconf 84' lang='lat' dir='ltr'><strong>sit</strong></span> <span class='ocrx_word' id='word_1_614' title='bbox 3656 2421 3710 2472; x_wconf 81' lang='lat' dir='ltr'><strong>in</strong></span> 
     </span>
    </p>
   </div>
   <div class='ocr_carea' id='block_1_83' title="bbox 2123 2505 3712 2576">
    <p class='ocr_par' dir='ltr' id='par_1_83' title="bbox 2123 2505 3712 2576">
     <span class='ocr_line' id='line_1_83' title="bbox 2123 2505 3712 2576; baseline 0.003 -20"><span class='ocrx_word' id='word_1_615' title='bbox 2123 2505 2366 2560; x_wconf 75' lang='lat' dir='ltr'><strong>tenebris.</strong></span> <span class='ocrx_word' id='word_1_616' title='bbox 2396 2505 2523 2561; x_wconf 89' lang='lat' dir='ltr'><strong>Dies</strong></span> <span class='ocrx_word' id='word_1_617' title='bbox 2561 2507 2878 2576; x_wconf 88' lang='lat' dir='ltr'><strong>impiorum,</strong></span> <span class='ocrx_word' id='word_1_618' title='bbox 2916 2507 3030 2562; x_wconf 88' lang='lat' dir='ltr'><strong>dies</strong></span> <span class='ocrx_word' id='word_1_619' title='bbox 3059 2507 3382 2574; x_wconf 87' lang='lat' dir='ltr'><strong>inﬁdelium,</strong></span> <span class='ocrx_word' id='word_1_620' title='bbox 3409 2509 3524 2564; x_wconf 90' lang='lat' dir='ltr'><strong>dies</strong></span> <span class='ocrx_word' id='word_1_621' title='bbox 3554 2509 3712 2564; x_wconf 74' lang='lat' dir='ltr'><strong>lasci-</strong></span> 
     </span>
    </p>
   </div>
   <div class='ocr_carea' id='block_1_84' title="bbox 2120 2597 3710 2670">
    <p class='ocr_par' dir='ltr' id='par_1_84' title="bbox 2120 2597 3710 2670">
     <span class='ocr_line' id='line_1_84' title="bbox 2120 2597 3710 2670; baseline 0.003 -20"><span class='ocrx_word' id='word_1_622' title='bbox 2120 2611 2334 2664; x_wconf 86' lang='lat' dir='ltr'><strong>vorum,</strong></span> <span class='ocrx_word' id='word_1_623' title='bbox 2367 2597 2792 2667; x_wconf 88' lang='lat' dir='ltr'><strong>impudicorum,</strong></span> <span class='ocrx_word' id='word_1_624' title='bbox 2820 2615 3008 2655; x_wconf 92' lang='lat' dir='ltr'><strong>eorum</strong></span> <span class='ocrx_word' id='word_1_625' title='bbox 3043 2601 3136 2670; x_wconf 89' lang='lat' dir='ltr'><strong>qui</strong></span> <span class='ocrx_word' id='word_1_626' title='bbox 3168 2615 3343 2670; x_wconf 90' lang='lat' dir='ltr'><strong>neque</strong></span> <span class='ocrx_word' id='word_1_627' title='bbox 3371 2601 3426 2654; x_wconf 91' lang='lat' dir='ltr'><strong>in</strong></span> <span class='ocrx_word' id='word_1_628' title='bbox 3453 2601 3540 2656; x_wconf 91' lang='lat' dir='ltr'><strong>die</strong></span> <span class='ocrx_word' id='word_1_629' title='bbox 3568 2602 3710 2656; x_wconf 84' lang='lat' dir='ltr'><strong>nati-</strong></span> 
     </span>
    </p>
   </div>
   <div class='ocr_carea' id='block_1_85' title="bbox 2134 2688 3711 2762">
    <p class='ocr_par' dir='ltr' id='par_1_85' title="bbox 2134 2688 3711 2762">
     <span class='ocr_line' id='line_1_85' title="bbox 2134 2688 3711 2762; baseline 0.005 -22"><span class='ocrx_word' id='word_1_630' title='bbox 2134 2688 2320 2744; x_wconf 87' lang='lat' dir='ltr'><strong>vitatis</strong></span> <span class='ocrx_word' id='word_1_631' title='bbox 2365 2690 2624 2759; x_wconf 86' lang='lat' dir='ltr'><strong>pietatem</strong></span> <span class='ocrx_word' id='word_1_632' title='bbox 2659 2692 2994 2759; x_wconf 89' lang='lat' dir='ltr'><strong>custodiunt,</strong></span> <span class='ocrx_word' id='word_1_633' title='bbox 3049 2707 3224 2762; x_wconf 89' lang='lat' dir='ltr'><strong>neque</strong></span> <span class='ocrx_word' id='word_1_634' title='bbox 3275 2693 3328 2747; x_wconf 89' lang='lat' dir='ltr'><strong>in</strong></span> <span class='ocrx_word' id='word_1_635' title='bbox 3378 2693 3465 2748; x_wconf 91' lang='lat' dir='ltr'><strong>die</strong></span> <span class='ocrx_word' id='word_1_636' title='bbox 3520 2695 3711 2748; x_wconf 90' lang='lat' dir='ltr'><strong>mortis</strong></span> 
     </span>
    </p>
   </div>
   <div class='ocr_carea' id='block_1_86' title="bbox 2121 2781 3712 2854">
    <p class='ocr_par' dir='ltr' id='par_1_86' title="bbox 2121 2781 3712 2854">
     <span class='ocr_line' id='line_1_86' title="bbox 2121 2781 3712 2854; baseline 0.003 -19"><span class='ocrx_word' id='word_1_637' title='bbox 2121 2781 2500 2849; x_wconf 59' lang='lat' dir='ltr'><strong>paenitentiam</strong></span> <span class='ocrx_word' id='word_1_638' title='bbox 2532 2784 2986 2839; x_wconf 88' lang='lat' dir='ltr'><strong>ostendunt.lstis</strong></span> <span class='ocrx_word' id='word_1_639' title='bbox 3001 2797 3131 2854; x_wconf 81' lang='lat' dir='ltr'><strong>ergo</strong></span> <span class='ocrx_word' id='word_1_640' title='bbox 3155 2784 3355 2840; x_wconf 84' lang='lat' dir='ltr'><strong>talibus</strong></span> <span class='ocrx_word' id='word_1_641' title='bbox 3387 2785 3503 2838; x_wconf 90' lang='lat' dir='ltr'><strong>dies</strong></span> <span class='ocrx_word' id='word_1_642' title='bbox 3531 2783 3620 2839; x_wconf 90' lang='lat' dir='ltr'><strong>ille</strong></span> <span class='ocrx_word' id='word_1_643' title='bbox 3641 2786 3712 2840; x_wconf 93' lang='lat' dir='ltr'><strong>sit</strong></span> 
     </span>
    </p>
   </div>
   <div class='ocr_carea' id='block_1_87' title="bbox 2123 2873 3712 2945">
    <p class='ocr_par' dir='ltr' id='par_1_87' title="bbox 2123 2873 3712 2945">
     <span class='ocr_line' id='line_1_87' title="bbox 2123 2873 3712 2945; baseline 0.004 -19"><span class='ocrx_word' id='word_1_644' title='bbox 2123 2873 2177 2926; x_wconf 91' lang='lat' dir='ltr'><strong>in</strong></span> <span class='ocrx_word' id='word_1_645' title='bbox 2209 2875 2486 2940; x_wconf 85' lang='lat' dir='ltr'><strong>tenebris,</strong></span> <span class='ocrx_word' id='word_1_646' title='bbox 2517 2876 2646 2944; x_wconf 89' lang='lat' dir='ltr'><strong>quia</strong></span> <span class='ocrx_word' id='word_1_647' title='bbox 2679 2877 2731 2930; x_wconf 94' lang='lat' dir='ltr'><strong>in</strong></span> <span class='ocrx_word' id='word_1_648' title='bbox 2759 2885 2874 2932; x_wconf 91' lang='lat' dir='ltr'><strong>tota</strong></span> <span class='ocrx_word' id='word_1_649' title='bbox 2907 2878 3016 2931; x_wconf 87' lang='lat' dir='ltr'><strong>vita</strong></span> <span class='ocrx_word' id='word_1_650' title='bbox 3051 2891 3148 2932; x_wconf 88' lang='lat' dir='ltr'><strong>sua</strong></span> <span class='ocrx_word' id='word_1_651' title='bbox 3187 2886 3440 2945; x_wconf 87' lang='lat' dir='ltr'><strong>tanquam</strong></span> <span class='ocrx_word' id='word_1_652' title='bbox 3474 2877 3527 2930; x_wconf 91' lang='lat' dir='ltr'><strong>in</strong></span> <span class='ocrx_word' id='word_1_653' title='bbox 3563 2887 3712 2932; x_wconf 88' lang='lat' dir='ltr'><strong>tene-</strong></span> 
     </span>
    </p>
   </div>
   <div class='ocr_carea' id='block_1_88' title="bbox 2123 2963 3712 3038">
    <p class='ocr_par' dir='ltr' id='par_1_88' title="bbox 2123 2963 3712 3038">
     <span class='ocr_line' id='line_1_88' title="bbox 2123 2963 3712 3038; baseline 0.003 -20"><span class='ocrx_word' id='word_1_654' title='bbox 2123 2963 2237 3018; x_wconf 91' lang='lat' dir='ltr'><strong>bris</strong></span> <span class='ocrx_word' id='word_1_655' title='bbox 2263 2965 2564 3031; x_wconf 88' lang='lat' dir='ltr'><strong>ambulant,</strong></span> <span class='ocrx_word' id='word_1_656' title='bbox 2615 2967 2708 3036; x_wconf 92' lang='lat' dir='ltr'><strong>qui</strong></span> <span class='ocrx_word' id='word_1_657' title='bbox 2741 2967 2962 3036; x_wconf 89' lang='lat' dir='ltr'><strong>palpant</strong></span> <span class='ocrx_word' id='word_1_658' title='bbox 2983 2968 3132 3022; x_wconf 88' lang='lat' dir='ltr'><strong>velut</strong></span> <span class='ocrx_word' id='word_1_659' title='bbox 3157 2983 3332 3023; x_wconf 72' lang='lat' dir='ltr'><strong>cazcus</strong></span> <span class='ocrx_word' id='word_1_660' title='bbox 3357 2971 3500 3024; x_wconf 90' lang='lat' dir='ltr'><strong>circa</strong></span> <span class='ocrx_word' id='word_1_661' title='bbox 3532 2969 3712 3038; x_wconf 88' lang='lat' dir='ltr'><strong>parie-</strong></span> 
     </span>
    </p>
   </div>
   <div class='ocr_carea' id='block_1_89' title="bbox 2125 3055 3709 3129">
    <p class='ocr_par' dir='ltr' id='par_1_89' title="bbox 2125 3055 3709 3129">
     <span class='ocr_line' id='line_1_89' title="bbox 2125 3055 3709 3129; baseline 0.004 -19"><span class='ocrx_word' id='word_1_662' title='bbox 2125 3064 2254 3110; x_wconf 90' lang='lat' dir='ltr'><strong>tem.</strong></span> <span class='ocrx_word' id='word_1_663' title='bbox 2281 3055 2452 3112; x_wconf 79' lang='lat' dir='ltr'><strong>Justis</strong></span> <span class='ocrx_word' id='word_1_664' title='bbox 2487 3068 2668 3113; x_wconf 91' lang='lat' dir='ltr'><strong>autem</strong></span> <span class='ocrx_word' id='word_1_665' title='bbox 2698 3059 2787 3114; x_wconf 87' lang='lat' dir='ltr'><strong>lux</strong></span> <span class='ocrx_word' id='word_1_666' title='bbox 2817 3069 2902 3116; x_wconf 89' lang='lat' dir='ltr'><strong>est</strong></span> <span class='ocrx_word' id='word_1_667' title='bbox 2940 3076 3156 3129; x_wconf 89' lang='lat' dir='ltr'><strong>semper</strong></span> <span class='ocrx_word' id='word_1_668' title='bbox 3181 3061 3236 3114; x_wconf 93' lang='lat' dir='ltr'><strong>in</strong></span> <span class='ocrx_word' id='word_1_669' title='bbox 3271 3062 3359 3116; x_wconf 89' lang='lat' dir='ltr'><strong>die</strong></span> <span class='ocrx_word' id='word_1_670' title='bbox 3383 3061 3709 3126; x_wconf 88' lang='lat' dir='ltr'><strong>nativitatis,</strong></span> 
     </span>
    </p>
   </div>
   <div class='ocr_carea' id='block_1_90' title="bbox 2125 3148 3711 3217">
    <p class='ocr_par' dir='ltr' id='par_1_90' title="bbox 2125 3148 3711 3217">
     <span class='ocr_line' id='line_1_90' title="bbox 2125 3148 3711 3217; baseline 0.003 -13"><span class='ocrx_word' id='word_1_671' title='bbox 2125 3149 2266 3204; x_wconf 87' lang='lat' dir='ltr'><strong>sicut</strong></span> <span class='ocrx_word' id='word_1_672' title='bbox 2296 3148 2544 3206; x_wconf 70' lang='lat' dir='ltr'><strong>Jeremiaa</strong></span> <span class='ocrx_word' id='word_1_673' title='bbox 2581 3160 2633 3206; x_wconf 89' lang='lat' dir='ltr'><strong>et</strong></span> <span class='ocrx_word' id='word_1_674' title='bbox 2675 3152 2924 3208; x_wconf 89' lang='lat' dir='ltr'><strong>omnibus</strong></span> <span class='ocrx_word' id='word_1_675' title='bbox 2949 3155 3176 3208; x_wconf 89' lang='lat' dir='ltr'><strong>sanctis.</strong></span> <span class='ocrx_word' id='word_1_676' title='bbox 3204 3153 3274 3208; x_wconf 84' lang='lat' dir='ltr'><strong>Et</strong></span> <span class='ocrx_word' id='word_1_677' title='bbox 3299 3153 3352 3206; x_wconf 90' lang='lat' dir='ltr'><strong>in</strong></span> <span class='ocrx_word' id='word_1_678' title='bbox 3384 3154 3472 3208; x_wconf 89' lang='lat' dir='ltr'><strong>die</strong></span> <span class='ocrx_word' id='word_1_679' title='bbox 3497 3155 3711 3217; x_wconf 88' lang='lat' dir='ltr'><strong>mortis,</strong></span> 
     </span>
    </p>
   </div>
   <div class='ocr_carea' id='block_1_91' title="bbox 2127 3239 3712 3312">
    <p class='ocr_par' dir='ltr' id='par_1_91' title="bbox 2127 3239 3712 3312">
     <span class='ocr_line' id='line_1_91' title="bbox 2127 3239 3712 3312; baseline 0.001 -16"><span class='ocrx_word' id='word_1_680' title='bbox 2127 3241 2266 3296; x_wconf 88' lang='lat' dir='ltr'><strong>sicut</strong></span> <span class='ocrx_word' id='word_1_681' title='bbox 2305 3239 2509 3296; x_wconf 84' lang='lat' dir='ltr'><strong>Lazaro</strong></span> <span class='ocrx_word' id='word_1_682' title='bbox 2538 3242 2628 3310; x_wconf 92' lang='lat' dir='ltr'><strong>qui</strong></span> <span class='ocrx_word' id='word_1_683' title='bbox 2667 3243 2980 3312; x_wconf 88' lang='lat' dir='ltr'><strong>deportatus</strong></span> <span class='ocrx_word' id='word_1_684' title='bbox 3007 3252 3091 3298; x_wconf 86' lang='lat' dir='ltr'><strong>est</strong></span> <span class='ocrx_word' id='word_1_685' title='bbox 3120 3245 3188 3298; x_wconf 89' lang='lat' dir='ltr'><strong>ab</strong></span> <span class='ocrx_word' id='word_1_686' title='bbox 3212 3243 3420 3312; x_wconf 81' lang='lat' dir='ltr'><strong>angelis</strong></span> <span class='ocrx_word' id='word_1_687' title='bbox 3451 3244 3502 3296; x_wconf 91' lang='lat' dir='ltr'><strong>in</strong></span> <span class='ocrx_word' id='word_1_688' title='bbox 3532 3243 3712 3298; x_wconf 88' lang='lat' dir='ltr'><strong>sinum</strong></span> 
     </span>
    </p>
   </div>
   <div class='ocr_carea' id='block_1_92' title="bbox 2123 3328 3710 3398">
    <p class='ocr_par' dir='ltr' id='par_1_92' title="bbox 2123 3328 3710 3398">
     <span class='ocr_line' id='line_1_92' title="bbox 2123 3328 3710 3398; baseline 0.006 -14"><span class='ocrx_word' id='word_1_689' title='bbox 2123 3328 2376 3398; x_wconf 80' lang='lat' dir='ltr'><strong>Abrahae,</strong></span> <span class='ocrx_word' id='word_1_690' title='bbox 2425 3331 2580 3390; x_wconf 85' lang='lat' dir='ltr'><strong>Isaac</strong></span> <span class='ocrx_word' id='word_1_691' title='bbox 2639 3343 2694 3389; x_wconf 86' lang='lat' dir='ltr'><strong>et.</strong></span> <span class='ocrx_word' id='word_1_692' title='bbox 2747 3334 2948 3397; x_wconf 78' lang='lat' dir='ltr'><strong>Jacob,</strong></span> <span class='ocrx_word' id='word_1_693' title='bbox 3008 3336 3062 3389; x_wconf 87' lang='lat' dir='ltr'><strong>in</strong></span> <span class='ocrx_word' id='word_1_694' title='bbox 3112 3335 3310 3390; x_wconf 78' lang='lat' dir='ltr'><strong>saecula</strong></span> <span class='ocrx_word' id='word_1_695' title='bbox 3364 3336 3710 3393; x_wconf 72' lang='lat' dir='ltr'><strong>szeculorum.</strong></span> 
     </span>
    </p>
   </div>
   <div class='ocr_carea' id='block_1_93' title="bbox 2123 3422 3713 3498">
    <p class='ocr_par' dir='ltr' id='par_1_93' title="bbox 2123 3422 3713 3498">
     <span class='ocr_line' id='line_1_93' title="bbox 2123 3422 3713 3498; baseline 0.003 -20"><span class='ocrx_word' id='word_1_696' title='bbox 2123 3422 2318 3479; x_wconf 84' lang='lat' dir='ltr'><strong>Amen.</strong></span> <span class='ocrx_word' id='word_1_697' title='bbox 2349 3425 2468 3480; x_wconf 82' lang='lat' dir='ltr'><strong>Dies</strong></span> <span class='ocrx_word' id='word_1_698' title='bbox 2495 3426 2586 3480; x_wconf 85' lang='lat' dir='ltr'><strong>ille</strong></span> <span class='ocrx_word' id='word_1_699' title='bbox 2614 3427 2682 3481; x_wconf 84' lang='lat' dir='ltr'><strong>sit</strong></span> <span class='ocrx_word' id='word_1_700' title='bbox 2715 3427 2770 3482; x_wconf 85' lang='lat' dir='ltr'><strong>in</strong></span> <span class='ocrx_word' id='word_1_701' title='bbox 2803 3427 3049 3491; x_wconf 80' lang='lat' dir='ltr'><strong>tenebris,</strong></span> <span class='ocrx_word' id='word_1_702' title='bbox 3083 3437 3131 3481; x_wconf 85' lang='lat' dir='ltr'><strong>et</strong></span> <span class='ocrx_word' id='word_1_703' title='bbox 3157 3445 3263 3482; x_wconf 87' lang='lat' dir='ltr'><strong>non</strong></span> <span class='ocrx_word' id='word_1_704' title='bbox 3291 3432 3522 3498; x_wconf 82' lang='lat' dir='ltr'><strong>requirat</strong></span> <span class='ocrx_word' id='word_1_705' title='bbox 3562 3428 3713 3482; x_wconf 82' lang='lat' dir='ltr'><strong>illum</strong></span> 
     </span>
    </p>
   </div>
   <div class='ocr_carea' id='block_1_94' title="bbox 2127 3515 3714 3590">
    <p class='ocr_par' dir='ltr' id='par_1_94' title="bbox 2127 3515 3714 3590">
     <span class='ocr_line' id='line_1_94' title="bbox 2127 3515 3714 3590; baseline 0.003 -21"><span class='ocrx_word' id='word_1_706' title='bbox 2127 3515 2384 3571; x_wconf 79' lang='lat' dir='ltr'><strong>Dominus</strong></span> <span class='ocrx_word' id='word_1_707' title='bbox 2423 3520 2650 3588; x_wconf 81' lang='lat' dir='ltr'><strong>desuper</strong></span> <span class='ocrx_word' id='word_1_708' title='bbox 2678 3520 2743 3572; x_wconf 84' lang='grc'><strong>⁷³.</strong></span> <span class='ocrx_word' id='word_1_709' title='bbox 2793 3516 3090 3574; x_wconf 90' lang='lat' dir='ltr'><strong>ldentidem</strong></span> <span class='ocrx_word' id='word_1_710' title='bbox 3141 3521 3208 3574; x_wconf 88' lang='lat' dir='ltr'><strong>ad</strong></span> <span class='ocrx_word' id='word_1_711' title='bbox 3266 3522 3446 3590; x_wconf 91' lang='lat' dir='ltr'><strong>priora</strong></span> <span class='ocrx_word' id='word_1_712' title='bbox 3493 3535 3554 3575; x_wconf 87' lang='lat' dir='ltr'><strong>se</strong></span> <span class='ocrx_word' id='word_1_713' title='bbox 3583 3536 3714 3576; x_wconf 85' lang='lat' dir='ltr'><strong>con—</strong></span> 
     </span>
    </p>
   </div>
   <div class='ocr_carea' id='block_1_95' title="bbox 2122 3610 3712 3681">
    <p class='ocr_par' dir='ltr' id='par_1_95' title="bbox 2122 3610 3712 3681">
     <span class='ocr_line' id='line_1_95' title="bbox 2122 3610 3712 3681; baseline 0.004 -18"><span class='ocrx_word' id='word_1_714' title='bbox 2122 3612 2306 3676; x_wconf 88' lang='lat' dir='ltr'><strong>vertit,</strong></span> <span class='ocrx_word' id='word_1_715' title='bbox 2331 3627 2436 3666; x_wconf 89' lang='lat' dir='ltr'><strong>non</strong></span> <span class='ocrx_word' id='word_1_716' title='bbox 2490 3612 2726 3681; x_wconf 85' lang='lat' dir='ltr'><strong>inquirat</strong></span> <span class='ocrx_word' id='word_1_717' title='bbox 2779 3611 2934 3666; x_wconf 76' lang='lat' dir='ltr'><strong>illum</strong></span> <span class='ocrx_word' id='word_1_718' title='bbox 2981 3610 3262 3676; x_wconf 84' lang='lat' dir='ltr'><strong>Dominus,</strong></span> <span class='ocrx_word' id='word_1_719' title='bbox 3319 3627 3386 3666; x_wconf 88' lang='lat' dir='ltr'><strong>ne</strong></span> <span class='ocrx_word' id='word_1_720' title='bbox 3419 3614 3712 3681; x_wconf 79' lang='lat' dir='ltr'><strong>inquisitos</strong></span> 
     </span>
    </p>
   </div>
   <div class='ocr_carea' id='block_1_96' title="bbox 2124 3701 3710 3771">
    <p class='ocr_par' dir='ltr' id='par_1_96' title="bbox 2124 3701 3710 3771">
     <span class='ocr_line' id='line_1_96' title="bbox 2124 3701 3710 3771; baseline 0.003 -16"><span class='ocrx_word' id='word_1_721' title='bbox 2124 3701 2318 3756; x_wconf 91' lang='lat' dir='ltr'><strong>iterum</strong></span> <span class='ocrx_word' id='word_1_722' title='bbox 2351 3703 2418 3756; x_wconf 90' lang='lat' dir='ltr'><strong>ad</strong></span> <span class='ocrx_word' id='word_1_723' title='bbox 2453 3718 2540 3756; x_wconf 88' lang='lat' dir='ltr'><strong>me</strong></span> <span class='ocrx_word' id='word_1_724' title='bbox 2568 3704 2871 3771; x_wconf 88' lang='lat' dir='ltr'><strong>perveniat,</strong></span> <span class='ocrx_word' id='word_1_725' title='bbox 2901 3719 2970 3758; x_wconf 88' lang='lat' dir='ltr'><strong>ne</strong></span> <span class='ocrx_word' id='word_1_726' title='bbox 2995 3704 3250 3758; x_wconf 89' lang='lat' dir='ltr'><strong>iuventus</strong></span> <span class='ocrx_word' id='word_1_727' title='bbox 3294 3705 3584 3759; x_wconf 86' lang='lat' dir='ltr'><strong>identidem</strong></span> <span class='ocrx_word' id='word_1_728' title='bbox 3623 3721 3710 3760; x_wconf 88' lang='lat' dir='ltr'><strong>me</strong></span> 
     </span>
    </p>
   </div>
   <div class='ocr_carea' id='block_1_97' title="bbox 2123 3793 3710 3864">
    <p class='ocr_par' dir='ltr' id='par_1_97' title="bbox 2123 3793 3710 3864">
     <span class='ocr_line' id='line_1_97' title="bbox 2123 3793 3710 3864; baseline 0.003 -18"><span class='ocrx_word' id='word_1_729' title='bbox 2123 3793 2389 3848; x_wconf 79' lang='lat' dir='ltr'><strong>inveniat.</strong></span> <span class='ocrx_word' id='word_1_730' title='bbox 2431 3793 2546 3848; x_wconf 85' lang='lat' dir='ltr'><strong>Non</strong></span> <span class='ocrx_word' id='word_1_731' title='bbox 2583 3793 2826 3864; x_wconf 89' lang='lat' dir='ltr'><strong>inquirat</strong></span> <span class='ocrx_word' id='word_1_732' title='bbox 2851 3793 3001 3848; x_wconf 89' lang='lat' dir='ltr'><strong>illum</strong></span> <span class='ocrx_word' id='word_1_733' title='bbox 3037 3794 3296 3850; x_wconf 89' lang='lat' dir='ltr'><strong>Dominus</strong></span> <span class='ocrx_word' id='word_1_734' title='bbox 3326 3795 3582 3864; x_wconf 83' lang='lat' dir='ltr'><strong>desuper,</strong></span> <span class='ocrx_word' id='word_1_735' title='bbox 3605 3813 3710 3851; x_wconf 89' lang='lat' dir='ltr'><strong>non</strong></span> 
     </span>
    </p>
   </div>
   <div class='ocr_carea' id='block_1_98' title="bbox 2124 3885 3714 3957">
    <p class='ocr_par' dir='ltr' id='par_1_98' title="bbox 2124 3885 3714 3957">
     <span class='ocr_line' id='line_1_98' title="bbox 2124 3885 3714 3957; baseline 0.003 -19"><span class='ocrx_word' id='word_1_736' title='bbox 2124 3885 2462 3950; x_wconf 85' lang='lat' dir='ltr'><strong>recordetur,</strong></span> <span class='ocrx_word' id='word_1_737' title='bbox 2493 3902 2599 3940; x_wconf 90' lang='lat' dir='ltr'><strong>non</strong></span> <span class='ocrx_word' id='word_1_738' title='bbox 2639 3895 2875 3956; x_wconf 86' lang='lat' dir='ltr'><strong>reputet.</strong></span> <span class='ocrx_word' id='word_1_739' title='bbox 2921 3885 3036 3941; x_wconf 83' lang='lat' dir='ltr'><strong>Non</strong></span> <span class='ocrx_word' id='word_1_740' title='bbox 3067 3888 3210 3940; x_wconf 92' lang='lat' dir='ltr'><strong>enim</strong></span> <span class='ocrx_word' id='word_1_741' title='bbox 3259 3896 3343 3941; x_wconf 90' lang='lat' dir='ltr'><strong>est</strong></span> <span class='ocrx_word' id='word_1_742' title='bbox 3383 3888 3714 3957; x_wconf 84' lang='lat' dir='ltr'><strong>dignus,ne-</strong></span> 
     </span>
    </p>
   </div>
   <div class='ocr_carea' id='block_1_99' title="bbox 2122 3977 3711 4047">
    <p class='ocr_par' dir='ltr' id='par_1_99' title="bbox 2122 3977 3711 4047">
     <span class='ocr_line' id='line_1_99' title="bbox 2122 3977 3711 4047; baseline 0.003 -17"><span class='ocrx_word' id='word_1_743' title='bbox 2122 3991 2228 4046; x_wconf 91' lang='lat' dir='ltr'><strong>que</strong></span> <span class='ocrx_word' id='word_1_744' title='bbox 2259 3977 2373 4044; x_wconf 89' lang='lat' dir='ltr'><strong>ipse</strong></span> <span class='ocrx_word' id='word_1_745' title='bbox 2403 3977 2543 4040; x_wconf 88' lang='lat' dir='ltr'><strong>dies,</strong></span> <span class='ocrx_word' id='word_1_746' title='bbox 2571 3991 2745 4046; x_wconf 87' lang='lat' dir='ltr'><strong>neque</strong></span> <span class='ocrx_word' id='word_1_747' title='bbox 2775 3977 2864 4032; x_wconf 90' lang='lat' dir='ltr'><strong>ille</strong></span> <span class='ocrx_word' id='word_1_748' title='bbox 2893 3979 2990 4047; x_wconf 90' lang='lat' dir='ltr'><strong>qui</strong></span> <span class='ocrx_word' id='word_1_749' title='bbox 3025 3979 3076 4032; x_wconf 93' lang='lat' dir='ltr'><strong>in</strong></span> <span class='ocrx_word' id='word_1_750' title='bbox 3109 3977 3230 4047; x_wconf 89' lang='lat' dir='ltr'><strong>ipso</strong></span> <span class='ocrx_word' id='word_1_751' title='bbox 3253 3979 3342 4033; x_wconf 89' lang='lat' dir='ltr'><strong>die</strong></span> <span class='ocrx_word' id='word_1_752' title='bbox 3373 3980 3711 4034; x_wconf 54' lang='lat' dir='ltr'><strong>amarissiu&#39;a</strong></span> 
     </span>
    </p>
   </div>
   <div class='ocr_carea' id='block_1_100' title="bbox 2123 4069 3710 4139">
    <p class='ocr_par' dir='ltr' id='par_1_100' title="bbox 2123 4069 3710 4139">
     <span class='ocr_line' id='line_1_100' title="bbox 2123 4069 3710 4139; baseline 0.003 -17"><span class='ocrx_word' id='word_1_753' title='bbox 2123 4069 2256 4122; x_wconf 90' lang='lat' dir='ltr'><strong>mihi</strong></span> <span class='ocrx_word' id='word_1_754' title='bbox 2289 4069 2512 4139; x_wconf 80' lang='lat' dir='ltr'><strong>ingessit</strong></span> <span class='ocrx_word' id='word_1_755' title='bbox 2547 4079 2842 4125; x_wconf 88' lang='lat' dir='ltr'><strong>tormenta.</strong></span> <span class='ocrx_word' id='word_1_756' title='bbox 2885 4069 3038 4124; x_wconf 77' lang='lat' dir='ltr'><strong>Diem</strong></span> <span class='ocrx_word' id='word_1_757' title='bbox 3072 4071 3378 4126; x_wconf 88' lang='lat' dir='ltr'><strong>nativitatis</strong></span> <span class='ocrx_word' id='word_1_758' title='bbox 3425 4081 3710 4134; x_wconf 88' lang='lat' dir='ltr'><strong>memorat,</strong></span> 
     </span>
    </p>
   </div>
   <div class='ocr_carea' id='block_1_101' title="bbox 2120 4159 3710 4230">
    <p class='ocr_par' dir='ltr' id='par_1_101' title="bbox 2120 4159 3710 4230">
     <span class='ocr_line' id='line_1_101' title="bbox 2120 4159 3710 4230; baseline 0.001 -16"><span class='ocrx_word' id='word_1_759' title='bbox 2120 4168 2175 4214; x_wconf 90' lang='lat' dir='ltr'><strong>et</strong></span> <span class='ocrx_word' id='word_1_760' title='bbox 2227 4159 2658 4216; x_wconf 88' lang='lat' dir='ltr'><strong>lamentabilium</strong></span> <span class='ocrx_word' id='word_1_761' title='bbox 2735 4160 3120 4230; x_wconf 87' lang='lat' dir='ltr'><strong>suppliciorum</strong></span> <span class='ocrx_word' id='word_1_762' title='bbox 3199 4161 3340 4216; x_wconf 91' lang='lat' dir='ltr'><strong>diem</strong></span> <span class='ocrx_word' id='word_1_763' title='bbox 3418 4163 3710 4230; x_wconf 81' lang='lat' dir='ltr'><strong>signiﬁcat,</strong></span> 
     </span>
    </p>
   </div>
   <div class='ocr_carea' id='block_1_102' title="bbox 2121 4251 3712 4322">
    <p class='ocr_par' dir='ltr' id='par_1_102' title="bbox 2121 4251 3712 4322">
     <span class='ocr_line' id='line_1_102' title="bbox 2121 4251 3712 4322; baseline 0.004 -20"><span class='ocrx_word' id='word_1_764' title='bbox 2121 4251 2370 4320; x_wconf 89' lang='lat' dir='ltr'><strong>quinimo</strong></span> <span class='ocrx_word' id='word_1_765' title='bbox 2423 4251 2540 4322; x_wconf 86' lang='lat' dir='ltr'><strong>ipsa</strong></span> <span class='ocrx_word' id='word_1_766' title='bbox 2598 4252 2902 4322; x_wconf 87' lang='lat' dir='ltr'><strong>supplicia,</strong></span> <span class='ocrx_word' id='word_1_767' title='bbox 2943 4252 3028 4306; x_wconf 83' lang='lat' dir='ltr'><strong>vel</strong></span> <span class='ocrx_word' id='word_1_768' title='bbox 3076 4252 3252 4321; x_wconf 90' lang='lat' dir='ltr'><strong>potius</strong></span> <span class='ocrx_word' id='word_1_769' title='bbox 3309 4253 3582 4307; x_wconf 90' lang='lat' dir='ltr'><strong>diabolum</strong></span> <span class='ocrx_word' id='word_1_770' title='bbox 3617 4255 3712 4320; x_wconf 90' lang='lat' dir='ltr'><strong>qui</strong></span> 
     </span>
    </p>
   </div>
   <div class='ocr_carea' id='block_1_103' title="bbox 2121 4342 3712 4414">
    <p class='ocr_par' dir='ltr' id='par_1_103' title="bbox 2121 4342 3712 4414">
     <span class='ocr_line' id='line_1_103' title="bbox 2121 4342 3712 4414; baseline 0.004 -18"><span class='ocrx_word' id='word_1_771' title='bbox 2121 4342 2354 4412; x_wconf 77' lang='lat' dir='ltr'><strong>ingessit</strong></span> <span class='ocrx_word' id='word_1_772' title='bbox 2410 4357 2496 4407; x_wconf 91' lang='lat' dir='ltr'><strong>ea,</strong></span> <span class='ocrx_word' id='word_1_773' title='bbox 2529 4358 2692 4412; x_wconf 90' lang='lat' dir='ltr'><strong>quem</strong></span> <span class='ocrx_word' id='word_1_774' title='bbox 2751 4343 2820 4398; x_wconf 89' lang='lat' dir='ltr'><strong>de</strong></span> <span class='ocrx_word' id='word_1_775' title='bbox 2865 4344 3242 4414; x_wconf 88' lang='lat' dir='ltr'><strong>superioribus</strong></span> <span class='ocrx_word' id='word_1_776' title='bbox 3288 4345 3570 4400; x_wconf 87' lang='lat' dir='ltr'><strong>cadentem</strong></span> <span class='ocrx_word' id='word_1_777' title='bbox 3601 4361 3712 4402; x_wconf 89' lang='lat' dir='ltr'><strong>non</strong></span> 
     </span>
    </p>
   </div>
   <div class='ocr_carea' id='block_1_104' title="bbox 2119 4435 3716 4506">
    <p class='ocr_par' dir='ltr' id='par_1_104' title="bbox 2119 4435 3716 4506">
     <span class='ocr_line' id='line_1_104' title="bbox 2119 4435 3716 4506; baseline 0.003 -18"><span class='ocrx_word' id='word_1_778' title='bbox 2119 4435 2360 4502; x_wconf 88' lang='lat' dir='ltr'><strong>requiret</strong></span> <span class='ocrx_word' id='word_1_779' title='bbox 2413 4435 2674 4490; x_wconf 90' lang='lat' dir='ltr'><strong>Dominus</strong></span> <span class='ocrx_word' id='word_1_780' title='bbox 2702 4452 2961 4506; x_wconf 89' lang='lat' dir='ltr'><strong>unquam.</strong></span> <span class='ocrx_word' id='word_1_781' title='bbox 3023 4435 3150 4490; x_wconf 86' lang='lat' dir='ltr'><strong>Non</strong></span> <span class='ocrx_word' id='word_1_782' title='bbox 3181 4438 3418 4506; x_wconf 82' lang='lat' dir='ltr'><strong>requirat</strong></span> <span class='ocrx_word' id='word_1_783' title='bbox 3455 4453 3573 4492; x_wconf 87' lang='lat' dir='ltr'><strong>eum</strong></span> <span class='ocrx_word' id='word_1_784' title='bbox 3611 4437 3716 4492; x_wconf 88' lang='lat' dir='ltr'><strong>Do-</strong></span> 
     </span>
    </p>
   </div>
   <div class='ocr_carea' id='block_1_105' title="bbox 2120 4526 3712 4599">
    <p class='ocr_par' dir='ltr' id='par_1_105' title="bbox 2120 4526 3712 4599">
     <span class='ocr_line' id='line_1_105' title="bbox 2120 4526 3712 4599; baseline 0.004 -20"><span class='ocrx_word' id='word_1_785' title='bbox 2120 4527 2291 4580; x_wconf 83' lang='lat' dir='ltr'><strong>minus</strong></span> <span class='ocrx_word' id='word_1_786' title='bbox 2321 4527 2564 4595; x_wconf 84' lang='lat' dir='ltr'><strong>desuper.</strong></span> <span class='ocrx_word' id='word_1_787' title='bbox 2603 4527 2744 4595; x_wconf 88' lang='lat' dir='ltr'><strong>Quid</strong></span> <span class='ocrx_word' id='word_1_788' title='bbox 2779 4527 2916 4583; x_wconf 89' lang='lat' dir='ltr'><strong>dicis</strong></span> <span class='ocrx_word' id='word_1_789' title='bbox 2939 4567 2956 4594; x_wconf 92' lang='lat'><strong>,</strong></span> <span class='ocrx_word' id='word_1_790' title='bbox 2995 4543 3030 4583; x_wconf 93' lang='lat' dir='ltr'><strong>o</strong></span> <span class='ocrx_word' id='word_1_791' title='bbox 3053 4530 3206 4583; x_wconf 87' lang='lat' dir='ltr'><strong>beate</strong></span> <span class='ocrx_word' id='word_1_792' title='bbox 3243 4526 3382 4584; x_wconf 77' lang='lat' dir='ltr'><strong>Job?</strong></span> <span class='ocrx_word' id='word_1_793' title='bbox 3409 4528 3552 4599; x_wconf 85' lang='lat' dir='ltr'><strong>Ergo</strong></span> <span class='ocrx_word' id='word_1_794' title='bbox 3575 4531 3712 4586; x_wconf 85' lang='lat' dir='ltr'><strong>alios</strong></span> 
     </span>
    </p>
   </div>
   <div class='ocr_carea' id='block_1_106' title="bbox 2123 4617 3712 4687">
    <p class='ocr_par' dir='ltr' id='par_1_106' title="bbox 2123 4617 3712 4687">
     <span class='ocr_line' id='line_1_106' title="bbox 2123 4617 3712 4687; baseline 0.003 -17"><span class='ocrx_word' id='word_1_795' title='bbox 2123 4617 2238 4671; x_wconf 88' lang='lat' dir='ltr'><strong>dies</strong></span> <span class='ocrx_word' id='word_1_796' title='bbox 2273 4618 2527 4687; x_wconf 89' lang='lat' dir='ltr'><strong>inquiret,</strong></span> <span class='ocrx_word' id='word_1_797' title='bbox 2582 4629 2641 4674; x_wconf 91' lang='lat' dir='ltr'><strong>ut</strong></span> <span class='ocrx_word' id='word_1_798' title='bbox 2673 4621 2739 4674; x_wconf 89' lang='lat' dir='ltr'><strong>de</strong></span> <span class='ocrx_word' id='word_1_799' title='bbox 2782 4623 2886 4675; x_wconf 92' lang='lat' dir='ltr'><strong>isto</strong></span> <span class='ocrx_word' id='word_1_800' title='bbox 2913 4621 3028 4676; x_wconf 89' lang='lat' dir='ltr'><strong>solo</strong></span> <span class='ocrx_word' id='word_1_801' title='bbox 3069 4621 3221 4676; x_wconf 87' lang='lat' dir='ltr'><strong>dicas</strong></span> <span class='ocrx_word' id='word_1_802' title='bbox 3260 4620 3408 4675; x_wconf 82' lang='lat' dir='ltr'><strong>velut</strong></span> <span class='ocrx_word' id='word_1_803' title='bbox 3467 4621 3712 4676; x_wconf 86' lang='lat' dir='ltr'><strong>intermi-</strong></span> 
     </span>
    </p>
   </div>
   <div class='ocr_carea' id='block_1_107' title="bbox 2121 4711 3714 4781">
    <p class='ocr_par' dir='ltr' id='par_1_107' title="bbox 2121 4711 3714 4781">
     <span class='ocr_line' id='line_1_107' title="bbox 2121 4711 3714 4781; baseline 0.004 -19"><span class='ocrx_word' id='word_1_804' title='bbox 2121 4723 2305 4764; x_wconf 89' lang='lat' dir='ltr'><strong>naus:</strong></span> <span class='ocrx_word' id='word_1_805' title='bbox 2349 4711 2475 4766; x_wconf 88' lang='lat' dir='ltr'><strong>Non</strong></span> <span class='ocrx_word' id='word_1_806' title='bbox 2531 4712 2764 4780; x_wconf 81' lang='lat' dir='ltr'><strong>inquirat</strong></span> <span class='ocrx_word' id='word_1_807' title='bbox 2797 4713 2950 4767; x_wconf 80' lang='lat' dir='ltr'><strong>illum</strong></span> <span class='ocrx_word' id='word_1_808' title='bbox 3003 4713 3262 4768; x_wconf 85' lang='lat' dir='ltr'><strong>Dominus</strong></span> <span class='ocrx_word' id='word_1_809' title='bbox 3306 4715 3568 4781; x_wconf 79' lang='lat' dir='ltr'><strong>desuper?</strong></span> <span class='ocrx_word' id='word_1_810' title='bbox 3599 4713 3714 4770; x_wconf 86' lang='lat' dir='ltr'><strong>Uti-</strong></span> 
     </span>
    </p>
   </div>
   <div class='ocr_carea' id='block_1_108' title="bbox 2125 4803 3712 4874">
    <p class='ocr_par' dir='ltr' id='par_1_108' title="bbox 2125 4803 3712 4874">
     <span class='ocr_line' id='line_1_108' title="bbox 2125 4803 3712 4874; baseline 0.003 -19"><span class='ocrx_word' id='word_1_811' title='bbox 2125 4817 2254 4872; x_wconf 88' lang='lat' dir='ltr'><strong>que,</strong></span> <span class='ocrx_word' id='word_1_812' title='bbox 2313 4803 2406 4866; x_wconf 89' lang='lat' dir='ltr'><strong>ait,</strong></span> <span class='ocrx_word' id='word_1_813' title='bbox 2454 4817 2646 4858; x_wconf 86' lang='lat' dir='ltr'><strong>omnes</strong></span> <span class='ocrx_word' id='word_1_814' title='bbox 2698 4803 2818 4858; x_wconf 90' lang='lat' dir='ltr'><strong>dies</strong></span> <span class='ocrx_word' id='word_1_815' title='bbox 2877 4803 3056 4858; x_wconf 65' lang='lat' dir='ltr'><strong>saeculi</strong></span> <span class='ocrx_word' id='word_1_816' title='bbox 3112 4804 3476 4874; x_wconf 91' lang='lat' dir='ltr'><strong>iuquirentur,</strong></span> <span class='ocrx_word' id='word_1_817' title='bbox 3529 4805 3712 4860; x_wconf 86' lang='lat' dir='ltr'><strong>omnia</strong></span> 
     </span>
    </p>
   </div>
   <div class='ocr_carea' id='block_1_109' title="bbox 2127 4897 3714 4965">
    <p class='ocr_par' dir='ltr' id='par_1_109' title="bbox 2127 4897 3714 4965">
     <span class='ocr_line' id='line_1_109' title="bbox 2127 4897 3714 4965; baseline 0.002 -16"><span class='ocrx_word' id='word_1_818' title='bbox 2127 4903 2390 4963; x_wconf 87' lang='lat' dir='ltr'><strong>tempora,</strong></span> <span class='ocrx_word' id='word_1_819' title='bbox 2422 4904 2478 4950; x_wconf 92' lang='lat' dir='ltr'><strong>et</strong></span> <span class='ocrx_word' id='word_1_820' title='bbox 2525 4905 2798 4950; x_wconf 90' lang='lat' dir='ltr'><strong>momenta</strong></span> <span class='ocrx_word' id='word_1_821' title='bbox 2851 4905 3018 4965; x_wconf 89' lang='lat' dir='ltr'><strong>atque</strong></span> <span class='ocrx_word' id='word_1_822' title='bbox 3053 4897 3248 4952; x_wconf 85' lang='lat' dir='ltr'><strong>saecula</strong></span> <span class='ocrx_word' id='word_1_823' title='bbox 3282 4897 3630 4965; x_wconf 88' lang='lat' dir='ltr'><strong>requirentur</strong></span> <span class='ocrx_word' id='word_1_824' title='bbox 3657 4905 3714 4952; x_wconf 87' lang='lat' dir='ltr'><strong>et</strong></span> 
     </span>
    </p>
   </div>
   <div class='ocr_carea' id='block_1_110' title="bbox 2123 4988 3713 5058">
    <p class='ocr_par' dir='ltr' id='par_1_110' title="bbox 2123 4988 3713 5058">
     <span class='ocr_line' id='line_1_110' title="bbox 2123 4988 3713 5058; baseline 0.003 -18"><span class='ocrx_word' id='word_1_825' title='bbox 2123 4989 2492 5057; x_wconf 86' lang='lat' dir='ltr'><strong>producentur</strong></span> <span class='ocrx_word' id='word_1_826' title='bbox 2525 5004 2540 5042; x_wconf 89' lang='lat'><strong>:</strong></span> <span class='ocrx_word' id='word_1_827' title='bbox 2581 4988 2838 5042; x_wconf 88' lang='lat' dir='ltr'><strong>nimirum</strong></span> <span class='ocrx_word' id='word_1_828' title='bbox 2879 5003 2986 5042; x_wconf 89' lang='lat' dir='ltr'><strong>non</strong></span> <span class='ocrx_word' id='word_1_829' title='bbox 3023 4990 3140 5045; x_wconf 85' lang='lat' dir='ltr'><strong>dies</strong></span> <span class='ocrx_word' id='word_1_830' title='bbox 3193 4989 3375 5044; x_wconf 67' lang='lat' dir='ltr'><strong>saeculi</strong></span> <span class='ocrx_word' id='word_1_831' title='bbox 3428 4989 3518 5058; x_wconf 86' lang='lat' dir='ltr'><strong>qui</strong></span> <span class='ocrx_word' id='word_1_832' title='bbox 3557 5000 3713 5044; x_wconf 86' lang='lat' dir='ltr'><strong>natu-</strong></span> 
     </span>
    </p>
   </div>
   <div class='ocr_carea' id='block_1_111' title="bbox 2126 5078 3715 5148">
    <p class='ocr_par' dir='ltr' id='par_1_111' title="bbox 2126 5078 3715 5148">
     <span class='ocr_line' id='line_1_111' title="bbox 2126 5078 3715 5148; baseline 0.001 -16"><span class='ocrx_word' id='word_1_833' title='bbox 2126 5093 2241 5132; x_wconf 88' lang='lat' dir='ltr'><strong>ram</strong></span> <span class='ocrx_word' id='word_1_834' title='bbox 2270 5093 2374 5133; x_wconf 92' lang='lat' dir='ltr'><strong>non</strong></span> <span class='ocrx_word' id='word_1_835' title='bbox 2425 5078 2624 5134; x_wconf 89' lang='lat' dir='ltr'><strong>habent</strong></span> <span class='ocrx_word' id='word_1_836' title='bbox 2673 5093 2848 5148; x_wconf 90' lang='lat' dir='ltr'><strong>neque</strong></span> <span class='ocrx_word' id='word_1_837' title='bbox 2893 5079 3274 5146; x_wconf 89' lang='lat' dir='ltr'><strong>substantiam,</strong></span> <span class='ocrx_word' id='word_1_838' title='bbox 3308 5083 3404 5136; x_wconf 87' lang='lat' dir='ltr'><strong>sed</strong></span> <span class='ocrx_word' id='word_1_839' title='bbox 3453 5081 3618 5134; x_wconf 84' lang='lat' dir='ltr'><strong>verba</strong></span> <span class='ocrx_word' id='word_1_840' title='bbox 3659 5092 3715 5135; x_wconf 90' lang='lat' dir='ltr'><strong>et</strong></span> 
     </span>
    </p>
   </div>
   <div class='ocr_carea' id='block_1_112' title="bbox 2127 5169 3712 5241">
    <p class='ocr_par' dir='ltr' id='par_1_112' title="bbox 2127 5169 3712 5241">
     <span class='ocr_line' id='line_1_112' title="bbox 2127 5169 3712 5241; baseline 0.003 -19"><span class='ocrx_word' id='word_1_841' title='bbox 2127 5169 2266 5225; x_wconf 86' lang='lat' dir='ltr'><strong>facta</strong></span> <span class='ocrx_word' id='word_1_842' title='bbox 2296 5184 2416 5238; x_wconf 65' lang='lat' dir='ltr'><strong>quae</strong></span> <span class='ocrx_word' id='word_1_843' title='bbox 2453 5169 2508 5224; x_wconf 86' lang='lat' dir='ltr'><strong>in</strong></span> <span class='ocrx_word' id='word_1_844' title='bbox 2562 5169 2670 5223; x_wconf 88' lang='lat' dir='ltr'><strong>illis</strong></span> <span class='ocrx_word' id='word_1_845' title='bbox 2705 5170 2897 5225; x_wconf 86' lang='lat' dir='ltr'><strong>diebus</strong></span> <span class='ocrx_word' id='word_1_846' title='bbox 2945 5179 3070 5226; x_wconf 88' lang='lat' dir='ltr'><strong>sunt</strong></span> <span class='ocrx_word' id='word_1_847' title='bbox 3101 5180 3247 5241; x_wconf 80' lang='lat' dir='ltr'><strong>gesta</strong></span> <span class='ocrx_word' id='word_1_848' title='bbox 3295 5171 3378 5224; x_wconf 87' lang='lat' dir='ltr'><strong>vel</strong></span> <span class='ocrx_word' id='word_1_849' title='bbox 3407 5170 3574 5235; x_wconf 90' lang='lat' dir='ltr'><strong>dicta,</strong></span> <span class='ocrx_word' id='word_1_850' title='bbox 3617 5173 3712 5227; x_wconf 84' lang='lat' dir='ltr'><strong>sed</strong></span> 
     </span>
    </p>
   </div>
   <div class='ocr_carea' id='block_1_113' title="bbox 2125 5261 3712 5334">
    <p class='ocr_par' dir='ltr' id='par_1_113' title="bbox 2125 5261 3712 5334">
     <span class='ocr_line' id='line_1_113' title="bbox 2125 5261 3712 5334; baseline 0.001 -18"><span class='ocrx_word' id='word_1_851' title='bbox 2125 5261 2482 5331; x_wconf 85' lang='lat' dir='ltr'><strong>cogitationes</strong></span> <span class='ocrx_word' id='word_1_852' title='bbox 2509 5270 2564 5316; x_wconf 89' lang='lat' dir='ltr'><strong>et</strong></span> <span class='ocrx_word' id='word_1_853' title='bbox 2583 5261 2810 5317; x_wconf 89' lang='lat' dir='ltr'><strong>consilia</strong></span> <span class='ocrx_word' id='word_1_854' title='bbox 2833 5271 2998 5331; x_wconf 88' lang='lat' dir='ltr'><strong>atque</strong></span> <span class='ocrx_word' id='word_1_855' title='bbox 3029 5271 3310 5328; x_wconf 89' lang='lat' dir='ltr'><strong>tractatus,</strong></span> <span class='ocrx_word' id='word_1_856' title='bbox 3341 5263 3436 5334; x_wconf 91' lang='lat' dir='ltr'><strong>qui</strong></span> <span class='ocrx_word' id='word_1_857' title='bbox 3477 5264 3532 5318; x_wconf 89' lang='lat' dir='ltr'><strong>in</strong></span> <span class='ocrx_word' id='word_1_858' title='bbox 3563 5263 3712 5319; x_wconf 89' lang='lat' dir='ltr'><strong>omni</strong></span> 
     </span>
    </p>
   </div>
   <div class='ocr_carea' id='block_1_114' title="bbox 2125 5353 3713 5422">
    <p class='ocr_par' dir='ltr' id='par_1_114' title="bbox 2125 5353 3713 5422">
     <span class='ocr_line' id='line_1_114' title="bbox 2125 5353 3713 5422; baseline 0.001 -15"><span class='ocrx_word' id='word_1_859' title='bbox 2125 5361 2370 5422; x_wconf 89' lang='lat' dir='ltr'><strong>tempore</strong></span> <span class='ocrx_word' id='word_1_860' title='bbox 2396 5353 2481 5408; x_wconf 88' lang='lat' dir='ltr'><strong>vel</strong></span> <span class='ocrx_word' id='word_1_861' title='bbox 2517 5363 2790 5409; x_wconf 89' lang='lat' dir='ltr'><strong>momento</strong></span> <span class='ocrx_word' id='word_1_862' title='bbox 2819 5353 2976 5422; x_wconf 82' lang='lat' dir='ltr'><strong>hujus</strong></span> <span class='ocrx_word' id='word_1_863' title='bbox 3006 5353 3188 5409; x_wconf 84' lang='lat' dir='ltr'><strong>saeculi</strong></span> <span class='ocrx_word' id='word_1_864' title='bbox 3221 5356 3432 5410; x_wconf 86' lang='lat' dir='ltr'><strong>tractati</strong></span> <span class='ocrx_word' id='word_1_865' title='bbox 3474 5365 3600 5411; x_wconf 89' lang='lat' dir='ltr'><strong>sunt</strong></span> <span class='ocrx_word' id='word_1_866' title='bbox 3627 5363 3713 5408; x_wconf 86' lang='lat' dir='ltr'><strong>at-</strong></span> 
     </span>
    </p>
   </div>
   <div class='ocr_carea' id='block_1_115' title="bbox 2125 5443 3712 5516">
    <p class='ocr_par' dir='ltr' id='par_1_115' title="bbox 2125 5443 3712 5516">
     <span class='ocr_line' id='line_1_115' title="bbox 2125 5443 3712 5516; baseline 0.001 -16"><span class='ocrx_word' id='word_1_867' title='bbox 2125 5459 2232 5514; x_wconf 89' lang='lat' dir='ltr'><strong>que</strong></span> <span class='ocrx_word' id='word_1_868' title='bbox 2254 5445 2500 5515; x_wconf 84' lang='lat' dir='ltr'><strong>cogitati.</strong></span> <span class='ocrx_word' id='word_1_869' title='bbox 2521 5443 2648 5500; x_wconf 67' lang='lat' dir='ltr'><strong>Haec</strong></span> <span class='ocrx_word' id='word_1_870' title='bbox 2675 5443 2842 5513; x_wconf 83' lang='lat' dir='ltr'><strong>igitur</strong></span> <span class='ocrx_word' id='word_1_871' title='bbox 2871 5446 3128 5500; x_wconf 87' lang='lat' dir='ltr'><strong>omniain</strong></span> <span class='ocrx_word' id='word_1_872' title='bbox 3155 5446 3410 5502; x_wconf 87' lang='lat' dir='ltr'><strong>omnibus</strong></span> <span class='ocrx_word' id='word_1_873' title='bbox 3439 5447 3712 5516; x_wconf 84' lang='lat' dir='ltr'><strong>gentibus,</strong></span> 
     </span>
    </p>
   </div>
   <div class='ocr_carea' id='block_1_116' title="bbox 2125 5537 3716 5610">
    <p class='ocr_par' dir='ltr' id='par_1_116' title="bbox 2125 5537 3716 5610">
     <span class='ocr_line' id='line_1_116' title="bbox 2125 5537 3716 5610; baseline -0.001 -18"><span class='ocrx_word' id='word_1_874' title='bbox 2125 5547 2182 5593; x_wconf 91' lang='lat' dir='ltr'><strong>et</strong></span> <span class='ocrx_word' id='word_1_875' title='bbox 2205 5539 2258 5594; x_wconf 90' lang='lat' dir='ltr'><strong>in</strong></span> <span class='ocrx_word' id='word_1_876' title='bbox 2289 5539 2446 5595; x_wconf 89' lang='lat' dir='ltr'><strong>omni</strong></span> <span class='ocrx_word' id='word_1_877' title='bbox 2492 5538 2674 5610; x_wconf 86' lang='lat' dir='ltr'><strong>lingua</strong></span> <span class='ocrx_word' id='word_1_878' title='bbox 2701 5538 2955 5608; x_wconf 90' lang='lat' dir='ltr'><strong>inquisita</strong></span> <span class='ocrx_word' id='word_1_879' title='bbox 2989 5537 3042 5592; x_wconf 89' lang='lat' dir='ltr'><strong>in</strong></span> <span class='ocrx_word' id='word_1_880' title='bbox 3068 5539 3273 5609; x_wconf 88' lang='lat' dir='ltr'><strong>judicio</strong></span> <span class='ocrx_word' id='word_1_881' title='bbox 3299 5539 3716 5594; x_wconf 85' lang='lat' dir='ltr'><strong>manifestantur</strong></span> 
     </span>
    </p>
   </div>
   <div class='ocr_carea' id='block_1_117' title="bbox 2127 5626 3710 5702">
    <p class='ocr_par' dir='ltr' id='par_1_117' title="bbox 2127 5626 3710 5702">
     <span class='ocr_line' id='line_1_117' title="bbox 2127 5626 3710 5702; baseline -0.003 -16"><span class='ocrx_word' id='word_1_882' title='bbox 2127 5631 2184 5686; x_wconf 92' lang='lat' dir='ltr'><strong>in</strong></span> <span class='ocrx_word' id='word_1_883' title='bbox 2221 5640 2462 5702; x_wconf 87' lang='lat' dir='ltr'><strong>tempore</strong></span> <span class='ocrx_word' id='word_1_884' title='bbox 2487 5629 2878 5701; x_wconf 88' lang='lat' dir='ltr'><strong>inquisitionis.</strong></span> <span class='ocrx_word' id='word_1_885' title='bbox 2932 5629 3048 5688; x_wconf 84' lang='lat' dir='ltr'><strong>Non</strong></span> <span class='ocrx_word' id='word_1_886' title='bbox 3080 5631 3225 5687; x_wconf 82' lang='lat' dir='ltr'><strong>enim</strong></span> <span class='ocrx_word' id='word_1_887' title='bbox 3257 5631 3514 5688; x_wconf 86' lang='lat' dir='ltr'><strong>mentitur</strong></span> <span class='ocrx_word' id='word_1_888' title='bbox 3543 5629 3590 5687; x_wconf 87' lang='lat' dir='ltr'><strong>is</strong></span> <span class='ocrx_word' id='word_1_889' title='bbox 3618 5626 3710 5698; x_wconf 87' lang='lat' dir='ltr'><strong>qui</strong></span> 
     </span>
    </p>
   </div>
  </div>
