4174 6406
499 369 604 427 819

1582 368 1964 428 ANONYMUS
2003 370 2071 424 IN
2110 370 2248 426 JOB.
2290 403 2356 412 —
2393 372 2521 426 LIB.
2563 370 2653 430 111.

3639 373 3745 429 520

500 492 615 546 ait:
649 490 854 545 Memor
883 505 1001 545 sum
1031 506 1093 546 ea
1120 505 1241 560 qua
1268 507 1296 546 a
1324 491 1519 546 smculo
1543 503 1671 547 sunt
1709 495 2073 556 dinumerare,
2103 499 2148 554 Α
2177 496 2410 548 ctionem
2432 496 2662 560 Domini,
2683 494 2775 548 sed
2804 510 2907 550 non
2933 494 3115 550 veniat
3140 493 3192 547 in
3211 492 3385 547 lucem
3412 491 3591 547 vultus
3605 493 3743 562 ejus,

501 599 607 637 non
643 583 817 637 solum
857 591 1096 649 tempora
1124 591 1180 637 et
1217 594 1511 646 momenta,
1543 594 1598 637 et
1629 585 1767 646 dies,
1805 595 1859 637 et
1889 599 2079 651 annos,

498 675 592 728 sed
619 675 750 744 quin
811 675 990 744 potius
1016 675 1258 727 omnium
1295 673 1572 727 hominum
1612 675 1792 728 cordis
1847 677 2078 743 occulta,

490 765 642 834 juxta
667 769 769 820 hoc
789 766 930 835 quod
955 766 1160 819 dictum
1187 775 1270 820 est
1300 783 1314 818 :
1335 765 1437 830 Qui
1457 765 1606 832 ﬁngit
1629 765 1901 834 sigillatim
1920 768 2079 821 corda

493 873 699 920 eorum,
722 859 812 927 qui
841 857 1085 927 intelligit
1118 860 1293 912 omnia
1325 874 1481 923 opera
1509 873 1688 910 eorum
1715 858 1780 910 ⁸ο.
1812 857 1878 911 Et
1901 859 2078 914 adhuc

494 948 623 1002 alibi
659 964 674 1001 :
705 947 824 1017 Ipse
855 962 1030 1003 autem
1074 952 1216 1003 novit
1241 952 1446 1004 occulta
1472 953 1645 1004 cordis
1683 947 1755 1004 ⁸³.
1790 951 2078 1020 Apostolus

499 1055 632 1096 vero
687 1043 773 1096 his
826 1052 1188 1095 consonanter
1229 1042 1358 1096 dicit
1392 1059 1405 1093 :
1451 1042 1516 1096 In
1555 1043 1642 1096 die
1675 1060 1780 1113 qua
1811 1043 2074 1112 judicnbit

492 1131 638 1187 Deus
663 1133 872 1186 occulta
895 1134 1166 1186 hominum
1192 1133 1257 1186 ".
1302 1133 1392 1186 Ille
1429 1135 1573 1188 enim
1610 1135 1724 1188 dies
1755 1132 2073 1187 manifesta-

491 1225 574 1280 bit
606 1225 812 1288 omnia,
847 1225 898 1278 in
931 1227 1052 1294 igne
1092 1225 1338 1278 revelans
1376 1236 1592 1279 cuncta.
1620 1225 1868 1279 Scientes
1891 1225 2074 1293 itaque

494 1331 615 1381 nos,
647 1331 680 1368 o
705 1316 828 1378 viri,
855 1316 982 1384 quia
1024 1315 1308 1370 adversum
1350 1326 1454 1368 tam
1489 1317 1784 1370 terribilem
1815 1317 2074 1372 habemus

483 1406 747 1475 judicem,
781 1417 969 1462 sancte
1019 1408 1331 1462 conversari
1365 1416 1417 1461 et
1474 1409 1524 1461 in
1577 1408 1735 1462 factis
1760 1418 1814 1460 et
1858 1408 1910 1462 in
1953 1422 2073 1462 ver-

489 1500 576 1554 bis
614 1501 948 1565 studeamus,
992 1508 1051 1553 ut
1095 1515 1198 1553 non
1230 1516 1328 1570 pro
1357 1499 1808 1554 condemnatione
1841 1501 1891 1553 in
1925 1499 2068 1566 judi—

489 1592 597 1655 cio,
651 1591 744 1645 sed
793 1608 892 1662 pro
940 1592 1124 1660 requie
1161 1602 1320 1658 atque
1359 1592 1527 1661 gloria
1577 1601 1776 1645 aeterna
1834 1592 2073 1660 inquira-

490 1698 634 1738 mur.
667 1680 889 1743 Deinde,
914 1699 1016 1734 non
1042 1683 1131 1748 sit,
1167 1682 1363 1750 inquit,
1410 1683 1466 1735 in
1500 1682 1680 1737 diebus
1706 1683 1854 1748 anni,
1909 1698 2068 1752 neque

490 1785 794 1828 numeretur
832 1775 886 1826 in
917 1773 1098 1828 diebus
1152 1775 1405 1828 mensium
1434 1774 1501 1828 ⁸³.
1535 1773 1706 1840 Quis?
1751 1773 2066 1828 Maledictus

489 1876 654 1935 atque
699 1866 942 1934 perditus
982 1865 1072 1919 ille
1105 1865 1240 1918 dies.
1296 1864 1402 1919 lste
1449 1881 1555 1920 non
1619 1865 1690 1920 sit
1756 1865 1808 1918 in
1877 1865 2067 1920 diebus

490 1961 640 2021 anni,
701 1973 873 2026 neque
906 1970 1217 2011 numeretur
1256 1958 1308 2010 in
1333 1956 1522 2011 diebus
1574 1956 1864 2010 mensium.
1917 1953 2071 2010 Nunc

488 2051 774 2105 ostendisti
807 2049 1110 2112 evidenter,
1157 2065 1189 2104 ο
1227 2052 1382 2102 beate
1431 2047 1553 2113 Job,
1589 2047 1713 2116 quia
1767 2062 1872 2101 non
1929 2049 2070 2102 diem

489 2151 754 2196 creatura:
788 2141 1134 2203 maledixisti,
1157 2139 1281 2208 quia
1310 2156 1412 2194 non
1444 2140 1585 2194 diem
1638 2139 1764 2192 anni
1809 2139 1890 2193 vel
1923 2154 2072 2193 men-

487 2235 630 2289 sium
663 2234 951 2297 devotasti,
981 2234 1073 2286 sed
1111 2235 1257 2286 tllum
1281 2233 1370 2300 qui
1414 2247 1518 2285 non
1541 2241 1624 2284 est
1664 2231 1716 2284 in
1746 2231 2068 2295 substantia,

490 2339 668 2388 neque
701 2325 754 2378 in
787 2340 1034 2387 numero,
1068 2341 1243 2392 neque
1285 2323 1340 2376 in
1374 2332 1647 2390 computo.
1690 2321 1892 2377 Omnes
1924 2323 2068 2377 enim

492 2417 610 2472 dies
641 2433 782 2471 anno
833 2425 890 2470 et
935 2415 1214 2470 mensibus
1264 2414 1673 2470 circumdantur
1708 2413 1786 2467 vel
1851 2427 2070 2482 compu-

489 2517 695 2562 tantur.
744 2507 906 2560 Extra
944 2523 1143 2560 annum
1201 2517 1380 2560 autem
1429 2515 1484 2559 et
1521 2519 1736 2560 menses
1775 2504 1952 2559 nullus
1990 2513 2073 2558 est

488 2599 626 2654 dies.
655 2599 797 2669 Ergo
845 2599 889 2653 si
935 2600 1051 2653 dies
1085 2598 1176 2667 qui
1212 2598 1332 2653 istic
1381 2597 1695 2651 maledictus
1734 2605 1816 2650 est
1846 2609 1909 2649 ac
1950 2609 2072 2664 per-

488 2691 636 2746 ditus
658 2701 761 2757 est,
792 2705 897 2744 non
927 2699 1012 2746 est
1044 2690 1098 2743 in
1143 2706 1307 2754 anno,
1357 2702 1413 2744 et
1447 2700 1502 2744 tu
1537 2689 1670 2744 dicis
1705 2705 1716 2740 :
1759 2687 1881 2742 Non
1917 2688 1984 2742 sit
2016 2687 2073 2739 in

487 2782 674 2836 diebus
717 2783 844 2837 anni
882 2799 900 2836 :
943 2799 1050 2837 non
1104 2791 1186 2837 est
1218 2784 1270 2836 in
1302 2782 1600 2846 mensibus,
1646 2789 1700 2834 et
1730 2781 1865 2834 dicis
1903 2796 1915 2831 :
1949 2777 2070 2832 Non

489 2884 794 2928 numeretur
837 2876 890 2929 in
947 2875 1132 2927 diebus
1183 2875 1462 2939 mensium,
1508 2871 1639 2924 nihil
1672 2880 1776 2935 est,
1808 2884 2070 2939 nusquam

489 2978 595 3032 est,
616 2968 719 3022 hoc
751 2970 891 3036 quod
920 2976 1130 3021 nonest
1166 2965 1465 3027 maledicis,
1495 2962 1772 3018 maledicis
1797 2963 1942 3016 enim
1979 2960 2070 3031 qui

489 3074 602 3114 non
635 3067 724 3113 est
780 3060 959 3126 perire
985 3058 1189 3112 volens.
1251 3056 1317 3111 Et
1353 3055 1543 3110 merito
1579 3052 2072 3123 irreprehensibills

2184 599 2356 652 neque
2387 586 2566 638 videat
2591 584 2870 638 luciferum
2905 585 3169 638 orientem
3201 583 3460 650 Spiritum
3497 596 3744 639 sanctum

2180 670 2514 728 Paracletum
2545 676 2611 728 de
2648 674 2875 730 excelsis
2915 675 2979 727 ad
3023 674 3292 742 apostolos
3325 673 3569 726 missum.
3599 673 3746 729 Alia-

2180 779 2284 834 que
2312 766 2540 834 plurima
2573 767 3009 822 demonstrantur
3053 782 3119 820 ex
3153 766 3285 832 ipsis
3322 764 3460 818 beati
3495 763 3595 819 Joh
3625 779 3742 819 ser-

2180 857 2432 911 monibus
2455 897 2470 918 ,
2505 873 2624 926 qua
2653 859 2705 912 in
2741 861 3137 912 resurrectione
3167 867 3330 924 atque
3371 857 3575 925 judicio
3609 871 3748 924 prte-

2177 949 2398 1003 venient
2441 949 2621 1016 impiis
2661 959 2822 1017 atque
2869 950 3084 1019 Injustis
3125 960 3380 1016 tanquam
3435 948 3742 1000 abortivum

2175 1039 2362 1096 exiens
2388 1044 2453 1094 de
2479 1053 2664 1096 ventre
2691 1042 2879 1095 matris
2911 1057 3041 1095 suae.
3071 1040 3214 1102 Illic,
3241 1040 3414 1107 inquit
3438 1081 3450 1100 ,
3482 1041 3628 1106 impii
3658 1056 3742 1092 re-

2174 1135 2476 1200 quieverunt
2525 1136 2587 1186 ab
2637 1135 2721 1185 ira
2761 1134 3148 1202 indignationis
3175 1173 3190 1196 ,
3222 1132 3333 1184 illic
3381 1133 3742 1199 requieverunt

2175 1227 2410 1280 dolentes
2440 1241 2654 1293 corpore
2670 1226 2736 1277 ⁸⁸.
2764 1215 2896 1289 Illic,
2928 1225 3120 1293 inquit,
3155 1225 3205 1277 in
3244 1224 3658 1286 resurrectione,
3686 1223 3742 1278 in

2175 1316 2525 1387 inquisitione
2551 1356 2565 1380 ,
2601 1317 2652 1369 in
2697 1315 2922 1382 judicio.
2951 1316 3060 1369 Illic
3088 1316 3230 1368 enim
3267 1317 3558 1384 requiescit
3590 1326 3738 1370 eate—

2174 1423 2274 1460 nus
2324 1407 2621 1477 indignatio
2655 1417 2815 1475 atque
2873 1408 3024 1459 l'uror
3054 1405 3378 1475 impiorum,
3431 1422 3550 1459 cum
3579 1407 3738 1476 digna

2175 1499 2281 1553 illis
2313 1499 2460 1553 illata
2499 1499 2662 1552 fuerit
2695 1499 2975 1552 damnatio
3003 1508 3167 1567 atque
3201 1507 3530 1552 tormentum
3562 1516 3574 1551 :
3611 1507 3738 1551 tunc

2170 1603 2332 1647 erunt
2375 1602 2629 1662 tanquam
2679 1594 2929 1646 aborsnm
2975 1593 3161 1645 exiens
3209 1592 3274 1645 de
3323 1601 3513 1644 ventre
3549 1590 3742 1648 matris

2171 1700 2281 1740 suae
2305 1725 2320 1750 ,
2355 1686 2500 1740 sicut
2555 1674 2906 1752 infantesqui
2937 1698 3040 1737 non
3085 1684 3336 1738 viderunt
3379 1683 3573 1738 lucem.
3604 1681 3739 1738 Nam

2172 1777 2310 1830 sicut
2338 1777 2580 1831 abortiva
2626 1778 2692 1832 de
2731 1786 2918 1831 ventre
2950 1777 3139 1829 matris
3184 1790 3298 1829 sua:
3349 1777 3598 1829 exeuntia
3634 1791 3739 1829 non

2175 1867 2427 1920 viderunt
2462 1866 2633 1920 lucem
2661 1907 2675 1930 ,
2711 1868 2802 1921 sed
2835 1882 2897 1921 ex
2933 1867 3166 1920 tenebris
3207 1865 3258 1918 in
3291 1868 3544 1919 tenebras
3569 1874 3696 1918 eunt
3722 1905 3738 1932 ,

2173 1972 2239 2011 ex
2269 1959 2507 2013 tenebris
2537 1967 2700 2026 atque
2744 1959 2995 2028 angustia
3031 1958 3169 2011 uteri
3219 1958 3446 2012 materni
3496 1958 3548 2011 in
3589 1969 3742 2014 tene-

2171 2049 2299 2105 bras
2337 2059 2390 2104 et
2429 2051 2707 2120 angustias
2746 2060 2902 2104 terra:
2950 2060 3111 2116 atque
3159 2049 3388 2117 sepulcri
3430 2069 3442 2104 :
3475 2051 3553 2104 sic
3591 2051 3739 2120 impii

2172 2143 2238 2198 de
2276 2144 2512 2197 tenebris
2557 2143 2609 2195 in
2660 2143 2912 2196 tenebras
2955 2150 3085 2194 eunt
3109 2181 3123 2204 ,
3164 2155 3230 2194 ex
3266 2142 3511 2210 angustia
3550 2141 3602 2194 in
3641 2157 3741 2196 an-

2171 2237 2402 2309 gustiam
2431 2235 2790 2304 expellentur,
2828 2236 2893 2288 de
2932 2249 3160 2303 corpore
3194 2235 3246 2288 in
3279 2235 3585 2303 sepulcrum
3610 2275 3625 2296 ,
3675 2247 3742 2290 ex

2172 2327 2422 2398 sepulcro
2477 2329 2528 2381 in
2577 2327 2880 2396 angustiam
2937 2325 3277 2393 expellentur
3335 2336 3495 2396 atque
3549 2325 3740 2396 indicii

2170 2419 2576 2473 damnationem
2602 2457 2618 2481 ,
2666 2427 2721 2470 et
2761 2417 2814 2468 in
2847 2417 3099 2469 tenebras
3131 2415 3432 2468 exteriores
3460 2455 3475 2478 ,
3505 2415 3596 2469 ubi
3632 2429 3742 2470 non

2171 2523 2257 2566 est
2296 2512 2387 2565 lux
2415 2552 2431 2575 ,
2467 2526 2642 2581 neque
2674 2511 2930 2563 videbunt
2971 2509 3136 2561 vitam
3182 2508 3450 2562 homines.
3505 2507 3743 2562 Pusillus

2170 2613 2220 2658 et
2244 2620 2484 2673 magnus,
2517 2601 2713 2670 inquit,
2747 2601 2818 2653 ibi
2847 2609 2922 2652 est
2957 2599 3023 2652 “.
3051 2598 3162 2653 Non
3191 2609 3272 2653 est
3306 2601 3447 2652 enim
3487 2614 3744 2668 persona-

2173 2709 2289 2747 rum
2321 2702 2574 2761 acceptor
2615 2693 2766 2760 regni
2802 2691 2966 2758 hujus
2993 2705 3107 2743 rex.
3138 2689 3330 2742 Merito
3358 2706 3423 2742 ex
3454 2705 3606 2758 aequo
3644 2690 3744 2742 im-

2172 2786 2336 2856 pertit
2368 2782 2619 2839 omnibus
2645 2793 2698 2838 et
2750 2782 2958 2852 pusillis
2987 2793 3042 2836 et
3073 2783 3280 2851 magnis
3306 2822 3322 2846 ,
3353 2791 3407 2836 et
3452 2781 3745 2836 humilibus

2172 2887 2226 2932 et
2249 2877 2375 2931 altis
2410 2879 2555 2945 regni
2588 2875 2744 2941 hujus
2771 2874 3054 2929 introitum
3088 2891 3100 2926 :
3142 2873 3248 2928 illis
3273 2887 3403 2927 sane
3446 2871 3535 2942 qui
3565 2887 3744 2941 aequa-

2173 2968 2303 3022 liter
2346 2968 2496 3021 illutn
2549 2976 2818 3032 metuunt,
2854 2965 2945 3033 qui
2997 2964 3282 3033 aequaliter
3313 2964 3458 3018 illum
3489 2965 3740 3034 diligunt.

2179 3058 2414 3112 Pusillus
2462 3067 2510 3112 et
2546 3073 2788 3126 magnus.
2840 3056 2914 3110 lbi
2949 3065 3034 3110 est
3087 3054 3325 3108 Lazarus
3363 3054 3585 3124 pusillus
3619 3070 3741 3108 cum

488 3149 546 3205 is.
579 3150 834 3206 omnibus
883 3162 1188 3218 permanes,
1236 3147 1552 3203 beatissime
1609 3145 1701 3200 Dei
1745 3145 1920 3200 amice
1946 3145 2068 3200 Job.
2099 3161 2141 3220 ο
2177 3151 2445 3204 Abraham
2486 3164 2701 3218 magno.
2753 3145 2820 3200 Et
2874 3163 3048 3203 servus
3090 3163 3191 3201 non
3234 3148 3418 3201 timens
3475 3147 3743 3200 dominum

486 3242 598 3297 Aut
649 3240 814 3294 etiam
844 3239 1003 3294 aliter
1033 3238 1397 3306 intelligamus
1433 3237 1778 3292 maledictum
1813 3237 1956 3292 hunc
1988 3246 2074 3290 at-

489 3347 602 3401 que
623 3330 896 3398 perditum
936 3328 1076 3383 diem
1103 3329 1170 3383 de
1202 3344 1310 3397 quo
1340 3327 1473 3382 dicit
1505 3345 1520 3381 :
1552 3325 1677 3380 Dies
1702 3325 1789 3382 ille
1821 3328 1886 3380 sit
1913 3327 1967 3379 in
1996 3337 2075 3380 te-

485 3423 685 3487 nebris,
709 3431 876 3475 etnon
897 3421 1131 3490 inquirat
1174 3419 1325 3472 illum
1351 3417 1605 3472 Domtnus
1647 3418 1886 3484 desuper.
1921 3417 2076 3485 Figu-

488 3525 608 3569 rate
625 3513 895 3584 signiﬁcat
911 3527 1007 3581 per
1026 3511 1140 3566 haec
1169 3509 1439 3565 infelicem
1461 3509 1607 3564 illum
1629 3508 1845 3574 Judam,
1864 3509 2075 3578 perista

489 3607 558 3660 de
574 3606 730 3676 longe
746 3621 868 3659 eum
893 3604 1151 3666 ostendit,
1169 3604 1260 3673 qui
1281 3603 1545 3658 debuerat
1560 3616 1680 3657 esse
1701 3601 1815 3655 dies
1829 3614 2074 3665 serenus,

486 3708 546 3754 et
560 3698 870 3768 splendidus
897 3713 960 3751 ac
989 3696 1398 3765 perspicuus,et
1420 3694 1520 3749 sibi
1543 3693 1842 3747 luminosus
1873 3701 1928 3747 et
1957 3690 2077 3747 aliis

489 3786 722 3854 lucidus,
745 3787 924 3844 factus
949 3796 1031 3843 est
1059 3787 1380 3841 tenebrosus
1401 3799 1496 3854 per
1536 3783 1885 3852 semetipsum
1917 3792 2078 3851 atque

487 3883 777 3937 obscurus.
813 3880 969 3934 llunc
993 3893 1124 3948 ergo
1152 3877 1468 3949 signiﬁcans
1490 3877 1650 3932 dicit:
1671 3875 1797 3930 Dies
1825 3874 1912 3928 ille
1929 3874 2001 3928 sit
2025 3873 2075 3926 in

492 3972 734 4027 tenebris
754 3973 843 4040 qui
869 3971 1042 4025 lucem
1067 3969 1374 4037 dereliquit,
1396 3967 1485 4038 qui
1516 3983 1545 4020 a
1565 3967 1683 4020 luce
1699 3965 1966 4030 discessit,
1985 3964 2076 4034 qui

492 4063 737 4119 lucemin
759 4073 987 4118 mortem
1008 4061 1247 4127 tradidit,
1262 4069 1317 4114 et
1343 4075 1448 4113 non
1469 4059 1707 4128 inquirat
1731 4058 1876 4111 illum
1899 4057 2079 4111 Domi-

493 4170 595 4210 nus
611 4158 864 4222 desuper,
892 4169 1014 4209 cum
1049 4153 1358 4222 inquisierit
1384 4151 1605 4207 Petrum
1635 4161 1686 4205 et
1705 4160 1928 4204 caeteros
1949 4164 2079 4217 apo-

491 4245 660 4301 stolos
679 4260 965 4315 resurgens
985 4260 1014 4298 a
1037 4245 1285 4299 mortuis.
1302 4241 1418 4297 Non
1440 4246 1509 4298 sit
1533 4242 1586 4296 in
1603 4242 1794 4297 diebus
1812 4241 1960 4304 anni,
1978 4240 2081 4295 Ec-

496 4335 678 4392 clesiae
700 4336 1086 4392 festivitatibus
1106 4347 1267 4406 atque
1289 4336 1838 4399 sanctiﬁcationibus,
1858 4351 1962 4389 non
2008 4334 2081 4388 sit

491 4427 549 4483 in
583 4428 794 4482 unitate
825 4427 1104 4492 Ecclesiae,
1137 4445 1248 4484 non
1275 4438 1595 4482 numeretur
1623 4429 1762 4481 inter
1791 4427 1908 4481 dies
1931 4441 2080 4480 men-

2177 3259 2351 3297 suum.
2383 3241 2438 3294 In
2470 3239 2819 3309 corruptione
2848 3253 2991 3293 enim
3018 3252 3124 3292 non
3165 3246 3247 3291 est
3283 3237 3532 3291 dominus
3556 3251 3744 3291 corru-

2176 3333 2403 3406 ptibilis,
2432 3347 2606 3402 neque
2633 3330 2867 3385 carnalis
2890 3369 2905 3393 ,
2938 3329 3031 3384 sed
3063 3344 3184 3383 cum
3221 3326 3533 3397 apparuerit
3582 3326 3744 3380 facies

2176 3426 2414 3482 caelestis
2452 3423 2664 3478 Domini
2714 3431 2880 3490 atque
2909 3420 3109 3491 judicis
3134 3460 3150 3485 ,
3204 3429 3333 3474 tunc
3364 3417 3744 3486 corruptibiles

2179 3527 2342 3585 atque
2367 3516 2612 3570 carnales
2638 3514 2844 3570 domini
2877 3527 3142 3582 nusquam
3174 3512 3528 3582 apparebunt.
3556 3510 3745 3566 Merito

2177 3609 2287 3662 illic
2313 3617 2397 3662 est
2429 3623 2620 3662 servus
2651 3621 2756 3661 non
2789 3606 2986 3660 timens
3017 3604 3289 3658 dominum
3324 3619 3504 3658 suum.
3540 3602 3743 3657 Memo-

2181 3711 2330 3754 ratus
2357 3701 2500 3754 enim
2539 3699 2700 3752 timor
2722 3697 2934 3767 iudicii,
2973 3705 3149 3751 terror
3189 3708 3350 3765 atque
3400 3696 3632 3750 formido
3661 3695 3714 3750 fu

2180 3804 2427 3847 tororum
2459 3834 2471 3857 ,
2503 3807 2721 3846 omnem
2761 3793 3011 3845 timorem
3036 3788 3443 3857 corruptibilem
3472 3797 3528 3843 et
3553 3803 3743 3843 carna-

2178 3885 2284 3940 lem
2332 3887 2384 3939 in
2415 3885 2743 3938 oblivionem
2774 3883 2993 3938 deducit
3026 3891 3188 3950 atque
3222 3882 3371 3936 foras
3405 3881 3590 3934 mittit.
3627 3878 3742 3934 Non

2177 3977 2320 4030 enim
2350 3976 2493 4029 servi
2521 3973 2862 4029 dominorum
2902 3972 3113 4026 timoris
3160 3971 3532 4034 recordamur,
3569 3983 3746 4039 neque

2178 4065 2381 4119 domini
2430 4062 2604 4118 servis
2636 4064 2904 4132 imperare
2957 4070 3271 4114 occurrunt.
3309 4059 3456 4114 Unus
3487 4059 3632 4113 enim
3673 4059 3745 4110 ti-

2179 4170 2297 4210 mor
2349 4153 2716 4223 inquisitionis
2765 4162 2926 4221 atque
2973 4151 3162 4221 judieii
3211 4149 3582 4219 apprehende:
3615 4165 3746 4204 cun-

2177 4257 2318 4303 etos.
2350 4245 2542 4299 Merito
2579 4243 2687 4298 illic
2714 4254 2798 4297 est
2842 4257 3032 4296 servus
3078 4258 3184 4295 non
3237 4245 3432 4295 timens
3469 4242 3743 4296 dominum

2177 4355 2357 4395 suum.
2394 4336 2473 4391 lbi
2505 4347 2592 4390 est
2626 4336 2830 4390 Abdias
2857 4351 2964 4388 non
3002 4336 3196 4389 timens
3247 4335 3434 4388 Achab
3468 4334 3744 4388 dominum

2178 4443 2357 4484 suum.
2393 4426 2469 4480 lbi
2502 4435 2588 4480 est
2639 4425 2926 4481 Onesimus
2979 4440 3083 4478 non
3131 4426 3329 4479 timens
3375 4424 3744 4479 Philemonem

491 4520 658 4583 sium,
691 4520 746 4574 in
783 4533 1012 4572 numero
1043 4519 1324 4573 duodecim
1375 4517 1768 4588 apostolorum,
1817 4527 2073 4584 tanquam

2179 4521 2454 4576 dominum
2487 4533 2664 4572 suum.
2696 4516 2908 4587 Aliique
2940 4517 3205 4571 innumeri
3238 4517 3582 4586 reperiuntur
3610 4524 3663 4570 et
3690 4515 3745 4567 in

494 4611 782 4666 duodecim
814 4611 1106 4678 mensium,
1157 4611 1250 4666 sed
1292 4610 1540 4664 deleatur
1588 4611 1653 4664 de
1705 4608 1842 4664 libro
1885 4609 2073 4660 viven-

496 4703 655 4768 tium,
689 4712 745 4757 et
779 4717 901 4756 cum
939 4700 1104 4770 justis
1134 4717 1239 4758 non
1267 4703 1558 4758 scribatur.
1585 4701 1680 4755 llis
1713 4709 2076 4754 consonanter

496 4794 728 4850 inferius
780 4795 1094 4849 universum
1141 4795 1396 4865 populum
1433 4794 1742 4848 Judazorum
1787 4792 2076 4861 designans

499 4894 664 4954 atque
707 4887 1018 4955 increpans,
1052 4896 1374 4952 noctemque
1395 4900 1517 4939 eum
1545 4898 1864 4952 nuncupans
1893 4881 2026 4936 dicit
2055 4899 2068 4934 :

499 4974 860 5031 Obscurentur
892 4976 1068 5031 sidera
1095 4965 1258 5030 noctis
1286 4976 1453 5031 illius.
1481 4975 1650 5043 Cujus
1687 4974 1898 5028 noctis?
1929 4972 2074 5029 Illius

501 5069 570 5122 de
597 5071 702 5136 q'ua
723 5070 852 5122 dicit
885 5067 1178 5137 Apostolus
1205 5087 1218 5122 :
1250 5068 1374 5121 Nox
1421 5068 1686 5134 praecessit
1721 5066 1786 5120 ⁸⁸.
1844 5066 1971 5132 Quir
2001 5068 2076 5121 si-

503 5159 632 5212 dera
667 5157 1064 5215 obscurentur?
1123 5160 1462 5222 Sacerdotes,
1496 5168 1551 5215 et
1582 5159 1810 5224 Scribae,
1853 5170 1908 5214 et
1937 5157 2076 5212 Pha-

502 5250 644 5304 risaei
676 5266 691 5303 :
715 5267 837 5304 nam
862 5252 916 5305 hi
938 5255 1027 5322 qui
1045 5254 1343 5307 debuerant
1369 5254 1420 5305 in
1446 5252 1660 5306 modum
1681 5251 1955 5306 stellarum
1979 5250 2080 5304 lul-

501 5347 803 5407 gereatque
817 5339 995 5394 lucere
1012 5342 1063 5395 in
1082 5341 1198 5411 lege
1216 5351 1468 5410 tanquam
1489 5341 1541 5394 in
1560 5349 1737 5404 nocte,
1755 5339 1933 5395 ellecti
1955 5347 2080 5393 sunt

502 5441 694 5483 Omnes
711 5432 979 5486 tenebrosi
994 5443 1154 5502 atque
1176 5433 1418 5488 obscuri.
1443 5431 1736 5495 Sustineat,
1752 5431 1951 5500 inquit,
1973 5446 2078 5484 nox

505 5515 912 5577 illaJudaeorutn
942 5525 1259 5581 tenebrosus
1275 5524 1522 5595 populus,
1542 5523 1812 5579 sustineat
1837 5539 2078 5578 resurre—

575 5726 622 5758 '°
647 5724 786 5780 Psal.
809 5741 982 5794 xxx”,
1007 5725 1088 5780 l5.
1163 5725 1205 5758 ⁸¹
1246 5723 1388 5780 Psal.
1420 5742 1570 5784 xtttt.
1602 5726 1692 5781 22.

508 5798 555 5832 ⁸⁸
592 5799 720 5856 ibid.
753 5798 835 5854 19.

1769 5727 1814 5758 δ’
1851 5725 2003 5780 Rom.
2029 5742 2088 5792 ιι,
2116 5726 2203 5781 lli.

2177 4613 2300 4680 lege
2325 4652 2340 4676 ,
2371 4623 2426 4664 et
2462 4612 2514 4664 in
2552 4610 2844 4679 Evangelio
2874 4609 2958 4662 his
2988 4611 3190 4664 similes
3218 4649 3232 4673 ,
3269 4609 3360 4679 qui
3392 4607 3604 4662 coelein
3637 4607 3746 4661 Do-

2179 4703 2323 4757 mino
2346 4719 2410 4757 ac
2443 4703 2554 4757 Deo
2581 4703 2824 4756 omnium
2853 4701 3174 4765 servientes,
3205 4715 3308 4755 non
3339 4700 3632 4753 timuerunt
3656 4713 3748 4752 su-

2178 4809 2274 4865 per
2299 4804 2500 4850 terram
2538 4795 2786 4850 dominos
2813 4793 3061 4848 carnales
3087 4795 3152 4846 ad
3181 4792 3546 4847 obediendum
3579 4792 3658 4845 eis
3693 4791 3746 4844 in

2180 4885 2356 4952 malis,
2392 4901 2567 4955 neque
2598 4887 2650 4939 in
2679 4885 2833 4940 caelis
2859 4899 2954 4938 eos
3001 4885 3192 4939 timent
3222 4887 3273 4937 in
3310 4892 3603 4951 conspectu
3633 4884 3745 4936 veri

2180 4978 2390 5032 Domini
2420 4978 2718 5033 venientes.
2769 4975 2904 5030 Nam
2943 4991 3066 5031 cum
3109 4976 3426 5030 servitutem
3469 4973 3746 5029 carnalem

2181 5083 2315 5136 pure
2343 5070 2422 5123 eis
2469 5078 2628 5136 atque
2659 5069 2848 5123 devote
2899 5068 3273 5122 cxhibuissent
3298 5107 3312 5131 ,
3347 5082 3450 5119 non
3483 5066 3751 5119 discesse-

2184 5169 2310 5212 runt
2361 5175 2390 5212 a
2442 5159 2719 5214 Creatoris
2772 5159 3054 5214 servitute.
3110 5156 3220 5211 Hoc
3257 5170 3488 5225 namque
3536 5163 3750 5225 oportet

2180 5251 2409 5305 reddere
2459 5265 2644 5305 servos
2692 5251 3002 5305 carnalibus
3051 5247 3286 5304 dominis
3333 5248 3485 5308 suis,
3529 5258 3589 5300 ut
3641 5261 3747 5300 non

2181 5339 2453 5404 lraudent,
2484 5350 2671 5396 utnon
2707 5339 3159 5406 circumveniant,
3196 5349 3255 5393 ut
3286 5354 3390 5394 non
3426 5337 3752 5392 insidientur

2181 5431 2415 5484 dotninis
2458 5431 2570 5483 suis
2600 5469 2616 5494 ,
2651 5438 2712 5484 ut
2748 5445 2853 5482 non
2891 5428 2958 5481 ad
2989 5428 3204 5482 oculum
3234 5425 3472 5480 serviant
3495 5463 3513 5488 ,
3555 5431 3616 5475 ut
3645 5435 3747 5474 non

2181 5522 2235 5576 in
2284 5521 2422 5576 facie
2464 5520 2706 5591 ﬁngant,
2745 5520 2837 5577 sed
2894 5519 3027 5575 loris
3058 5520 3126 5574 ab
3156 5517 3332 5573 oculis
3357 5555 3374 5583 ,
3416 5515 3510 5571 sed
3541 5513 3675 5568 foris
3718 5526 3750 5564 a

2280 5727 2448 5784 "Job
2494 5744 2574 5793 III,
2600 5728 2654 5782 6.
2730 5727 2774 5759 ⁸³
2805 5725 2960 5781 Rom.
3013 5739 3130 5791 xm,
3156 5721 3239 5779 12.
3318 5720 3364 5752 ⁸⁸
3392 5719 3492 5778 Job
3532 5737 3618 5789 tu,
3658 5718 3745 5776 17.
