4174 6384
419 360 519 419 521

1370 368 1712 428 APOLOGIA
1752 373 1886 431 Ριιο
1921 359 2244 435 ORIGENE.
2287 408 2357 419 -
2397 354 2743 439 ucturum,
2844 378 2847 381 '

3564 394 3672 452 52‘!

420 484 560 540 facie
600 499 816 540 omnem
848 486 1077 557 gratiam
1112 487 1348 544 dominis
1382 492 1495 546 suis
1534 495 1842 551 ostendant.
1875 496 1985 551 liu-
2019 504 2064 560 Α
2096 498 2219 553 istic
2244 513 2340 568 per
2368 501 2612 556 ordinem
2651 543 2665 565 ,
2717 510 2771 557 et
2796 512 2991 559 cuncta
3028 520 3145 576 qua;
3197 506 3249 562 in
3284 511 3450 580 priori
3483 516 3669 571 multi-

414 577 506 647 jus
532 594 767 648 namque
800 580 876 633 rei
929 581 1199 649 ingentem
1235 582 1289 636 in
1319 584 1475 638 caelis
1500 586 1773 657 accipient
1804 604 1988 643 remu-

419 669 752 725 nerationem
788 685 817 724 a
869 672 1093 728 Domino
1138 674 1379 728 omnium
1410 684 1573 745 atque
1613 678 1800 746 judice
1829 682 1983 735 vivo-

418 776 534 814 rum
574 768 629 815 et
668 772 1026 818 mortuorum.
1058 762 1125 817 In
1164 780 1369 818 servum
1416 770 1747 825 venundatus
1788 779 1865 825 est
1889 772 1987 827 Jo-

414 852 539 919 seph
568 851 635 915 ⁸⁸,
663 852 757 906 sed
790 853 845 906 iu
877 853 1018 908 malo
1057 864 1222 925 atque
1252 858 1419 928 impio
1447 871 1571 916 actu
1613 878 1719 918 non
1748 866 1986 921 obedivit

412 943 641 999 dominae
670 958 795 998 sum.
827 943 1015 998 Merito
1042 955 1096 1000 et
1131 948 1182 1001 in
1228 951 1390 1005 terris
1428 952 1480 1005 in
1511 953 1750 1026 Egypto
1778 998 1794 1023 ,
1844 967 1900 1012 et
1931 959 1984 1012 in

416 1034 570 1094 oculis
603 1034 653 1088 in
688 1045 948 1104 perpetuo
976 1038 1349 1094 dominabitur
1381 1042 1455 1097 illi
1482 1084 1498 1110 ,
1529 1060 1651 1114 qua:
1685 1047 1877 1102 illicite
1919 1050 1986 1105 ad

412 1134 620 1194 tempus
657 1126 925 1182 dominari
971 1130 1089 1184 Visa
1137 1140 1245 1186 est.
1297 1132 1423 1189 Hazc
1473 1138 1681 1193 scilicet
1732 1142 1983 1197 universa

410 1229 508 1284 pro
541 1215 804 1269 bonorum
854 1220 1278 1276 commouitione
1312 1224 1550 1280 diximus
1572 1266 1589 1289 ,
1638 1242 1666 1280 a
1698 1229 1855 1285 beato
1885 1231 1984 1287 Job

405 1307 566 1361 etiam
600 1323 697 1363 nos
728 1309 793 1363 de
829 1310 919 1366 bis
952 1312 1257 1380 admoniti,
1289 1316 1506 1371 dicente
1535 1333 1602 1374 eo
1650 1322 1934 1379 evidenter
1965 1345 1977 1379 :

405 1398 642 1455 Pusillus
671 1412 718 1455 et
759 1420 978 1473 magnus
1009 1406 1082 1458 ibi
1109 1418 1207 1471 est,
1250 1416 1301 1462 et
1326 1424 1501 1464 servus
1535 1428 1637 1466 non
1667 1414 1853 1468 timens
1890 1417 1980 1469 do-

405 1492 601 1544 minum
648 1508 801 1546 suum
830 1493 897 1551 ⁸⁷.
944 1494 1183 1551 Inveniet
1221 1497 1312 1565 qui
1366 1499 1648 1568 inquirere
1682 1502 1974 1566 studuerit,

2095 588 2313 658 pliciter
2344 606 2373 643 a
2399 592 2547 660 justo
2580 593 2670 648 illo
2704 604 2829 649 sunt
2857 596 2999 652 dicta
3032 599 3099 653 de
3132 600 3224 656 Dei
3252 606 3623 675 magnitudine
3647 650 3665 674 ,

2093 691 2148 736 et
2200 682 2267 738 de
2295 698 2390 738 sua
2425 684 2710 741 tolerantia
2739 726 2754 751 ,
2791 704 2912 760 qua:
2962 694 3219 750 sustinuit
3269 697 3474 768 absque
3506 701 3663 771 culpa

2093 773 2354 830 innocens
2392 777 2444 830 in
2479 788 2770 847 conspectu
2806 781 2938 846 Dei,
2974 792 3027 837 et
3069 801 3252 843 coram
3284 791 3534 846 omnibus
3566 793 3664 847 ho-

2091 864 2327 919 minibus
2350 906 2367 932 ,
2410 882 2532 937 quae
2560 869 2820 924 sustinuit
2852 886 2974 925 cum
3010 876 3310 943 gratiarum
3354 880 3661 937 actionibus

2088 968 2254 1027 atque
2284 961 2720 1018 confessionibus
2768 964 2900 1029 Dei,
2936 979 3053 1034 quae
3098 970 3355 1026 sustinuit
3382 975 3482 1043 piae
3522 974 3657 1029 tole-

2091 1052 2281 1105 rantiae
2314 1051 2543 1106 formam
2574 1056 2823 1123 praebens
2857 1058 2908 1111 in
2942 1071 3207 1129 perpetuo
3236 1065 3467 1122 cunctis.
3507 1066 3655 1123 Beati

2087 1144 2179 1211 qui
2228 1151 2278 1198 te
2334 1144 2532 1199 fuerint
2589 1149 2784 1203 Imitati
2815 1192 2829 1216 ,
2862 1153 3174 1209 beatissime
3206 1156 3327 1212 .Iob.
3379 1157 3529 1214 Beati
3561 1161 3655 1229 qui

2085 1242 2176 1287 tua
2228 1236 2453 1307 vestigia
2503 1238 2706 1295 fuerint
2737 1246 2933 1302 secuti.
2986 1246 3135 1302 Beati
3184 1249 3275 1318 qui
3312 1250 3566 1306 similiter
3597 1261 3656 1309 ut

2087 1333 2141 1379 tu
2187 1326 2239 1380 in
2273 1326 2377 1382 ﬁde
2402 1372 2417 1396 ,
2444 1339 2501 1385 et
2530 1332 2730 1402 pietate
2756 1377 2771 1403 ,
2808 1346 2971 1407 atque
3015 1341 3067 1394 in
3099 1342 3339 1397 omnium
3373 1345 3474 1400 sibi
3505 1347 3651 1401 θοοὶ·

2080 1417 2318 1472 dentium
2392 1422 2678 1479 tolerantia
2752 1435 3111 1486 consummati
3176 1432 3398 1491 fuerint.
3447 1437 3513 1492 Hi
3562 1454 3651 1493 re—

535 1934 1086 2172 oruu
1180 1939 1397 2173 Αυ
1491 1943 2346 2311 lililllllllllll
2450 1955 3522 2201 suorum.

1611 2490 2428 2614 ADMONITIO

904 2712 1015 2772 AD
1052 2711 1681 2776 APOLOGETICUM
1723 2715 2123 2781 LIBELLUM
2169 2720 2230 2780 S.
2280 2721 2667 2785 PAMPHILI
2711 2726 3126 2792 MARTYRIS

1709 2817 1867 2878 PRO
1909 2817 2283 2881 ORIGENE.

456 3131 500 3194 l.
533 3137 646 3195 Sub
674 3138 832 3196 linem
860 3142 984 3195 anni
1018 3140 1188 3211 quinti
1220 3150 1506 3199 commotae
1536 3160 1565 3199 a
1614 3147 1947 3204 Diocletiano

2063 3150 2159 3223 Γὴν
2199 3152 2257 3205 δὲ
2297 3153 2437 3224 ὑπὲρ
2495 3152 2800 3224 Ὠριγένους
2826 3154 3196 3226 Ἀπολογίαν,
3232 3154 3307 3222 ὡς
3346 3157 3576 3232 ἔφημεν,
3607 3162 3638 3219 ὁ

380 3228 710 3302 imperatore
750 3232 1017 3289 adversus
1061 3233 1365 3291 Ecclesiam
1417 3239 1850 3305 persecutionis,
1897 3241 1951 3295 id

376 3334 462 3379 est
493 3324 690 3381 Christi
721 3325 847 3389 307,
888 3326 1221 3397 Pamphilus,
1258 3328 1476 3385 natione
1506 3329 1761 3397 Phoenix,
1790 3334 1951 3389 domo

375 3412 649 3484 Berytius,
700 3416 888 3482 Pierii,
935 3426 995 3470 ut
1042 3416 1235 3473 scribit
1279 3415 1531 3484 Photius,
1569 3421 1951 3479 Alexandrina:

374 3504 634 3561 Ecclesia:
671 3508 972 3576 presbyteri
1012 3508 1330 3581 discipulus,
1366 3510 1457 3579 qui
1493 3518 1604 3566 tum
1655 3513 1801 3568 inter
1828 3513 1948 3571 Cae-

375 3599 639 3654 sariensis
669 3600 922 3657 Ecclesiae
964 3602 1314 3673 presbyteros
1345 3605 1640 3670 eminebat,
1674 3614 1863 3677 captus
1894 3616 1951 3662 et

376 3689 431 3745 in
460 3706 735 3747 carcerem
771 3692 1067 3762 coniectus,
1114 3694 1321 3751 biennii
1359 3698 1591 3767 spatium
1622 3697 1678 3753 in
1723 3699 1950 3756 vinculis

372 3783 573 3851 exegit.
609 3784 684 3839 Eo
731 3793 973 3856 tempore
1002 3784 1267 3844 Eusebius
1303 3790 1534 3845 amicum
1567 3798 1622 3846 et
1654 3793 1947 3848 contubere

373 3879 549 3935 nalem
589 3894 749 3934 suum
798 3880 1035 3935 invisens
1086 3881 1329 3946 assidue,
1368 3898 1463 3938 seu
1513 3886 1789 3939 communi
1820 3900 1945 3941 cum

369 3985 437 4025 eo
461 3984 683 4025 carcere
714 3968 972 4033 inclusus,
1022 3980 1077 4025 ut
1108 3972 1183 4024 ait
1218 3970 1458 4037 Photius,
1497 3977 1735 4045 quinque
1774 3976 1946 4033 libros

371 4060 706 4132 Defensionis
778 4060 1022 4131 Origem's
1077 4064 1128 4116 in
1183 4079 1405 4120 carcere
1468 4081 1571 4120 una
1635 4082 1758 4122 cum
1815 4068 1943 4134 illo,

2056 3243 2340 3314 Πάμφιλος
2396 3246 2491 3299 σὺν
2544 3244 2789 3317 Εὐσεὸίῳ
2815 3246 3211 3320 καθειργμένος
3247 3248 3325 3320 τῷ
3374 3252 3636 3323 οἰκήματι

2056 3335 2468 3408 συνεγράψατυ,
2529 3336 2625 3390 καὶ
2682 3338 2887 3409 ταύτην
2937 3338 3074 3410 πρὸς
3131 3340 3256 3404 τοὺς
3310 3342 3367 3393 ὲν
3433 3342 3633 3413 μετάλ-

2053 3427 2166 3493 λοις
2195 3428 2283 3482 διὰ
2320 3428 2553 3501 Χριστὸν
2580 3431 3127 3502 ταλαιπωρουμένους
3150 3432 3515 3504 διεπέμψατοο
3556 3428 3634 3492 ὧν

2050 3515 2119 3592 ἦν
2145 3520 2207 3573 τὸ
2240 3520 2565 3593 ἀκροθίνιον,
2621 3518 3049 3593 Πατερμούθιος,
3101 3524 3129 3576 ὀ
3156 3525 3294 3595 μετὰ
3323 3524 3496 3597 βραχὺ
3530 3527 3633 3598 τῆς

2052 3608 2337 3685 Παμφίλου
2371 3613 2711 3679 ἀναλύσεως,
2754 3614 2843 3668 διὰ
2871 3615 3041 3685 πυρὸς
3070 3616 3164 3669 καὶ⁸
3188 3616 3350 3681 αὐτὸς
3381 3620 3476 3672 σὺν
3510 3619 3631 3671 ὲτέ-

2053 3722 2168 3777 ροις
2195 3706 2285 3760 τὸν
2334 3705 2446 3777 βίον
2482 3705 2805 3771 τελειωθεις.
2848 3725 2866 3759 ι
2905 3707 3032 3775 Ejus
3079 3723 3244 3777 porro
3292 3708 3628 3780 Apologiam,

2051 3806 2110 3853 ut
2135 3798 2395 3862 diximus,
2428 3797 2742 3866 Pamphilus
2772 3813 2878 3852 una
2917 3813 3040 3853 cum
3072 3799 3322 3865 Eusebio,
3353 3803 3628 3857 communi

2051 3904 2276 3946 carcere
2312 3889 2508 3946 inclusi
2542 3891 3006 3961 conscripserunt,
3038 3892 3395 3961 eamdemque
3423 3893 3489 3947 ad
3530 3910 3625 3950 eos

2049 3983 2139 4054 qui
2173 3999 2271 4054 pro
2295 3982 2497 4038 Christi
2527 3984 2747 4039 nomine
2774 3983 2841 4037 ad
2888 3984 3102 4039 metalla
3132 3986 3368 4041 damnati
3401 4001 3628 4043 exerce-

2046 4074 2268 4139 bantur,
2318 4074 2675 4130 consolationi
2728 4075 3028 4143 miserunt;
3093 4090 3322 4146 quorum
3373 4078 3623 4147 princeps

368 4165 584 4210 sextum
640 4170 768 4210 vero
810 4164 865 4209 et
923 4154 1169 4209 ultimum
1219 4156 1461 4226 ejusdem
1507 4160 1686 4226 operis
1746 4160 1943 4216 librum
2048 4171 2168 4218 erat
2213 4161 2642 4228 Patermutbius,
2692 4162 2785 4233 qui
2816 4172 2937 4232 post
2978 4162 3242 4232 Pamphili
3271 4180 3366 4234 per
3417 4176 3625 4237 marty-

368 4256 588 4302 mortuo
631 4248 844 4301 demum
897 4248 1131 4303 absolvit
1180 4248 1491 4318 Pamphilo.
1562 4249 1756 4305 Totum
1807 4266 1943 4322 cpus
2049 4248 2187 4303 rium
2261 4250 2702 4321 emigrationem,
2780 4250 2931 4306 brevi
3001 4252 3286 4323 interjecto
3356 4264 3617 4324 tempore,

367 4338 771 4393 confessoribus
807 4339 873 4393 ad
918 4340 1134 4394 metalla
1174 4339 1475 4396 Palaestinae
1523 4342 1843 4414 degentibus
1874 4346 1942 4400 ab
2045 4338 2279 4396 ﬂammis
2318 4351 2372 4396 et
2404 4343 2517 4410 ipse
2565 4356 2689 4396 cum
2721 4340 2844 4396 aliis
2879 4343 2987 4396 vita
3025 4343 3209 4412 pulsus
3254 4353 3354 4399 est.
3393 4364 3412 4397 ι
3446 4345 3620 4416 Hujus

367 4426 605 4485 Eusebio
631 4439 686 4484 et
721 4429 1002 4499 Pamphilo
1055 4441 1423 4501 nuncupatum
1447 4442 1551 4499 est,
1584 4438 1940 4503 quemadmo-
2045 4431 2316 4501 Apologia:
2353 4431 2614 4488 Eusebius
2657 4431 2752 4487 lib.
2789 4448 2842 4487 vr
2873 4432 3014 4489 Hist.
3068 4434 3219 4499 eccl.,
3270 4450 3392 4505 cap.
3425 4436 3515 4503 55,
3543 4439 3621 4493 sic

368 4520 495 4574 dum
521 4521 710 4575 scribit
758 4521 894 4575 idem
928 4519 1152 4576 Photius
1184 4520 1491 4576 Bibliotliec.
1539 4525 1725 4578 codice
1774 4539 1941 4579 cxvm

2063 4524 2293 4579 nentinit
2333 4541 2348 4579 :
2385 4525 2525 4579 Ὅσα
2575 4525 2632 4578 δὲ
2668 4527 2935 4595 ἀναγκαῖα
2963 4526 3070 4579 τῶν
3093 4527 3221 4599 περὶ
3250 4528 3413 4582 αὑτὸν
3442 4528 3622 4601 (Ὠρι-

366 4611 454 4666 his
480 4611 658 4667 verbis
690 4628 705 4665 :
745 4611 1081 4683 Ἀνεγνώσθη
1112 4611 1396 4683 Παμφίλου
1422 4612 1516 4666 τοῦ
1547 4613 1822 4685 μάρτυρος
1847 4616 1941 4669 καὶ
2042 4617 2227 4689 γένην)
2279 4619 2567 4689 διαγνῶναι
2594 4615 2683 4691 ἦν,
2713 4620 2885 4673 ταῦτα
2913 4621 3005 4673 καὶ
3034 4620 3097 4674 ὲκ
3137 4622 3235 4692 τῆς
3283 4621 3423 4692 ὑπὲρ
3453 4621 3619 4676 αὑτοῦ

364 4703 626 4758 Εὐσεὸίου
674 4703 813 4775 ὑπὲρ
849 4704 1173 4775 Ὠριγένους·
1208 4705 1362 4775 τόμοι
1409 4705 1466 4758 δὲ
1511 4705 1571 4759 τὸ
1605 4705 1804 4776 βιϐλίον
1857 4705 1937 4774 ἒξ,
2044 4710 2425 4783 πεπονημένης
2450 4713 2579 4783 ἡμῖν
2602 4729 2663 4764 τε
2695 4711 2789 4765 καὶ
2817 4711 2895 4783 τῷ
2921 4712 3041 4766 καθ’
3072 4713 3217 4784 ἡμᾶς
3252 4713 3383 4783 ἱερῷ
3413 4713 3621 4784 μάρτυ-

362 4789 437 4849 ὧν
461 4797 510 4850 οἱ
541 4797 640 4868 μὲν
674 4796 856 4860 πέντε,
892 4796 1160 4867 Παμφίλῳ
1181 4795 1242 4849 τὸ
1270 4797 1644 4867 δεσμωτήριον
1668 4796 1935 4863 οἰκοῦντι,
2042 4816 2097 4871 ρι
2151 4800 2421 4871 Παμφίλῳ
2479 4802 2849 4871 Ἀπολογίας,
2905 4803 3167 4875 πάρεστιν
3220 4804 3614 4871 ἀναλέξασθαι*

365 4890 745 4961 συμπαρόντος
799 4891 895 4944 καὶ
956 4888 1239 4950 Εὑσεὸίου,
1299 4888 1736 4960 ὲξεπονήθησαν·
1786 4891 1815 4941 ὁ
1880 4890 1939 4943 δὲ
2039 4890 2105 4960 ἢν
2142 4890 2249 4944 τῶν
2285 4890 2564 4961 φιλαιτίων
2589 4892 2749 4947 ἕνεκα
2779 4895 3221 4967 συμπονήσαντες
3237 4896 3509 4967 ἀλλήλοις,
3531 4897 3618 4952 διὰ

361 4982 540 5045 ἕκτος,
581 4983 703 5036 ἐπεὶ
734 4985 761 5036 ὁ
811 4981 1021 5053 μάρτυς
1056 4980 1197 5050 ξίφει
1222 4977 1315 5034 τοῦ
1366 4980 1463 5053 ζῇν
1502 4981 1787 5051 ἀπαχθεὶς,
1846 4982 1938 5035 ἁνε-

2063 4980 2275 5051 ςπουδῆς
2302 4984 2666 5054 πεποιήμεθα.
2708 5003 2726 5036 ι
2758 4984 3101 5056 Quaecunque
3128 5001 3257 5042 vero
3282 5001 3504 5042 necesse
3531 4998 3616 5043 est

361 5074 520 5129 έλυσε
571 5076 707 5147 πρὸς
745 5076 802 5129 ὂν
833 5074 1017 5128 ἐπόθει
1060 5072 1212 5139 Θεὸν,
1262 5072 1506 5145 Εὐσεὸίῳ
1542 5073 1727 5128 λοιπὸν
1757 5074 1939 5145 ἀπαρ-

2063 5071 2109 5126 le
2151 5072 2242 5127 illo
2276 5072 2557 5145 (Origene)
2603 5090 2916 5147 agnoscere,
2968 5091 3032 5131 ea
3088 5078 3195 5148 peti
3260 5088 3488 5146 possunt
3545 5096 3614 5134 ex

361 5168 590 5233 τίζεται.
624 5187 643 5220 ι
686 5167 834 5223 Lecti
863 5177 993 5223 sunt
1037 5165 1303 5236 Pamphili
1348 5166 1607 5238 martyris
1641 5177 1695 5222 et
1722 5166 1937 5221 Eusebii
2042 5162 2378 5234 Apologetico
2436 5168 2528 5235 qui
2581 5182 2611 5220 a
2666 5166 2822 5223 nobis
2874 5176 2929 5223 et
2977 5181 3007 5222 a
3050 5178 3398 5225 sacrosancto
3437 5170 3612 5225 nostri

362 5272 467 5326 pro
495 5257 727 5328 Origene
759 5258 879 5313 libri
909 5272 1027 5322 sex,
1055 5272 1283 5327 quorum
1317 5257 1556 5327 quinque
1578 5268 1753 5314 sunta
1774 5259 1938 5313 Pam-
2047 5258 2306 5324 temporis
2364 5268 2603 5330 martyre
2641 5258 2926 5330 Pamphilo
2971 5274 3074 5331 pro
3121 5260 3265 5315 illius
3303 5260 3613 5316 defensione

2045 5350 2384 5419 conscriptus
2416 5360 2534 5419 est;
2585 5367 2744 5421 quem
2781 5353 2996 5422 quidem
3042 5368 3144 5409 nos
3184 5364 3406 5425 propter
3448 5354 3614 5409 male-

2039 5440 2191 5496 volos
2223 5444 2485 5511 quosdam
2512 5445 2907 5502 obtrectatores
2931 5448 3208 5502 communi
3236 5447 3415 5503 studio
3446 5456 3611 5518 atque

2038 5547 2201 5603 opera
2230 5534 2458 5603 junctim
2499 5536 2918 5595 elaboravimus.
2971 5558 2990 5591 ι
3047 5540 3304 5596 Socrates
3349 5540 3478 5595 item
3512 5540 3607 5594 lib.

2040 5642 2096 5681 tu
2150 5624 2288 5683 Hist.
2322 5628 2532 5697 eadem,
2581 5645 2703 5701 cap.
2750 5630 2782 5684 7
2824 5648 2838 5686 :
2898 5631 3177 5703 Ὠριγένης
3223 5631 3281 5686 δὲ
3332 5628 3611 5703 πανταχοῦ

363 5350 512 5419 philo
546 5351 599 5405 in
644 5366 886 5415 carcere,
939 5359 1202 5418 praesente
1246 5350 1408 5404 etiam
1457 5349 1718 5413 Eusebio,
1748 5351 1934 5406 elabo-

363 5443 467 5496 rati
503 5457 518 5494 :
550 5451 737 5498 sextus
768 5458 896 5498 vero
924 5451 1208 5512 postquam
1248 5440 1358 5511 jam
1391 5454 1598 5513 martyr
1642 5441 1785 5497 ferro
1823 5443 1934 5513 pri-

362 5541 522 5589 vatus
549 5535 683 5599 vita,
732 5536 799 5590 ad
841 5535 1001 5590 unice
1031 5534 1395 5589 desideratum
1437 5534 1603 5589 Deum
1647 5535 1929 5606 migrarat,

362 5626 433 5681 ab
461 5625 691 5681 Eusebio
736 5636 820 5681 est
853 5624 1151 5683 absolutus.
1191 5646 1211 5679 ι
1254 5626 1323 5682 Ει
1349 5626 1535 5697 paucis
1581 5626 1881 5696 interjectis
1914 5644 1927 5678 :

381 5804 428 5837 °°
454 5804 596 5861 Psal.
628 5821 733 5872 CIV,
767 5807 853 5861 l7.
928 5805 972 5837 ⁸⁷
1004 5804 1100 5860 Job
1130 5822 1220 5871 Ill,
1248 5807 1331 5862 19.

562 5900 827 5959 ΡΑΤιιοι.
879 5900 992 5961 Gn.
1046 5900 1239 5960 XVII.

3224 5896 3299 5958 17
