4174 6452
557 390 671 451 ’523

1766 393 1822 450 S.
1866 394 2188 449 PAMPIIILI
2229 391 2590 450 MARTYRIS

3711 399 3816 458 5‘21

569 517 666 586 μὲν
698 518 755 569 ὲν
787 519 896 580 τοῖς
951 515 1265 588 φερομένοις
1318 517 1478 570 αὑτοῦ
1518 517 1740 587 βιῦλίοις
1774 517 2013 588 ἔμψυχον
2044 516 2114 569 ea

2238 518 2498 578 exercuit,
2534 516 2733 570 nullam
2767 515 2819 570 in
2855 529 2952 570 suo
2979 513 3236 585 Catalogo
3268 516 3498 569 virorum
3527 516 3816 574 illustrium

565 609 1056 680 ὲνανθρωπήσαντα
1089 603 1224 661 οἶδεν
1251 626 1262 638 ·
1317 609 1496 672 ἱδικῶς
1540 609 1596 661 δὲ
1637 611 1666 662 ό
1716 611 1802 674 εὶς
1826 609 1940 677 τὴν·
1968 609 2143 661 Γένε-

563 715 668 753 σιν
687 697 835 769 αὐτῷ
861 699 1231 770 πεπονημένος
1261 700 1477 764 ἕννατος
1499 702 1682 771 τόμος,
1714 700 1776 753 τὸ
1801 702 1926 771 περὶ
1953 701 2140 754 τούτου

566 786 860 857 μυστήριον
916 787 1276 857 ἐφανέρωσεν,
1320 788 1448 842 ἔνθα
1515 789 1685 860 Ἀδὰμ
1739 790 1836 858 μὲν
1867 790 1956 842 τὸν
2011 792 2140 861 Χρι-

562 879 705 942 στὸν,
741 879 885 933 Εὔαν
911 880 988 944 δὲ,
1006 881 1102 949 τὴν
1136 880 1455 951 Ἐκκλησίαν
1488 878 1623 934 εἶναι
1650 882 1980 954 πλατύτερον
2013 901 2138 938 κατ-

559 970 852 1024 εσκεύασε·
913 973 1187 1043 μάρτυρες
1239 973 1441 1027 τούτων
1490 973 1810 1038 ἀξιόπιστοι,
1853 976 1961 1028 ὅτε
1998 977 2136 1046 ἱερὸς

561 1063 862 1133 Πάμφιλος,
917 1065 1008 1117 atat
1052 1065 1081 1115 ό
1122 1063 1180 1128 ἐξ
1233 1065 1396 1118 αὑτοῦ
1426 1066 1777 1136 χρηματίζων
1835 1068 2092 1131 Εὐσέϐιος
2120 1087 2131 1098 ·

558 1155 724 1225 ἄμφω
756 1155 866 1227 γὰρ
886 1159 1046 1228 κοινῇ
1075 1157 1164 1210 τὸν
1209 1157 1511 1228 Ὠριγένους
1537 1159 1958 1230 παρατιθέμενοι
2000 1159 2132 1230 βίον,

558 1245 652 1298 καὶ
683 1245 818 1314 πρὸς
856 1246 980 1308 τοὺς
1024 1247 1087 1298 ὲκ
1142 1245 1462 1316 προλήψεως
1488 1246 1962 1316 ἀπεχθανομένους
1999 1246 2134 1317 πρὸς

556 1337 646 1390 τὸν
679 1337 849 1408 ἄνδρα
892 1337 1255 1401 ἁπαντῶντες,
1307 1336 1535 1402 ἐνδόξοις
1585 1336 1808 1406 βιϐλίοις
1841 1338 2132 1406 ἀπολογίαν

557 1429 696 1500 ὑπὲρ
747 1428 910 1482 αὑτοῦ
956 1429 1286 1499 ποιούμενοι,
1333 1429 1393 1480 οὺ
1449 1428 1664 1497 πρῶτον
1710 1430 1989 1501 Ὠριγένην
2041 1431 2131 1483 ἐπὶ

553 1521 756 1593 ταύτην
782 1521 878 1593 τὴν
906 1522 1287 1593 πραγματείαν
1317 1524 1489 1577 ἐλθεῖν
1528 1541 1710 1593 φασιν,
1746 1524 1880 1578 ἀλλὰ
1905 1525 2002 1596 τὴν
2032 1527 2130 1596 τῆς

566 1612 891 1684 Ἐκκλησίας
935 1613 1202 1684 μυστικὴν
1230 1615 1560 1686 ἑρμηνεῦσαι
1588 1615 1900 1687 παράδοσιν.
1945 1634 1962 1666 ι
2001 1615 2127 1672 Ori-

553 1718 718 1771 genes
764 1717 978 1772 quoque
1027 1703 1083 1758 in
1137 1706 1392 1759 omnibus
1443 1705 1598 1759 libris
1651 1705 1785 1770 suis,
1851 1705 2126 1761 Christum

556 1796 827 1850 hominem
870 1795 1070 1850 factum
1119 1797 1298 1850 anima
1354 1799 1634 1867 praeditum
1675 1814 1795 1854 esse
1829 1800 2120 1867 agnoscit:

2246 608 2572 661 mentionem
2603 608 2745 660 fecit.

2315 699 2374 752 ll.
2409 701 2564 753 Anno
2611 699 2817 754 Christi
2869 699 2994 761 597,
3030 697 3282 762 Ruﬁnus,
3336 713 3366 753 e
3421 699 3704 755 Palaestina
3761 704 3813 756 in

2242 787 2446 842 Italiam
2475 805 2503 842 a
2554 800 2746 844 sancto
2777 789 3114 850 Chromatio,
3147 789 3510 857 Aquileiensis
3556 793 3816 849 Ecclesia!

2240 882 2514 950 episcopo,
2555 892 2831 945 evocatus,
2869 883 2958 936 ubi
3002 883 3229 937 Romam
3287 883 3525 948 advenit,
3575 887 3810 954 primum

2241 973 2398 1041 hujus
2427 974 2694 1043 Apologia:
2755 974 2951 1028 librum
3002 976 3196 1030 Latine
3247 976 3433 1037 vertit.
3469 985 3524 1030 et
3559 978 3658 1030 Snb
3692 979 3811 1036 solo

2238 1065 2491 1134 martyris
2536 1064 2800 1134 Pamphili
2855 1069 3074 1122 nomine
3127 1066 3440 1134 publicavit.
3484 1068 3594 1122 Cur
3627 1080 3806 1125 autem

2241 1155 2290 1209 id
2320 1157 2500 1224 operis
2523 1171 2811 1225 aggressus
2839 1157 2928 1218 sit,
2957 1157 3036 1210 sic.
3061 1157 3172 1225 ipse
3204 1158 3429 1225 exponit
3454 1157 3547 1211 lih.
3577 1175 3591 1213 I
3623 1160 3808 1214 adver-

2234 1263 2323 1299 sus
2357 1244 2778 1315 Hieronymum:
2807 1265 2824 1296 ι
2859 1243 2954 1298 Vir
2987 1246 3107 1312 lidc,
3141 1249 3468 1311 eruditione,
3501 1249 3804 1315 nobilitate,

2234 1337 2340 1389 vita
2371 1335 2550 1390 clarus
2578 1336 2844 1392 Macarius
2882 1353 3002 1392 cum
3049 1337 3305 1406 opuscula
3340 1339 3601 1394 adversus
3633 1341 3803 1396 fatum

2233 1427 2314 1482 vel
2347 1427 2625 1481 mathesim
2664 1429 2887 1483 haberet
2924 1428 2978 1483 in
3032 1429 3306 1493 manibus,
3367 1444 3540 1498 eaque
3573 1433 3688 1486 utili
3746 1443 3804 1487 et

2232 1521 2636 1588 pernecessario
2687 1521 2882 1575 sudore
2938 1532 3288 1590 componeret
3340 1540 3354 1576 :
3408 1523 3458 1576 in
3513 1524 3803 1590 aliquantis

2229 1627 2378 1677 vero,
2405 1613 2529 1681 quia
2563 1623 2682 1668 erat
2714 1612 3039 1683 perdidicilis
3074 1615 3323 1678 materia,
3353 1615 3418 1670 de
3449 1616 3643 1670 divinas
3671 1616 3800 1672 Pro-

2228 1704 2479 1759 videntia:
2530 1705 3021 1775 dispensationibus
3067 1705 3364 1773 haesitaret,
3422 1721 3516 1773 per
3545 1722 3795 1776 soporem

2229 1796 2329 1849 sibi
2363 1811 2390 1848 a
2422 1796 2648 1850 Domino
2679 1795 2782 1851 tale
2811 1797 3010 1866 aliquid
3036 1797 3255 1851 dicebat
3284 1807 3560 1851 ostensum
3591 1816 3604 1851 :
3649 1795 3792 1868 quod

555 1888 647 1942 sed
682 1887 987 1956 specialiter
1014 1889 1066 1942 in
1098 1904 1241 1943 nono
1270 1899 1417 1944 ιοηιο
1454 1889 1964 1944 Commentariorum
1990 1906 2125 1960 quos
2160 1863 2200 1918 Β
2230 1884 2381 1937 navis
2411 1885 2458 1938 ei
2492 1886 2736 1954 quaadam
2773 1887 3237 1942 demonstraretur
3264 1889 3475 1943 eminus
3505 1889 3794 1944 adventare

553 1980 776 2050 scripsit
803 1981 857 2034 in
897 1973 1162 2044 Genesim,
1200 1982 1361 2052 hujus
1417 1983 1492 2037 rei
1531 1993 1928 2037 sacramentum
1959 1999 2125 2053 expo-

551 2071 630 2123 nit
661 2085 676 2121 :
709 2085 816 2138 quo
856 2069 974 2125 loco
1012 2071 1275 2125 Adamum
1317 2072 1532 2140 quidem
1565 2072 1788 2136 Christi,
1843 2073 2008 2127 Evam
2035 2089 2126 2128 au-

552 2173 655 2218 tem
682 2153 937 2216 Ecclesiae
966 2171 1152 2232 typum
1180 2177 1368 2234 gerere
1391 2163 1637 2232 pluribus
1658 2165 1836 2218 verbis
1863 2166 2118 2219 asseruit.

550 2251 717 2320 Hujus
743 2253 820 2306 rei
856 2261 1019 2307 testes
1073 2263 1199 2307 sunt
1240 2252 1650 2321 locupletissimi
1705 2255 1765 2309 S.
1807 2252 2121 2323 Pamphilus

546 2355 622 2412 et,
649 2345 737 2414 qui
765 2345 834 2398 ab
875 2344 967 2398 illo
1005 2359 1202 2399 nomen
1239 2345 1426 2410 traxit,
1456 2344 1739 2401 Eusebius.
1771 2347 1945 2402 Ambo
1975 2349 2119 2403 enim

546 2450 666 2488 cum
701 2434 862 2488 simul
893 2435 1064 2505 juncti
1104 2435 1268 2488 vitam
1317 2433 1566 2505 Origenis
1597 2436 2028 2504 censeriberent,
2065 2449 2120 2493 et

547 2535 614 2589 iis
637 2534 727 2604 qui
766 2549 832 2588 ex
867 2534 1160 2604 anticipata
1215 2532 1450 2602 quadam
1487 2536 1744 2604 Opinione
1789 2550 1910 2591 eum
1958 2552 2118 2592 aver-

545 2629 824 2688 sabantur,
855 2626 1264 2696 responderent,
1295 2626 1347 2680 in
1375 2625 1650 2695 prteclaris
1683 2627 1789 2683 illis
1813 2628 1963 2684 libris
1982 2644 2118 2699 quos

544 2735 643 2788 pro
688 2720 804 2790 ejus
845 2719 1158 2774 defensione
1199 2717 1621 2783 elucubrarunt,
1669 2718 1954 2791 Origenem
2005 2736 2114 2777 non

543 2816 776 2882 primum
824 2815 876 2868 in
912 2816 1014 2870 hoc
1053 2824 1368 2886 argumento
1404 2824 1678 2872 versatum
1743 2831 1863 2872 esse
1906 2817 2113 2881 dicunt,

542 2909 636 2962 sed
662 2907 946 2978 mysticam
977 2907 1232 2963 Ecclesia:
1259 2907 1605 2963 traditionem
1635 2923 1755 2963 esse
1785 2909 2116 2977 interpreta-

547 3013 678 3055 tum.
712 3020 731 3052 ι
767 2999 1052 3055 Socratem
1079 3003 1325 3072 sequitur
1356 3001 1696 3072 Nicephorus
1725 3002 1979 3058 Callistus
2016 3002 2110 3058 lib.

545 3111 599 3159 ιι,
630 3109 752 3164 cap.
798 3093 888 3148 14.
933 3095 1249 3164 Anonymus
1297 3106 1512 3162 auctor,
1557 3096 1650 3166 qui
1705 3107 1857 3149 sexto
1917 3095 2113 3150 saaculo

541 3185 798 3255 epistolas
825 3185 1112 3256 synodicas
1166 3199 1195 3238 a
1228 3184 1296 3242 R.
1331 3184 1388 3239 P.
1419 3184 1571 3255 Lupo
1597 3186 1768 3240 editas
1789 3184 2026 3255 collegit,
2058 3185 2109 3239 in
2141 3212 2182 3270 ο

541 3279 654 3331 suis
682 3277 748 3330 ad
778 3277 1062 3347 epistolam
1110 3277 1212 3332 198
1243 3276 1720 3334 observationibus
1753 3277 1916 3347 hujus
1945 3279 2108 3332 etiam

540 3373 620 3427 sic
655 3371 935 3427 meminit:
972 3389 992 3422 ι
1039 3371 1304 3426 Eusebius
1344 3372 1396 3425 in
1436 3384 1600 3441 Opere
1633 3370 1971 3440 apologetico
2013 3386 2111 3440 pro

541 3464 769 3536 Origene
796 3474 850 3518 et
872 3464 1212 3535 dogmatibus
1229 3463 1366 3532 ejus,
1395 3464 1448 3519 id
1470 3473 1574 3530 est,
1596 3478 1692 3532 pro
1725 3465 2109 3533 prteexsisten-

543 3557 615 3610 tia
666 3564 724 3610 et
777 3555 1120 3610 restitutione
1172 3554 1496 3622 composito,
1548 3556 1692 3623 quod
1747 3557 2001 3626 martyris
2057 3570 2110 3610 et

542 3648 705 3716 ipsius
743 3647 959 3701 Eusebii
1000 3646 1349 3702 Caesariensis
1400 3647 1705 3701 nominibus
1751 3656 2105 3716 praenotatur,

541 3740 721 3794 nntltis
749 3739 904 3793 valde
935 3739 1347 3808 praecedentium
1371 3738 1596 3792 Patrum
1627 3740 1953 3796 testimoniis
1978 3755 2109 3796 usus

537 3842 619 3883 est
651 3846 748 3900 pro
779 3831 1050 3899 praedictis
1087 3831 1382 3886 erroribus.
1426 3850 1444 3882 ι
1479 3831 1632 3897 Quod
1679 3841 1856 3886 autem
1890 3833 1966 3888 ait
2000 3833 2108 3887 Eu-

536 3923 715 3976 sebius
743 3924 881 3977 hanc
904 3938 933 3977 a
955 3937 1013 3978 se
1036 3933 1091 3977 et
1117 3938 1145 3975 a
1174 3929 1414 3994 martyre
1436 3923 1718 3995 Pamphilo
1744 3923 2104 3994 Defensionem

535 4013 776 4084 Origenis
824 4015 987 4070 fuisse
1035 4015 1404 4084 conscriptam
1459 4034 1478 4068 ι
1537 4024 1757 4084 prapter
1812 4016 2105 4072 malevolos

535 4107 792 4166 quosdam
823 4109 1240 4171 obtrectatores,
1276 4126 1294 4160 ι
1333 4107 1474 4161 haud
1519 4108 1635 4162 scio
1670 4124 1734 4161 an
1770 4120 1876 4162 non
1914 4109 2102 4178 praeci-

534 4214 636 4265 pue
671 4199 922 4268 respiciat
965 4197 1312 4266 Methodium,
1342 4199 1549 4270 Olympi
1587 4200 1638 4253 in
1695 4197 1860 4270 Lycia
1887 4201 2103 4269 episco-

533 4307 677 4360 pum,
713 4292 804 4360 qui
849 4303 958 4344 tum
1001 4292 1308 4346 eruditione
1353 4291 1742 4346 celeberrimus
1786 4303 1925 4346 erat.
1967 4291 2100 4346 Nam

534 4381 838 4453 agEusebius
854 4361 1203 4437 Cuzsariensis
1236 4383 1520 4453 episcopus
1546 4402 1564 4434 ι
1598 4385 1789 4454 (verba
1816 4397 1943 4438 sunt
1975 4385 2101 4439 Hie-

531 4474 738 4545 ronymi
771 4475 866 4531 lib.
896 4491 911 4528 t
940 4475 1206 4544 Apologia;
1239 4475 1490 4529 adversus
1523 4473 1798 4546 Ruﬁnum)
1838 4476 1890 4530 in
1943 4486 2100 4530 sexto

2228 1989 2322 2042 per
2367 1976 2610 2044 pelagus,
2664 1992 2785 2046 qua:
2845 1993 2968 2032 cum
3021 1987 3232 2046 portum
3277 1978 3471 2032 fuisset
3526 1978 3793 2049 ingressa,

2225 2069 2396 2121 nodos
2422 2084 2531 2121 sua:
2561 2069 2917 2125 hmsitationis
2942 2071 3267 2125 absolveret.
3305 2071 3613 2140 Exsurgens
3640 2087 3791 2136 vero.

2225 2173 2344 2211 cum
2375 2158 2441 2212 de
2472 2158 2590 2212 visu
2638 2159 2903 2216 sollicitus
2941 2163 3226 2229 cogitaret,
3274 2177 3372 2214 nos
3420 2163 3796 2230 supervenisse

2223 2250 2402 2304 aiebat
2425 2250 2478 2304 in
2507 2259 2778 2320 tempore:
2807 2253 3004 2322 quibus
3029 2254 3284 2307 continuo
3307 2264 3358 2307 et
3390 2253 3648 2322 opuscula
3675 2269 3796 2320 sua,

2221 2354 2276 2397 et
2323 2344 2728 2413 ambiguitatem
2776 2345 3056 2410 indicavit,
3107 2357 3161 2399 et
3203 2347 3400 2398 visum.
3451 2345 3589 2411 Quid
3635 2360 3796 2413 porro

2221 2437 2498 2504 Origenes,
2524 2452 2682 2506 quem
2719 2438 3159 2506 opinatissimum
3187 2438 3326 2508 apud
3357 2436 3576 2492 Graecos
3612 2437 3794 2492 audie-

2223 2539 2326 2593 rat,
2367 2529 2596 2583 sentiret
2632 2529 2698 2584 de
2749 2530 2945 2584 talibus
2987 2539 3396 2599 percunctatur,
3447 2531 3795 2600 breviterque

2218 2621 2320 2675 sibi
2378 2615 2493 2689 ejus
2549 2622 2616 2676 de
2677 2623 2906 2692 singulis
2959 2623 3265 2692 quibusque
3310 2625 3609 2680 sententias
3672 2635 3794 2680 orat

2217 2715 2435 2783 exponi.
2465 2713 2575 2786 Ego
2624 2730 2737 2770 rem
2793 2717 3029 2782 primum
3061 2717 3307 2770 dicebam
3346 2717 3489 2772 factu
3517 2733 3637 2774 esse
3660 2717 3792 2773 dini-

2218 2806 2408 2870 cilem;
2459 2818 2704 2861 sanctum
2740 2817 2917 2862 tamen
2955 2809 3292 2879 Pamphilum
3329 2821 3624 2882 martyrem
3678 2811 3789 2864 dixi

2216 2901 2449 2967 quadam
2489 2915 2552 2953 ex
2596 2908 2748 2967 parte
2779 2898 2887 2953 tale
2930 2899 3134 2968 aliquid
3171 2902 3351 2969 operis
3397 2903 3790 2970 conscripsisse

2217 2989 2270 3044 in
2305 2990 2642 3059 Apologetico
2675 3006 2792 3044 suo.
2826 2989 3100 3046 Continuo
3140 2992 3190 3045 id
3221 2992 3320 3047 sibi
3351 2995 3522 3062 poscit
3555 2993 3606 3046 in
3635 2992 3785 3048 Lati-

2217 3097 2342 3134 num
2382 3083 2537 3137 verti.
2579 3081 2790 3138 Nullum
2815 3083 3060 3136 dicebam
3116 3099 3201 3137 me
3235 3099 3385 3138 usum
3413 3083 3786 3152 hujuscemodi

2215 3174 2394 3242 operis
2423 3174 2693 3240 habuisse,
2717 3184 2771 3229 et
2797 3176 2861 3228 ad
2894 3174 3143 3230 Latinum
3169 3191 3470 3231 sermonem
3502 3177 3784 3232 trice‘nnali

2213 3266 2323 3334 jam
2357 3281 2493 3335 pene
2522 3267 2731 3321 incuria
2769 3268 3060 3338 torpuisse.
3096 3267 3343 3324 Perstitit
3389 3277 3567 3322 tamen
3591 3268 3790 3338 depre-

2213 3373 2344 3412 cans
2369 3359 2734 3428 qualicunque
2760 3374 3016 3414 sermone
3049 3360 3297 3415 notitiam
3320 3361 3421 3416 sibi
3456 3370 3662 3415 tantum
3687 3378 3785 3415 e0-

2214 3465 2331 3503 rum
2365 3466 2484 3520 qua:
2531 3452 2803 3519 cupiebat,
2835 3452 3070 3506 ostendi.
3127 3451 3370 3522 Cumque
3423 3454 3474 3507 id
3503 3469 3608 3523 quo
3631 3456 3784 3525 potui

2209 3557 2461 3596 sermone
2500 3541 2771 3607 fecissem,
2817 3543 3006 3610 majori
3052 3545 3322 3600 desiderio
3381 3560 3647 3602 accensus
3699 3559 3786 3603 est

2209 3635 2276 3687 ad
2324 3633 2413 3688 illa
2459 3634 2576 3704 ipsa
2627 3635 2836 3704 plenius
2880 3639 3278 3706 cognoscenda,
3321 3651 3352 3691 e
3381 3639 3579 3706 quibus
3610 3655 3784 3708 pauca

2211 3726 2298 3779 illa
2326 3741 2447 3796 quae
2495 3728 2876 3781 transtulerant
2920 3728 3245 3782 videbantur
3277 3743 3574 3799 assumpta.
3614 3732 3786 3785 Excu.

2208 3827 2416 3873 santem
2453 3834 2539 3873 me
2575 3833 2771 3888 urgere
2801 3821 3178 3876 vehementius
3219 3822 3411 3892 cmpit,
3461 3834 3516 3876 et
3545 3825 3645 3878 sub
3686 3825 3778 3879 Dei

2211 3911 2515 3966 testimonio
2541 3913 2833 3968 convenire
2862 3927 2928 3966 ne
2954 3911 3056 3966 sibi
3084 3915 3150 3966 ad
3178 3928 3311 3983 opus
3339 3914 3539 3968 bonum
3572 3930 3690 3984 qua:
3720 3931 3783 3970 se

2207 4003 2400 4058 auxilia
2443 4005 2637 4072 juvare
2691 4013 2913 4074 possent
2965 4006 3311 4075 denegarem.
3339 4005 3584 4076 Cumque
3622 4008 3780 4063 vehe-

2205 4098 2438 4151 mentius
2469 4097 2768 4164 insisteret,
2827 4105 2883 4152 et
2930 4097 3259 4152 desiderium
3311 4097 3427 4165 ejus
3479 4101 3776 4155 secundum

2207 4189 2375 4242 Deum
2401 4203 2520 4244 esse
2548 4191 2942 4259 perspicerem,
2975 4189 3223 4259 acquievi
3252 4191 3488 4255 tandem,
3522 4203 3574 4245 et
3609 4192 3778 4246 inter-

2203 4289 2446 4350 pretatus
2478 4296 2619 4337 sum.
2659 4299 2678 4331 ›
2715 4281 2784 4334 At
2810 4296 2934 4334 vero
2961 4279 3323 4351 Hieronymus
3354 4282 3448 4336 lib.
3490 4298 3550 4336 Ill
3587 4284 3773 4337 adver-

2200 4388 2288 4425 sus
2325 4370 2576 4441 Ruﬁnum
2607 4374 2685 4428 sic
2714 4374 2928 4427 deridet
2969 4373 3110 4427 hanc
3151 4373 3326 4428 Ruﬁni
3357 4375 3728 4429 narrationem
3755 4393 3771 4431 :

2206 4482 2224 4516 ι
2270 4463 2314 4518 0
2346 4466 2645 4528 triremem,
2683 4466 2876 4534 inquit,
2907 4465 3410 4534 locupletissimam,
3437 4482 3555 4535 qua:
3581 4465 3774 4521 Orien-

529 4566 664 4620 libro
712 4555 813 4634 τῆς
865 4565 1207 4634 Ἀπολογίας
1262 4564 1511 4634 Origenis
1578 4566 1679 4618 hoc
1733 4565 1873 4619 idem
1912 4564 2097 4633 objicit
2128 4568 2171 4622 1)
2203 4557 2398 4612 talibus
2427 4567 2482 4612 et
2502 4555 2774 4628 Egyptiis
2810 4559 3083 4612 mercibus
3129 4557 3380 4611 Romana:
3410 4559 3560 4614 urbis
3597 4559 3780 4615 ditare

525 4657 794 4712 Methoiin
819 4657 1071 4724 episcopo
1093 4666 1146 4710 et
1179 4657 1423 4727 martyri,
1449 4656 1592 4725 quod
1631 4667 1687 4710 tu
1722 4657 1776 4710 in
1820 4656 1955 4711 meis
1984 4655 2098 4708 lau-

523 4752 680 4806 dibus
721 4749 1065 4813 crit'ninaris;
1098 4757 1153 4803 et
1187 4749 1368 4803 dicit:
1411 4767 1429 4800 ε
1472 4749 1753 4814 Quomodo
1803 4765 1968 4803 ausus
2016 4759 2099 4804 est

521 4844 823 4899 Methodius
860 4860 999 4898 nunc
1029 4854 1212 4898 contra
1243 4841 1530 4912 Origenem
1558 4841 1816 4906 scribere,
1858 4842 1950 4910 qui
1986 4841 2098 4896 haec

520 4950 575 4990 et
606 4940 720 4992 hac
750 4939 816 4991 de
846 4935 1092 5007 Origenis
1145 4935 1358 4989 locutus
1394 4941 1477 4988 est
1525 4933 1913 5002 dogmatibus?
1950 4953 1968 4985 ι
2011 4933 2098 4987 Li—

523 5030 676 5083 brum
709 5029 784 5083 De
828 5028 1206 5082 resurrectione
1250 5027 1470 5096 scripsit
1497 5026 1800 5082 Methodius
1832 5027 2094 5081 adversus

520 5134 832 5206 Origenem,
869 5135 1094 5189 testibus
1123 5132 1454 5202 Hieronymo
1484 5143 1535 5188 et
1558 5132 1860 5202 Epiphanio
1888 5149 1900 5184 :
1931 5143 2095 5199 atque

522 5231 636 5281 lucc
662 5243 823 5282 causa
855 5227 1020 5281 fuisse
1043 5226 1258 5280 videtur
1278 5241 1378 5279 cur
1404 5225 1670 5279 Eusebius
1696 5226 1747 5278 in
1776 5224 1888 5278 suis
1916 5223 2095 5277 Histo-

522 5330 616 5382 ria:
637 5327 1004 5381 ecclesiarum
1037 5325 1193 5381 libris
1235 5325 1435 5378 nullam
1486 5324 1604 5394 ejus
1639 5323 1974 5379 mentionem
2019 5324 2095 5378 fe-

518 5431 674 5485 cerit.
708 5430 838 5484 Nam
866 5447 990 5484 cum
1023 5443 1210 5484 omnes
1243 5427 1355 5482 fere
1404 5428 1803 5483 ecclesiasticos
1855 5427 2086 5496 Scripto-

522 5551 607 5590 res
631 5534 683 5588 in
715 5535 816 5588 hoc
843 5549 1007 5604 opere
1033 5545 1287 5590 accurate
1316 5533 1850 5599 commemoraverit,
1879 5533 2088 5588 Metho-

518 5634 662 5692 dium
692 5642 867 5686 tamen
908 5632 977 5686 de
1001 5633 1263 5688 industria
1299 5633 1674 5704 praetermisit,
1702 5647 1768 5686 eo
1794 5632 1936 5700 quod
1967 5632 2092 5686 Ori-

517 5747 729 5804 genem,
763 5749 923 5804 quem
952 5733 1064 5802 ipse
1110 5733 1378 5801 praecipue
1431 5733 1757 5798 mirabatur,
1807 5733 2087 5800 impugna-

519 5839 701 5895 visset.
738 5841 830 5897 Sic
874 5839 1232 5909 llicr0nymus
1267 5837 1470 5904 Rufini,
1510 5837 1727 5908 quicum
1777 5838 2082 5893 simultates

2203 4660 2425 4705 venerat
2454 4660 2822 4720 paupertatem
2850 4652 2862 4704 ε

2906 4741 2983 4796 Tu
3011 4744 3268 4797 maximus
3292 4743 3380 4796 ille
3413 4760 3487 4810 es,

2344 4829 2489 4886 Unus
2518 4834 2608 4903 qui
2639 4834 2784 4888 nobis
2827 4835 3100 4888 scribenda
3129 4835 3364 4888 restituis
3401 4851 3531 4888 rem.

2201 4922 2339 4994 Ergo
2376 4926 2478 4980 nisi
2523 4927 2588 4980 de
2637 4925 2858 4981 Oriente
2915 4927 3153 4981 venisses
3184 4966 3200 4991 ,
3251 4927 3646 4981 eruditissimus
3691 4926 3774 4980 vir

2201 5018 2432 5072 haereret
2484 5019 2660 5072 adhuc
2723 5020 2861 5073 inter
2926 5019 3357 5083 mathematicos,
3417 5029 3471 5072 et
3526 5020 3772 5072 homines

2198 5109 2519 5174 Christiani,
2555 5111 2682 5178 quid
2736 5120 2925 5165 contra
2969 5111 3136 5164 fatum
3169 5110 3519 5175 dissererent,
3555 5111 3771 5179 ignora-

2195 5212 2336 5257 rent.
2379 5221 2397 5254 ι
2433 5202 2913 5257 Eminentissimus
2944 5201 3239 5257 cardinalis
3266 5200 3514 5255 Norisins
3547 5201 3767 5256 Dissert.

2194 5297 2382 5350 histor.
2417 5297 2480 5349 de
2521 5295 2710 5364 ayuod.
2756 5309 2820 5356 ν,
2866 5309 2986 5364 cap.
3029 5294 3236 5359 15,~ut
3281 5293 3451 5362 aperti
3502 5292 3768 5346 mendacii

2199 5386 2449 5439 Ruﬁnum
2493 5396 2707 5456 arguat,
2743 5386 2936 5453 objicit
2972 5386 3024 5439 in
3064 5387 3167 5441 hoc
3200 5385 3550 5454 Apologetico
3586 5385 3770 5438 libello

2193 5494 2352 5547 quem
2389 5480 2488 5532 sub
2523 5480 2742 5532 nomine
2786 5478 3049 5548 Pamphili
3087 5478 3342 5547 martyris
3386 5476 3590 5541 edidit,
3633 5478 3769 5530 nihil

2195 5569 2478 5640 probatum
2519 5570 2620 5639 legi
2667 5577 2859 5623 contra
2893 5568 3306 5622 mathematicos
3332 5567 3414 5619 vel
3451 5566 3546 5618 fati
3588 5580 3767 5618 asser—

2197 5672 2369 5726 tores;
2404 5661 2496 5715 sed
2529 5669 2735 5716 tantum
2768 5661 2833 5715 de
2871 5660 3051 5725 Patre,
3084 5661 3150 5715 de
3193 5659 3313 5714 Filii
3349 5660 3675 5719 aeternitate,
3701 5660 3768 5711 de

2194 5751 2429 5819 Spiritus
2459 5751 2630 5806 sancti
2669 5751 2985 5814 divinitate,
3038 5752 3105 5805 de
3150 5751 3307 5805 Verbi
3354 5751 3761 5813 incarnatione,

2193 5861 2255 5897 ac
2309 5844 2524 5899 Christo
2563 5845 2820 5911 Domino,
2870 5845 2935 5899 de
2972 5843 3148 5914 pmnis
3191 5845 3594 5908 damnatorum,
3651 5853 3759 5896 etc.
