4174 6384
365 401 471 456 5:25

1317 403 1659 460 APOLOGIA
1699 402 1834 459 PRO
1871 399 2188 457 ORIGENE.
2229 432 2297 442 —
2337 399 2674 457 MONITUM.

3520 403 3622 462 526

371 536 392 568 ‹
429 516 714 585 Quodnam
748 517 938 587 igitur,
987 493 1358 587 inquit,'opus
1405 527 1596 574 contra
1638 517 1943 572 mathema-
1971 532 2017 589 Α
2051 514 2181 568 leris
2212 529 2240 567 a
2272 523 2323 568 te
2351 512 2800 584 posseconiingi.
2832 512 3025 570 Postea
3063 529 3190 570 vero
3226 531 3323 586 per
3355 517 3622 591 interpre-

368 611 504 664 ticos
547 607 861 679 Pamphilus
903 608 1164 678 scripsit?
1204 629 1223 661 ι
1273 608 1378 663 Sed
1432 611 1716 679 responsio
1764 609 1940 663 facilis

366 713 468 758 est.
503 699 574 756 Ut
603 703 746 757 enim
785 702 968 754 darem
1004 701 1056 755 in
1089 702 1264 770 primo
1310 702 1582 773 Apologia:
1630 702 1768 756 libro
1806 702 1938 756 nihil

367 805 556 848 contra
589 792 1002 848 mathematicos
1032 791 1226 856 fuisse,
1253 803 1309 848 at
1335 805 1562 850 caeteros
1601 795 1740 849 forte
1771 794 1938 849 libros

367 897 676 957 sequentes,
714 887 766 940 in
794 886 989 953 quibus
1017 885 1212 939 alicubi
1237 886 1470 941 forsitan
1504 886 1602 941 fati
1634 895 1936 940 assertores

367 979 808 1043 confutabantur,
852 976 1042 1032 Latine
1084 979 1319 1034 reddere
1353 979 1405 1034 in
1442 980 1624 1035 animo
1671 989 1791 1033 erat
1822 978 1934 1032 Ru-

369 1073 500 1138 fino,
533 1087 692 1141 quem
739 1073 806 1124 ab
848 1071 952 1125 hoc
1001 1069 1184 1126 labore
1221 1071 1483 1126 deterruit
1535 1071 1683 1126 solus
1757 1069 1935 1124 illaca-

368 1168 478 1221 rius
502 1165 668 1220 libros
695 1164 835 1233 Περὶ
863 1163 1064 1234 ἀρχῶν
1093 1166 1306 1220 videndi
1352 1167 1603 1237 cupidus.
1641 1168 1737 1222 llic
1765 1169 1930 1232 enim,

367 1265 504 1311 teste
525 1254 720 1310 Ruﬁno
751 1254 845 1310 lib.
877 1269 893 1308 ι
933 1255 1203 1324 Apologia:
1230 1255 1484 1310 adversus
1515 1255 1925 1328 Hieronymum,

362 1349 498 1404 lecta
529 1349 648 1406 libri
682 1350 839 1420 primi
875 1349 1204 1421 Apologetici
1238 1352 1510 1419 versione,
1553 1371 1572 1404 ‹
1611 1353 1803 1421 majori
1835 1353 1932 1408 de-

361 1439 562 1495 siderio
607 1455 871 1496 accensus
905 1449 988 1495 est
1041 1443 1108 1495 ad
1164 1441 1280 1510 ipsa
1342 1441 1429 1496 illa
1480 1423 1692 1513 plenius
1732 1458 1933 1514 cogno-

359 1532 576 1596 scenda,
608 1549 639 1589 e
665 1535 861 1604 quibus
890 1549 1057 1603 pauca
1089 1533 1201 1602 illa,
1235 1550 1356 1605 quae
1387 1554 1404 1587 ι
1441 1536 1794 1592 transtulerat
1822 1535 1932 1591 Ru-

359 1623 522 1686 finus,
560 1641 579 1676 ι
619 1625 943 1679 videbantur
968 1636 1270 1696 assumpta.
1305 1646 1324 1680 ι
1359 1627 1798 1684 Translationem
1829 1630 1930 1684 ita-

357 1730 463 1784 que
500 1716 760 1772 librorum
795 1717 934 1787 Περὶ
960 1716 1162 1788 ἀρχῶν
1199 1719 1416 1788 aggredi
1452 1729 1674 1775 coactus
1704 1730 1788 1776 est
1818 1719 1930 1776 Ru-

359 1806 520 1861 finus.

2050 607 2308 660 tationem
2335 617 2478 659 tuam
2508 607 2807 676 quaestione
2830 616 3021 662 contra
3046 605 3335 676 Origenem
3359 620 3471 666 toto
3486 615 3619 668 orbe

2045 708 2342 762 commota,
2395 699 2446 752 in
2495 699 2805 767 quaerendis
2857 699 3260 769 exemplaribus
3305 703 3618 771 diligentior

2047 787 2146 852 fui,
2179 797 2234 844 et
2271 789 2323 842 in
2358 789 2677 845 Caesariensi
2721 791 3051 847 bibliotheca
3086 792 3304 847 Eusebii
3334 809 3430 848 sex
3465 795 3619 849 volu-

2044 881 2189 933 mina
2220 882 2398 950 reperi
2424 881 2771 952 Ἀπολογίας
2784 885 2936 950 ὑπὲρ
2961 883 3316 952 Ὠριγένους.
3337 884 3466 951 Quae
3489 902 3611 940 cum

2044 971 2321 1042 legissem,
2362 975 2597 1044 primum
2635 989 2758 1028 eum
2814 975 3012 1029 librum
3047 975 3418 1044 deprehendi,
3451 992 3613 1046 quem

2043 1073 2098 1117 tu
2131 1063 2280 1118 solus
2315 1066 2414 1121 sub
2449 1067 2667 1120 nomine
2708 1067 2965 1136 martyris
3001 1068 3240 1130 edidisti,
3285 1070 3350 1123 de
3385 1059 3522 1123 Filio
3556 1083 3612 1124 et

2044 1155 2250 1225 Spiritu
2297 1167 2486 1212 sancto
2514 1157 2568 1210 iu
2599 1159 2795 1211 bonam
2828 1169 3037 1226 partem
3066 1160 3335 1230 plerisque
3359 1161 3612 1233 blasphe-

2039 1246 2165 1302 miis
2204 1249 2568 1304 commutatis.
2603 1267 2621 1301 ι
2653 1246 2799 1306 Idem
2859 1250 3020 1306 habet
3054 1253 3146 1308 lib.
3179 1270 3193 1307 ι
3221 1256 3489 1325 Apologia:
3521 1261 3612 1309 ad-

2039 1355 2214 1393 versus
2260 1338 2554 1408 Ruﬁnum:
2596 1359 2616 1392 ι
2669 1340 2777 1396 Sex
2822 1342 3012 1408 libros,
3049 1353 3107 1398 ut
3150 1347 3278 1399 ante
3309 1347 3422 1416 jam
3465 1347 3609 1413 dixi,

2040 1429 2307 1485 Eusebius
2336 1430 2693 1489 Caesariensis
2734 1434 3044 1506 episcopus,
3084 1437 3301 1492 Arianae
3333 1439 3607 1508 quondam

2038 1521 2266 1592 signifer
2300 1521 2577 1590 factionis,
2609 1541 2708 1596 pro
2737 1525 2975 1598 Origene
3010 1529 3252 1598 scripsit,
3285 1529 3606 1586 latissimum

2037 1623 2091 1668 et
2124 1614 2462 1672 elaboratum
2489 1633 2645 1686 opus,
2679 1627 2736 1674 et
2766 1620 2949 1675 multis
2983 1621 3309 1677 testimoniis
3331 1626 3605 1694 approba-

2038 1707 2115 1761 vit
2135 1707 2425 1778 Origenem
2452 1708 2606 1779 juxta
2634 1724 2693 1765 se
2725 1711 3074 1776 catholicum,
3110 1713 3160 1767 id
3188 1723 3296 1780 est,
3323 1713 3480 1784 juxta
3509 1733 3609 1772 nos

2033 1799 2296 1854 Arianum
2336 1815 2478 1855 esse.
2535 1800 2743 1856 Horum
2800 1809 2856 1856 tu
2909 1802 3144 1872 primum
3203 1804 3402 1860 librum
3440 1811 3608 1865 vertis

427 1896 513 1950 lll.
551 1895 934 1969 Hieronymus,
967 1899 1174 1955 codicis
1213 1898 1424 1966 Graeci,
1456 1915 1617 1971 quem
1666 1916 1697 1955 a
1737 1901 1921 1957 Rufinc

2035 1891 2134 1945 sub
2171 1892 2394 1947 nomine
2430 1893 2690 1964 martyris
2728 1933 2742 1947 .
2779 1934 2794 1950 .
2831 1935 2846 1950 .
2884 1932 2899 1948 .
2931 1895 3229 1966 paucisque
3277 1898 3608 1957 testimoniis

359 1997 640 2042 mutuatus
662 1997 802 2053 erat,
835 1989 991 2044 titulo
1023 1990 1184 2045 [idem
1227 1990 1511 2056 adhibens,
1543 1992 1774 2062 primum
1809 2008 1931 2048 cre-

357 2079 568 2132 diderat
595 2078 958 2148 Defensionem
988 2079 1230 2150 Origenis
1274 2083 1374 2136 Sub
1411 2083 1628 2138 nomine
1659 2082 1926 2151 Pamphili

357 2169 649 2239 vulgatam,
687 2185 822 2238 opus
869 2187 989 2226 esse
1036 2173 1312 2227 diversum
1355 2189 1384 2228 a
1437 2190 1534 2230 sex
1567 2173 1836 2241 Pamphili
1875 2186 1930 2231 et

359 2258 574 2315 Eusebii
608 2261 763 2317 libris
793 2278 889 2331 pro
916 2262 1151 2331 Origene
1183 2263 1501 2334 elaboratis,
1539 2267 1928 2337 propriumque

310 2422 313 2426 _
356 2351 524 2407 solius
578 2352 882 2424 Pamphili,
945 2356 1039 2410 sed
1097 2359 1200 2413 hac
1249 2359 1592 2428 postmodum
1643 2359 1926 2430 Pamphilo

356 2445 622 2509 detracta,
660 2459 825 2498 unum
860 2460 981 2500 esse
1013 2460 1077 2502 ac
1106 2450 1354 2504 eumdem
1385 2449 1552 2504 solius
1592 2450 1810 2507 Eusebii
1849 2453 1928 2509 fe-

357 2543 466 2587 tum
520 2536 721 2590 acriter
773 2539 1074 2594 contendit.
1116 2558 1136 2591 t
1181 2540 1334 2596 Nunc
1387 2550 1636 2612 tantum,
1678 2565 1698 2599 ι
1753 2547 1928 2617 inquit

353 2623 448 2680 lib.
489 2641 528 2681 tt
572 2628 820 2681 adversus
877 2627 1148 2698 Ruﬁnum,
1185 2650 1204 2683 ι
1244 2632 1350 2687 tuis
1391 2635 1784 2692 assertionibus
1827 2637 1926 2692 ob-

357 2717 528 2772 viasse
560 2717 810 2785 sufﬁciat,
847 2729 901 2775 et
944 2722 1044 2776 hoc
1077 2724 1320 2778 breviter
1361 2725 1682 2792 prudentem
1719 2727 1926 2782 instru-

353 2808 498 2864 xisse
528 2808 806 2876 lectorem,
842 2826 928 2867 me
964 2813 1125 2866 istum
1179 2811 1399 2879 librum,
1438 2815 1527 2883 qui
1564 2816 1664 2870 sub
1703 2818 1924 2874 nomine

352 2899 616 2972 Pamphiii
656 2901 956 2970 ferebatur,
1011 2904 1215 2959 vidisse
1265 2906 1496 2975 primum
1552 2907 1812 2976 scriptum
1867 2909 1922 2964 in

351 2992 540 3047 codice
571 3002 690 3056 tuo;
729 3002 787 3048 et
821 2994 947 3064 quia
994 3009 1104 3050 non
1145 3005 1265 3049 erat
1301 2995 1429 3050 mihi
1467 3012 1611 3053 curae
1653 2999 1782 3068 quid
1825 3013 1923 3068 pro

353 3082 610 3140 haeretico
639 3083 932 3151 diceretur,
967 3086 1048 3142 sic
1076 3101 1292 3155 semper
1323 3086 1615 3152 habuisse,
1647 3089 1804 3159 quasi
1834 3089 1920 3143 di-

350 3188 568 3231 versum
627 3185 774 3232 esset
825 3192 962 3248 opus
1006 3177 1276 3249 Pamphili
1319 3188 1374 3235 et
1419 3179 1677 3235 Eusebii:
1729 3193 1918 3247 postea

353 3282 502 3335 vero,
537 3270 833 3340 quaestione
881 3279 1060 3336 mota,
1108 3271 1327 3340 scriptis
1365 3287 1556 3327 eorum
1591 3275 1920 3344 respondere

350 3360 606 3429 voluisse,
638 3370 695 3417 et
727 3363 796 3417 ob
845 3363 986 3418 hanc
1019 3378 1240 3418 causam
1272 3364 1470 3432 legisse
1494 3365 1628 3435 quid
1659 3380 1758 3434 pro
1796 3365 1921 3421 Ori-

349 3466 485 3522 gene
534 3456 905 3525 unusquisque
961 3455 1220 3520 sentiret;
1276 3456 1668 3526 perspicueque
1718 3455 1915 3526 depre-

351 3543 626 3610 hendisse,
660 3548 805 3616 quod
841 3547 1049 3616 primus
1085 3547 1220 3602 liber
1240 3560 1337 3601 sex
1371 3547 1701 3602 voluminum
1740 3547 1917 3604 Euse—

346 3636 422 3690 bii
459 3637 575 3706 ipse
616 3646 794 3704 esset,
830 3639 922 3708 qui
962 3652 1102 3692 unus
1141 3636 1242 3691 sub
1289 3637 1506 3693 nomine
1548 3636 1813 3708 Pamphili
1887 3654 1918 3694 a

347 3737 402 3784 te
429 3729 604 3784 editus
633 3737 721 3784 est
755 3737 862 3783 tam
901 3728 1088 3783 Graece
1129 3744 1291 3798 quam
1341 3727 1573 3796 Latine,
1614 3729 1917 3786 immutatis

347 3821 615 3875 duntaxat
653 3820 903 3876 sensibus
944 3820 1011 3876 de
1037 3819 1178 3874 Filio
1214 3829 1268 3875 et
1309 3820 1515 3889 Spiritu
1560 3831 1771 3890 sancto,
1823 3822 1914 3894 qui

346 3923 592 3981 apertam
640 3912 1038 3982 blasphemiam
1094 3911 1481 3982 praeferebant.
1542 3913 1696 3970 Unde
1748 3915 1912 3969 etiam

347 4013 474 4058 ante
523 4019 695 4060 annos
744 4004 918 4061 ferme
959 4005 1183 4071 decem,
1248 4019 1371 4058 cum
1450 4005 1646 4060 Dexter
1706 4005 1915 4060 amicus

346 4112 522 4161 meus,
558 4097 649 4168 qui
687 4095 1064 4168 praefecturam
1093 4096 1501 4150 administravit
1532 4097 1794 4164 praetorii,
1829 4110 1915 4150 me

349 4197 596 4257 rogasset
629 4200 688 4244 ut
728 4197 1010 4244 auctorum
1044 4199 1244 4242 nostrae
1285 4187 1566 4257 religionis
1596 4187 1646 4243 ei
1677 4188 1911 4243 indicem

347 4291 606 4346 texerem,
646 4279 789 4334 inter
831 4286 1056 4334 caeteros
1106 4287 1430 4333 tractatores
1470 4279 1627 4348 posui
1678 4287 1731 4334 et
1770 4281 1912 4334 lntnc

345 4371 540 4426 librum
585 4387 615 4426 a
658 4370 961 4441 Pamphilo,
1013 4371 1088 4425 ita
1134 4380 1332 4439 putans
1370 4385 1492 4425 esse
1530 4382 1588 4426 ut
1625 4387 1656 4426 a
1699 4381 1749 4427 te
1782 4384 1835 4427 et
1882 4387 1910 4425 a

344 4465 452 4518 tuis
495 4462 774 4533 discipulis
825 4461 1006 4517 fuerat
1065 4461 1419 4532 divulgatum.
1472 4462 1578 4516 Sed
1623 4478 1748 4518 cum
1799 4465 1912 4535 ipse

2033 1982 2101 2037 de
2144 1981 2284 2038 Filio
2331 1984 2425 2038 Dei
2466 1994 2521 2040 et
2572 1983 2780 2054 Spiritu
2827 1997 3019 2042 sancto
3074 1990 3446 2055 commutatis,
3485 2008 3606 2062 qua:

2031 2076 2244 2131 sciebas
2299 2077 2642 2148 displicitura
2701 2080 2998 2144 Romanis,
3053 2092 3250 2136 caetera
3309 2100 3479 2156 usque
3536 2085 3605 2140 ad

2032 2167 2192 2222 finem
2228 2169 2436 2238 integra
2474 2170 2750 2226 dimisisti.
2801 2189 2822 2223 ι
2866 2173 2932 2228 At
2959 2188 3088 2227 vero
3119 2186 3343 2231 sanctus
3389 2175 3602 2242 doctor,

2030 2259 2123 2329 qui
2154 2269 2476 2314 constanter
2506 2261 2639 2316 locis
2681 2263 2841 2317 modo
2882 2263 3069 2318 citatis
3099 2275 3376 2320 asseverat
3404 2266 3602 2324 librum

2029 2351 2178 2406 hunc
2205 2367 2235 2405 a
2268 2351 2463 2407 Rufino
2489 2351 2682 2406 Latine
2715 2354 3062 2420 translatum,
3088 2370 3210 2412 esse
3239 2357 3476 2426 primum
3506 2375 3603 2417 sex

2027 2442 2364 2497 voluminum
2403 2441 2622 2499 Eusebii
2666 2443 3024 2515 Ἀπολογίας
3059 2446 3212 2516 ὑπὲρ
3235 2449 3597 2519 Ὠριτένους,

2026 2536 2360 2590 contrarium
2390 2536 2634 2604 omnino,
2667 2552 2863 2606 nempe
2895 2539 3033 2592 sexti
3066 2539 3191 2594 libri
3232 2555 3356 2597 esse
3388 2544 3597 2614 princi-

2028 2627 2197 2697 pium,
2235 2637 2432 2682 cmtera
2460 2641 2593 2682 vero
2656 2631 2900 2684 membra
2965 2645 2996 2684 a
3039 2630 3266 2703 Didymo
3307 2632 3392 2688 vel
3426 2633 3495 2688 ab
3523 2635 3602 2688 al-

2029 2728 2146 2773 tero
2167 2719 2408 2788 quolibet
2440 2721 2622 2775 addita
2651 2719 2823 2776 fuisse
2848 2721 3032 2776 dicere
3065 2723 3282 2779 videtur
3309 2725 3409 2781 sub
3436 2726 3596 2784 finem

2025 2811 2191 2880 epist.
2221 2811 2312 2876 4|,
2347 2811 2481 2866 alias
2509 2811 2602 2874 65,
2629 2813 2696 2866 ad
2733 2812 3145 2869 Pammachium
3179 2825 3237 2871 et
3281 2815 3593 2874 Oceanum:

2031 2919 2050 2952 ί
2083 2900 2239 2956 Sexti
2270 2903 2392 2957 libri
2419 2897 2634 2958 Eusebii
2659 2919 2820 2974 super
2841 2905 3084 2975 Origenis
3111 2905 3426 2972 Defensione
3446 2913 3599 2982 priu-

2024 2994 2222 3062 cipium
2258 3009 2431 3064 usque
2461 2995 2528 3049 ad
2561 2995 2708 3051 mille
2738 2996 2908 3051 ferme
2953 3013 3141 3054 versus
3175 2999 3317 3055 liber
3348 3000 3472 3064 iste,
3500 3013 3596 3072 qut

2023 3084 2289 3154 Pamphili
2321 3087 2545 3154 dicitur,
2587 3089 2852 3155 continet,
2903 3099 2959 3143 et
3001 3089 3054 3143 in
3105 3090 3329 3161 reliquis
3357 3093 3598 3162 scriptor

2024 3177 2262 3245 ejusdem
2292 3180 2472 3248 operis
2523 3179 2731 3250 profert
2781 3180 3111 3245 testimonia,
3163 3183 3358 3252 quibus
3405 3184 3600 3240 nititur

1949 3243 1993 3303 ε
2025 3243 2638 3339 avpprobare'Ot-igenem
2669 3269 2842 3327 fuisse
2869 3243 3220 3328 catholicum.
3242 3267 3509 3332 Eusebius
3541 3288 3598 3332 et

2022 3359 2335 3429 Pamphilus
2369 3370 2572 3416 tantam
2607 3363 2748 3417 inter
2777 3377 2839 3418 se
2870 3363 3109 3421 habuere
3139 3369 3508 3435 concordiam,
3538 3378 3598 3424 ut

2023 3451 2185 3508 unius
2224 3453 2422 3508 animae
2454 3453 2710 3510 homines
2753 3466 2932 3524 putes,
2983 3456 3134 3512 etab
3179 3472 3289 3512 uno
3315 3458 3454 3514 alter
3492 3477 3592 3514 no-

2022 3559 2143 3598 men
2173 3546 2466 3615 acceperit.
2509 3545 2793 3613 Quomodo
2829 3547 2996 3618 igitur
3038 3550 3184 3605 inter
3217 3562 3278 3605 se
3303 3550 3594 3609 dissentire

2021 3645 2332 3705 potuerunt,
2365 3649 2423 3692 ut
2457 3638 2724 3696 Eusebius
2757 3640 2809 3694 iu
2843 3650 2958 3696 toto
2983 3657 3150 3714 Opere
3176 3658 3274 3698 suo
3303 3643 3590 3714 Origenem

2017 3727 2204 3782 Ariani
2231 3730 2425 3799 probet
2460 3731 2749 3801 dogmatis,
2799 3741 2854 3786 et
2888 3732 3201 3804 Pamphilus
3230 3734 3463 3792 Nicaeum
3491 3753 3587 3808 sy-

2019 3820 2174 3885 nodi,
2211 3835 2332 3890 quae
2374 3820 2476 3876 fuit
2505 3833 2717 3892 postea,
2758 3822 3096 3882 defensorem
3121 3827 3144 3879 ?
3172 3826 3250 3882 Ex
3275 3843 3382 3898 quo
3406 3839 3560 3886 osteu
3578 3857 3594 3871 -

2018 3911 2169 3965 ditur
2191 3912 2275 3966 vel
2307 3913 2545 3984 Didymi,
2576 3915 2662 3970 vel
2688 3914 2976 3984 cujuslibet
3014 3918 3240 3973 alterius
3277 3933 3400 3976 esse
3427 3937 3588 3990 opus-

2016 4003 2220 4069 culum,
2263 4005 2378 4074 qui,
2419 4006 2558 4061 sexti
2617 4006 2736 4062 libri
2783 4009 2956 4077 capite
2992 4009 3344 4075 detruncato,
3395 4025 3589 4068 caztera

2019 4095 2258 4150 membra
2307 4096 2553 4152 sociarit.
2613 4117 2632 4150 ι
2688 4091 2758 4154 Ut
2807 4098 3029 4153 tollatur
3064 4111 3252 4167 aperta
3295 4104 3584 4159 verborum

2017 4188 2370 4257 repugnantia
2401 4229 2417 4253 ,
2473 4188 2938 4244 eminentissimus
2989 4191 3287 4248 carcliualis
3339 4193 3586 4252 Norisius

2017 4278 2237 4335 Diuerl.
2289 4281 2546 4334 historica
2577 4281 2640 4336 de
2689 4285 2888 4351 synodo
2926 4282 3136 4348 quinta,
3179 4299 3302 4353 cap.
3337 4285 3426 4354 l3,
3463 4303 3581 4342 eam

2016 4369 2190 4438 rejicit
2236 4371 2289 4426 in
2331 4373 2743 4429 amauuensium
2782 4388 3050 4438 errorem,
3088 4376 3180 4444 qui
3223 4392 3346 4431 cum
3378 4378 3432 4433 in
3481 4381 3585 4434 hac

2012 4466 2080 4517 ad
2127 4461 2535 4520 Pammachium
2569 4474 2624 4520 et
2650 4463 2926 4521 Oceanum
2955 4467 3182 4536 epistola
3215 4467 3457 4540 legerent
3479 4473 3581 4526 ab-

342 4555 486 4611 dicat
529 4553 792 4610 Eusebius
836 4553 1176 4624 Pamphilum
1222 4554 1360 4608 nihil
1406 4554 1714 4626 scripsisse,
1745 4571 1910 4612 exce-
1941 4589 1990 4647 υ
2014 4553 2288 4647 breviatas
2317 4556 2483 4612 hasce
2515 4565 2698 4612 notas:
2740 4576 2758 4609 ι
2801 4571 2851 4611 vt
2889 4558 2982 4612 lib.
3016 4559 3235 4615 Eusebii
3267 4577 3427 4631 super
3459 4553 3581 4619 Ori-

341 4647 448 4714 ptis
486 4643 744 4700 brevibus
793 4646 1041 4714 epistolis
1081 4646 1146 4699 ad
1197 4646 1440 4713 amicos,
1482 4656 1539 4702 et
1581 4647 1791 4716 primus
1835 4649 1904 4703 lio

341 4738 439 4793 ber
469 4753 564 4794 sex
594 4737 927 4792 voluminum
963 4737 1104 4792 illius
1146 4737 1336 4792 eadem
1375 4747 1430 4792 et
1472 4739 1674 4794 eisdem
1729 4739 1910 4794 verbis

341 4830 616 4885 contineat
639 4845 758 4898 qua:
790 4829 889 4885 sub
917 4830 1135 4884 nomine
1166 4828 1434 4899 Pamphili
1466 4845 1494 4883 a
1525 4840 1576 4884 te
1605 4830 1728 4885 licta
1758 4841 1909 4896 sunt,

343 4923 686 4989 perspicuum
720 4931 803 4976 est
835 4931 885 4976 te
915 4921 1122 4977 idcirco
1146 4921 1342 4976 librum
1373 4921 1517 4976 hunc
1549 4922 1910 4978 disseminare

341 5012 597 5080 voluisse,
636 5023 695 5067 ut
728 5016 828 5068 sub
861 5029 1092 5084 persona
1149 5015 1404 5084 martyris
1451 5013 1702 5068 haeresim
1739 5016 1908 5070 intro-

340 5105 586 5162 duceres.
628 5125 648 5158 ι
682 5106 825 5162 Idem
860 5116 1045 5160 narrat
1090 5104 1185 5161 lib.
1221 5121 1276 5161 Ill
1329 5105 1580 5160 adversus
1616 5104 1905 5174 Ruﬁnum:

345 5215 366 5249 ι
404 5197 479 5253 De
504 5197 766 5270 Pamphili
804 5199 941 5254 libro
984 5213 1092 5253 non
1129 5198 1442 5263 ridiculosa,
1489 5207 1550 5253 ut
1579 5206 1634 5252 tu
1685 5200 1903 5265 scribis,

339 5291 433 5346 sed
476 5291 704 5347 ridicula
741 5291 872 5345 mihi
920 5290 1063 5346 forte
1110 5305 1199 5345 res
1246 5289 1475 5355 accidit;
1517 5298 1577 5346 ut
1618 5302 1903 5360 postquam

339 5382 559 5440 Eusebii
604 5384 932 5457 asseruerim
962 5397 1104 5449 esse,
1142 5398 1248 5437 non
1284 5380 1578 5452 Pamphili,
1615 5384 1682 5439 ad
1716 5394 1903 5440 extre-

342 5489 487 5529 mum
518 5475 769 5540 dixerim,
803 5476 968 5530 etiam
1013 5490 1099 5530 me
1144 5489 1319 5532 annos
1354 5475 1619 5546 plurimos
1653 5476 1755 5532 hoc
1806 5492 1908 5547 pu-

342 5576 506 5634 tasse,
544 5569 686 5638 quod
719 5567 980 5638 Pamphili
1010 5566 1197 5632 fuerit,
1245 5577 1300 5622 et
1329 5582 1360 5622 a
1393 5575 1446 5622 te
1477 5567 1755 5637 exemplar
1801 5569 1905 5622 hu-

339 5656 424 5723 ius
452 5659 744 5714 voluminis
777 5668 1077 5714 mutuatum
1111 5695 1126 5713 .
1161 5698 1177 5713 .
1214 5698 1229 5713 .
1271 5695 1288 5714 .
1320 5697 1336 5714 .
1376 5697 1390 5712 .
1427 5699 1441 5713 .
1473 5659 1551 5714 De
1583 5669 1675 5713 tuo
1717 5662 1904 5716 codice

339 5752 496 5818 quasi
533 5750 791 5821 Pamphili
828 5749 1102 5821 exemplar
1126 5752 1456 5820 accepimus.
1489 5751 1706 5809 Credidi
1734 5752 1898 5807 Citri-

338 5841 536 5909 stiano,
558 5851 613 5898 et
636 5841 840 5900 credidi
862 5844 1164 5900 monacho:
1199 5858 1304 5899 non
1331 5841 1514 5914 putavi
1541 5851 1751 5898 tantum
1783 5858 1901 5898 scc-

2013 4645 2165 4714 genis
2197 4645 2516 4703 defensione
2557 4649 2904 4719 principium,
2944 4650 3084 4704 sexti
3121 4651 3242 4706 libri
3301 4653 3516 4710 Eusebii
3557 4675 3575 4708 ι

2014 4737 2384 4806 reddiderunt,
2417 4753 2540 4795 cum
2564 4757 2584 4791 ι
2607 4754 2703 4795 sex
2729 4739 2990 4796 librorum
3025 4743 3240 4797 Eusebii
3260 4759 3422 4813 super
3453 4747 3578 4802 Ori-

2012 4828 2165 4896 genis
2190 4829 2506 4887 defensione
2529 4832 2880 4903 principium,
2919 4851 2938 4885 ι
2973 4831 3210 4891 scribere
3240 4835 3579 4896 debuissent.

2014 4919 2103 4974 Sic
2123 4919 2286 4974 etiam
2321 4921 2479 4990 paulo
2511 4932 2631 4992 post
2659 4921 2962 4992 legentibus
2987 4941 3000 4977 :
3040 4940 3060 4974 ‹
3083 4924 3171 4992 qui
3200 4939 3250 4979 vt
3281 4925 3374 4980 lib.
3403 4928 3581 4996 capite

2011 5013 2350 5074 detruncato,
2367 5030 2385 5063 ι
2409 5027 2513 5066 non
2526 5014 2942 5068 exscribendum
2961 5014 3041 5069 eis
3057 5017 3376 5080 erat,¢sexti
3395 5017 3573 5084 libri,»

2010 5102 2126 5165 sed,
2153 5118 2172 5152 ι
2199 5115 2294 5156 sex
2325 5101 2602 5160 librorum.
2631 5102 2820 5177 )Quod
2835 5114 3011 5158 autem
3031 5106 3176 5160 addit
3197 5105 3578 5180 Hieronymus,

2014 5215 2034 5248 ι
2075 5198 2159 5253 vel
2189 5196 2422 5267 Didymi,
2461 5196 2544 5252 vel
2590 5197 2881 5267 cujuslibet
2925 5201 3149 5256 alterius
3183 5217 3302 5258 esse
3340 5218 3576 5272 opuscu-

2009 5287 2145 5351 lum,
2179 5288 2291 5358 qui,
2323 5303 2416 5344 sex
2447 5288 2707 5344 librorum
2753 5290 2929 5358 capite
2967 5292 3289 5346 detruncata
3313 5332 3330 5358 ,
3380 5301 3575 5348 caetera

2013 5381 2253 5436 membra
2293 5380 2542 5444 sociarit,
2583 5401 2602 5433 ι
2634 5396 2739 5434 non
2770 5381 2841 5436 ita
2874 5383 3244 5452 accipiendum
3275 5393 3379 5448 est,
3422 5385 3577 5450 quasi

2006 5472 2136 5526 velit
2164 5471 2475 5543 Apologiam
2508 5489 2602 5541 pro
2646 5471 2872 5543 Origene
2906 5489 2936 5528 a
2978 5473 3174 5530 Rufino
3212 5477 3312 5531 sub
3359 5476 3578 5530 nomine

2008 5563 2272 5634 Pamphili
2321 5565 2554 5632 editam,
2597 5581 2784 5620 revera
2817 5581 2939 5620 esse
2984 5567 3230 5638 Didymi;
3275 5569 3367 5622 sed
3401 5569 3576 5639 expli-

2007 5659 2236 5712 candum
2281 5657 2424 5713 istud
2453 5667 2621 5712 estex
2648 5658 2754 5713 alio
2787 5659 2908 5715 loco
2938 5675 3098 5730 supra
3139 5661 3300 5715 allato
3325 5675 3357 5716 e
3389 5660 3484 5715 lib.
3516 5677 3575 5715 ιιι

2006 5749 2280 5819 Apologia:
2327 5748 2578 5802 adversus
2619 5747 2890 5818 Ruﬁnum,
2944 5751 3029 5805 ubi
3078 5759 3364 5821 postquam
3410 5751 3576 5821 dixit:

2012 5861 2029 5892 ι
2065 5841 2254 5896 Postea
2292 5855 2420 5895 vero
2451 5855 2548 5910 per
2570 5840 3072 5909 interpretationem
3109 5852 3254 5897 tuam
3279 5840 3582 5912 quteStiom
