4174 6446
580 426 683 480 57

1805 429 1860 484 S.
1907 429 2227 485 PAMPHILI
2273 431 2630 487 MARTYRIS

3717 437 3820 491 528

579 561 767 605 contra
800 549 1084 619 Origenem
1121 558 1232 604 toto
1259 549 1390 605 orbe
1435 562 1724 616 commota,
1763 552 1815 606 in
1845 555 2154 622 quaerendis
2184 560 2227 614 Α
2256 554 2360 607 dici
2409 570 2514 610 non
2561 555 2765 619 debuit,
2815 568 2972 625 quem
3027 553 3271 618 alterius,
3331 569 3526 626 nempe
3570 556 3818 621 Eusebii,

577 643 982 711 exemplaribus
1007 643 1320 712 diligentior
1358 643 1455 709 fui,
1499 654 1554 699 et
1592 645 1644 698 in
1689 643 2005 700 Caesariensi
2063 647 2145 700 bi-

579 735 845 789 bliotheca
879 735 1093 789 Eusebii
1129 751 1221 789 sex
1265 736 1535 791 volumina
1581 738 1756 805 reperi
1791 738 2148 807 Ἀπολογίας

575 829 733 895 ὐπὲρ
765 829 1119 897 Ὠριγένους.
1142 828 1273 896 Quae
1301 845 1422 885 cum
1454 829 1722 899 legissem,
1753 832 1982 900 primum
2021 847 2144 886 eum

575 919 776 974 librum
805 921 1133 988 deprehendi
1165 936 1324 989 quem
1363 932 1414 976 tu
1449 922 1594 976 solus
1623 926 1720 977 sub
1755 925 1970 977 nomine
1994 939 2142 977 mar-

579 1010 715 1079 tyris
745 1009 988 1072 edidisti,
1020 1010 1086 1063 de
1125 1008 1262 1064 Filio
1303 1021 1358 1064 et
1392 1009 1595 1079 Spiritu
1628 1022 1818 1065 sancto
1850 1013 1900 1064 in
1948 1012 2140 1066 bonam

570 1111 784 1170 partem
818 1099 1085 1170 plerisque
1115 1099 1465 1170 blasphemiis
1492 1103 1860 1166 commutatis,
1891 1121 1911 1153 ι
1949 1103 2138 1157 addit:

575 1211 600 1246 ι
629 1192 693 1246 Ει
727 1194 829 1248 hoc
860 1195 943 1249 vel
975 1193 1285 1265 Didymum,
1319 1198 1402 1251 vel
1425 1206 1499 1260 te,
1521 1197 1604 1252 vel
1633 1199 1797 1251 alium
1825 1198 2016 1253 fecisse
2048 1215 2141 1253 ne-

573 1287 689 1340 scio
713 1301 892 1356 quem,
916 1287 1056 1356 quod
1091 1298 1143 1342 tu
1163 1289 1504 1358 apertissime
1526 1290 1577 1342 ir.
1604 1290 1753 1343 libris
1776 1290 1912 1358 Περὶ
1938 1290 2140 1359 ἀρχῶν

575 1378 769 1432 fecisse
798 1380 1160 1435 convinceris.
1196 1399 1215 1432 ι
1259 1380 1315 1434 Id
1344 1395 1474 1452 ergo
1505 1398 1668 1435 unum
1700 1383 1991 1452 utrobique
2034 1384 2134 1438 sibi

573 1469 689 1524 vult
721 1469 1102 1541 Hieronymus,
1141 1471 1223 1526 vel
1274 1472 1578 1543 Didymum,
1612 1473 1694 1526 vel
1732 1473 1982 1528 Ruﬁnum
2006 1513 2021 1539 ,
2054 1475 2136 1527 vel

575 1569 735 1624 alium
773 1570 955 1622 nescio
999 1583 1158 1637 quem
1196 1569 1248 1622 in
1295 1569 1489 1622 bonam
1542 1578 1744 1637 partem
1798 1578 1906 1622 tam
1952 1568 2137 1623 Graece

576 1673 735 1726 quam
769 1654 960 1710 Latine
1011 1657 1297 1726 plerasque
1357 1658 1726 1726 blasphemias
1776 1669 2136 1713 commutasse

575 1763 694 1818 qua:
739 1748 791 1801 in
848 1747 1063 1800 Eusebii
1117 1757 1262 1800 textu
1312 1749 1715 1816 comparebant.
1758 1747 1908 1813 Quod
1952 1757 2134 1801 utrum

579 1840 876 1893 verisimile
905 1839 1006 1900 sit.
1049 1854 1170 1892 mox
1209 1839 1468 1907 indagare
1505 1840 1850 1894 tentabimus.

645 1931 738 1986 IV.
765 1930 883 1984 Jam
910 1946 1040 1985 vero
1067 1942 1123 1984 ut
1143 1932 1327 2001 probet
1352 1932 1709 2003 Hieronymus
1732 1932 2131 2002 Apologetieum

573 2024 739 2078 istum
776 2022 1011 2076 libellum
1046 2037 1145 2090 pro
1181 2022 1432 2092 Origene,
1467 2039 1570 2076 non
1602 2022 1886 2092 Pamphili,
1919 2025 2014 2078 sed
2047 2039 2134 2077 so-

585 2114 689 2170 lius
718 2114 934 2168 Eusebii
969 2129 1108 2178 esse,
1131 2113 1246 2168 haec
1272 2122 1398 2168 sunt
1425 2114 1540 2179 ejus
1557 2125 1872 2183 argumenta
1900 2131 1914 2168 :
1949 2115 2003 2168 i°
2025 2133 2042 2166 ι
2074 2114 2130 2169 Si

573 2209 676 2261 iste
698 2203 965 2275 Pamphili
995 2204 1131 2260 liber
1147 2215 1252 2272 est,
1282 2223 1302 2256 ι
1331 2206 1505 2273 inquit
1525 2204 1616 2259 lib.
1648 2206 1896 2275 tApolog.
1926 2208 2128 2261 advers.

573 2296 840 2365 Ruﬁnum,
875 2315 894 2348 ι
933 2295 1000 2350 de
1029 2311 1122 2350 sex
1147 2297 1302 2352 libris
1326 2297 1416 2366 qui
1447 2297 1551 2351 erit
1575 2297 1780 2367 primus
1827 2297 2041 2352 Eusebii
2063 2298 2086 2350 ’Ξ
2107 2316 2127 2350 ι

575 2389 874 2460 Responsio
900 2387 1073 2442 facilis
1103 2398 1205 2443 est.
1249 2388 1367 2442 Erit
1410 2390 1616 2458 primus
1655 2387 1920 2457 Pamphili
1969 2389 2130 2443 simul

571 2492 625 2536 et
656 2480 909 2544 Eusebii;
940 2479 998 2533 2°
1052 2481 1216 2534 instat
1265 2481 1459 2534 ibidem
1490 2499 1502 2534 :
1537 2498 1556 2533 ι
1593 2480 1649 2533 ln
1691 2481 1808 2550 ipso
1835 2480 2130 2546 volumine,

571 2574 714 2643 quod
760 2583 814 2626 tu
865 2572 1130 2643 Pamphili
1186 2573 1436 2635 si'mulas,
1479 2573 1818 2642 sequentium
1873 2572 2128 2626 librorum

567 2665 706 2719 facta
733 2666 934 2718 mentio
967 2674 1070 2719 est.
1101 2663 1157 2718 In
1187 2665 1424 2719 secundo
1455 2679 1670 2733 quoque
1705 2673 1758 2716 et
1800 2663 2018 2732 reliquis
2051 2662 2130 2716 di-

566 2760 641 2811 cit
674 2756 939 2811 Eusebius
963 2757 1108 2832 quod
1157 2757 1210 2810 in
1243 2757 1416 2826 primo
1454 2756 1592 2811 libro
1632 2768 1788 2810 antea
1819 2757 2049 2818 dixerat,
2077 2764 2131 2808 et

563 2849 706 2919 quod
738 2849 928 2903 eadem
955 2856 1201 2920 repetere
1222 2864 1329 2903 non
1366 2849 1577 2903 debeat.
1613 2867 1631 2900 ι
1675 2846 1871 2901 Nullibi
1900 2847 1952 2900 in
1992 2846 2130 2901 libro

562 2943 738 3012 primo
777 2943 842 2996 de
870 2942 1082 2996 exteris
1131 2944 1459 2996 mentionem
1501 2941 1614 2995 ﬁeri
1661 2943 2001 3009 reperimus:
2035 2939 2128 2993 sed

561 3046 681 3090 esto
723 3035 775 3088 in
812 3033 1000 3090 Grznco
1050 3033 1188 3088 facta
1235 3033 1416 3095 fuerit,
1462 3032 1590 3102 quid
1637 3031 1878 3084 mirum?
1926 3029 2128 3099 Nempe

555 3127 802 3205 quinque
830 3126 1040 3192 priores
1067 3141 1096 3179 a
1141 3123 1423 3194 Pamphilo
1455 3123 1613 3177 simul
1647 3132 1700 3176 et
1738 3123 1968 3177 Eusebio
2012 3121 2125 3174 col-

2248 661 2409 714 epera
2447 647 2662 714 adjutus
2685 647 3006 702 elaboravit.
3043 647 3157 702 Huc
3190 648 3328 702 adde
3371 650 3513 717 quod
3548 659 3693 706 totus
3731 651 3819 704 ille

2246 748 2460 793 constat
2494 739 2628 794 locis
2655 738 2908 811 Origenis
2951 755 3018 794 ex
3056 740 3223 794 variis
3272 739 3391 806 ejus
3419 742 3679 809 operibus
3721 757 3817 796 ex-

2245 831 2468 900 cerptis.
2515 831 2558 884 si
2617 832 2777 886 modo
2829 831 3111 900 exceperis
3158 829 3397 893 initium,
3450 832 3591 900 quod
3629 831 3815 901 aliquo

2246 923 2405 978 modo
2430 922 2563 976 nihil
2599 923 2742 977 aliud
2770 929 2855 976 est
2901 937 3060 990 quam
3092 921 3317 990 epistola
3368 921 3434 976 ad
3476 922 3812 978 confessores

2244 1016 2309 1068 ad
2340 1014 2549 1068 metalla
2575 1017 2856 1069 damnatos
2890 1035 2902 1068 :
2934 1029 2995 1068 ac
3030 1014 3252 1083 proinde
3286 1015 3621 1084 potestinter
3649 1015 3809 1069 Pam-

2243 1104 2375 1172 phili
2417 1105 2674 1172 epistolas
2702 1105 2879 1159 locum
2909 1105 3190 1171 obtinere;
3223 1105 3280 1160 5°
3318 1125 3336 1157 ι
3387 1106 3540 1170 Date,
3575 1126 3592 1158 ι
3637 1107 3811 1177 inquit

2241 1195 2603 1268 Hieronymus
2626 1198 2783 1266 epist.
2803 1197 2894 1260 65,
2914 1199 2979 1251 ad
3003 1196 3408 1252 Pammachium
3433 1207 3482 1254 et
3509 1198 3807 1264 Oceanum,

2246 1307 2264 1339 ι
2303 1291 2575 1358 quodlibet
2611 1289 2754 1342 aliud
2777 1304 2912 1358 opus
2939 1288 3230 1357 Pamphili.
3261 1289 3534 1359 Nusquam
3573 1293 3807 1360 reperies

2242 1380 2326 1434 tis.
2359 1378 2471 1433 Hoc
2509 1395 2672 1433 unum
2715 1389 2819 1433 est.
2874 1378 3028 1434 Unde
3071 1381 3231 1449 igitur
3263 1381 3430 1435 sciam
3466 1384 3608 1451 quod
3647 1381 3806 1437 Pam-

2239 1471 2368 1539 phili
2393 1471 2510 1524 sit?
2541 1470 2802 1525 Videlicet
2833 1471 3004 1540 stylus
3035 1481 3089 1524 et
3115 1471 3281 1525 saliva
3335 1472 3532 1528 docere
3573 1489 3658 1528 me
3703 1490 3801 1544 po-

2240 1567 2365 1620 terit
2386 1564 2413 1616 ?
2438 1583 2455 1614 ι
2478 1562 2521 1616 Ε
2543 1563 2681 1634 styio
2701 1563 2914 1631 quidem
2938 1578 3035 1618 nos
3053 1564 3213 1618 hodie
3236 1563 3532 1632 dijudicare
3549 1581 3653 1620 non
3671 1582 3799 1637 pos-

2235 1671 2426 1710 sumus
2451 1670 2518 1708 an
2550 1653 2818 1730 Pamphili
2865 1669 3002 1724 opus
3048 1655 3152 1718 sit;
3184 1671 3372 1710 verum
3408 1656 3459 1710 id
3496 1656 3652 1712 facile
3680 1669 3801 1714 erat

2237 1748 2326 1812 iis,
2361 1748 2559 1817 quibus
2593 1747 2724 1802 illud
2755 1762 2878 1802 cum
2915 1746 3032 1816 ejus
3057 1747 3324 1817 epistolis,
3349 1763 3468 1818 quae
3504 1749 3682 1804 adhuc
3707 1765 3799 1804 su-

2233 1839 2773 1908 pererant,conferre
2803 1839 3070 1910 integrann
3098 1849 3237 1894 erat.
3271 1839 3388 1908 Ipse
3416 1839 3794 1912 Hieronymus,

2235 1930 2325 1997 qui
2371 1931 2600 1998 idipsum
2635 1929 2876 1998 profecto
2931 1930 3181 1995 contulit,
3210 1946 3458 1987 asserere
3491 1947 3596 1986 non
3630 1949 3806 1990 ausus

2233 2032 2319 2076 est
2346 2023 2594 2075 eumdem
2619 2035 2742 2076 esse
2769 2020 2891 2076 libri
2922 2021 3081 2089 hujus
3124 2021 3456 2090 Eusebiique
3479 2023 3708 2095 stylum;
3740 2031 3798 2078 et

2235 2114 2412 2182 reipsa
2445 2115 2512 2169 ab
2562 2113 2776 2169 Eusebii
2811 2113 2979 2168 saliva
3039 2113 3315 2184 paululum
3357 2116 3606 2170 diversus
3639 2114 3804 2170 abire

2233 2205 2465 2259 videtur.

2307 2296 2370 2350 V.
2421 2295 2622 2364 Ohjicit
2653 2307 2914 2367 praeterea
2965 2296 3327 2369 Hieronymus
3372 2295 3466 2352 lib.
3509 2313 3550 2352 ιι
3588 2299 3791 2353 advers.

2234 2387 2510 2456 Ruﬁnum,
2555 2388 2727 2442 virum
2771 2388 3146 2446 doctissimum
3191 2389 3484 2443 Eusebium
3527 2390 3796 2459 (doctissi~

2233 2494 2400 2546 mum,
2435 2494 2544 2535 non
2588 2478 2938 2548 catholicum)
2973 2497 2993 2531 ι
3052 2494 3148 2549 per
3200 2495 3297 2535 sex
3345 2480 3616 2536 volumina
3662 2483 3792 2536 nihil

2232 2570 2376 2625 aliud
2402 2586 2586 2640 agere,
2619 2571 2724 2626 nisi
2770 2581 2829 2624 ut
2876 2571 3163 2642 Origenem
3205 2587 3318 2627 sua:
3364 2573 3614 2626 ostendat
3646 2573 3799 2637 ﬁdei,

2231 2663 2283 2718 id
2308 2672 2390 2716 est
2415 2664 2628 2716 Ariana:
2667 2662 2946 2728 perﬁdiae;
2979 2680 3002 2715 ι
3028 2663 3230 2718 nulla’m
3260 2678 3392 2734 ergo
3419 2664 3577 2732 hujus
3611 2667 3794 2735 operis

2230 2764 2439 2823 partem
2486 2756 2552 2808 ad
2592 2753 2936 2824 Pamphilum
2975 2757 3267 2827 martyrem
3314 2758 3607 2825 pertinere,
3637 2757 3795 2826 cujus

2231 2846 2389 2901 ﬁdem
2429 2845 2625 2916 probat
2651 2847 2914 2902 Ecclesia.
2968 2846 3168 2902 Eadem
3206 2849 3405 2918 repetit
3452 2849 3587 2904 locis
3627 2863 3789 2918 supra

2229 2938 2427 3000 citatis,
2457 2948 2513 2993 et
2543 2939 2669 2993 alibi
2705 2939 2934 3008 passim,
2968 2938 3111 2994 unde
3149 2940 3423 2995 concludit
3462 2940 3656 2994 librum
3687 2941 3790 2995 sub

2228 3029 2492 3099 Pamphili
2553 3031 2770 3086 nomine
2817 3031 3047 3095 editum,
3086 3031 3156 3086 ab
3199 3031 3380 3101 aliquo
3432 3032 3484 3086 in
3517 3029 3790 3086 Trinitate

2229 3123 2493 3176 catholico
2518 3122 2681 3176 fuisse
2706 3122 3068 3189 emendatum,
3099 3123 3190 3192 qui
3219 3123 3498 3193 plerasque
3536 3122 3789 3192 blasphe-

563 3218 672 3271 lata
698 3233 858 3287 opera
892 3216 1104 3270 fuerant
1139 3215 1432 3280 elaborati;
1461 3216 1520 3269 5°
1544 3215 1718 3284 pergit
1745 3215 1941 3268 ibidem
1975 3231 1988 3267 :
2019 3232 2035 3263 ι
2067 3212 2121 3267 Si
2151 3237 2192 3293 ρ
2230 3211 2366 3266 mias
2404 3214 2471 3266 de
2497 3211 2634 3268 Filio
2665 3223 2720 3266 et
2765 3213 2972 3282 Spiritu
3023 3223 3214 3269 sancto
3267 3223 3373 3272 tam
3408 3212 3594 3270 Grece
3617 3230 3782 3282 quam

560 3318 732 3363 totum
764 3323 899 3377 epus
939 3307 1202 3376 Pamphili
1236 3316 1340 3370 est,
1375 3321 1474 3360 cur
1523 3306 1758 3374 reliquos
1805 3305 1977 3360 libros
2017 3321 2122 3359 non

561 3399 865 3454 transfers?
902 3421 919 3450 ι
960 3398 1186 3454 Scilicet
1223 3397 1400 3452 obfuit
1429 3395 1648 3451 Macarii
1689 3396 2040 3458 desiderium,
2068 3408 2124 3449 ut

552 3491 666 3559 jam
697 3492 928 3545 diximus
976 3509 990 3544 :
1037 3491 1116 3545 vel
1157 3490 1337 3558 potius
1372 3488 1519 3543 nulla
1569 3490 1670 3541 alia
1714 3489 1926 3542 videtur
1958 3488 2124 3544 fuisse

558 3598 743 3644 causa,
777 3598 938 3651 quam
968 3582 1109 3652 quod
1143 3581 1320 3636 Ruﬁni
1348 3579 1516 3634 codex
1548 3579 1768 3634 unicum
1797 3578 1956 3645 hujus
1983 3580 2125 3648 Apo-

557 3674 712 3740 logia:
748 3673 942 3726 librum
979 3675 1214 3742 primum
1263 3671 1365 3727 sub
1410 3673 1627 3726 nomine
1665 3671 1932 3741 Pamphili
1977 3687 2124 3725 mar-

559 3766 696 3837 tyris
727 3765 1051 3819 contineret.
1075 3763 1235 3818 Certe
1260 3763 1354 3817 lib.
1385 3778 1422 3817 ιι
1459 3764 1662 3817 advers.
1693 3762 1940 3832 Ruﬁnum
1983 3763 2121 3818 fate-

556 3867 646 3910 tur
687 3857 798 3925 ipse
848 3855 1212 3926 Hieronymus
1259 3870 1316 3910 se
1349 3873 1368 3905 ι
1410 3856 1570 3910 istum
1623 3856 1842 3922 librum,
1891 3856 1982 3926 qui
2023 3858 2123 3912 sub

557 3950 772 4004 nomine
798 3947 1064 4017 Pamphili
1116 3948 1412 4012 ferebatur,
1450 3948 1649 4003 vidisse
1700 3949 1933 4019 primum
1980 3950 2120 4004 scri-

550 4050 702 4111 ptum
754 4041 806 4094 in
857 4040 1044 4096 codice
1077 4040 1279 4102 Ruﬁni.
1313 4050 1370 4095 et
1398 4040 1525 4109 quia
1573 4054 1677 4094 non
1721 4050 1842 4094 erat
1877 4041 1927 4093 ei
1977 4054 2121 4094 cura:

550 4133 681 4203 quid
724 4147 820 4201 pro
867 4134 1119 4188 haeretica
1155 4133 1454 4196 diceretur,
1497 4132 1575 4186 sic
1614 4146 1832 4199 semper
1861 4131 2120 4186 habuisse

549 4227 703 4293 quasi
738 4225 1010 4280 diversum
1033 4233 1176 4279 esset
1199 4239 1334 4292 opus
1353 4222 1616 4292 Pamphili
1647 4233 1702 4278 et
1734 4222 1984 4288 Eusebii;
2020 4241 2039 4275 ι
2063 4236 2120 4278 et

549 4315 642 4370 lib.
682 4331 744 4371 ιιι
775 4317 851 4370 ait
882 4331 941 4370 se
968 4331 994 4369 a
1016 4315 1209 4369 Ruﬁno
1237 4334 1254 4366 ι
1289 4314 1560 4383 exemplar
1585 4314 1741 4384 hujus
1771 4313 2112 4379 voluminis,s

549 4409 677 4477 (non
699 4423 790 4462 sex
821 4407 1171 4479 voluminum)
1200 4405 1368 4461 fuisse
1390 4423 1412 4457 ι
1450 4416 1786 4470 mutuatum;
1817 4425 1836 4457 ι
1873 4406 1932 4460 4·
1963 4404 2110 4475 Obji-

545 4502 621 4555 cit
658 4498 1020 4570 Hieronymus
1077 4497 1211 4553 nihil
1272 4497 1478 4568 proprii
1533 4497 1713 4566 operis
1768 4495 2108 4565 Pamphilum

2228 3305 2419 3358 Latine
2450 3305 2502 3359 in
2550 3306 2747 3359 bonam
2780 3313 2988 3374 partem
3024 3307 3392 3360 commutarit.
3430 3325 3449 3358 ι
3486 3305 3592 3362 Sed
3622 3307 3785 3364 ﬁdem

2226 3395 2314 3450 hic
2338 3393 2665 3466 Hieronymo
2697 3396 3004 3451 habendam
3040 3411 3144 3450 non
3170 3411 3293 3451 esse
3324 3396 3666 3451 validissimis
3694 3414 3781 3452 ar-

2223 3489 2495 3557 gumentis
2531 3489 2706 3542 evinei
2759 3498 2938 3557 potest
2986 3487 3185 3558 (inquit
3216 3487 3396 3542 Bullus
3441 3488 3517 3543 De
3549 3487 3680 3542 Filii
3705 3487 3794 3560 τῷ

2222 3581 2510 3651 ὁμοουσίῳ,
2537 3595 2655 3650 cap.
2679 3581 2734 3646 9,
2765 3589 2870 3634 art.
2893 3580 3009 3648 20).
3038 3581 3173 3635 Nam
3198 3601 3211 3636 :
3252 3581 3302 3634 ιο
3344 3581 3568 3636 Ph0tius
3596 3582 3783 3637 codice

2221 3688 2387 3728 cxvut
2417 3682 2651 3727 testatur
2679 3686 2738 3727 se
2769 3673 2818 3726 in
2858 3670 3051 3728 Graeco
3097 3673 3292 3742 legisse
3324 3671 3590 3742 Pamphili
3641 3688 3783 3726 mar-

2224 3765 2361 3836 tyris
2383 3774 2435 3819 et
2463 3764 2680 3818 Eusebii
2709 3763 2876 3819 libros
2900 3779 3019 3828 sex,
3052 3763 3105 3818 in
3148 3763 3346 3833 quibus
3387 3763 3535 3818 nulla
3566 3765 3792 3819 Arianae

2220 3855 2460 3925 perﬁdiae
2486 3856 2708 3927 vestigia
2740 3865 2892 3910 notat
2928 3870 3150 3912 severus
3174 3855 3263 3910 ille
3285 3870 3500 3921 censor,
3532 3856 3621 3926 qui
3646 3856 3780 3911 alio-

2219 3947 2311 4017 qui
2351 3949 2406 4002 in
2450 3947 2679 4002 aliorum
2728 3947 2948 4016 scriptis
3011 3957 3326 4004 constanter
3366 3948 3506 4004 solet
3556 3947 3780 4002 minima

2219 4054 2445 4110 quaeque
2477 4041 2897 4108 reprehendere,
2926 4054 3044 4108 quae
3088 4040 3172 4094 vel
3219 4041 3454 4110 speciem
3483 4040 3778 4095 Arianismi

2219 4145 2330 4200 pra:
2362 4146 2422 4186 se
2459 4130 2636 4185 ferant
2663 4147 2678 4196 ;
2709 4131 2770 4184 2-
2793 4130 2932 4186 idem
2957 4130 3181 4187 Photius
3216 4133 3335 4188 eod.
3371 4149 3514 4188 cxvn
3542 4143 3783 4188 veterem

2217 4223 2502 4291 quemdam
2544 4231 2821 4276 auctorem
2844 4237 3171 4293 anonymum
3210 4238 3646 4280 commemorans
3687 4226 3778 4292 qui

2215 4313 2522 4383 Apologiam
2575 4315 2757 4368 itidem
2806 4330 2902 4384 pro
2963 4313 3187 4384 Origene
3231 4318 3653 4386 conscripserat,
3702 4315 3785 4370 aia

2216 4415 2492 4459 auctorem
2539 4405 2687 4460 illum
2715 4406 2768 4460 in
2808 4406 3060 4478 Apoloyia
3103 4422 3201 4462 sua
3238 4423 3334 4476 pro
3372 4406 3600 4477 Origene
3631 4406 3780 4476 ejus-

2215 4512 2320 4569 que
2368 4497 2656 4553 seutentiis
2703 4513 2977 4569 pugnasse
3018 4499 3339 4555 auctoritate
3387 4509 3498 4556 tum
3544 4499 3774 4554 aliorum

547 4591 888 4663 scripsisset
919 4591 984 4644 Et
1020 4591 1137 4660 ipse
1161 4589 1377 4659 quidem
1402 4588 1603 4660 proprii
1641 4589 1844 4656 operis,
1876 4608 1896 4640 ι
1928 4589 2106 4658 inquit
2140 4583 2572 4658 Dantiquiorum
2619 4590 2968 4660 scriptorum,
3023 4600 3136 4645 tum
3190 4591 3456 4660 imprimis
3507 4589 3772 4658 Pamphili

544 4683 641 4739 lib.
687 4699 704 4737 ι
749 4683 952 4737 advers.
991 4681 1260 4750 Ruﬁnum,
1326 4699 1351 4733 ιι
1397 4680 1532 4736 nihil
1590 4681 1814 4734 omnino
1861 4681 2107 4751 scripsit,

538 4777 780 4844 exceptis
841 4775 1107 4844 epistolis.
1163 4787 1299 4841 quas
1349 4773 1414 4826 ad
1475 4772 1682 4826 amicos
1737 4772 1878 4827 forte
1929 4774 2109 4828 mitte-

537 4868 630 4923 bat
659 4867 758 4938 (3),
785 4867 837 4921 in
866 4875 1074 4920 tantum
1105 4879 1165 4918 se
1194 4864 1502 4918 humilitate
1532 4865 1823 4934 dejecerat.
1852 4864 2105 4919 Veterum

537 4969 716 5013 autem
746 4967 1014 5013 tractatus
1051 4955 1383 5026 scriptorum
1430 4954 1639 5022 legebat
1683 4955 2104 5022 studiosissime,

532 5062 589 5105 et
616 5053 668 5104 in
694 5065 882 5104 eorum
911 5049 1266 5102 meditatione
1298 5046 1499 5116 jugiter
1525 5045 1866 5102 versabatur.
1909 5046 2106 5102 Defen—

533 5158 626 5198 sor
655 5143 924 5212 Origeuis,
953 5152 1006 5196 et
1037 5141 1282 5195 laudator
1308 5139 1570 5210 Pamphili
1611 5140 1744 5194 dicit
1766 5139 2110 5209 Pamphilum

534 5235 666 5289 nihil
697 5236 916 5290 omnino
939 5235 1244 5303 scripsisse,
1274 5249 1374 5289 nec
1400 5231 1605 5302 proprii
1633 5232 1928 5300 quidquam
1975 5247 2104 5287 con-

531 5327 732 5382 didisse
756 5327 1020 5381 sermonis
1057 5342 1068 5377 :
1099 5335 1154 5379 et
1187 5327 1289 5378 hoc
1317 5325 1470 5385 dicit,
1499 5323 1609 5388 jam
1647 5322 1931 5390 Pamphilo
1961 5337 2102 5377 mar-

533 5417 673 5490 tyrio
696 5426 972 5482 coronato,
1011 5433 1076 5472 ne
1104 5417 1306 5471 habeas
1334 5413 1626 5483 suffugium
1663 5423 1779 5484 post
1818 5414 1995 5468 editos
2029 5415 2096 5468 ab

533 5508 763 5563 Eusebio
811 5508 980 5562 libros
1031 5509 1132 5560 huc
1177 5504 1514 5572 Pamphilum
1567 5504 1873 5572 scripsisse.
1929 5523 1948 5556 ι
1987 5507 2092 5560 Sed

529 5601 702 5654 nodus
743 5600 829 5654 hic
851 5614 1108 5669 perquam
1160 5598 1322 5652 facile
1359 5608 1570 5666 poterat
1611 5611 1640 5650 a
1695 5595 1887 5649 Ruﬁno
1934 5598 2090 5652 solvi.

529 5690 736 5760 Quippe
788 5691 1059 5760 proprium
1104 5689 1370 5759 Pamphili
1414 5703 1551 5761 opus
1583 5687 1948 5757 Apologeticus
2000 5688 2090 5744 ille

595 5865 674 5937 ᾧ)
705 5867 900 5923 Euseb.
936 5865 1027 5918 lib.
1056 5879 1111 5918 ιιι
1155 5863 1228 5918 De
1259 5863 1363 5917 vita
1395 5860 1690 5930 Pamphili.

2208 4681 2462 4750 martyris
2487 4689 2540 4734 et
2567 4680 2783 4736 Eusebii
2820 4681 3185 4736 Caesariensis.
3224 4681 3439 4737 Μᾶλλον
3465 4681 3544 4745 δὲ,
3577 4680 3772 4751 inquit,

2202 4771 2309 4825 τῶν
2344 4771 2515 4825 ἄλλων
2538 4773 2812 4836 ἁπάντων,
2857 4773 3125 4845 Παμφίλῳ
3179 4792 3238 4827 τε
3290 4773 3367 4845 τῷ
3404 4775 3644 4847 μάρτυρι
3674 4777 3774 4829 ἐπ·

2200 4861 2460 4932 spetam
2494 4864 2587 4915 καὶ
2617 4862 2694 4932 τῷ
2717 4862 2981 4933 asceam,
3021 4865 3072 4918 id
3101 4875 3203 4930 est,
3233 4885 3252 4916 ι
3280 4880 3390 4934 pra:
3410 4866 3618 4922 caeteris
3648 4883 3786 4922 vero-

2201 4950 2480 5021 Pamphilo
2497 4955 2723 5022 martyri
2751 4954 3060 5010 iunitituret
3083 4955 3339 5020 Eusebio,
3370 4977 3389 5010 ι
3419 4959 3769 5013 utindubium

2211 5045 2343 5098 mihi
2397 5045 2646 5100 videatur
2697 5061 3024 5116 anonymum
3070 5047 3220 5102 illum
3257 5049 3503 5104 eamdem
3548 5064 3784 5119 prorsus

2209 5151 2328 5190 cum
2359 5135 2642 5204 Pamphilo
2665 5147 2719 5192 et
2744 5138 2977 5193 Eusebio
3002 5137 3288 5208 Origenem
3319 5139 3642 5195 defendendi
3677 5155 3767 5194 ra-

2201 5227 2400 5282 tionem
2434 5237 2682 5283 secutum
2719 5243 2861 5284 esse.
2923 5227 3174 5298 Nunquid
3221 5246 3346 5285 vero
3396 5231 3630 5286 Arianus
3672 5231 3771 5285 fuit

2199 5319 2551 5389 apologista?
2593 5319 2738 5374 Nihil
2791 5320 2989 5376 minus.
3029 5321 3164 5376 Nam
3209 5323 3321 5392 ipse
3372 5322 3620 5387 Photius,
3674 5325 3766 5392 qui

2201 5411 2401 5481 alioqui
2443 5413 2730 5481 plerosque
2769 5412 3024 5483 Origenis
3063 5429 3282 5469 errores
3330 5410 3405 5468 illi
3453 5416 3659 5480 tribuit,
3689 5415 3769 5470 di-

2203 5513 2343 5556 serte
2373 5503 2522 5567 dicit,
2550 5507 2690 5572 quod
2723 5506 2856 5574 περὶ
2893 5505 2990 5574 τῆς
3023 5504 3182 5572 ἁγίας
3215 5505 3444 5576 Τριάδος
3470 5506 3626 5560 οὐδὲν
3653 5505 3765 5561 τῶν

2199 5592 2547 5663 ἐσφαλμένων
2577 5594 2743 5663 λέγει·
2780 5615 2796 5647 ι
2834 5596 2900 5650 de
2925 5597 2983 5650 S.
3015 5594 3280 5652 Triuitate
3304 5598 3438 5655 nihil
3459 5612 3762 5654 enatorum

2199 5685 2372 5741 affert.
2402 5707 2419 5739 ι
2451 5686 2730 5753 Quomodo
2757 5698 2933 5744 autem
2955 5686 3243 5760 Origenem
3269 5691 3510 5746 defendit
3528 5688 3767 5748 auctor?
