4174 6386
398 329 502 382 529

1347 325 1691 383 APOLOGIA
1723 328 1858 382 PRO
1892 328 2208 388 ORIGENE.
2250 365 2313 375 —
2356 333 2690 390 MONITUM.

3539 338 3647 395 550

397 445 637 516 Φησὶδὲ,
694 445 867 514 inquit
915 445 1162 512 Photius,
1213 449 1305 500 καὶ
1348 451 1477 520 περὶ
1523 449 1615 503 τοῦ
1666 451 1959 521 Ὠριγὲνους

2073 455 2257 522 fuisse,
2289 457 2528 528 nunquid
2553 459 2677 512 inde
2705 467 3027 528 sequeretur
3059 470 3164 512 non
3191 457 3359 513 fuisse
3387 465 3644 530 martyris

402 536 567 608 μηδὲν
592 535 751 590 αὑτὸν
780 536 918 590 κατὰ
948 537 1102 601 δόξαν
1129 538 1390 606 ἐσφάλθαι
1411 541 1539 610 περὶ
1573 541 1670 612 τῆς
1709 542 1964 612 Τριάδος·

2074 547 2374 618 Pamphili?
2403 549 2621 605 Minime
2659 549 2921 612 omnium,
2947 548 3033 603 vel
3065 549 3291 618 ipsemet
3315 548 3642 620 Hieronymo

405 649 423 680 σ
465 629 597 698 quin
650 630 813 682 etiam
860 629 964 683 hoc
1003 629 1200 684 asserit
1238 631 1306 684 de
1354 629 1609 698 Origene,
1667 631 1800 686 nihil
1847 646 1968 686 eum
2064 639 2292 705 judiceu
2323 640 2426 694 Sed
2453 642 2888 696 coucedamus‘ex
2913 639 3235 710 superfluo.»
3271 641 3448 710 inquit
3474 641 3635 710 epist.

399 721 542 789 quod
557 721 771 788 quidem
791 722 855 774 ad
875 721 1066 790 dogma
1093 722 1158 776 de
1179 721 1443 776 Trinitate
1467 724 1680 789 attinet,
1699 739 1930 779 errasse.
1947 744 1964 776 ι

399 813 488 865 Ait
519 827 641 866 mox
675 811 900 867 Photius
927 814 1250 882 scriptorem
1281 814 1429 868 illum
1454 815 1764 884 quindecim
1792 817 1968 886 capita

399 902 619 974 Origeni
647 903 882 970 objecta,
911 919 1144 973 quorum
1191 905 1290 958 tria
1322 906 1518 974 prima,
1550 905 1817 960 decimum
1859 915 1971 962 ter-

403 995 536 1048 tium
575 1005 631 1048 et
665 994 913 1048 ultimum
961 996 1025 1048 ad
1062 995 1350 1050 articulum
1385 997 1450 1059 de
1498 995 1763 1051 Trinitate
1798 998 1966 1066 perti-

400 1095 552 1148 nent,
590 1087 851 1154 probasse
883 1087 1134 1151 διαϐολὰς
1183 1083 1344 1150 εἶναι,
1404 1089 1470 1141 ὲκ
1512 1087 1624 1141 τῶν
1657 1087 1753 1142 τοῦ
1805 1089 1968 1143 αὑτοῦ

393 1178 607 1230 ἐκείνου
651 1179 1094 1249 συγγραμμάτων
1140 1179 1463 1251 ποιούμενον
1511 1180 1636 1244 τοὺς
1677 1179 1962 1250 ἐλέγχους·

402 1287 425 1320 ε
466 1284 643 1324 meras
700 1284 821 1325 esse
863 1271 1191 1335 calumnias,
1236 1287 1299 1326 ex
1355 1272 1638 1340 ipsiusmet
1675 1271 1966 1345 (Origenis)

397 1362 615 1429 scriptis
650 1361 827 1416 allatis
849 1363 1206 1432 argumentis.
1240 1381 1259 1413 ι
1298 1362 1558 1416 Eamdem
1602 1363 1764 1432 plane
1804 1363 1970 1418 ratio-

397 1468 521 1508 nem
557 1467 621 1508 ac
653 1453 964 1507 metbodum
1011 1463 1192 1508 servat
1245 1453 1503 1524 Apologia
1560 1454 1659 1507 sub
1700 1452 1964 1522 Pamphili

397 1544 620 1599 nomine
668 1560 697 1598 a
728 1544 926 1599 Rutino
956 1544 1124 1599 edita.
1170 1543 1317 1599 Sane
1343 1559 1410 1597 ex
1455 1544 1542 1600 his
1589 1545 1719 1599 illud
1776 1545 1966 1599 saltem

394 1633 646 1698 eﬂicitur,
676 1650 705 1688 a
732 1633 922 1690 Graeco
948 1635 1214 1705 scriptore
1236 1636 1404 1690 veteri
1434 1637 1531 1706 qui
1563 1636 1617 1690 in
1646 1636 1874 1692 articulo
1901 1637 1968 1692 de

395 1726 456 1780 S.
483 1725 774 1792 Trinitate,
801 1728 886 1783 vel
919 1727 1116 1782 Photio
1149 1727 1358 1796 judice,
1388 1727 1700 1784 catholicus
1734 1728 1860 1795 fuit.
1890 1730 1967 1783 ai-

2070 731 2156 791 65.
2178 733 2242 785 ad
2276 732 2682 788 Pammachium
2713 744 2766 788 et
2792 732 3088 796 Oceanum,
3108 753 3126 783 ‹
3163 742 3220 786 ιιι
3250 733 3508 800 Pamphili
3535 735 3636 797 sit;

2070 826 2163 878 sed
2213 828 2443 880 necdum
2503 829 2776 898 martyris.
2825 831 2966 882 Ante
3013 828 3157 880 enim
3205 827 3426 894 scripsit
3471 842 3636 895 quam

2071 913 2387 983 tuartyrium
2449 923 2837 983 perpeteretur.
2907 915 2969 968 Et
3029 914 3319 982 quomodo,
3399 912 3633 983 inquies,

2070 1004 2334 1073 martyrio
2375 1003 2571 1075 dignus
2599 1005 2742 1059 fuit?
2782 1007 3002 1061 Scilicet
3047 1015 3105 1058 ut
3143 1006 3405 1076 martyrio
3434 1005 3638 1060 deleret

2068 1110 2334 1163 errorem,
2368 1104 2426 1151 ut
2462 1113 2626 1152 unam
2674 1099 2885 1168 culpam
2938 1097 3214 1168 sanguinis
3253 1098 3334 1152 sui
3376 1096 3642 1163 effusione

2068 1199 2342 1256 purgaret.
2386 1187 2583 1253 Quanti
2620 1189 2672 1243 iu
2705 1191 2838 1244 orbe
2870 1200 3155 1259 martyres,
3191 1199 3476 1257 antequam
3531 1202 3634 1240 cre—

2067 1277 2344 1344 derentur,
2415 1281 2583 1334 variis
2630 1279 2948 1348 subjacucre
3001 1281 3271 1348 peccatis!
3345 1299 3364 1332 ι
3429 1279 3637 1345 Quibus

2065 1368 2246 1424 verbis
2281 1378 2538 1439 tanquam
2571 1370 2802 1442 suffugio
2853 1373 3026 1425 utitur
3069 1371 3452 1442 Hieronymus,
3483 1378 3540 1422 ut
3588 1368 3634 1423 si

2068 1461 2244 1514 minus
2307 1460 2465 1514 ﬁdem
2522 1460 2830 1530 famamque
2890 1462 3071 1518 Ruﬁni
3129 1462 3388 1526 elevaret,
3445 1461 3635 1515 saltem

2065 1549 2333 1620 Pamphili
2369 1551 2656 1622 martyris,
2684 1567 2845 1621 quem
2887 1553 3045 1624 hujus
3067 1553 3336 1624 Apologia
3362 1561 3636 1606 auctorem

2066 1659 2174 1698 non
2200 1643 2424 1698 omnino
2449 1644 2663 1700 diliiteri
2697 1646 2882 1710 audet,
2923 1647 3308 1701 auctoritatem
3345 1645 3633 1712 minueret,

2067 1735 2173 1790 Sed
2203 1751 2270 1789 eo
2306 1736 2576 1792 infirmius
2606 1736 2726 1807 ejus
2760 1746 2842 1792 est
2877 1748 3278 1808 argumentum,
3329 1739 3471 1806 quod
3528 1746 3636 1790 tor-

398 1819 504 1874 lata
537 1819 706 1876 fuisse
759 1835 826 1874 ex
870 1821 1004 1890 ipsis
1057 1820 1307 1890 Origenis
1349 1821 1588 1890 scriptis,
1639 1831 1803 1892 prout
1851 1833 1961 1877 tum
1996 1811 2038 1865 Β
2068 1839 2247 1882 menta
2277 1828 2504 1896 plurima
2539 1829 2686 1898 prius
2716 1844 2908 1898 passus
2936 1839 3076 1885 esset
3108 1828 3442 1897 Pamphilus,
3476 1843 3634 1896 quam

388 1913 581 1968 Grzece
619 1922 921 1979 exstarent,
975 1913 1307 1981 testimonia,
1345 1928 1465 1982 quae
1498 1913 1819 1968 catholicum
1869 1929 1963 1983 pa-

395 2005 529 2058 riter
573 2004 739 2058 fuisse
771 2005 824 2058 in
875 2005 1063 2058 eodem
1105 2005 1333 2059 articulo
1373 2006 1660 2082 Origenem
1715 2006 1964 2061 ostende-

392 2104 538 2162 rent,
585 2105 748 2165 atque
794 2095 896 2149 hoc
941 2093 1138 2150 fecisse
1184 2107 1465 2151 auctorem
1503 2097 1652 2150 illum
1699 2095 1962 2166 Pamphili

394 2188 647 2260 martyris
693 2195 748 2244 et
794 2187 1009 2242 Eusebii
1062 2189 1332 2257 exemplo,
1379 2204 1676 2259 eorumque
1720 2189 1964 2258 vestigiis

396 2281 756 2335 insistentem.
807 2299 826 2332 ι
861 2281 919 2334 5ο
956 2279 1261 2336 Verisimile
1318 2297 1424 2334 non
1479 2290 1562 2336 est
1608 2281 1720 2350 jam
1755 2291 1866 2335 tum
1895 2281 1962 2335 ad

312 2425 316 2428 .
392 2373 651 2428 Arianam
681 2373 928 2426 haeresim
963 2372 1230 2428 defecisse
1255 2372 1570 2440 Eusebium,
1597 2389 1720 2427 cum
1759 2373 1814 2427 in
1841 2389 1963 2442 gra-

393 2463 523 2517 tiam
556 2463 806 2534 Origenis
860 2463 1146 2519 scriberet.
1191 2463 1323 2530 Quis
1351 2463 1495 2518 enim
1527 2465 1738 2531 credat,
1775 2464 1820 2518 si
1849 2464 1960 2533 jam

393 2566 508 2609 tum
544 2555 735 2609 fuisset
765 2556 1022 2619 Arianus,
1053 2555 1104 2610 id
1134 2571 1193 2610 se
1223 2555 1325 2610 sibi
1381 2557 1718 2624 probandum
1776 2569 1964 2610 susce-

391 2647 536 2716 pisse
569 2647 637 2701 ab
675 2645 905 2716 Origene
943 2647 1107 2700 statui
1157 2665 1176 2697 ι
1220 2647 1362 2716 quod
1396 2647 1618 2715 aequalis
1669 2646 1742 2702 sit
1783 2645 1962 2701 Trini-

393 2745 476 2791 tas
513 2756 528 2792 :
563 2743 706 2806 quod
737 2752 842 2790 non
879 2753 1046 2807 purus
1075 2738 1258 2804 homo,
1287 2738 1382 2793 sed
1413 2738 1610 2792 divinae
1652 2748 1860 2792 naturae
1888 2738 1959 2792 sit

387 2827 687 2882 Christus:
727 2828 872 2894 quod
905 2839 1063 2883 extra
1105 2827 1275 2884 ullum
1317 2828 1530 2882 initium
1571 2828 1644 2883 sit
1684 2829 1962 2898 generatio

393 2917 518 2974 Filii
552 2919 644 2974 Dei
674 2935 690 2971 :
721 2921 864 2988 quod
897 2934 1004 2973 non
1029 2919 1104 2973 sit
1134 2918 1297 2973 Pater
1323 2924 1613 2986 antequam
1641 2918 1838 2984 Filius,
1867 2921 1960 2976 sed

387 3020 698 3066 comternus
733 3011 803 3066 sit
827 3009 998 3064 Filius
1032 3009 1220 3065 Patri:
1253 3010 1397 3081 quod
1424 3025 1532 3065 non
1573 3026 1664 3082 per
1697 3011 1960 3082 prolatio-

2065 1921 2366 1986 scriberet;
2401 1921 2644 1989 adeoque
2680 1920 2794 1989 jam
2826 1931 2954 1976 tunc
2982 1936 3110 1976 vere
3140 1930 3259 1976 erat
3291 1931 3519 1992 martyr,
3547 1937 3634 1976 se-

2065 2011 2298 2066 cundum
2329 2011 2604 2082 vulgarem
2635 2014 2752 2082 ejus
2782 2014 3040 2081 temporis
3084 2013 3337 2082 loquendi
3392 2015 3632 2069 moduni.

2063 2101 2393 2175 Hieronymo
2459 2113 2638 2159 autem
2695 2105 2773 2160 sic
2827 2105 3119 2174 respondet
3175 2106 3402 2160 Rufinus
3438 2105 3633 2161 Iuvect.

2063 2194 2156 2250 lib.
2187 2211 2226 2249 ιι
2255 2213 2269 2248 :
2297 2211 2318 2246 ι
2355 2193 2413 2250 Si
2443 2194 2496 2248 in
2535 2205 2742 2250 tantum
2771 2197 2990 2251 volebas
3019 2196 3314 2261 audere,ut
3343 2207 3633 2268 martyrem

2064 2286 2514 2358 reprehenderes,
2549 2288 2692 2342 dicta
2734 2288 2872 2356 ipsa,
2909 2303 3028 2355 quae
3059 2288 3153 2342 tibi
3193 2288 3515 2342 videbantur
3547 2304 3635 2343 re-

2063 2375 2467 2445 prehensibilia,
2496 2378 2550 2430 in
2576 2376 2811 2430 medium
2849 2374 3087 2444 proferre
3104 2377 3397 2440 debueras;
3424 2385 3479 2431 et
3511 2386 3637 2430 tunc

2065 2467 2440 2536 unusquisque
2471 2467 2761 2535 legentium
2777 2467 2996 2521 vidisset
3019 2467 3148 2534 quid
3177 2465 3245 2520 ibi
3273 2476 3416 2522 esset
3445 2466 3633 2521 absur-

2063 2557 2211 2619 dum,
2266 2556 2396 2625 quid
2452 2570 2819 2624 consequens,
2854 2556 2981 2625 quid
3024 2556 3294 2625 iniquum,
3329 2555 3457 2624 quid
3487 2566 3635 2612 certe

2062 2657 2248 2703 contra
2284 2648 2610 2716 apostolicas
2640 2647 2852 2717 regulas
2881 2665 2896 2700 :
2926 2648 3020 2702 sed
3048 2655 3255 2702 tantum
3291 2648 3476 2701 nescio
3506 2645 3634 2717 quid

2063 2740 2379 2810 impietatis,
2414 2755 2511 2810 pro
2554 2755 2683 2810 quo,
2715 2739 2954 2802 utdicis.
3006 2740 3276 2809 cxpiaudo
3317 2740 3630 2809 sanguinem

2063 2849 2218 2889 suum
2250 2833 2452 2888 fuderit
2482 2844 2711 2904 martyr.
2736 2831 2850 2902 Ipsa
2883 2832 2971 2885 illa
3010 2834 3170 2887 verba
3210 2833 3255 2887 si
3289 2830 3633 2903 legeret,jam

2063 2938 2170 2978 non
2199 2932 2312 2989 tua,
2339 2925 2432 2980 sed
2466 2939 2561 2978 sua
2608 2925 2908 2987 sententia,
2935 2934 3028 2977 aut
3061 2937 3277 2978 errasse
3310 2933 3628 2992 martyrem,

2065 3020 2160 3067 aut
2194 3013 2414 3068 nomine
2438 3013 2696 3084 martyris
2715 3013 3006 3067 absurdam
3035 3023 3091 3066 et
3124 3013 3342 3078 impiam
3389 3010 3630 3066 conscri-

393 3117 514 3157 nem
544 3112 704 3157 natus
728 3104 800 3157 sit
826 3102 994 3158 Filius
1023 3121 1037 3157 :
1062 3103 1203 3172 quod
1222 3103 1597 3172 inseparabilis
1621 3104 1692 3157 sit
1717 3103 1955 3160 aPatre:
1988 3146 2030 3202 Ο
2067 3106 2310 3176 ptiouem
2352 3105 2421 3161 ab
2474 3105 2582 3159 alio
2635 3106 2842 3160 diceret
2887 3120 3008 3159 esse
3037 3103 3415 3173 compositam.
3482 3102 3634 3157 Nunc

391 3197 533 3264 quod
567 3196 758 3250 eadem
787 3195 861 3250 sit
891 3195 1379 3250 inconvertibilitas
1402 3193 1603 3260 Patris,
1632 3207 1688 3251 et
1731 3194 1874 3262 Filii,
1909 3209 1962 3252 et

389 3285 626 3356 Spiritus
663 3287 836 3342 sancti
875 3305 889 3341 :
926 3287 1068 3357 quod
1099 3287 1240 3342 sicut
1272 3286 1434 3340 Pater
1463 3287 1614 3340 novit
1661 3287 1812 3342 initia
1847 3303 1960 3342 om-

392 3379 542 3433 nium
579 3390 634 3435 et
670 3379 828 3444 lines,
859 3380 940 3435 sic
962 3389 1016 3434 et
1042 3379 1234 3444 Filius,
1262 3380 1342 3434 sic
1359 3389 1415 3434 et
1441 3378 1676 3447 Spiritus
1707 3391 1957 3436 sanctus:

385 3475 532 3541 quod
554 3489 620 3528 ex
651 3472 763 3526 Deo
789 3471 949 3526 Patre
981 3481 1137 3526 natus
1158 3473 1229 3525 sit
1254 3470 1448 3538 Filius,
1473 3486 1540 3524 ac
1559 3473 1717 3526 unius
1740 3481 1796 3528 et
1813 3472 1958 3540 ejus-

387 3568 509 3621 dem
542 3580 666 3620 cum
713 3565 876 3620 Patre
924 3563 1276 3630 substantiae;
1334 3564 1548 3619 alienus
1590 3579 1720 3620 vero
1773 3582 1802 3620 a
1833 3568 1951 3621 sub-

387 3659 603 3715 stantiis
642 3668 1042 3723 creaturarum,
1088 3677 1108 3711 ο
1146 3667 1279 3722 etc.,
1312 3672 1436 3726 quae
1472 3673 1504 3712 e
1533 3658 1802 3714 diametro
1847 3658 1959 3715 bte-

390 3749 496 3804 resi
553 3750 772 3803 Arianae
824 3747 1223 3802 adversantur?
1289 3748 1422 3814 Quis
1473 3748 1577 3802 sibi
1635 3749 1962 3818 persuadeat

387 3855 534 3904 eum,
564 3839 690 3893 dum
744 3839 1160 3908 prteclarissima
1211 3837 1302 3891 illa
1350 3836 1600 3906 Origenis
1650 3839 1958 3894 testimonia

383 3941 710 4002 excerperet
739 3931 881 3985 unde
921 3931 1158 3985 Arianus
1191 3944 1348 3982 error
1389 3929 1725 3996 confoditur,
1756 3931 1957 3985 Ariana

389 4027 520 4097 ipsis
544 4025 862 4081 infersisse?
890 4023 944 4076 4°
991 4022 1190 4078 Invicte
1229 4023 1572 4078 demonstrat
1609 4023 1962 4081 doctissimus

385 4126 576 4173 noster
599 4117 828 4172 domnus
867 4114 1202 4170 Prudentius
1231 4113 1416 4168 Maran
1446 4114 1500 4167 in
1530 4129 1628 4168 suo
1656 4115 1734 4169 De
1765 4116 1957 4170 divini-

387 4219 495 4264 tate
550 4209 743 4264 Chriin
783 4207 878 4263 lib.
931 4221 1006 4265 ιν,
1049 4221 1170 4275 cap.
1225 4205 1412 4270 M-lti,
1473 4216 1530 4260 et
1570 4205 1698 4262 alibi
1732 4207 1956 4275 passim,

386 4303 604 4360 Arianae
632 4300 825 4356 hzeresi
870 4298 1179 4354 nullatenus
1206 4297 1388 4354 favere
1417 4297 1707 4366 Origeuem
1739 4299 1841 4372 (4),
1864 4301 1957 4354 sed

385 4395 720 4450 econtrario
768 4391 1090 4462 scriptorem
1139 4391 1470 4446 catholicum
1515 4392 1957 4461 acerrimumque

2063 3211 2192 3251 vero
2234 3197 2412 3252 sciens
2443 3197 2569 3266 quia
2605 3197 2646 3251 si
2703 3197 2954 3267 legantur
2985 3212 3047 3251 ea
3088 3211 3208 3267 qua:
3256 3195 3630 3266 reprehendis,

2062 3297 2191 3342 nuta
2241 3288 2640 3356 retorquebitur
2683 3288 2734 3342 in
2785 3302 2908 3342 eum
2963 3287 3053 3358 qui
3099 3287 3282 3357 culpat
3313 3287 3531 3357 injuste,
3568 3300 3632 3340 ea

2061 3378 2278 3447 quidem
2309 3394 2430 3448 qua:
2462 3381 2814 3447 reprehendis
2869 3397 2974 3436 non
3022 3379 3253 3449 profers.
3290 3385 3307 3430 ι
3345 3380 3406 3432 Et
3458 3379 3634 3449 reipsa

2062 3469 2198 3525 nihil
2230 3467 2332 3524 nisi
2359 3470 2660 3538 generatim
2701 3471 2928 3540 protulit
2959 3469 3322 3540 Hieronymus
3372 3471 3633 3522 adversus

2063 3565 2203 3619 hanc
2244 3563 2574 3633 Apologiam.
2623 3562 2734 3617 imo
2786 3559 3118 3632 promiSerat
3167 3562 3260 3615 lib.
3294 3577 3332 3615 ιι
3382 3561 3630 3614 adversus

2063 3653 2333 3722 Ruﬁnum,
2361 3669 2420 3709 se
2445 3655 2496 3707 in
2537 3653 2888 3724 sequentibus
2922 3663 3110 3706 contra
3169 3650 3338 3720 ipsam
3387 3650 3628 3718 scriptu-

2063 3761 2202 3810 rum,
2223 3745 2269 3799 si
2295 3745 2532 3801 dictandi
2559 3746 2790 3814 spatium
2813 3753 2977 3808 esset,
3011 3759 3110 3798 nec
3127 3751 3302 3797 tamen
3340 3743 3629 3811 quidquam

2060 3837 2344 3907 scripsisse
2402 3837 2670 3903 novimus,
2728 3837 2973 3905 quamvis
3012 3835 3189 3904 plures
3231 3851 3399 3888 annos
3443 3843 3628 3902 postea

2063 3930 2275 3983 vixerit.

2132 4018 2217 4074 Vl.
2248 4019 2352 4074 Sed
2383 4029 2563 4074 tamen
2597 4029 2654 4071 ut
2687 4019 3073 4090 liieronymum
3102 4034 3222 4073 cum
3268 4020 3448 4091 seipse
3501 4036 3635 4075 con-

2060 4111 2258 4175 ciliem,
2285 4125 2391 4164 non
2421 4109 2630 4164 inficias
2663 4109 2815 4163 ierim
2841 4111 3010 4164 videri
3037 4113 3256 4180 quidem
3284 4111 3627 4180 Pamphilum

2061 4213 2114 4255 et
2140 4201 2427 4257 Eusebium
2465 4201 2517 4255 in
2560 4200 2866 4269 Defensione
2901 4200 2989 4254 illa
3022 4203 3266 4270 qmedam
3298 4203 3541 4256 attulisse
3563 4219 3630 4257 ex

2061 4293 2294 4364 Origene
2317 4293 2649 4356 testimonia,
2669 4293 2867 4362 quibus
2891 4293 3098 4347 vocula:
3119 4304 3174 4348 et
3199 4295 3341 4348 dicta
3372 4294 3628 4348 nonnulla

2061 4385 2288 4439 admista
2320 4393 2540 4451 essent,
2576 4399 2696 4456 quae
2726 4381 3015 4441 catholicis
3058 4385 3283 4440 auribus
3317 4383 3629 4455 Hieronymi

386 4483 527 4538 sacri
553 4483 620 4538 de
653 4480 925 4536 Trinitate
952 4481 1219 4552 dogmatis
1243 4481 1587 4538 defensorem
1622 4482 1818 4537 haberi
1862 4481 1957 4536 de-
1987 4485 2033 4544 ι)
2058 4487 2216 4533 actate
2247 4479 2426 4532 minus
2455 4478 2802 4548 placuerunt,
2841 4488 3027 4547 utpote
3057 4477 3124 4531 ab
3155 4477 3372 4531 Arianis
3424 4486 3533 4528 tum
3563 4477 3630 4528 ad

385 4576 551 4640 bere;
586 4585 641 4630 et
692 4590 812 4644 quae
861 4575 1218 4643 objiciuntur,
1251 4586 1345 4629 aut
1377 4573 1500 4630 licta
1555 4589 1678 4629 esse
1703 4583 1758 4628 et
1793 4574 1862 4628 ab
1889 4588 1956 4628 eo

383 4665 590 4731 aliena,
626 4676 721 4719 aut
752 4666 949 4733 partim
990 4664 1466 4735 prreciarissimam
1501 4664 1706 4719 habere
1735 4673 1954 4720 senten-

385 4756 540 4823 tiam,
568 4759 614 4812 si
648 4767 795 4812 recte
829 4757 1226 4826 interpreteris,
1267 4757 1464 4824 partim
1499 4772 1604 4810 non
1654 4756 1954 4812 incommo-

383 4846 534 4910 dam,
565 4847 610 4901 si
658 4863 780 4902 cum
833 4846 953 4900 aliis
995 4847 1114 4916 ejus
1169 4846 1449 4916 principiis
1495 4857 1622 4916 apte
1669 4847 1952 4904 concilies.

381 4936 667 5003 Quomodo
714 4936 880 5006 igitur
922 4936 1188 4991 Eusebius
1235 4938 1289 4992 in
1337 4939 1812 5008 praestantissimis
1846 4938 1955 4994 illis

381 5029 749 5094 contextibns,
782 5030 976 5098 quibus
1011 5029 1264 5100 Origenis
1317 5032 1620 5086 doctrinam
1656 5029 1724 5084 ab
1751 5033 1954 5086 Ariana

384 5119 506 5175 labe
531 5120 792 5187 vindicat,
827 5120 1129 5189 approbare
1154 5122 1422 5189 potuisset
1453 5124 1626 5192 ipsum
1665 5122 1951 5192 Origenem

384 5213 550 5268 fuisse
591 5213 894 5267 Arianum?
946 5212 1095 5279 Quas
1133 5213 1498 5283 blasphemias
1536 5215 1862 5279 infersisset,
1906 5214 1952 5269 si

382 5307 518 5362 nihil
548 5306 621 5361 sit
650 5306 703 5360 in
734 5305 966 5376 Origene
982 5306 1123 5373 quod
1159 5307 1224 5359 ad
1257 5308 1508 5362 haaresim
1530 5307 1787 5362 Ariauam
1811 5308 1950 5363 trahi

380 5397 575 5454 merito
600 5397 801 5467 queat?
825 5397 1094 5452 Cancrum
1129 5397 1276 5466 dato,
1322 5415 1426 5452 non
1459 5409 1639 5455 autem
1667 5415 1949 5466 concesso,

384 5487 794 5560 Apologeticum
824 5488 1061 5542 libellum
1097 5489 1197 5543 sub
1233 5489 1452 5544 nomine
1481 5489 1744 5560 Pamphili
1778 5505 1807 5543 a
1841 5489 1952 5542 Ru-

381 5577 492 5638 iino
515 5581 744 5647 editum,
772 5581 976 5636 Ariauo
1000 5595 1207 5636 veneno
1231 5580 1285 5635 in
1311 5590 1458 5637 textu
1471 5581 1660 5640 Grreco
1697 5583 1951 5638 infectum

2060 4571 2308 4626 incresim
2341 4586 2493 4625 suam
2535 4575 2933 4640 propagandam
2967 4579 3262 4640 usurpata:
3295 4585 3432 4640 quas
3465 4583 3630 4622 Vocu-

2060 4661 2173 4728 ias,
2201 4661 2285 4716 vel
2316 4676 2434 4728 qua:
2477 4662 2614 4716 dicta
2664 4671 2947 4731 propterea
3002 4661 3302 4716 resecuisse
3347 4659 3560 4712 videtur
3596 4672 3628 4711 .a

2059 4769 2156 4810 Sua
2184 4755 2430 4808 versione
2455 4753 2702 4816 Ruiinus,
2725 4762 2779 4807 et
2809 4753 3128 4823 quibusdam
3161 4752 3378 4814 additis,
3401 4751 3627 4820 quibus-

2061 4847 2184 4900 dam
2231 4845 2488 4900 detractis
2529 4845 2819 4908 emollisse,
2855 4854 2912 4897 ut
2959 4841 3281 4898 catholicam
3325 4841 3626 4895 doctrinam

2061 4935 2240 4992 verbis
2272 4936 2430 5006 plane
2475 4936 2758 4991 catholicis
2793 4937 3051 4990 traderet.
3089 4931 3241 5000 Quod
3275 4933 3500 4987 innuere
3549 4933 3629 4986 vi-

2059 5029 2217 5084 detur
2251 5028 2364 5098 ipse
2399 5027 2628 5082 Ruﬁnus
2651 5069 2666 5092 ,
2701 5043 2820 5083 cum
2859 5029 2909 5080 in
2947 5027 3160 5096 epilogo
3205 5026 3270 5079 ad
3317 5025 3630 5079 translatiu-

2057 5134 2180 5176 nem
2210 5135 2363 5176 suam
2390 5123 2456 5174 ad
2479 5121 2778 5185 Macarium
2815 5120 2890 5174 ait
2921 5135 2980 5175 se
3018 5141 3035 5170 ε
3073 5117 3470 5189 Apologeticum
3499 5133 3628 5172 sau-

2056 5213 2128 5268 cti
2168 5215 2416 5284 martyris
2458 5212 2720 5281 Pamphili
2749 5254 2764 5277 ,
2793 5224 2950 5283 prout
2986 5213 3193 5278 potuit,
3221 5211 3307 5266 vel
3340 5228 3424 5265 res
3453 5225 3625 5281 popo-

2056 5304 2182 5371 scit,
2225 5304 2414 5359 Latino
2446 5319 2694 5360 sermone
2721 5307 3038 5371 digessisse.
3074 5325 3092 5356 ι
3130 5303 3445 5373 llujusmodi
3482 5317 3621 5358 rese-

2056 5396 2251 5450 ctionis
2324 5395 2621 5450 etiamnum
2701 5396 2982 5465 W‘Sligitltli
3054 5403 3254 5448 exstat.
3308 5390 3625 5462 Pamphilus

2059 5489 2495 5561 bujusApologiw
2511 5504 2629 5559 cap.
2651 5494 2704 5554 4,
2728 5488 2799 5543 De
2816 5487 3015 5558 Spiritu
3031 5497 3229 5549 sancto,
3258 5485 3623 5538 testimonium

2059 5581 2274 5638 adducit
2302 5598 2332 5638 e
2361 5596 2479 5653 cap.
2513 5580 2547 5636 3
2617 5580 2734 5635 libri
2764 5594 2781 5632 ι
2807 5619 2822 5646 ,
2851 5578 2986 5647 Περὶ
3032 5575 3233 5648 ἀρχῶν
3256 5617 3273 5644 ,
3315 5575 3467 5644 cujus
3512 5571 3625 5629 f'ra-

455 5761 536 5831 (ὰ)
581 5759 717 5818 Vide
745 5760 885 5816 infra
916 5768 1071 5818 notas
1107 5761 1163 5819 in
1196 5761 1503 5832 Origeniau.
1527 5759 1618 5818 lib.
1649 5777 1711 5830 ιι,
1745 5777 1862 5833 cap.
1888 5759 1942 5831 '2,
1971 5768 2157 5830 quiest.
2193 5759 2245 5812 2.
