2087 3198
271 175 321 203 551

869 174 898 202 S.
919 172 1081 200 PAMPHILI
1102 170 1278 199 MARTYRIS

1838 168 1892 199 532

271 233 540 271 gmentumGrmcum
558 234 667 261 exhibet
678 234 824 268 imperator
837 232 1006 260 Justinianus
1021 231 1054 259 ad
1071 235 1091 263 Α
1107 231 1152 258 lib.
1166 239 1174 258 ι
1196 231 1298 258 advers.
1311 229 1434 263 Ruﬁnum
1448 228 1489 256 his
1499 229 1588 256 verbis
1603 239 1608 256 :
1624 238 1634 254 ί
1651 228 1800 263 Paucisque
1813 230 1891 258 testi-

271 280 374 308 calcem
388 279 507 314 epistola:
521 279 554 306 ad
572 278 689 310 Menam,
702 279 772 313 quod
789 286 840 305 non
857 285 950 313 parum
964 277 1056 304 crimi-

271 330 371 352 nantur
384 325 443 359 ipse
457 324 628 352 Justinianus
639 345 646 356 ,
662 324 827 351 Athanasius
848 324 875 351 in
889 323 987 350 Matth.
1004 330 1053 355 xu,

270 371 322 405 δὴ
340 370 505 405 Theophilus
517 371 542 397 in
558 371 633 403 epist.
650 374 662 397 1
681 370 816 405 paschali:
834 370 1012 404 Hieronymus
1029 369 1054 396 in

270 417 350 451 epist.
379 418 412 443 ad
438 416 567 449 Avitum,
590 421 618 443 et
641 416 753 443 Photius
771 416 896 442 Biblioth.
920 416 980 444 cod.
995 423 1053 443 VIII.

270 461 309 488 En
328 461 375 487 tibi
396 461 509 495 ipsamet
528 461 608 487 verba
622 469 629 487 :
647 461 707 487 Ὅτι
721 462 735 487 ὁ
752 461 801 496 μὲν
818 461 883 493 Θεὸς
897 460 943 487 καὶ
960 460 1055 495 Πατὴρ

270 508 389 542 συνέχων
402 506 437 533 τὰ
453 507 540 534 πάντα.
553 506 647 541 φθάνει
660 507 700 538 εἰς
716 507 828 533 ἕκαστον
841 506 894 532 τῶν
902 506 995 536 ὅντων.
1009 514 1055 541 με-

268 554 390 585 ταδιδοὺς
400 554 508 588 ἑκάστῳ
517 553 570 580 ἀπὸ
580 552 626 579 τοῦ
641 552 705 579 ἰδίου
717 553 747 579 τὸ
758 550 827 579 εἶναι
837 561 843 566 ·
858 551 895 578 ὣν
905 552 959 587 γάρ
970 553 1052 578 ἐστιν.

275 600 407 627 Ἐλάττων
421 599 448 626 δὲ
460 600 528 635 πρὸς
541 599 586 625 τὸν
597 600 704 634 Πατέρα
716 600 730 625 ὁ
740 598 803 630 Υἱὸς
811 597 919 632 φθάνων
930 598 976 624 ἐπὶ
987 597 1055 633 μόνα

268 646 302 672 τὰ
327 645 437 680 λογικά·
453 645 577 681 δεύτερος
604 645 657 681 γάρ
677 645 734 671 ἐστι
752 644 799 671 τοῦ
821 644 945 679 Πατρός·
967 643 1006 669 ἔτι
1027 643 1055 669 δὲ

267 690 348 727 ἦττον
364 692 394 718 τὸ
409 691 519 726 Πνεῦμα
536 692 566 718 τὸ
589 692 666 726 ἅγιον
688 691 734 718 ἐπὶ
759 690 853 725 μόνους
876 690 938 721 τοὺς
961 689 1054 723 ἁγίους

267 738 462 773 διικνούμενον.
472 738 553 764 Ὥστε
566 737 635 763 κατὰ
648 736 726 763 τοῦτο
741 736 840 771 μείζων
854 737 869 771 ἡ
883 735 994 771 δύναμις
1007 735 1054 762 τοῦ

267 783 373 819 Πατρὺς
396 784 471 819 παρὰ
491 783 536 810 τὸν
563 783 625 810 Υἱὸν
647 783 694 809 καὶ
716 782 746 809 τὸ
770 781 881 817 Πνεῦμα
909 782 939 808 τὸ
968 782 1053 815 ἅγιον.

267 828 371 854 Πλείων
387 828 443 864 δὲή
459 828 506 855 τοῦ
520 827 584 855 Υἱοῦ
599 827 674 863 παρὰ
688 827 718 854 τὺ
734 826 845 862 Πνεῦμα
855 827 885 853 τὺ
900 826 976 861 ἇγιον
986 835 992 840 ·
1009 826 1055 852 καὶ

268 874 348 901 πάλιν
360 874 524 910 διαφέρουσα
540 874 638 909 μᾶλλον
653 873 699 900 τοῦ
712 873 789 908 ἁγίου
804 872 960 908 Πνεὺματος
976 873 993 908 ἡ
1007 872 1053 899 δύ-

1106 277 1204 304 moniis
1218 276 1401 308 commutatis,
1411 283 1471 311 quae
1483 275 1590 303 sciebas
1604 274 1773 309 displicitura
1792 275 1892 302 Roma-

1105 324 1165 355 nis,
1188 329 1285 351 cartera
1311 322 1382 354 (libri
1406 322 1486 357 primi
1513 320 1634 355 Eusebii)
1657 328 1744 356 usque
1762 322 1794 348 ad
1810 321 1891 350 linem

1105 369 1208 403 integra
1224 367 1361 395 dimisisti.
1378 377 1387 393 ι
1408 367 1479 394 Idem
1497 366 1618 402 apertius
1635 366 1724 393 innuit
1741 366 1768 394 in
1776 367 1890 402 epistola

1105 416 1138 443 ad
1153 414 1358 442 Pammachium
1375 419 1401 440 et
1415 413 1563 441 Oceanum.
1579 412 1635 440 lmo
1651 413 1695 440 vix
1712 414 1851 441 continere
1861 422 1891 441 se

1105 466 1192 497 potest
1205 461 1230 488 in
1253 460 1303 488 hac
1320 460 1414 487 eadem
1429 458 1542 494 epistola
1553 480 1560 492 ,
1578 458 1643 493 quin
1659 458 1694 485 ab
1707 459 1760 486 alio
1772 459 1891 494 quolibet

1104 508 1238 543 scriptore
1251 514 1331 541 quam
1349 505 1486 539 Eusebio,
1503 505 1609 532 scilicet
1631 504 1672 532 vel
1694 504 1807 539 Didymo
1818 526 1825 535 .
1848 505 1889 533 vel

1105 554 1220 589 ipsomet
1245 552 1363 584 Ruﬁno,
1388 556 1472 578 totum
1492 551 1564 578 hunc
1586 551 1682 577 librum
1708 550 1780 577 dicat
1806 549 1890 578 fuisse

1104 600 1293 635 compositum.
1313 608 1322 624 α
1340 597 1543 631 Porro,inquit,
1559 597 1629 631 quod
1645 595 1812 631 Pamphilum
1827 604 1889 632 pro-

1104 646 1195 674 ferunt
1208 646 1376 673 laudatorem
1392 644 1451 678 ejus
1467 643 1614 679 (Origenis)
1625 662 1633 675 ρ
1651 643 1753 677 gratias
1770 643 1822 670 illis
1838 650 1888 679 ago

1104 699 1165 720 meo
1180 692 1289 719 nomine
1301 711 1309 723 ,
1323 691 1396 726 quod
1412 690 1523 725 dignum
1546 697 1590 717 me
1612 694 1774 723 putaverunt
1786 709 1793 723 ,
1807 697 1888 724 quem

1104 745 1164 764 cum
1179 742 1299 772 martyre
1317 736 1560 763 calumniarentur.
1579 734 1606 762 Si
1622 736 1694 762 enim
1714 735 1748 762 ab
1770 735 1889 764 inimicis

1103 783 1229 819 Origenis
1241 783 1325 810 libros
1343 782 1401 814 ejus
1418 782 1508 809 dicitis
1521 789 1583 809 esse
1600 781 1715 809 violatos
1731 786 1759 808 ut
1774 782 1889 810 infama-

1104 834 1209 860 rentur,
1225 836 1309 863 quare
1325 829 1388 855 mihi
1405 835 1458 855 non
1473 828 1554 855 liceat
1570 827 1662 855 dicere
1676 827 1709 855 ab
1721 828 1815 860 amicis
1829 829 1888 863 ejus

1104 879 1130 903 et
1146 874 1332 902 sectatoribus
1347 873 1527 908 compositum
1543 880 1603 901 esse
1618 873 1668 900 sub
1688 873 1796 900 nomine
1809 873 1888 901 Pam-

267 929 349 955 ναμις
363 920 439 956 παρὰ
457 920 491 946 τὰ
504 920 570 947 ἄλλα
586 920 662 954 ἆγια.
680 929 689 946 ι
708 919 784 953 Quod
806 918 876 946 Deus
897 918 1003 954 quidem
1027 924 1047 945 el

1108 920 1173 955 phili
1189 920 1327 953 volumen,
1345 919 1417 954 quod
1433 919 1507 946 illum
1532 919 1688 946 testimonio
1710 920 1836 955 martyris
1853 920 1887 948 ab

266 964 349 993 Pater
365 966 456 993 omnia
473 970 615 993 continens
630 966 664 993 ad
684 972 904 1000 unumquemque
919 964 1050 999 pervenit,

266 1019 328 1038 csse
350 1011 495 1045 unicuique
521 1011 678 1046 impertiens
694 1010 727 1038 de
751 1017 819 1037 suo:
840 1010 897 1044 ipse
920 1010 991 1037 enim
1011 1015 1052 1037 est

266 1057 311 1090 qui
329 1061 380 1084 est.
397 1057 473 1090 Quod
495 1065 558 1085 vero
584 1061 682 1092 praeter
699 1056 808 1083 Patrem
835 1055 917 1083 Filius
940 1056 973 1083 ad
995 1055 1051 1082 Sola

268 1104 438 1130 rationabilia
454 1104 594 1138 pervenit,
609 1108 651 1130 est
669 1103 741 1130 enim
761 1102 897 1130 secundus
919 1110 933 1128 a
949 1101 1049 1129 Patre:

265 1149 354 1176 adhuc
370 1155 461 1177 autem
487 1151 575 1178 minor
596 1150 713 1185 Spiritus
733 1155 843 1177 sanctus
859 1149 892 1175 ad
906 1148 977 1176 solos
990 1156 1051 1174 san-

264 1198 325 1223 ctos
338 1195 477 1230 pertingit.
492 1195 531 1222 lta
548 1203 580 1222 ex
597 1196 647 1222 hoc
662 1195 747 1229 major
757 1199 798 1222 est
815 1199 935 1229 potestas
949 1193 1049 1226 Patris,

264 1248 346 1274 quam
357 1240 418 1267 Filii
430 1246 457 1268 et
474 1241 592 1275 Spiritus
606 1241 703 1268 sancti.
718 1241 839 1276 Amplior
852 1241 917 1268 item
931 1245 1050 1275 potestas

263 1287 326 1314 Filii
353 1294 410 1322 prze
437 1286 538 1321 Spiritu
562 1292 678 1319 sancto;
701 1295 733 1313 ac
761 1294 855 1314 rursus
877 1286 1051 1322 prmstautior

264 1334 350 1361 sancti
374 1333 494 1371 Spiritus
516 1334 621 1367 virtus,
647 1340 728 1367 quam
753 1333 867 1360 aliorum
891 1337 1048 1359 sanctorum

262 1379 377 1408 entium.
393 1389 402 1404 ι
423 1379 502 1411 Hazc,
521 1379 646 1414 quamvis
669 1379 823 1412 duriuscula
846 1379 933 1414 prima
960 1378 1049 1405 fronte

263 1425 417 1456 videantur,
430 1424 451 1450 si
463 1418 525 1458 quis
540 1430 629 1452 tamen
645 1424 678 1451 ad
695 1429 812 1451 mentem
826 1424 915 1459 potius
926 1423 1050 1457 Origeuis

263 1478 345 1505 quam
361 1470 393 1497 ad
405 1470 485 1497 verba
502 1470 657 1503 attenderit,
671 1477 766 1498 sanum
782 1470 914 1505 recipient
928 1477 1048 1500 sensum,

262 1520 289 1542 et
316 1515 349 1542 ab
374 1515 488 1550 ipsemet
511 1515 608 1543 Huetio
636 1521 801 1543 excusantur
829 1515 1048 1550 Origent'anorum

263 1562 309 1588 lib.
335 1568 365 1589 tt.
381 1568 440 1594 cap.
458 1561 492 1593 2,
510 1566 604 1596 quzcst.
622 1561 653 1594 2,
673 1569 748 1588 num.
762 1561 796 1588 27
812 1566 839 1588 et
861 1561 905 1588 28.
922 1561 960 1588 lbi
976 1561 1047 1587 enim

262 1606 353 1642 agitur
373 1591 532 1634 dos-ratione
551 1591 696 1641 principii,
711 1606 795 1634 fontis
813 1612 840 1634 et
855 1607 979 1641 originis.
996 1606 1048 1634 Sed
1063 1591 1082 1619 Ο

262 1660 292 1679 ea
306 1651 431 1687 Rulinus,
441 1653 505 1686 quia
517 1660 564 1680 sua
577 1658 657 1680 aztate
674 1653 761 1680 minus
772 1652 925 1687 placebant,
938 1653 1049 1687 quibus-

261 1698 322 1724 dam
348 1692 466 1731 additis,
490 1699 651 1733 quibusdam
675 1699 805 1730 resectis,
831 1699 866 1726 ita
893 1703 921 1726 et
944 1699 970 1725 in
998 1700 1049 1726 hac

260 1744 390 1780 Apologia
401 1766 408 1777 .
421 1746 487 1774 etin
504 1746 574 1773 libro
589 1753 597 1772 l
611 1745 680 1779 Περὶ
693 1744 794 1780 ἀρχῶν
807 1745 936 1773 emollivit
952 1753 958 1771 :
971 1755 980 1771 ι
998 1746 1049 1773 Ar-

263 1789 350 1816 bitror
362 1791 444 1825 igitur
459 1791 644 1826 operationem
658 1791 766 1825 quidem
783 1798 842 1818 esse
854 1790 944 1818 Patris
959 1796 984 1818 et
1001 1791 1047 1818 Fi—

261 1836 289 1864 lii
306 1842 359 1863 tam
375 1837 401 1864 in
418 1837 520 1864 sanctis
531 1844 611 1872 quam
624 1837 650 1864 in
665 1837 873 1872 peccatoribus;
887 1837 913 1864 in
929 1838 1047 1865 rationa-

264 1882 363 1910 bilibus
376 1883 531 1910 hominibus
543 1904 551 1916 ,
568 1887 595 1910 et
611 1882 637 1909 in
656 1883 738 1910 mutis
754 1883 936 1915 animalibus;
951 1884 997 1911 sed
1020 1888 1047 1910 et

260 1928 287 1955 in
311 1928 352 1955 his
371 1936 433 1963 quae
458 1928 582 1955 exanima
599 1932 682 1961 sunt,
695 1932 723 1955 et
744 1927 771 1955 in
794 1928 921 1956 omnibus
935 1929 1046 1956 omnino

259 1983 319 2009 quae
332 1980 413 2002 sunt:
426 1975 611 2008 operationem
627 1981 692 2001 vero
708 1973 826 2009 Spiritus
842 1975 929 2001 sancti
944 1983 1047 2009 nequa-

258 2028 339 2056 quam
355 2028 466 2053 prorsus
484 2019 602 2047 incidere
617 2019 658 2047 vel
676 2019 701 2046 in
715 2027 746 2047 ea
762 2028 822 2055 quae
832 2020 957 2048 exanima
971 2026 1044 2054 sunt,

258 2066 301 2094 vel
315 2067 340 2093 in
362 2074 394 2094 ea
410 2074 470 2102 quae
487 2066 635 2093 animantia
655 2066 766 2101 quidem
781 2086 788 2099 ,
803 2067 850 2094 sed
874 2072 947 2098 muta
963 2073 1043 2095 sunt:

257 2113 305 2140 sed
318 2120 350 2140 ne
368 2113 393 2140 in
410 2113 462 2141 illis
475 2113 583 2148 quidem
604 2112 719 2140 inveniri
735 2114 780 2147 qui
795 2113 970 2142 rationabiles
981 2114 1043 2149 qui-

258 2160 318 2186 dem
344 2163 423 2190 sunt,
449 2158 495 2186 sed
518 2159 545 2185 in
564 2158 665 2185 malitia
688 2159 789 2194 positi,
810 2166 862 2187 nec
882 2159 993 2186 omnino
1010 2160 1043 2187 ad

257 2201 370 2229 meliora
387 2202 523 2229 conversi.
543 2201 571 2229 In
589 2202 641 2229 illis
660 2208 748 2230 autem
765 2203 829 2231 solis
851 2204 970 2231 arbitror
983 2212 1043 2232 esse

256 2254 323 2282 opus
337 2247 454 2282 Spiritus
469 2249 568 2279 sancti,
584 2251 629 2283 qui
641 2248 697 2283 jam
712 2256 741 2276 se
754 2250 787 2276 ad
802 2250 913 2277 meliora
928 2258 1043 2277 conver-

259 2297 327 2324 tunt,
344 2298 371 2320 et
386 2301 435 2328 per
449 2293 505 2321 vias
520 2293 582 2321 Jesu
598 2293 701 2322 Christi
714 2295 854 2327 incedunt,
874 2296 899 2323 id
919 2300 978 2329 est,
995 2297 1040 2332 qui

257 2343 319 2367 sunt
331 2339 357 2366 in
374 2340 450 2366 novis
466 2340 570 2367 actibus
586 2340 741 2372 incedentes
754 2361 761 2373 ,
774 2346 801 2368 et
824 2342 850 2368 in
867 2341 922 2369 Deo
934 2349 1042 2377 perma-

257 2389 363 2411 nentes.
382 2394 391 2410 ι
407 2383 458 2411 Vix
472 2384 581 2412 dubium
597 2390 639 2413 est
653 2386 717 2420 quin
735 2387 767 2413 ad
791 2387 861 2413 hunc
872 2391 1041 2420 contexttnn,

255 2434 283 2457 et
307 2430 340 2457 ad
364 2438 464 2465 paucos
483 2433 614 2465 quosdam
637 2430 754 2459 fortasse
771 2432 874 2460 similes
895 2433 1042 2461 attenderit

254 2475 436 2511 llieronymus
449 2497 457 2509 ,
475 2484 536 2504 cum
554 2477 592 2504 ait
617 2477 742 2504 Rufinum
758 2478 901 2515 plerasque
918 2479 1041 2514 blasphe—

255 2519 335 2550 mias,
354 2527 415 2554 quae
439 2521 470 2548 de
497 2521 567 2549 Filio
591 2527 618 2549 et
639 2522 739 2556 Spiritu
761 2529 855 2550 sancto
881 2524 906 2551 in
932 2519 1040 2552 Eusebii

256 2569 329 2591 textu
346 2566 549 2600 comparebant,
563 2567 722 2599 detraxisse,
740 2571 767 2595 et
785 2569 810 2595 in
824 2569 921 2596 bonam
936 2575 1039 2604 partem

254 2615 447 2638 commutasse.
464 2611 587 2639 Forsitan
606 2612 680 2640 dicas
697 2613 754 2640 fieri
777 2622 855 2648 posse
870 2620 897 2641 ut
911 2614 1038 2650 Pamphi-

255 2656 297 2682 lus
310 2660 337 2682 et
353 2655 497 2689 Eussbius,
515 2659 634 2685 nondum
658 2659 853 2693 quaestionibus
879 2660 913 2688 de
928 2660 996 2688 Filio
1014 2666 1040 2688 et

255 2702 358 2736 Spiritu
372 2708 466 2730 sancto
484 2709 624 2738 tantopere
639 2712 687 2732 sua
703 2710 782 2733 aetate
796 2706 905 2741 agitatis
917 2727 924 2739 ,
939 2707 1039 2734 clario-

254 2755 299 2775 rcs
308 2749 547 2783 expressioresque
561 2749 686 2784 Origenis
701 2751 734 2778 de
745 2751 880 2779 Trinitate
897 2757 1038 2781 contextus

223 2830 225 2833 ⁴
254 2800 307 2820 non
323 2795 502 2828 extraxerint,
521 2803 635 2829 quorum
654 2797 714 2824 loco
726 2798 794 2825 alios
807 2800 964 2833 expressius
976 2808 1038 2828 con-

254 2839 509 2868 substantialitatem
524 2842 669 2875 probantes
680 2842 793 2871 Ruﬁnus
808 2844 877 2872 forte
889 2845 1038 2874 substitue-

255 2883 299 2919 rit.
312 2883 400 2921 Atque
415 2885 441 2913 id
459 2886 568 2926 quidem
592 2887 712 2916 indicare
732 2889 838 2919 videtur
855 2889 1038 2927 Hieronymus

1104 965 1213 993 infamia
1231 965 1403 992 vindicaret?
1414 964 1482 992 Ecce
1501 972 1549 992 vos
1560 964 1710 992 emendatis
1724 965 1750 992 in
1764 964 1887 1001 Origenis

1102 1009 1179 1037 libris
1194 1009 1265 1044 quod
1289 1009 1333 1035 ille
1358 1016 1411 1035 non
1427 1009 1556 1043 scripsit;
1578 1013 1605 1036 et
1620 1009 1755 1036 miramini
1778 1010 1800 1036 si
1825 1012 1887 1038 edat

1102 1054 1198 1089 aliquis
1214 1055 1324 1086 librum,
1340 1062 1419 1089 quem
1445 1055 1489 1082 ille
1507 1063 1560 1082 non
1584 1055 1686 1082 edidit?
1700 1055 1753 1082 Vos
1772 1056 1799 1083 in
1814 1057 1887 1084 edito

1102 1109 1183 1134 opere
1201 1103 1311 1136 potestis
1330 1102 1473 1136 redargui:
1492 1102 1536 1128 ille
1552 1102 1597 1134 qui
1615 1102 1682 1128 nihil
1706 1102 1777 1129 aliud
1792 1103 1885 1135 edidit,

1103 1147 1207 1174 facilius
1222 1152 1292 1180 patet
1318 1147 1470 1173 calumniae.
1494 1146 1561 1173 Date
1575 1147 1713 1180 quodlibet
1729 1147 1799 1175 aliud
1819 1156 1886 1183 opus

1102 1193 1245 1227 Pamphili.
1261 1193 1396 1227 Nusquam
1412 1193 1563 1227 reperietis.
1580 1192 1635 1220 lloc
1651 1202 1733 1220 unum
1744 1199 1794 1221 est.
1810 1194 1886 1221 Unde
1923 1218 1926 1220 .

1102 1239 1183 1272 igitur
1200 1239 1294 1270 sciam,
1307 1240 1378 1272 quod
1395 1239 1524 1273 Pamphili
1539 1239 1596 1266 sit?
1618 1238 1747 1267 Videlicet
1762 1240 1847 1275 stylus
1859 1245 1885 1266 et

1101 1285 1184 1311 saliva
1200 1285 1298 1311 docere
1324 1292 1365 1311 me
1386 1285 1505 1318 poterit?
1521 1285 1662 1319 Nunquatn
1686 1285 1795 1313 credam
1814 1288 1883 1320 quod

1101 1331 1195 1357 doctus
1209 1331 1250 1357 \‘ir
1270 1331 1370 1365 primos
1389 1331 1487 1364 ingenii
1510 1331 1550 1357 sui
1575 1331 1679 1358 fructus
1693 1332 1885 1365 qumstionibus

1101 1382 1127 1402 et
1140 1376 1255 1403 infamiae
1270 1376 1420 1403 dedicarit.
1439 1396 1445 1402 .
1464 1397 1469 1403 .
1487 1376 1572 1404 Unum
1594 1385 1663 1404 nunc
1679 1378 1825 1412 proferam,
1840 1379 1884 1406 cui

1102 1423 1289 1449 contradicere
1302 1423 1343 1449 vel
1369 1423 1442 1449 stulti
1461 1423 1495 1449 sit
1509 1442 1516 1455 ,
1530 1423 1571 1450 vel
1590 1423 1764 1458 impudentis.
1782 1423 1834 1451 Sex
1849 1424 1883 1451 li-

1101 1468 1210 1495 brorum
1228 1469 1334 1495 Eusebii
1355 1477 1435 1502 super
1457 1468 1578 1503 Origenis
1604 1469 1760 1504 Defensione
1783 1470 1882 1505 princi-

1100 1515 1172 1548 pium
1192 1522 1275 1549 usque
1303 1515 1336 1541 ad
1364 1515 1435 1542 mille
1448 1522 1542 1542 versus
1566 1515 1633 1543 liber
1659 1516 1719 1548 iste,
1738 1517 1782 1551 qui
1802 1516 1882 1543 Parn-

1101 1560 1163 1593 phili
1190 1560 1307 1593 dicitur,
1337 1561 1475 1592 continet,
1500 1566 1527 1587 et
1551 1561 1577 1588 in
1605 1562 1713 1596 reliquis
1734 1562 1881 1598 (versibus)

1101 1606 1218 1640 seriptor
1231 1607 1350 1640 ejusdem
1369 1608 1458 1641 operis
1480 1608 1581 1642 profert
1597 1609 1766 1641 testimonia,
1784 1610 1882 1643 quibus

1101 1652 1196 1678 nititur
1210 1654 1359 1686 approbare
1376 1653 1522 1687 Origenem
1538 1653 1623 1681 fuisse
1639 1654 1813 1681 catholicum.
1832 1656 1883 1682 Eu—

1100 1698 1190 1725 scbius
1206 1705 1234 1725 et
1255 1698 1411 1733 Pamphilus
1430 1705 1531 1726 tantam
1551 1700 1622 1727 inter
1638 1708 1668 1728 se
1682 1701 1802 1728 habuere
1816 1709 1881 1728 cou-

1100 1743 1232 1775 cordiam,
1252 1750 1280 1770 ut
1295 1744 1372 1772 unius
1387 1745 1482 1771 anima:
1496 1746 1620 1772 homines
1634 1750 1722 1781 putes,
1739 1751 1765 1774 et
1783 1747 1816 1774 ab
1829 1755 1883 1774 uno

1100 1789 1167 1815 alter
1192 1797 1288 1816 nomen
1314 1791 1460 1825 acceperit.
1482 1790 1621 1823 Quomodo
1651 1792 1734 1826 igitur
1758 1793 1829 1819 inter
1854 1800 1883 1820 se

1099 1836 1244 1863 dissentire
1261 1841 1414 1870 potuerunt,
1433 1842 1460 1863 ut
1478 1837 1609 1864 Eusebius
1627 1838 1652 1865 in
1667 1843 1722 1865 toto
1735 1846 1817 1873 opere
1834 1847 1883 1868 δυο

1098 1881 1241 1915 Origencm
1264 1882 1356 1908 Ariani
1381 1883 1475 1916 probet
1501 1883 1654 1917 dogmatis,
1677 1889 1703 1911 et
1724 1883 1882 1918 Pamphilus

1098 1927 1213 1953 Nicena:
1228 1928 1319 1961 synodi
1335 1948 1342 1959 ,
1361 1936 1419 1961 quae
1434 1928 1485 1954 fuit
1505 1934 1597 1963 postea
1612 1949 1619 1961 ,
1638 1929 1829 1957 defensorem?
1842 1930 1880 1957 Ex

1097 1981 1151 2007 quo
1166 1974 1317 2000 ostenditur
1333 1974 1374 2000 vel
1397 1974 1500 2008 Didymi
1515 1994 1521 2005 ,
1541 1975 1581 2000 vel
1609 1975 1753 2008 cujuslibet
1769 1975 1881 2003 alterius

1097 2026 1157 2045 esse
1171 2021 1342 2053 opusculum,
1352 2021 1395 2053 qui
1408 2027 1453 2046 sex
1467 2020 1595 2047 librorum
1607 2020 1695 2054 capite
1708 2021 1879 2055 detruncato,

1096 2073 1192 2093 cmtera
1210 2066 1330 2093 membra
1349 2067 1468 2093 sociarit.
1487 2076 1496 2092 ›
1518 2066 1615 2093 Verum
1631 2066 1683 2094 sibi
1708 2075 1759 2093 non
1775 2073 1881 2094 constat

1095 2112 1282 2147 Hieronymus.
1297 2111 1362 2138 Nam
1381 2112 1545 2138 contrarium
1558 2113 1669 2139 omnino
1684 2113 1779 2140 statuit
1797 2113 1844 2140 lib.
1858 2121 1878 2140 Il

1095 2158 1219 2184 adversus
1243 2158 1377 2191 Ruﬁnum,
1405 2158 1449 2184 ubi
1479 2162 1594 2184 testatur
1622 2158 1737 2193 primum
1762 2159 1879 2190 Eusebii

1095 2206 1193 2232 librum
1219 2206 1313 2232 eadem
1333 2210 1358 2232 ct
1374 2205 1467 2231 iisdem
1489 2204 1579 2232 verbis
1599 2205 1739 2232 continere
1754 2213 1813 2239 quae
1829 2206 1879 2232 sub

1096 2251 1205 2279 nomine
1226 2251 1357 2285 Pamphili
1377 2259 1391 2276 a
1409 2250 1506 2277 Ruiino
1523 2252 1594 2278 edita
1612 2256 1690 2283 sunt,
1706 2256 1733 2278 et
1753 2251 1878 2278 Ruﬁnum

1094 2306 1190 2325 sensus
1213 2299 1343 2325 duntaxat
1362 2299 1396 2326 de
1417 2299 1485 2325 Filio
1509 2304 1534 2326 ct
1555 2298 1659 2333 Spiritu
1675 2298 1879 2325 sanctoimmu-

1094 2351 1167 2371 tasse
1195 2352 1242 2371 seu
1266 2345 1450 2379 pervertisse,
1467 2345 1512 2379 qui
1538 2349 1659 2378 apertam
1683 2343 1878 2379 blasphemiam

1092 2388 1282 2422 praeferebant.
1299 2399 1306 2414 t
1328 2389 1526 2423 Pcrspicueque
1546 2399 1555 2415 )
1580 2389 1762 2423 deprehendi,
1780 2389 1877 2423 inquit,

1095 2443 1104 2458 ‹
1120 2435 1191 2468 quod
1222 2435 1324 2469 primus
1344 2435 1411 2461 liber
1430 2443 1475 2462 sex
1498 2435 1664 2462 voluminum
1689 2434 1796 2461 Eusebii
1822 2435 1878 2469 ipse

1092 2484 1174 2511 esset,
1185 2481 1229 2514 qui
1244 2488 1313 2508 unus
1325 2482 1373 2508 sub
1387 2482 1494 2508 nomine
1515 2480 1646 2515 Pamphili
1663 2489 1677 2507 a
1694 2486 1719 2508 te
1733 2481 1821 2508 editus
1838 2485 1879 2508 est

1094 2530 1146 2552 tam
1163 2525 1258 2552 Graece
1274 2534 1355 2561 quam
1377 2525 1482 2559 Latine,
1501 2527 1652 2553 itmnulatis
1668 2527 1800 2553 duntaxat
1817 2534 1878 2553 sen-

1092 2572 1168 2600 sibus
1184 2572 1217 2599 dc
1236 2572 1302 2599 Filio
1319 2577 1346 2599 et
1366 2569 1468 2606 Spiritu
1486 2578 1590 2604 sancto,
1613 2573 1659 2607 qui
1680 2577 1799 2607 apertam
1822 2573 1878 2599 bla-

1090 2618 1239 2652 sphemiam
1255 2618 1435 2652 przsferebant
1445 2637 1453 2645 .
1464 2639 1470 2646 .
1484 2639 1491 2645 .
1506 2618 1539 2645 Et
1551 2627 1610 2645 cum
1626 2619 1729 2653 primus
1743 2618 1811 2645 liber
1828 2626 1877 2645 sex

1090 2665 1257 2692 voluminum
1279 2664 1349 2691 illius
1363 2664 1494 2699 (Eusebii)
1517 2665 1612 2691 eadem
1631 2669 1657 2691 et
1678 2665 1774 2691 iisdem
1788 2665 1877 2692 verbis

1090 2710 1227 2736 contineat
1240 2717 1300 2743 qua:
1313 2709 1362 2736 sub
1386 2710 1497 2736 nomine
1515 2709 1647 2744 Pamphili
1665 2718 1679 2736 a
1697 2715 1722 2736 te
1736 2711 1798 2736 licla
1815 2714 1877 2736 sunt

1092 2776 1098 2782 .
1116 2774 1123 2781 .
1141 2774 1147 2781 .
1162 2763 1277 2790 cumque
1294 2756 1326 2782 de
1350 2757 1401 2783 hoc
1417 2756 1475 2790 ipso
1491 2755 1577 2787 libro,
1595 2762 1675 2790 quem
1691 2755 1824 2790 Pamphili
1838 2756 1877 2782 si-

1090 2800 1189 2831 mulas,
1202 2801 1285 2827 multa
1303 2801 1479 2834 perveneris,
1497 2806 1523 2827 et
1538 2800 1617 2827 aliter
1633 2801 1659 2827 in
1675 2800 1781 2832 Grtcco,
1796 2800 1876 2827 aliter

1088 2846 1115 2872 iu
1131 2846 1228 2873 Latino
1243 2847 1297 2878 sit,
1319 2856 1327 2871 ι
1345 2851 1397 2873 etc.
1421 2847 1524 2873 Sensus
1541 2847 1674 2874 duntaxat
1695 2847 1733 2873 ait
1748 2846 1876 2873 Rufinum

1090 2891 1262 2926 pervertisse,
1279 2892 1406 2921 nimirum
1425 2892 1536 2920 verbula
1550 2893 1688 2929 quaedam,
1705 2900 1765 2928 quae
1781 2892 1876 2920 llicro—
