4174 6384
414 315 520 372 535

1363 311 1708 368 APOLOGIA
1747 313 1880 368 PRO
1919 313 2239 368 ORIGENE.
2287 343 2350 350 ——
2387 311 2724 366 MONITUM.

3563 313 3666 368 52H

417 451 612 505 nyuuts
649 433 700 485 ia
743 429 938 484 malam
987 439 1194 498 partem
1229 431 1502 496 trahebat,
1533 431 1856 501 quibusdam
1889 433 1983 484 ad-

2096 431 2276 494 uolim,
2317 429 2458 499 quod
2508 437 2632 484 ante
2663 439 2714 482 et
2754 437 2872 496 post
2907 426 3194 479 concilium
3247 425 3518 480 Nil-mnum
3576 447 3666 482 ca.-

416 525 579 588 ditis,
619 521 940 591 quibusdam
981 521 1203 574 resectis
1226 561 1240 584 ,
1271 521 1338 574 ad
1379 522 1572 576 bonam
1607 525 1982 586 convertisse;

417 631 525 668 non
557 614 799 681 integros
831 618 1118 666 contextus
1153 611 1494 666 subtraxisse
1525 621 1578 666 et
1619 613 1754 667 alios
1783 613 1982 666 substi-

419 709 606 763 tuisse.
639 707 704 760 Et
731 707 868 760 hanc
901 717 1024 760 esse
1046 704 1362 776 Hieronymi
1396 717 1628 764 mentem
1661 707 1984 778 intelligitur

416 815 487 854 ex
521 799 614 852 lib.
645 813 701 852 ιιι
737 798 986 850 adversus
1025 795 1294 864 Ruﬁnum,
1331 798 1420 854 ubi
1452 800 1528 852 ait
1555 800 1636 854 vel
1675 801 1982 870 Didynmm,

417 889 504 946 vel
541 887 812 950 Rufinum,
849 886 932 941 vel
961 887 1126 941 alium
1161 889 1342 942 neScio
1366 903 1524 958 quem
1561 892 1612 944 in
1639 889 1833 944 bonam
1865 906 1988 960 par-

423 989 528 1032 tem
555 987 662 1030 tam
690 975 876 1032 Grzece
904 989 1066 1044 quam
1095 973 1286 1028 Latine
1320 976 1603 1046 plerasque
1625 977 1988 1046 blasphemias

420 1078 816 1131 commutasse,
852 1081 973 1136 qum
1023 1067 1077 1120 in
1125 1067 1344 1122 Eusebii
1381 1075 1530 1122 textu
1579 1073 1982 1139 comparebant.

420 1160 571 1226 Quod
620 1173 722 1212 non
768 1159 912 1212 aliud
958 1157 1232 1226 signiﬁcat
1289 1173 1450 1228 quam
1501 1176 1622 1229 quae
1673 1161 1987 1232 biaSphema

421 1253 748 1323 Hieronymo
770 1252 1116 1314 videbantur,
1143 1250 1258 1306 solo
1285 1252 1572 1308 verborum
1597 1268 1758 1307 sensu
1793 1256 1989 1309 innuu-

419 1353 552 1409 tato,
596 1344 660 1396 ad
707 1343 1038 1398 catholicum
1072 1357 1289 1396 sensum
1317 1344 1631 1400 adduxisse.
1678 1347 1810 1400 Rem
1842 1349 1985 1402 enim

417 1436 649 1505 aliquant
701 1436 752 1490 in
795 1435 989 1490 bonam
1035 1447 1242 1505 partem
1279 1447 1650 1502 commutare,
1695 1451 1778 1494 est
1815 1441 1985 1510 ipsam

416 1529 768 1597 eamdemque
807 1542 938 1590 rem,
968 1541 1088 1597 quae
1129 1527 1268 1581 mala
1301 1529 1382 1583 vel
1411 1539 1549 1596 erat,
1586 1531 1666 1584 vel
1691 1547 1809 1586 esse
1841 1533 1988 1588 vide-

417 1621 600 1684 batur,
625 1621 690 1674 ad
715 1621 914 1676 bonum
948 1631 1290 1676 convertere.
1319 1619 1422 1675 Res
1453 1621 1640 1676 eadem
1665 1636 1944 1692 permanet
1970 1643 1984 1692 ;

417 1721 588 1766 status
613 1714 690 1767 rei
723 1728 828 1767 non
861 1711 1026 1766 idem.

2097 523 2293 578 tholice
2328 523 2529 576 dictum
2564 532 2684 586 est;
2723 521 2865 590 quod
2904 519 3234 588 Theophilus
3269 521 3662 586 Autiocheuus,

2095 616 2236 682 quod
2272 613 2544 680 Justinus,
2591 613 2734 682 quod
2769 613 3024 674 lrenmus,
3064 613 3205 680 quod
3253 611 3558 668 Orientales
3607 615 3663 668 in

2094 709 2344 778 exemplo
2395 709 2514 762 ﬁdei
2569 715 2753 760 contra
2787 705 3104 770 Photinum,
3138 705 3390 776 quodque
3423 705 3666 761 Hilarius

2093 814 2148 857 et
2170 799 2498 856 Athanasius
2529 799 2744 853 Arianae
2777 799 3000 853 haeresis
3035 797 3288 852 acerrimi
3319 797 3666 869 impugnatu-

2095 909 2204 956 res,
2239 908 2304 948 co
2329 907 2491 946 sensu
2523 905 2629 960 quo
2657 890 2944 959 Origenes,
2971 889 3242 966 dixerunt,
3269 897 3327 942 ut
3357 887 3494 942 infra
3518 889 3667 944 vide-

2097 986 2271 1040 bimus
2301 984 2352 1036 iu
2387 983 2699 1052 Origenian.
2732 981 2828 1035 lib.
2863 997 2924 1048 ιι,
2951 996 3070 1050 cap.
3121 979 3178 1043 ‘2,
3209 989 3400 1048 quaest.
3426 980 3480 1042 2,
3515 995 3664 1034 num.

2095 1079 2184 1132 Η.
2209 1076 2360 1144 Quod
2392 1085 2570 1128 autem
2594 1075 2670 1126 ait
2699 1073 3083 1144 Hieronymus,
3110 1071 3372 1142 Spiritum
3419 1083 3665 1128 sanctum

2097 1169 2238 1222 ineo
2277 1166 2554 1220 volumine
2587 1181 2692 1220 nou
2733 1165 2799 1218 de
2837 1165 3029 1218 eadem
3059 1161 3241 1217 Patris
3281 1163 3510 1233 Filiique
3541 1166 3668 1220 sub-

2095 1259 2288 1318 stantia
2315 1259 2442 1320 dici,
2471 1259 2522 1311 id
2553 1271 2814 1325 nusquam
2853 1255 3014 1309 hodie
3045 1255 3331 1322 reperitur,
3363 1268 3462 1309 nec
3490 1264 3667 1309 tamen

2097 1348 2219 1404 inde
2265 1349 2696 1404 concludendum
2755 1362 2900 1408 reor,
2954 1347 3410 1416 quemadmodum
3447 1347 3670 1415 coniicit

2099 1439 2321 1494 lluetius
2352 1439 2451 1510 (5),
2483 1455 2546 1494 ea
2585 1439 2754 1494 fuisse
2789 1455 2816 1491 a
2865 1437 3059 1491 Ruﬁno
3089 1453 3263 1506 erasa,
3300 1454 3408 1507 quo
3453 1455 3667 1494 omnem

2095 1531 2341 1600 quacrela:
2366 1546 2552 1585 ansam
2585 1531 2924 1602 praeciderat.
2963 1527 3208 1598 Nunquid
3241 1529 3386 1583 enim
3419 1529 3667 1594 Ruﬁnus,

2093 1623 2186 1693 qui
2243 1624 2295 1678 in
2335 1623 2425 1678 illo
2474 1623 2590 1692 ipso
2637 1623 2778 1678 libro
2823 1621 3072 1691 religiose
3121 1621 3426 1689 profitetur,
3462 1635 3484 1672 σ
3525 1622 3670 1688 quod

2095 1725 2280 1772 sancta
2335 1715 2575 1770 Trinitas
2621 1725 2894 1770 coaeterna
2963 1713 3056 1778 sit,
3107 1723 3162 1767 et
3223 1713 3386 1766 unius
3437 1721 3668 1774 naturae,

489 1803 599 1858 Vll.
633 1803 737 1858 Sed
769 1804 998 1858 necdum
1025 1802 1108 1857 his
1137 1813 1427 1858 contentus
1456 1819 1574 1874 qua:
1601 1821 1762 1875 supra
1789 1807 1988 1876 objecit
2023 1801 2062 1854 Β
2091 1808 2358 1876 uniusque
2395 1807 2614 1860 virtutis
2636 1815 2688 1861 et
2721 1805 3071 1870 substantiae,
3122 1822 3141 1855 ι
3191 1812 3352 1870 atque
3383 1801 3540 1857 aliter
3575 1803 3672 1856 do-

419 1895 780 1967 llieronymus
831 1897 896 1949 ad
949 1895 1252 1966 Apologiam
1310 1897 1454 1951 hanc
1507 1909 1696 1954 sancto
1761 1905 1988 1971 martyri

417 1985 699 2054 Pamphilo
717 1987 1146 2056 abjudicandam,
1169 1989 1365 2042 iterum
1399 1989 1568 2044 instat
1591 1991 1684 2044 lib.
1711 2005 1748 2044 ιι
1781 1993 1988 2047 advers.

419 2077 670 2149 Ruﬁnum
719 2083 804 2137 his
842 2082 1062 2136 verbis:
1104 2097 1122 2132 ι
1160 2081 1419 2148 Quamvis
1463 2084 1530 2138 de
1577 2083 1796 2139 Eusebii
1849 2085 1991 2142 libro

425 2173 589 2226 multa
625 2173 977 2234 subtraxerit,
1012 2181 1067 2226 et
1101 2173 1156 2226 in
1189 2173 1387 2227 bonam
1415 2183 1623 2240 partem
1661 2174 1727 2228 de
1759 2173 1900 2230 Filio
1939 2185 1994 2229 et

423 2265 490 2317 de
521 2263 722 2332 Spiritu
748 2273 938 2319 sancto
961 2265 1110 2320 nisus
1140 2264 1212 2320 sit
1241 2275 1600 2330 commutare,
1619 2275 1798 2321 tamen
1825 2267 1990 2322 multa

421 2355 475 2408 iu
513 2357 604 2408 illo
633 2357 886 2410 scandala
919 2356 1264 2425 reperiuntur
1286 2365 1342 2414 et
1372 2359 1726 2428 apertissima:
1743 2359 1994 2428 blasphe-

427 2449 566 2512 mia:,
605 2461 723 2516 quae
774 2447 876 2502 iste
926 2462 1024 2502 sua
1075 2465 1274 2520 negare
1325 2467 1433 2505 non
1469 2453 1692 2521 poterit,
1724 2452 1990 2506 catholica

423 2555 546 2592 esse
591 2539 971 2608 pronuntians.
1025 2539 1166 2594 Dicit
1199 2541 1481 2608 Eusebius,
1520 2541 1650 2606 imo,
1697 2552 1754 2596 ut
1799 2550 1854 2596 tu
1885 2542 1991 2604 vis,

425 2631 736 2699 Pamphilus
795 2631 846 2684 in
899 2632 1004 2688 isto
1045 2633 1316 2688 volumine
1365 2633 1562 2689 Filium
1607 2633 1786 2689 Patris
1829 2637 1992 2690 mini-

423 2731 630 2790 strum;
663 2722 926 2792 Spiritum
966 2735 1213 2780 sanctum
1240 2741 1343 2780 non
1371 2727 1436 2781 de
1471 2728 1662 2781 eadem
1693 2725 1869 2782 Patris
1899 2725 1990 2782 Fi—

425 2813 588 2884 liique
624 2815 960 2884 substantia;
995 2820 1206 2874 animas
1236 2819 1514 2874 hominum
1561 2819 1740 2886 lapsas
1779 2833 1900 2874 esse
1927 2821 1992 2874 de

423 2908 582 2972 coelo,
606 2919 660 2963 et
686 2911 740 2963 in
771 2911 871 2964 hoc
903 2913 1046 2980 quod
1087 2927 1276 2967 sumus
1321 2911 1388 2966 de
1418 2911 1624 2980 angelis
1651 2912 1990 2978 commutati,

419 3001 476 3056 in
501 3001 840 3058 restitutione
861 3003 1102 3056 oumium
1125 3003 1360 3072 aequales
1379 3013 1434 3059 et
1455 3003 1697 3073 angelos,
1726 3015 1781 3060 et
1797 3005 1994 3058 daemo—

425 3103 540 3160 nes,
572 3103 628 3148 et
657 3095 908 3150 homines
939 3095 1075 3161 fore,
1106 3107 1160 3150 et
1193 3097 1297 3178 alia
1323 3105 1430 3150 tam
1481 3097 1646 3164 impia
1679 3105 1732 3152 et
1765 3095 1990 3160 nefaria,

2093 1904 2233 1958 centi
2267 1902 2554 1956 anathema
2577 1898 2880 1961 denuntiat,
2915 1897 3049 1950 adeo
3072 1894 3319 1965 stupidus
3339 1907 3462 1949 esse
3495 1893 3672 1963 potuit

2095 2007 2152 2052 ut
2193 2007 2304 2050 tam
2347 1995 2577 2066 spissam
2629 1990 3020 2061 blasphemiam
3069 1987 3122 2040 in
3157 2003 3252 2042 sua
3303 1985 3668 2041 translatione

2094 2099 2341 2159 poneret,
2391 2097 2446 2142 et
2497 2087 2702 2156 absque
2731 2083 2998 2138 monitore
3039 2079 3369 2151 Hieronymo
3402 2095 3506 2136 non
3555 2079 3672 2136 ani—

2095 2179 2500 2236 madverteret?
2540 2179 2764 2242 Deinde,
2803 2176 2850 2231 si
2888 2191 3008 2230 eam
3041 2190 3071 2230 e
3105 2173 3381 2229 codicibus
3414 2173 3528 2228 suis
3569 2187 3670 2228 ex-

2094 2268 2302 2336 punxit,
2322 2267 2464 2321 unde
2489 2266 2652 2336 igitur
2674 2265 2856 2320 evenit
2870 2273 2928 2318 ut
2944 2263 3146 2317 nullum
3165 2263 3280 2334 ejus
3298 2265 3479 2333 operis
3495 2277 3672 2318 exem-

2095 2358 2386 2427 plarhodie
2409 2367 2606 2421 exstet,
2630 2357 2682 2410 in
2706 2371 2815 2426 quo
2847 2353 3182 2424 blasphemia
3215 2354 3303 2408 illa
3337 2354 3674 2422 reperiatur?

2093 2449 2228 2503 Nam
2247 2450 2405 2520 longe
2431 2449 2646 2518 lateque
2671 2447 2916 2516 dispersa
2945 2445 3162 2501 fuerant
3197 2447 3498 2501 Ruﬁnianze
3537 2461 3668 2500 ver-

2093 2542 2262 2598 siouis
2303 2540 2652 2606 exemplaria,
2685 2549 2974 2610 antequam
3005 2539 3133 2593 illud
3175 2537 3440 2607 obiiceret
3471 2539 3662 2594 Hiero-

2097 2647 2312 2704 nymus.
2331 2631 2470 2686 Num
2487 2631 2786 2686 verisimile
2817 2639 2901 2684 est
2922 2629 3172 2685 Ruﬁnum
3209 2631 3446 2701 potuisse
3471 2645 3661 2686 omnes

2095 2725 2218 2778 illos
2247 2724 2456 2794 priores
2478 2725 2698 2778 codices
2729 2724 2843 2779 sive
2870 2725 3232 2794 supprimere,
3269 2723 3386 2778 sive
3417 2727 3672 2778 emenda-

2093 2819 2196 2872 re?
2227 2837 2244 2868 ι
2283 2817 2420 2884 Quid
2458 2817 2622 2886 igitur
2646 2816 2974 2872 dicendum?
3003 2815 3104 2870 Det
3130 2817 3260 2870 mihi
3291 2815 3460 2871 lector
3483 2831 3670 2886 aequus

2093 2909 2434 2978 coujectandi
2462 2914 2699 2974 veniam,
2727 2909 2903 2979 inquit
2941 2897 3132 2964 Bullus
3163 2908 3492 2975 Defensiouis
3545 2907 3670 2976 fidei

2099 3000 2332 3055 Nicama:
2381 3005 2444 3055 de
2495 2999 2625 3055 Filii
2670 2999 2752 3067 τῷ
2781 3001 3083 3072 όμοουσίῳ
3125 3017 3248 3072 cap.
3285 3003 3340 3066 9,
3389 3017 3535 3055 num.
3575 3001 3667 3058 21.

2098 3095 2412 3163 Pamphilus
2444 3109 2612 3163 prope
2655 3095 2818 3149 linem
2864 3095 3132 3165 Apologia:
3171 3111 3198 3148 a
3239 3095 3432 3150 Ruﬁno
3475 3111 3668 3160 versae,

421 3201 541 3256 quae
570 3189 734 3241 etiam
775 3189 1040 3259 replicare
1069 3189 1140 3244 sit
1171 3173 1438 3243 criminis.
1481 3207 1500 3240 ι
1537 3189 1734 3244 Verum
1757 3189 1848 3244 hic
1870 3205 1992 3243 san-
2021 3173 2062 3230 Ο
2098 3183 2349 3254 Origcnis
2396 3201 2638 3240 errorem
2672 3186 2739 3240 de
2777 3185 3080 3240 animarum
3110 3185 3449 3258 προῦπάρξει
3495 3185 3672 3241 defen-

421 3287 540 3333 ctus
585 3278 775 3333 doctor
821 3280 922 3334 sibi
975 3281 1076 3351 ipsi
1131 3292 1318 3349 aperte
1379 3281 1716 3334 adversatur.
1757 3281 1992 3336 Tantum

422 3371 566 3424 enim
597 3372 751 3426 abest
789 3382 847 3425 ut
874 3371 1108 3442 aliquem
1134 3374 1198 3427 de
1243 3371 1510 3426 Trinitate
1552 3387 1796 3427 errorem
1829 3372 1884 3426 in
1929 3388 1992 3428 ea

423 3461 606 3524 Ruﬁni
659 3463 1113 3533 interpretatiOue
1155 3465 1438 3533 repererit,
1497 3475 1554 3518 ut
1593 3463 1930 3532 Pamphilum
1963 3479 1994 3519 e

423 3555 696 3611 contrario
722 3563 938 3610 asserat
967 3555 1199 3610 Nicaeum
1235 3557 1450 3626 synodi,
1478 3573 1599 3626 qua:
1637 3556 1730 3609 fuit
1783 3567 1992 3626 postea,

425 3661 522 3716 per
551 3660 668 3700 eam
700 3646 913 3701 ostendi
940 3647 1302 3710 defensorem,
1345 3654 1401 3700 et
1445 3647 1569 3700 inde
1613 3647 1899 3701 concludat
1924 3647 1994 3700 ab

423 3738 608 3808 aliquo
633 3739 686 3794 in
705 3735 975 3792 Trinitate
999 3737 1273 3792 catholico
1300 3753 1437 3808 Opus
1465 3737 1595 3790 illud
1615 3737 1783 3793 fuisse
1809 3752 1989 3792 emen-

422 3831 628 3886 datum.
649 3829 740 3884 Sic
770 3827 913 3882 enim
951 3827 1026 3881 ait
1051 3827 1152 3882 sub
1177 3825 1336 3880 linem
1364 3825 1606 3894 epistola:
1651 3823 1721 3879 65
1744 3825 1808 3878 ad
1837 3823 1995 3877 Pam-

421 3923 694 3977 machimn
749 3931 806 3976 et
855 3919 1128 3976 Oceanum
1171 3938 1184 3974 :
1225 3936 1244 3970 ι
1289 3917 1396 3973 Sex
1451 3919 1722 3980 librorum
1773 3917 1991 3972 Eusebii

419 4029 583 4084 super
621 4013 862 4083 Origenis
913 4011 1232 4083 Defensione
1299 4011 1624 4086 principium
1693 4023 1868 4078 usque
1926 4007 1990 4062 ad

425 4105 572 4161 mille
608 4105 776 4159 ferme
807 4119 995 4160 versus
1023 4103 1165 4158 liber
1187 4106 1319 4168 iste,
1352 4101 1442 4172 qui
1479 4101 1748 4170 Pamphili
1774 4101 1992 4164 dicitur,

423 4197 746 4258 continct,et
759 4195 814 4248 in
831 4194 1056 4264 reliquis
1075 4193 1311 4263 scriptor
1325 4193 1572 4262 ejusdem
1585 4194 1768 4262 operis
1791 4192 1997 4262 profert

423 4286 736 4342 testimonia
765 4286 962 4355 quibus
985 4285 1175 4339 nititur
1204 4285 1503 4354 approbare
1526 4281 1812 4355 Origenem
1833 4281 1996 4338 fuisse

429 4379 782 4434 catholicum.
817 4378 1085 4436 Eusebius
1123 4385 1180 4432 et
1212 4375 1522 4447 Pamphilus
1543 4383 1750 4430 tantam
1776 4375 1917 4429 inter
1938 4389 1998 4429 se

422 4471 664 4527 habuere
693 4471 1066 4536 concordiam,
1085 4479 1144 4524 ut
1161 4469 1320 4524 unius
1333 4469 1524 4524 animae
1550 4467 1796 4524 homines
1813 4476 1992 4537 putes,

421 4571 478 4619 et
495 4561 562 4618 ab
577 4578 685 4618 uno
699 4563 838 4617 alter
851 4577 1044 4618 nomen
1063 4562 1357 4630 acceperit.
1371 4560 1654 4627 Quomodo
1669 4559 1838 4631 igitur
1853 4561 1995 4616 inter

424 4671 484 4712 se
513 4655 806 4710 dissentire
837 4665 1148 4724 potuerunt,
1209 4661 1266 4707 ut
1298 4653 1566 4708 Eusebius
1597 4653 1651 4708 in
1689 4663 1802 4708 toto
1828 4667 1994 4723 Opere

421 4763 520 4802 suo
554 4747 842 4817 Origenem
867 4747 1055 4801 Ariani
1093 4749 1284 4816 probet
1312 4747 1600 4816 dogmatis,
1633 4756 1688 4799 et
1733 4745 1990 4816 Pamphi-

421 4839 507 4894 lus
529 4839 761 4896 Nictente
791 4839 1006 4910 synodi,
1059 4855 1182 4908 quae
1232 4839 1328 4892 fuit
1360 4849 1568 4908 postea,
1601 4837 1940 4894 defensorem
1967 4839 1992 4892 ?

427 4930 504 4984 Ex
539 4947 648 5000 quo
681 4931 985 4986 ostenditur
1031 4931 1114 4986 vel
1163 4931 1391 5000 Didymi,
1425 4931 1506 4984 vel
1533 4930 1820 4998 cujuslibet
1859 4933 1994 4986 alte-

425 5017 540 5076 rius
580 5037 705 5076 esse
755 5021 1094 5090 opusculum,
1125 5023 1248 5096 .qui,
1275 5037 1372 5075 sex
1403 5019 1665 5074 librorum
1692 5019 1870 5089 capite
1896 5019 1992 5074 de-

424 5121 698 5177 truncato,
749 5123 946 5168 caetera
977 5114 1220 5168 membra
1272 5112 1515 5168 sociat-it.
1551 5130 1570 5162 ι
1601 5109 1810 5165 Nullam
1864 5127 1992 5182 ergo

425 5205 674 5260 bcercsim
707 5206 762 5260 in
796 5220 859 5259 ea
893 5203 1072 5258 Ruﬁni
1095 5203 1558 5274 interpretatione,
1591 5204 1795 5258 nullum
1836 5219 1994 5259 scan-

427 5296 628 5364 dalum,
655 5297 926 5352 nullamve
949 5297 1346 5364 blasphemiam
1372 5306 1501 5352 tunc
1531 5299 1836 5367 reperiebat
1867 5297 1993 5353 Ilie-

421 5401 704 5457 ronymus.
733 5389 964 5444 Exstant
991 5405 1208 5459 quidem
1233 5403 1340 5444 auo
1371 5390 1676 5446 testimonia
1711 5391 1800 5446 ubi
1827 5389 1995 5447 Filius

424 5477 604 5538 Patris
629 5480 879 5536 minister
906 5481 1107 5538 dicitur
1141 5497 1155 5534 :
1187 5483 1280 5537 sed
1325 5483 1454 5536 illud
1485 5482 1860 5554 blasphemqu
1885 5484 1994 5540 dici

493 5595 540 5628 ⁸⁸
579 5595 779 5666 Ephes.
805 5607 883 5664 tv,
917 5595 1006 5651 50.

491 5751 572 5828 (ὕ)
601 5755 910 5826 ΟΥἱθεηίαη.
943 5755 1036 5812 lib.
1073 5771 1134 5827 ιι,
1160 5767 1350 5828 quam.
1383 5757 1471 5830 14,
1503 5773 1650 5818 ιιιιιιι.
1683 5759 1766 5816 t6.

2097 3278 2252 3341 deus,
2287 3277 2370 3331 vel
2397 3289 2544 3332 certe
2573 3292 2860 3341 excusans,
2890 3289 3190 3348 contraque
3238 3293 3334 3334 eos
3384 3279 3673 3349 disputans

2098 3365 2190 3434 qui
2224 3365 2528 3420 animarum
2561 3367 2962 3420 traductionem
3009 3368 3395 3430 defenderent,
3430 3367 3539 3422 duo
3571 3368 3669 3422 ho-

2103 3473 2222 3512 rum
2264 3471 2470 3527 genera
2515 3455 2773 3510 describit
2810 3471 2823 3508 :
2857 3455 3088 3512 alterum
3137 3473 3326 3512 eorum
3359 3457 3490 3528 qui,
3547 3473 3669 3512 cum

2096 3549 2306 3602 animas
2329 3547 2607 3602 hominum
2635 3561 2703 3600 ex
2737 3549 2961 3603 traduce
2987 3561 3109 3603 esse
3127 3531 3407 3614 docerent,
3441 3549 3670 3619 primam

2099 3649 2278 3694 tamen
2314 3641 2550 3693 animam
2573 3651 2640 3692 ex
2671 3639 2765 3694 Dei
2788 3653 2908 3694 esse
2935 3639 3240 3694 substantia
3270 3637 3626 3696 defenderent
3653 3657 3666 3704 ;

2098 3745 2288 3785 eorum
2321 3731 2698 3803 alterum,;qui
2753 3747 2822 3786 ex
2885 3731 3056 3786 nihilo
3093 3732 3288 3786 factam
3317 3747 3436 3788 esse
3489 3747 3520 3787 a
3560 3733 3672 3786 Deo

2097 3823 2333 3876 animam
2357 3821 2502 3876 illam
2540 3825 2772 3892 primam
2809 3833 3141 3880 assererent.
3161 3825 3436 3880 Adversus
3459 3827 3670 3895 priores

2099 3913 2176 3966 ita
2207 3913 2431 3968 disserit
2457 3911 2771 3982 Pamphilus
2802 3932 2814 3966 :
2857 3931 2876 3965 ι
2905 3912 3027 3970 Jam
3057 3929 3186 3970 vero
3210 3915 3285 3969 illi
3315 3917 3406 3986 qui
3454 3931 3522 3971 ex
3555 3925 3670 3972 tra-

2097 4005 2232 4059 duce
2255 4005 2464 4058 animas
2497 4006 2687 4058 venire
2718 4004 3008 4069 afﬁrmant,
3045 4017 3100 4060 et
3127 4001 3286 4060 simul
3320 4023 3441 4062 cum
3469 4023 3670 4079 corpo-

2099 4099 2194 4152 rali
2222 4113 2316 4153 eas
2334 4099 2540 4154 semine
2565 4101 2822 4152 seminari
2846 4117 2860 4164 ;
2892 4101 3178 4168 siquidem,
3207 4112 3265 4156 ut
3286 4103 3502 4172 quidam
3527 4103 3671 4174 ipso-

2097 4203 2213 4243 rum
2234 4185 2504 4244 allirmare
2540 4189 2736 4254 solent,
2757 4209 2861 4244 non
2891 4191 3036 4245 aliud
3063 4193 3503 4248 tlicuntauimam
3523 4209 3671 4258 esse,

2096 4297 2258 4351 quam
2293 4281 2712 4336 insulilationem
2768 4283 3004 4351 Spiritus
3054 4273 3381 4350 Dei,'illam
3437 4285 3668 4352 scilicet,

2095 4389 2257 4446 quam
2281 4373 2333 4427 in
2361 4373 2512 4427 initio
2537 4373 2758 4428 factura:
2783 4375 2964 4430 ltllllltll
2987 4373 3126 4430 Deus
3157 4373 3673 4434 insuﬂlassedicitur

2099 4467 2154 4520 in
2173 4466 2368 4531 Adam,
2407 4467 2474 4521 de
2501 4468 2614 4536 ipsa
2658 4465 2752 4522 Dei
2780 4483 2898 4522 esse
2922 4481 3044 4522 eam
3075 4469 3376 4524 substantia
3413 4471 3672 4540 proﬁten-

2099 4567 2216 4624 tes;
2251 4560 2522 4628 quomodo
2555 4575 2662 4614 non
2684 4571 2739 4614 et
2767 4562 2852 4616 isti
2897 4563 3226 4617 videbuntur
3269 4562 3685 4632 quodammodo.

2097 4652 2213 4706 haec
2247 4663 2445 4720 praeter
2482 4653 2780 4721 Scriptura:
2836 4655 3076 4724 regulam
3113 4667 3168 4712 et
3201 4659 3466 4714 rationem
3498 4659 3670 4730 pie-a-

2097 4744 2168 4797 tis
2219 4758 2484 4809 asserere,
2527 4746 2672 4813 quod
2731 4747 3036 4801 substantia
3089 4747 3186 4804 Dei
3223 4749 3345 4804 est?
3382 4768 3402 4802 ι
3441 4747 3539 4806 Vix
3565 4749 3672 4804 du-

2097 4835 2210 4889 bito
2246 4837 2373 4904 quin
2405 4851 2470 4889 ex
2499 4837 2582 4890 bis
2621 4839 2800 4892 verbis
2831 4839 2989 4892 istam
3027 4837 3308 4912 Pamphilo
3341 4841 3672 4898 calumniam

2095 4928 2356 4981 struxerit
2380 4927 2761 4998 Hieronymus.
2805 4929 3014 5000 Quippe
3045 4947 3168 4986 cum
3203 4943 3444 4988 veterum
3485 4933 3669 4990 multis

2096 5019 2268 5074 sensit
2319 5019 2705 5091 Hieronymus,
2757 5021 3094 5091 spiraculum
3131 5025 3290 5086 vitae.
3325 5025 3471 5094 quod
3523 5025 3665 5082 Deus

2095 5111 2272 5178 primo
2299 5111 2503 5166 homini
2553 5111 2860 5168 insulllasse
2883 5113 3098 5180 dicitur,
3129 5113 3294 5170 fuisse
3337 5115 3511 5186 ipsum
3543 5115 3666 5188 Spi-

2101 5205 2264 5259 ritum
2305 5211 2550 5258 sanctum
2578 5207 2754 5260 eidem
2812 5205 3022 5261 homini
3061 5225 3166 5262 una
3195 5223 3317 5264 cum
3343 5211 3522 5264 anima
3552 5211 3671 5276 ejus

2101 5295 2358 5352 infusum.
2373 5298 2462 5353 Sic
2480 5300 2530 5352 in
2549 5297 2946 5354 Commentariis
2959 5301 3010 5356 in
3026 5315 3144 5371 cap.
3165 5317 3212 5356 tv
3225 5302 3394 5373 Epist.
3410 5305 3475 5358 ad
3493 5303 3672 5374 Ephe-

2103 5389 2234 5456 sios,
2253 5391 2318 5445 ad
2335 5389 2494 5446 verba
2512 5389 2632 5445 illa:
2655 5412 2672 5441 ι
2689 5391 2875 5453 ﬂolite
2904 5395 3226 5450 contristare
3245 5395 3506 5464 Spiritum
3538 5413 3671 5454 san-

2104 5493 2250 5540 ctum
2293 5485 2352 5541 in
2393 5499 2500 5556 quo
2529 5485 2728 5557 signati
2757 5487 2888 5544 estis
2919 5487 2974 5545 in
3009 5487 3096 5544 die
3130 5487 3517 5562 redemptionis
3540 5489 3610 5562 ",
3645 5507 3670 5546 ι
