4174 6390
491 287 597 343 535

1690 287 1746 340 S.
1788 285 2115 340 PAMPHILI
2152 282 2505 338 MARTYRIS

3615 284 3720 344 536

491 405 610 459 hac
647 404 909 460 adnotat:
949 422 966 454 ι
1007 403 1215 473 Signati
1275 406 1418 466 enim
1473 420 1659 460 sumus
1708 405 1913 472 Spiritu
1971 404 2064 459 Dei
2094 409 2140 464 Α
2169 405 2384 458 assidue
2439 412 2768 468 versaverat,
2810 404 2861 456 in
2901 419 2999 459 suo
3043 401 3248 457 Histor.
3291 403 3474 458 coctos.
3525 401 3718 472 lih.vr,

491 507 701 560 sancto,
751 504 810 550 ut
861 505 916 550 et
954 496 1179 565 spiritus
1207 505 1393 550 uoster
1417 504 1473 552 et
1517 496 1698 549 anima
1748 495 2059 566 imprimau-

493 596 582 641 tur
640 585 918 658 signaculo
981 584 1110 652 Dei,
1159 597 1215 641 et
1284 587 1426 642 illam
1487 587 1810 657 recipiamus
1863 585 2054 656 imagi-

490 691 614 732 nem
646 686 701 732 et
730 677 1162 742 similitudinem,
1200 679 1266 732 ad
1312 692 1474 747 quam
1515 677 1566 731 in
1599 676 1824 732 exordio
1851 675 2056 733 conditi

491 783 694 823 sumus.
725 767 834 822 Hoc
862 768 1199 837 signaculum
1232 768 1404 826 sancti
1447 767 1705 839 Spiritus,
1748 767 1900 838 juxta
1946 769 2051 824 elo-

489 863 672 930 quium
701 859 1032 925 Servatoris,
1055 859 1168 916 Deo
1208 861 1571 931 imprimente,
1604 861 1869 930 signatur.
1906 879 1924 912 ι
1958 859 2056 916 Ubi

491 955 779 1024 imaginem
809 962 866 1008 et
917 953 1325 1008 similitudinem
1373 954 1518 1008 illam
1559 953 1674 1020 Dei,
1713 953 1780 1010 ad
1804 969 1965 1023 quam
2002 952 2056 1008 in

490 1045 601 1112 ipsa
635 1059 731 1099 sua
768 1045 1044 1099 creatione
1084 1043 1398 1100 eﬁ'ormatus
1434 1045 1538 1099 fuit
1571 1045 1752 1109 homo,
1792 1045 2057 1114 interpre-

489 1144 635 1188 tatur
656 1136 994 1204 signaculum
1022 1134 1258 1204 Spiritus
1277 1137 1447 1191 sancti
1482 1152 1497 1189 :
1525 1136 1666 1205 quod
1694 1137 1812 1189 ideo
1833 1135 2056 1191 omnino

487 1223 679 1280 fecisse
704 1224 1072 1295 videtur,quia
1094 1225 1419 1294 spiraculum
1442 1226 1587 1288 vita},
1603 1226 1743 1295 quod
1762 1226 1903 1280 Deus
1932 1240 2054 1281 cum

487 1315 720 1385 primum
752 1315 1027 1370 hominem
1060 1314 1339 1376 formaret,
1372 1314 1472 1385 ipsi
1504 1313 1807 1369 insuﬁlasse
1840 1313 2053 1378 dicitur,

489 1405 748 1474 Spiritum
780 1407 949 1461 fuisse
983 1416 1236 1461 sanctum
1271 1406 1522 1461 credidit.
1559 1404 1671 1460 Hoc
1698 1405 1896 1460 clarius
1919 1402 2056 1457 dixit

488 1497 856 1553 Tertullianus
902 1498 1000 1554 lib.
1035 1498 1114 1552 De
1145 1498 1426 1567 baptismo,
1454 1513 1574 1567 cap.
1601 1497 1654 1561 5,
1683 1496 1772 1551 ubi
1809 1497 1874 1553 de
1901 1509 2057 1565 rege-

487 1591 769 1644 neratione
793 1589 1053 1655 hominis,
1083 1603 1205 1660 quae
1232 1604 1329 1659 per
1358 1589 1684 1659 baptismum
1721 1587 1806 1655 ﬁt,
1855 1587 1933 1643 sic
1977 1587 2055 1642 lo-

2160 511 2279 565 cap.
2308 495 2398 560 53,
2428 503 2614 562 aperte
2641 494 2824 550 testari
2845 508 2875 547 a
2907 509 2967 549 se
2993 503 3092 549 eta
3117 501 3460 548 sacrosancto
3485 505 3720 566 martyre

2158 585 2437 654 Pamphilo
2491 584 2889 655 Apologeticum
2941 599 3038 654 pro
3091 583 3345 654 Origenis
3410 583 3720 641 defensione

2157 677 2430 732 communi
2459 677 2638 734 studio
2663 687 2828 747 atque
2883 691 3047 746 opera
3102 677 3327 745 junctim
3355 675 3518 731 fuisse
3536 677 3720 731 elabo-

2159 778 2357 833 ratum,
2390 768 2632 837 adeoque
2667 768 2971 839 Apologiam
2996 766 3138 821 hanc
3175 767 3276 821 sub
3304 767 3520 821 nomine
3565 765 3721 820 Pam-

2156 861 2288 931 phili
2327 876 2354 913 a
2383 858 2580 914 Ruﬁno
2611 858 2832 924 editam,
2863 873 3023 928 quam
3053 872 3174 914 esse
3223 857 3420 912 fatetur
3462 857 3722 929 Hierony-

2157 968 2276 1007 mus
2308 953 2598 1022 ipsummet
2624 949 2837 1006 Eusebii
2864 951 3094 1021 primum
3125 951 3396 1017 volumen,
3427 966 3547 1006 esse
3576 950 3721 1005 Pam-

2155 1043 2287 1112 phili
2321 1042 2560 1097 simulet
2624 1041 2858 1096 Eusebii.
2911 1041 3136 1102 Videtur
3183 1057 3310 1111 ergo
3365 1040 3720 1112 Hieronymus

2159 1131 2282 1187 ideo
2315 1131 2558 1186 eamdem
2589 1131 2686 1186 soli
2719 1130 2951 1186 Eusebio
2973 1131 3308 1201 ascripsisse,
3335 1131 3456 1200 quia
3477 1130 3719 1196 Ruﬁnus,

2156 1222 2244 1276 cui
2279 1232 2404 1277 tunc
2441 1223 2696 1291 temporis
2735 1238 2845 1292 quo
2895 1224 3009 1278 haec
3065 1223 3338 1277 scribebat
3391 1238 3494 1278 non
3549 1223 3722 1278 minus

2156 1331 2318 1386 quam
2360 1314 2580 1384 Origeni
2617 1323 2737 1370 erat
2767 1314 3046 1383 infensus,
3089 1314 3185 1369 soli
3230 1313 3510 1385 Pamphilo
3557 1315 3722 1369 ascri-

2157 1417 2377 1476 pserat;
2404 1417 2458 1461 et
2484 1407 2606 1462 ideo
2653 1405 2885 1462 Eusebio
2915 1404 3011 1459 soli
3049 1405 3243 1460 iterum
3303 1406 3634 1475 ascripsisse,
3661 1414 3722 1460 ut

2154 1513 2276 1554 eam
2300 1499 2501 1552 Ariana
2521 1506 2671 1568 peste
2699 1510 2822 1551 esse
2849 1493 3102 1551 infectam
3129 1494 3339 1550 facilius
3359 1496 3719 1564 persuaderet,

2158 1593 2449 1662 Rufinique
2474 1592 2596 1648 ﬁdei
2620 1600 2676 1648 et
2709 1590 3018 1647 auctoritati
3052 1588 3252 1644 certius
3281 1589 3581 1658 derogarst.
3617 1586 3720 1642 Sed

486 1681 673 1750 quitur
701 1697 754 1734 τι
785 1681 860 1736 lta
887 1681 1190 1736 restituitur
1216 1681 1380 1736 homo
1409 1680 1516 1734 Deo
1548 1680 1614 1733 ad
1648 1679 2052 1734 similitudinem
2086 1745 2125 1753 _
2159 1684 2292 1739 nihil
2335 1685 2549 1753 proiicit
2595 1692 2819 1740 sanctus
2880 1683 3068 1738 doctor
3112 1690 3300 1737 contra
3348 1679 3719 1734 auctoritatem

487 1745 627 1842 ejus,
658 1773 748 1843 qui
786 1781 931 1828 retro
970 1772 1036 1828 ad
1086 1772 1374 1843 imaginem
1409 1772 1502 1826 Dei
1548 1773 1801 1827 conditus
1855 1770 2055 1836 fuerat,
2086 1745 2130 1801 Β
2161 1745 2349 1846 ipsius
2378 1773 2618 1839 Eusebii,
2675 1774 2952 1842 Socratis,
2991 1773 3296 1845 anonymia
3336 1770 3404 1826 R.
3471 1769 3531 1837 Ρ.
3573 1769 3720 1839 Lupo

485 1875 599 1920 etc.
651 1864 872 1933 Recepit
911 1864 1056 1920 enim
1093 1864 1245 1921 illum
1278 1863 1373 1930 Dei
1415 1863 1698 1932 Spiritum,
1731 1877 1892 1933 quem
1933 1873 2059 1918 tunc

485 1955 556 2012 de
599 1955 779 2010 aﬁlatu
829 1956 946 2024 ejus
1006 1965 1341 2026 susceperat,
1375 1955 1470 2011 sed
1514 1964 1636 2026 post
1668 1954 1928 2010 amiserat
1962 1967 2059 2024 per

487 2047 772 2106 dellctum.
805 2066 823 2099 ι
857 2048 995 2106 Hinc
1040 2047 1202 2118 igitur
1241 2049 1442 2104 factum
1487 2047 1736 2114 videtur,
1777 2056 1837 2102 ut
1879 2061 1947 2104 ex
1991 2062 2057 2103 eo

488 2138 633 2208 quod
670 2137 1084 2193 insulﬁationem
1115 2137 1352 2208 Spiritus
1380 2138 1474 2194 Dei
1511 2137 1824 2209 Pamphilus
1873 2139 2057 2210 (intel-

486 2229 659 2300 ligens
683 2229 938 2284 nimirum
970 2243 1063 2298 per
1081 2228 1520 2295 insuﬂlationem,
1545 2228 1696 2300 juxta
1723 2244 1843 2284 cum
1866 2230 2056 2285 adver-

483 2315 648 2370 sariis
676 2332 812 2387 quos
836 2315 1054 2381 refellit,
1084 2316 1217 2370 nihil
1242 2317 1388 2371 aliud
1422 2332 1584 2388 quam
1625 2318 1793 2388 ipsam
1820 2318 2056 2374 hominis

484 2406 743 2479 animam)
772 2417 994 2478 negaret
1020 2409 1086 2461 de
1120 2407 1424 2463 substantia
1456 2421 1576 2464 esse
1606 2409 1721 2476 Dei,
1757 2408 1933 2478 ipsum
1957 2417 2054 2463 'ca-

481 2498 778 2554 lumniatus
810 2499 972 2555 fuerit
1001 2498 1390 2569 Hieronymus,
1419 2500 1577 2572 quasi
1610 2501 1886 2557 docuisset
1925 2501 2052 2572 Spi-

481 2590 646 2645 ritum
700 2588 818 2657 Dei,
863 2589 1074 2644 tertiam
1123 2583 1455 2645 Divinitatis'
1476 2604 1788 2661 personam,
1820 2592 1886 2647 de
1921 2592 2051 2648 sub-

480 2683 680 2739 stantia
736 2683 828 2739 Dei
886 2699 988 2738 non
1040 2696 1178 2740 esse.
1222 2701 1242 2736 ›
1284 2680 1484 2742 Nullibi
1529 2684 1694 2740 etiam
1736 2694 2055 2755 comparent

481 2792 601 2847 quae
627 2789 811 2847 postea
837 2777 1189 2846 reprehendit
1222 2777 1602 2850 Hieronymus,
1632 2777 1841 2833 scilicet
1877 2795 1897 2830 ‹
1935 2779 2054 2834 ani-

484 2883 603 2924 mas
645 2869 922 2923 hominum
954 2868 1137 2938 lapsas
1162 2885 1285 2926 esse
1310 2871 1374 2924 de
1405 2870 1568 2934 ctelo,
1607 2878 1660 2924 et
1693 2869 1748 2924 in
1779 2871 1880 2925 hoc
1904 2871 2050 2940 quod

482 2973 670 3012 sumus
684 2958 750 3013 de
775 2958 980 3028 angelis
995 2960 1335 3023 commutati,
1362 2961 1416 3015 in
1442 2959 1783 3015 restitutione
1806 2963 2049 3016 omnium

479 3048 716 3118 aequales
738 3048 854 3103 fore
877 3058 931 3104 et
968 3051 1208 3120 angelos,
1238 3062 1292 3106 et
1322 3051 1616 3119 daemones,
1641 3060 1696 3106 et
1729 3051 1997 3109 homines.
2025 3073 2044 3105 ι

482 3139 590 3196 Sed
614 3140 728 3195 ha3c
757 3155 880 3194 cum
921 3143 1240 3198 naturaliter
1269 3155 1562 3212 sequantur
1580 3158 1643 3196 ex
1668 3144 2050 3212 praaexsisten-

481 3231 556 3286 tia
598 3231 927 3294 animarum,
961 3247 1124 3301 quam
1160 3249 1423 3289 excursare
1473 3243 1648 3289 tentat
1695 3233 2046 3306 Pamphilus,

482 3321 606 3377 inde
641 3337 726 3402 ea,
759 3324 916 3392 quasi
943 3325 986 3379 si
1015 3325 1157 3380 dicta
1185 3325 1808 3398 fuissent,exprobrasse
1839 3328 2051 3384 videtur

485 3409 868 3480 Hieronymus.

552 3502 688 3557 Vlll.
719 3503 797 3559 Ex
831 3505 916 3559 his
951 3503 1253 3575 intelligere
1291 3506 1420 3561 licet
1478 3521 1723 3576 quamam
1753 3506 1820 3561 sit
1869 3506 2051 3562 lliero—

479 3607 646 3663 nymo
677 3593 809 3648 fides
833 3593 1159 3660 adhibenda,
1186 3611 1308 3651 cum
1355 3598 1408 3650 in
1457 3596 1596 3652 hanc
1645 3597 1890 3667 Origenis
1949 3597 2051 3652 De-

481 3683 772 3750 fensionem
808 3694 914 3739 tam
964 3685 1166 3740 acriter
1198 3687 1488 3742 invehitur.
1525 3687 1725 3742 Nullibi
1776 3690 1876 3744 sibi
1916 3707 2048 3745 con-

475 3785 590 3830 stat
611 3785 834 3831 sanctus
859 3777 1048 3832 doctor
1084 3794 1098 3830 :
1135 3778 1334 3852 ubique
1359 3778 1461 3834 sibi
1512 3781 1849 3836 adversatur.
1898 3782 2050 3838 Hanc

481 3867 716 3938 primum
765 3867 978 3923 dixerat
1003 3869 1172 3926 solius
1204 3885 1324 3926 esse
1350 3869 1637 3942 Pamphili,
1667 3883 1850 3943 postea
1883 3877 2048 3934 solius

476 3960 725 4015 Eusebii.
754 3959 908 4016 Modo
939 3973 1058 4016 eam
1083 3961 1312 4018 Eusebio
1342 3963 1552 4030 tribuit,
1587 3965 1749 4021 modo
1774 3967 1857 4022 vel
1879 3967 2046 4042 Didy-

475 4067 588 4116 mo,
627 4050 711 4107 vel
742 4051 955 4117 Ruﬁno,
989 4053 1074 4106 vel
1108 4052 1264 4107 alteri
1296 4053 1540 4121 cuilibet,
1576 4057 1693 4126 qui,
1733 4055 1858 4112 libri
1887 4059 2044 4127 primi

471 4143 692 4204 Eusebii
724 4144 902 4214 capite
925 4146 1268 4210 detruncato,
1301 4154 1497 4200 caetera
1529 4149 1770 4202 membra
1801 4151 2042 4205 sociarit.

470 4233 632 4290 Modo
670 4234 812 4290 hanc
837 4248 958 4291 esse
992 4237 1067 4290 ait
1093 4236 1384 4306 ipsummet
1413 4235 1632 4292 Eusebii
1659 4238 1894 4307 primum
1949 4256 2036 4296 vo-

469 4324 671 4394 lumen,
704 4327 864 4382 modo
897 4338 1107 4383 sextum
1141 4346 1155 4394 ;
1183 4328 1342 4385 modo
1371 4329 1561 4384 eadem
1587 4339 1642 4386 et
1672 4331 1861 4386 iisdem
1920 4349 2042 4388 ver-

2159 1868 2311 1934 editi,
2340 1866 2542 1933 Photii,
2576 1875 2631 1922 et
2661 1876 2976 1923 caaterorum
3000 1906 3014 1931 ,
3046 1865 3136 1936 qui
3165 1868 3303 1920 hanc
3333 1861 3614 1934 Pamphilo
3642 1861 3718 1916 si-

2161 1959 2270 2014 mul
2302 1959 2640 2029 Eusebioque
2671 1958 3014 2028 adjudicant;
3043 1967 3098 2013 et
3131 1957 3264 2013 satis
3293 1955 3446 2011 nobis
3475 1964 3557 2010 est
3585 1968 3719 2024 pra:-

2157 2049 2374 2118 cipnum
2405 2047 2588 2119 operis
2614 2057 2890 2102 auctorem
2937 2045 3276 2117 Pamphilum
3310 2046 3378 2100 ab
3404 2044 3632 2100 Eusebio
3663 2052 3720 2104 et

2157 2137 2350 2192 letio
2385 2138 2706 2208 agnosci,ut
2731 2137 2906 2194 nullas
2933 2138 2986 2194 in
3038 2151 3104 2194 eo
3146 2136 3508 2207 blasphemiae
3548 2135 3716 2193 exsti-

2159 2229 2287 2282 tisse
2313 2228 2637 2298 judicemus.

2228 2318 2315 2382 IX.
2351 2319 2534 2374 Restat
2553 2319 2664 2390 jam
2695 2329 2752 2376 ut
2788 2320 2990 2391 aliquid
3016 2321 3083 2376 de
3133 2319 3343 2376 caeteris
3369 2319 3602 2390 quinque
3625 2319 3717 2372 de-

2156 2412 2384 2482 perditis
2420 2413 2571 2468 libris
2624 2413 2889 2468 dicamus.
2940 2411 3194 2468 Socrates
3239 2413 3292 2467 in
3351 2427 3415 2470 eo
3466 2420 3717 2478 contextu

2155 2520 2312 2578 quem
2339 2521 2499 2574 supra
2532 2505 2811 2560 attulimus
2838 2519 2903 2560 ex
2918 2504 3033 2575 ejus
3060 2503 3264 2558 Histor.
3296 2503 3388 2559 lib.
3413 2519 3494 2570 tu,
3526 2517 3641 2570 cap.
3660 2501 3716 2568 7,

2155 2599 2543 2670 desumptum,
2594 2598 2667 2652 ait
2724 2596 3068 2667 Pamphilum
3109 2608 3163 2652 et
3215 2596 3498 2651 Eusebium
3557 2593 3716 2649 simul

2148 2690 2364 2760 junctos
2393 2692 2552 2746 vitam
2589 2689 2840 2760 Origenis
2862 2691 2913 2746 in
2943 2704 3008 2746 ea
3035 2688 3289 2760 Apologia
3313 2687 3714 2758 conscripsisse,

2153 2793 2209 2840 et
2236 2783 2309 2838 ibi
2345 2783 2651 2841 ostendisse
2677 2782 2990 2856 Origenem,
3024 2781 3114 2852 qui
3161 2780 3214 2836 in
3263 2780 3510 2836 omnibus
3560 2777 3716 2837 libris

2155 2874 2267 2929 suis
2309 2873 2586 2930 Christqu
2631 2875 2904 2929 hominem
2964 2874 3166 2930 factum
3213 2872 3387 2926 anima
3434 2870 3709 2940 praeditum

2153 2981 2274 3022 esse
2305 2967 2571 3038 agnoscit,
2593 2965 2903 3037 specialiter
2935 2966 2986 3020 in
3023 2980 3163 3021 nono
3195 2973 3336 3019 torno
3389 2962 3711 3017 Commenta-

2154 3056 2431 3109 riorumin
2463 3053 2725 3120 Genesim,
2758 3053 2846 3108 ubi
2910 3053 3176 3108 Adamum
3229 3049 3436 3120 quidem
3484 3046 3703 3113 Christi,

2153 3144 2318 3199 Evam
2360 3154 2543 3200 autem
2578 3143 2837 3199 Ecclesia:
2867 3151 3052 3214 typum
3085 3155 3272 3212 gerere
3301 3136 3535 3210 pluribus
3555 3149 3706 3190 asse-

2152 3237 2345 3300 ruerit,
2384 3253 2491 3290 non
2548 3236 2781 3305 primum
2818 3233 2871 3287 in
2923 3233 3027 3288 hoc
3084 3239 3396 3302 argumento
3439 3237 3709 3284 versatum

2151 3344 2293 3394 esse,
2319 3328 2413 3384 sed
2438 3327 2694 3384 Ecclesia:
2740 3325 3085 3380 traditionem
3121 3337 3242 3378 esse
3277 3323 3705 3389 interpretatum.

2151 3419 2305 3489 Quod
2342 3429 2464 3489 post
2485 3419 2764 3476 Socratem
2795 3413 3344 3486 repetitNicephorus
3387 3409 3528 3468 Hist.
3585 3409 3620 3466 l.
3650 3425 3711 3494 ι,

2150 3527 2270 3583 cap.
2309 3513 2398 3566 M.
2428 3511 2593 3567 Docet
2621 3511 2783 3565 etiam
2832 3507 3096 3562 Eusebius
3124 3504 3264 3559 Hist.
3302 3503 3393 3558 lib.
3423 3517 3495 3568 η,
3527 3517 3576 3557 c.
3613 3500 3706 3569 2'5,

2150 3616 2208 3657 se
2236 3603 2289 3657 in
2330 3602 2570 3659 secundo
2602 3601 2761 3669 hujus
2786 3599 3049 3668 Apologia
3098 3595 3234 3652 libro
3260 3595 3567 3664 exposuisse
3613 3593 3714 3673 qui

2152 3703 2327 3749 motus
2355 3693 2712 3750 ordinationis
2738 3689 2986 3761 Origenis
3015 3703 3178 3744 causa
3209 3687 3408 3742 fuerint
3430 3684 3710 3754 concitati,

2149 3796 2205 3841 et
2233 3802 2355 3856 qua:
2381 3801 2545 3857 super
2567 3785 2758 3841 iisdem
2793 3781 3030 3840 motibus
3064 3797 3094 3836 a
3149 3777 3467 3850 praesulibus
3521 3775 3710 3832 Eccle-

2149 3878 2353 3934 siarum
2383 3877 2676 3933 constituta
2704 3876 2850 3943 sint;
2877 3884 2952 3937 ,et
2994 3886 3327 3944 quaecunque
3372 3869 3475 3925 alia
3523 3868 3714 3945 vigeps

2151 3969 2263 4038 ipse
2281 3968 2541 4038 Origenes
2564 3983 2628 4021 ac
2653 3965 2850 4021 ﬂorens
2886 3965 2938 4020 in
2969 3963 3351 4036 praedicatione
3381 3959 3531 4014 verbi
3571 3961 3715 4014 divi-

2149 4061 2201 4113 ni
2228 4059 2540 4115 contulerit.
2572 4057 2654 4112 Τὰ
2695 4057 2794 4129 μὲν
2827 4054 2921 4111 οὖν
2976 4055 3069 4109 ἐπὶ
3129 4054 3302 4124 τούτῳ
3361 4053 3486 4123 περὶ
3543 4053 3712 4108 αὑτοῦ

2151 4151 2483 4223 κεκινημένα
2509 4169 2522 4181 ·
2555 4151 2626 4205 τά
2651 4167 2708 4204 τε
2737 4150 2829 4203 ἐπὶ
2856 4151 2968 4213 τοῖς
3004 4146 3265 4219 κινηθεῖσι
3287 4144 3576 4215 δεδογμένα
3596 4149 3712 4211 τοῖς

2143 4244 2252 4297 τῶν
2292 4242 2625 4314 Ἐκκλησιῶν
2653 4241 3018 4314 προεστῶσιν·
3051 4243 3151 4295 ὅσα
3177 4257 3235 4293 τε
3281 4237 3410 4293 ἄλλα
3445 4237 3714 4314 ἀκμάζων

2145 4335 2377 4406 napi..th
2399 4333 2539 4388 Θεῖον
2567 4334 2934 4405 εἰσενήνεκται
2958 4332 3133 4400 λόγον,
3161 4330 3293 4394 ἰδίας
3321 4328 3544 4400 δεόμενα
3578 4347 3710 4383 συν-

467 4415 553 4472 bis
580 4417 634 4472 in
678 4419 855 4486 primo
915 4417 1130 4475 Eusebii
1188 4418 1328 4474 libro
1378 4421 1672 4485 contineri,
1716 4424 1874 4480 modo
1923 4427 2039 4494 ejus

2144 4426 2366 4493 τάξεως,
2397 4427 2630 4498 μετρίως
2663 4428 2720 4480 ὲν
2744 4425 2821 4498 τῷ
2848 4425 3083 4497 δευτέρῳ
3105 4419 3173 4496 ἦς
3222 4422 3357 4492 ὑπὲρ
3405 4419 3568 4474 αὐτοῦ
3611 4440 3712 4476 πε-

467 4509 790 4580 scriptorem
819 4511 888 4565 de
915 4510 1030 4580 ipso
1079 4511 1297 4567 Eusebii
1352 4510 1490 4566 libro
1533 4515 1780 4582 quaedam
1839 4515 2036 4572 immu-

468 4608 652 4667 tasse;
691 4604 854 4657 modo
908 4617 1100 4658 sensus
1161 4604 1428 4660 duntaxat
1475 4603 1814 4671 immutasse,
1879 4608 2036 4664 modo

464 4693 582 4760 ipsa
637 4695 944 4750 testimonia
996 4695 1354 4762 subtraxisse,
1405 4705 1462 4752 et
1501 4697 1605 4753 alia
1648 4698 2030 4770 substituisse;

463 4789 625 4840 modo
655 4800 843 4855 pauca,
877 4787 1036 4842 modo
1062 4786 1230 4842 multa
1261 4806 1276 4856 ;
1307 4787 1467 4844 modo
1518 4789 1752 4860 denique
1803 4791 1855 4846 in
1917 4790 2040 4863 ipsa'

461 4876 641 4932 Ruﬁni
672 4875 859 4932 Latina
892 4879 1340 4948 interpretatione
1363 4879 1528 4934 multa
1551 4881 1846 4936 etiamnum
1877 4899 2032 4940 scan-

463 4968 608 5035 dala,
644 4980 698 5024 et
746 4970 1122 5040 apertissimas
1169 4971 1536 5041 blasphemias
1578 4974 1825 5042 reperiri,
1872 4978 2033 5034 modo

463 5059 796 5128 Pamphilum
826 5061 1060 5124 Nicaena:
1086 5063 1206 5116 ﬁdei
1244 5076 1340 5132 per
1371 5078 1490 5118 eam
1521 5066 1728 5120 ostendi
1779 5066 2028 5124 defenso-

463 5164 600 5205 rem.
629 5150 998 5224 Undequaque
1025 5169 1146 5210 sese
1169 5163 1351 5210 versat
1377 5166 1600 5210 sanctus
1621 5156 1832 5225 doctor,
1849 5161 2028 5213 omnia

463 5250 644 5296 movet
670 5257 738 5297 ne
763 5243 901 5300 liber
935 5246 1022 5301 hic
1048 5244 1318 5317 Pamphili
1346 5247 1437 5302 sit.
1473 5247 1633 5319 Atqui
1690 5259 1867 5305 tamen
1923 5267 2027 5306 non

461 5342 674 5402 poterat
702 5333 954 5404 ignorare
1005 5338 1177 5408 ipsum
1238 5338 1547 5405 Eusebium,
1622 5340 1774 5412 cujus
1827 5343 2027 5413 scripta

527 5493 610 5576 .(6)
644 5496 797 5576 Φασὶ
975 5502 1180 5564 αὐτόν,
1228 5511 1336 5576 etc.
1372 5504 1522 5576 _Cnm
1580 5505 1723 5558 dicat
1775 5504 2039 5576 Eusebius

463 5559 610 5648 ῌὶὶςιζ
641 5573 820 5648 eccles.
841 5569 954 5648 .lib.
983 5585 1056 5636 vi,
1085 5559 1210 5648 cap.
1238 5573 1330 5636 59,
1361 5572 1648 5648 Origenem
1674 5584 1728 5628 et
1779 5573 1941 5628 Decio
1986 5583 2040 5648 et

466 5637 753 5713 tormentis
765 5637 945 5713 fuisse
965 5637 1348 5713 superstitem,
1376 5637 1530 5713 cujus
1557 5643 1632 5697 rei
1669 5651 1834 5699 testes
1855 5643 2036 5713 appel-

465 5703 537 5782 χιιι
562 5705 730 5777 ipsius
760 5704 1010 5780 Origenis
1043 5703 1299 5780 epistolas
1324 5703 1461 5786 post'
1493 5714 1712 5771 Decium
1764 5703 2028 5786 scriptas;

2144 4517 2417 4590 ποιήμεθα
2472 4518 2807 4586 ἀπολογίας,
2878 4515 3280 4587 ἀνεγράψαμεν.
3339 4511 3466 4580 Qua:
3523 4514 3710 4571 omnia

2142 4611 2428 4666 conﬁrmat
2452 4609 2677 4668 Pltotius
2707 4611 2956 4666 Biblioth.
3003 4609 3188 4664 codice
3217 4622 3414 4674 cxvm,
3472 4606 3554 4661 his
3587 4621 3712 4662 ver-

2139 4701 2260 4758 bis:
2296 4702 2432 4757 Φασὶ
2467 4703 2524 4756 δὲ
2560 4704 2651 4758 τὸν
2697 4704 2975 4776 Ὠριγένην
3014 4705 3070 4756 ὲν
3112 4703 3224 4763 τοῖς
3284 4697 3420 4752 κατὰ
3470 4698 3712 4769 Σευῆρον

2139 4793 2396 4866 διωγμοῖς
2425 4796 2629 4868 γράψαι
2664 4796 2908 4870 Λεωνίδῃ
2950 4792 3138 4865 πατρῖ,
3187 4791 3540 4861 ὲπαλείφοντα
3570 4791 3708 4862 πρὸς

2138 4885 2229 4940 τὸν
2272 4887 2366 4940 τοῦ
2418 4889 2716 4960 μαρτυρίου
2746 4888 2963 4960 δρόμον,
3021 4885 3079 4939 ὃν
3107 4882 3200 4938 καὶ
3227 4881 3404 4946 καλῶς
3449 4881 3710 4952 δραμόντι

2135 4977 2244 5032 τῶν
2279 4977 2546 5051 βραδείων
2574 4982 2754 5050 τυχεῖν
2786 4978 3090 5048 ἐξεγένετοο
3124 4975 3214 5030 καὶ
3246 4973 3405 5028 αὐτὸν
3427 4973 3483 5026 δὲ
3504 4973 3709 5026 ἀποδύ-

2139 5069 2333 5124 σασθαι
2362 5069 2610 5125 σπεύδειν
2641 5071 2778 5140 πρὸς
2799 5070 2859 5124 τὸ
2904 5070 3012 5124 τῶν
3045 5066 3438 5138 ἀγωνισμάτων
3471 5067 3706 5135 στάδιον,

2138 5161 2236 5235 τὴν
2263 5161 2321 5215 δὲ
2369 5160 2580 5232 μητέρα
2644 5161 2738 5215 καὶ
2780 5161 2982 5214 ἄκοντα
3037 5157 3326 5231 δυνηθῆναι
3380 5156 3482 5226 τῆς
3528 5158 3708 5229 ὁρμῆς

2137 5255 2414 5325 ἐπισχεῖν·
2453 5254 2545 5306 καὶ⁵
2576 5252 2733 5305 τοῦτο
2761 5254 2855 5306 καὶ
2894 5252 3056 5315 αὐτὸς
3106 5252 3164 5305 ὲν
3211 5248 3466 5320 ἐπιστολῇ
3528 5250 3706 5322 οἰκείᾳ

2135 5343 2574 5415 ἐπισημαίνεται.
2615 5343 2689 5415 (6)
2717 5343 2854 5397 Φασὶ
2880 5343 2937 5398 δὲ
2991 5342 3172 5409 αὐτὸν,
3227 5343 3256 5396 ὂ
3298 5358 3356 5394 τε
3421 5340 3706 5412 Πάμφιλος

2138 5504 2220 5558 vel
2243 5503 2478 5559 nondum
2510 5503 2722 5560 viderat
2779 5503 2902 5558 illas
2955 5500 3214 5569 epistolas
3245 5498 3460 5569 quando
3489 5497 3543 5552 in
3598 5499 3702 5555 hac

2137 5575 2392 5644 Apologia
2427 5589 2688 5644 unaicum
2722 5567 3006 5644 Pamphilo
3027 5571 3296 5644 scribebat
3319 5567 3602 5644 Qrigenem
3648 5571 3700 5624 in

2135 5638 2510 5712 persecutione
2532 5643 2680 5712 Decii
2712 5638 2878 5696 vitam
2911 5642 3112 5697 celebri
3143 5639 3400 5712 martyrio
3427 5638 3698 5712 li_nivisse;

2134 5707 2218 5786 vel
2253 5713 2558 5773 inconsulto
2585 5711 2818 5790 Eusebio
2840 5712 2987 5773 solus
3015 5714 3127 5768 haec
3175 5707 3399 5782 scripsit
3444 5707 3701 5781 Pamphi-
