4174 6398
405 348 509 403 537

1350 345 1692 405 APOLOGIA
1732 346 1868 404 Ι)Ηο
1908 345 2228 404 ORIGENE.
2268 379 2336 390 —
2374 345 2712 403 MONITUM.

3544 348 3647 403 538

410 465 640 539 μάρτυς,
674 464 770 519 καὶ
798 463 980 537 ἕτεροι
1012 465 1270 530 πλεῖστοι,
1309 467 1505 532 οἵτινες
1533 469 1627 521 ἀπ’
1660 467 1840 522 αὐτῶν
1866 467 1970 521 τῶν

2076 469 2198 522 dam
2229 482 2326 522 sua
2361 474 2616 522 testatqu
2655 464 2892 535 reliquit.
2924 463 3064 531 Quin
3097 463 3407 534 Pamphilus
3421 478 3648 538 martyr,

406 553 733 627 ἑωρακότων
784 553 1066 624 Ὠριγένην
1108 553 1176 607 τὰ
1206 555 1332 624 περὶ
1369 555 1460 609 τοῦ
1513 555 1705 626 ἀνδρὸς
1733 554 1976 627 ἠκριϐῶ-

407 662 589 711 σαντο,
619 644 888 716 διαϐοήτῳ
935 645 1220 716 μαρτυρίῳ
1262 645 1356 699 τοῦ
1408 647 1525 717 βίου
1576 645 1973 719 ἐξεληλυθέναι,

408 737 495 790 ἐπ’
511 737 681 808 αὐτῆς
706 737 804 806 τῆς
826 735 1160 807 Καισαρείας
1184 738 1376 792 Δεκίου
1407 739 1502 810 τὴν
1529 739 1668 792 κατὰ
1695 738 1803 793 τῶν
1841 740 1975 810 Χρι-

411 829 640 882 στιανῶν
661 827 914 899 ὠμότητα
945 831 1214 893 πνέοντος.
1250 831 1313 883 Οἱ
1349 830 1406 884 δέ
1447 849 1610 900 φασιν
1651 831 1812 885 αὐτὸν
1872 831 1977 894 ἕως

410 918 612 972 Γάλλου
632 919 722 972 καὶ
752 919 1102 974 Βολουσιανοῦ
1133 921 1512 993 διαρκέσαντα,
1551 923 1644 977 καὶ
1689 921 1976 993 ἑξηκοστὸν

410 1010 626 1065 ἔννατον
658 1011 775 1074 ἔτος
805 1011 901 1081 τῆς
933 1011 1147 1082 ἡλικίας
1173 1013 1396 1080 ἄγοντα,
1423 1016 1480 1067 ἐν
1531 1014 1693 1086 Τύρῳ
1740 1014 1835 1067 καί
1886 1031 1976 1066 τε-

409 1102 688 1174 λευτῆσαι,
721 1105 815 1157 καὶ
856 1109 999 1176 ταφῇ
1045 1107 1434 1178 παραδοθῆναι.
1465 1108 1622 1163 Ἔστι
1669 1107 1726 1160 δὲ
1779 1105 1976 1178 μᾶλλον

407 1186 560 1257 οὗτος
585 1197 612 1248 6
636 1195 792 1263 λόγος
813 1194 1041 1267 ἀληθὴς,
1071 1199 1124 1250 sl
1146 1214 1210 1267 γε
1234 1199 1289 1250 αἰ
1316 1198 1612 1270 φερόμεναι
1647 1196 1810 1251 αὑτοῦ
1840 1196 1977 1268 μετὰ

406 1285 496 1338 τὸν
527 1285 762 1356 διωγμὸν
787 1287 975 1341 Δεκίου
1000 1289 1278 1342 ἐπιστολαὶ
1302 1291 1401 1342 οὐκ
1427 1289 1607 1361 ἔχουσι
1631 1289 1692 1342 τὸ
1716 1289 1972 1343 πλαστόν.

407 1377 611 1440 Παντὸς
640 1377 696 1430 δὲ
723 1378 1041 1450 μαθήματος
1066 1380 1207 1434 ἰδέαν
1240 1381 1399 1435 αὐτόν
1430 1399 1562 1452 φασι
1592 1381 1684 1436 καὶ
1703 1380 1976 1452 μετελθεῖν

317 1489 322 1494 ’
404 1471 497 1536 καὶ
544 1470 832 1524 διδάσκειν.
879 1471 1079 1526 Τοῦτον
1123 1472 1301 1528 τοίνυν
1340 1474 1430 1528 τὸν
1466 1474 1763 1547 Ὤριγένην,
1794 1474 1852 1528 ὃν
1880 1474 1975 1529 καὶ

415 1561 766 1632 Ἀδαμάντιον
790 1563 1218 1635 ἐπονομάζεσθαί
1245 1584 1424 1636 φασιν,
1457 1569 1537 1621 ὄτι
1597 1566 1974 1638 ἀδαμαντίνοις

401 1652 620 1724 δεσμοῖς
641 1653 881 1725 ἐῴκεσαν
909 1656 1002 1719 οὓς
1023 1656 1090 1710 ἂν
1122 1657 1303 1729 δήσειε
1327 1659 1537 1728 λόγους,
1573 1659 1848 1731 ἀκροατὴν
1880 1660 1974 1712 καὶ

398 1742 642 1815 διάδοχον
674 1745 893 1814 λέγουσι
942 1747 1192 1815 γενέσθαι
1231 1748 1550 1821 Κλήμεντος
1578 1749 1673 1803 τοῦ
1710 1751 1971 1822 Στρωμα-

2078 570 2131 614 et
2154 560 2244 613 alii
2282 575 2404 615 cum
2430 575 2494 614 eo
2519 558 2757 628 plurimi,
2776 572 2861 612 res
2891 557 3142 627 Origeuis
3170 572 3238 612 ex
3263 556 3370 612 illis
3395 556 3531 627 ipsis
3553 559 3646 627 qui

2078 651 2350 707 hominem
2401 652 2669 716 viderant,
2705 650 3018 704 accuratius
3042 649 3391 718 perscrutati,
3424 657 3650 704 narrant

2077 758 2201 797 eum
2237 741 2435 798 celebri
2460 743 2724 814 martyrio
2755 752 2866 797 tum
2894 743 3003 796 vita
3029 741 3348 806 decessisse,
3378 756 3503 796 cum
3531 739 3648 795 Cae-

2075 849 2245 899 sareae
2301 833 2496 889 Decius
2549 849 2702 889 suam
2759 835 2808 888 in
2859 834 3194 889 Christianos
3267 833 3643 889 crudelitatem

2074 923 2392 980 eﬂ‘underet.
2434 925 2539 978 Alii
2574 934 2751 980 tamen
2780 923 2966 979 volunt
2997 924 3062 977 ad
3092 924 3230 980 Galli
3254 940 3320 979 ac
3368 923 3644 979 Volusiani

2077 1029 2245 1084 usque
2271 1023 2510 1084 tempora
2541 1016 2886 1085 perdurasse,
2918 1024 2975 1070 et
3021 1016 3412 1086 sexagesimum
3446 1029 3644 1070 nonum

2074 1106 2246 1160 artatis
2269 1120 2468 1159 annum
2497 1113 2748 1174 agentem
2782 1105 2906 1177 Tyri
2947 1116 3242 1171 mortuum,
3268 1106 3320 1159 in
3346 1105 3645 1173 eademque

2074 1197 2207 1250 urbe
2231 1195 2498 1267 sepultum
2531 1196 2631 1268 (8).
2667 1197 2794 1264 Quae
2823 1199 3039 1266 quidem
3072 1198 3250 1254 verior
3280 1198 3516 1252 narratio
3539 1207 3642 1262 est,

2073 1287 2117 1343 si
2147 1287 2304 1344 modo
2327 1303 2600 1359 germana:
2629 1299 2776 1354 sunt,
2799 1305 2922 1359 quae
2941 1290 3211 1354 feruntur,
3237 1289 3480 1360 epistola:
3501 1289 3644 1344 illius

2075 1390 2196 1452 post
2219 1381 2366 1435 Decii
2397 1381 2826 1450 persecutionem
2860 1382 3202 1451 conscriptae.
3232 1381 3430 1437 Omnes.|
3464 1389 3642 1438 autem

2072 1471 2292 1526 omnino
2323 1472 2634 1542 disciplinas
2664 1473 2839 1541 ipsum
2869 1485 2922 1528 et
2959 1474 3287 1544 percepisse,
3311 1484 3368 1528 et
3395 1474 3644 1529 docuisse

2073 1562 2272 1618 lerunt.
2305 1561 2460 1619 Hunc
2494 1565 2621 1618 item
2653 1564 2961 1633 Origenem,
2993 1579 3153 1634 quem
3181 1564 3346 1620 etiam
3371 1564 3644 1618 Adaman-

2072 1655 2203 1708 tium
2237 1655 2673 1724 cognominatum
2714 1670 2781 1709 ex
2837 1670 2903 1712 eo
2940 1656 3180 1722 tradunt,
3205 1655 3346 1725 quod
3406 1654 3642 1709 rationes

2071 1760 2206 1815 quas
2229 1746 2529 1814 colligaret,
2558 1746 2922 1802 adamantinis
2973 1746 3294 1816 quibusdam
3321 1746 3473 1816 quasi
3523 1745 3644 1799 vin-

397 1834 554 1900 τέως,
585 1836 680 1890 καὶ
700 1836 794 1891 τοῦ
830 1837 970 1891 κατὰ
1004 1836 1102 1909 τὴν
1142 1838 1541 1912 Ἀλεξάνδρειαν
1593 1839 1970 1911 ἐκκλησιαστι-

2072 1837 2206 1892 culis
2264 1852 2371 1892 non
2408 1837 2686 1893 absimiles
2745 1839 3078 1902 viderentur,
3132 1840 3432 1893 auditorem
3474 1839 3643 1893 fuisse

397 1926 496 1981 κοῦ
527 1927 915 1984 διδασκαλείου.
950 1930 1242 2003 Κλήμεντα
1268 1930 1325 1984 δὲ
1380 1931 1676 1986 Πανταίνου
1721 1932 1970 2000 γενέσθαι

397 2017 614 2087 λεγουσι
639 2020 731 2074 καὶ
756 2021 1049 2094 ἀκροατὴν,
1074 2023 1167 2077 καὶ
1192 2023 1287 2076 τοῦ
1311 2009 1683 2078 διδασκαλείου
1707 2024 1968 2096 διάδοχον·

396 2111 694 2166 Πάνταινον
717 2112 792 2178 δὲ,
843 2112 950 2167 τῶν
990 2130 1050 2167 τε
1089 2114 1214 2178 τοὺς
1269 2114 1596 2179 ἀποστόλους
1650 2116 1971 2186 ἑωρακότων

397 2204 798 2275 ἀκροάσασθαι,
830 2205 890 2257 οὐ
917 2205 1023 2277 μὴν
1053 2205 1188 2260 ἀλλὰ
1220 2205 1315 2260 καί
1343 2224 1504 2261 τινων
1533 2207 1710 2260 αὐτῶν
1747 2207 1970 2264 ἐκείνων

395 2293 696 2348 διακοῦσαι.
727 2295 915 2359 Τὰςδέ
952 2297 1093 2352 κατὰ
1128 2297 1431 2368 Ὠριγὲνους
1475 2299 1717 2369 κινήσεις
1763 2300 1970 2354 ἐκεῖθεν

395 2385 643 2454 λέγουσιν
692 2387 983 2459 ἐκρυῆναι·
1045 2390 1355 2460 Δημήτριος
1391 2389 1795 2463 Ἀλεξανδρείας
1846 2393 1968 2445 ἐπι-

398 2477 610 2542 σκόπει,
640 2477 698 2541 ὃς
747 2479 1024 2550 Ὠριγένην
1047 2480 1114 2533 δι’
1163 2481 1403 2536 ἐπαίνων
1431 2479 1564 2552 εἶχε,
1590 2483 1684 2536 καὶ
1735 2483 1794 2546 ἐς
1842 2485 1968 2549 τοὺς

398 2568 686 2636 φιλτάτους
713 2569 1051 2625 συνέταττεν.
1105 2571 1246 2625 Ἀλλ’
1289 2574 1568 2645 Ὠριγὲνης
1599 2574 1856 2646 ἀπαίρειν
1888 2576 1970 2640 εἰς

407 2657 635 2730 Ἀθήνας
657 2659 827 2730 χωρὶς
857 2660 956 2732 τῆς
1008 2661 1102 2715 τοῦ
1129 2663 1330 2717 οἰκείου
1369 2663 1594 2736 γνώμης
1645 2666 1965 2735 ἐπισκόπου,

394 2750 476 2812 εἰς
506 2749 869 2821 πρεσϐύτερον
905 2751 966 2804 οὐ
1010 2751 1126 2806 δέον
1162 2753 1221 2808 ὃν
1272 2755 1674 2821 ἀναϐιϐάζεται.
1713 2757 1789 2828 (7)
1840 2757 1968 2812 Θεό-

395 2859 582 2906 τεκνος
613 2843 656 2896 δ’
687 2839 776 2913 ἦν,
807 2843 836 2895 6
867 2844 1011 2898 κατὰ
1041 2847 1378 2919 Καισάρειαν
1404 2848 1501 2920 τὴν
1547 2848 1606 2903 ἐν
1636 2849 1967 2925 Παλαιστίνῃ

393 2931 486 2986 τὸν
532 2934 912 3006 άρχιερατικὸν
961 2935 1214 3008 χειρίξων
1259 2937 1442 3009 νόμον,
1471 2941 1501 2992 6
1533 2938 1632 3009 τῆς
1663 2939 1968 3012 Ὠριγένους

393 3025 688 3096 αὐτουργὸς
712 3027 1064 3099 χειροτονίας,
1097 3027 1236 3101 ἔχων
1275 3029 1693 3086 συνευδοκοῦντα
1743 3032 1838 3086 καὶ
1875 3033 1966 3087 τὸν

406 3117 789 3190 Ἱεροσολύμων
834 3118 1198 3192 Ἀλέξανδρον.
1245 3121 1518 3194 Τρέπεται
1549 3123 1636 3177 διὰ
1670 3123 1830 3179 τοῦτο
1870 3127 1966 3196 Δηα
1992 3172 2032 3229 C

399 3210 610 3282 μητρίῳ
639 3210 717 3274 εἰς
745 3213 918 3281 μῖσος,
955 3211 1015 3265 τὸ
1039 3212 1289 3285 φίλτρον’
1318 3215 1412 3268 καὶ
1445 3217 1492 3268 οἰ
1531 3215 1743 3271 ἔπαινοι
1768 3259 1785 3286 ,
1828 3217 1964 3290 πρὸς

392 3302 518 3366 τοὺς
547 3302 768 3373 ψόγους.
796 3304 908 3358 Καὶ
938 3303 1150 3369 σύνοδος
1175 3305 1480 3377 ἀθροίζεται
1509 3309 1844 3373 ἐπισκόπων,
1870 3314 1966 3366 καί

393 3410 553 3448 τινων
582 3393 983 3468 πρεσϐυτέρων,
1023 3395 1164 3450 κατὰ
1218 3398 1542 3470 Ὠριγένους.
1595 3400 1661 3454 Ἢ
1700 3401 1779 3467 δὲ,
1816 3402 1892 3467 ὡς
1936 3405 1966 3456 6

395 3484 678 3556 Πάμφιλός
732 3503 885 3558 φησι,
941 3487 1284 3559 ψηφίζεται,
1321 3492 1651 3563 μεταστῆναι
1709 3495 1807 3565 μὲν
1856 3494 1966 3548 ἀπὸ

406 3575 808 3650 Ἀλεξανδρείας
843 3578 936 3632 τὸν
981 3580 1282 3652 Ὠριγένην,
1311 3583 1406 3637 καὶ
1431 3584 1568 3655 μήτε
1591 3584 1885 3658 διατρίϐειν
1906 3588 1965 3642 ἐν

393 3668 550 3741 αὐτῇ,
581 3670 717 3740 μήτε
739 3669 1029 3725 διδάσκειν.
1064 3671 1177 3741 Τῆς
1224 3673 1404 3742 μέντοι
1433 3673 1528 3730 τοῦ
1570 3677 1963 3751 πρεσϐυτερίου

391 3760 557 3832 τιμῆς
590 3759 842 3832 οὐδαμῶς
879 3761 1325 3834 ἀποκεκινῆσθαι.
1370 3767 1509 3820 Ἀλλ’
1533 3768 1628 3837 ὅγε
1655 3753 1965 3842 Δημῆτριος

393 3850 510 3922 ἅμα
535 3852 677 3907 τισὶν
709 3852 1027 3918 ἐπισκόποις
1054 3854 1395 3923 Αἰγυπτίοις,
1427 3858 1639 3929 καὶτῆς
1667 3861 1967 3935 ἱερωσύνης

392 3941 725 4017 ἀπεκήρυξε,
755 3944 1281 4016 συνυπογραψάντων
1301 3949 1396 4003 καὶ
1442 3952 1508 4021 τῇ
1545 3951 1813 4021 ἀποφάσει
1856 3953 1966 4010 τῶν

396 4036 701 4108 συμψήφων
731 4036 878 4108 αὐτῷ
909 4039 1311 4110 γεγενημένων.
1336 4042 1743 4111 Φυγαδευθέντα
1787 4044 1844 4098 δὲ
1873 4044 1967 4100 τὸν

409 4128 686 4200 Ὠριγὲνην
719 4129 816 4201 τῆς
849 4129 1271 4202 Ἀλεξανδρείας,
1316 4131 1604 4198 Θεότεκνος
1626 4137 1655 4189 6
1680 4135 1966 4190 Παλαιστί-

396 4237 512 4291 νης,
537 4221 786 4291 ἁσμένως
815 4238 874 4273 τε
896 4220 1100 4289 διάγειν
1128 4223 1184 4276 ἐν
1210 4225 1515 4297 Καισαρείᾳ
1538 4225 1849 4293 ὑπεδέξατο,
1875 4227 1968 4280 καὶ

395 4311 491 4366 τοῦ
515 4312 784 4366 διδάσκειν
807 4314 982 4366 πᾶσαν
1006 4313 1252 4381 ἐξουσίαν
1274 4318 1588 4390 ἐνεχείρισε.
1619 4319 1728 4372 Καὶ
1747 4319 1844 4384 τὰς
1869 4319 1967 4392 μὲν

399 4404 576 4468 αἰτίας
624 4405 683 4471 ἐξ
743 4396 818 4458 ὧν
868 4405 1064 4476 συνέϐη
1102 4406 1200 4471 τὰς
1249 4408 1501 4472 διαϐολὰς
1552 4411 1848 4483 ἐκραγῆναι
1890 4411 1967 4484 τῷ

2070 1930 2359 1985 Clementis
2385 1929 2523 1998 ejus,
2557 1932 2647 1998 qui
2674 1929 3013 1984 Stromatcus
3032 1931 3207 1984 dictus
3239 1939 3343 1993 est,
3368 1928 3641 1997 ejusdem-

2068 2036 2172 2090 que
2209 2021 2260 2074 in
2324 2021 2660 2076 cateclietica
2693 2020 2900 2087 schola,
2952 2037 3072 2090 quae
3114 2022 3457 2076 Alexandria:
3500 2031 3640 2088 erat,

2069 2127 2461 2168 successorem.
2531 2112 2865 2168 Clementem
2924 2128 3091 2183 porro
3163 2113 3404 2169 Pantteni
3472 2114 3641 2168 fuisse

2068 2204 2410 2274 discipulum,
2441 2204 2748 2274 scholaeque
2773 2219 3148 2261 successorem
3174 2221 3188 2257 :
3235 2213 3292 2260 et
3322 2204 3639 2261 Pantaenum

2067 2312 2282 2352 rursum
2315 2296 2382 2352 iis
2401 2311 2556 2352 usum
2583 2297 2880 2368 magistris,
2902 2297 2993 2366 qui
3027 2295 3301 2366 apostolos
3323 2296 3588 2352 vidissent
3619 2316 3636 2354 ι

2067 2389 2195 2458 quin
2227 2397 2282 2443 et
2315 2387 2527 2444 illorum
2567 2387 2856 2445 nonnullos
2897 2389 3158 2445 audiisse.
3185 2387 3454 2442 Caeterum
3514 2389 3641 2444 hinc

2067 2480 2120 2535 in
2147 2477 2434 2550 Origenem
2459 2479 2752 2536 excitatam
2803 2494 3022 2535 omnem
3070 2488 3447 2549 tempestatem
3492 2496 3643 2535 com-

2066 2581 2369 2628 memorant
2397 2587 2412 2625 :
2449 2571 2754 2628 Demetrius
2768 2570 3110 2627 Alexandria:
3130 2571 3326 2642 praesul
3350 2571 3637 2641 Origenem

2066 2665 2292 2721 multum
2330 2664 2576 2728 laudans,
2625 2664 2680 2719 in
2719 2664 2904 2734 paucis
2937 2664 3320 2719 cbarissimum
3380 2665 3636 2725 habebat.

2064 2757 2136 2812 At
2176 2772 2296 2812 cum
2324 2757 2413 2812 hic
2439 2757 2642 2826 absque
2704 2756 2844 2812 bona
2888 2756 3127 2826 episcopi
3189 2756 3344 2810 venia
3397 2756 3640 2812 Athenas

2067 2848 2404 2920 profecturus
2427 2856 2592 2914 esset,
2622 2848 2992 2912 Theotecnus,
3019 2848 3284 2903 Caesarea:
3331 2847 3638 2903 Palaestina:

2067 2951 2178 2995 tum
2233 2940 2674 3010 archiepiscopus
2701 2979 2717 3006 ,
2762 2953 2918 2994 secus
2967 2953 3090 2994 eum
3139 2953 3300 3009 quam
3340 2950 3636 3008 oporteret,

2068 3033 2436 3103 presbyterum
2466 3031 2760 3096 ordinavit,
2787 3046 2892 3086 non
2934 3029 3274 3101 improbante
3306 3030 3510 3085 factum
3535 3031 3639 3086 hoc

2066 3123 2372 3180 Alexandro
2389 3123 2846 3192 Jerosolymorum
2875 3123 3148 3192 episcopo.
3195 3122 3332 3178 Hinc
3362 3123 3638 3178 Demetrio

2069 3231 2220 3272 amor
2251 3216 2305 3271 in
2332 3216 2514 3271 odium
2562 3216 2746 3280 vertit,
2778 3215 3073 3286 laudesque
3102 3230 3225 3270 mox
3256 3231 3376 3270 cum
3425 3214 3637 3283 vitupe-

2069 3309 2277 3363 ratione
2305 3317 2666 3363 commutatae.
2704 3307 2952 3379 Synodus
2982 3309 3209 3377 insuper
3259 3309 3638 3378 episcoporum

2067 3409 2271 3464 coacta,
2308 3409 2362 3454 et
2388 3401 2829 3470 presbyterorum
2854 3399 3216 3469 quorumdam
3242 3410 3431 3454 contra
3459 3399 3642 3470 Orige-

2071 3505 2192 3545 nem
2225 3507 2240 3547 :
2273 3506 2414 3560 quae,
2442 3501 2500 3546 ut
2543 3490 2853 3561 Pamphilus
2907 3491 3105 3557 refert,
3157 3491 3434 3547 decretum
3490 3491 3639 3560 fecit,

2069 3583 2394 3639 Alexandria
2421 3583 2639 3654 quidem
2669 3583 2974 3652 pellendum
3023 3582 3334 3655 Origenem,
3384 3597 3556 3652 neque
3582 3583 3636 3639 in

2071 3691 2133 3731 ea
2165 3676 2369 3731 versari
2421 3683 2516 3730 aut
2572 3677 2767 3730 docere
2819 3675 3281 3746 permittendum;
3345 3675 3637 3730 sacerdotii

2077 3778 2258 3822 tamen
2289 3766 2548 3836 dignitate
2571 3781 2910 3837 nequaquam
2945 3766 3393 3822 submovendum.
3439 3763 3638 3820 Verum

2074 3857 2378 3913 Demetrius
2431 3872 2535 3911 una
2574 3873 2696 3913 cum
2741 3857 2961 3929 IEgypti
2993 3858 3264 3928 episcopis
3286 3857 3524 3926 aliquot,
3562 3871 3643 3910 sa.

2071 3950 2310 4005 cerdotio
2355 3964 2568 4018 quoque
2619 3948 2769 4004 illum
2823 3947 3132 4018 abjudicat,
3175 3948 3642 4004 subscribentibus

2070 4041 2231 4095 etiam
2271 4041 2452 4096 edicto
2505 4039 2670 4108 huic,
2719 4048 2987 4109 quatquot
3040 4048 3198 4094 antea
3256 4037 3533 4107 suﬂ‘ragati
3589 4039 3641 4116 ei

2071 4133 2321 4189 fuissent.
2357 4131 2431 4186 Ita
2455 4132 2623 4202 igitur
2655 4132 2980 4187 Alexandria
3031 4133 3082 4187 in
3127 4132 3376 4187 exsilium
3428 4131 3640 4202 pulsum

2072 4225 2380 4297 Origenem,
2415 4222 2756 4280 Theotecnus
2777 4224 3076 4280 Palaestina:
3093 4225 3379 4295 episcopus
3411 4223 3642 4278 libenter

2073 4316 2332 4372 Caesareae
2361 4325 2415 4371 et
2458 4315 2859 4384 degerejussit,
2895 4317 3040 4372 etde
3089 4317 3372 4385 superiore
3405 4314 3524 4371 loco
3554 4315 3643 4370 do-

2073 4409 2228 4464 cendi
2277 4417 2598 4479 potestatem
2633 4407 2784 4464 fecit.
2815 4408 2924 4463 Has
2952 4408 3040 4464 ille
3093 4423 3284 4464 causas
3342 4408 3518 4474 allert,
3575 4422 3641 4462 ex

408 4495 695 4566 Ὤριγένει,
725 4496 927 4560 ταύτας
953 4498 1106 4568 φησί.
1141 4515 1160 4549 ι
1190 4499 1356 4554 Aiunt
1411 4501 1575 4572 igitur
1635 4501 1968 4574 (Pamphilus

2073 4498 2267 4569 quibus
2290 4513 2480 4556 omnes
2511 4497 2615 4554 illa:
2662 4498 2950 4554 calumnia:
2999 4500 3050 4552 in
3105 4499 3390 4570 Origenem
3444 4513 3642 4568 erupe-

401 4596 454 4640 et
489 4585 774 4652 Eusebius)
818 4585 1106 4657 Origenem
1159 4587 1344 4643 Severi
1399 4591 1527 4658 imp.
1589 4592 1968 4658 persecutione
1999 4585 2036 4593 ⁷
2074 4593 2203 4663 rint.
2257 4609 2276 4643 ο
2342 4589 2613 4646 Praeterea
2666 4589 2933 4646 Eusebius
2983 4589 3124 4646 Hist.
3157 4591 3252 4644 lib.
3289 4605 3366 4654 vt,
3404 4605 3525 4660 cap.
3551 4589 3641 4657 56,

401 4679 653 4740 Leonidae
709 4679 850 4749 patri
899 4680 1159 4749 scriptum
1193 4681 1431 4746 misisse,
1458 4696 1565 4752 quo
1614 4682 1680 4736 ad
1722 4682 1963 4754 martyrii

398 4774 732 4830 curriculum
759 4789 883 4829 eum
911 4783 1206 4830 exacueret
1244 4793 1258 4831 :
1288 4785 1343 4830 et
1380 4791 1508 4831 sane
1535 4776 1769 4832 stadium
1810 4775 1966 4831 forti-

398 4877 484 4921 ter
522 4868 817 4922 decurrens
849 4865 936 4920 ille
965 4865 1210 4922 bravium
1241 4867 1473 4937 accepit.
1510 4867 1731 4921 Addunt
1769 4867 1967 4937 ipsum-

396 4968 507 5016 met
531 4959 822 5032 Origenem
851 4973 1064 5014 summo
1096 4959 1276 5014 studio
1318 4959 1460 5014 idem
1494 4967 1769 5015 certamen
1794 4959 1967 5016 susci-

395 5065 525 5120 pere
555 5060 807 5107 conatum
834 5048 1026 5116 fuisse,
1063 5050 1160 5105 sed
1196 5058 1424 5103 matrem
1450 5048 1708 5118 impetum
1732 5049 1817 5104 vel
1846 5049 1963 5119 ipso

393 5141 566 5202 invito
608 5141 936 5195 refrenasse.
990 5140 1145 5206 Quod
1210 5139 1384 5210 ipsum
1420 5140 1547 5194 item
1570 5140 1794 5210 epistola
1829 5157 1961 5211 qua-

393 5256 497 5321 lus,
529 5266 712 5324 utpote
761 5257 1062 5326 praecipuus
1117 5257 1302 5325 operis
1331 5267 1551 5324 auctor;
1607 5257 1690 5312 vel
1741 5257 1970 5316 Photius

392 5327 657 5398 fortassis,
671 5329 924 5398 deceptus
942 5335 1027 5381 est
1050 5327 1291 5398 martyrii
1319 5328 1503 5391 verbo,
1534 5328 1674 5398 quod
1702 5330 1766 5382 de
1793 5329 1967 5384 omni-

396 5397 495 5454 bus
514 5411 612 5465 pro
636 5397 756 5451 ﬁdei
790 5396 1018 5450 veritate
1049 5396 1292 5450 toleratis
1325 5396 1659 5452 cruciatibus
1711 5409 1855 5454 recte
1885 5401 1966 5453 di-

396 5468 556 5532 citur,
586 5467 858 5538 (quamvis
918 5467 1030 5534 ipsa
1091 5481 1195 5519 non
1240 5477 1500 5534 sequatur
1532 5482 1679 5522 mors
1702 5469 1797 5538 (eo
1818 5472 1960 5523 enim

396 5552 556 5592 sensu
584 5536 636 5589 in
676 5535 907 5590 Deciana
934 5545 1116 5608 strage
1147 5540 1466 5608 martyrium
1502 5535 1734 5608 subiisse
1766 5537 1953 5608 Orige-

398 5622 519 5662 nem
547 5617 692 5660 recte
715 5614 892 5676 potest
922 5605 1092 5676 dici);
1125 5604 1208 5659 vel
1264 5604 1522 5676 meritoria
1567 5607 1747 5676 lapsus
1800 5604 1960 5662 Paiu-

395 5676 544 5744 philo
576 5676 740 5730 etiam
771 5675 958 5746 tribuit
981 5677 1220 5746 quodab
1244 5675 1365 5729 aliis
1394 5675 1785 5742 tantummodo,
1824 5693 1960 5746 quos

397 5755 813 5816 commemorat,
826 5744 1068 5816 (fortasse
1081 5745 1291 5816 dictum
1321 5755 1407 5816 est
1429 5768 1439 5800 :
1460 5747 1540 5800 vel
1573 5748 1804 5816 denique
1827 5744 1955 5801 illud

401 5817 662 5881 duntaxat
690 5814 913 5894 intelligi
951 5813 1118 5870 voluit
1141 5815 1472 5886 Pamphilus,
1519 5813 1808 5886 Origeuetn
1837 5832 1958 5874 cru-

2072 4682 2252 4737 dicere
2279 4681 2491 4737 videtur
2526 4695 2586 4736 se
2610 4680 2664 4736 in
2695 4691 2852 4736 sexto
2888 4682 3046 4752 hujus
3081 4681 3347 4752 Apologia:
3369 4683 3506 4737 libro
3530 4683 3644 4753 epi-

2071 4773 2259 4840 stolas,
2283 4789 2420 4844 quas
2444 4775 2512 4829 ad
2554 4771 2854 4829 Fabianum
2887 4789 3081 4845 papam
3133 4783 3186 4829 et
3224 4775 3292 4828 ad
3339 4774 3644 4842 complures

2071 4866 2207 4922 alios
2249 4866 2616 4922 Ecclesiarum
2671 4866 2945 4922 antistites
2977 4866 3043 4921 de
3088 4876 3235 4920 recta
3265 4865 3388 4919 tldei
3420 4879 3532 4919 sure
3560 4880 3646 4917 ra-

2071 4959 2216 5014 tione
2254 4959 2517 5029 Origenes
2564 4962 2884 5029 scripserat,
2929 4958 3225 5014 inseruisse
3269 4977 3284 5013 :
3331 4957 3536 5028 Γράφει
3589 4955 3647 5023 δὲ

2071 5051 2166 5106 καὶ
2188 5049 2437 5121 Φαϐιανῷ
2456 5050 2536 5123 τῷ
2559 5051 2702 5106 κατὰ
2742 5049 2960 5122 Ῥώμην
2991 5049 3274 5120 ἐπισκόπῳ
3303 5089 3319 5115 ,
3354 5048 3559 5120 ἐτέροις
3587 5063 3648 5099 τε

2067 5140 2340 5206 πλείστοις
2366 5143 2628 5215 ἄρχουσιν
2672 5142 3029 5215 Ἐκκλησιῶν,
3060 5143 3188 5214 περὶ
3212 5142 3313 5212 τῆς
3335 5141 3452 5195 κατ’
3486 5138 3646 5194 αὐτὸν

2079 5258 2313 5340 ciatibus
2341 5275 2405 5313 ac
2432 5260 2672 5340 miseriis
2706 5260 2759 5314 in
2814 5259 2962 5340 Decii
3015 5259 3247 5340 laniena.
3271 5256 3487 5340 elisum,
3534 5268 3644 5314 non

2074 5327 2233 5398 longe
2269 5339 2454 5398 postea
2505 5331 2704 5385 vixisse
2752 5350 2768 5385 :
2817 5330 2960 5400 quod
3029 5327 3250 5384 Eusebii
3297 5327 3478 5380 verbis
3539 5341 3644 5380 uou

2073 5410 2938 5592 Γεὲξῗιὲέϐτεκνος.,ιθεθηᾱιιιη
2967 5468 3178 5523 videtur
3229 5467 3319 5549 hic
3369 5475 3425 5548 et
3483 5463 3646 5544 infra,

2073 5537 2140 5591 Θε
2173 5556 2409 5592 κτιστος.
2443 5541 2519 5592 lta
2548 5557 2691 5592 etum
2715 5550 2937 5592 vocatur
2963 5540 3031 5592 ab
3066 5539 3294 5592 Eusebio
3328 5535 3534 5590 Htstor.
3557 5549 3644 5589 el:-

2070 5535 2409 5603 Θεόκτιστος.
2443 5541 2519 5593 lta
2548 5535 2937 5594 euim'vocatur
2963 5540 3031 5593 ab
3066 5539 3294 5592 Eusebio
3328 5535 3534 5590 Hister.
3557 5535 3644 5589 ett-4

2068 5611 2190 5662 cles.
2223 5611 2314 5662 lib.
2336 5624 2409 5673 vi,
2439 5625 2561 5678 cap.
2591 5611 2657 5663 27
2694 5619 2749 5664 et
2776 5609 2867 5672 46,
2904 5623 3002 5663 nec
3054 5624 3158 5662 non
3198 5611 3264 5662 ab
3319 5606 3650 5676 Hieronymo

2068 5677 2541 5754 lib.A_De__scriptor.
2566 5679 2884 5754 ecclesiast.,
2910 5694 3029 5749 cap.
3065 5678 3160 5754 54.
3456 5744 3484 5754 ι,

2137 5749 2215 5820 (8)
2246 5743 2582 5822 llicrouyn't.,
2609 5750 2684 5805 De
2713 5743 2953 5820 scriptor.
2977 5743 3292 5814 ὶεείεδὶαδιη
3314 5761 3432 5816 cap.
3454 5743 3542 5808 54.
