4174 6392
514 340 617 395 5⁸59

1713 343 1772 398 S.
1815 343 2136 398 PAMPIIILI
2181 342 2535 398 MARTYRIS

3642 342 3744 398 540

513 456 837 528 ὀρθοδοξίας·
858 457 998 527 ἔχεις
1027 457 1121 510 καὶ
1147 457 1351 510 τούτων
1379 459 1476 522 τὰς
1503 459 1825 527 ἀποδείξεις,
1859 463 1914 512 ὲν
1943 462 2075 532 ἕκτῳ

2185 471 2240 515 et
2269 462 2493 514 adversa
2537 457 2656 513 ﬁdei
2687 465 3034 510 astruentetn.
3065 454 3280 509 Litterae
3331 454 3492 509 verba
3527 455 3744 509 tradunt

513 550 612 620 τῆς
660 551 962 620 γραφείσης
1020 552 1152 619 ἡμῖν
1205 553 1332 620 περὶ
1380 552 1474 603 τοῦ
1519 553 1709 623 ἀνδρὸς
1764 553 2076 620 ἀπολογίας.

515 639 807 694 'l‘cstautur
835 643 998 694 etiam
1064 642 1318 696 Socrates
1357 641 1494 694 Hist.
1522 643 1615 698 lib.
1652 659 1724 709 Iv,
1758 659 1875 712 cap.
1908 643 1997 708 27,
2026 655 2081 698 et

514 733 846 800 Nicephorus
877 733 968 786 lib.
999 750 1076 796 XI,
1110 750 1228 802 cap.
1269 735 1352 796 19,
1393 734 1540 789 hisce
1582 737 1733 790 libris
1767 737 2076 804 adjunctam

513 838 634 876 esse
671 824 728 877 S.
753 823 997 892 Gregorii
1028 825 1417 896 Thaumaturgi
1464 829 1832 896 panegyricum
1881 829 2078 881 oratio-

513 932 648 976 nem,
686 930 845 983 quam
873 916 961 969 ille
990 916 1054 969 ab
1080 917 1317 985 Origene
1341 919 1623 972 discedens
1646 920 1697 972 in
1729 917 1844 985 ejus
1869 919 2076 972 laudent

512 1012 834 1074 composuit.
864 1007 1111 1074 Ruﬁnus,
1136 1021 1193 1063 ut
1217 1009 1327 1074 jam
1378 1011 1638 1072 diximus,
1671 1011 1761 1064 lib.
1792 1011 2077 1064 Iadvemts

513 1095 912 1167 Hieronymum,
950 1102 1082 1154 dicit
1116 1102 1168 1155 iu
1203 1103 1304 1155 hac
1328 1102 1581 1170 Apologia
1611 1103 1694 1170 agi
1737 1105 1805 1156 de
1831 1103 1940 1156 fato
1980 1117 2075 1156 seu

513 1191 761 1245 mathesi.
791 1190 1105 1262 Auouymus
1140 1203 1330 1247 auctor
1363 1207 1390 1245 a
1423 1193 1486 1246 Β.
1545 1193 1606 1247 Ρ.
1666 1192 1817 1262 Lupo
1876 1195 2073 1258 editus,

513 1280 677 1334 refert
728 1281 1066 1349 Pamphilum
1121 1297 1456 1355 martyrem,
1508 1293 1561 1339 et
1623 1287 1911 1341 Eusebium
1980 1305 2077 1356 pro

511 1373 937 1438 praeexsistentia
975 1382 1028 1426 et
1058 1375 1397 1429 restitutione
1453 1375 1637 1430 multis
1692 1377 1845 1432 valde
1879 1394 2077 1446 praece-

511 1465 750 1517 dentium
784 1464 1002 1518 Patrum
1031 1466 1354 1520 testimoniis
1382 1481 1511 1521 usos
1546 1483 1688 1522 esse.
1739 1469 1892 1522 Alter
1921 1470 2073 1524 deni-

509 1569 614 1623 que
643 1570 939 1624 anonymus
969 1572 998 1609 a
1024 1555 1315 1612 Sirmundo
1339 1559 1516 1612 editus
1553 1561 1650 1613 sub
1683 1562 1898 1614 nomine
1929 1559 2077 1614 Pro:—

509 1647 776 1711 destiuati,
804 1662 959 1715 quem
1003 1649 1092 1702 alii
1123 1649 1420 1703 Arnobium
1455 1645 1725 1718 juniorem
1753 1690 1770 1716 ,
1815 1653 1903 1706 alii
1961 1653 2077 1706 Pri-

509 1737 737 1788 m-asium
770 1723 889 1790 esse
929 1739 1260 1802 existimant,
1329 1741 1381 1794 in
1423 1741 1517 1795 lib.
1569 1757 1583 1794 I
1644 1742 1716 1795 De
1768 1744 2072 1807 hazresibus,

512 1829 697 1882 lite'esi
732 1844 868 1891 xxu,
905 1844 1024 1902 quae
1059 1840 1142 1882 est
1190 1831 1570 1900 Apellitarum,
1612 1833 1682 1886 ita
1718 1834 1789 1886 ait
1825 1849 1838 1885 :
1912 1853 1930 1884 ι
1972 1834 2078 1889 llos

508 1920 770 1989 Origenes
801 1921 871 1975 ita
928 1921 1165 1989 perfecte
1217 1921 1512 1991 superavit,
1543 1934 1600 1976 ut
1663 1938 1848 1977 eorum
1916 1940 2078 1978 causa

509 2011 854 2082 περιοδευτὴς
882 2011 1186 2081 (circuitor)
1211 2013 1387 2076 ﬁeret,
1419 2023 1470 2067 et
1500 2029 1594 2082 per
1630 2014 1868 2082 singulas
1915 2030 2080 2084 quas-

509 2120 614 2170 que
644 2105 805 2158 urbes
842 2119 937 2171 per
962 2103 1234 2158 Orientem
1258 2107 1434 2158 eundo
1481 2105 1819 2174 prmdicarel.
1853 2106 1915 2159 Et
1954 2107 2077 2176 quia

510 2191 920 2245 innumerabilia
976 2201 1101 2245 sunt
1134 2201 1486 2245 tractatorum
1512 2193 1627 2262 ejus
1654 2193 1950 2259 volumina,
1978 2198 2080 2249 ha!-

511 2281 665 2335 retici
699 2283 933 2350 superati
969 2282 1136 2336 libros
1167 2281 1281 2347 ejus
1313 2283 1378 2335 ad
1426 2298 1552 2336 suos
1585 2283 1763 2337 libitus
1796 2285 2080 2339 callidissi-

511 2389 593 2426 ma
624 2375 1089 2442 argumentatione
1122 2383 1421 2437 mutarunt,
1461 2385 1672 2442 utquos
1710 2376 1909 2428 vellent
1935 2377 2078 2429 deci-

509 2465 934 2534 pere,dicerent
1002 2467 1072 2520 ita
1129 2467 1414 2535 Origenctu
1470 2467 1583 2521 suis
1638 2467 2077 2536 Expositiouibus

508 2555 786 2609 deﬁnisse.
833 2555 982 2610 Unde
1016 2558 1326 2626 quicunque
1355 2571 1523 2624 usque
1572 2557 1733 2610 hodie
1787 2557 2073 2622 Origenetn

439 2650 454 2668 '
509 2647 656 2716 legit,
682 2647 725 2700 si
763 2648 1008 2715 prudenti
1042 2664 1161 2702 cum
1192 2649 1339 2703 novit
1373 2649 1690 2703 recitatione
1721 2650 2074 2720 distinguere,

506 2739 865 2807 deprehendit
892 2740 1004 2795 loca
1029 2745 1095 2796 ab
1135 2744 1401 2798 hmreticis
1437 2743 1724 2798 maculata.
1787 2742 1939 2810 Quod
2002 2743 2074 2796 ita

506 2845 629 2884 esse
659 2842 875 2887 sanctus
903 2833 1218 2904 Pamphilus
1252 2847 1458 2908 martyr
1483 2839 1534 2891 in
1583 2851 1680 2891 suo
1739 2836 2074 2905 Apologetica

507 2923 821 2978 declaravit.
867 2945 885 2977 ι
921 2926 985 2982 Ει
1018 2929 1210 2984 haeresi
1243 2946 1399 2997 XLIII,
1454 2941 1740 3000 postquam
1771 2928 1909 2981 dixit
1966 2939 2076 2982 tres

508 3013 672 3069 fuisse
702 3014 979 3086 Origenes,
1010 3036 1172 3074 unum
1219 3021 1415 3092 Syrum
1453 3021 1954 3082 sceleratissimum,
1985 3021 2072 3088 qui

508 3107 684 3174 turpia
713 3108 977 3173 docuerit,
1009 3110 1236 3164 alterum
1268 3112 1357 3180 qui
1409 3123 1462 3166 et
1494 3123 1825 3167 mortuorum
1895 3127 2074 3166 resur-

508 3198 798 3251 rectionem
819 3202 1068 3269 negabat,
1097 3211 1150 3256 ct
1173 3201 1371 3256 Christi
1398 3212 1703 3257 creaturam
1731 3218 1850 3258 esse
1899 3202 2074 3273 Spiri-

509 3296 618 3339 tum
671 3300 917 3344 sanctum
953 3293 1196 3358 dicebat,
1254 3294 1558 3361 paradisum
1592 3303 1770 3348 autem
1803 3303 1855 3347 et
1908 3295 2076 3350 caelos

505 3378 794 3448 allegorice
846 3381 985 3436 dicta
1021 3399 1144 3438 esse
1199 3384 1524 3449 aﬁirmabat,
1594 3386 1708 3438 haac
1759 3384 2073 3455 suhjuugit:

509 3488 530 3521 ι
563 3468 627 3523 Hi
661 3473 764 3525 duo
793 3472 1056 3538 Origenes
1077 3489 1240 3543 prava
1272 3490 1498 3545 quaeque
1544 3477 1899 3544 scripserunt.
1954 3476 2074 3531 lla:-

508 3563 658 3615 retici
689 3574 739 3616 et
775 3565 1016 3632 perversi
1064 3567 1313 3622 doctores
1340 3577 1527 3622 nostro
1555 3567 1773 3636 Origeni
1810 3567 2076 3622 catholico

509 3657 786 3708 tractatori
821 3657 1176 3721 miscuerunt,
1206 3659 1669 3726 utadimpleretur
1699 3659 1841 3727 quod
1881 3658 2078 3713 dicitur

506 3760 535 3796 a
591 3745 814 3800 Domino
857 3748 909 3800 iu
965 3748 1329 3819 Evangeliis”
1365 3769 1376 3803 :
1414 3749 1605 3805 Nonne
1665 3750 1853 3802 bonum
1904 3767 2076 3804 semen

503 3836 774 3890 seminasti
831 3839 884 3891 in
939 3855 1064 3908 agro
1115 3842 1245 3894 tuo?
1297 3839 1447 3895 Unde
1503 3857 1624 3911 ergo
1656 3841 1767 3895 Itazc
1814 3842 2078 3896 zizania?

505 3924 609 3990 Qui
663 3930 972 3994 respondens
1005 3932 1080 3984 ait
1155 3951 1174 3988 :
1226 3932 1482 3986 Inimicus
1537 3935 1692 3986 homo
1746 3933 1858 3985 lucc
1915 3932 2061 4002 fecit.

505 4019 626 4071 Ideo
660 4023 802 4073 enim
844 4022 1132 4092 Origenem
1201 4025 1438 4094 legentes
1491 4025 1798 4079 invenimus
1845 4025 2074 4080 catholi-

503 4124 644 4174 cum,
678 4122 731 4165 et
759 4125 944 4168 contra
978 4116 1217 4172 htereses
1256 4118 1600 4171 dimicantem
1633 4125 1687 4170 et
1712 4117 2022 4169 vincentem
2056 4133 2071 4170 :

503 4199 794 4258 identidem
823 4207 1060 4276 legentes
1087 4207 1374 4278 Origenem
1408 4209 1712 4263 invenimus
1736 4208 2069 4274 Itaareticum,

572 4317 617 4349 ⁸⁹
642 4318 827 4373 Matth.
865 4337 981 4387 XIII,
1019 4323 1107 4386 97,
1139 4322 1229 4376 28.

513 4448 2068 4479 Ἥ

2181 563 2233 605 et
2267 565 2458 604 sensus
2499 565 2514 602 :
2549 549 2592 602 si
2623 558 2842 618 possent
2875 556 2927 601 et
2953 546 3124 600 facies
3167 545 3493 614 loquentium
3520 546 3740 600 deumn-

2180 651 2375 705 strare,
2420 654 2658 694 errorem
2691 638 2870 691 nullus
2915 646 3127 706 poterat
3159 636 3223 689 de
3251 652 3479 704 persona
3506 639 3743 691 doctoris

2182 732 2482 790 incurrere.
2512 730 2646 783 Nam
2676 739 2731 784 et
2761 728 2888 782 illud
2927 729 3225 782 cavendum
3260 739 3362 790 est,
3420 729 3558 795 q-uod
3615 733 3742 781 Atu-

2180 822 2448 890 pulliauus
2478 822 2693 890 quidam
2726 817 3114 873 hasresiarches
3144 817 3443 887 Bythinius,
3468 819 3556 886 qui
3585 819 3744 872 doce-

2179 919 2271 972 bat
2310 924 2427 984 post
2483 913 2767 980 Origenetn
2838 910 3129 964 Ecclesium
3193 910 3306 964 Dei.
3371 909 3467 963 Hic
3516 911 3743 964 incurrit

2181 1005 2341 1058 talem
2391 1005 2646 1057 hmresem
2670 1043 2684 1068 ,
2717 1013 2774 1055 ut
2805 1002 3008 1055 diceret
3032 1016 3222 1055 omnes
3264 1001 3586 1056 criminosus
3621 1017 3741 1054 cum

2179 1096 2393 1151 diabolo
2415 1106 2468 1150 et
2490 1095 2771 1150 daemoniis
2801 1108 2865 1147 eo
2907 1109 3074 1161 usque
3101 1095 3150 1147 in
3193 1094 3435 1163 gehenna
3494 1096 3740 1163 decoqui,

2179 1201 2458 1256 usquequo
2513 1186 2631 1254 puri
2682 1185 2870 1238 redditi
2921 1186 3127 1252 possint
3178 1187 3297 1240 imle
3322 1197 3375 1239 et
3418 1186 3740 1240 immaculati
3809 1201 3812 1210 '

2177 1278 2384 1343 egredi,
2413 1277 2478 1328 ad
2506 1277 2602 1329 hoc
2634 1273 2775 1343 quod
2807 1284 2963 1326 antea
2991 1273 3205 1326 fuerant
3233 1274 3389 1327 alieni
3419 1289 3446 1325 a
3466 1273 3616 1339 culpa
3645 1287 3743 1325 suo

2180 1370 2372 1421 iterum
2415 1367 2662 1421 Creatori
2697 1366 2923 1420 restitui.
2973 1365 3100 1433 llic,
3135 1367 3260 1418 dum
3311 1376 3627 1434 argueretur
3676 1365 3744 1419 ab

2177 1459 2439 1523 Ecclesia,
2481 1459 2645 1528 capit
2673 1456 2914 1523 proferre
2944 1455 3110 1510 libros
3141 1457 3390 1523 Origenis
3413 1495 3428 1519 ,
3450 1471 3586 1525 quos
3630 1457 3743 1525 ipse

2178 1552 2485 1617 vitiaverat,
2509 1561 2566 1605 et
2593 1552 2772 1605 dicere
2799 1569 2813 1605 :
2849 1551 2985 1604 Ecce
3007 1551 3131 1620 quia
3150 1547 3413 1616 Origenes
3445 1550 3517 1601 ita
3553 1550 3742 1613 sensit,

2178 1654 2232 1697 et
2255 1644 2522 1713 praecipue
2552 1644 2603 1696 in
2631 1652 2865 1712 quatuor
2890 1641 3028 1710 Περὶ
3045 1639 3244 1709 ἀρχῶν
3268 1640 3443 1694 libris.
3494 1640 3597 1694 Sed
3649 1640 3741 1708 qui

2179 1738 2293 1791 sani
2327 1751 2518 1790 sensus
2542 1745 2644 1798 est,
2676 1745 2730 1788 et
2761 1734 2924 1788 habet
2951 1735 3148 1786 utentis
3192 1731 3502 1801 Splendidos
3532 1731 3741 1792 oculos,

2182 1827 2260 1880 sic
2290 1826 2431 1879 videt
2466 1824 2644 1878 addita
2677 1823 2730 1876 in
2783 1821 3035 1891 Origeuis
3101 1821 3376 1890 opusculis
3433 1821 3570 1872 mala
3619 1820 3740 1882 ista,

2181 1927 2343 1986 atque
2370 1916 2666 1986 cognoscit,
2704 1916 2842 1968 sicut
2875 1915 2926 1968 itt
2961 1913 3207 1983 stragulo
3255 1912 3509 1966 coccineo
3539 1928 3744 1980 pannos

2180 2003 2352 2068 albos,
2388 2015 2479 2058 aut
2509 2003 2772 2072 cujusque
2794 2002 3022 2057 alterius
3052 2001 3252 2056 coloris
3283 2010 3471 2056 cernat
3505 2012 3740 2055 assutos.

2180 2095 2331 2161 Quod
2363 2096 2436 2148 ita
2475 2109 2597 2148 esse
2619 2103 2840 2148 sanctus
2872 2105 3078 2164 martyr
3106 2091 3420 2161 Pamphilus
3450 2093 3624 2156 docet,
3652 2094 3742 2162 qui

2181 2195 2468 2252 antequam
2501 2186 2565 2237 ad
2591 2184 2843 2253 martyrii
2883 2198 3141 2238 coronam
3183 2185 3743 2254 attingeret,irrepre-

2181 2276 2517 2329 lIeusibiliter
2547 2275 2861 2329 cathedram
2887 2275 3230 2344 episcopatus
3263 2277 3530 2340 obtinuit,
3553 2288 3606 2328 et
3655 2293 3742 2330 sa-

2179 2381 2302 2419 nam
2334 2366 2632 2420 doctrinam
2659 2364 2751 2418 Dei
2805 2364 3016 2432 populis
3054 2363 3402 2417 ministravit.
3447 2364 3543 2418 Hic
3576 2367 3744 2421 edidit

2176 2457 2588 2526 Apologeticum,
2619 2467 2674 2511 et
2695 2457 2877 2511 omnia
2915 2472 3034 2524 qua:
3086 2457 3154 2509 de
3201 2455 3433 2527 Origene
3481 2456 3744 2513 Catholici

2179 2549 2490 2618 ignorantes
2521 2549 2876 2613 mentiuntur,
2919 2549 3173 2612 exclusit,
3197 2551 3489 2604 ostendens
3519 2567 3602 2616 ea,
3626 2568 3745 2620 qua:

2179 2641 2626 2711 reprehensibilia
2659 2641 3009 2696 inveniuntur
3042 2643 3092 2694 in
3140 2644 3256 2711 ejus
3283 2644 3588 2711 Opusculis,
3627 2645 3744 2699 Ori-

2176 2736 2329 2804 gcnis
2355 2750 2458 2788 non
2495 2749 2637 2799 esse,
2667 2737 2757 2787 sed
2784 2749 2972 2788 eorum
3003 2750 3142 2802 quos
3193 2735 3310 2804 ipse
3339 2747 3692 2806 superaverat
3724 2753 3738 2789 :

2178 2825 2278 2878 alia
2313 2839 2458 2889 vero,
2489 2839 2606 2893 qua:
2640 2834 2747 2878 tota
2787 2840 3039 2892 perversa
3080 2838 3224 2892 sunt,
3254 2829 3478 2883 aliorum
3517 2832 3737 2884 duorum

2176 2917 2558 2971 bzereticorum
2593 2933 2732 2980 esse,
2757 2919 2846 2986 qui
2875 2917 3125 2987 Origeuis
3151 2935 3366 2984 nomen,
3398 2937 3502 2975 non
3558 2921 3733 2986 ﬁdem,

2176 3022 2274 3062 nec
2318 3010 2704 3063 conscientiam
2748 3010 3070 3064 habuerunt.
3123 3029 3141 3062 ι
3196 3012 3386 3068 Nescio
3441 3020 3581 3067 unde
3626 3015 3738 3067 hac

2176 3099 2418 3155 hauserit
2440 3116 2739 3171 auonymus
2769 3111 2981 3165 auctor,
3010 3103 3104 3156 sed
3134 3118 3200 3156 ex
3240 3103 3461 3172 impuris
3517 3118 3580 3158 ea
3619 3105 3736 3156 fon-

2177 3191 2320 3246 tibus
2343 3192 2586 3246 hausisse
2609 3192 2825 3246 videtur
2851 3211 2864 3258 ;
2889 3203 2942 3246 et
2974 3207 3166 3247 vereor
3193 3210 3258 3249 ne
3289 3195 3377 3264 qui
3414 3205 3522 3249 tam
3562 3196 3740 3266 inepte

2178 3285 2514 3353 Pamphilum
2552 3299 2843 3355 martyrem
2891 3289 3183 3359 episcopali
3238 3289 3501 3358 dignitate
3557 3289 3740 3354 donat,

2179 3379 2413 3446 ineptius
2439 3380 2600 3432 etiam
2632 3381 2716 3433 vel
2783 3381 3089 3451 Apologiam
3119 3385 3360 3453 quinque
3405 3383 3555 3439 libris
3609 3401 3740 3440 con—

2179 3480 2412 3524 stantem
2478 3471 2729 3540 anonymi
2774 3471 2916 3526 illius
2964 3473 3029 3527 de
3071 3491 3181 3544 quo
3227 3473 3448 3531 Photius
3493 3475 3742 3530 Biblioth.

2178 3563 2298 3619 cod.
2339 3577 2505 3628 cvaI,
2533 3565 2616 3618 vel
2645 3563 2822 3617 Ruﬁni
2861 3563 3057 3618 librum
3086 3566 3160 3620 De
3175 3569 3564 3623 adulter-alioue
3589 3571 3746 3622 libro-

2179 3672 2294 3708 rum
2329 3655 2572 3723 Origenis
2597 3673 2694 3726 pro
2725 3656 2836 3725 ipsa
2867 3655 3131 3725 Pamphili
3183 3659 3436 3729 Apologia
3469 3661 3742 3714 habuerit.

2183 3747 2420 3817 Uterque
2445 3750 2589 3802 enim
2620 3749 2788 3802 libros
2820 3748 3036 3815 quidem
3063 3747 3314 3818 Origeuis
3349 3750 3416 3805 ab
3472 3752 3746 3806 haereticis

2177 3841 2252 3894 ait
2282 3854 2402 3894 esse
2430 3841 2682 3906 vitiatus;
2719 3840 2810 3893 sed
2850 3839 3038 3892 nullibi
3074 3839 3414 3908 Pamphilus;
3454 3842 3558 3894 nisi
3608 3843 3747 3894 forte

2179 3933 2229 3986 id
2267 3933 2464 3986 dixerit
2498 3933 2549 3986 in
2605 3933 2819 3987 caeteris
2875 3933 3028 3987 libris
3065 3943 3363 4000 temporum
3415 3933 3608 4000 injuria
3651 3935 3746 3985 aly--

2178 4024 2410 4091 sumptis
2439 4039 2452 4075 :
2485 4022 2550 4076 de
2579 4039 2687 4090 quo
2714 4033 2888 4076 tamen
2922 4039 3021 4078 nec
3054 4024 3337 4089 Eusebius,
3359 4038 3459 4078 nec
3483 4023 3746 4093 Hierony-

2180 4128 2319 4178 mus,
2350 4129 2453 4168 nec
2474 4112 2754 4181 Socrates,
2781 4129 2882 4168 nec
2911 4114 3164 4175 Photius.
3198 4130 3295 4168 nec
3327 4114 3466 4168 ullus
3498 4114 3635 4166 alius
3661 4114 3742 4165 vel

2179 4207 2460 4263 minimum
2499 4209 2701 4263 habent
2737 4213 2980 4266 verbum.

951 4626 1097 4738 IN
1183 4625 2282 4764 APOLOGETICUM
2376 4627 2496 4737 S.
2594 4624 3278 4739 PAMPHILI

1844 4849 2000 4909 PRO
2045 4847 2399 4910 ORIGENE

1007 5037 1429 5124 BUFINI
1511 5035 2075 5122 ΡΒᾹΕΡΑΤΙ

2221 5031 2369 5122 AD
2444 5032 3063 5121 MACARIUM
3134 5011 3243 5116 (⁵).

573 5386 951 5455 Cognoscendm
976 5391 1202 5444 veritatis
1221 5407 1398 5445 amore
1412 5402 1699 5459 permotus,
1734 5408 1763 5443 ο
1793 5393 1868 5446 vir
1904 5394 2281 5448 desideriorum
2313 5391 2574 5455 Machari,
2614 5388 2688 5461 (‘2)
2710 5389 2940 5459 injungis
2977 5391 3107 5442 mihi
3135 5405 3262 5450 rem,
3285 5403 3402 5457 qum
3434 5386 3526 5439 tibi
3556 5385 3760 5454 agniue

571 5507 650 5580 (Al)
685 5506 853 5580 lianc
888 5510 1282 5578 przefationem,
1334 5512 1724 5579 Apologt’licum
1777 5513 2063 5580 Pamphili,

503 5592 567 5631 ac
588 5578 764 5650 llulitti
796 5579 988 5633 librqu
1018 5580 1093 5633 De
1127 5578 1512 5635 adulteratione
1540 5583 1796 5635 librorum
1824 5578 2066 5650 Uri—genis

501 5648 822 5702 contulimus
869 5662 988 5701 cum
1019 5664 1113 5703 sex
1157 5666 1282 5704 mss.
1311 5668 1417 5706 uno
1444 5651 1775 5715 Corbeiensi,
1807 5648 1962 5706 hodie
2008 5653 2067 5705 S.

503 5718 757 5788 Germani
806 5733 834 5770 a
875 5717 1066 5783 Pratis,
1103 5721 1226 5772 noni
1259 5721 1468 5784 saeculi;
1506 5722 1680 5776 altero
1723 5723 1886 5788 Regio
1918 5738 2066 5774 nmu.

506 5789 662 5856 1611,
697 5787 888 5843 decimi
934 5790 1075 5849 tertii
1106 5790 1314 5856 saeculi;
1347 5792 1402 5844 5°
1440 5791 1768 5858 Sorbuuico;
1801 5787 1854 5846 ii“
1883 5791 1938 5847 S.
1969 5791 2072 5847 Rc-

2176 5512 2324 5579 migii
2357 5510 2674 5575 Reme-usis;
2731 5511 2790 5563 5ο
2838 5511 2896 5564 S.
2951 5511 3127 5563 Vitoni
3151 5527 3164 5572 ;
3192 5508 3250 5560 6ο
3287 5508 3344 5579 S.
3381 5505 3654 5560 Michaelis
3692 5508 3745 5579 in

2175 5577 2421 5635 Periculo
2469 5581 2634 5634 maris
2668 5601 2680 5635 :
2715 5595 2922 5633 necnon
2965 5591 3018 5634 et
3059 5595 3180 5632 cum
3219 5577 3402 5631 iisdem
3437 5591 3564 5632 mss.
3596 5578 3747 5628 codi-

2177 5653 2332 5732 cibus
2351 5652 2414 5704 ad
2444 5666 2673 5720 quorum
2715 5651 2875 5704 ﬁdem
2907 5650 3072 5705 libros
3100 5648 3237 5716 Ilepl
3257 5645 3458 5717 ἀρχῶν
3486 5648 3743 5700 emenda-

2178 5736 2507 5863 ngisﬁlssq
2536 5789 2767 5861 injungis
2794 5790 2919 5844 mihi
2947 5807 3049 5845 rem
3074 5806 3228 5859 quam
3274 5787 3461 5843 videris
3490 5795 3748 5856 quantum
