4174 6396
481 321 586 379 5ιῦ

1687 321 1745 374 S.
1790 320 2112 375 PAMI’lllLl
2153 318 2504 374 ιιιιιτγιιιδ

3623 323 3726 382 5H

480 445 660 499 valent
693 458 886 499 sensus
912 443 1027 510 ejus
1058 442 1402 497 altitudinem
1455 444 1738 509 contueri;
1782 445 1896 497 sive
1928 459 2054 512 pra-
2086 453 2131 508 Α
2160 459 2278 513 qua:
2307 443 2358 494 in
2384 442 2734 509 quaestionem
2756 444 2977 496 veniunt
3004 451 3199 507 movet,
3225 457 3326 497 nec
3345 451 3523 497 tamen
3541 459 3726 500 eormn

479 537 646 590 vitate
674 535 890 600 utentis,
931 549 1034 603 qua
1075 534 1310 602 studium
1357 546 1552 603 gerunt
1593 551 1695 588 non
1723 536 2058 589 solumdieta

476 628 596 697 ejus
624 627 738 696 (1-1)
770 627 1043 688 incusare,
1096 641 1281 681 verum
1329 629 1492 682 etiam
1540 627 1800 682 adversus
1834 643 1926 681 eos
1968 630 2057 696 qui

475 721 590 774 haec
636 718 820 788 legunt
864 715 1093 772 hostiles
1125 717 1440 773 inimicitias
1469 734 1706 782 sumere,
1745 731 1852 772 tam
1884 720 2057 787 perti-

475 810 683 864 naciter
715 808 767 863 id
795 819 1041 878 agentes,
1062 819 1120 862 ut
1149 809 1288 864 nulla
1311 825 1534 878 prorsus
1569 810 1723 864 venia
1752 826 1844 866 eos
1863 810 2058 880 dignos

474 901 660 957 haberi
712 910 923 970 putent,
971 916 1038 955 ne
1078 916 1140 955 ea
1184 903 1404 972 quidem
1437 901 1550 970 (12)
1582 917 1742 969 quam
1779 903 2058 970 impertire

474 995 672 1057 solent,
707 995 854 1048 verbi
885 994 1078 1064 gratia,
1118 995 1204 1049 his
1246 996 1336 1064 Qui
1371 994 1452 1048 vel
1478 994 1794 1048 Graecorum
1829 995 2057 1050 saecula-

473 1088 612 1141 rium
667 1087 856 1150 libros,
889 1087 970 1141 vel
1009 1101 1399 1155 nonnunquam
1447 1086 1612 1140 etiam
1649 1085 2052 1150 haereticorum,

473 1179 862 1248 percunctandi
912 1189 1079 1248 atque
1124 1178 1454 1248 agnoscendi
1503 1178 1688 1233 studio
1715 1178 2050 1234 decurrunt:

473 1273 572 1326 sibi
614 1271 746 1326 solis
777 1271 984 1326 scilicet
1019 1271 1242 1326 concedi
1271 1271 1471 1326 debere
1514 1271 1764 1341 peritiam
1789 1272 2052 1340 probandi

473 1363 740 1417 sermonis
799 1372 1007 1432 putant,
1051 1371 1110 1416 ut
1145 1361 1191 1416 si
1239 1361 1368 1430 quid
1421 1359 1534 1432 (l3)
1591 1363 1729 1417 bene
1778 1363 1846 1416 ab
1874 1361 2054 1432 aliquo

473 1457 672 1510 dictum
708 1465 811 1518 est,
863 1455 1100 1509 retinere
1143 1456 1344 1521 sciant,
1374 1453 1444 1509 ab
1486 1456 1634 1510 omni
1667 1466 1846 1513 autem
1877 1457 2054 1526 specie

472 1544 609 1597 mala
639 1543 916 1600 abstinere
945 1560 1002 1599 se
1025 1545 1311 1600 noverint:
1337 1545 1404 1600 ab
1427 1545 1513 1601 his
1539 1561 1667 1601 vero
1684 1547 1774 1616 qui
1805 1546 2054 1618 Origenis

473 1635 639 1688 libros
691 1635 894 1705 legunt,
945 1637 1084 1691 istud
1126 1637 1340 1705 penitus
1381 1638 1660 1693 exclusum
1695 1650 1891 1709 putant
1933 1655 2053 1695 esse

471 1728 805 1792 mandatmn,
827 1745 933 1797 quo
961 1729 1271 1798 probabiles
1293 1728 1554 1797 iubentur
1577 1728 1714 1786 eﬂici
1751 1730 2046 1798 trapezita,

2160 534 2525 588 absolutiones
2568 533 2834 605 adiungit,
2869 536 2962 590 sed
3001 551 3126 590 cum
3168 536 3312 590 omni
3353 536 3655 592 humilitate
3675 549 3731 593 et.

2159 627 2385 682 veritate
2411 643 2513 680 non
2545 629 2819 683 erubescit
2865 629 3022 684 fateri
3067 631 3181 700 (18)
3232 631 3346 684 hate
3397 631 3495 686 sibi
3525 647 3630 687 non
3666 633 3730 687 li-

2159 737 2344 792 quere.
2378 722 2696 778 Audivimus
2741 721 2908 776 etiam
2946 723 3071 776 illud
3104 725 3259 777 abeo
3299 724 3608 792 frequenter
3647 727 3730 780 in—

2161 817 2290 880 texi,
2318 816 2461 886 quod
2494 815 2654 870 hodie
2707 829 2775 868 ne
2822 814 2907 869 isti
2944 815 3159 884 quidem
3205 815 3304 886 ipsi
3342 816 3728 885 imperitissimi

2157 908 2398 961 omnium
2431 907 2830 961 obtrectatores
2867 903 2981 972 ejus
3021 906 3202 960 dicere
3253 906 3637 978 dedignantur,
3669 920 3729 966 ut

2156 999 2200 1053 si
2231 999 2356 1068 quis
2377 998 2566 1052 melius
2593 998 2658 1051 de
2679 998 2762 1052 his
2793 996 2928 1052 locis
2943 1012 3064 1066 quae
3089 996 3178 1051 ille
3205 997 3480 1064 disseruit,
3507 1001 3725 1067 dixerit,

2154 1088 2241 1144 vel
2312 1088 2662 1157 ecposuerit,
2732 1087 2808 1142 illi
2870 1089 3048 1156 potius
3097 1089 3187 1158 qui
3262 1091 3462 1146 rectius
3533 1091 3729 1148 dixerit

2154 1191 2317 1246 quam
2354 1177 2457 1232 sibi
2494 1178 2608 1248 (l9)
2629 1185 2773 1232 esset
2803 1177 3230 1234 auscultandum.
3266 1178 3534 1237 Praeterea
3579 1197 3728 1236 com-

2153 1269 2543 1338 prehendimus
2581 1283 2704 1323 eum
2739 1284 3125 1337 nonnunquam
3173 1270 3415 1326 diversas
3435 1272 3729 1342 expositio-

2153 1375 2251 1415 nes
2283 1358 2395 1431 (20)
2436 1358 2675 1429 ejusdem
2701 1358 2920 1428 capituli
2941 1357 3118 1414 facere
3139 1378 3152 1413 :
3176 1369 3231 1414 et
3253 1375 3375 1414 cum
3401 1361 3547 1415 omni
3584 1376 3730 1418 reve»

2155 1453 2352 1518 rentia,
2373 1453 2529 1522 quasi
2550 1454 2640 1523 qui
2664 1453 2801 1507 sciat
2820 1466 2877 1506 se
2891 1453 2956 1507 de
2977 1453 3179 1506 sanctis
3207 1451 3504 1522 Scripturis
3523 1454 3725 1520 dicere,

2154 1560 2276 1600 cum
2304 1545 2468 1599 multa
2501 1561 2622 1615 qua:
2655 1545 2758 1599 sibi
2789 1557 3147 1600 occurrerunt
3181 1546 3510 1615 exposuerit,
3537 1547 3726 1616 praeci-

2152 1639 2231 1707 pit
2259 1637 2342 1692 his
2367 1637 2459 1706 qui
2486 1636 2696 1706 legunt,
2726 1638 2957 1707 probare
2991 1642 3054 1692 de
3092 1637 3316 1707 singulis
3347 1653 3468 1707 qua:
3506 1638 3723 1701 dixerit,

2154 1739 2208 1784 et
2229 1731 2371 1799 quod
2401 1731 2602 1784 rectius
2630 1731 2868 1798 prudens
2888 1730 3416 1797 Iectorjndicaverit,
3447 1731 3722 1784 obtinere:

471 1820 708 1875 srientes
737 1822 879 1890 quod
923 1820 1120 1875 bonmn
1159 1831 1241 1876 est
1276 1821 1536 1880 retinere.
1568 1824 1636 1877 ab
1680 1823 1827 1876 omni
1862 1832 2042 1877 autem
2081 1807 2123 1862 Β
2155 1825 2393 1895 profecto
2445 1826 2568 1894 quia
2594 1841 2694 1880 nec
2743 1826 2916 1894 ipsum
2969 1826 3166 1880 latebat
3214 1830 3354 1896 quod
3407 1843 3511 1881 non
3544 1827 3725 1882 omnia

469 1909 648 1977 specie
677 1911 813 1962 mala
847 1926 905 1966 se
938 1911 1254 1966 abstinere’
1279 1931 1291 1966 :
1321 1913 1415 1968 sed
1444 1915 1820 1967 tantummodo
1843 1914 1887 1968 si
1923 1915 2046 1983 quis

472 2001 649 2067 legere
688 2001 852 2055 libros
884 2002 1025 2056 illius
1058 2005 1206 2057 visus
1239 2003 1423 2067 fuerit,
1456 2006 1640 2059 statim
1667 2004 1734 2058 ab
1767 2005 1850 2058 his
1881 2005 2046 2059 haere-

469 2093 700 2147 ticorum
763 2094 1124 2162 perfundetur
1171 2096 1414 2150 infamia.
1469 2097 1714 2166 Denique
1765 2097 1877 2168 (14)
1921 2112 2042 2152 cum

470 2184 656 2238 multis
684 2184 924 2240 honesta:
972 2187 1097 2241 vitae.
1128 2195 1182 2242 et
1223 2188 1463 2258 religiosi
1500 2189 1764 2260 propositi
1793 2189 1953 2252 viris,
1988 2190 2040 2244 in

468 2276 666 2346 quibus
714 2275 848 2331 nihil
897 2291 1119 2347 prorsus
1161 2279 1333 2349 culpae
1387 2280 1692 2344 inveniunt,
1731 2279 2044 2336 inimicitias

468 2376 690 2436 propter
723 2365 826 2422 hoc
861 2367 1032 2422 solum
1083 2369 1287 2424 habent
1332 2370 1376 2424 si
1428 2385 1616 2425 eorum
1659 2371 1772 2441 (l5)
1803 2372 2042 2427 studium

465 2460 610 2514 circa
640 2461 925 2514 memorati
966 2461 1066 2514 viri
1104 2460 1274 2515 libros
1314 2463 1638 2533 propensius
1675 2479 1794 2519 esse
1826 2480 2042 2534 perspe-

467 2553 666 2617 xerint,
701 2553 1023 2607 invidiosius
1052 2555 1216 2607 etiam
1249 2553 1349 2608 ista
1371 2555 1655 2624 fingentes,
1683 2560 1826 2624 quod
1858 2557 1926 2612 ab
1959 2558 2044 2612 his

466 2645 519 2698 in
551 2645 669 2700 loco
685 2657 995 2700 sanctorum
1021 2648 1389 2715 apostolorum
1415 2649 1495 2702 vel
1524 2649 1909 2718 prophetarum
1931 2661 2038 2704 tam

466 2737 582 2806 ipse
611 2752 770 2808 quam
810 2740 950 2794 dicta
967 2739 1083 2808 ejus
1109 2740 1432 2800 habeantur.
1465 2740 1568 2794 Sed
1602 2741 1669 2796 de
1703 2742 1807 2796 hoc
1832 2751 2038 2796 certum

466 2845 574 2884 non
625 2830 798 2886 habeo
851 2842 1029 2886 utrum
1079 2831 1448 2888 calumniandi
1496 2844 1622 2889 voto
1667 2836 2042 2890 tantummodo

466 2922 567 2976 ista
596 2923 870 2993 jactitent,
898 2941 964 2979 an
1001 2926 1168 2980 etiam
1206 2926 1273 2981 ab
1308 2927 1582 2996 aliquibus
1618 2927 2042 2999 simplicioribus

464 3022 522 3068 et
548 3017 902 3084 propensiore
926 3016 1123 3074 all'ectu
1141 3019 1488 3092 diligentibus
1516 3022 1716 3084 virum,
1747 3018 2042 3090 aliquando

467 3105 712 3164 fortassis
769 3112 874 3164 tale
925 3111 1124 3182 aliquid
1177 3113 1469 3168 audierint.
1531 3111 1646 3184 (16)
1695 3112 1806 3168 Nos
1859 3123 2038 3165 tamen

464 3200 823 3268 perspicimus
862 3201 1174 3271 frequenter
1193 3219 1255 3259 ea
1311 3220 1434 3275 qua:
1468 3205 1536 3259 ab
1559 3220 1623 3260 eo
1663 3220 1787 3259 cum
1843 3217 2040 3272 magno

469 3289 663 3344 timore
699 3290 794 3344 Dei
825 3302 879 3346 et
909 3309 1030 3346 ettm
1076 3294 1224 3349 omni
1262 3295 1564 3348 humilitate
1594 3295 1867 3358 dicuntur,
1915 3308 2038 3346 cum

466 3381 680 3434 veniam
731 3383 862 3449 petit
887 3398 984 3451 pro
1015 3386 1102 3438 his
1131 3399 1252 3453 qua:
1276 3398 1371 3452 per
1402 3384 1621 3437 nimiam
1649 3383 2039 3438 discussiOnem

466 3480 522 3523 et
550 3485 649 3540 per
697 3473 921 3526 multam
958 3473 1348 3528 scrutationem
1399 3475 1810 3544 Scripturarum
1864 3473 2044 3526 animo

467 3564 791 3632 disputantis
809 3579 1105 3621 occurrunt
1137 3587 1151 3622 :
1178 3583 1299 3636 qua:
1317 3583 1439 3622 cum
1463 3567 1715 3632 exponit,
1736 3565 2047 3634 frequenter

467 3655 665 3709 addere
695 3656 832 3712 solet
852 3668 908 3712 et
935 3661 1185 3729 proﬁteri
1216 3676 1274 3716 se
1302 3676 1407 3716 non
1443 3661 1556 3713 haec
1580 3659 1734 3728 quasi
1767 3657 2044 3712 detlnitiva

465 3749 820 3816 pronuntiare
867 3753 1159 3818 sententia,
1211 3768 1313 3808 nec
1344 3761 1551 3806 statuto
1582 3753 1838 3821 dogmate
1864 3749 2048 3804 termi-

467 3854 621 3904 nare,
661 3845 755 3896 sed
784 3845 1056 3914 inquirere
1077 3863 1177 3917 pro
1203 3847 1426 3904 viribus.
1452 3855 1506 3899 et
1531 3859 1748 3899 sensum
1776 3843 2047 3896 discutere

465 3931 898 4002 Scripturarum,
947 3954 1047 3994 nec
1105 3951 1284 3994 tamen
1339 3940 1578 4009 proﬁteri
1634 3937 1776 4006 quod
1828 3936 2038 4004 integre

467 4024 812 4096 perfecteque
840 4033 1354 4100 comprehenderit;
1393 4031 1656 4102 suspicari
1688 4028 1861 4097 magis
1887 4043 1944 4080 se
1974 4030 2039 4081 de

465 4121 878 4190 quamplurimis
903 4126 1113 4198 dicens,
1154 4141 1254 4181 nec
1307 4135 1483 4181 tamen
1512 4134 1720 4178 eertum
1749 4135 1870 4175 esse
1912 4121 2037 4189 quia

468 4209 521 4264 in
547 4215 797 4269 omnibus
837 4218 980 4286 quod
1033 4219 1334 4288 perfectum
1364 4227 1450 4273 est
1497 4226 1554 4271 et
1597 4216 1864 4283 integrum
1893 4226 2039 4265 asse—

467 4313 625 4358 cutus
651 4305 741 4360 sit.
761 4307 866 4362 Sed
888 4319 941 4362 et
965 4326 1348 4379 nonnunquam
1369 4309 1672 4364 invenimus
1695 4321 1816 4361 eum
1848 4302 1958 4374 (l7)
1977 4304 2042 4357 de

467 4398 655 4452 multis
694 4401 900 4456 haerere
946 4417 1003 4456 se
1031 4402 1395 4472 proﬁtentem,
1426 4403 1478 4456 in
1505 4401 1702 4470 quibus
1735 4413 1796 4451 ea
1823 4394 2039 4466 quidem

492 4544 513 4574 "
542 4543 558 4596 Ι
597 4543 787 4598 Thess.
830 4561 880 4610 v,
913 4546 1002 4608 21,
1037 4547 1126 4603 22.

539 4662 652 4730 (11)
700 4660 974 4716 lncusare.
1026 4664 1117 4718 Sic
1159 4680 1291 4718 mss.
1339 4664 1474 4718 Editi
1521 4673 1702 4716 autem
1736 4673 2040 4730 perperam.
2077 4657 2120 4711 D

468 4747 764 4787 incursare.

542 4801 653 4874 (12)
678 4801 843 4867 Alias,
867 4820 983 4872 qua:
1027 4803 1282 4871 impertiri
1310 4801 1566 4874 soletﬂ[al.
1595 4816 1751 4871 quam
1783 4796 2044 4874 impertiri

467 4871 685 4943 solent],
731 4870 886 4926 verbi
913 4870 1108 4943 gratia,
1156 4875 1238 4926 his
1281 4877 1370 4944 qui
1426 4870 1800 4928 Griecorum...
1856 4870 2044 4921 decur-

470 4951 610 5004 rant,
640 4952 747 4996 etc.

541 5011 654 5079 (15)
686 5009 844 5075 Bene,
875 5028 1082 5069 necnon
1127 5022 1300 5068 autem
1329 5014 1470 5083 quod
1503 5026 1625 5067 mox
1654 5011 1916 5080 sequitur,
1951 5009 2043 5061 de-

469 5092 594 5133 sunt
625 5083 674 5134 in
698 5085 882 5138 editis.

543 5152 653 5232 (μ)
677 5153 795 5232 _Sic
832 5169 932 5232 m_s.
967 5152 1321 5232 Sorbonicns.
1356 5153 1453 5207 Ms.
1497 5168 1625 5232 vero
1655 5147 1882 5232 (legitis,
1922 5163 2036 5232 cuin

469 5218 644 5292 inultis
671 5224 818 5276 bome
849 5225 964 5278 vine
1007 5235 1055 5276 et
1089 5225 1315 5292 religiosi
1353 5224 1607 5292 propositi
1645 5218 1790 5274 viris.
1838 5219 1934 5292 Ms.

473 5291 722 5368 iietltigii,
753 5310 871 5347 cum
903 5293 1088 5368 multis
1110 5288 1366 5368 religiosis
1397 5288 1498 5347 vita
1528 5288 2035 5368 et-proposito‘viris.

470 5359 652 5430 ιὲιιῆιὶ,⁷
678 5371 732 5416 ει
764 5379 862 5417 ms.
899 5359 1274 5427 Corbeiensis,
1321 5380 1436 5417 cuin
1488 5363 1669 5416 multis
1719 5361 1813 5414 hoc
1863 5359 2039 5430 (editi,

468 5429 650 5504 Αυίζιξ)
676 5433 794 5504 tnta:
819 5443 866 5486 et
896 5435 1152 5504 religiosis
1179 5436 1444 5501 proposito
1472 5435 1616 5487 ciris.

681 5500 845 5580 Editi1
863 5500 1061 5556 studia.
1093 5500 1292 5558 Omnes
1312 5522 1481 5580 _t_n_ss.‘._
1503 5502 1755 5556 studium.
1998 5569 2010 5580 _

541 5570 652 5641 (16)
679 5571 800 5625 Mss.
823 5573 933 5626 fere
963 5585 1240 5636 omnes,et
1259 5575 1410 5639 editi,
1432 5573 1544 5626 Nos
1573 5585 1743 5625 tamen
1761 5570 2036 5637 perspectis

472 5640 768 5714 frequenter
783 5642 881 5703 his,
917 5654 1023 5698 etc.
1047 5642 1154 5697 Sed
1185 5646 1385 5698 rectius
1415 5659 1512 5697 ms.
1544 5659 1680 5695 unus
1698 5653 1754 5695 ut
1785 5642 1837 5714 in
1862 5651 2033 5714 textu.

543 5712 656 5779 (17)
683 5713 756 5764 Ita
792 5728 981 5765 omnes
1015 5728 1145 5767 mss.
1190 5714 1329 5766 Editi
1366 5730 1492 5766 vero
1535 5716 1732 5779 inepte,
1765 5713 1826 5765 de
1858 5711 2036 5764 multis

543 5727 656 5779 (ιι)
683 5727 756 5764 Ita
792 5728 981 5765 omnes
1015 5728 1145 5767 mss.
1190 5727 1329 5766 Ltllll
1366 5730 1492 5766 vero
1535 5730 1616 5766 tnc

473 5783 757 5837 ha‘resibus
781 5782 1108 5851 proﬁtentem
1135 5781 1230 5854 [δι.
1267 5727 1654 5854 proﬁcientem?

2153 1933 2272 1986 qua:
2316 1928 2578 1980 moverat,
2621 1918 2700 1972 vel
2743 1919 3096 1981 discusserat,
3155 1918 3448 1987 probabilia
3498 1919 3580 1974 vel
3621 1920 3725 1975 lixa

2153 2009 2337 2062 haberi
2359 2010 2639 2074 deberent,
2671 2026 2766 2078 pro
2792 2026 2855 2064 eo
2879 2013 3022 2081 quod
3056 2011 3221 2066 multa
3249 2011 3474 2082 mystica
3501 2010 3554 2064 in
3583 2008 3730 2065 Scri-

2150 2099 2326 2169 pturis
2354 2100 2581 2164 sanctis,
2612 2103 2732 2156 etin
2751 2111 2960 2156 secreto
2976 2102 3249 2157 recondita
3263 2115 3385 2156 esse
3412 2102 3725 2157 credantur.

2152 2190 2284 2246 lllud
2309 2193 2540 2262 denique
2555 2191 2671 2262 ejus
2690 2194 2735 2247 si
2758 2194 3017 2249 intentius
3038 2194 3571 2264 advertamus,quam
3592 2196 3729 2249 inte-

2150 2300 2244 2356 gre
2260 2293 2315 2339 et
2329 2284 2598 2340 catholice
2615 2284 2680 2338 de
2695 2287 2945 2341 omnibus
2972 2286 3316 2342 Tractatibus
3329 2287 3439 2342 suis
3459 2288 3512 2342 in
3543 2289 3708 2358 prada

2151 2378 2297 2432 tione
2311 2391 2494 2430 eorum
2515 2376 2771 2431 librorum
2787 2394 2922 2447 quos
2939 2379 2988 2432 in
3003 2378 3253 2432 Genesim
3268 2379 3455 2434 scribit
3470 2392 3727 2448 protesta-

2150 2479 2235 2524 tus
2257 2477 2356 2530 est,
2372 2481 2584 2521 onmem
2599 2468 2714 2538 ejus
2727 2485 2943 2524 sensum
2958 2484 3021 2522 ex
3037 2473 3134 2523 hoc
3147 2468 3306 2538 facile
3316 2486 3726 2541 cognoscemus.

2221 2559 2335 2630 (21)
2384 2561 2680 2615 Ontcssss.
2721 2581 2738 2612 ι
2797 2561 2908 2615 Nisi
2933 2564 3256 2617 omnimodis
3286 2563 3422 2634 pigri
3459 2579 3729 2633 essemus,

2149 2667 2213 2708 ac
2264 2652 2500 2714 desides,
2554 2667 2619 2705 ne
2669 2653 2734 2704 ad
2773 2653 3150 2720 inquirendum
3190 2655 3408 2723 quidem
3439 2657 3726 2725 accedere,

2149 2742 2376 2798 Domino
2405 2751 2458 2796 et
2493 2745 2777 2800 Salvatore
2806 2756 2993 2798 nostro
3018 2747 3084 2799 ad
3120 2747 3220 2800 hoc
3252 2762 3349 2800 nos
3371 2758 3725 2816 provocante,

2148 2835 2390 2904 profecto
2422 2853 2830 2892 revocassemus
2869 2842 3083 2906 pedem,
3112 2838 3520 2894 considerantes
3576 2839 3722 2910 quod

2148 2927 2304 3000 longe
2333 2931 2503 2985 simus
2531 2930 2599 2985 ab
2635 2946 2696 2984 ea
2742 2932 3108 2999 magnitudine
3134 2931 3389 3000 spiritalis
3417 2929 3722 3002 intelligen-

2150 3019 2259 3083 tiae,
2308 3019 2420 3088 (22)
2473 3036 2576 3090 qua
2604 3020 2672 3074 de
2702 3031 2808 3074 tam
2849 3022 3057 3090 magnis
3095 3025 3254 3076 rebus
3291 3021 3594 3092 investigari
3627 3024 3722 3078 de-

2146 3109 2272 3164 beat
2294 3111 2618 3166 intelleetns.
2649 3129 2668 3163 ι

2213 3201 2538 3258 ΡΑιιιιιιιιυε.
2575 3203 2636 3258 Ει
2659 3203 2814 3272 paulo
2837 3214 2953 3272 post
2987 3205 3092 3259 ait:

2213 3294 2502 3349 ORlGENES.
2525 3314 2543 3347 ι
2574 3297 2630 3350 Si
2654 3297 2738 3350 cui
2763 3312 2888 3350 vero
2914 3296 2966 3351 in
2984 3296 3373 3366 disceptatione
3396 3301 3724 3368 profundum

2145 3385 2348 3454 aliquid
2398 3387 2720 3451 occurrerit,
2761 3389 2828 3440 de
2861 3389 2963 3442 hoc
3016 3387 3304 3441 dicendum
3338 3390 3557 3458 quidem
3613 3405 3718 3457 εει,

2146 3479 2243 3531 sed
2285 3494 2393 3532 non
2427 3493 2549 3532 cum
2580 3479 2725 3532 omni
2767 3477 3146 3534 aﬂirmatione.
3177 3479 3289 3535 Hoc
3334 3482 3478 3536 enim
3513 3493 3608 3537 aut
3642 3497 3723 3538 te-

2146 3569 2363 3623 merarii
2392 3569 2625 3624 hominis
2644 3578 2746 3633 est,
2773 3578 2826 3622 et
2848 3568 2962 3636 ejus
2981 3570 3070 3639 qui
3111 3586 3327 3624 sensum
3365 3573 3612 3626 humanae
3639 3575 3723 3626 in-

2147 3661 2422 3713 ﬁrmitatis
2472 3661 2786 3730 perdiderit,
2835 3662 3141 3729 oblitusque
3168 3663 3252 3717 sui
3286 3664 3356 3718 sit
3393 3681 3408 3717 :
3458 3675 3550 3718 aut
3573 3678 3726 3720 certe

2148 3752 2513 3821 perfecturum
2559 3757 2822 3817 virorum,
2855 3765 2909 3807 et
2945 3769 3131 3808 eorum
3170 3755 3263 3826 qui
3308 3755 3641 3810 conlidenter
3665 3771 3725 3811 se

2147 3844 2325 3898 sciant
2355 3844 2422 3898 ab
2440 3844 2556 3913 ipso
2581 3844 2810 3899 Domino
2832 3843 2956 3899 Jesu
2976 3845 3252 3911 didicisse,
3285 3847 3336 3900 id
3361 3858 3465 3914 est,
3489 3863 3518 3900 a
3548 3846 3725 3903 Verbo

2148 3935 2412 4000 veritatis,
2437 3944 2490 3988 et
2516 3935 2584 3988 ab
2618 3935 2733 4004 ipsa
2764 3935 3040 4004 Sapientia
3064 3951 3160 4005 per
3190 3952 3350 4005 quam
3376 3938 3556 3993 omnia
3582 3936 3721 3992 facta

2145 4033 2294 4087 sunt,
2354 4026 2636 4095 agnovisse
2685 4044 2698 4079 :
2755 4024 2840 4079 vel
2884 4040 3071 4080 eorum
3106 4027 3199 4096 qui
3249 4029 3426 4082 divina
3465 4044 3720 4098 responsa

2146 4116 2373 4186 ingressi
2426 4116 2693 4170 turbinem
2755 4129 2810 4170 et
2840 4116 3124 4186 caliginem
3178 4118 3264 4172 ubi
3311 4119 3450 4173 Deus
3477 4119 3590 4188 ipse
3617 4131 3720 4186 est,

2144 4208 2357 4262 caelitus
2379 4217 2719 4275 acceperunt,
2755 4207 2805 4260 in
2846 4209 2987 4276 quod
3021 4209 3105 4262 vix
3152 4208 3241 4263 ille
3278 4208 3485 4281 Moyses
3517 4213 3722 4282 ingres-

2147 4314 2240 4355 sus
2266 4299 2345 4354 vel
2374 4300 2670 4368 intelligere
2695 4299 2816 4352 talia
2847 4301 3017 4368 potuit
3046 4301 3124 4353 vel
3157 4301 3414 4369 proferre.
3449 4302 3556 4358 Nos
3573 4319 3719 4369 vero,

2148 4407 2246 4460 pro
2294 4406 2358 4445 eo
2401 4391 2514 4447 solo
2559 4391 2701 4460 quod
2739 4393 3084 4448 mediocriter
3124 4395 3247 4448 licet
3276 4395 3414 4464 (25),
3450 4397 3722 4452 credimus

2219 4653 2332 4722 (18)
2370 4655 2514 4710 lla’c.
2547 4657 2701 4710 Deest
2737 4657 2788 4709 in
2821 4668 2974 4708 antea
3001 4658 3178 4721 editis,
3212 4673 3416 4711 necnon
3449 4659 3606 4726 paulo
3639 4660 3720 4712 in-

2149 4729 2251 4789 fra,
2283 4727 2402 4792 ipsi.
2457 4728 2652 4780 Deinde
2683 4742 2785 4780 ms.
2831 4727 3030 4796 llegius
3067 4730 3225 4781 habet
3269 4730 3574 4798 dignantur,
3604 4730 3720 4784 loco

2149 4797 2524 4864 dedignantur.

2243 4867 2330 4928 t9)
2364 4867 2492 4920 Mss.
2525 4867 2766 4935 plerique
2790 4877 2844 4922 et
2868 4867 3021 4930 editi,
3055 4883 3188 4932 esse,
3233 4867 3394 4921 male.

2243 4870 2330 4928 t9)
2364 4870 2492 4920 Mss.
2525 4870 2766 4935 plerique
2790 4877 2844 4922 et
2868 4870 3021 4930 editi,
3055 4883 3188 4932 esse,
3233 4870 3394 4921 male.

2217 4870 2437 5056 Ξεξῗιῦἰξιιι
2473 4952 2662 4992 onmes
2693 4952 2820 4992 mss.
2857 4937 2996 4991 Editi
3029 4952 3161 4992 vero
3191 4955 3495 5008 perperam,
3526 4939 3719 4993 eisdem

2144 5023 2408 5062 ειιυιιιιιιε.

2209 5027 2450 5144 gaudia
2493 5075 2641 5150 editi.
2694 5075 2820 5150 Mss.
2867 5092 2995 5150 vero
3042 5078 3320 5150 plerique:
3353 5079 3602 5150 Origenes
3653 5083 3717 5133 de

2146 5147 2470 5216 Pra'fatione
2505 5145 2754 5219 librorum
2788 5149 2851 5219 in
2899 5145 3265 5219 Genesimﬂal.
3313 5151 3376 5201 de
3408 5145 3718 5216 prwfatione

2145 5215 2394 5289 librorum
2424 5215 2661 5289 Ufigettis
2692 5216 2754 5289 in,
2774 5215 3059 5289 Genesimj.
3096 5215 3209 5272 Maii
3235 5215 3550 5272 omnimodis
3583 5221 3717 5289 pigri

2143 5299 2310 5343 essent
2346 5286 2436 5359 [aL
2467 5285 2586 5359 Nisi
2619 5287 2941 5359 oinnimodis
2971 5285 3186 5354 quidam
3225 5290 3361 5358 pigri
3408 5285 3618 5343 essent:
3639 5285 3717 5344 al.

2142 5360 2277 5428 pigri
2301 5354 2465 5411 essent
2481 5354 2696 5427 ingenii]
2720 5367 2768 5410 et
2796 5358 3018 5422 desides,
3043 5369 3151 5412 etc.

2216 5428 2328 5496 (22)
2364 5429 2535 5493 Alias,
2566 5442 2683 5497 qua:
2713 5430 2776 5481 de
2797 5438 2954 5482 tantaz
2985 5429 3365 5498 magnitudinis
3395 5430 3546 5485 rebus
3573 5429 3720 5485 inue—

2145 5502 2364 5553 stigare.
2395 5508 2500 5553 etc.

2215 5516 2607 5640 fisiitﬁlnu,
2633 5569 2731 5622 nisi
2767 5569 2908 5640 quod
2945 5570 3140 5622 addant
3162 5568 3392 5640 Christo,
3421 5579 3540 5638 post
3563 5568 3715 5624 Iesu.

2147 5639 2242 5694 Ms.
2281 5639 2606 5695 Sorbonicus
2633 5651 2688 5693 et
2717 5641 2774 5693 S.
2827 5639 3101 5693 Michaelis
3137 5642 3186 5692 in
3215 5639 3474 5707 ,Perteulo
3527 5643 3714 5702 maris,

2149 5730 2239 5764 oro
2263 5728 2321 5764 eo
2351 5712 2464 5763 solo
2493 5711 2630 5773 quod
2660 5711 2991 5763 mediocriter
3025 5711 3140 5762 licet
3172 5712 3508 5773 credidimus,
3542 5722 3714 5766 tamen

2147 5787 2208 5836 de
2237 5781 2454 5836 Domino
2484 5781 2611 5834 Jesu
2646 5782 2926 5852 loquimur,
2965 5791 3008 5834 et
3052 5781 3188 5849 ejus,
3226 5793 3331 5836 etc.
3362 5782 3552 5837 Caetcri
3578 5797 3706 5836 mss.
