4174 6378
520 395 626 451 545

1714 385 2057 442 APOLOGIA
2095 385 2233 441 PRO
2271 379 2594 442 ORIGENE.

3652 389 3756 444 546

526 520 706 562 tamen
732 505 958 562 Domino
984 503 1133 569 Jesu,
1158 512 1212 559 et
1228 501 1343 573 ejus
1367 503 1659 572 gloriamur
1678 517 1797 558 esse
1813 502 2084 572 discipuli,
2116 509 2162 563 Λ
2188 501 2454 570 proximis
2486 514 2606 554 esse
2641 498 2836 568 quibus
2865 498 3187 555 charitatem
3213 514 3277 553 ex
3307 499 3560 554 mandato
3590 500 3756 554 debe-

521 613 619 654 nec
653 607 832 650 tamen
857 597 1114 650 audemus
1146 595 1324 648 dicere
1346 596 1485 664 quod
1525 592 1664 648 facie
1690 594 1755 646 ad
1789 593 1983 646 faciem
2015 593 2082 647 ab

520 690 634 758 ipso
682 687 929 741 traditam
990 686 1384 754 susceperimus
1434 684 1840 754 intelligentiam
1892 699 2080 738 eorum

518 793 637 848 qua:
684 778 735 832 in
771 777 967 831 divinis
1009 774 1164 827 libris
1197 772 1504 828 referuntur
1537 790 1550 825 ε
1580 787 1701 840 qua:
1730 771 1944 839 quidem
1969 783 2083 823 cer-

520 879 603 922 tus
633 883 749 921 sum
767 867 906 936 quod
935 880 1001 920 ne
1031 865 1141 934 ipse
1163 865 1374 932 quidem
1410 865 1641 916 mundus
1671 877 1767 936 pro
1790 863 1989 916 virtute
2015 876 2080 916 ac

517 957 794 1024 majestate
835 970 1085 1010 sensuum
1133 969 1325 1024 capere
1371 962 1544 1023 potest
1601 952 1644 1006 ⁸.
1683 953 1908 1021 PrOpter
1939 956 2080 1019 quod

515 1047 862 1118 pronuntiare
885 1045 1099 1116 quidem
1137 1046 1202 1098 de
1241 1045 1324 1098 his
1356 1060 1472 1113 quae
1516 1045 1763 1109 dicimus,
1789 1042 1929 1097 sicut
1950 1058 2080 1112 apo-

513 1141 634 1196 stoli
663 1147 971 1209 potuerunt,
1005 1153 1108 1193 non
1147 1138 1410 1192 audemus
1444 1155 1458 1190 :
1492 1137 1544 1190 in
1575 1152 1640 1191 eo
1669 1145 1846 1192 autem
1875 1136 2079 1205 gratias

512 1234 739 1303 agimus,
779 1231 1066 1302 quodcum
1095 1230 1248 1284 multi
1277 1229 1598 1299 imperitiam
1627 1244 1777 1284 suam
1807 1228 2074 1290 nesciant,

510 1334 564 1377 et
592 1332 766 1376 motus
797 1337 922 1377 suos
946 1321 1327 1388 incompositos
1348 1330 1399 1373 et
1422 1320 1775 1382 inordinatos,
1806 1318 2072 1372 interdum

507 1415 670 1468 etiam
706 1423 760 1468 et
787 1413 997 1482 ineptos
1027 1427 1091 1467 ac
1116 1411 1409 1473 fabulosos,
1443 1426 1562 1464 cum
1581 1412 1726 1465 omni
1755 1411 2072 1474 intentione,

506 1505 646 1559 sicut
690 1504 792 1558 sibi
839 1503 1112 1568 videntur,
1144 1503 1294 1569 quasi
1336 1501 1613 1556 verissima
1642 1501 1941 1555 assertione
1978 1516 2076 1554 an-

506 1593 773 1659 nuntient,
822 1607 921 1646 nos
959 1591 1024 1645 de
1066 1591 1226 1645 rebus
1271 1590 1498 1660 magnis,
1540 1598 1592 1641 et
1632 1589 1715 1641 his
1759 1602 1880 1656 qua:
1912 1601 2072 1655 supra

505 1701 603 1740 nos
627 1693 770 1749 sunt,
798 1684 1154 1753 ignorantiam
1189 1691 1424 1737 nostram
1465 1695 1570 1734 non
1604 1680 1934 1747 ignoramus.
1977 1696 1997 1728 ι

575 1777 900 1831 ΡΑιιΡιιιιυε.
929 1775 1064 1829 Cum
1103 1787 1236 1843 ergo
1271 1774 1384 1827 hzcc
1416 1786 1538 1826 eum
1583 1772 1649 1826 de
1676 1785 1734 1825 se
1763 1770 1942 1824 dicere
1973 1785 2070 1823 au-

2189 607 2327 658 mus,
2359 601 2414 646 et
2446 600 2756 660 assumptus
2783 591 2949 645 libros
2976 591 3093 661 ejus
3127 590 3370 660 legerent
3401 605 3525 646 cum
3554 605 3618 645 ea
3653 605 3744 644 vc-

2187 683 2297 746 nia,
2322 699 2484 752 quam
2515 683 2626 751 ipse
2652 683 2712 735 in
2741 681 3158 737 Praefationibus
3199 683 3310 736 suis
3339 683 3604 752 deposcit,
3637 683 3748 738 sic.

2193 775 2282 830 ubi
2329 776 2484 828 venia
2533 774 2754 842 dignum
2813 774 3014 843 aliquid
3055 775 3382 828 invenirent.
3426 774 3581 829 Nunc
3621 791 3749 828 vero

2188 881 2217 920 e
2245 869 2522 921 contrario
2563 869 2745 921 videas
2787 882 2878 922 eos
2913 866 3218 922 maledictis
3243 867 3458 936 quidem
3508 867 3749 934 probris-

2185 973 2290 1028 que
2315 957 2430 1028 (27)
2463 959 2590 1012 mihi
2631 973 2734 1012 non
2763 973 2988 1027 parcere
3018 977 3031 1012 :
3068 973 3162 1012 eos
3193 973 3324 1012 vero
3353 959 3444 1027 qui
3499 957 3748 1026 Scriptu-

2183 1062 2368 1101 rarum
2423 1046 2896 1117 intelligendarum
2935 1049 3229 1102 secundum
3270 1052 3582 1103 mandatum
3638 1048 3742 1103 Do-

2182 1140 2313 1193 mini
2343 1149 2397 1194 et
2446 1139 2746 1195 Salvatoris
2810 1141 2982 1195 nostri
3033 1141 3272 1196 studium
3322 1151 3537 1210 gerunt,
3592 1157 3621 1196 a
3662 1141 3742 1196 le-

2181 1233 2361 1287 ctione
2385 1231 2648 1286 librorum
2687 1231 2804 1300 ejus
2831 1233 3129 1298 deterrere,
3160 1232 3410 1301 utraelibet
3451 1234 3613 1288 etiam
3635 1235 3740 1287 alia

2182 1322 2384 1390 inepta,
2415 1323 2577 1374 etiam
2625 1321 2756 1375 nihil
2801 1323 3102 1392 profutura,
3153 1324 3334 1392 potius
3381 1338 3544 1392 quam
3600 1324 3742 1380 illius

2181 1412 2603 1467 commentarios
2650 1413 2754 1482 legi
2797 1414 2994 1468 debere
3039 1413 3388 1468 afﬁrmantes.
3444 1416 3502 1466 ln
3544 1415 3740 1484 quibus

2176 1517 2318 1572 saepe
2366 1503 2526 1557 etiam
2569 1502 2776 1557 ridiculi
2826 1503 3029 1572 aliquid
3080 1504 3190 1572 pati
3229 1506 3422 1559 solent.
3476 1503 3608 1558 Nam
3681 1515 3741 1560 ut

2173 1608 2361 1649 eorum
2401 1593 2737 1648 contentiosa
2782 1594 3153 1662 praesumptio,
3197 1593 3303 1660 vel,
3347 1605 3406 1646 ut
3450 1594 3632 1649 verius
3659 1597 3742 1649 di-

2175 1697 2317 1747 cam,
2359 1681 2470 1754 (28)
2506 1681 2853 1753 praeiudicata
2886 1684 3103 1737 vesania
3155 1682 3366 1738 facilius
3408 1684 3736 1751 declaretur,

2177 1773 2424 1829 accidere
2470 1774 2612 1828 solet
2657 1773 2740 1828 vel
2774 1790 2930 1836 casu,
2983 1773 3065 1828 vel
3109 1776 3382 1828 interdum
3425 1776 3628 1843 studio,
3679 1787 3740 1831 ut

504 1868 734 1933 diamus,
780 1875 834 1920 et
888 1863 1258 1934 hujuscemodi
1304 1869 1483 1916 mente
1529 1875 1594 1914 ac
1631 1870 1756 1915 voto
1794 1874 1913 1930 quae
1943 1859 2072 1914 dicit
2106 1853 2146 1908 Β
2179 1864 2395 1917 nomine
2443 1863 2497 1916 in
2543 1863 2730 1918 codice
2777 1877 2880 1916 non
2927 1863 3255 1932 praatitulato
3290 1863 3504 1934 legatur
3534 1864 3736 1935 aliquid

503 1972 765 2020 asserere,
814 1955 1078 2010 miramur
1138 1956 1191 2008 in
1233 1962 1438 2007 tantum
1485 1951 1810 2007 temeritatis
1858 1950 2067 2020 aliquos

501 2064 623 2104 esse
671 2057 974 2118 provectos,
1029 2057 1088 2100 ut
1136 2046 1225 2112 qui
1269 2059 1328 2100 se
1365 2045 1438 2098 ita
1491 2043 1794 2098 humilitate
1834 2044 2064 2112 iudicat,

499 2150 746 2197 astruant
772 2141 913 2210 quod
957 2140 1026 2194 ab
1059 2139 1177 2195 aliis
1212 2139 1354 2194 dicta
1387 2138 1504 2205 ejus
1543 2137 1626 2192 vel
1657 2137 1780 2192 libri
1821 2151 1918 2206 pro
1949 2151 2065 2192 ser-

501 2232 749 2286 monibus
770 2229 1078 2298 apostolicis
1108 2228 1190 2283 vel
1221 2229 1376 2284 dictis
1394 2227 1724 2298 propheticis
1740 2227 2062 2292 habeantur,

499 2333 592 2374 aut
632 2323 773 2390 quod
823 2319 911 2374 ille
957 2321 1072 2389 ipse
1124 2319 1208 2373 vel
1245 2319 1524 2388 prophetis
1571 2319 1654 2373 vel
1708 2318 1964 2386 apostolis
1995 2318 2062 2373 ab

498 2412 678 2480 aliquo
732 2421 1090 2480 comparetur.
1149 2409 1216 2464 Et
1265 2409 1481 2480 quidem
1552 2409 1694 2477 quod
1747 2417 1801 2464 et
1857 2409 2063 2463 honore

496 2503 813 2575 presbyterii
864 2505 918 2557 in
965 2502 1207 2558 Ecclesia
1259 2501 1513 2569 praeditus
1558 2498 1742 2564 fuerit,
1793 2508 1848 2554 et
1895 2499 2060 2552 vitam

495 2594 1009 2648 abstinentissimam
1055 2593 1224 2662 egerit
1249 2602 1305 2646 et
1355 2592 1509 2647 valde
1565 2591 1678 2662 (21)
1727 2591 2059 2661 philoSOphi-

491 2700 637 2748 eam,
680 2686 930 2754 quodque
975 2700 1161 2753 puram
1201 2684 1475 2754 religionis
1495 2683 1866 2739 observaverit
1893 2684 2059 2739 disci-

491 2777 716 2845 plinam,
785 2787 839 2832 et
903 2792 1014 2845 prae
1065 2777 1274 2832 caeteris
1330 2777 1492 2832 verbo
1547 2777 1641 2832 Dei
1697 2786 1752 2832 et
1801 2777 2060 2832 doctrinm

491 2883 711 2937 Operam
750 2869 977 2933 dederit,
1014 2869 1143 2924 nulli
1179 2869 1396 2924 dubium
1425 2877 1507 2924 est
1531 2879 1586 2924 et
1621 2885 1688 2924 ex
1719 2869 1806 2924 bis
1833 2883 1953 2938 quae
1989 2872 2056 2924 ad

491 2972 590 3010 nos
642 2956 838 3012 laboris
870 2967 928 3012 et
979 2958 1140 3013 studii
1195 2959 1313 3029 ejus
1358 2960 1659 3014 certissima
1703 2959 2056 3028 designantur

492 3049 726 3103 indicia:
785 3049 1052 3118 praecipue
1104 3065 1232 3105 vero
1297 3067 1394 3121 per
1443 3065 1536 3104 eos
1586 3058 1864 3114 tractatus,
1916 3065 2052 3120 quos

491 3155 627 3211 pene
652 3139 890 3209 quotidie
917 3140 970 3194 in
994 3141 1234 3196 Ecclesia
1273 3142 1507 3196 habebat
1532 3157 1598 3196 ex
1626 3152 1886 3211 tempore,
1916 3157 2073 3212 quos

490 3244 546 3288 et
573 3234 939 3290 describentes
967 3234 1164 3290 notarii
1219 3235 1284 3289 ad
1320 3237 1711 3288 monimentum
1755 3236 2046 3303 posterita-

491 3326 560 3379 tis
598 3326 902 3380 tradebant.
933 3325 1279 3394 Consequens
1308 3327 1474 3395 igitur
1504 3335 1644 3389 erat,
1679 3342 1747 3381 ex
1796 3327 1882 3382 his
1927 3343 2040 3382 om-

489 3417 650 3470 nibus
695 3416 942 3470 laborum
994 3426 1048 3471 et
1091 3417 1389 3472 studiorum
1440 3431 1664 3472 suorum
1724 3419 2050 3475 testimoniis

488 3507 736 3577 amplecti
785 3508 942 3563 talem
982 3508 1156 3563 virum
1204 3527 1219 3563 :
1275 3517 1331 3564 et
1363 3524 1539 3578 neque
1563 3510 1894 3566 defensionis
1926 3521 2041 3567 stu-

487 3601 576 3656 dio
605 3602 721 3670 plus
750 3603 880 3658 dare
912 3601 1024 3674 (25)
1060 3603 1110 3658 ei
1143 3603 1318 3657 meriti
1358 3619 1520 3675 quam
1572 3620 1827 3659 mensura
1875 3605 2044 3676 depo-

487 3694 610 3758 scit,
648 3709 822 3763 neque
855 3709 1040 3749 rursus
1061 3695 1396 3749 obtrectandi
1428 3696 1561 3751 vitio
1593 3695 1751 3753 facile
1778 3698 2057 3753 condem-.

487 3800 638 3851 nare,
691 3797 746 3840 et
795 3787 1029 3843 alienum
1068 3788 1134 3842 ab
1166 3787 1534 3842 ecclesiastica
1563 3789 1810 3842 doctrina
1839 3797 2042 3843 temere

485 3879 868 3947 pronuntiare:
905 3893 1028 3933 cum
1062 3888 1348 3948 utrumque
1371 3879 1511 3932 istud
1533 3880 1888 3948 prmeipitium
1916 3895 2035 3949 pro-

483 3968 672 4023 videns
696 3979 819 4023 ante
857 3970 1070 4024 divinus
1101 3984 1278 4024 sermo
1306 3969 1646 4040 prohibuerit
1673 3970 1860 4024 dicens
1885 3988 1900 4024 :
1921 3969 2042 4024 Non

484 4061 546 4113 sit
581 4063 637 4114 in
663 4072 710 4113 te
739 4077 980 4115 mensura
1006 4062 1198 4131 major,
1233 4077 1393 4130 neque
1413 4077 1655 4116 mensura
1679 4063 1868 4115 minor.
1901 4061 2042 4114 Abo-

483 4154 727 4208 minabile
763 4165 838 4207 est
864 4155 1006 4232 enim
1028 4155 1085 4209 in
1122 4164 1401 4221 conspectu
1434 4154 1640 4208 Domini
1682 4164 1959 4223 utrumque
1980 4156 2023 4212 ⁹.

489 4243 788 4315 Unicuique
813 4247 980 4313 enim,
1010 4255 1170 4317 prout
1200 4247 1416 4315 dignum
1443 4255 1549 4310 est,
1591 4245 1850 4311 tribuere,
1878 4245 2040 4315 justi-

482 4337 571 4392 tiae
604 4339 708 4394 hoc
740 4339 1014 4409 proprium
1063 4346 1168 4393 est.
1209 4337 1440 4407 Propter
1486 4337 1628 4406 quod
1673 4345 1728 4392 et
1787 4351 2038 4393 mensura

481 4429 708 4501 integra,
767 4438 822 4485 et
875 4431 1088 4500 pondus
1131 4430 1338 4498 aequale
1391 4429 1726 4498 acceptabile
1777 4439 1862 4486 est
1893 4429 2032 4502 apud

2176 1954 2348 2023 ipsius
2381 1955 2433 2008 ln
2463 1955 2684 2009 auribus
2717 1953 3146 2009 obtrectatorum
3175 1956 3328 2023 quasi
3362 1955 3587 2011 alterius
3619 1967 3729 2012 tra-

2172 2043 2423 2099 ctatoris.
2467 2043 2618 2111 Quod
2661 2045 2850 2098 tandiu
2886 2043 3064 2112 placet
3092 2054 3146 2099 et
3171 2044 3444 2110 laudatur,
3470 2057 3632 2116 atque
3677 2047 3734 2102 in

2173 2135 2322 2189 omni
2377 2135 2737 2190 admiratione
2785 2135 3038 2198 habetur,
3091 2135 3328 2204 quandiu
3375 2153 3569 2193 nomen
3623 2152 3736 2192 non

2165 2224 2330 2279 fuerit
2371 2227 2688 2280 indicatum.
2735 2226 2804 2280 At
2845 2225 2936 2280 ubi
2985 2224 3236 2296 Origenis
3276 2229 3490 2297 cognita
3537 2228 3740 2284 fuerint

2163 2339 2284 2379 esse
2308 2339 2428 2394 quae
2453 2324 2760 2394 placebant,
2812 2324 2999 2378 statim
3053 2323 3363 2392 displicent,
3397 2327 3583 2380 statim
3618 2327 3730 2380 ha:-

2167 2417 2335 2469 retica
2369 2431 2492 2470 esse
2531 2417 2822 2470 dicuntur:
2854 2424 2911 2469 et
2943 2430 3004 2470 ea
3029 2431 3148 2484 quae
3177 2415 3336 2485 paulo
3361 2427 3488 2472 ante
3528 2418 3593 2470 ad
3621 2432 3731 2472 cuc-

2163 2506 2273 2559 lum
2328 2521 2501 2575 usque
2545 2506 2881 2570 ferebantur,
2935 2507 3126 2560 iisdem
3169 2507 3392 2562 vocibus
3429 2509 3731 2579 eademque

2161 2597 2343 2668 lingua
2385 2614 2558 2668 usque
2602 2599 2668 2653 ad
2720 2596 2923 2654 inferos
2982 2598 3392 2668 demerguntur.
3454 2597 3723 2656 Praeterea

2159 2689 2321 2742 etiam
2374 2689 2504 2742 illud
2556 2697 2641 2744 est
2685 2689 2946 2751 invenire,
2990 2689 3132 2757 quod
3163 2703 3549 2759 nonnunquam
3582 2691 3718 2745 tales

2158 2786 2282 2831 sunt
2322 2786 2666 2832 accusatores
2710 2776 2850 2845 ejus,
2899 2777 2991 2845 qui
3043 2791 3144 2830 nec
3179 2777 3425 2832 Graecam
3475 2781 3728 2834 noverint

2158 2865 2434 2936 linguam:
2463 2867 2554 2921 alii
2581 2869 2910 2924 omnimodis
2940 2868 3172 2937 imperiti
3197 2886 3213 2934 ;
3240 2869 3480 2923 nonnulli
3511 2871 3724 2926 etiamsi

2157 2955 2361 3025 aliquid
2396 2959 2648 3012 videntur
2694 2959 2896 3014 habere
2925 2959 3156 3028 peritiae,
3205 2974 3310 3012 non
3344 2967 3527 3014 tamen
3559 2961 3722 3015 etiam

2153 3047 2207 3102 id
2241 3048 2404 3102 studii
2428 3048 2684 3104 habuisse
2711 3050 3082 3116 inveniuntur,
3113 3063 3169 3105 ut
3193 3051 3343 3106 libris
3367 3051 3484 3118 ejus
3502 3067 3726 3122 operam

2155 3139 2442 3194 dederint:
2478 3150 2572 3194 aut
2615 3142 2661 3195 si
2708 3142 2971 3197 acciderit
3014 3153 3072 3197 nt
3113 3143 3278 3198 etiam
3322 3142 3575 3214 legerint,
3605 3160 3714 3199 non

2153 3232 2408 3286 continuo
2431 3232 2595 3287 etiam
2637 3241 2802 3288 tanta:
2826 3235 3150 3289 eruditionis
3181 3235 3405 3300 fuerint,
3439 3245 3497 3290 ut
3527 3236 3715 3290 altitu-

2153 3323 2336 3378 dinem
2387 3338 2582 3379 sensus
2631 3325 2749 3394 ejus
2795 3327 3010 3394 assequi
3043 3328 3343 3394 quiverint,
3368 3343 3476 3397 quu
3499 3343 3563 3382 ea
3593 3343 3723 3398 quae

2151 3416 2242 3471 ille
2276 3417 2496 3472 diverso
2518 3428 2811 3487 prospectu
2839 3434 2938 3489 pro
2987 3419 3124 3475 locis
3148 3428 3202 3475 ct
3235 3421 3416 3476 causis
3445 3423 3720 3477 disserere

2150 3508 2312 3572 solet,
2354 3509 2638 3564 advertere
2665 3510 2959 3565 valuerint.
3015 3510 3215 3568 Multos
3259 3512 3526 3575 invenias,
3579 3527 3720 3580 quos

2147 3601 2192 3654 si
2238 3600 2539 3672 interroges
2573 3603 2626 3656 in
2656 3603 2856 3672 quibus
2914 3603 3089 3668 libris,
3127 3612 3220 3658 aut
3263 3603 3316 3657 in
3346 3605 3546 3672 quibus
3583 3603 3722 3659 locis

2146 3691 2290 3744 dicta
2343 3693 2452 3746 sint
2505 3692 2620 3747 haec
2671 3708 2794 3761 quae
2829 3704 3084 3764 arguunt,
3138 3693 3252 3765 (29)
3292 3693 3623 3750 confitentur
3655 3711 3723 3750 se

2146 3783 2363 3848 quidem
2395 3783 2608 3836 nescire
2629 3796 2691 3835 ea
2721 3783 2786 3838 de
2809 3783 3008 3852 quibus
3055 3781 3348 3848 aﬂlrmant,
3383 3799 3481 3839 nec
3514 3783 3722 3854 legisse

2147 3888 2406 3940 unquam,
2432 3873 2651 3927 audisse
2673 3881 2854 3928 autem
2888 3873 3025 3928 alios
3052 3874 3316 3929 dicentes.
3352 3873 3429 3928 [is
3457 3889 3566 3944 quo
3591 3875 3712 3929 cui-

2144 3962 2229 4014 vis
2272 3961 2429 4030 plena
2474 3963 2686 4017 ridiculi
2725 3963 2996 4018 sententia
3040 3978 3230 4019 eorum
3257 3965 3555 4031 videbitur,
3581 3979 3706 4020 cum

2143 4053 2212 4107 de
2263 4053 2348 4107 bis
2384 4052 2657 4122 judicant,
2706 4061 2872 4122 atque
2916 4069 2980 4108 ea
3035 4053 3424 4118 condemnant,
3463 4069 3582 4122 quae
3609 4068 3712 4107 nec

2141 4143 2353 4199 discere
2385 4144 2602 4212 quidem
2628 4145 2802 4213 prius,
2838 4160 2901 4199 ac
2935 4161 3093 4200 nosse
3134 4154 3448 4215 potuerunt.
3490 4146 3543 4199 In
3571 4146 3714 4201 alios

2139 4251 2272 4292 vero
2310 4239 2437 4293 novi
2495 4237 2696 4293 furoris
2749 4239 2970 4292 morbus
3017 4245 3072 4292 et
3125 4238 3380 4292 inaudita)
3415 4237 3526 4304 (50)
3559 4237 3710 4291 labes

2139 4329 2363 4385 incessit
2389 4329 2637 4396 insaniae,
2669 4343 2797 4384 cum
2829 4338 2938 4384 tam
2983 4329 3146 4383 nuilta
3174 4329 3290 4398 ejus
3319 4328 3588 4383 volumina
3620 4345 3707 4384 re-

2141 4421 2279 4479 ferta
2311 4423 2473 4478 totius
2503 4422 2754 4481 utilitatis
2783 4430 2840 4477 et
2884 4422 3264 4476 instructionis
3294 4422 3621 4483 habeantur,
3651 4432 3705 4475 et

479 4519 667 4586 Deum,
696 4535 801 4577 non
832 4520 935 4581 hoc
967 4523 1108 4590 quod
1135 4523 1394 4578 mentitur
1420 4521 1733 4588 veritatem,
1771 4537 1869 4591 per
1888 4523 2030 4591 quod
2069 4543 2121 4598 Β.
2142 4515 2277 4570 satis
2303 4530 2425 4570 rara
2453 4527 2508 4570 et
2535 4528 2806 4585 perpauca
2849 4513 2988 4569 forte
3017 4513 3132 4568 loca
3163 4513 3296 4578 sint,
3323 4516 3374 4566 in
3401 4513 3596 4583 quibus
3621 4511 3707 4566 vel

475 4611 559 4667 vel
610 4611 730 4682 plus
765 4613 997 4666 donatur
1047 4612 1230 4680 rebus,
1284 4627 1446 4681 quam
1496 4613 1692 4669 merita
1717 4622 2035 4683 exposcunt,

477 4701 560 4758 vel
588 4702 926 4758 subtrahitur
963 4703 1170 4759 meritis
1215 4703 1358 4773 quod
1405 4702 1655 4758 debetur.
1699 4704 1912 4770 Quanto
1952 4720 2040 4759 re-

473 4794 614 4849 ctius
641 4801 868 4863 agerent
895 4795 1288 4849 obtrectatores
1315 4793 1427 4858 isti,
1445 4794 1490 4848 si
1513 4794 1717 4863 absque
1741 4794 1847 4850 ulla
1868 4796 2036 4851 animi

473 4885 860 4956 praaventione,
913 4884 1026 4956 (26)
1063 4898 1187 4939 cum
1244 4885 1392 4939 omni
1435 4885 1702 4956 religione
1761 4885 2030 4950 veritatis,

473 4992 632 5047 quam
669 4977 918 5032 omnibus
948 4977 1209 5045 proximis
1239 4976 1441 5032 nostris
1478 4991 1600 5031 cum
1635 4975 1902 5032 charitate
1942 4977 2034 5044 ju-

472 5070 663 5126 bemur
695 5069 1024 5140 expendere,
1057 5069 1421 5138 intelligerent
1461 5078 1516 5122 et
1558 5067 1731 5136 ipsum
1762 5084 1931 5124 unum
1960 5069 2028 5123 de

542 5165 564 5196 ⁸
587 5161 742 5218 Joan.
773 5161 998 5230 11:1,?5.
1074 5161 1095 5193 '
1129 5160 1285 5217 Prov.
1319 5177 1411 5225 xx,
1439 5161 1526 5217 10.

473 5263 670 5316 habent
709 5259 816 5324 alii,
862 5259 1196 5324 credidimus,
1236 5257 1345 5324 alii,
1389 5259 1782 5323 crediderimus;
1829 5259 2033 5332 reliqua

469 5347 598 5386 vero
629 5341 685 5383 ut
723 5331 774 5384 in
806 5341 970 5385 textu.

544 5400 654 5472 (24)
683 5399 889 5472 Merlini
919 5400 1102 5472 editio,
1139 5399 1566 5472 pltilosophalem,
1605 5399 1841 5472 quodque
1867 5417 2034 5468 parte.

473 5470 846 5525 Genebrardus
879 5470 1058 5530 habet,
1105 5470 1530 5534 philowphicam,
1574 5470 1810 5538 quodque
1864 5487 2031 5539 purw.

471 5541 598 5596 Mss.
623 5555 768 5605 vero,
798 5539 1174 5610 philosophum,
1201 5540 1337 5606 quod
1366 5555 1462 5610 que
1482 5555 1688 5610 puram.

547 5609 658 5681 (25)
698 5610 864 5678 Alias,
895 5609 1008 5677 ejus
1042 5610 1278 5674 meritis;
1307 5617 1357 5663 et
1384 5609 1542 5678 paulo
1571 5609 2034 5680 post,pr¢evidens~

473 5692 611 5740 ante,
641 5689 744 5734 etc.

543 5749 654 5820 (26)
675 5748 824 5820 Cum
856 5749 997 5803 omni
1026 5747 1292 5817 religione.
1327 5749 1450 5803 llazc
1480 5749 1642 5803 verba
1677 5749 2024 5817 reperiuntur

474 5818 526 5874 in
554 5818 744 5886 editis,
767 5820 861 5876 sed
893 5821 1221 5874 omittuntur
1270 5820 1324 5874 in
1375 5833 1504 5876 mss.
1539 5820 1761 5886 nostris,
1790 5835 2022 5891 quorum

2140 4607 2505 4675 imperitiores
2555 4606 2778 4675 quique,
2834 4605 2940 4670 vel,
2989 4607 3135 4674 quod
3196 4605 3400 4671 verius,
3448 4604 3705 4658 malevoli

2139 4715 2298 4771 posse
2343 4699 2446 4754 sibi
2492 4700 2783 4754 videantur
2829 4697 3031 4753 oifendi
3086 4715 3099 4751 :
3141 4698 3324 4752 omnia
3353 4697 3568 4766 quidem
3619 4696 3703 4749 illa

2139 4805 2261 4862 quae
2305 4800 2359 4846 et
2403 4791 2696 4855 catholica,
2727 4799 2783 4846 et
2827 4789 2894 4843 ad
2938 4788 3350 4843 aedificationem
3378 4788 3591 4850 animm,
3625 4798 3708 4840 at-

2139 4900 2246 4955 que
2271 4887 2338 4940 ad
2367 4888 2605 4943 scientia:
2632 4883 3047 4940 instructionem
3100 4885 3263 4939 etiam
3319 4885 3423 4954 ipsi
3471 4893 3596 4952 apta
3627 4883 3705 4935 fa-

2145 4987 2348 5043 tentur,
2397 4978 2653 5032 omittunt
2701 4987 2754 5032 et
2794 4978 3106 5048 negligunt;
3156 4991 3257 5030 nec
3313 4975 3513 5044 aliquid
3557 4975 3707 5038 inde,

2143 5067 2287 5122 unde
2317 5077 2544 5137 possunt
2581 5067 2694 5139 (51)
2720 5077 2775 5122 et
2797 5068 2993 5124 debent
3019 5069 3278 5135 prolicere
3305 5083 3319 5132 ;
3351 5081 3414 5121 ea
3443 5081 3570 5120 vero
3591 5064 3703 5120 sola

2138 5267 2324 5339 postea
2347 5259 2592 5329 plerique
2619 5260 2820 5315 habent
2863 5261 3138 5324 veritatis;
3174 5275 3276 5314 ms.
3308 5273 3438 5312 vero
3477 5257 3706 5328 Regius,

2136 5338 2426 5382 veritatem.

2209 5398 2321 5468 (27)
2363 5399 2516 5453 Mihi.
2547 5397 2874 5454 Restituitur
2894 5415 2960 5453 ex
2997 5415 3096 5453 ms.
3127 5398 3466 5454 Corbeiensi.

2210 5469 2322 5539 (28)
2366 5469 2526 5531 Editi,
2555 5469 2983 5539 prwjudicatrix,
3019 5486 3146 5523 mss.
3181 5469 3556 5539 pra’judicata.

2210 5537 2322 5610 (29)
2363 5539 2530 5610 Editi,
2573 5537 2942 5607 conﬁteantur,
2987 5540 3144 5595 Inale.
3179 5537 3345 5594 Paulo
3393 5549 3512 5607 post
3543 5553 3704 5601 mss.,

2138 5608 2582 5677 plena'ridieulis.

2203 5678 2317 5749 (50)
2357 5679 2535 5745 Editi,
2581 5679 2748 5733 cladis
2809 5680 3015 5733 incessit
3071 5681 3300 5733 insania.
3348 5677 3505 5743 Mss.,
3551 5688 3608 5731 ut
3650 5679 3710 5730 in

2134 5757 2315 5891 te???)
2357 5819 2528 5886 Editi,
2554 5831 2600 5876 et
2629 5820 2832 5886 debent,
2859 5819 3112 5890 proﬁcere
3137 5821 3329 5874 votum.
3363 5818 3462 5875 Ms.
3498 5815 3696 5871 Sorbe-
