4174 6408
447 363 550 420 δι)

1641 362 1698 417 S.
1741 359 2066 416 PAMPHILI
2107 360 2462 416 MARTYRIS

3585 366 3689 423 548

449 495 571 550 qua
599 480 665 535 ad
709 477 1034 534 calumniam
1083 475 1390 546 proficiant,
1425 491 1640 530 summo
1679 479 1858 532 studio
1906 476 2021 532 edi-
2051 483 2092 539 Α
2123 479 2436 546 gentilibus,
2491 488 2858 549 quantamque
2909 481 3182 538 haereticis
3232 481 3534 552 praebeant,
3562 499 3686 538 cum

447 581 641 628 scunt:
685 571 856 640 utqui
903 569 1027 623 boni
1076 568 1209 623 nihil
1235 583 1470 637 unquam
1504 569 1645 623 forte
1676 568 2012 634 didicerunt,

447 667 561 719 haec
590 678 711 733 quae
747 662 842 731 ipsi
884 675 989 713 non
1046 675 1168 714 esse
1220 660 1361 713 bona
1389 660 1594 723 dicunt,
1624 660 1870 728 apprime
1903 676 2018 714 me-

445 759 632 810 moria:
659 753 940 808 retinenda
983 753 1367 807 commendent
1391 770 1402 804 :
1431 767 1539 821 quo
1558 752 1812 806 videlicet
1843 769 2019 822 prom-

444 848 589 916 ptius
620 862 682 900 ca
709 848 1069 915 prol'erentes,
1108 845 1222 912 (59.)
1252 846 1607 898 exercitatius
1635 845 1854 900 valeant
1884 862 2017 900 con-

445 939 671 992 cinnare
696 937 1022 990 calumnias.
1077 937 1237 990 Aliud
1278 952 1494 1006 quoque
1528 947 1613 990 est
1659 953 1829 1006 genus
1851 938 2017 992 homi-

445 1044 569 1081 num
600 1026 799 1082 faedum
836 1042 966 1080 sane
1006 1036 1060 1080 et
1086 1036 1262 1095 turpe,
1293 1037 1554 1094 quantum
1585 1029 1697 1095 (55)
1728 1029 1793 1080 ad
1831 1031 2018 1096 probi-

447 1129 611 1172 tatem
649 1118 891 1187 pertinet
948 1133 1180 1178 morum.
1217 1119 1310 1170 sed
1351 1119 1420 1170 ad
1449 1117 1889 1171 calumniandum
1926 1132 2017 1172 ve-

442 1211 768 1271 hementius,
804 1221 854 1263 et
901 1209 1095 1262 tetritts
1151 1209 1216 1261 ad
1250 1209 1630 1270 incusandum,
1675 1223 1812 1278 quos
1843 1207 2012 1263 Grtcci

442 1303 554 1373 (54)
587 1302 1003 1372 φαγολοιδόρους
1052 1301 1392 1368 appellarunt
1433 1319 1445 1352 :
1485 1300 1574 1367 qui
1607 1316 1874 1353 summum
1903 1302 2018 1368 qui-

441 1397 564 1450 dem
596 1395 858 1457 stndium,
907 1394 1001 1447 sed
1047 1404 1096 1445 ct
1135 1393 1266 1446 satis
1310 1393 1575 1444 intentam
1615 1408 1836 1461 operam
1862 1393 2016 1447 libris

446 1485 562 1551 ejus
616 1484 906 1545 dederunt,
963 1484 1032 1536 ita
1077 1493 1133 1535 ut
1179 1493 1233 1534 et
1278 1483 1539 1550 magistro
1583 1498 1648 1536 eo
1681 1483 1733 1536 in
1764 1485 2014 1538 omnibus

442 1585 748 1638 uterentur,
801 1584 855 1630 et
907 1590 967 1628 se
1012 1575 1060 1628 ei
1114 1584 1373 1640 tanquam
1417 1574 1680 1642 speciales
1721 1575 2014 1644 discipulos

442 1668 820 1736 manciparent
850 1668 974 1720 :sed
1003 1666 1091 1718 ubi
1126 1665 1194 1718 ad
1230 1666 1278 1718 id
1309 1665 1407 1718 loci
1440 1676 1659 1719 ventum
1691 1677 1800 1733 est,
1828 1668 2012 1734 utjam

441 1773 500 1814 se
550 1759 834 1828 magistros
884 1757 1075 1810 malint
1139 1773 1302 1826 quam
1361 1757 1658 1825 discipulos
1719 1759 2011 1824 nominari,

2122 581 2214 622 eos
2241 583 2376 637 quos
2404 580 2702 624 assertores
2746 572 3041 626 Christiani
3083 573 3348 642 dogmatis
3393 583 3448 627 et
3493 573 3688 629 defen-

2121 671 2277 710 sores
2311 659 2594 724 putabant,
2623 659 2887 716 confutari
2918 678 3057 716 nunc
3082 663 3322 722 videant.
3363 673 3419 717 et
3449 663 3562 731 (59)
3599 679 3687 716 re-

2120 747 2226 801 felli
2258 765 2285 802 a
2321 750 2578 817 propriis,
2602 761 2656 804 et
2689 751 2832 804 velut
2860 753 3002 806 civili
3041 753 3180 807 bello
3207 754 3481 823 gaudeant
3512 754 3691 822 impu-

2119 849 2361 906 gnatum,
2387 854 2546 906 quem
2579 832 2675 908 ipsi
2708 841 2982 896 hostiliter
3011 843 3330 910 impugnare
3371 859 3474 896 non
3529 853 3680 912 pote-

2117 940 2257 984 rant.
2303 932 2568 998 Quoniam
2599 950 2726 1003 ergo
2755 935 3138 1004 quamplurimi
3171 952 3235 989 ex
3270 937 3690 1005 simplicioribus

2119 1024 2420 1091 quibusque
2460 1025 2723 1078 fratribus
2757 1041 2784 1078 a
2826 1042 2989 1094 supra
3038 1027 3202 1081 dictis
3248 1029 3534 1092 laeduntur,
3577 1029 3690 1100 (40)

2120 1130 2222 1167 non
2251 1115 2424 1169 solum
2478 1118 2544 1169 de
2598 1118 2685 1171 his
2727 1119 2818 1185 qui
2861 1119 2927 1173 de
2967 1120 3083 1188 ipso
3124 1121 3264 1174 male
3296 1122 3558 1183 sentiunt,
3595 1124 3690 1176 sed

2117 1207 2277 1260 etiam
2315 1209 2380 1261 de
2408 1208 2492 1262 his
2521 1210 2613 1277 qui
2645 1211 2825 1263 studio
2852 1212 3092 1265 scientiae
3122 1223 3176 1265 et
3211 1212 3688 1281 intelligendarttm

2120 1297 2526 1366 Scripturarum
2586 1298 2728 1352 inter
2781 1311 3011 1354 cazteros
3065 1301 3234 1355 libros
3299 1303 3462 1354 etiam
3521 1303 3691 1372 ipsius

2117 1389 2321 1456 scripta
2372 1389 2734 1457 conspiciunt,
2781 1391 2855 1445 ita
2903 1401 2961 1444 ut
3004 1392 3113 1462 (Η)
3174 1409 3271 1447 vos
3321 1408 3541 1462 quoque
3587 1395 3688 1462 ipsi

2117 1479 2169 1533 itt
2202 1482 2423 1534 dubium
2458 1483 2737 1547 veneritis,
2789 1499 2854 1537 ne
2893 1481 3036 1538 forte
3087 1485 3170 1538 vel
3226 1487 3557 1539 multitudini
3608 1486 3690 1541 vel

2115 1575 2425 1627 auctoritati
2461 1575 2910 1629 calumniatorum
2957 1577 3090 1630 fides
3118 1577 3310 1631 debeat
3341 1578 3590 1632 adhiberi
3625 1579 3689 1632 de

2117 1666 2204 1719 his
2234 1681 2355 1735 quae
2382 1668 2579 1737 passim
2617 1667 2737 1722 sine
2768 1668 2877 1722 ullo
2915 1680 3163 1738 respectu
3200 1668 3552 1724 dill‘antantur
3575 1689 3587 1723 :
3609 1671 3690 1724 vi-

2115 1773 2235 1812 sum
2271 1759 2424 1812 nobis
2463 1768 2568 1822 est,
2604 1761 2777 1826 primo
2804 1762 3024 1830 quidem
3075 1777 3272 1816 curare
3318 1763 3686 1828 suspicionem

445 1849 534 1905 ubi
570 1849 684 1920 (55)
720 1849 983 1903 auditoris
1010 1849 1230 1919 plausus
1257 1850 1457 1903 sectari
1487 1859 1699 1919 emptus
1730 1860 1836 1912 est,
1870 1852 1942 1905 ibi
1963 1851 2006 1907 si
2043 1864 2083 1918 Β
2114 1857 2382 1913 vestram;
2436 1849 2595 1904 simul
2633 1852 2796 1905 etiam
2833 1867 2930 1920 per
2951 1853 3291 1906 occasionem
3346 1853 3534 1916 vestri,
3567 1868 3687 1906 om-

445 1942 585 1995 forte
618 1940 815 2005 aliquis
860 1940 1196 1994 audientium
1258 1955 1378 2007 qua:
1427 1939 1716 1992 laudantur
1763 1941 2014 2010 Origenis

440 2035 1085 2095 esseobmurmuraverit,
1118 2047 1185 2086 ne
1207 2032 1288 2085 vel
1328 2031 1485 2085 laude
1514 2034 2009 2102 eedantmagistro,

438 2123 523 2177 vel
554 2123 972 2192 culptejudicio,
997 2123 1232 2176 alienum
1269 2138 1391 2176 esse
1419 2123 1706 2192 Origenem
1755 2125 2013 2177 continuo

442 2223 832 2282 protestantur,
868 2213 1000 2267 nihil
1039 2213 1140 2266 sibi
1175 2229 1294 2266 cum
1343 2215 1511 2283 ipsius
1560 2214 1810 2268 doctrina
1862 2230 2013 2268 com-

441 2319 602 2359 mune
626 2319 746 2358 esse
779 2305 1126 2357 confirmant.
1177 2306 1482 2358 Anathema
1543 2320 1762 2374 quoque
1811 2307 2009 2368 dicere,

439 2411 563 2450 eum
619 2411 725 2451 non
773 2394 1022 2450 dubitant
1077 2395 1342 2465 improbe,
1388 2407 1443 2450 et
1489 2398 1694 2452 inferre
1725 2398 2008 2452 maledicta

447 2502 554 2541 non
595 2495 866 2555 parcunt;
922 2502 990 2541 ne
1041 2487 1192 2540 illum
1245 2488 1462 2556 quidem
1505 2489 1858 2558 apostolicum
1903 2505 2014 2542 ser-

449 2591 662 2631 monem
707 2588 958 2632 verentes
1004 2594 1111 2648 quo
1146 2578 1418 2648 designat,
1453 2580 1580 2649 quia
1631 2581 1876 2636 maledici
1927 2598 2011 2634 re-

441 2685 607 2740 gnum
661 2668 756 2723 Dei
810 2685 915 2723 non
975 2670 1327 2740 possidebunt
1367 2671 1434 2727 ¹⁰.
1476 2672 1536 2725 1η
1581 2682 1788 2725 tantum
1829 2682 2008 2725 autem

438 2763 656 2825 horum,
707 2763 772 2815 de
827 2762 1026 2829 quibus
1079 2761 1190 2830 (56)
1242 2778 1404 2831 supra
1438 2763 1696 2826 diximus,
1727 2777 2008 2831 progressa

436 2852 641 2906 malitia
670 2863 777 2916 est,
809 2865 866 2906 ut
900 2853 1121 2920 quidam
1159 2854 1324 2905 etiam
1359 2854 1719 2908 conscribere
1747 2854 2010 2908 adversus

437 2961 561 2999 eum
592 2946 707 3000 ausi
739 2947 870 3009 sint,
899 2956 952 2999 et
991 2944 1188 2999 libellis
1243 2946 1404 2999 editis
1455 2946 1721 3016 derogare
1769 2946 1818 2999 ei
1870 2946 2007 3008 viro,

438 3036 529 3105 qui
560 3051 656 3105 per
690 3046 767 3088 tot
815 3051 990 3090 annos
1042 3037 1307 3107 magister
1339 3035 1595 3089 Ecclesiae
1645 3034 1766 3099 luit,
1815 3036 1907 3104 qui
1957 3037 2008 3088 in

442 3125 685 3179 Ecclesia
728 3126 840 3195 (37)
895 3126 1161 3180 catholica
1215 3129 1415 3188 senuit,
1465 3127 1555 3195 qui
1611 3127 1872 3181 adversus
1917 3141 2010 3179 eas

2123 1939 2266 1990 nium
2293 1940 2382 2006 qui
2417 1941 2464 1992 ei
2498 1940 2809 1995 obtrectant
2835 1942 3120 1995 confutare
3163 1943 3491 1997 calumnias.
3534 1942 3687 2009 Quod

2121 2031 2190 2081 ita
2234 2031 2393 2084 nobis
2433 2034 2687 2100 prosequi
2739 2036 2937 2087 rectius
2981 2035 3154 2087 visum
3198 2045 3306 2097 est,
3347 2035 3458 2105 (42)
3497 2045 3554 2088 ιιι
3583 2051 3686 2089 non

2121 2120 2319 2174 nostris
2351 2123 2528 2176 verbis
2577 2133 2630 2176 et
2674 2124 3067 2178 assertionibus
3113 2125 3488 2178 defensionem
3536 2139 3689 2194 pare-

2122 2225 2266 2273 mus,
2317 2212 2408 2264 sed
2459 2226 2524 2265 ex
2573 2199 2688 2268 suis
2739 2215 2973 2283 prOpriis
3030 2217 3277 2281 vocibus,
3329 2215 3529 2286 quibus
3577 2219 3689 2286 ipse

2119 2301 2297 2354 aliena
2354 2301 2456 2355 sibi
2506 2304 2621 2358 hmc
2663 2318 2808 2368 esse,
2849 2321 2968 2373 quae
3018 2307 3103 2359 i‘sti
3150 2307 3432 2371 objiciunt,
3473 2309 3690 2377 proprio

2119 2407 2370 2447 sermone
2398 2403 2651 2460 testatur,
2686 2395 2736 2448 id
2761 2405 2865 2461 est,
2898 2412 3057 2451 omne
3089 2398 3347 2466 quidquid
3382 2410 3581 2468 praeter
3625 2401 3688 2452 lio

2120 2485 2241 2536 dem
2290 2487 2612 2540 catholicam
2649 2489 2998 2555 prmdicatur:
3033 2490 3156 2558 quia
3191 2491 3235 2543 si
3271 2492 3472 2545 nostris
3506 2493 3690 2546 verbis

2120 2575 2231 2628 hare
2300 2591 2543 2630 asserere
2593 2579 2843 2642 velimus,
2902 2580 3258 2645 suspiciosum
3327 2581 3494 2633 videri
3553 2580 3691 2634 forte

2119 2669 2306 2736 possit,
2361 2685 2428 2722 eo
2479 2673 2621 2738 quod
2671 2685 2771 2723 nos
2809 2685 2995 2724 amore
3043 2670 3156 2739 (45)
3201 2672 3316 2738 ejus
3344 2672 3387 2724 si
3423 2673 3550 2738 quid
3579 2673 3692 2741 ipse

2120 2774 2282 2827 prave
2324 2761 2557 2814 senserit
2586 2761 2966 2815 celaveritnus.
3007 2760 3108 2815 Ubi
3159 2775 3341 2815 autem
3371 2763 3490 2830 ejus
3523 2763 3692 2832 ipsius

2117 2851 2207 2919 qui
2233 2862 2526 2906 accusatur
2551 2854 2776 2906 vocibus
2812 2855 3038 2919 utimur,
3090 2864 3144 2908 et
3189 2856 3253 2907 ad
3293 2870 3481 2907 omnes
3537 2853 3688 2921 obje-

2127 2943 2333 2996 «tiones
2379 2957 2756 2997 accusatorum
2788 2945 2904 2998 suis
2956 2946 3133 2999 verbis
3173 2962 3319 3009 cum,
3357 2961 3459 2999 non
3501 2955 3687 3000 nostra

2117 3035 2440 3100 assertione,
2503 3035 2864 3101 defendimus,
2920 3051 3040 3104 qua:
3113 3038 3249 3091 ultra
3312 3037 3538 3105 relinqui
3591 3051 3687 3104 po-

2119 3132 2223 3178 test
2250 3124 2364 3193 (Η)
2389 3125 2789 3178 criminationis
2827 3128 3063 3191 occasio,
3099 3129 3290 3181 saltem
3324 3126 3406 3180 his
3431 3127 3562 3194 ipsis
3593 3127 3685 3196 qui

442 3219 696 3283 haereses,
722 3233 841 3284 quae
861 3201 966 3272 ἰιιο
995 3226 1239 3285 tempore
1263 3215 1564 3270 Ecclesiam
1598 3218 2006 3286 impugnabant,
2037 3223 2078 3280 C
2115 3231 2220 3268 non
2259 3217 2368 3270 veri
2401 3217 2602 3279 studio,
2633 3217 2724 3270 sed
2757 3219 2898 3272 velut
2925 3219 3146 3272 libidine
3167 3219 3398 3288 quadam
3428 3217 3684 3287 culpandi

441 3308 513 3360 ita
559 3317 896 3371 constanter,
962 3307 1032 3359 ita
1095 3305 1308 3359 fortiter
1360 3307 1661 3370 dimicavit,
1715 3314 1772 3359 ut
1825 3307 2008 3358 omnia

445 3415 633 3454 eorum
697 3401 976 3453 diabolica:
1022 3402 1440 3455 machinationis
1491 3401 1837 3456 fundamenta
1887 3403 2016 3454 subc

440 3490 689 3551 verterit,
721 3504 829 3543 non
857 3490 1166 3544 studiorum
1197 3491 1458 3557 laborem,
1494 3507 1599 3546 non
1629 3492 2010 3558 continentiae,

442 3597 546 3636 non
575 3583 954 3648 institutionis,
984 3598 1088 3636 non
1121 3584 1464 3649 humilitatis;
1495 3599 1615 3652 quae
1656 3598 1820 3654 super
1847 3593 2010 3637 Caete-

442 3689 532 3728 ras
558 3689 748 3728 omnes
780 3675 1008 3729 virtutes
1030 3674 1145 3742 ejus
1165 3677 1458 3730 maximam
1484 3677 1715 3745 gratiam
1747 3679 2008 3741 continet,

443 3779 549 3818 non
575 3765 704 3818 illud
742 3775 890 3820 certe
922 3767 1335 3821 considerantes
1379 3771 1524 3836 quod
1560 3768 1883 3838 presbyterii
1932 3768 2012 3821 die

440 3856 643 3924 gnitate
671 3856 723 3910 in
758 3857 997 3911 Ecclesia
1030 3858 1327 3911 honoratus
1356 3871 1459 3912 est.
1489 3860 1619 3924 Quae
1640 3859 1684 3912 si
1717 3859 1899 3912 omnia
1933 3858 2000 3911 ad

444 3949 805 4002 revocandam
855 3948 1116 4016 linguam.
1183 3951 1759 4020 comprimendumque
1808 3965 2015 4003 sermo.

444 4056 564 4094 nem
610 4042 860 4094 sullicere
913 4057 1018 4095 non
1073 4051 1317 4110 possnnl,
1373 4042 1499 4095 illml
1547 4042 1738 4097 saltem
1773 4051 2016 4097 coment-

438 4131 577 4200 piari
620 4132 938 4197 debuerant,
981 4145 1241 4202 quantam
1297 4134 1412 4204 (58)
1469 4135 1680 4188 ridendi
1729 4137 2012 4188 materiam

517 4294 612 4367 ‘°_l
645 4297 769 4352 Cor.
799 4313 874 4364 vt,
907 4298 994 4353 lO.

2114 3320 2328 3373 semper
2375 3306 2681 3375 agitantur?
2732 3307 2797 3360 Et
2829 3309 3085 3376 quoniam
3118 3310 3181 3362 de
3211 3324 3275 3362 eo
3324 3325 3466 3362 nunc
3508 3324 3690 3363 sermo

2113 3405 2216 3458 est,
2268 3397 2359 3464 qui
2411 3397 2598 3466 utique
2640 3399 2780 3467 apud
2831 3399 3082 3454 homines
3137 3399 3425 3454 defunctus
3457 3408 3562 3465 est,
3593 3401 3690 3470 qui

2116 3489 2256 3557 apud
2295 3488 2408 3558 (45)
2451 3503 2639 3543 omnes
2684 3490 2899 3559 judices
2951 3506 3047 3559 pro
3095 3490 3348 3544 defuncto
3398 3491 3596 3547 fortius
3637 3501 3693 3546 et

2120 3580 2328 3635 lirtnius
2376 3580 2556 3635 valere
2605 3583 2785 3648 debet,
2831 3598 2995 3652 quam
3043 3593 3098 3636 et
3138 3583 3352 3647 littcrte,
3389 3593 3444 3637 et
3487 3584 3690 3654 scripta

2119 3670 2358 3725 defuncti
2383 3671 2407 3725 ?

2188 3763 2512 3833 lncipientes
2567 3764 2731 3835 igitur
2798 3766 3012 3821 indiciis
3079 3767 3404 3833 scriptorum
3465 3783 3690 3822 suorum

2120 3857 2411 3909 ostendere
2441 3857 2568 3926 quid
2615 3859 2680 3910 de
2718 3857 2944 3925 singulis
2984 3859 3234 3922 senserit,
3271 3874 3337 3911 ex
3372 3860 3455 3912 his
3499 3860 3691 3926 prmci-

2120 3965 2226 4018 pue
2281 3949 2440 4003 libris
2506 3950 2815 4004 testimonia
2866 3949 3333 4019 congregahimus,
3389 3949 3502 4019 (46)
3555 3967 3692 4019 quos

2123 4054 2469 4098 accusatores
2494 4042 2610 4112 ejus
2643 4058 2803 4112 quam
2829 4042 3063 4096 maxime
3091 4041 3467 4122 criminantur,
3503 4043 3552 4095 id
3581 4052 3691 4107 est,

2121 4150 2260 4203 quos
2315 4151 2413 4206 per
2461 4136 2696 4206 spatium
2740 4144 2796 4190 et
2832 4136 3070 4204 quietem
3117 4135 3168 4188 in
3201 4143 3411 4190 secreto
3442 4135 3690 4190 conscri-

437 4440 615 4517 nieus,
659 4449 733 4517 et‘
756 4443 940 4495 debent
987 4443 1260 4512 proﬁcere,
1310 4455 1608 4498 assumunt.
1644 4442 1838 4498 Caneri
1880 4458 2005 4498 vero
2035 4458 2084 4517 ι)
2112 4440 2558 4517 ηιεει.η[›1.ςι·ἰιῐιιεξ.
2612 4439 2776 4517 ipsius
2805 4437 3009 4517 _scripta
3043 4437 3348 4505 conﬁciunt,
3386 4436 3547 4517 male.

439 4514 598 4574 :nés.,
627 4519 686 4564 ut
722 4511 773 4564 in
807 4522 981 4566 textu.

510 4580 622 4652 (52)
667 4581 875 4635 Merlini
907 4583 1069 4636 editio
1099 4599 1381 4652 perperam
1419 4585 1605 4650 habet,
1652 4585 1880 4636 exterius
1914 4600 2004 4636 va-

438 4650 580 4704 leant
605 4650 912 4706 continuare
945 4650 1260 4708 calumnias.
1294 4653 1420 4706 Mss.
1455 4654 1654 4708 habent
1695 4655 2001 4716 exercitius,

441 4732 538 4788 pro
567 4723 926 4786 exercitatius,
952 4733 1148 4776 caetera
1183 4739 1312 4777 vero
1341 4734 1398 4776 ιιι
1428 4725 1478 4776 itt
1519 4735 1684 4776 textu.

513 4790 624 4860 (55)
664 4791 1061 4854 Genebrardus,
1087 4795 1155 4844 ad
1178 4795 1558 4861 probationem,
1615 4793 1774 4846 male.

514 4862 626 4930 (54)
671 4861 743 4915 Ita
802 4863 1080 4930 legendum
1130 4866 1360 4916 videtur.
1407 4863 1614 4916 Merlttti
1668 4878 1796 4916 vero
1841 4863 2006 4915 editio

444 4932 737 5003 μάστιγας.
768 4932 945 4986 Codex
986 4933 1342 5003 Sorliotticus,
1373 4932 1860 5002 Phangoloedoros.
1893 4933 2008 4986 Ca:-

443 5001 538 5056 teri
575 5019 708 5055 mss.
737 5004 965 5064 etediti,
997 5001 1443 5071 Phagoloedoros.

509 5071 626 5144 (55)
668 5071 792 5126 Mss.
822 5075 1064 5144 quidam,
1095 5071 1446 5138 auditoribus,
1477 5073 1548 5126 al.
1583 5073 1645 5126 ab
1677 5073 2008 5124 auditoribus

442 5142 538 5214 [al.
571 5143 927 5213 auditorum].
980 5143 1181 5196 Deinde
1229 5144 1390 5198 tidem
1433 5159 1589 5208 mss.,
1633 5143 1826 5212 aliquis
1857 5158 2010 5196 acce-

441 5215 764 5266 dentium...
791 5215 1220 5266 obmurmuravtt.

512 5284 623 5352 (56)
667 5283 858 5348 Supra.
893 5285 1054 5337 Deest
1088 5285 1139 5336 in
1173 5284 1354 5348 editis,
1382 5292 1435 5338 et
1457 5284 1736 5352 suppletur
1766 5298 1831 5337 ex
1877 5296 2008 5336 mss.

511 5356 624 5422 (57)
667 5353 961 5408 Catholica.
994 5353 1439 5408 Prattertnittitur
1469 5357 1518 5407 in
1543 5356 1724 5406 editis.

512 5424 625 5491 (58)
679 5425 816 5477 Editi
857 5424 1158 5487 irridendi;
1203 5425 1398 5478 deinde
1435 5423 1842 5486 Genebrardus,
1905 5422 2004 5474 tri-

441 5493 601 5546 buant
630 5510 726 5563 pro
781 5493 1043 5562 praebeant
1070 5509 1086 5546 :
1110 5505 1165 5547 et
1191 5495 1350 5562 paulo
1395 5503 1518 5564 post
1554 5511 1655 5548 tus.
1681 5510 1818 5547 unus
1851 5495 2013 5547 habet

438 5576 622 5630 putant
658 5579 754 5632 pro
787 5565 1063 5632 putabant.

508 5635 620 5705 (59)
664 5637 737 5705 Ita
769 5635 1071 5698 mss.,editi
1109 5649 1258 5701 vero,
1296 5634 1495 5705 repelli.

508 5701 619 5774 (40)
659 5704 747 5758 Sic
773 5715 918 5759 recte
948 5719 1079 5758 mss.
1118 5701 1577 5773 quidatnLCzeteri
1600 5720 1747 5768 vero,
1780 5713 1834 5757 et
1859 5701 2008 5764 editi,

441 5791 539 5828 non
566 5776 734 5829 solum
759 5787 811 5830 ut
837 5775 931 5847 (al.
948 5774 1135 5844 qm]de
1162 5775 1271 5844 ipso
1295 5776 1428 5830 male
1445 5777 1692 5830 sentiant.
1715 5775 1879 5830 l’aulo
1897 5786 2015 5842 post

2183 4511 2294 4581 (bl)
2337 4509 2544 4562 Merlini
2577 4509 2766 4581 editio,
2797 4509 2873 4559 ita
2915 4521 2969 4581 ut
2998 4525 3095 4581 nos
3139 4522 3344 4581 quoque
3384 4508 3482 4581 ipsi
3508 4508 3559 4559 in
3591 4508 3693 4560 du-

2108 4578 2250 4633 bium
2272 4578 2585 4643 ueneriinus,
2613 4594 2676 4630 ne
2703 4578 2839 4647 forte
2864 4578 2936 4632 rel
2968 4578 3364 4630 multitudini...
3389 4578 3569 4647 debeat
3601 4581 3694 4629 ad-

2106 4651 2293 4703 hiberi.
2351 4649 2450 4701 Ms.
2503 4645 2836 4702 Sorhonicus
2885 4660 2938 4702 et
2991 4647 3048 4704 S.
3111 4647 3388 4700 Michaelis
3440 4646 3489 4697 itt
3539 4645 3692 4700 Peri-

2108 4722 2230 4774 culo
2261 4723 2450 4780 maris,
2471 4721 2708 4771 timentes
2739 4729 2791 4770 ut
2816 4729 2862 4771 et
2899 4734 2985 4771 vos
3016 4733 3219 4785 quoque
3250 4719 3350 4783 ipsi
3377 4719 3430 4768 in
3459 4718 3687 4769 dubium

2108 4791 2370 4852 reuiretis,
2406 4805 2467 4842 ne
2493 4791 2626 4854 forte
2663 4799 2716 4840 ut
2751 4789 3151 4840 multitudini...
3178 4787 3386 4839 deberet
3421 4787 3687 4839 adhiberi.

2108 4860 2301 4915 Cteteri
2338 4875 2495 4923 tnss.,
2525 4870 2578 4910 ut
2614 4876 2700 4912 vos
2732 4874 2936 4927 quoque
2968 4858 3064 4923 ipsi
3093 4861 3146 4909 in
3177 4857 3391 4927 dubium
3425 4856 3687 4927 ueniretis,

2109 4947 2172 4983 ne
2207 4930 2342 4999 forte
2373 4941 2461 4982 aut
2504 4926 2927 4981 multitudini....
2963 4931 3168 4999 deberet
3203 4926 3459 4999 adhiberi.
3481 4927 3690 4999 ininde

2109 4993 2262 5062 editi,
2295 5001 2494 5067 passim
2543 5009 2592 5052 et
2635 5000 2744 5052 sine
2797 5008 3049 5067 respectu.
3106 4995 3274 5049 Paulo
3319 5005 3441 5064 post
3478 4993 3687 5048 Merlini

2111 5071 2300 5132 editio,
2330 5070 2680 5137 suspicionem
2701 5080 2958 5132 nostram,
2999 5068 3158 5119 simul
3198 5067 3358 5118 etiam
3407 5079 3501 5132 per
3535 5081 3690 5117 occaa

2112 5141 2313 5193 sionem
2345 5144 2536 5197 nostri,
2571 5149 2676 5192 etc.

2183 5209 2327 5280 (42),
2358 5211 2482 5262 Mss.
2531 5207 2862 5280 Sorboniaﬁus
2907 5218 2962 5261 et
3017 5204 3435 5280 S._7Michaelis,
3489 5211 3546 5256 ut
3585 5220 3688 5255 non

2115 5277 2288 5333 nostri
2318 5279 2410 5347 (al.
2444 5277 2625 5349 vestri]
2662 5279 2798 5331 verbi
2822 5278 3358 5349 assertionibus,retc.

2186 5350 2298 5421 (45)
2318 5343 2500 5418 Ἐλιιδ,
2527 5359 2581 5401 et
2609 5343 2769 5421 paulo
2798 5359 2940 5416 post,
2966 5359 3186 5421 utimur,
3213 5348 3408 5421 desunt
3437 5345 3490 5398 in
3507 5343 3686 5398 editis.

2187 5418 2298 5490 (44)
2345 5421 2418 5471 Ita
2461 5434 2590 5472 mss.
2631 5419 2767 5470 Εὐιιί
2806 5435 2955 5478 vero.
2982 5418 3435 5470 criminatoribus.

2189 5484 2302 5561 (45)
2345 5491 2433 5542 Sic
2477 5501 2620 5561 recte
2651 5503 2779 5561 mss.
2814 5490 2954 5544 Editi
2984 5502 3134 5548 vero,
3166 5489 3404 5539 homines
3447 5484 3684 5553 judices.

2117 5557 2377 5614 Met-linus
2412 5559 2611 5611 omittit
2637 5557 2862 5625 judices.

2190 5631 2305 5696 (46)
2347 5629 2476 5684 Mss.
2504 5624 2702 5690 nostri,
2728 5646 2845 5697 qute
2883 5637 3237 5698 accusatores_
3259 5626 3466 5698 ejus....
3508 5624 3558 5676 id
3591 5633 3689 5698 est2

2117 5718 2233 5772 qua:
2263 5691 2353 5767 per
2390 5699 2714 5764 spatium....
2739 5691 2861 5756 Ἰιωο
2882 5700 3044 5766 enim,
3068 5708 3179 5754 etc.
3205 5691 3311 5752 Sed
3340 5697 3538 5751 rectius
3557 5691 3693 5748 editi

2121 5771 2178 5826 ιιι
2208 5771 2258 5824 in
2294 5779 2464 5824 textu.
