4174 6404
423 399 539 460 ’549

432 520 546 592 psit
570 537 586 574 :
607 518 710 574 hos
729 514 875 571 enim
905 518 1156 568 asserunt
1179 507 1414 564 maxime
1442 520 1472 559 a
1503 503 1887 575 prmdicatione
1916 515 2006 555 ec-
2038 505 2078 555 Λ

433 601 737 666 ciesiastica
763 604 1104 672 discrepare:
1133 615 1200 654 ex
1224 598 1310 653 his
1333 596 1604 666 prmcipue
1644 593 1823 655 libris,
1871 607 2008 662 quos

434 699 573 769 Περὶ
593 694 800 768 ἀρχῶν
847 692 1166 755 attitulavit,
1204 691 1256 743 in
1289 689 1487 758 quibus
1532 686 1926 756 quampiurima
1975 699 2003 736 a

430 788 918 846 calumniatoribus
951 787 1293 839 iucusantur.
1329 780 1383 834 In
1420 780 1509 858 his
1548 793 1680 849 ergo
1723 775 1835 847 (47)
1879 775 2008 845 ipsis

437 882 576 934 inter
611 879 874 948 principia
905 875 1047 946 quali
1077 873 1420 944 expositione
1453 870 1576 924 ﬁdei
1610 885 1738 923 usus
1770 869 1841 922 sit
1881 881 2006 936 pro-

439 971 673 1024 feremus
707 987 719 1022 :
759 978 870 1022 tum
905 966 1103 1021 deinde
1154 975 1210 1019 et
1249 980 1317 1019 ex
1366 964 1455 1017 his
1502 977 1623 1032 qua:
1654 963 1882 1030 sparsim
1925 960 2004 1014 vel

437 1076 536 1130 per
586 1062 731 1129 ipsos
789 1059 957 1112 libros
1005 1056 1091 1112 vel
1118 1067 1346 1112 cmteros
1384 1055 1579 1119 sensit,
1611 1053 2007 1123 assignabimus

439 1166 562 1206 eum
614 1151 1054 1220 praedicationem
1123 1149 1472 1218 apostolicam
1545 1147 1862 1202 custodisse.
1911 1144 2009 1198 Est

427 1258 566 1312 ergo
593 1243 753 1298 lectio
787 1259 855 1296 ex
883 1243 1058 1312 primo
1085 1242 1223 1296 libro
1263 1243 1403 1311 Περὶ
1421 1239 1642 1310 ἀρχῶν,
1693 1254 1852 1309 quam
1876 1252 2004 1306 pro-

438 1335 704 1399 misimus,
731 1333 866 1388 hate.

1070 1423 1296 1480 CAPUT
1337 1423 1377 1478 l.

650 1515 936 1586 Catalogus
970 1515 1342 1570 ecclesiastica:
1376 1514 1792 1582 prwdicationis.

507 1607 796 1664 ORIGENES.
827 1609 940 1679 (48)
978 1626 998 1658 t
1036 1607 1190 1662 Sicut
1213 1607 1381 1669 enim,
1415 1605 1598 1660 multis
1626 1605 1766 1673 apud
1789 1603 2008 1658 Graecos

426 1710 490 1756 et
525 1703 788 1757 barbaros
835 1700 1208 1769 pollicentibus
1241 1699 1537 1759 veritatem,
1573 1695 1683 1769 (49)
1712 1697 2008 1752 des-ivitnns

422 1793 576 1860 apud
607 1805 798 1847 omnes
824 1805 940 1844 eatn
971 1803 1220 1858 quaerere
1248 1788 1340 1857 qui
1373 1802 1493 1842 eam
1542 1787 1694 1842 falsis
1740 1786 2006 1857 Opinioui-

1633 376 1972 437 APOLOGIA
2010 374 2148 430 PRO
2185 368 2490 428 ORIGENE

3581 358 3689 419 550

2106 494 2272 557 Enos,
2301 493 2506 558 Enoch,
2561 487 2696 554 Noe,
2745 486 2894 554 Sem,
2939 486 3238 549 Abraham,
3292 482 3683 549 lsaac,Jacob,

2115 587 2398 641 duodecim
2435 584 2896 652 patriarcharum,
2929 578 3130 649 Moysis
3161 587 3218 633 et
3245 579 3637 646 prophetarum
3668 594 3681 630 :

2114 687 2171 732 et
2210 677 2352 745 quod
2393 676 2480 730 hic
2536 674 2678 729 Deus
2717 673 2770 726 in
2818 669 3133 726 novissimis
3163 667 3373 732 diebus,
3412 668 3558 722 sicut
3590 682 3689 736 per

2115 770 2404 838 prophetas
2443 781 2570 821 suos
2621 774 2749 820 ante
2791 763 3138 833 promiserat,
3194 761 3340 814 misit
3389 761 3676 814 Domi-num

2115 859 2298 914 Jesutn
2340 857 2643 921 Christum,
2670 857 2849 926 primo
2878 854 3097 922 quidem
3127 863 3443 906 vocaturum
3492 851 3684 915 Israel,

2114 950 2351 1004 secundo
2382 962 2510 1001 vero
2559 948 2724 1000 etiam
2773 954 2960 1016 gentes
3008 953 3131 1012 post
3174 944 3456 1010 perﬁdiam
3504 942 3687 1009 populi

2115 1042 2299 1096 lsrael.
2335 1041 2434 1095 llic
2462 1039 2602 1093 Deus
2629 1039 2807 1108 justus
2837 1049 2890 1093 et
2920 1039 3118 1100 bonus,
3152 1034 3315 1090 Pater
3343 1035 3554 1089 Domini
3585 1049 3687 1089 no-

2123 1133 2375 1190 stri'Jesu
2421 1133 2650 1196 Christi,
2685 1132 2877 1200 legem,
2920 1141 2973 1185 et
3007 1131 3319 1201 prOphetas,
3356 1140 3410 1182 et
3446 1128 3688 1198 Evange-

2125 1227 2192 1280 lia
2232 1227 2345 1294 ipse
2372 1226 2538 1290 dedit,
2573 1225 2665 1293 qui
2693 1234 2747 1278 et
2769 1224 3134 1294 apostolorum
3174 1223 3316 1276 Deus
3356 1232 3458 1287 est,
3501 1231 3556 1276 et
3585 1221 3687 1275 Ve-

2117 1319 2247 1372 teris
2274 1327 2330 1370 et
2368 1316 2498 1371 Novi
2531 1317 2886 1372 'l‘estamenti-
2937 1315 3075 1370 Tum
3119 1314 3317 1369 deinde
3365 1315 3490 1384 quia
3526 1314 3683 1368 Chri-

2113 1417 2229 1463 stus
2276 1407 2434 1463 Jesus
2471 1409 2586 1478 ipse
2635 1409 2730 1477 qui
2778 1408 2945 1472 venit,
2970 1416 3097 1462 ante
3121 1421 3337 1461 omnem
3377 1415 3684 1459 creaturam

2116 1513 2276 1556 natus
2301 1517 2367 1556 ex
2393 1501 2554 1557 Patre
2582 1513 2687 1556 est.
2720 1501 2820 1568 Qui
2865 1517 2988 1557 cum
3016 1501 3070 1556 in
3098 1500 3340 1556 omnium
3377 1501 3688 1554 conditione

2115 1594 2260 1647 Patri
2291 1595 2656 1649 ministrasset
2687 1593 2800 1664 (per
2843 1595 3019 1663 ipsum
3065 1609 3300 1662 namque
3331 1594 3508 1646 omnia
3545 1591 3688 1661 facta

2115 1698 2234 1740 sunt
2266 1687 2356 1756 ι’³)
2390 1686 2701 1741 novissimis
2739 1687 3072 1756 temporibus
3097 1688 3332 1754 seipsum
3370 1686 3688 1740 exinaniens

2116 1780 2279 1835 homo
2311 1779 2488 1834 factus
2522 1788 2648 1846 est;
2682 1779 3002 1834 incarnatus
3048 1789 3132 1833 est
3172 1793 3297 1833 cum
3329 1777 3468 1833 Deus
3514 1787 3683 1843 esset,

438 1881 538 1931 hns
607 1879 949 1940 asserebant,
1001 1887 1355 1945 posteaquam
1418 1875 1752 1930 credidimus
1812 1875 2008 1929 Filium
2040 1867 2082 1922 B
2112 1883 2165 1926 et
2192 1873 2353 1927 homo
2387 1872 2562 1926 factus
2618 1873 2819 1926 mansit
2848 1872 2992 1941 quod
3022 1882 3140 1925 erat
3163 1873 3324 1926 Deus.
3355 1870 3563 1938 Corpus
3600 1885 3690 1925 as-

427 1982 555 2022 essc
583 1968 672 2023 Dei
705 1967 1017 2031 Christum,
1075 1976 1131 2021 et
1183 1967 1251 2021 ab
1294 1965 1410 2036 ipso
1441 1966 1600 2020 nobis
1629 1964 1769 2018 hanc
1797 1966 2010 2018 discen-

435 2060 558 2112 dam
601 2073 724 2113 esse
772 2057 1140 2126 persuasimus
1185 2079 1201 2112 :
1241 2057 1334 2124 ita,
1360 2072 1482 2112 cum
1516 2056 1669 2110 multi
1696 2057 1804 2110 sint
1834 2057 1925 2125 qui
1952 2071 2011 2110 se

433 2158 624 2216 putant
654 2151 857 2203 sentire
885 2162 1008 2218 quas
1036 2147 1240 2202 Christi
1271 2157 1417 2215 sunt,
1447 2155 1504 2201 et
1536 2147 1779 2201 nonnulli
1813 2161 2003 2201 eorum

427 2240 644 2294 diversa
695 2254 723 2292 a
769 2238 1042 2309 prioribus
1093 2240 1355 2304 sentiant,
1403 2246 1648 2292 servetur
1679 2253 1810 2292 vero
1837 2237 2013 2292 eccle-

428 2329 651 2383 siastica
705 2329 1020 2397 praedicatio
1067 2343 1166 2396 per
1211 2328 1583 2382 successionis
1631 2327 1880 2382 ordinem
1943 2329 2012 2382 ah

431 2423 692 2488 apostolis
722 2419 941 2484 tradita,
977 2428 1032 2474 et
1057 2433 1230 2489 usque
1261 2419 1327 2473 ad
1365 2433 1603 2488 praesens
1651 2421 1704 2474 in
1745 2419 2009 2475 Ecclesiis

433 2526 782 2580 permanens,
834 2511 925 2565 illa
975 2510 1088 2565 sola
1121 2511 1388 2565 credenda
1417 2519 1500 2564 est
1530 2511 1757 2576 veritas,
1787 2526 1906 2579 quae
1947 2512 2000 2565 iu

433 2605 576 2657 nullo
608 2605 675 2658 ab
701 2603 1066 2658 ecclesiastica
1094 2603 1393 2658 traditione
1441 2603 1745 2658 discordat.
1781 2603 1896 2675 (50)
1945 2605 2012 2656 ll-

433 2694 524 2749 lud
562 2704 742 2749 autem
775 2695 919 2749 seire
959 2703 1198 2764 Oportet,
1250 2695 1508 2765 quoniam
1559 2696 1734 2750 sancti
1780 2697 2009 2763 apostoli

435 2785 592 2841 ﬁdem
633 2785 834 2842 Christi
879 2787 1252 2857 pradicantes,
1298 2789 1366 2841 de
1413 2788 1734 2856 quihusdam
1791 2789 2006 2857 quidem

433 2892 769 2949 quaecunque
815 2879 1127 2934 necessaria
1182 2879 1534 2934 crediderunt
1587 2878 1840 2932 omnibus
1888 2894 2010 2931 cre-

433 2970 708 3034 dentibus,
757 2970 918 3025 etiam
975 2971 1061 3024 his
1099 2970 1190 3039 qui
1235 2970 1503 3041 pigriores
1542 2984 1669 3041 erga
1704 2971 2012 3039 inquisitio-

435 3077 556 3115 nem
621 3059 816 3116 di'vinte
876 3061 1117 3117 scientia:
1165 3060 1512 3128 videbantur,
1571 3061 2012 3117 manifestissime

435 3153 797 3219 tradiderunt,
852 3153 1119 3208 rationem
1180 3152 1394 3208 scilicet
1438 3153 1762 3208 assertionis
1815 3167 2004 3208 eorum

434 3245 810 3314 relinquentes
851 3245 919 3300 ab
965 3245 1050 3300 his
1083 3245 1466 3315 inquirendam
1501 3245 1615 3316 (51)
1649 3245 1738 3314 qui
1770 3245 2005 3315 Spiritus

433 3339 572 3392 dona
598 3336 941 3402 excellentia,
973 3346 1028 3392 et
1065 3339 1337 3406 prtecipue
1369 3336 1660 3404 sermonis,
1699 3339 2003 3407 sapientiae,

377 3495 384 3502 .
431 3435 487 3482 et
515 3427 754 3482 scientias
789 3443 886 3496 per
913 3428 1088 3496 ipsum
1118 3427 1381 3496 Spiritum
1419 3438 1671 3481 sanctum
1717 3430 2007 3498 percipere

438 3519 825 3574 merebantur:
862 3521 928 3574 de
967 3519 1090 3574 aliis
1137 3533 1268 3575 vero
1309 3519 1566 3574 dixerunt
1609 3522 1827 3590 quidem
1880 3523 2007 3592 quia

437 3610 580 3672 sint,
612 3609 884 3678 quomodo
931 3618 1132 3673 autem,
1181 3618 1274 3663 aut
1321 3610 1463 3663 unde
1510 3610 1638 3676 sint,
1695 3611 2004 3667 siluerunt:

439 3701 680 3769 profecto
714 3711 773 3756 ut
797 3701 1156 3756 studiosiores
1181 3701 1379 3771 quique
1405 3716 1473 3755 ex
1499 3703 1734 3771 posteris
1755 3705 1868 3759 suis
1888 3705 2007 3775 (δὲ)

436 3803 709 3848 amatores
740 3793 1020 3861 sapientiae
1049 3802 1104 3848 et
1138 3793 1403 3859 scientiae,
1432 3795 1757 3850 exercitium
1806 3797 2008 3853 habere

436 3890 672 3947 possent,
701 3882 754 3935 in
781 3895 888 3950 quo
917 3881 1119 3952 ingenii
1155 3881 1239 3936 sui
1270 3881 1508 3938 fructum
1540 3886 1832 3940 ostendere
1859 3887 2008 3942 vale-

437 3981 578 4036 rent,
615 3974 667 4026 hi
697 3973 952 4028 videlicet
979 3973 1072 4042 qui
1114 3973 1306 4044 dignos
1333 3987 1392 4028 se
1427 3982 1483 4027 et
1517 3989 1746 4044 capaces
1795 3979 2010 4047 sapien-

440 4064 526 4118 tia:
556 4075 946 4147 praepararent.
969 4065 1191 4135 Species
1231 4079 1356 4120 vero
1388 4081 1574 4120 eorum
1605 4082 1726 4136 quae
1752 4083 1850 4138 per
1875 4085 2010 4138 prae-

433 4157 759 4212 dicationem
789 4157 1144 4228 apostolicam
1197 4156 1491 4212 manifeste
1546 4157 1859 4226 traduntur,
1892 4162 2009 4216 ista:

436 4258 580 4302 sunt.
609 4247 791 4302 Primo
827 4249 969 4319 quod
1000 4264 1138 4303 unus
1163 4257 1248 4304 est
1271 4249 1412 4304 Deus
1435 4249 1530 4319 qui
1566 4249 1752 4306 omnia
1781 4252 2008 4316 creavit,

436 4347 599 4408 atque
628 4340 953 4411 composuit,
1006 4342 1208 4412 quique
1255 4357 1324 4396 ex
1367 4342 1531 4398 nttllis
1564 4356 1686 4398 esse
1721 4343 1852 4399 fecit
1885 4347 2008 4400 uni-

436 4449 592 4490 versa
645 4436 707 4498 “,
766 4436 910 4491 Dens
968 4450 998 4489 a
1052 4438 1226 4506 prima
1280 4447 1532 4492 creatura
1587 4447 1641 4494 et
1700 4440 2012 4496 conditione

435 4527 619 4581 mundi
652 4527 894 4581 omnium
930 4525 1200 4595 iustorum
1235 4529 1396 4594 Deus,
1425 4531 1622 4598 Adam,
1660 4529 1818 4598 Abel,
1849 4532 2006 4598 Seth,

511 4637 554 4668 ἰ
593 4633 637 4688 ll
660 4635 910 4693 Machab.
944 4653 1044 4706 vn,
1075 4637 1168 4693 28.
1245 4639 1288 4670 ¹²
1319 4635 1476 4695 Joan.
1512 4655 1551 4704 ι,
1583 4641 1636 4694 5.

2111 1965 2344 2033 sumpsit
2374 1976 2562 2019 nostro
2609 1965 2830 2032 corpori
2889 1965 3091 2029 simile,
3140 1978 3206 2018 eo
3237 1963 3353 2017 solo
3405 1961 3684 2026 diﬁ‘erens,

2111 2058 2253 2126 quod
2279 2065 2436 2110 natus
2479 2071 2545 2109 ex
2597 2054 2823 2125 Virgine
2867 2063 2923 2109 et
2977 2054 3184 2125 Spiritu
3225 2064 3421 2109 sancto
3463 2065 3566 2109 est.
3621 2054 3689 2109 Et

2111 2145 2363 2215 quoniam
2395 2146 2482 2199 hic
2512 2144 2672 2200 Jesus
2699 2146 2949 2200 Christus
3001 2155 3161 2199 natus
3205 2155 3260 2199 et
3305 2161 3496 2214 passus
3518 2155 3601 2199 est
3631 2147 3686 2199 in

2111 2238 2357 2300 veritate,
2408 2245 2464 2290 et
2516 2251 2622 2290 non
2678 2252 2774 2304 per
2819 2237 3140 2304 imaginem,
3173 2237 3290 2307 (55)
3341 2253 3686 2291 communem

2112 2327 2253 2382 hanc
2283 2337 2511 2382 mortem
2549 2329 2814 2381 sustinuit
2861 2342 2988 2382 vere
3035 2339 3330 2382 mortuus:
3367 2344 3494 2382 vere
3539 2331 3686 2383 enim

2112 2428 2219 2473 eta
2255 2421 2484 2474 mortuis
2532 2420 2835 2475 resurrexit
2885 2435 2900 2473 :
2954 2429 3008 2474 et
3055 2431 3176 2488 post
3233 2419 3685 2474 resurrectionem

2113 2521 2470 2567 conversatus
2524 2528 2647 2566 cum
2709 2511 2992 2581 discipulis
3041 2513 3174 2573 suis,
3226 2522 3536 2579 assumptus
3581 2523 3684 2567 est.

2114 2605 2249 2659 Tum
2280 2605 2480 2660 deinde
2529 2604 2740 2659 honore
2769 2619 2832 2660 ac
2867 2605 3134 2674 dignitate
3165 2602 3310 2656 Patri
3339 2614 3394 2657 et
3421 2604 3558 2658 Filio
3600 2621 3689 2658 so-

2118 2698 2319 2751 ciatum
2358 2696 2696 2750 tradiderunt
2733 2695 3000 2765 Spiritum
3033 2706 3306 2749 sanctum.
3349 2697 3408 2748 ltt
3442 2696 3542 2749 hoc
3581 2711 3686 2749 non

2107 2789 2218 2857 jam
2276 2790 2564 2844 manifeste
2601 2789 2935 2843 discernitur
2965 2798 3148 2843 utrum
3191 2799 3349 2844 natus
3377 2789 3470 2854 sit,
3502 2805 3569 2843 an
3606 2790 3690 2842 iii-

2115 2891 2294 2937 natus.
2331 2901 2349 2934 ι

2185 2973 2510 3028 PAMPHILUS.
2553 2973 2654 3039 Qui
2686 2974 2752 3028 de
2786 2981 2914 3026 nato
2946 2971 3031 3027 vel
3062 2972 3253 3026 innato
3278 2974 3526 3042 requirit,
3567 2975 3686 3029 sine

2114 3065 2280 3119 dubio
2331 3075 2598 3119 creatura:
2653 3065 2706 3118 in
2761 3078 2826 3119 eo
2876 3063 3077 3118 nullam
3139 3066 3300 3119 habet
3354 3066 3684 3134 Opinionem,

2113 3157 2350 3226 alioquin
2384 3166 2440 3210 et
2483 3157 2587 3210 hoc
2622 3155 2937 3211 adduxisset
2984 3157 3050 3210 ad
3106 3157 3536 3227 inquisitionem.
3570 3157 3686 3227 (54)

2034 3222 2076 3278 (ἶ
2111 3246 2176 3299 Et
2203 3222 2448 3314 adjungit
2477 3259 2494 3298 :

2179 3337 2474 3395 Omesnss.
2516 3356 2536 3388 ι
2567 3337 2660 3393 Vel
2691 3337 2861 3393 Filius
2903 3339 3066 3394 etiam
3095 3339 3211 3409 ipse
3259 3338 3356 3395 Dei
3409 3337 3689 3395 habendus

2109 3431 2198 3496 sit,
2249 3445 2440 3486 necne.
2496 3428 2604 3484 Sed
2644 3431 2967 3498 inquirenda
3015 3430 3126 3498 jam
3172 3432 3276 3486 ista
3322 3446 3421 3500 pro
3469 3431 3686 3485 viribus

2109 3531 2235 3576 sunt
2264 3523 2332 3577 de
2370 3531 2559 3577 sancta
2615 3521 2921 3590 Scriptura,
2972 3533 3026 3576 et.
3077 3523 3260 3592 sagaci
3292 3523 3689 3592 perquisitione

2110 3611 2511 3681 investiganda.
2597 3610 2743 3666 Sane
2801 3611 2947 3682 quod
3012 3612 3118 3666 iste
3182 3611 3418 3682 Spiritus
3467 3623 3690 3668 sanctus

2111 3717 2548 3772 unumquemque
2608 3712 2924 3758 sanctorum
2978 3702 3065 3757 vel
3123 3703 3554 3772 prophetarum,
3605 3705 3689 3758 vel

2112 3793 2477 3860 apostolorum
2511 3792 2623 3863 (55)
2656 3793 3023 3861 inspiraverit,
3053 3803 3108 3849 et
3139 3809 3246 3847 non
3284 3795 3422 3848 alius
3454 3795 3689 3862 Spiritus

2112 3882 2164 3935 in
2197 3883 2494 3944 veteribus,
2521 3883 2660 3937 alius
2679 3898 2808 3938 vero
2836 3884 2890 3937 in
2921 3884 3006 3938 his
3032 3885 3124 3953 qui
3149 3885 3203 3938 itt
3229 3885 3460 3937 adventu
3485 3884 3688 3938 Christi

2112 3974 2360 4043 inspirati
2392 3983 2538 4038 sunt,
2589 3975 2798 4040 fuerit,
2837 3975 3284 4030 manifestissime
3339 3975 3393 4028 in
3432 3975 3691 4030 Ecclesiis

2115 4065 2475 4134 praedicatur.
2500 4067 2628 4120 Post
2655 4068 2768 4122 haec
2803 4067 2913 4137 jam
2942 4071 3083 4136 quod
3115 4068 3297 4122 anima
3327 4067 3689 4122 substantiam

2112 4156 2390 4225 vitamque
2445 4156 2654 4212 habens
2709 4158 3013 4228 propriam,
3068 4173 3191 4213 cum
3244 4174 3311 4216 ex
3359 4160 3462 4214 hoc
3488 4160 3692 4213 mundo

2112 4247 2459 4311 discesserit,
2513 4263 2612 4317 pro
2679 4249 2793 4303 suis
2845 4250 3060 4304 meritis
3111 4250 3519 4319 dispensabitur
3573 4251 3690 4304 sive

2111 4353 2328 4395 aeternae
2352 4342 2474 4396 vita:
2502 4357 2564 4396 ac
2596 4343 2952 4397 beatitudinis
2975 4343 3296 4397 haereditate
3339 4345 3602 4412 potitura,
3639 4346 3687 4398 si

2114 4439 2217 4492 hoc
2272 4437 2322 4491 ei
2370 4453 2466 4491 sua
2515 4447 2665 4508 gesta
2722 4438 3077 4508 prastiterint
3115 4455 3130 4492 :
3162 4438 3281 4494 sive
3321 4440 3432 4509 igni
3484 4449 3693 4494 atterno

2117 4546 2180 4585 ac
2207 4529 2484 4599 suppliciis
2508 4531 2887 4599 mancipanda,
2931 4531 2977 4586 si
3016 4531 3070 4584 in
3111 4531 3216 4585 hoc
3251 4545 3374 4585 eam
3420 4530 3688 4585 scelerum

502 4726 614 4806 (η)
651 4727 860 4807 Merli‘n‘i
903 4729 1279 4807 editio,_ipsis,
1319 4729 1510 4807 quibus
1553 4731 1692 4807 inter
1739 4733 1999 4802 principia
2037 4747 2076 4801 ι)
2103 4752 2228 4807 gnos
2264 4751 2318 4789 se
2341 4743 2655 4807 ethcapaces
2694 4733 2767 4807 ad
2801 4733 3173 4807 recipiendam
3200 4731 3517 4799 sapientiam
3545 4749 3686 4807 prte‘

429 4799 578 4866 quasi
626 4801 948 4866 expositione
989 4799 1112 4862 ﬁdei
1153 4816 1278 4852 usus
1329 4801 1419 4860 sit,
1468 4801 1795 4868 proferemus
1832 4818 1850 4866 ;
1889 4799 2000 4858 tum

431 4871 647 4922 νείκη..
679 4869 1060 4937 assignabimus
1076 4886 1193 4923 eum
1220 4871 1654 4938 puriﬁcationem
1685 4875 2002 4929 auctoritate

433 4938 725 5006 apostolica
755 4940 1068 4992 custodisse.

466 5007 616 5100 (£8)
655 5007 730 5061 De
759 5007 1287 5077 prtefatione'libmr.
1328 5009 1468 5078 Περὶ
1503 5009 1724 5079 ἀρχῶν,
1761 5028 1907 5067 num.
1967 5014 2002 5066 2

431 5093 628 5216 θ’(ῗῶ
656 5145 736 5203 Ita
779 5164 912 5203 mss.
947 5147 1088 5203 Editi
1122 5165 1277 5212 vero,
1307 5152 1650 5206 desuevimus.

498 5237 611 5310 (50)
653 5238 791 5293 Editi
831 5247 887 5293 et
925 5254 1056 5294 mss.
1114 5240 1358 5310 plerique
1389 5282 1404 5307 ,
1461 5240 1608 5294 Illud
1659 5251 1833 5298 tamen
1869 5246 2000 5300 scire

429 5318 652 5377 oportet.

497 5379 610 5448 (51)
652 5379 744 5433 Sic
785 5394 976 5432 omnes
1020 5377 1179 5446 hujus
1227 5381 1500 5449 Apologia:
1533 5398 1686 5446 mss.,
1736 5393 1791 5438 et
1821 5386 1990 5446 editi;

428 5463 577 5524 mss.
599 5450 1182 5524 verolibrorttmuﬂepi
1217 5449 1416 5519 ἀρχῶν
1440 5468 1626 5507 omnes
1658 5455 1994 5524 habentzqui

430 5519 665 5585 Spiritus
706 5523 851 5592 dona
895 5520 1199 5572 excellentia
1239 5533 1585 5585 mererentur,
1625 5533 1674 5576 et
1729 5519 1994 5592 praecipue

427 5594 702 5666 sermonis,
739 5589 1031 5655 sapientiae,
1067 5600 1112 5641 et
1149 5593 1386 5666 scientia:
1431 5597 1660 5661 gratiam
1689 5589 1783 5663 per
1821 5589 1992 5666 ipsum

430 5656 682 5723 Spiritum
717 5667 954 5710 sanctum
985 5662 1347 5727 percepissent.

501 5729 614 5804 (52)
653 5728 801 5780 Libri
850 5727 924 5780 De
973 5730 1245 5804 principiis
1295 5743 1402 5786 tam
1446 5735 1574 5788 editi
1629 5750 1792 5804 quam
1827 5751 1987 5799 mss.,

428 5802 517 5867 qui
548 5814 808 5875 (iuratores
839 5807 1006 5851 essent
1039 5800 1332 5865 sapientiw,
1372 5800 1773 5860 exercilimit....
1803 5809 1858 5859 in
1887 5824 1992 5875 qua

430 5872 630 5938 mgem'i
665 5872 745 5924 sui
767 5871 999 5936 [ructant
1029 5877 1379 5942 ostenderent,
1421 5875 1475 5927 hi
1511 5876 1750 5931 videlicet
1781 5879 1869 5945 qui
1898 5871 1992 5930 ἀἱ-

2099 4802 2371 4876 pararent.
2398 4805 2503 4859 Sed
2534 4818 2726 4858 omnes
2757 4802 2932 4876 hujus
2951 4803 3222 4872 Apologiw
3251 4820 3376 4876 mss.
3403 4815 3458 4856 ct.
3479 4805 3609 4876 editi
3629 4815 3686 4856 ut

2104 4873 2154 4932 itt
2193 4887 2360 4943 textu,
2392 4876 2494 4930 nisi
2525 4876 2664 4943 quod
2687 4889 2785 4927 ms.
2809 4873 3160 4929 Corbeiettsis
3192 4875 3419 4940 Omittit,
3439 4885 3484 4927 ct
3513 4875 3685 4928 scien-

2101 4959 2210 5003 ιιω.

2174 5015 2286 5091 (55)
2327 5015 2417 5091 Sic
2454 5031 2583 5070 mss.
2604 5013 2969 5091 Sorbettictts,
3017 5024 3086 5091 et
3124 5014 3319 5091 Montis
3337 5015 3412 5091 β.
3440 5014 3683 5091 Michae-

2107 5084 2193 5149 lis,
2231 5084 2296 5140 ac
2318 5086 2409 5140 alii
2441 5102 2572 5140 mss.
2601 5087 2862 5139 librorum
2894 5086 2969 5138 De
3003 5086 3300 5153 principiis.
3329 5084 3518 5139 Caneri
3554 5101 3685 5137 vero

2107 5173 2238 5214 mss.
2271 5157 2430 5225 hujus
2455 5157 2748 5225 Apologim,
2773 5167 2827 5210 et
2858 5155 3137 5217 Merlinus,
3173 5171 3500 5209 communem
3549 5156 3685 5208 Itane

2110 5239 2328 5281 mortem
2379 5243 2496 5280 vere
2533 5240 2793 5280 mortuus.
2832 5225 3240 5286 Genebrardus,
3280 5227 3544 5278 communi
3584 5228 3684 5278 hac

2105 5309 2271 5351 morte
2300 5313 2415 5350 vere
2438 5307 2699 5362 mortuus,
2749 5299 2951 5350 omisso
2991 5297 3266 5349 sustinuit.
3302 5293 3439 5348 Tum
3485 5296 3684 5349 deinde

2103 5369 2256 5428 editi,
2284 5379 2336 5421 et
2380 5384 2482 5424 ms.
2520 5369 2876 5431 Sorbonicus,
2925 5378 3270 5421 conversatus
3315 5377 3391 5419 est
3429 5383 3548 5419 cum
3601 5369 3686 5419 di—

2102 5439 2318 5503 scipulis
2341 5440 2473 5502 suis,
2496 5449 2542 5491 et
2570 5449 2871 5509 assumptus
2899 5452 2998 5491 est.
3034 5439 3140 5492 Sed
3165 5439 3344 5492 caeteri
3381 5453 3510 5492 mss.
3543 5448 3599 5490 ut
3629 5439 3685 5492 in

2101 5519 2270 5563 ιθκιιι.

2169 5580 2284 5652 (54)
2326 5583 2394 5636 Et
2427 5582 2696 5653 ndjungit.
2730 5581 2854 5636 Haec
2877 5583 3040 5635 verba
3065 5595 3185 5649 quae
3215 5581 3504 5650 proferunt
3526 5585 3682 5648 editi,

2099 5666 2206 5704 non
2237 5664 2556 5722 comparent
2588 5655 2640 5706 in
2671 5655 2924 5708 omnibus
2956 5667 3090 5706 mss.
3117 5653 3343 5707 nostris.

2171 5723 2289 5795 (55)
2332 5726 2497 5790 Editi,
2545 5725 2894 5790 iuspiravit..
2922 5761 2973 5776 ..
3017 5728 3107 5791 qui
3151 5724 3204 5777 in
3253 5725 3497 5779 adventu.
3553 5723 3681 5778 Mss.

2099 5797 2462 5867 inspiraverit.
2483 5838 2496 5851 .
2526 5835 2540 5853 .
2559 5836 2572 5853 .
2602 5796 2693 5866 qui
2732 5795 2788 5850 in
2819 5797 3119 5850 adventum.
