4162 6404
481 341 578 396 551

1678 347 1736 405 S.
1774 345 2102 406 PAMPHIU
2142 344 2500 410 MARTYRIS

3629 348 3736 420 552‘

481 459 640 529 culpa
665 461 979 518 detorserit.
1031 461 1137 519 Sed
1176 472 1232 518 et
1270 463 1398 535 quia
1426 465 1536 520 erit
1565 474 1781 538 tempus
1812 483 2062 524 resurre-
2091 474 2139 530 Α
2236 471 2568 529 PAIPHILDS.
2595 470 2660 528 Et
2691 483 2810 544 post
2839 489 3007 544 pauca
3042 475 3118 530 ait
3151 493 3166 529 :

479 554 678 608 ctionis
728 565 1085 620 mortuorum,
1112 571 1234 612 cum
1260 572 1457 628 corpus
1477 558 1602 623 hoc,
1633 559 1777 628 quod
1799 561 1854 615 in
1877 576 2052 615 corru-

477 647 648 712 ptione
667 646 977 712 seminatur,
1001 659 1178 716 surget
1213 649 1270 702 in
1301 650 1752 718 incorruptione"
1784 669 1798 705 :
1823 661 1879 707 et
1912 653 2056 722 quod

477 746 777 800 seminatur
808 746 864 799 in
889 746 1201 815 ignominia,
1243 757 1417 818 surget
1457 748 1512 802 in
1543 749 1718 817 gloria
1747 749 1812 804 “.
1855 751 1950 808 Est
2001 761 2055 809 et

477 833 606 890 illud
625 834 906 889 deﬁnitum
928 836 980 889 in
1007 835 1378 891 ecclesiastica
1405 837 1816 905 praedicatione,
1837 853 2055 894 omnem

474 926 716 980 animam
745 940 867 981 esse
893 927 1300 992 rationabilem,
1337 928 1494 983 liberi
1526 929 1742 984 arbitrii
1771 942 1828 986 et
1859 931 2055 986 volun-

475 1018 604 1073 tatis
638 1036 653 1072 :
687 1034 811 1074 esse
848 1033 1066 1088 quoque
1097 1019 1146 1074 ei
1179 1030 1457 1076 certamen
1493 1023 1757 1078 adversus
1783 1023 2054 1079 diabolum

473 1118 530 1163 et
559 1109 780 1180 angelos
809 1111 950 1180 ejus,
977 1111 1401 1181 contrariasque
1421 1111 1654 1170 virtutes
1673 1157 1686 1179 ,
1719 1129 1786 1168 ex
1817 1128 1885 1170 eo
1911 1115 2054 1184 quod

474 1199 551 1256 illi
588 1201 824 1270 peccatis
849 1216 968 1256 eam
1007 1217 1240 1258 onerare
1265 1204 1624 1269 contendant,
1678 1220 1780 1260 nos
1829 1220 1978 1269 vero,
2007 1204 2052 1260 si

475 1304 622 1349 recte
668 1293 1022 1364 consulteque
1080 1294 1351 1360 vivamus,
1401 1296 1468 1349 ab
1501 1295 1872 1366 hujuscemodi
1937 1297 2051 1370 (56)

471 1400 639 1440 onere
658 1401 860 1442 exuere
891 1402 990 1442 nos
1021 1401 1301 1444 conemur.
1332 1385 1489 1443 Unde
1517 1398 1574 1443 et
1605 1403 1944 1458 consequens
1969 1399 2054 1445 est

475 1479 782 1550 intelligere
832 1494 940 1534 non
994 1495 1094 1535 nos
1146 1481 1460 1537 necessitati
1491 1494 1616 1536 esse
1647 1481 1948 1553 subjectos,
1995 1494 2054 1537 ut

469 1570 618 1624 omni
649 1571 826 1637 modo,
861 1571 1026 1626 etiam
1055 1571 1099 1626 si
1130 1572 1388 1638 nolimus,
1427 1570 1514 1626 vel
1555 1572 1694 1628 bona
1715 1611 1734 1638 ,
1778 1573 1863 1628 vel
1909 1573 2050 1628 mala

473 1678 637 1733 agere
665 1679 947 1733 cogamur.
983 1664 1040 1720 Si
1073 1664 1217 1719 enim
1246 1665 1420 1720 nostri
1451 1665 1666 1720 arbitrii
1699 1680 1921 1734 sumus,
1951 1667 2053 1722 im-

475 1769 718 1824 pugnare
765 1769 868 1810 nos
921 1755 1160 1810 fortasse
1212 1764 1445 1826 possunt
1479 1755 1674 1826 aliquae
1706 1757 1938 1813 virtutes
1981 1758 2049 1812 ad

469 1856 780 1917 peccatum,
810 1857 866 1903 et
896 1846 1226 1915 aliaajuvare
1269 1847 1336 1902 ad
1383 1846 1658 1914 salutem,
1707 1863 1816 1904 non
1867 1858 2047 1904 tamen

472 1939 798 1995 necessitate
821 1938 1068 2008 cogimur
1095 1938 1180 1994 vel
1218 1949 1368 1995 recte
1388 1953 1568 2009 agere.
1593 1939 1676 1996 vel
1700 1940 1864 1998 male.
1894 1940 2048 2008 Quod

472 2030 590 2087 fieri
622 2030 964 2086 arbitrantur
1011 2031 1102 2101 qui
1152 2030 1434 2086 stellarum
1491 2045 1712 2086 cursum
1763 2041 1821 2088 et
1867 2043 2048 2090 motus

469 2138 689 2176 causam
746 2122 932 2176 dicunt
990 2123 1352 2177 humanorum
1411 2136 1530 2177 esse
1575 2133 1875 2193 gestorum,
1940 2139 2046 2179 non

466 2227 658 2269 eorum
690 2229 810 2282 qua:
835 2221 990 2268 extra
1021 2213 1234 2267 arbitrii
1268 2214 1523 2268 accidunt
1551 2213 1857 2270 libertatem
1879 2257 1895 2280 ,
1947 2215 2045 2272 sed

468 2320 663 2361 eorum
714 2320 836 2374 qua:
893 2306 948 2360 in
1001 2314 1189 2361 nostra
1241 2315 1367 2361 sunt
1412 2307 1584 2376 posita
1632 2316 1920 2376 potestate.
1969 2309 2046 2365 De

468 2401 647 2454 anima
681 2413 838 2464 vero,
879 2398 993 2469 (57)
1049 2409 1230 2453 utrum
1265 2414 1331 2453 ex
1373 2399 1596 2455 seminis
1627 2401 1853 2457 traduce
1881 2401 2045 2458 duca-

471 2501 578 2555 tur,
619 2492 688 2546 ita
731 2502 789 2544 ut
823 2491 961 2545 ratio
992 2490 1166 2561 ipsius
1212 2490 1295 2544 vel
1340 2489 1644 2546 substantia
1677 2493 1882 2548 inserta
1915 2495 2046 2565 ipsis

468 2583 840 2654 corporalibus
905 2581 1205 2638 seminibus
1257 2583 1542 2648 habeatur,
1605 2597 1672 2639 an
1721 2600 1852 2642 vero
1898 2587 2042 2644 aliud

468 2676 681 2731 initium
715 2675 912 2730 habeat
943 2693 957 2730 :
989 2684 1045 2728 et
1088 2675 1192 2730 hoc
1231 2674 1406 2744 ipsum
1456 2675 1670 2730 initium
1717 2677 1763 2732 si
1798 2679 2042 2748 genitum

467 2775 572 2828 est,
598 2775 690 2820 aut
718 2780 820 2820 non
859 2765 1124 2836 genitum,
1164 2765 1252 2820 vel
1282 2775 1432 2821 certe
1462 2767 1508 2822 si
1541 2767 1883 2825 extrinsecus
1917 2785 2043 2826 cor-

469 2860 586 2929 pori
636 2858 860 2924 inditur,
910 2871 1101 2920 necne,
1154 2873 1262 2912 non
1295 2857 1431 2913 satis
1459 2858 1745 2916 manifeSIa
1779 2863 2042 2930 praedica-

466 2950 617 3004 tione
649 2948 1025 3018 distinguitur.
1058 2947 1132 3002 De
1155 2949 1391 3015 diabolo,
1423 2958 1477 3004 et
1506 2951 1716 3022 angelis
1746 2952 1886 3021 ejus,
1908 2969 2040 3011 con-

468 3041 762 3110 trariisque
797 3039 1090 3094 virtutibus
1115 3039 1490 3096 ecclesiastica
1520 3043 1836 3110 praedicatio
1855 3044 2040 3100 docuit

465 3137 724 3206 quoniam
765 3135 874 3190 sint
921 3132 1144 3204 quidem
1191 3134 1306 3189 haec
1339 3151 1353 3188 :
1386 3150 1507 3204 qua:
1557 3146 1736 3192 autem
1784 3137 1912 3204 sint,
1957 3139 2039 3194 vel

463 3228 736 3297 quomodo
777 3227 908 3290 sint,
942 3240 1048 3279 non
1077 3224 1213 3279 satis
1251 3225 1398 3282 clare
1427 3230 1704 3298 exposuit.
1735 3225 1890 3302 Apud
1921 3231 2040 3300 plu-

463 3321 634 3376 rimos
686 3331 867 3374 tamen
922 3318 1026 3373 ista
1078 3317 1315 3372 habetur
1359 3319 1565 3388 opinio,
1616 3322 1760 3392 quod
1817 3324 2038 3394 angelus

460 3411 628 3470 fuerit
673 3413 775 3467 iste
817 3409 1081 3478 diabolus,
1115 3421 1170 3467 et
1203 3420 1452 3482 apostata
1491 3411 1716 3470 effectus
1752 3416 2038 3485 quamplu-

460 3509 632 3562 rimos
659 3505 977 3577 angelorum
1014 3519 1200 3560 secum
1228 3505 1505 3561 declinare
1527 3508 1865 3574 persuaserit
1889 3549 1904 3574 ,
1943 3508 2036 3577 qui

459 3611 515 3658 et
568 3617 712 3657 nunc
761 3615 934 3670 usque
986 3598 1162 3670 angeli
1219 3599 1392 3668 ipsius
1460 3606 1864 3670 nuncupantur.
1938 3600 2034 3656 Est

458 3705 725 3765 praeterea
749 3703 805 3748 et
835 3694 962 3748 illud
987 3694 1039 3748 in
1062 3693 1430 3750 ecclesiastica
1455 3692 1860 3762 praedicatione,
1889 3695 2034 3762 quod

460 3786 696 3840 mundus
726 3785 829 3839 iste
845 3785 924 3839 'sit
952 3785 1158 3846 factus,
1183 3794 1241 3838 et
1271 3799 1301 3838 a
1336 3792 1492 3838 certo
1519 3791 1763 3852 tempore
1783 3782 2032 3851 coeperit,

458 3886 514 3932 et
566 3877 637 3930 sit
674 3890 774 3945 pro
805 3875 920 3944 ipsa
978 3874 1061 3928 sui
1119 3873 1470 3944 corruptione
1517 3871 1809 3927 solvendus
1847 3891 1858 3925 :
1891 3874 2018 3942 quid

457 3979 639 4026 tamen
687 3977 814 4023 ante
853 3969 1001 4022 hunc
1053 3967 1312 4020 mundum
1350 3965 1540 4031 fuerit,
1599 3975 1694 4019 aut
1747 3965 1876 4034 quid
1913 3974 2034 4034 post

456 4059 719 4115 mundum
741 4059 868 4124 erit,
888 4057 999 4127 jam
1031 4075 1135 4114 non
1181 4071 1280 4126 pro
1325 4054 1618 4111 manifesto
1653 4053 1834 4109 multis
1871 4056 2033 4108 inno-

454 4154 560 4209 tuit
591 4169 604 4204 :
634 4168 740 4208 non
797 4153 943 4207 enim
989 4151 1276 4206 evidenter
1309 4151 1374 4204 de
1426 4149 1508 4204 his
1551 4149 1608 4203 in
1652 4148 2027 4204 ecclesiastica

455 4246 840 4315 praedicatione
890 4258 1068 4299 sermo
1119 4241 1418 4313 profertur.
1473 4239 1611 4295 Tum
1641 4241 1836 4295 deinde
1885 4243 2028 4310 quod

454 4351 553 4406 per
586 4335 844 4405 Spiritum
907 4335 998 4389 Dei
1059 4333 1359 4402 Scriptura:
1409 4333 1734 4402 conscriptae
1791 4333 1928 4399 sint,
1974 4340 2033 4386 et

451 4441 672 4482 sensum
702 4427 960 4488 habeant,
1003 4441 1111 4480 non
1153 4441 1276 4480 eum
1305 4424 1479 4480 solum
1513 4425 1608 4495 qui
1648 4425 1704 4480 in
1738 4423 2027 4478 manifesto

2231 564 2520 621 Oaicssss.
2547 584 2566 618 ι
2597 565 2694 621 Est
2719 569 2880 622 etiam
2911 569 3038 622 illud
3067 569 3122 624 in
3145 569 3516 627 ecclesiastica
3537 573 3737 640 praedi-4

2160 658 2415 721 catione,
2465 671 2589 712 esse
2639 658 2862 728 angelos
2913 659 3006 714 Dei
3054 663 3341 730 quosdam,
3387 674 3445 718 et
3495 665 3732 724 virtutes

2159 747 2351 813 bonas,
2384 749 2476 818 qui
2501 748 2551 802 ei
2585 747 2900 804 ministrent
2925 753 2992 806 ad
3031 753 3258 807 salutem
3290 755 3568 810 hominum
3599 773 3729 813 con-

2157 841 2531 895 summandam
2548 861 2559 893 :
2579 833 2674 896 sed
2688 843 2902 912 quando
2917 841 3004 897 isti
3025 844 3188 898 creati
3217 844 3345 905 sint.
3361 845 3475 916 (58)
3496 847 3578 900 vel
3596 863 3731 915 qua-

2158 931 2256 994 les,
2290 943 2385 986 aut
2405 936 2678 1003 quomodo
2700 934 2830 999 sint,
2852 950 2956 990 non
2991 936 3126 990 satis
3153 937 3205 990 in
3227 938 3514 994 manifesto
3536 939 3730 994 distin-

2156 1025 2360 1094 guitur.
2416 1027 2628 1082 Desole
2653 1039 2866 1091 autem,
2913 1038 2969 1083 et
3000 1029 3149 1093 luna,
3199 1040 3256 1084 et
3301 1031 3494 1096 stellis,
3543 1031 3730 1088 utrum

2157 1119 2454 1174 animantia
2480 1121 2609 1183 sint,
2636 1136 2703 1175 an
2734 1123 3007 1186 exanima,
3031 1121 3316 1177 manifeste
3345 1138 3450 1178 non
3475 1125 3728 1181 traditur.

2156 1209 2384 1280 Oportet
2414 1211 2578 1282 igitur
2607 1213 2753 1267 velut
2781 1213 3065 1268 elementis
3109 1230 3171 1268 ac
3217 1214 3583 1270 fundamentis
3621 1217 3725 1270 hu-

2152 1300 2382 1368 iusmodi
2413 1303 2514 1367 uti,
2538 1305 2835 1358 secundum
2868 1305 3178 1359 mandatum
3208 1308 3355 1374 quod
3378 1307 3510 1361 dicit
3538 1323 3551 1360 :
3581 1306 3725 1360 Illu-

2154 1396 2348 1446 minate
2377 1394 2520 1446 vobis
2545 1394 2720 1448 lumen
2748 1394 2984 1448 scientia
3003 1394 3072 1460 ”,
3093 1408 3214 1448 eum
3244 1395 3333 1462 qui
3358 1396 3505 1463 cupit
3527 1396 3724 1450 seriem

2154 1485 2444 1550 quamdam
2497 1493 2552 1539 et
2601 1501 2798 1553 corpus
2841 1499 2909 1540 ex
2955 1487 3150 1540 horum
3207 1487 3448 1541 omnium
3511 1488 3724 1544 ratione

2152 1575 2448 1643 coniicere,
2471 1585 2534 1632 ut
2558 1578 2858 1635 manifestis
2893 1588 2948 1636 et
2981 1579 3308 1635 necessariis
3329 1581 3726 1636 assertionibus

2152 1666 2219 1722 de
2246 1667 2474 1738 singulis
2507 1670 2810 1739 quibusque
2834 1670 2962 1739 quid
3007 1670 3080 1726 sit
3115 1671 3170 1726 in
3212 1685 3344 1727 vero
3377 1672 3630 1736 rimetur,
3667 1679 3724 1726 et

2153 1777 2341 1828 unum,
2379 1771 2434 1817 ut
2467 1762 2726 1827 diximus,
2750 1777 2950 1833 corpus
2978 1762 3180 1818 el'ﬁciat
3212 1763 3476 1832 exemplis
3504 1771 3561 1819 et
3589 1763 3727 1820 allir-

2153 1854 2506 1921 mationibus,
2542 1853 2629 1908 vel
2656 1854 2740 1910 bis
2763 1869 2900 1923 quas
2928 1855 2982 1910 in
3015 1856 3220 1912 sanctis
3243 1855 3540 1926 Scripturis
3570 1857 3722 1914 inve-

2151 1949 2311 2012 nerit,
2338 1947 2423 2002 vel
2453 1961 2590 2017 quas
2623 1962 2690 2000 ex
2720 1949 3124 2017 consequentia:
3152 1947 3323 2018 ipsius
3351 1949 3624 2022 indagine.
3660 1967 3725 2008 ac

2150 2042 2284 2096 recti
2318 2051 2508 2096 tenore
2539 2042 2829 2113 repererit.
2872 2062 2890 2096 ι

2219 2131 2550 2189 Paetums.
2606 2133 2719 2206 (59)
2773 2132 2899 2188 Haec
2961 2133 3184 2204 quidem
3246 2134 3391 2190 inter
3449 2133 3721 2204 principia

2149 2224 2308 2296 primi
2339 2225 2462 2280 libri
2489 2226 2627 2295 Περὶ
2647 2223 2850 2296 ἀρχῶν
2879 2226 3155 2293 disseruit,
3187 2234 3245 2280 ut
3269 2227 3577 2282 ostenderet
3601 2231 3726 2295 qua!

2147 2315 2256 2371 sint
2279 2315 2369 2370 illa
2394 2330 2515 2386 quas
2543 2316 2832 2372 manifeste
2868 2317 2924 2371 in
2950 2316 3316 2372 ecclesiastica
3342 2316 3723 2387 praedicatione

2149 2408 2344 2462 tradita
2373 2418 2518 2471 sunt,
2553 2418 2606 2464 et
2636 2424 2758 2479 qua
2787 2409 2898 2464 sint
2930 2423 3052 2480 quae
3083 2423 3186 2463 non
3233 2419 3420 2480 aperte
3450 2409 3722 2464 deﬁniun-

2149 2501 2258 2548 tur.
2297 2493 2372 2549 De
2397 2493 2597 2562 quibus
2627 2493 2861 2563 singulis
2893 2493 3192 2549 secundum
3217 2507 3336 2549 eam
3360 2494 3680 2551 divisionem
3699 2537 3718 2562 ,

2146 2598 2312 2654 quam
2345 2599 2514 2654 supra
2557 2586 2798 2641 ostendit
2821 2627 2838 2652 ,
2869 2586 3103 2654 sparsim
3151 2585 3393 2654 disputat
3421 2585 3476 2640 in
3507 2586 3719 2655 reliquo

2147 2688 2376 2744 corpore
2410 2674 2699 2740 librorum,
2729 2690 2794 2730 ea
2826 2678 3045 2746 quidem
3085 2691 3207 2746 qua:
3225 2690 3293 2730 ex
3325 2676 3548 2731 deﬁnito
3575 2692 3716 2747 pra:-

2144 2765 2317 2820 dicari
2343 2765 2413 2820 ab
2442 2765 2689 2822 Ecclesia
2715 2781 2882 2836 supra
2924 2765 3134 2832 docuit,
3165 2767 3423 2822 omnibus
3454 2767 3726 2822 adhibitis

2144 2858 2541 2930 probameutis,
2588 2874 2654 2914 ex
2684 2859 2986 2930 Scripturis
3019 2859 3227 2916 sanctis
3272 2859 3614 2916 manifestius
3660 2870 3720 2916 et

2143 2948 2486 3004 constantius
2506 2963 2797 3014 asserens;
2834 2950 2902 3004 de
2923 2949 3010 3006 his
3043 2963 3173 3004 vero
3205 2951 3272 3004 de
3300 2948 3500 3018 quibus
3532 2957 3716 3004 osten-

2143 3043 2223 3098 dit
2259 3057 2370 3097 non
2401 3041 2710 3106 manifeste,
2756 3055 2934 3112 neque
2989 3058 3055 3097 ex
3103 3043 3328 3098 definito
3381 3042 3433 3096 in
3470 3041 3714 3096 Ecclesia

2142 3135 2450 3208 praedicari,
2476 3133 2828 3205 opinionibus
2861 3135 3057 3206 magis,
3095 3145 3152 3189 et
3193 3133 3279 3190 his
3324 3134 3576 3189 sensibus
3617 3133 3717 3203 qui

2147 3227 2447 3298 disputanti
2480 3228 2610 3281 eiet
2637 3225 2898 3281 tractanti
2930 3227 2997 3280 de
3043 3224 3241 3281 talibus
3273 3239 3566 3281 occurrere
3611 3239 3716 3294 po-

2145 3330 2388 3388 tuerunt,
2420 3335 2581 3390 quam
2610 3320 2776 3374 certis
2806 3318 3081 3388 aliquibus
3103 3332 3166 3373 ac
3195 3317 3434 3373 definitis
3459 3317 3718 3372 assertio-

2142 3412 2306 3468 nibus
2334 3413 2526 3476 utitur,
2559 3410 2610 3464 id
2641 3419 2746 3472 est,
2775 3408 3070 3464 discutiens
3089 3416 3144 3464 et
3170 3416 3512 3478 pertractans
3536 3407 3716 3476 potius

2142 3519 2305 3575 quam
2351 3502 2645 3558 alﬁrmans.
2690 3500 2748 3556 In
2799 3502 3052 3557 omnibus
3088 3511 3267 3556 tamen
3319 3501 3591 3556 sermonis
3631 3499 3716 3552 sui

2144 3595 2413 3660 meminit,
2445 3594 2563 3662 ejus
2601 3609 2762 3664 quem
2787 3608 2950 3662 supra
2986 3594 3258 3662 exposuit,
3300 3607 3425 3648 cum
3452 3593 3532 3647 ait
3563 3591 3714 3646 illam

2142 3687 2312 3742 solam
2351 3686 2719 3754 recipiendam
2766 3693 2822 3739 et
2870 3683 3194 3740 credendam
3243 3699 3366 3740 esse
3404 3684 3716 3748 veritatem,

2141 3794 2263 3850 qua
2302 3780 2355 3834 in
2406 3779 2553 3834 nullo
2587 3777 2901 3847 apostolicis
2937 3787 2993 3830 et
3021 3776 3412 3832 ecclesiasticis
3449 3776 3716 3847 dogmati-

2141 3873 2240 3928 bus
2269 3872 2592 3928 adversatur
2628 3887 2641 3924 :
2671 3878 2727 3925 et
2767 3885 2873 3924 non
2905 3869 3079 3924 solum
3113 3869 3167 3923 in
3196 3869 3280 3924 his
3297 3867 3449 3923 libris
3481 3881 3712 3937 quorum

2140 3979 2307 4034 supra
2343 3965 2574 4019 fecimus
2609 3962 2980 4029 mentionem,
3022 3961 3115 4017 sed
3143 3963 3277 4016 etin
3308 3960 3560 4016 omnibus
3592 3975 3714 4029 qua:

2140 4059 2208 4114 de
2257 4058 2561 4128 Scripturis
2589 4059 2836 4125 exponit,
2886 4057 2988 4111 hac
3020 4055 3289 4111 sententia
3332 4053 3410 4108 uti
3451 4053 3612 4118 solet,
3657 4062 3713 4107 et

2138 4149 2194 4203 in
2239 4149 2325 4204 his
2363 4148 2636 4218 prmeipue
2681 4147 2735 4201 in
2794 4146 2992 4214 quibus
3037 4145 3222 4214 plures
3268 4144 3431 4199 unius
3485 4142 3714 4214 capituli

2137 4241 2616 4310 interpretationes
2648 4237 2896 4306 exponit,
2939 4237 3042 4290 hoc
3077 4249 3358 4300 asserens,
3395 4249 3455 4291 se
3485 4219 3704 4305 quidem

2136 4349 2206 4388 ne
2233 4332 2364 4402 quid
2388 4334 2533 4401 quod
2560 4331 2668 4385 dici
2703 4331 2876 4399 possit
2911 4329 3214 4393 omitteret,
3241 4327 3394 4398 plura
3430 4327 3515 4382 vel
3538 4327 3711 4382 (ἥνυτε

2137 4439 2219 4490 sa,
2252 4433 2414 4495 prout
2463 4423 2669 4478 sentire
2720 4422 2918 4492 potuit,
2967 4419 3290 4491 protulisse;
3346 4418 3474 4473 illud
3525 4429 3706 4473 autem

450 4529 554 4582 est,
587 4518 682 4573 sed
707 4526 760 4571 et
781 4517 944 4572 alium
970 4516 1258 4586 quemdam
1283 4516 1543 4572 latentem
1571 4517 2024 4586 quamplurimos.
2059 4539 2104 4594 ο
2135 4517 2336 4571 debere
2372 4517 2546 4571 teneri
2573 4516 2723 4586 quod
2756 4514 3088 4585 apostolicus
3111 4523 3275 4584 atque
3304 4511 3710 4568 ecclesiasticus

447 4609 660 4665 Formae
681 4610 824 4666 enim
857 4619 983 4665 sunt
1015 4611 1128 4664 haec
1159 4624 1280 4678 quas
1303 4609 1506 4678 scripta
1535 4617 1664 4662 sunt
1701 4623 2020 4663 sacramen-

451 4713 626 4759 torum
667 4703 1045 4772 quorumdam,
1079 4709 1134 4757 et
1159 4701 1476 4756 divinarum
1511 4715 1692 4756 rerum
1721 4701 2021 4770 imagines’:

449 4795 516 4849 de
537 4810 644 4864 quo
679 4795 842 4849 totius
869 4791 1128 4848 Ecclesiae
1169 4807 1312 4848 unus
1351 4801 1434 4847 est
1471 4806 1664 4848 sensus
1690 4831 1706 4857 ,
1749 4808 1872 4848 esse
1906 4794 2027 4862 qui-

448 4880 568 4940 de'm
593 4899 806 4940 omnem
836 4885 1011 4953 legem
1041 4882 1344 4954 spiritalem
1371 4925 1388 4952 ,
1443 4899 1548 4939 non
1599 4893 1779 4939 tamen
1813 4900 1876 4938 ea
1906 4901 2026 4954 quas

449 4980 620 5047 spirat
646 4978 755 5040 lex,
781 4992 901 5033 esse
935 4977 1190 5031 omnibus
1224 4985 1380 5042 nota,
1416 4977 1518 5031 nisi
1565 4977 1648 5032 his
1673 4976 1801 5030 solis
1825 4977 2024 5046 quibus

446 5071 617 5140 gratia
645 5067 877 5137 Spiritus
894 5068 1068 5124 sancti
1096 5067 1149 5122 in
1171 5069 1340 5123 verbo
1377 5068 1660 5138 sapientia:
1688 5083 1754 5123 ac
1781 5071 2022 5125 scientia:

443 5165 795 5218 contionatur.
836 5181 854 5213 ι

517 5255 561 5286 ’³
588 5254 608 5308 l
634 5255 757 5310 Cor.
790 5271 877 5313 xv.
909 5256 1000 5311 42.
1077 5256 1118 5286 ¹⁶
1143 5255 1272 5310 ibid.
1302 5256 1390 5310 45.
1468 5255 1511 5286 ¹⁵
1557 5255 1680 5312 Osc.
1729 5273 1782 5319 x,
1830 5256 1917 5311 12.

517 5349 628 5418 (56)
666 5350 790 5402 Mss.
821 5350 1062 5419 plerique
1106 5351 1364 5405 omittunt
1414 5366 1589 5415 onere.
1641 5353 1782 5418 quod
1830 5363 2010 5408 exstat

444 5421 496 5474 iu
526 5421 710 5474 editis.
741 5419 838 5476 Ms.
864 5421 1213 5484 Sorbonicus,
1247 5430 1301 5476 et
1331 5421 1468 5474 alter
1493 5423 1553 5475 S.
1599 5421 1775 5476 Vitoni
1810 5423 2011 5478 habent

442 5490 590 5543 clade
622 5504 717 5557 pro
757 5507 930 5546 onere.
983 5491 1186 5545 Deinde
1226 5507 1326 5544 ms.
1367 5493 1702 5546 Sorbonicus
1727 5533 1742 5556 ,
1775 5495 2003 5547 necessi-

442 5571 548 5613 tate
581 5577 690 5613 esse
720 5561 978 5630 subjectos
1005 5577 1024 5614 :
1054 5562 1234 5616 caueri
1267 5577 1396 5617 vero
1448 5577 1577 5617 mss.
1629 5574 1684 5618 et
1708 5564 1837 5616 editi
1863 5603 1878 5627 ,
1919 5580 2009 5619 ne-

441 5631 679 5700 cessitate
706 5648 816 5684 esse
839 5631 1124 5700 subjectos.

514 5699 625 5770 (57)
653 5700 912 5755 Merlinus
934 5699 1116 5765 habet,
1156 5712 1332 5754 utrum
1359 5719 1422 5755 ea:
1445 5703 1638 5756 semine
1668 5705 2006 5758 traducatur.

441 5769 858 5837 Genebrardus,
906 5784 1082 5824 utt'ttm
1131 5788 1195 5826 ex
1241 5774 1435 5826 semine
1471 5774 1709 5827 traducis
1757 5776 2002 5828 ducatur.

2134 4609 2305 4664 lector
2336 4609 2612 4679 probaret.
2652 4608 2768 4665 Hoc
2804 4609 2944 4664 idem
2981 4608 3297 4662 facitetiam
3335 4620 3458 4660 cum
3484 4605 3706 4660 haereti-

2132 4717 2324 4758 corum
2359 4703 2580 4758 discutit
2613 4711 2792 4758 sectas
2830 4722 2840 4756 :
2877 4702 3074 4770 quibus
3117 4700 3373 4754 omnibus
3413 4697 3708 4752 confutatis

2133 4803 2297 4864 atque
2329 4795 2615 4859 convictis,
2647 4809 2810 4848 unam
2845 4793 3040 4858 solam,
3084 4806 3314 4861 eamque
3341 4805 3504 4860 quam
3543 4803 3705 4857 supra

2130 4885 2403 4954 exposuit,
2435 4884 2729 4945 catholicae
2755 4884 3004 4939 veritatis
3048 4883 3374 4938 sententiam
3415 4888 3582 4936 tenet.
3632 4881 3706 4933 De

2131 4977 2328 5046 quibus
2370 4974 2597 5046 singulis
2647 4974 2882 5045 qualiter
2935 4973 3275 5044 responderit
3317 4970 3608 5037 haereticis,
3653 4977 3708 5023 et

2130 5071 2402 5140 quomodo
2434 5071 2688 5126 universa
2720 5084 2908 5124 eorum
2955 5068 3206 5138 dogmata
3241 5066 3560 5131 destruens,
3594 5065 3706 5132 ipse

2128 5177 2344 5231 semper
2366 5163 2718 5232 apostolicam
2748 5159 3148 5217 conﬁrmaverit
3184 5159 3342 5212 ﬁdem
3361 5197 3376 5222 ,
3403 5157 3449 5211 si
3472 5155 3706 5210 velimus

2119 5352 2224 5408 Sed
2255 5365 2444 5404 omnes
2487 5365 2616 5404 mss.
2646 5361 2705 5402 ut
2751 5350 2804 5403 in
2858 5359 3041 5402 nostro
3101 5357 3271 5401 textu.
3336 5345 3539 5400 Deinde
3590 5361 3696 5397 nlS.

2119 5423 2492 5484 Sorhonicus,
2522 5421 2729 5487 corpori
2756 5419 3021 5481 induitur,
3077 5434 3170 5471 nec
3216 5433 3300 5481 ne,
3354 5418 3481 5470 satis
3525 5416 3700 5468 mani-

2115 5495 2252 5562 festa
2279 5493 2656 5562 prajdicatione
2685 5490 3045 5562 distinguitur.

2187 5554 2301 5631 (58')
2347 5560 2434 5614 Vel
2461 5561 2661 5629 quales.
2707 5554 3255 5614 lltncvdesiderantur
3315 5557 3368 5612 in
3415 5554 3609 5621 editis,
3639 5562 3697 5607 et

2117 5634 2474 5687 reslit'tuutur
2502 5647 2565 5684 cx
2605 5646 2733 5684 mss.

2188 5702 2301 5773 (59)
2331 5702 2402 5755 Ita
2437 5717 2567 5758 mss.
2621 5701 2762 5756 Editi
2796 5715 2942 5766 vero,
2977 5697 3126 5753 ‘Ha'c
3163 5698 3369 5767 quidem
3411 5698 3465 5751 in
3493 5693 3697 5766 princi-

2111 5790 2220 5843 pio,
2252 5785 2360 5828 etc.
