4162 6388
402 384 505 439 555

1542 375 1882 432 APOLOGIA
1923 372 2058 427 PRO
2097 371 2417 429 ORIGENE.

3550 371 3653 425 534

398 511 591 551 omnes
619 495 921 551 sententias
950 494 1067 562 ejus
1096 506 1429 563 congregare
1455 534 1470 560 ,
1511 502 1565 547 et
1596 492 1814 560 longum
1850 490 1981 543 satis
2013 492 2053 545 A
2083 487 2396 551 confitetur,
2431 495 2485 541 et
2514 495 2694 540 tamen
2731 485 2894 539 alium
2927 482 3096 537 Deum
3130 483 3259 552 legis
3287 492 3339 537 et
3366 484 3654 552 propheta-

398 599 505 654 est,
562 601 616 644 et
648 590 756 643 erit
798 599 906 641 tam
961 588 1116 641 nobis
1164 586 1255 655 qui
1314 585 1610 640 scribimus
1663 599 1977 646 onerosum,

398 697 561 753 quam
592 681 897 751 legentibus
932 680 1235 733 tzdiosum.
1281 675 1386 731 Sed
1428 676 1620 732 sutlicit
1649 692 1816 744 pauca
1853 690 1977 744 pro-

400 776 566 838 ferre,
600 772 652 825 iu
686 773 886 840 quibus
918 772 1163 826 omnium
1193 771 1439 841 profecto
1479 768 1635 824 facile
1658 768 1981 836 dignoscen-

402 875 489 918 tur
520 863 747 916 indicia.
791 859 980 931 Neque
1006 862 1151 916 enim
1184 872 1377 916 contra
1407 859 1618 914 Domini
1654 858 1977 912 sententiam

399 956 744 1009 sentiendum
794 966 899 1018 est,
950 963 1009 1007 ut
1052 955 1144 1024 qui
1183 955 1236 1008 in
1286 954 1474 1023 paucis
1524 952 1796 1006 invenitur
1850 951 1981 1005 fide-

401 1047 491 1110 lis,
554 1060 659 1099 non
706 1046 869 1100 etiam
944 1046 997 1099 in
1058 1044 1242 1099 multis
1314 1053 1368 1098 et
1437 1044 1621 1098 haberi
1682 1043 1876 1097 debeat
1925 1051 1980 1097 ct

402 1141 546 1194 credi
577 1139 751 1194 lidelis
772 1140 836 1194 ¹⁶.
869 1139 1108 1194 Primum
1130 1154 1265 1208 ergo
1289 1155 1355 1194 ex
1390 1137 1505 1205 ejus
1535 1136 1688 1192 libris
1715 1149 1978 1205 ponemus

398 1230 704 1299 exemplum
736 1230 879 1298 quod
909 1230 986 1283 illi
1023 1229 1290 1299 superiori
1320 1228 1629 1290 conveniat,
1653 1242 1718 1280 ex
1749 1241 1814 1281 eo
1837 1226 1977 1279 libro

413 1336 575 1390 quem
614 1321 665 1373 in
691 1320 989 1389 Epistolam
1012 1319 1161 1374 Pauli
1195 1319 1424 1389 apostoli
1452 1320 1517 1372 ad
1548 1318 1729 1371 Titum
1760 1316 1979 1383 scripsit

405 1413 474 1466 de
504 1426 569 1465 eo
601 1411 837 1480 capitulo
876 1412 927 1464 in
964 1426 1073 1480 quo
1113 1411 1243 1465 dicit
1284 1409 1621 1480 Apostolus:
1658 1406 1976 1461 ereticum

400 1500 664 1555 hominem
693 1512 808 1570 post
835 1501 945 1572 (60)
980 1517 1143 1555 unam
1190 1500 1566 1568 correptionem
1593 1499 1785 1562 devita,
1808 1498 1976 1550 sciens

402 1599 528 1668 quia
550 1612 821 1667 perversus
845 1608 943 1663 est,
961 1606 1009 1650 et
1032 1607 1231 1665 peccat,
1257 1596 1347 1667 qui
1368 1605 1443 1650 est
1461 1614 1491 1650 a
1521 1596 1796 1664 semetipso
1818 1594 1973 1648 dam-

400 1697 560 1740 natus
592 1686 657 1738 ".
691 1685 803 1757 (6t)
842 1688 914 1741 De
952 1701 1058 1755 quo
1090 1687 1222 1741 dicit
1248 1685 1423 1756 qualis
1449 1685 1519 1740 sit
1542 1686 1632 1754 qui
1665 1685 1973 1752 haereticus,

413 1790 470 1833 et
496 1779 674 1847 qualis
698 1780 767 1833 sit
798 1779 889 1849 qui
919 1779 1223 1834 catholicus
1243 1787 1327 1833 est
1351 1787 1406 1831 et
1430 1778 1853 1833 ecclesiasticus.

468 1870 759 1926 OBIGENES.
813 1870 929 1941 (62)
968 1888 988 1921 ι
1052 1870 1257 1924 Nomen
1301 1870 1547 1934 haeresis,
1582 1877 1841 1937 quantum
1873 1883 1973 1938 ego

396 1960 807 2030 deprehendere
861 1960 1031 2028 potui,
1089 1959 1254 2015 etiam
1293 1961 1347 2013 in
1380 1959 1620 2028 Epistola
1659 1959 1725 2013 ad
1778 1958 1974 2013 Corin-

401 2053 542 2107 thios
580 2053 898 2119 designatur
951 2052 1056 2105 hoc
1102 2050 1263 2106 modo
1299 2068 1312 2103 :
1347 2050 1562 2111 Oportet
1590 2052 1727 2104 enim
1750 2048 1972 2105 hrrreses

396 2158 528 2208 esse,
562 2152 615 2194 ut
644 2142 850 2206 probati
879 2140 1147 2207 manifesti
1189 2140 1321 2209 ﬁant
1356 2142 1495 2196 inter
1522 2158 1610 2196 vos
1659 2141 1722 2194 ι’.
1776 2141 1843 2195 Et
1876 2142 1974 2194 ite-

398 2246 518 2286 rum
544 2232 610 2285 ad
640 2232 862 2287 Galatas
906 2231 1052 2285 inter
1076 2246 1240 2300 opera
1282 2232 1463 2285 carnis
1502 2231 1723 2285 hmresis
1759 2245 1975 2301 quoque

398 2337 598 2376 nomen
649 2324 959 2385 ascribitur,
992 2323 1135 2377 sicut
1166 2324 1243 2376 ait
1275 2341 1289 2378 :
1325 2322 1616 2393 Manifesta
1650 2333 1821 2376 autem
1852 2333 1971 2376 sunt

397 2429 557 2481 opera
597 2415 793 2476 carnis,
830 2431 947 2484 qua:
975 2424 1099 2468 sunt
1130 2414 1434 2483 fornicatio,
1471 2415 1841 2477 immunditia,
1874 2415 1974 2467 im—

394 2500 651 2569 pudicitia
668 2542 683 2566 ,
701 2501 1003 2555 idololatria
1025 2542 1041 2569 ,
1064 2503 1327 2570 veneﬁcia,
1360 2503 1672 2564 inimicitiis,
1691 2503 1972 2555 contentio-

397 2606 514 2657 nes,
546 2592 945 2656 a'mulationes,
985 2594 1080 2647 ira:
1105 2631 1122 2658 ,
1159 2595 1323 2658 νίκα),
1362 2594 1677 2657 discordiw,
1711 2594 1931 2647 ha’reses
1956 2633 1971 2656 ,

393 2682 694 2745 ebrietates,
731 2684 1156 2748 comessationes,
1184 2696 1231 2737 et
1258 2684 1339 2736 his
1362 2683 1584 2748 similia,
1612 2699 1731 2749 quce
1762 2694 1809 2737 et
1830 2698 1971 2751 prae-

394 2774 514 2826 dico
540 2775 684 2827 vobis
700 2775 949 2843 quoniam
971 2775 1064 2844 qui
1092 2774 1225 2827 talia
1254 2782 1438 2843 agunt,
1480 2789 1696 2843 regnum
1735 2772 1827 2826 Dei
1870 2788 1973 2827 non

392 2864 729 2932 possidebunt
756 2863 843 2923 ³⁸⁸.
860 2862 963 2919 Per
985 2878 1103 2933 qua:
1125 2865 1525 2935 cognoscimus,
1556 2862 1811 2931 quoniam
1835 2861 1976 2916 sicut

396 2956 447 3010 hi
487 2956 577 3023 qui
618 2954 1065 3011 fornicationibus
1092 2955 1177 3009 vel
1211 2955 1611 3019 immunditiis,
1662 2964 1826 3023 atque
1867 2952 1972 3009 im-

392 3048 712 3115 pudicitiis,
771 3056 827 3101 et
879 3047 1150 3101 idolorum
1205 3046 1441 3101 cultibus
1490 3045 1744 3101 maculati
1801 3055 1970 3111 sunt,

2085 592 2223 641 rum,
2259 577 2422 631 alium
2473 577 2884 647 Evangeliorum
2934 577 3097 629 Deum
3143 575 3307 631 dicit.
3352 585 3407 629 et
3438 575 3651 627 Patrem

2092 667 2302 722 Domini
2353 668 2523 723 nostri
2549 668 2675 723 Jesu
2707 668 2907 723 Christi
2949 682 3053 721 non
3095 680 3216 720 eum
3242 666 3375 719 dicit
3401 680 3522 719 esse
3562 668 3651 733 qui

2084 773 2112 810 a
2149 757 2266 827 lege
2308 767 2361 813 et
2405 760 2682 830 prophetis
2724 761 3068 829 praedicatur,
3112 758 3207 812 sed
3248 757 3411 811 alium
3469 762 3654 810 nescio

2086 865 2245 919 quem
2276 850 2522 920 ignotum
2550 852 2802 906 omnibus
2848 861 3011 919 atque
3047 850 3297 907 omnibus
3324 850 3650 914 inauditum,

2083 944 2390 1012 huiusmodi
2425 945 2671 1000 homines
2721 945 3003 999 haereticos
3060 944 3424 1015 designamus,
3469 959 3655 1013 quam-

2081 1034 2211 1089 libet
2246 1036 2410 1090 variis
2443 1051 2507 1091 ac
2546 1036 2773 1091 diversis
2805 1045 2857 1090 et
2896 1035 3158 1090 fabulosis
3193 1036 3521 1089 concinuent
3547 1034 3651 1089 ista

2082 1124 2371 1192 figmentis,
2401 1127 2536 1179 sicut
2569 1125 2681 1196 (65)
2703 1135 3006 1181 sectatores
3037 1124 3347 1189 Marcionis,
3372 1135 3427 1179 et
3450 1124 3650 1178 Valen-

2083 1214 2201 1280 tini,
2242 1227 2295 1268 et
2330 1216 2600 1282 Basilidis,
2638 1227 2692 1272 et
2716 1218 2766 1271 hi
2797 1218 2888 1287 qui
2917 1233 2975 1272 se
3001 1216 3298 1272 Tethianos
3332 1217 3446 1288 (66)
3477 1216 3653 1286 appelq

2079 1305 2211 1361 lant.
2242 1304 2348 1361 Sed
2380 1316 2434 1361 et
2465 1308 2675 1377 Apelles
2718 1310 2844 1364 licet
2894 1325 3001 1364 non
3039 1309 3292 1364 omnibus
3331 1308 3505 1362 modis
3554 1308 3647 1361 Dei

2077 1413 2199 1454 esse
2243 1402 2468 1470 deneget
2506 1400 2680 1469 legem
2732 1401 2815 1455 vel
2866 1402 3175 1471 prophetas,
3211 1410 3387 1453 tamen
3425 1408 3479 1454 et
3536 1400 3651 1468 ipse

2079 1492 2368 1547 haereticus
2405 1493 2744 1563 designatur,
2771 1494 3027 1563 quoniam
3062 1494 3349 1548 Dominqu
3384 1493 3530 1547 hunc
3558 1495 3649 1562 qui

2078 1585 2336 1638 mundum
2369 1585 2558 1647 edidit,
2582 1584 2648 1637 ad
2676 1585 2897 1652 gloriam
2931 1584 3153 1641 alterius
3181 1585 3410 1656 ingeniti
3437 1596 3492 1641 et
3521 1586 3645 1641 boni

2083 1673 2173 1730 Dei
2227 1690 2354 1729 eum
2414 1677 2786 1731 construxisse
2843 1678 3208 1746 pronuntiat:
3251 1676 3399 1730 illum
3467 1687 3646 1731 autem

2079 1767 2374 1837 ingenitum
2422 1768 2589 1822 Deum
2622 1769 2672 1822 in
2703 1769 3180 1823 consummatione
3213 1769 3395 1825 saeculi
3428 1770 3647 1825 misisse

2074 1855 2257 1911 Jesum
2283 1857 2557 1913 Christum
2587 1858 2651 1913 ad
2676 1858 3119 1914 emendationem
3150 1860 3357 1923 mundi,
3396 1871 3645 1929 rogatum

2074 1951 2237 2005 abeo
2267 1949 2412 2015 Deo,
2467 1950 2557 2019 qui
2607 1966 2729 2005 eum
2780 1950 3006 2015 fecerat,
3060 1960 3120 2006 ut
3164 1952 3404 2007 mitteret
3447 1951 3645 2007 Filium

2075 2056 2231 2095 suum
2269 2044 2332 2096 ad
2368 2043 2552 2099 mundi
2585 2044 2670 2098 sui
2706 2044 3122 2098 correctionem.
3152 2044 3216 2098 Et
3241 2045 3286 2099 si
3311 2045 3528 2115 quidem
3557 2046 3646 2099 hic

2076 2134 2422 2191 solummodo
2464 2137 2554 2204 qui
2605 2136 2671 2190 de
2714 2136 2822 2191 Deo
2851 2134 3013 2190 Patre
3059 2136 3217 2191 aliter
3258 2137 3426 2192 sentit
3483 2152 3643 2207 quam

2076 2226 2257 2296 regula
2305 2227 2522 2296 pietatis
2563 2228 2826 2297 exposcit,
2870 2227 3160 2283 hmreticus
3196 2228 3308 2300 (67)
3365 2228 3645 2284 habendus

2074 2328 2241 2382 esset,
2277 2317 2550 2373 suﬂiceret
2596 2320 2783 2386 utique
2829 2319 2969 2387 quod
3006 2318 3255 2389 superius
3291 2318 3492 2373 dictum
3537 2328 3641 2374 est.

2074 2410 2181 2465 Sed
2218 2427 2357 2465 nunc
2385 2425 2547 2464 unum
2598 2421 2761 2479 atque
2803 2410 2942 2465 idem
2990 2411 3317 2465 credendum
3360 2418 3444 2465 est
3477 2411 3640 2465 etiam

2074 2503 2141 2557 de
2162 2518 2229 2557 eo
2257 2502 2347 2573 qui
2389 2503 2454 2557 de
2494 2501 2724 2558 Domino
2756 2512 2943 2556 nostro
2981 2500 3107 2558 Jesu
3140 2502 3359 2557 Christo
3392 2502 3510 2557 falsi
3544 2502 3645 2556 ali-

2074 2594 2203 2664 quid
2233 2594 2487 2657 senserit,
2536 2594 2651 2647 sive
2681 2593 2980 2648 secundum
3028 2608 3122 2648 eos
3168 2595 3259 2663 qui
3296 2594 3481 2648 dicunt
3518 2608 3640 2648 eum

2074 2699 2139 2739 ex
2171 2683 2369 2755 Josepb
2402 2695 2456 2739 et
2489 2684 2657 2738 Maria
2693 2694 2879 2739 natum
2902 2724 2918 2749 ,
2961 2686 3103 2739 sicut
3140 2694 3263 2738 sunt
3300 2685 3563 2741 Ebiouita:
3590 2695 3646 2740 et

2076 2774 2466 2840 Valentiniani,
2502 2775 2617 2828 sive
2650 2774 2945 2829 secundum
2986 2789 3080 2829 eos
3110 2774 3200 2844 qui
3229 2777 3643 2845 primog°nitum

2074 2881 2196 2920 eum
2225 2874 2446 2935 negant,
2467 2874 2521 2920 et
2552 2866 2717 2920 totius
2746 2873 3009 2920 creaturze
3045 2864 3213 2920 Deum
3236 2905 3251 2929 ,
3287 2875 3343 2920 et
3388 2864 3643 2934 Verbum,

2073 2967 2127 3014 et
2148 2956 2507 3028 Sapientiam,
2567 2970 2689 3026 quae
2723 2963 2806 3011 est
2850 2956 3066 3010 initium
3100 2957 3308 3010 viarum
3362 2957 3453 3012 Dei
3496 2968 3647 3014 aute-

2074 3065 2236 3121 quam
2268 3049 2471 3119 aliquid
2508 3049 2682 3114 fieret,
2725 3058 2853 3103 ante
2892 3048 3087 3103 saecula
3122 3046 3433 3115 fundatam,
3486 3060 3649 3119 atque

395 3154 623 3209 regnum
658 3138 751 3194 Dei
786 3154 893 3195 non
917 3140 1291 3209 possidebunt,
1324 3139 1398 3195 ita
1439 3139 1560 3194 ethi
1591 3139 1683 3207 qui
1724 3139 1775 3193 in
1800 3139 1973 3196 heare.
1998 3162 2043 3225 C
2076 3153 2201 3197 ante
2242 3157 2434 3197 omnes
2478 3142 2644 3197 colles
2705 3149 3020 3211 generatam
3074 3140 3141 3206 '°,
3217 3140 3311 3195 sed
3372 3141 3645 3195 hominem

393 3230 497 3285 sim
529 3229 950 3289 declinaverint.
992 3229 1180 3301 Neque
1217 3233 1363 3287 enim
1395 3231 1692 3300 putandum
1722 3240 1805 3286 est
1836 3232 1970 3286 tanti

394 3321 624 3388 apostoli
670 3331 779 3377 tam
812 3322 1117 3378 absolutam
1150 3323 1477 3377 sententiam
1531 3336 1690 3386 posse
1729 3322 1837 3378 ullo
1881 3338 1973 3393 ge-

394 3429 524 3469 nere
554 3415 837 3470 vacillare.
874 3415 1166 3484 Apostolus
1193 3415 1338 3470 enim
1385 3421 1471 3470 est
1517 3415 1758 3470 omnium
1787 3416 1972 3471 Eccle-

392 3505 598 3561 siarum
630 3505 832 3562 Christi
863 3545 878 3571 ,
914 3523 1023 3563 non
1054 3508 1123 3562 ab
1153 3507 1396 3571 homine,
1430 3520 1606 3574 neque
1657 3520 1751 3574 per
1799 3506 1972 3561 homi-

394 3612 545 3662 nem,
591 3598 686 3654 sed
730 3613 829 3668 per
874 3597 1059 3655 Jesum
1110 3598 1388 3654 Christum
1433 3606 1489 3653 et
1536 3597 1703 3653 Deum
1754 3597 1968 3654 Patrem

392 3689 600 3746 electus
634 3690 695 3745 η.
728 3690 1019 3760 Propterea
1055 3704 1211 3761 ergo,
1240 3689 1545 3745 secundum
1590 3691 1967 3745 auctoritatem

394 3782 676 3837 sententiae
711 3782 880 3851 ipsius
906 3821 922 3845 ,
966 3789 1182 3853 oportet
1230 3796 1330 3836 nos
1378 3780 1525 3836 sicut
1565 3783 1770 3852 reliqua
1829 3784 1966 3840 mala

393 3887 514 3944 qua:
546 3873 659 3945 (65)
692 3875 1018 3940 numeravit,
1052 3875 1125 3929 ita
1148 3872 1313 3930 etiam
1338 3888 1532 3929 nomen
1566 3874 1787 3930 haeresis
1814 3876 1968 3931 devi-

393 3975 535 4032 tare,
590 3980 767 4036 neque
811 3981 933 4021 cum
991 3965 1186 4022 talibus
1235 3967 1501 4023 orationis
1563 3967 1827 4025 societate
1868 3970 1968 4025 mi-

392 4057 555 4114 sceri.
573 4076 613 4119 »ς

462 4146 788 4206 Puemws.
823 4146 891 4203 Et
930 4156 1051 4218 post
1100 4148 1249 4217 haec,
1286 4148 1473 4219 paucis
1515 4147 1839 4220 quibusdam
1871 4164 1969 4219 per

396 4240 635 4294 medium
657 4240 895 4306 insertis,
927 4238 1123 4304 adjecit
1145 4258 1157 4295 :

463 4329 755 4387 ORIGENES.
803 4349 822 4381 ι
850 4330 990 4397 Quid
1035 4345 1168 4385 vero
1196 4330 1268 4387 sit
1309 4328 1598 4387 haereticus
1635 4330 1797 4385 homo
1819 4371 1835 4394 ,
1868 4346 1966 4401 pro

391 4424 600 4480 viribus
628 4424 853 4489 nostris,
885 4426 1184 4479 secundum
1219 4423 1364 4492 quod
1391 4424 1598 4478 sentire
1624 4422 1735 4495 (64)
1774 4439 1967 4494 possu-

392 4530 537 4583 mus,
566 4516 961 4572 describamus.
1004 4514 1195 4570 Omnis
1247 4517 1337 4585 qui
1376 4515 1594 4571 Christo
1636 4530 1696 4570 se
1741 4517 1963 4572 credere

466 4633 510 4664 ¹⁶
549 4632 680 4687 Luc.
714 4632 943 4694 “1,10.
1018 4634 1058 4665 "
1094 4632 1204 4689 Tit.
1250 4648 1333 4698 ιιι,
1384 4632 1474 4699 10,
1520 4634 1605 4688 Η.

388 4717 509 4771 vnt,
552 4703 645 4767 20,
686 4703 777 4769 22,
804 4703 894 4757 26.

464 4820 578 4895 (60)
611 4820 812 4895 Omnes
840 4838 969 4895 mss.
1003 4839 1183 4895 unam.
1217 4822 1390 4895 Editi,
1412 4821 1643 4895 'trinam.

466 4892 576 4964 (6t)
614 4892 688 4946 De
715 4909 817 4961 quo
847 4893 976 4947 dicit
1003 4894 1175 4962 qualis
1208 4896 1272 4946 sit
1303 4894 1392 4962 qui
1418 4894 1718 4964 hereticus,
1752 4901 1800 4947 et
1825 4909 1958 4963 qua-

392 4963 458 5017 lis
483 4964 546 5017 sit
569 4966 660 5033 qui
684 4964 970 5017 catholicus
992 4973 1067 5017 est
1092 4972 1138 5017 et
1161 4964 1566 5018 ecclesiasticus.
1624 4963 1747 5015 llmc
1767 4964 1961 5020 desunt

392 5036 448 5089 in
473 5035 726 5087 omnibus
755 5049 883 5088 mss.
923 5035 1145 5098 nostris,
1181 5036 1273 5088 sed
1305 5042 1520 5086 exstant
1551 5035 1602 5084 in
1630 5034 1812 5086 editis.

486 5102 574 5170 62)
598 5102 675 5156 Ex
712 5101 1114 5156 Commentariis
1143 5106 1198 5155 in
1239 5100 1409 5170 Epist.
1443 5102 1511 5154 ad
1548 5102 1746 5155 Titum.

487 5172 576 5236 65)
602 5172 766 5236 Editi,
796 5182 1182 5233 numeraverat.
1216 5173 1290 5225 ita
1327 5188 1513 5225 nomen
1559 5172 1793 5233 hmresis,
1846 5179 1953 5227 etc.

395 5241 523 5297 Mss.
554 5241 867 5304 numeravit,
900 5245 976 5295 ita
1007 5244 1165 5295 etiam
1202 5258 1387 5295 nomen
1414 5243 1648 5302 hwresis,
1680 5251 1789 5295 etc.

467 5313 579 5384 (64)
617 5312 781 5384 Editi,
830 5313 1118 5382 possimus.
1145 5348 1193 5365 ..
1217 5351 1230 5364 .
1278 5314 1366 5380 qui
1409 5328 1462 5365 se
1500 5310 1708 5365 Christo
1748 5312 1960 5365 credere

393 5382 688 5454 molimur.
719 5382 849 5436 Mss.
876 5397 1001 5454 vero
1032 5386 1156 5436 utin
1192 5391 1360 5436 textu.

469 5454 583 5522 (65)
636 5452 762 5507 Mss.
816 5452 1005 5522 nostri
1027 5453 1284 5505 omittunt
1314 5457 1617 5522 _s_ectatores
1646 5465 1664 5503 :
1699 5459 1754 5504 et
1799 5449 1961 5522 paulo

394 5518 515 5593 post
550 5518 694 5593 recte
724 5522 923 5593 habent
953 5520 1275 5593 Tethianos.
1300 5519 1569 5593 AMerlinus
1621 5535 1771 5585 vero,
1800 5518 1956 5573 'Eth-

396 5589 615 5659 inanes;
648 5591 1053 5660 Genehrardus,
1081 5589 1465 5660 Eutychianos.

464 5665 577 5735 (66)
598 5658 911 5735 Tethianos.
952 5659 1028 5735 Ita
1054 5658 1471 5735 qtt_i_deut_m_ss_.;
1518 5658 1952 5735 _sed_legen_dur_n

393 5729 608 5787 videtur
644 5731 920 5792 Tatianos,
950 5732 1017 5784 de
1042 5733 1237 5798 quibus
1268 5729 1601 5798 Epiphanius
1634 5729 1830 5783 haeresi
1861 5729 1955 5792 26,

396 5804 469 5857 al.
496 5804 585 5857 46.
623 5803 800 5855 Editio
833 5817 967 5854 nova
1001 5800 1373 5868 Hierouymia
1404 5799 1464 5851 Ι).
1512 5808 1697 5852 nostro
1737 5799 1957 5851 Martia-

402 5890 517 5930 meo
543 5875 753 5943 vulgata
785 5871 945 5925 habet
985 5867 1259 5923 Ethiano’s.
1312 5867 1555 5927 lluertns
1593 5870 1648 5925 in
1683 5868 1953 5923 Addendis

712 5970 981 6028 I’ATROL.
1024 5968 1141 6026 Cn.
1182 5966 1381 6029 XVII.

1685 4633 1729 4665 ¹⁶
1760 4633 1782 4690 Ι
1807 4632 1931 4691 Cor.
1958 4652 2034 4701 st,
2066 4638 2155 4698 19.

2077 3236 2254 3292 solum
2282 3249 2404 3291 eum
2445 3233 2689 3289 dicentes
2724 3231 2847 3287 :vel
2894 3232 3189 3287 secundum
3216 3247 3310 3287 eos
3355 3234 3443 3301 qui
3483 3234 3647 3287 Deum

2075 3328 2295 3399 quidem
2321 3341 2443 3381 eum
2486 3325 2748 3388 fatentur,
2781 3324 2893 3396 (68)
2926 3339 3033 3378 non
3071 3332 3250 3378 tamen
3288 3326 3650 3393 assumpsisse

2077 3420 2315 3473 animam
2345 3428 2653 3487 corpusque
2682 3424 2954 3470 terrenum
2991 3434 3003 3471 :
3035 3418 3125 3486 qui
3155 3418 3254 3470 sub
3290 3417 3473 3486 specie
3494 3420 3647 3486 quasi

2078 3508 2360 3581 amplioris
2416 3508 2600 3580 gloria)
2634 3507 2761 3563 Jesu
2798 3507 3029 3562 Domino
3083 3506 3411 3576 deferendze,
3465 3513 3645 3563 omnia

2076 3616 2197 3674 quae
2223 3602 2290 3657 ab
2322 3614 2387 3656 eo
2412 3609 2563 3673 gesta
2594 3608 2739 3664 sunt,
2777 3597 2889 3669 (69)
2920 3597 3033 3652 visa
3069 3598 3179 3661 geri
3224 3599 3394 3670 magis
3418 3639 3433 3662 ,
3487 3616 3647 3668 quam

2074 3707 2203 3748 vere
2234 3701 2381 3764 gesta
2411 3704 2532 3746 esse
2548 3697 2816 3744 testantur
2849 3706 2861 3741 :
2888 3688 3090 3758 quique
3124 3704 3301 3760 neque
3332 3690 3401 3745 de
3427 3690 3651 3760 Virgine

2075 3791 2261 3839 natutn
2295 3782 2554 3844 fatentur,
2602 3783 2697 3835 sed
2739 3779 2958 3850 triginta
2991 3794 3255 3834 annorum
3293 3781 3468 3837 virum
3519 3798 3641 3836 eum

2074 3875 2391 3945 apparuisse
2419 3874 2471 3928 in
2500 3870 2704 3929 Iudaea.
2750 3871 2855 3925 Alii
2886 3884 3014 3925 vero
3056 3884 3121 3925 ex
3157 3870 3377 3943 Virgine
3418 3873 3635 3942 quidem

2073 3982 2196 4023 eum
2228 3967 2454 4019 credunt
2481 3978 2601 4019 esse
2630 3961 2995 4032 progenitum,
3025 3962 3119 4017 sed
3150 3970 3368 4030 putasse
3391 3978 3448 4017 se
3475 3965 3644 4033 magis

2073 4056 2352 4126 Virginem
2377 4052 2675 4123 peperisse,
2706 4066 2813 4105 non
2840 4059 3017 4105 tamen
3047 4065 3180 4106 vere
3213 4053 3486 4121 peperisse
3514 4068 3645 4107 cou-

2075 4150 2321 4205 firmant.
2354 4146 2603 4201 Latnisse
2634 4144 2832 4213 quippe
2881 4144 3043 4199 etiam
3082 4143 3357 4213 Virginem
3389 4147 3647 4214 putativa!

2074 4237 2445 4312 generationis
2488 4243 2744 4290 asserunt
2773 4241 3198 4291 sacramentum.
3237 4232 3336 4299 Qui
3375 4238 3647 4305 quomodo

2074 4330 2271 4387 nonab
2295 4327 2535 4383 Ecclesia
2575 4326 2732 4397 longe
2770 4324 3000 4394 ponendi
3036 4336 3180 4390 sunt,
3221 4341 3342 4380 cum
3375 4327 3489 4399 (70)
3521 4329 3647 4396 phi-

2074 4423 2293 4478 larehite
2323 4419 2511 4474 morbo
2551 4416 2866 4488 languentes
2891 4415 3139 4486 dogmata
3168 4418 3482 4481 statuerint,
3528 4421 3649 4487 qui-

2064 4519 2168 4572 bus
2191 4515 2258 4569 ad
2287 4528 2444 4567 suum
2476 4524 2669 4565 nomen
2697 4506 2991 4578 discipulos
3014 4507 3349 4563 declinarent
3374 4508 3647 4579 ?(7I)Sed

2268 4632 2335 4666 η’
2358 4630 2537 4688 Galat.
2567 4643 2621 4696 v,
2651 4628 2841 4684 19-21.
2922 4628 2964 4660 ¹⁹
2990 4626 3166 4683 Galat.
3197 4642 3233 4691 ι,
3272 4627 3325 4682 1.
3402 4628 3449 4661 ’⁸
3483 4627 3643 4687 Prov.

1993 4829 2039 4883 D
2067 4834 2117 4878 et
2147 4814 2512 4874 emendandis.

2140 4891 2253 4957 (6'1)
2277 4886 2407 4940 Mss.
2431 4893 2493 4957 et
2525 4880 2739 4957 Martini
2767 4881 2957 4957 editio,
2989 4878 3266 4957 habendus
3285 4888 3384 4957 est,
3422 4889 3468 4932 et
3502 4883 3644 4951 sufﬁ-

2068 4950 2224 5020 ceret,
2281 4968 2387 5010 etc.
2431 4953 2651 5007 Rectius
2700 4950 3120 5010 Genehrardus.
3176 4950 3447 5003 habendus
3487 4950 3638 5009 esset.

2066 5030 2339 5099 suﬂicereL,
2362 5036 2471 5099 etc.

2141 5088 2253 5170 (68)
2300 5094 2439 5170 Editi
2485 5098 2809 5170 nontamen
2846 5089 3195 5170 assumpsisse
3236 5088 3526 5148 hominem,
3584 5092 3641 5145 id

2067 5158 2165 5231 est,
2236 5158 2502 5226 animam,
2554 5169 2661 5214 etc.
2719 5158 2824 5231 Ms.
2880 5160 3249 5231 Sorlmttictt_s,
3308 5175 3407 5212 non
3462 5171 3639 5213 tamen

2067 5228 2410 5305 assumpsisse
2437 5232 2676 5287 eumdem
2705 5229 2964 5295 animum,
3011 5240 3119 5284 etc.
3156 5228 3350 5283 Cxteri
3401 5244 3531 5282 mss.
3582 5242 3644 5283 ut

2067 5320 2457 5448 Ἶιὲὄῖιὶάίιί,
2497 5369 2824 5448 phantastice
2870 5370 3064 5448 magis,
3118 5384 3303 5437 quam,
3358 5376 3511 5448 etc.“
3534 5366 3636 5448 Ms.

2069 5435 2405 5501 So‘rbonicns
2428 5435 2449 5502 ,⁷
2483 5435 2593 5509 uisa
2626 5455 2802 5506 gerere
2848 5435 3035 5508 magis,
3088 5435 3424 5509 quamketc.
3455 5435 3644 5509 ,Puulo

2066 5528 2187 5585 post
2214 5514 2363 5579 editi,
2386 5512 2462 5585 Ade
2503 5508 2713 5577 Virgine
2737 5506 3243 5563 natum—testantur.
3272 5506 3465 5563 Cameri
3504 5526 3637 5563 mss.

2062 5582 2266 5641 rectius
2300 5595 2356 5635 ut
2385 5582 2439 5634 in
2471 5590 2640 5633 textu.

2136 5656 2249 5726 (70)
2279 5653 2443 5726 Editi,
2482 5658 2551 5726 _et
2599 5664 2703 5704 ms.
2745 5648 2967 5714 Regius,
3020 5648 3384 5719 philargyriae.
3441 5647 3637 5705 Cmteri

2065 5721 2198 5781 mss.
2233 5721 2561 5791 philarchiw.

2138 5786 2254 5921 (Ἡ)
2285 5792 2389 5848 Sed
2441 5801 2489 5845 et
2528 5806 2613 5843 eos
2646 5789 2735 5859 qui
2782 5789 3065 5851 hominem.
3096 5798 3203 5843 etc.
3235 5788 3489 5843 Errorem
3534 5786 3641 5841 Be»

2138 5868 2183 5921 li
2214 5865 2602 5921 Bostrenorum
2646 5860 2885 5921 episcopi
2930 5861 3017 5915 hic
3061 5861 3311 5921 designat
3353 5858 3637 5921 Origenes.

2063 5858 2183 5938 rylli
2214 5858 2602 5921 Bostrenorum
2646 5858 2885 5935 episcopi
2930 5861 3017 5915 hic
3061 5861 3311 5931 designat
3353 5858 3637 5928 Origenes.

3284 5954 3359 6020 18
