4162 6382
533 367 636 422 555

1739 363 1795 417 S.
1835 357 2165 417 PAMPlllLl
2208 355 2560 414 MARTYRIS

3690 364 3793 420 556

532 501 626 537 eos
661 482 750 551 qui
791 482 1067 541 hominem
1108 480 1298 536 dicunt
1337 481 1626 535 Dominum
1677 478 1860 534 Jesum
1902 492 2108 545 praeco-
2141 478 2186 533 A
2215 475 2388 530 virum
2433 492 2556 532 cum
2603 476 2688 532 his
2714 478 2966 533 omnibus
3016 492 3136 546 quae
3184 491 3349 548 supra
3398 478 3748 550 exposuimus
3775 521 3791 547 ,

532 579 740 648 gnituut
775 583 829 629 et
858 576 1323 645 prmdcstinatum,
1354 575 1445 644 qui
1492 583 1618 628 ante
1661 573 1949 627 adventum
1987 586 2106 624 car-

531 667 705 720 nalem
739 665 1170 721 substantialiter
1195 672 1249 719 et
1290 664 1509 732 proprie
1540 678 1644 717 non
1671 663 1979 725 exstiterit,
2012 660 2108 716 sed

531 761 674 830 quod
705 760 866 815 homo
908 769 1065 814 natus
1103 757 1283 812 Patris
1324 757 1496 813 solam
1532 756 1586 811 in
1628 772 1686 811 se
1717 757 1964 811 habuerit
1994 753 2110 826 (72)

540 855 821 919 deitatem,
856 869 923 908 ne
948 853 1068 907 illos
1092 852 1310 921 quidem
1340 853 1456 907 sine
1475 851 1717 922 periculo
1743 862 1825 907 est
1853 850 2108 906 Ecclesiae

531 961 762 1000 numero
782 945 980 1000 sociari
1009 945 1180 999 :sicut
1200 951 1256 997 et
1279 942 1398 997 illos
1422 943 1511 1012 qui
1539 942 1916 1012 superstitiose
1938 941 2108 1012 magis

530 1052 688 1106 quam
709 1037 983 1107 religiose,
999 1035 1074 1090 uti
1104 1050 1171 1089 ne
1192 1034 1478 1088 videantur
1495 1035 1631 1088 duos
1648 1033 1779 1089 deos
1803 1032 2110 1102 dicere,fne-

528 1151 633 1206 que
662 1148 872 1188 rursum
894 1146 1096 1202 negare
1125 1129 1427 1184 Salvatoris
1453 1128 1734 1192 deitatem,
1777 1143 1936 1182 unam
1958 1142 2108 1182 eam-

529 1229 762 1296 demque
779 1225 889 1295 (75)
912 1220 1317 1277 subsistentiam
1338 1219 1517 1274 Patris
1535 1234 1598 1274 ac
1623 1219 1745 1273 Filii
1768 1226 2106 1282 asseverant,

479 1318 580 1371 ‘id
615 1325 718 1379 est,
750 1315 854 1368 duo
878 1313 1097 1382 quidem
1133 1310 1350 1364 nomina
1394 1309 1694 1365 secundum
1732 1308 2107 1362 diversitatem

528 1422 813 1464 causarum
883 1405 1271 1474 recipientem,
1331 1419 1492 1458 unam
1556 1412 1738 1457 tamen
1811 1401 2108 1454 ὑπόστασιν

527 1501 844 1563 subsistere,
897 1498 949 1551 id
993 1506 1077 1550 est
1115 1511 1274 1550 unam
1311 1510 1598 1565 personam
1624 1495 1832 1549 duobus
1882 1492 2113 1548 nomini-

527 1595 630 1649 bus
658 1591 1028 1660 subjacentem
1057 1633 1069 1652 ,
1103 1586 1195 1655 qui
1250 1587 1439 1640 Latine
1483 1584 1872 1654 Patripassiaui
1926 1582 2108 1655 appel-

528 1685 729 1739 lantur.
768 1683 878 1753 (74)
930 1681 1035 1737 Sed
1082 1691 1137 1735 et
1176 1679 1219 1735 si
1271 1679 1362 1748 qui
1396 1688 1522 1732 sunt
1553 1677 1646 1748 qui
1681 1677 1945 1747 Spiritum
1983 1691 2107 1731 san-

527 1789 674 1833 ctum
703 1776 868 1829 alium
897 1773 1114 1844 quidem
1146 1772 1338 1827 dicunt
1364 1785 1482 1825 esse
1517 1769 1609 1839 qui
1638 1767 1738 1823 fuit
1784 1767 1837 1822 in
1868 1767 2104 1838 prophe-

531 1873 622 1936 tis,
655 1871 820 1923 alium
851 1877 1027 1922 autem
1064 1865 1156 1936 qui
1187 1863 1287 1918 fuit
1318 1862 1373 1917 in
1407 1860 1667 1932 apostolis
1689 1859 1901 1913 Domini
1932 1858 2099 1912 nostri

523 1961 652 2017 Jesu
682 1959 907 2023 Christi,
943 1973 1108 2011 unum
1140 1964 1302 2024 atque
1335 1951 1479 2007 idem
1507 1951 1762 2006 delictum
1801 1949 2098 2020 impietatis

525 2050 842 2113 admittunt,
879 2047 1022 2117 quod
1052 2045 1152 2110 illi,
1189 2043 1308 2113 qui,
1339 2051 1600 2112 quantum
1635 2041 1687 2094 in
1719 2055 1778 2095 se
1809 2049 1913 2106 est,
1946 2048 2104 2093 natu-

526 2160 642 2198 ram
673 2142 890 2199 deitatis
921 2149 1128 2201 secant,
1153 2147 1208 2192 et
1245 2137 1359 2206 (75)
1393 2135 1653 2191 scindunt
1687 2149 1853 2187 unum
1886 2132 2026 2202 legis
2050 2140 2104 2185 et

527 2235 942 2305 Evangeliorum
1000 2233 1188 2286 Deum.
1253 2229 1357 2284 Sed
1412 2237 1468 2283 et
1512 2226 1586 2281 illi
1637 2225 1728 2296 qui
1765 2241 1869 2280 non
1911 2238 2104 2278 omnes

527 2331 791 2382 humanas
832 2327 1044 2380 animas
1102 2322 1264 2375 unius
1314 2320 1428 2391 (76)
1483 2319 1835 2389 ejusdemque
1893 2324 2102 2371 naturas

523 2421 710 2475 dicunt
740 2433 859 2476 esse
899 2416 980 2471 vel
1028 2413 1386 2478 substantizn,
1432 2412 1530 2466 sed
1583 2411 1830 2465 diversas
1875 2417 2101 2462 naturas

525 2513 855 2576 animarum,
893 2511 1035 2564 inter
1067 2523 1160 2563 eas
1195 2508 1428 2561 haareses
1468 2501 1792 2558 numerandi
1824 2509 1952 2554 sunt
1981 2514 2102 2568 quae

522 2606 867 2675 iniquitatem
915 2604 967 2658 in
1020 2601 1305 2657 Excelsum
1357 2599 1653 2668 loquuntttr
1690 2595 1758 2659 ²¹,
1809 2603 1972 2660 atque
2019 2593 2103 2646 in-

518 2698 783 2770 justitiam
844 2694 1296 2764 iniquitatemque
1357 2690 1476 2759 ejus
1537 2696 1814 2743 accusant.
1881 2685 2100 2738 Necnon

524 2802 581 2846 et
638 2791 714 2845 illi
775 2791 863 2858 qui
926 2789 1080 2843 liberi
1138 2787 1348 2841 arbitrii
1396 2794 1718 2855 potestatem
1773 2797 1840 2836 ex
1892 2780 2102 2834 anima-

522 2886 624 2942 bus
689 2884 902 2939 auferre
947 2883 1196 2935 nituntur
1259 2878 1399 2932 velut
1445 2875 1566 2948 (77)
1641 2873 1949 2944 perniciosa
2000 2873 2101 2926 do-

531 2987 732 3048 gmata,
769 2975 1040 3029 communi
1071 2974 1320 3026 humana:
1350 2971 1493 3036 vitze,
1519 2977 1573 3024 et
1602 2965 1788 3022 virtuti
1821 2965 2105 3019 continen-

523 3072 612 3125 tiae
643 3069 818 3122 labem
858 3067 1149 3136 quamdam
1189 3063 1389 3118 inferre
1422 3060 1700 3130 iudicandi
1732 3065 1880 3124 sunt,
1907 3071 1976 3110 ne
2002 3057 2104 3110 hu-

2223 569 2386 623 etiam
2428 569 2496 623 de
2531 579 2865 625 mortuorum
2903 570 3301 625 resurrectione
3349 570 3522 637 ﬁdes,
3573 571 3638 627 de
3683 588 3789 642 qua

2210 673 2447 718 sanctus
2497 664 2777 733 apostolus
2825 663 3026 720 Paulus
3072 665 3144 720 ita
3179 667 3535 737 pronuntiat,
3585 669 3709 738 quia
3745 670 3790 724 si

2209 756 2333 825 quis
2396 765 2556 825 negat
2620 758 3077 813 resurrectionem
3142 768 3485 814 mortuorum
3520 799 3536 823 ,
3595 775 3788 815 conse-

2209 862 2380 917 quens
2407 857 2488 903 est
2505 856 2563 901 ut
2586 848 2787 904 Christi
2817 850 3269 905 resurrectionem
3287 861 3444 920 neget
3463 851 3528 902 ”.
3548 849 3661 922 (79)
3680 849 3790 905 Ha-

2208 939 2402 994 beatur
2429 938 2784 995 nihilominus
2813 941 2864 994 in
2900 940 3278 995 ecclesiastico
3305 942 3494 996 ordine
3519 944 3685 996 etiam
3725 943 3791 996 de

2209 1030 2427 1085 diabolo
2461 1033 2620 1097 ratio,
2653 1041 2707 1087 et
2735 1033 2803 1087 de
2839 1032 2988 1086 omni
3020 1031 3140 1102 ejus
3181 1033 3454 1098 exercitu,
3485 1035 3625 1102 quod
3655 1049 3787 1105 ago-

2209 1139 2306 1179 nes
2335 1124 2595 1194 quosdam
2639 1134 2695 1179 et
2734 1125 3033 1180 certamina
3073 1126 3363 1180 adversum
3396 1140 3586 1181 omnes
3611 1127 3789 1180 homi-

2209 1231 2308 1271 nes
2333 1257 2348 1283 ,
2397 1212 2669 1286 praecipue
2701 1226 2880 1271 tamen
2916 1217 3180 1272 adversus
3213 1231 3310 1271 eos
3339 1218 3433 1288 qui
3465 1219 3698 1274 credunt
3728 1217 3784 1273 in

2211 1307 2500 1364 Dominum
2553 1318 2798 1363 nostrum
2829 1307 3013 1363 Jesum
3059 1307 3345 1364 Christum
3372 1348 3389 1374 ,
3441 1318 3660 1364 movent
3687 1327 3704 1364 ε
3732 1317 3790 1365 et

2208 1401 2353 1471 quod
2392 1401 2770 1456 necessitatem
2801 1403 3018 1470 quidem
3063 1400 3346 1470 imponere
3397 1401 3656 1470 peccandi
3691 1416 3790 1472 per

2209 1508 2410 1564 agones
2433 1503 2488 1548 et
2511 1495 2812 1549 certamina
2855 1508 2962 1548 non
2992 1492 3211 1559 valent,
3239 1494 3568 1562 persuadere
3607 1503 3785 1550 tamen

2207 1590 2263 1636 et
2295 1580 2546 1650 decipere
2576 1581 2643 1635 ad
2678 1582 3088 1637 subversionem
3139 1591 3372 1650 possunt
3418 1598 3513 1637 eos
3543 1584 3634 1654 qui
3680 1600 3785 1639 non

2207 1670 2354 1725 omni
2387 1670 2632 1725 custodia
2683 1685 2780 1724 sua
2827 1671 2997 1726 corda
3045 1673 3431 1740 praeu‘tuniunt.
3469 1671 3788 1730 llabendum

2210 1769 2296 1816 est
2337 1770 2518 1815 autem
2552 1761 2603 1815 in
2636 1761 3026 1816 ecclesiasticis
3072 1762 3553 1819 observationibus
3577 1806 3592 1830 ,
3642 1768 3787 1835 quod

2211 1868 2387 1924 neque
2433 1855 2714 1909 hominum
2745 1856 2868 1925 quis
2909 1870 2940 1908 a
2980 1857 3089 1910 Deo
3139 1854 3190 1908 in
3227 1857 3586 1924 perditionem
3619 1859 3788 1914 tradi-

2207 1959 2294 2004 tus
2322 1958 2425 2013 est,
2458 1950 2553 2004 sed
2586 1950 2959 2019 unusquisque
3000 1949 3340 2020 pereuntium
3373 1964 3469 2003 sua
3501 1950 3786 2022 negligen-

2203 2040 2279 2096 tia
2315 2050 2507 2112 pereat
2531 2050 2585 2095 et
2619 2041 2779 2110 culpa
2809 2080 2824 2105 ,
2854 2041 2944 2111 qui
2975 2039 3183 2096 habens
3212 2041 3425 2096 arbitrii
3459 2041 3785 2108 libertatem,

2204 2135 2405 2206 eligere
2435 2135 2573 2202 quod
2620 2135 2819 2188 bonum
2869 2145 2954 2189 est
3003 2144 3057 2188 et
3092 2135 3270 2204 potuit
3311 2142 3366 2188 et
3396 2133 3600 2188 debuit.
3633 2133 3788 2201 Quod

2204 2228 2367 2282 etiam
2403 2226 2471 2281 de
2519 2227 2638 2296 ipso
2671 2226 2887 2280 diabolo
2919 2227 3260 2281 sentiendum
3303 2235 3408 2290 est,
3440 2226 3530 2294 qui
3563 2226 3616 2280 in
3648 2241 3786 2281 con-

2204 2330 2393 2389 spectu
2448 2317 2661 2373 Domini
2718 2318 3112 2388 omnipotentis
3165 2319 3496 2374 describitur
3551 2319 3788 2374 restitis-

2204 2423 2262 2466 se
2287 2411 2355 2478 ",
2387 2419 2441 2465 et
2471 2411 2780 2466 deseruisse
2828 2420 3032 2464 statum
3061 2426 3217 2464 suum
3247 2412 3298 2464 in
3330 2426 3441 2480 quo
3475 2410 3657 2465 fuerat
3683 2411 3784 2465 im-

2205 2504 2506 2559 maculatus
2534 2505 2579 2536 ⁸⁸
2615 2505 2747 2573 :qui
2777 2504 2961 2573 utique
2988 2504 3252 2573 potuisset
3301 2503 3355 2556 in
3395 2505 3496 2558 hoc
3533 2511 3676 2558 statu
3726 2504 3782 2558 in

2203 2611 2313 2667 quo
2345 2595 2415 2650 ab
2465 2596 2619 2650 initio
2645 2596 2745 2649 l'uit
2769 2637 2786 2662 ,
2837 2609 3010 2666 usque
3039 2596 3090 2648 in
3124 2594 3286 2648 ﬁnem
3322 2609 3679 2663 perseverare
3735 2597 3783 2652 si

2204 2688 2482 2743 voluisset.
2517 2688 2842 2758 Designatus
2865 2727 2879 2753 ,
2918 2697 2976 2740 ut
3007 2688 3270 2751 arbitror,
3306 2686 3460 2741 nobis
3484 2695 3592 2750 est,
3623 2697 3786 2756 prout

2204 2780 2477 2850 potuimus
2507 2817 2523 2844 ,
2567 2789 2624 2833 et
2670 2779 2975 2848 descriptus
3007 2779 3133 2848 quis
3165 2786 3219 2832 et
3261 2779 3437 2848 qualis
3490 2788 3634 2834 esset
3671 2778 3785 2849 (80)

2205 2872 2498 2926 luereticus
2518 2910 2534 2936 ,
2571 2881 2626 2926 et
2655 2885 2775 2940 quas
2801 2869 2886 2923 vel
2916 2872 2969 2924 in
3023 2871 3220 2940 quibus
3247 2869 3366 2938 ejus
3393 2871 3643 2939 dogmata
3686 2870 3788 2924 fal-

2204 2979 2386 3032 szeque
2421 2963 2708 3032 opiniones
2753 2962 3079 3027 habeantur,
3107 2970 3162 3015 et
3201 2977 3324 3030 quae
3354 2962 3423 3016 sit
3453 2960 3786 3017 ecclesiasti-

2205 3071 2283 3110 cae
2318 3053 2677 3108 observantiae
2716 3053 2944 3122 puritas.
2980 3069 3000 3104 ι

522 3161 665 3216 mani
697 3158 959 3229 propositi
991 3173 1076 3212 res
1103 3164 1324 3224 putetur
1356 3153 1563 3207 bonum
1593 3151 1723 3221 quid
1757 3149 1841 3204 vel
1877 3147 2059 3202 facere
2083 3187 2098 3212 ,
2128 3158 2172 3217 (ι
2275 3146 2605 3202 PAMPHILUS.
2639 3145 2705 3199 Et
2735 3155 2856 3213 post
2885 3158 3056 3214 pauca
3082 3143 3288 3198 addidit
3319 3145 3464 3199 hinc:

520 3255 607 3310 vel
640 3254 819 3307 dicere
846 3293 860 3317 ,
903 3251 986 3305 vel
1015 3249 1217 3304 sentire
1247 3265 1260 3301 :
1293 3261 1360 3299 ex
1392 3260 1500 3316 quo
1529 3245 1595 3298 ad
1634 3249 2004 3310 contemptum
2037 3252 2100 3293 ac

520 3346 906 3418 negligentiam
945 3341 1113 3395 divini
1155 3338 1344 3408 iudicii
1387 3351 1540 3390 mens
1565 3337 1804 3388 humana
1837 3331 2100 3387 formabi-

522 3448 630 3492 tur.
665 3437 749 3490 Sit
781 3447 960 3488 autem
991 3431 1044 3484 in
1067 3429 1439 3484 ecclesiastico
1461 3425 1654 3482 ordine
1685 3423 1848 3478 etiam
1879 3422 1944 3475 de
1975 3435 2100 3490 pec-

522 3540 767 3586 catorum
801 3525 1080 3596 suppliciis
1117 3523 1284 3585 ﬁdes,
1317 3529 1373 3574 et
1413 3519 1479 3574 de
1507 3517 1591 3572 his
1623 3517 1711 3586 qui
1747 3515 1964 3585 prannia
1999 3515 2097 3568 bo—

515 3638 604 3678 vitae
651 3616 1081 3674 conversationis
1135 3623 1191 3668 et
1227 3612 1352 3666 vitae
1385 3611 1440 3664 in
1471 3623 1637 3677 regno
1689 3605 1903 3660 Domini
1951 3603 2102 3671 justo

517 3715 640 3783 ejus
673 3711 880 3781 judicio
915 3704 1185 3776 recepturi
1237 3714 1384 3758 sunt.
1438 3701 1494 3756 Si
1552 3699 1675 3770 quis
1720 3713 1852 3766 ergo
1905 3697 2098 3750 horum

521 3806 727 3876 a.iquid
755 3844 770 3870 ,
821 3818 944 3872 qu:e
993 3814 1155 3870 supra
1195 3794 1588 3869 exposuimus,
1623 3802 1964 3848 commutare
2012 3791 2099 3846 vel

519 3899 840 3955 subvertere
869 3893 981 3964 (78)
999 3901 1247 3955 conatur,
1274 3888 1422 3942 velut
1449 3901 1740 3952 perversus,
1777 3894 1832 3937 et
1861 3901 1893 3937 a
1922 3892 2102 3937 semet-

505 3991 634 4058 .ipso
680 3988 988 4047 damnatus,
1023 3983 1316 4036 secundum
1367 3977 1692 4033 sententiam
1740 3975 1984 4044 Apostoli
2028 3975 2094 4039 ",

518 4083 682 4136 etiam
720 4095 749 4131 a
797 4077 956 4131 nobis
991 4082 1258 4144 praecepto
1293 4069 1718 4140 obsequentibus
1748 4066 1867 4136 ejus
1894 4107 1910 4134 ,
1947 4068 2100 4122 simi-

519 4174 643 4230 liter
678 4169 955 4226 habendus
987 4175 1094 4221 est.
1142 4165 1395 4233 Desiguet
1442 4171 1624 4214 autem
1660 4160 2096 4216 ecclesiasticum

576 4318 632 4348 ·¹¹
674 4314 875 4369 Psalm.
906 4325 1079 4373 Lxxtt,
1108 4307 1178 4362 <8.
1283 4310 1326 4341 “
1358 4307 1576 4372 Til..lll,
1617 4307 1704 4362 “-

517 4387 565 4419 ¹⁶
590 4387 691 4442 lsa.
719 4400 821 4440 va
846 4423 862 4449 ,
895 4383 948 4437 5.
1048 4382 1090 4412 ³⁷
1131 4378 1271 4434 Psal.
1304 4394 1427 4443 CIL,
1450 4377 1506 4431 ὅ.

1803 4305 1849 4338 ⁸³
1877 4305 1897 4359 l
1919 4305 2048 4363 Cor.
2082 4322 2174 4371 xv,
2210 4306 2298 4361 13.

2277 3238 2568 3296 Οιιιῦειεες.
2632 3256 2650 3288 ι
2708 3237 3096 3306 Requisierunt
3144 3248 3278 3290 sane
3326 3237 3548 3306 quidam
3600 3244 3782 3290 utrum

2207 3334 2487 3396 haeresim,
2529 3331 2643 3401 (8|)
2684 3347 2750 3384 an
2790 3330 3027 3384 schisma
3070 3337 3322 3399 Oporteat
3353 3329 3538 3382 vocari
3569 3342 3660 3382 eos
3691 3327 3784 3396 qui

2206 3424 2564 3494 Cataphrygze
2613 3421 2984 3484 nominantur,
3033 3419 3388 3474 observantes
3443 3417 3608 3471 falsos
3654 3433 3784 3486 pro-

2207 3515 2400 3583 phetas
2449 3521 2503 3566 et
2553 3511 2796 3565 (licentes
2831 3526 2844 3563 :
2876 3506 2960 3561 Ne
2989 3510 3210 3560 accedas
3261 3505 3329 3558 ad
3379 3520 3492 3570 me,
3534 3503 3783 3573 quoniam

2204 3607 2429 3662 mundus
2464 3622 2579 3659 sum
2603 3604 2647 3635 ³⁸
2678 3621 2692 3658 :
2731 3616 2837 3656 non
2868 3601 3011 3656 enim
3044 3599 3157 3670 (82)
3187 3599 3372 3668 accepi
3408 3611 3655 3660 uxorem,
3684 3609 3783 3649 nec

2203 3709 2287 3754 est
2317 3697 2620 3767 sepulcrum
2652 3703 2842 3763 patens
2867 3702 3054 3762 guttur
3089 3705 3304 3754 meum,
3335 3688 3431 3743 sed
3459 3702 3578 3742 sum
3606 3685 3784 3740 Naza-

2205 3807 2344 3848 rzeus
2376 3790 2494 3851 Dei,
2531 3803 2637 3842 non
2667 3786 2855 3840 bibens
2881 3786 3064 3838 viuum
3095 3784 3238 3838 sicut
3269 3781 3364 3835 illi.
3403 3799 3424 3833 ›

2275 3885 2600 3940 ΡΑιίΡιιιιυε.
2657 3879 2778 3934 Ista:
2812 3891 2972 3933 voces
3002 3884 3129 3930 sunt
3157 3875 3274 3942 ejus
3305 3872 3396 3941 qui
3426 3871 3575 3926 velut
3603 3871 3781 3926 hatre-

2209 3977 2346 4033 ticus
2391 3983 2704 4036 accusatur,
2753 3980 2810 4024 et
2857 3967 3142 4037 corruptio
3173 3981 3238 4022 ac
3285 3967 3518 4036 perditio
3569 3966 3780 4018 anima-

2205 4082 2348 4129 rum,
2382 4065 2452 4119 ab
2483 4065 2568 4118 his
2593 4062 2686 4130 qui
2720 4072 3064 4128 nequaquam
3089 4057 3288 4111 ostium
3315 4055 3397 4110 ori
3426 4069 3525 4111 suo
3550 4063 3606 4110 et
3631 4052 3782 4108 clau-

2205 4168 2318 4216 stra
2369 4155 2526 4210 labiis
2551 4153 2665 4208 suis
2692 4151 2972 4220 imponere
3000 4164 3031 4202 a
3081 4146 3350 4217 Propheta
3380 4147 3685 4200 didicerunt
3709 4145 3778 4200 ’⁷.

2407 4302 2453 4334 ’⁸
2481 4298 2690 4357 Daniel.
2733 4314 2788 4363 ι,
2820 4295 2916 4361 l5;
2944 4291 3170 4364 Apocal.
3200 4307 3295 4357 χιι,
3325 4290 3375 4343 7.
3473 4289 3518 4322 "
3551 4287 3675 4344 Jud.
3723 4288 3778 4345 6.

517 4507 598 4562 De
637 4507 800 4560 hacce
841 4503 1036 4557 ha‘resi
1071 4499 1193 4553 vide
1239 4496 1385 4567 quod
1425 4494 1660 4551 diximus
1711 4491 2084 4564 Origenianor.
2119 4497 2165 4551 ι)
2194 4492 2332 4545 inter
2374 4506 2462 4544 eos
2495 4487 2767 4567 hereticos
2819 4479 3132 4567 numerandi
3187 4485 3308 4531 sunt
3341 4475 3463 4547 qui,
3511 4484 3620 4530 etc.
3669 4474 3774 4530 Sed

517 4577 612 4632 lib.
647 4593 685 4639 t,
720 4589 836 4641 cap.
861 4574 916 4636 5,
944 4583 1046 4623 art.
1082 4573 1136 4624 8.

590 4633 702 4716 (7Q)
737 4633 1277 4716 l~lditfi,rdioinitatem,
1312 4655 1373 4716 ne
1397 4641 1536 4716 ipsos
1571 4633 1778 4702 quidem
1813 4633 2091 4716 {imperi-

517 4702 636 4772 cuio
668 4702 778 4770 esse
813 4702 1216 4783 (Genelira_rdu_s
1256 4702 1459 4783 omittit
1497 4721 1606 4757 esse
1628 4719 1646 4756 :
1677 4719 1778 4756 tus.
1800 4702 2091 4783 'Sorbu‘ni-

519 4804 619 4842 cus
645 4802 792 4856 posse
820 4773 922 4853 pro
969 4780 1124 4850 esse),
1156 4779 1406 4856 Ecclesite
1437 4790 1652 4856 numero
1703 4773 1918 4826 sociari.
1973 4773 2109 4827 (133-.

518 4859 618 4912 teri
645 4846 777 4911 inss.
811 4846 869 4908 ut
894 4855 944 4906 in
977 4846 1146 4912 textu,
1181 4850 1281 4903 nisi
1310 4849 1453 4917 quod
1491 4846 1722 4899 habeant
1748 4858 1856 4896 esse
1881 4856 1978 4912 pro
2010 4853 2086 4896 est

516 4931 660 5000 quod
687 4927 964 5000 legendum
997 4923 1225 5000 videtur.

589 4999 700 5068 (75)
729 4982 857 5068 Mss.
884 4991 1294 5068 subsidentium.
1330 4986 1467 5068 Etl_i_ti
1487 4982 2085 5068 ,.su‘bstaontiam,nmale.

588 5053 702 5137 (74)
756 5067 852 5120 Ms.
891 5061 1257 5137 Corbeiensis,
1294 5068 1348 5112 et
1384 5056 1598 5137 ⁵Μειίὶιιι]
1634 5055 1802 5137 editio
1830 5095 1843 5118 ,
1889 5053 1994 5108 Sed
2040 5063 2088 5134 et

516 5124 604 5211 qui
631 5124 751 5192 sunt
779 5137 891 5211 qui,
934 5143 1038 5186 etc.
1064 5131 1466 5211 .Genebrardus
1488 5167 1504 5192 ,
1550 5125 1654 5180 Sed
1701 5134 1770 5211 et.
1800 5134 1922 5211 sunt
1973 5124 2084 5194 qui,

516 5194 645 5271 o'etc.,
675 5194 817 5277 quod
843 5194 1170 5277 contrarium
1191 5211 1309 5254 erat
1341 5199 1423 5277 lt_is
1452 5213 1570 5266 quas
1605 5194 1798 5277 seribit
1823 5194 2089 5260 Origenes

517 5282 611 5334 lib.
635 5264 709 5333 ἠ’
739 5277 812 5329 De
850 5273 1145 5340 principiis,
1194 5286 1314 5338 cap.
1361 5269 1423 5340 7,
1462 5264 1609 5320 num.
1651 5264 1703 5340 l,
1741 5264 1882 5340 Duos
1913 5275 2086 5315 autem

519 5350 751 5415 Spiritus
784 5334 991 5398 sanctos
1018 5334 1289 5415 nunquam
1321 5334 1710 5415 audivimusab
1745 5335 2086 5415 aliquam-(e-

518 5405 713 5472 dicuri.
775 5420 879 5470 Sed
929 5414 1111 5467 caeteri
1143 5405 1284 5464 'ntss.
1329 5411 1495 5462 nostri
1539 5407 1628 5474 qui
1673 5415 1817 5458 recte
1859 5405 2081 5466 habent,

517 5489 622 5543 Sed
639 5499 687 5542 et
720 5489 766 5540 si
793 5486 881 5548 qui
900 5494 1020 5538 sunt
1049 5482 1158 5550 qui,
1177 5492 1309 5543 etc.,
1333 5489 1576 5547 apertam
1602 5475 2083 5550 c0t_ttradictionettt

517 5562 754 5614 solvunt.
785 5545 856 5609 lbi
893 5556 1033 5606 enim
1060 5545 1166 5605 non
1192 5545 1512 5607 allirtnatur,
1540 5548 1634 5600 sed
1663 5545 1957 5597 dubitatur.

587 5610 702 5697 (³75)
735 5631 824 5682 Sic
847 5639 1032 5697 omnes
1061 5637 1192 5674 mss.
1222 5619 1360 5697 Ijldtti
1401 5632 1564 5697 vero,
1604 5615 1956 5697 et'scinduu't,
1998 5610 2084 5662 di-

514 5681 880 5753 centesimum
913 5693 1084 5759 Legs,
1112 5702 1157 5744 et
1185 5690 1412 5759 alterum
1443 5684 1852 5753 Evangeliorum
1893 5681 2078 5759 Deum.

588 5771 700 5840 (76)
733 5769 808 5820 Ita
843 5781 943 5840 tus.
977 5752 1198 5829 Regius.
1242 5758 1435 5840 Clacteri
1458 5752 1612 5840 ,νει-2
1650 5767 1778 5840 IIIISS.
1811 5763 1888 5840 et.
1911 5752 2082 5840 editi,

512 5820 849 5906 (ῥιῖέιῖέιῆριιε
871 5820 1186 5891 άὲειιηιὶδες
1208 5825 1537 5884 substantiis.
1574 5822 1741 5879 Paulo
1771 5831 1894 5892 post
1925 5820 2080 5887 editi,

2194 4576 2385 4616 omnes
2413 4573 2546 4613 mss.
2577 4571 2635 4611 ut
2667 4557 2718 4608 in
2745 4564 2916 4606 textu.

2264 4630 2378 4700 (77)
2410 4629 2501 4683 Sic
2539 4623 2896 4700 tns_s.__u_ostri,
2948 4618 3052 4674 nisi
3091 4618 3235 4699 quod
3271 4617 3532 4700 habeant,
3566 4615 3776 4700 uirtutis

2193 4687 2550 4755 coutiuentiaz.
2602 4695 2744 4751 Editi
2802 4705 2967 4754 vero,
3031 4689 3329 4753 pernicioso
3383 4687 3772 4753 dogmate....

2191 4783 2239 4825 et
2274 4769 2452 4824 virtuti
2486 4764 2821 4822 continentia:
2843 4799 2857 4815 .
2883 4801 2898 4815 .
2917 4799 2931 4814 .
2952 4799 2968 4812 .
2989 4776 3051 4814 ne
3078 4757 3297 4811 humani
3339 4757 3590 4824 prapositi
3625 4771 3777 4823 repu-

2191 4849 2532 4980 ἐίξὲνὲξιεῗὲε.
2584 4875 2951 4980 Sorbonicus.
2991 4908 3047 4955 et
3099 4897 3293 4951 Montis
3328 4893 3726 4980 S.__Micliaelis
3754 4934 3770 4959 ,

2191 4968 2436 5043 conatur,
2463 4986 2638 5046 peccat
2668 4976 2803 5029 velut
2827 4987 3098 5046 perversa:
3117 4981 3164 5021 et
3182 4985 3225 5046 _a
3249 4968 3773 5046 semetipsoudamna-

2191 5062 2296 5115 tus,
2325 5059 2371 5102 et
2395 5036 2704 5111 secundum,
2727 5036 2836 5098 etc.
2869 5042 2973 5096 Sed
3009 5039 3197 5094 caeteri
3221 5053 3350 5092 mss.
3384 5047 3440 5090 et
3471 5036 3601 5089 editi
3639 5045 3693 5089 ut
3722 5038 3773 5089 in

2191 5131 2362 5175 textu.

2259 5173 2372 5260 (79)
2402 5187 2480 5240 lta
2518 5200 2649 5240 mss.
2685 5182 2966 5260 plerique;
3001 5179 3122 5260 _nisi
3170 5177 3314 5259 quod
3345 5175 3583 5260 quidam
3614 5173 3772 5242 paulo

2191 5245 2308 5328 post
2343 5245 2609 5313 habeant:
2657 5245 2705 5328 εὶ
2734 5256 2797 5305 de
2826 5245 3110 5328 omnijure
3132 5245 3395 5328 eiercitii.
3445 5245 3584 5328 ξςιιξιί
3621 5260 3771 5308 vero,

2193 5316 2552 5382 "noctuam...
2579 5327 2808 5376 rationes
2855 5316 2997 5390 (ιιιεξ.⁷
3023 5319 3352 5374 Sorbonicus
3376 5355 3391 5380 ,
3436 5316 3769 5368 llabetur....

2190 5400 2348 5462 ratio)
2390 5411 2434 5451 et
2461 5399 2522 5450 de
2555 5398 2695 5448 omni
2735 5393 2847 5462 ejus
2879 5393 3134 5453 exercitu,
3167 5399 3272 5462 etc.

2258 5453 2372 5538 (86)
2413 5467 2732 5520 Ha’reticus.
2755 5453 3055 5538 'Oinittitnr
3102 5464 3153 5512 in
3189 5458 3459 5538 plerisque
3484 5469 3642 5538 mss,
3677 5453 3767 5521 qui

2187 5526 2370 5608 poStea
2410 5538 2756 5608 habentcutn
2792 5534 2975 5608 editis,
2999 5526 3486 5595 eorum—dogmata.
3537 5526 3643 5578 Sed
3677 5541 3762 5576 re—

2187 5603 2326 5663 ctius
2371 5624 2471 5662 ms.
2511 5605 2869 5665 SOI‘DOItlt'llS,
2904 5603 3017 5670 ejus
3051 5605 3324 5668 dogmata.

2258 5680 2370 5749 (81)
2404 5677 2566 5738 Ειίίιὶ,
2605 5692 2674 5727 au
2702 5662 3008 5727 schisma'ta.
3039 5662 3242 5724 Deinde
3273 5682 3406 5724 tnss.
3446 5664 3647 5736 plures,
3677 5662 3771 5734 qui

2187 5748 2573 5815 Cataphrygas,
2601 5757 2707 5798 etc.

2207 5891 2214 5894 _
2258 5809 2370 5892 (8‘2)
2411 5809 2786 5888 M§s.,'acrepi.
2817 5813 2981 5881 Etliti,
3015 5809 3236 5879 accipio.
