4162 6384
332 444 333 447 ‘
372 430 471 485 557

1573 423 1916 482 APOLOGIA
1956 424 2093 482 PRO
2134 426 2454 483 ORIGENE.

3526 425 3630 479 558

370 549 498 616 Quae.
548 547 763 616 quidem
810 562 914 602 non
963 547 1015 601 in
1043 547 1260 619 publico
1290 548 1357 602 ab
1402 561 1467 601 eo
1516 547 1659 602 dicta
1695 556 1861 611 sunt,
1894 546 1947 601 id
1977 553 2024 611 Α
2053 548 2167 611 des,
2201 546 2546 602 ineﬂ‘abiliter
2591 552 2645 598 et
2677 541 3130 597 inaestimabiliter
3173 541 3363 598 melior
3404 552 3459 597 et
3492 558 3631 612 pne-

371 651 455 695 est
484 641 536 694 in
567 640 837 694 communi
872 639 1126 695 Ecclesia:
1181 641 1449 695 auditorio
1475 681 1489 705 ,
1522 655 1589 695 ne
1627 641 1766 694 forte
1794 650 1946 709 pute-

372 743 460 786 tur
507 742 727 801 propter
771 731 1052 785 audientes
1092 730 1443 786 favorabilem
1479 740 1695 801 aptasse
1738 745 1944 785 sermo-

369 839 488 878 nem
526 840 540 876 :
574 823 667 877 sed
695 837 759 877 ex
807 823 915 877 illis
960 822 1074 878 haec
1108 822 1259 877 libris
1288 822 1611 891 protulimus
1637 837 1823 890 ,‘quos
1879 821 1932 875 in

369 920 575 967 secreto
604 912 744 979 apud
773 911 1121 981 semetipsum
1147 909 1296 963 nullo
1326 910 1532 963 arbitro
1558 910 1937 964 intercedente

369 1006 622 1060 dictabat.
644 1007 699 1059 In
731 1020 839 1075 quo
866 1004 1128 1059 attentius
1156 1019 1251 1059 vos
1284 1004 1409 1057 illud
1432 1004 1553 1059 volo
1580 1003 1931 1057 considerare

369 1098 507 1166 quod
542 1098 694 1161 dixit,
730 1098 855 1166 quia
880 1098 926 1151 si
963 1097 1086 1166 quis
1114 1097 1310 1150 horum
1342 1096 1547 1164 aliqttid
1577 1103 1946 1150 commutave-

370 1190 480 1253 rit,
515 1188 799 1242 haereticus
832 1196 916 1241 est
939 1229 954 1253 ,
999 1196 1052 1242 et
1085 1198 1278 1258 peccat
1311 1189 1362 1240 in
1416 1186 1771 1241 subversione
1802 1186 1946 1253 posi-

370 1288 456 1333 tus
482 1316 497 1341 ,
529 1287 583 1331 et
630 1294 662 1329 a
694 1277 969 1344 semetipso
999 1277 1285 1329 damnatus
1312 1316 1327 1339 ,
1368 1276 1663 1329 secundum
1698 1274 1944 1344 Apostoli

368 1369 691 1423 sententiam
725 1368 771 1398 "
800 1385 813 1421 :
845 1368 1001 1437 cujus
1031 1378 1087 1420 et
1133 1382 1233 1422 nos
1269 1366 1590 1421 auctoritati
1640 1366 1945 1434 obsequen-

371 1473 450 1518 tes
487 1462 676 1515 eadem
730 1460 935 1513 sentire
986 1458 1264 1512 debemus.
1302 1457 1438 1513 Cum
1476 1472 1605 1525 ergo
1640 1458 1753 1511 hate
1782 1456 1854 1510 ita
1886 1469 1946 1511 se

370 1554 625 1617 habeant,
660 1550 770 1621 (8'5)
803 1564 1141 1619 consequens
1175 1549 1416 1603 arbitror
1450 1548 1788 1617 interrogare
1812 1548 1945 1602 istos

370 1646 515 1713 ipsos
540 1653 883 1697 accusatores
912 1641 1029 1709 ejus
1052 1679 1066 1703 ,
1104 1640 1149 1694 si
1194 1640 1295 1708 ipsi
1323 1639 1488 1692 aliter
1519 1653 1679 1708 quam
1706 1636 1824 1707 ejus
1852 1651 1946 1691 vo-

370 1736 524 1790 cibus
548 1735 889 1803 designatum
915 1741 1019 1795 est,
1050 1730 1134 1785 vel
1164 1731 1229 1784 de
1268 1729 1523 1784 haeretica
1561 1728 1827 1791 sentiunt,
1857 1726 1943 1781 vel

2050 640 2284 693 stantior
2329 638 2456 693 solis
2486 645 2570 690 est
2599 635 2909 703 splendor?
2956 634 3035 688 Ita
3070 649 3224 689 mens
3272 644 3459 689 nostra
3504 649 3629 689 cum

2052 731 2194 784 intra
2226 730 2409 784 carnis
2458 736 2513 781 et
2554 725 2837 797 sanguinis
2872 727 3108 779 claustra
3158 724 3531 789 concluditur,
3569 738 3629 780 et

2049 836 2146 891 pro
2178 820 2300 875 talis
2321 820 2560 875 materiae
2592 818 3010 888 participatione
3048 816 3296 871 hebetior
3337 827 3500 885 atque
3521 817 3628 871 ob-

2051 912 2222 966 tusior
2254 911 2499 965 redditur
2524 951 2539 975 ,
2574 908 2691 981 (87)
2723 908 2851 962 licet
2878 906 2945 960 ad
2975 906 3439 976 comparationem
3470 917 3629 962 natu-

2047 1016 2123 1056 rae
2151 1015 2425 1070 corporea!
2448 1000 2604 1067 longe
2636 998 2951 1069 praecellens
2980 996 3264 1062 habeatur,
3297 1005 3473 1052 tamen
3501 1014 3623 1052 cum

2048 1093 2114 1147 ad
2153 1092 2476 1162 incorporea
2516 1093 2729 1157 nititur,
2758 1099 2920 1159 atque
2947 1104 3133 1144 eorum
3164 1089 3507 1145 intuitionem
3547 1091 3625 1145 ri-

2048 1192 2250 1248 matur,
2291 1190 2417 1237 tunc
2451 1181 2699 1238 scintillae
2735 1179 2964 1249 alicujus
2994 1178 3105 1251 (88)
3134 1189 3227 1233 aut
3256 1178 3496 1235 lucerna:
3532 1179 3624 1237 vix

2055 1274 2270 1330 obtinet
2299 1274 2500 1329 locum.
2540 1272 2677 1339 Quid
2712 1282 2890 1326 autem
2922 1272 2973 1325 in
3006 1271 3255 1327 omnibus
3288 1271 3627 1328 intellectua-

2047 1368 2191 1424 libus
2218 1409 2234 1433 ,
2271 1368 2322 1422 id
2366 1377 2449 1423 est
2505 1365 2839 1434 incorporeis
2863 1407 2877 1431 ,
2933 1373 3039 1418 tam
3067 1372 3328 1434 praestans
3352 1366 3626 1432 omnibus,

2055 1468 2162 1516 tam
2217 1459 2561 1514 ineffabiliter
2605 1469 2765 1527 atque
2818 1456 3267 1511 inaestimabiliter
3314 1458 3627 1526 pratcellens

2049 1562 2152 1618 est,
2185 1567 2349 1623 quam
2378 1550 2520 1607 Deus
2547 1552 2569 1605 ?
2595 1549 2763 1620 Cujus
2795 1548 2979 1618 utique
3012 1557 3203 1602 natura
3234 1550 3351 1605 acie
3380 1550 3629 1607 humanae

2049 1642 2250 1697 mentis
2274 1640 2477 1696 intendi
2510 1649 2671 1710 atque
2702 1639 2920 1704 intueri,
2957 1638 3212 1709 quamvis
3243 1640 3314 1694 sit
3334 1642 3627 1711 purissima

2054 1748 2207 1788 mens
2233 1748 2295 1786 ac
2323 1731 2698 1800 limpidissima
2727 1771 2742 1795 ,
2774 1746 2879 1785 non
2912 1740 3111 1798 potest.
3149 1730 3349 1785 Verum
3395 1748 3501 1787 non
3546 1734 3630 1787 vi-

369 1826 438 1879 de
460 1824 746 1879 catholico.
808 1823 999 1876 Dicant
1048 1821 1149 1890 ipsi
1188 1835 1306 1889 qua:
1351 1820 1455 1873 alia
1507 1827 1632 1873 sunt
1680 1815 1943 1872 eccleSia-
1977 1815 2020 1870 Β
2052 1825 2211 1879 detur
2238 1824 2556 1886 absurdum,
2601 1822 2645 1876 si
2679 1820 2746 1875 ad
2786 1821 3175 1875 evidentiorem
3200 1822 3277 1877 rei
3309 1823 3628 1879 manifesta-

371 1918 507 1972 Stica
540 1917 827 1984 dogmata,
871 1913 916 1968 si
946 1913 1059 1967 hzec
1099 1928 1202 1966 non
1246 1922 1368 1966 sunt
1418 1926 1535 1978 quae
1585 1909 1833 1978 superius
1868 1910 1935 1963 ab

371 2009 461 2063 illo
511 2007 717 2075 digesta
770 2014 943 2059 sunt.-
976 2005 1041 2058 Et
1092 2005 1207 2059 haec
1255 2003 1466 2072 quidem
1514 2002 1838 2073 generaliter
1883 2002 1949 2056 de

370 2101 621 2155 omnibus
684 2097 1070 2155 ecclesiasticis
1124 2095 1466 2167 dogmatibus
1536 2095 1603 2149 ab
1661 2093 1752 2148 illo
1806 2095 1949 2150 dicta

370 2191 500 2245 sint.

441 2278 736 2349 Pergamus
765 2287 943 2332 autem
972 2286 1023 2332 et
1058 2290 1179 2346 quae
1210 2276 1525 2346 specialiter
1554 2275 1621 2331 de
1668 2274 1899 2347 singulis
1931 2316 1946 2340 ,

379 2378 436 2423 et
464 2370 696 2423 maxime
741 2369 807 2423 de
857 2367 1242 2439 principalibus
1286 2369 1490 2433 rebus,
1538 2368 1603 2421 de
1649 2378 1833 2422 sancta
1888 2381 1951 2422 ac

370 2461 527 2514 beata
554 2458 821 2515 Trinitate
842 2500 857 2526 ,
913 2458 965 2513 id
998 2464 1081 2514 est
1138 2456 1205 2511 de
1232 2456 1393 2512 Patre
1420 2497 1434 2520 ,
1463 2468 1517 2511 et
1550 2456 1685 2511 Filio
1708 2498 1722 2524 ,
1749 2467 1801 2512 et
1825 2456 1949 2527 Spi-

372 2552 479 2604 ritu
499 2562 690 2605 Sancto
709 2550 939 2606 senserit
966 2550 1282 2613 indicantes,
1310 2558 1365 2603 et
1390 2549 1725 2619 proferentes
1755 2549 1806 2603 in
1835 2564 1950 2603 mc-

369 2640 515 2694 dium
558 2656 621 2695 ea
655 2656 775 2709 qua:
806 2642 858 2695 in
886 2641 1116 2696 diversis
1148 2640 1229 2694 sui
1260 2641 1439 2711 operis
1469 2640 1834 2696 voluminibus
1870 2641 1952 2695 in-

368 2742 513 2788 serta
558 2734 872 2801 mandavit,
916 2744 972 2789 et
1001 2743 1058 2788 ut
1090 2735 1258 2803 ipsius
1302 2734 1572 2788 sententia
1604 2735 1670 2788 de
1700 2733 1953 2787 maximis

366 2834 422 2879 ct
463 2824 663 2879 divinis
716 2827 877 2880 rebus
916 2841 1033 2896 quae
1081 2827 1243 2882 fuerit
1278 2825 1623 2890 ostendatur,
1655 2832 1710 2878 et
1741 2824 1948 2880 duobus

370 2916 459 2971 vel
493 2918 667 2972 tribus
712 2931 903 2972 vocum
958 2932 1177 2973 suarum
1229 2918 1452 2973 testibus
1488 2915 1601 2987 (84)
1636 2924 1742 2969 stet
1790 2929 1952 2970 omne

368 3007 592 3059 verbum
621 3006 952 3062 defensionis
975 3006 1092 3074 ejus
1110 3007 1176 3059 ’⁸.
1199 3006 1409 3061 [ndicat
1437 3020 1568 3073 ergo
1594 3005 1725 3075 quid
1760 3005 1823 3060 de
1843 3004 1953 3060 Deo

368 3099 532 3154 Patre
561 3100 936 3168 omnipotente
982 3100 1217 3154 senserit
1268 3101 1320 3154 in
1351 3098 1435 3152 his
1466 3098 1593 3168 ipsis
1620 3097 1774 3151 libris
1798 3136 1815 3163 ,
1860 3097 1950 3167 qui

370 3207 531 3260 quam
560 3191 795 3246 maxime
822 3189 890 3243 ab
918 3186 1327 3244 accusatoribus
1351 3185 1464 3260 (85)
1505 3184 1871 3250 celebrantur,

368 3291 472 3349 est,
511 3281 653 3351 Περὶ
680 3279 901 3350 ἀρχῶν,
932 3281 1180 3336 scribens
1213 3278 1328 3333 haec
1370 3298 1382 3333 :

980 3372 1209 3428 CAPUT
1260 3371 1325 3426 ll.

758 3462 834 3520 De
865 3464 971 3519 Deo
1008 3462 1171 3518 Patre
1199 3463 1566 3533 omnipotente.

442 3556 732 3614 Omessss.
775 3555 886 3628 (86)
917 3573 935 3607 ‹
967 3555 1125 3611 Omni
1157 3556 1321 3626 igitur
1344 3570 1507 3611 sensu
1530 3555 1622 3625 qui
1662 3552 1945 3624 corporale

374 3649 577 3720 aliquid
610 3651 676 3704 de
702 3649 813 3703 Deo
864 3645 1095 3716 intelligi
1124 3646 1404 3715 suggerit,
1452 3654 1610 3715 prout
1634 3646 1909 3714 potuimus
1932 3681 1948 3707 ,

372 3742 687 3807 confutato,
754 3740 984 3795 dicimus
1034 3738 1333 3793 secundum
1389 3739 1680 3792 veritatem
1728 3737 1947 3807 quidem

372 3832 543 3887 Deum
586 3828 1195 3900 incomprehensibilem
1233 3843 1356 3883 esse
1396 3840 1561 3897 atque
1598 3828 1949 3883 inaestimabi-

373 3927 498 3981 lem.
540 3925 597 3980 Si
627 3926 756 3994 quid
783 3923 928 3978 enim
977 3922 1105 3976 illud
1131 3930 1217 3977 est
1245 3922 1387 3990 quod
1435 3921 1640 3974 sentire
1669 3918 1751 3973 vel
1783 3918 1947 3973 inte].

372 4018 540 4088 ligere
561 4017 629 4072 de
663 4017 773 4071 Deo
803 4014 1137 4085 potuerimus
1162 4055 1177 4081 ,
1206 4014 1389 4067 multis
1419 4012 1578 4083 longe
1604 4011 1780 4065 modis
1823 4025 1947 4065 eum

373 4110 660 4165 meliorem
710 4122 833 4163 esse
863 4107 930 4161 ab
961 4120 1028 4162 eo
1072 4105 1213 4176 quod
1248 4106 1551 4171 sensimus,
1602 4118 1825 4159 necesse
1866 4112 1950 4157 est

372 4204 543 4260 credi.
580 4203 731 4258 Sicut
758 4201 902 4257 enim
957 4202 1001 4255 si
1041 4200 1323 4254 videamus
1362 4197 1594 4268 aliquem
1645 4196 1737 4250 vix
1792 4209 1951 4265 posse

373 4295 668 4353 scintillam
704 4293 925 4348 luminis
949 4332 964 4355 ,
998 4300 1092 4346 aut
1117 4290 1452 4347 brevissimae
1502 4288 1737 4343 lucerna:
1768 4286 1949 4340 lumen

374 4387 639 4458 aspicere,
678 4395 734 4440 et
754 4399 878 4439 eum
904 4384 1056 4454 cujus
1089 4382 1233 4438 acies
1257 4380 1542 4437 oculorum
1579 4378 1699 4449 plus
1729 4378 1950 4432 luminis

1899 3149 2021 3239 ac

2054 1916 2256 1970 tionem
2290 1914 2455 1969 etiam
2491 1913 2597 1967 alia
2629 1920 2847 1968 utamur
2878 1915 3249 1970 similitudine.
3300 1913 3415 1987 (89)
3458 1915 3628 1972 Iuler

2050 2006 2179 2061 dum
2213 2003 2355 2059 oculi
2386 2003 2557 2057 nostri
2584 2003 2752 2072 ipsam
2782 2013 3032 2058 naturam
3064 2004 3201 2060 lucis
3228 2045 3244 2071 ,
3276 2005 3327 2060 id
3357 2013 3466 2071 est,
3498 2009 3627 2065 sub-

2052 2097 2310 2154 stantiam
2359 2095 2490 2150 solis
2530 2095 2727 2149 intueri
2780 2111 2882 2150 non
2934 2105 3161 2166 possunt
3207 2114 3221 2151 :
3274 2095 3618 2167 splendorem

2051 2201 2183 2240 vero
2212 2184 2365 2253 ejus,
2400 2185 2483 2239 vel
2524 2184 2705 2238 radios
2748 2183 3010 2241 fenestris
3055 2186 3216 2252 forte,
3266 2188 3352 2242 vel
3404 2188 3631 2258 quibus-

2059 2278 2193 2333 libet
2223 2277 2485 2332 luminum
2512 2277 2765 2332 brevibus
2788 2278 3146 2347 receptaculis
3188 2277 3391 2335 infusos
3416 2280 3629 2335 intuen-

2055 2379 2156 2436 tes,
2186 2370 2533 2424 considerare
2559 2384 2847 2439 possumus
2874 2368 3046 2425 fomes
3073 2370 3185 2439 ipse
3207 2374 3289 2425 vel
3318 2371 3439 2427 fons
3460 2387 3604 2442 quan

2055 2469 2141 2517 tus
2178 2461 2247 2515 sit
2276 2460 2523 2529 corporei
2578 2460 2816 2515 luminis.
2853 2458 2932 2515 lta
2963 2476 3093 2531 ergo
3140 2461 3294 2531 quasi
3330 2461 3465 2517 radii
3498 2462 3623 2531 qui-

2053 2556 2175 2608 dam
2203 2563 2331 2608 sunt
2363 2553 2457 2607 Dei
2490 2561 2695 2607 naturae
2740 2568 2903 2622 Opera
2935 2554 3128 2607 divina:
3158 2552 3541 2618 Providentiae,
3570 2562 3630 2609 et

2054 2659 2144 2700 ars
2175 2643 2547 2698 universitatis
2572 2641 2752 2710 hujus,
2786 2644 2850 2697 ad
2900 2643 3361 2713 comparationem
3395 2640 3506 2712 (90)
3542 2641 3626 2711 ip-

2054 2734 2167 2790 sius
2199 2734 2515 2789 substantiae
2548 2749 2611 2789 ac
2638 2743 2868 2789 naturas.
2902 2733 3040 2801 Quia
3084 2748 3217 2804 ergo
3245 2748 3399 2789 mens
3439 2743 3627 2788 nostra

2055 2825 2228 2895 ipsum
2264 2841 2361 2896 per
2387 2826 2621 2895 seipsam
2668 2824 2836 2880 Deum
2883 2826 3026 2881 sicut
3054 2836 3136 2879 est
3165 2840 3271 2881 non
3304 2834 3482 2895 potest
3537 2825 3626 2879 in-

2056 2917 2193 2972 tueri
2224 2958 2239 2983 ,
2273 2932 2338 2972 ex
2374 2917 2774 2987 pulchritudine
2798 2933 3023 2988 operum
3053 2957 3069 2982 ,
3102 2928 3156 2973 et
3190 2920 3383 2974 decore
3411 2928 3629 2974 creatu-

2057 3021 2265 3072 rarum,
2300 3016 2583 3077 parentem
2632 3008 3004 3064 universitatis
3030 3008 3301 3079 intelligit.
3334 3009 3449 3064 Non
3497 3024 3629 3081 ergo

2057 3113 2254 3169 corpus
2290 3100 2507 3169 aliquod
2537 3140 2552 3165 ,
2590 3109 2683 3155 aut
2718 3101 2773 3156 in
2810 3116 3041 3173 corpore
3074 3117 3198 3159 esse
3224 3104 3493 3172 putandus
3544 3113 3631 3160 est

2054 3190 2215 3257 Deus,
2243 3191 2338 3246 sed
2375 3191 2757 3248 intellectualis
2790 3204 2981 3248 natura
3008 3235 3023 3262 ,
3053 3195 3279 3263 simplex
3307 3234 3323 3260 ,
3351 3195 3483 3250 nihil
3512 3210 3630 3251 om.

2054 3283 2185 3337 nino
2228 3283 2279 3337 in
2314 3297 2373 3338 se
2430 3282 2797 3353 adjunctionis
2844 3285 3178 3350 admittens,
3227 3285 3305 3341 uti
3336 3301 3405 3341 ne
3454 3288 3630 3355 majus

2054 3374 2256 3444 aliquid
2339 3385 2395 3431 et
2446 3376 2674 3432 inferius
2728 3378 2780 3432 in
2849 3393 2909 3433 se
2956 3379 3156 3434 habere
3206 3379 3479 3447 credatur,
3533 3382 3630 3435 sed

2052 3473 2114 3519 ut
2156 3466 2229 3519 sit
2272 3480 2339 3521 ex
2372 3469 2519 3521 omni
2576 3477 2730 3537 parte
2788 3468 2956 3540 μονὰς
2986 3508 3003 3537 ,
3038 3480 3133 3536 et,
3179 3478 3239 3524 ut
3287 3470 3363 3525 ita
3409 3471 3583 3526 dicam
3612 3511 3631 3541 ,

2053 3555 2199 3624 ὲνὰς,
2228 3567 2283 3612 et
2306 3572 2460 3613 mens
2483 3600 2500 3626 ,
2540 3556 2754 3616 ac’fons
2787 3576 2850 3616 ex
2884 3576 2993 3631 quo
3025 3560 3237 3615 initium
3275 3561 3451 3617 totius
3476 3560 3635 3616 intel-

2053 3646 2301 3704 lectualis
2334 3659 2543 3704 natura;
2571 3650 2654 3704 vel
2690 3651 2890 3706 mentis
2927 3658 3032 3707 est.
3083 3648 3234 3707 Mens
3274 3666 3406 3707 vero
3434 3660 3493 3706 ut
3515 3666 3632 3707 mo-

2052 3749 2241 3795 veatur
2262 3740 2347 3795 vel
2377 3749 2651 3809 operetur,
2688 3756 2793 3795 non
2829 3741 3034 3812 indiget
3066 3740 3188 3797 loco
3219 3755 3505 3811 corporeo,
3532 3756 3632 3797 ne-

2053 3845 2157 3901 que
2190 3831 2433 3886 sensibili
2466 3831 2869 3901 magnitudine,
2900 3831 2983 3887 vel
3010 3830 3281 3901 corporali
3315 3831 3632 3888 babittutut

2054 3923 2258 3989 colore,
2290 3938 2466 3991 neque
2498 3923 2604 3977 alio
2631 3922 2741 3978 ullo
2776 3939 3003 3993 prorsus
3054 3924 3259 3995 indiget
3290 3925 3483 3980 horum
3508 3939 3629 3995 qua:

2052 4014 2296 4083 corporis
2344 4012 2454 4084 (91)
2508 4012 2590 4067 vel
2646 4017 2885 4071 materiae
2933 4016 3151 4085 propria
3206 4025 3352 4073 sunt.
3401 4015 3631 4086 Propter

2051 4103 2193 4169 quod
2226 4112 2416 4157 natura
2445 4104 2532 4158 illa
2578 4105 2806 4175 simplex
2829 4144 2843 4169 ,
2866 4113 2923 4160 et
2968 4114 3079 4159 tota
3112 4119 3286 4170 mens,
3317 4114 3377 4160 ut
3409 4120 3630 4161 movea-

2054 4203 2141 4247 tur
2177 4194 2260 4249 vel
2307 4205 2564 4265 operetur
2589 4196 2793 4266 aliquid
2819 4238 2834 4263 ,
2870 4197 3004 4252 nihil
3037 4197 3310 4253 dilationis
3344 4206 3439 4252 aut
3492 4212 3629 4254 cun-

2054 4286 2308 4343 ctationis
2342 4287 2546 4343 habere
2590 4298 2809 4359 potest,
2846 4303 2913 4344 ne
2940 4304 3038 4357 per
3069 4289 3377 4360 hujusmodi
3428 4290 3623 4360 adjun-

2052 4382 2286 4433 ctionem
2322 4380 2697 4436 circumscribi
2731 4381 2816 4435 vel
2863 4380 3097 4435 inhiberi
3145 4380 3487 4450 aliquatenus
3536 4381 3623 4435 vi-

374 4491 571 4549 capere
607 4491 770 4547 quam
810 4489 969 4544 supra
998 4475 1253 4535 diximus,
1289 4488 1393 4528 non
1427 4470 1590 4535 valet,
1639 4469 1685 4524 si
1723 4469 1948 4525 velimus
1980 4488 2025 4543 ι)
2054 4472 2244 4526 deatur
2296 4472 2487 4527 divinae
2539 4482 2747 4527 natura:
2789 4472 3150 4544 simplicitas,
3212 4473 3290 4527 uti
3350 4487 3419 4528 ne
3480 4472 3624 4543 quod

374 4571 443 4626 de
472 4570 721 4625 claritate
743 4578 798 4624 et
828 4567 1118 4637 splendore
1149 4564 1278 4620 solis
1300 4563 1551 4627 educere,
1582 4565 1760 4616 nonne
1781 4574 1945 4629 opor-

374 4662 513 4717 tebit
542 4676 641 4716 nos
672 4661 722 4714 ei
754 4660 956 4724 dicere,
1001 4657 1127 4727 quia
1154 4656 1301 4712 omni
1331 4654 1434 4709 hoc
1461 4651 1664 4708 lumine
1692 4650 1837 4721 quod
1864 4651 1946 4705 vi-

449 4801 496 4836 ”
530 4800 637 4857 Tit.
662 4800 856 4869 1",“.
928 4800 975 4834 "
999 4798 1188 4853 Matth.
1214 4812 1372 4862 xvm,
1400 4793 1489 4851 16.

448 4966 560 5040 (8'5)
591 4967 761 5040 Editi,
793 4967 1121 5040 conveniens.
1144 4962 1295 5027 Mss.,
1324 4975 1664 5040 consequens.

448 4969 539 5040 (8'5
591 4967 761 5033 Editi,
793 4967 1121 5022 conveniens.
1144 4966 1295 5027 Mss.,
1324 4975 1664 5030 consequens.

448 4966 560 5111 (84g
587 5037 729 5095 Editi
752 5077 768 5104 ,
804 5037 896 5106 ﬁat
947 5051 1044 5107 pro
1070 5043 1206 5103 stet,
1235 5035 1378 5103 quod
1431 5031 1726 5101 praeferunt
1762 5040 1951 5084 omnes

374 5125 562 5255 m_8(58.5)
593 5179 685 5234 Sic
708 5177 1117 5255 editiLetnmss.
1137 5173 1414 5255 plerique.
1452 5171 1551 5255 bis.
1584 5185 1715 5227 vero
1746 5169 1950 5225 Sorbo-

377 5244 554 5314 uicus,
584 5259 639 5304 et
672 5249 811 5302 alter
850 5248 908 5302 S.
944 5244 1195 5314 Remigii,
1229 5244 1582 5314 infamantur.

448 5309 562 5393 (88)
591 5319 791 5393 Fixulib.
820 5317 943 5393 t__De
977 5309 1231 5385 princip”
1261 5309 1381 5381 cap.
1422 5313 1475 5393 φ,
1507 5326 1654 5366 num.
1675 5309 1739 5393 ‘5.

449 5381 790 5466 (87)__Editi_,
839 5381 1103 5466 _l‘ifetjro
1146 5381 1623 5466 comparatione...
1667 5381 1941 5466 hebeatur.

322 5464 325 5467 ’
376 5449 510 5519 Μέε.
537 5449 681 5513 ilicet
711 5449 804 5530 [aL
833 5449 1095 5530 iilicojad
1134 5452 1668 5530 comparationem...
1704 5449 1941 5503 habetur.

378 5534 485 5588 Sed
513 5525 793 5601 legendum
822 5525 1037 5601 videtur
1064 5525 1205 5601 utﬂin
1237 5532 1407 5601 textu.

449 5589 908 5675 (88)VMss._nos_t‘ri
936 5636 953 5658 ,
981 5604 1035 5650 et
1072 5594 1201 5675 editi
1230 5594 1484 5675 omittunt
1521 5600 1610 5671 aut
1649 5606 1675 5672 ε.
1704 5589 1798 5673 sed
1830 5590 1945 5644 haec

378 5662 484 5728 vo‘x
515 5662 695 5725 exstat
720 5671 774 5721 itt
802 5668 922 5720 aliis
952 5680 1083 5719 mss.
1120 5664 1381 5717 librorum
1410 5662 1484 5716 De
1508 5663 1801 5732 principiis.

450 5742 560 5812 (89)
584 5741 681 5793 Ms.
719 5736 1072 5812 Sorbonicus,
1098 5732 1375 5812 interdum
1399 5734 1535 5785 oculi
1581 5732 1625 5784 si
1677 5733 1938 5812 ipsum...

380 5800 583 5881 infusos
614 5806 1571 5881 intuentur,_considerare_possumtts
1597 5840 1611 5867 ,
1641 5812 1772 5881 etc.,
1800 5800 1942 5880 quod

384 5872 488 5938 non
524 5881 683 5937 male.
737 5878 929 5933 (ἐπειθιηὶ
961 5892 1091 5931 mss.
1129 5890 1181 5931 et
1222 5872 1354 5929 editi
1406 5880 1464 5925 ut
1508 5872 1562 5926 in
1617 5878 1763 5928 textu
1791 5910 1806 5938 ,
1839 5872 1943 5925 nisi

2053 4574 2138 4616 est
2187 4562 2514 4632 principium
2563 4564 2805 4618 omnium
2841 4603 2857 4631 ,
2906 4564 3265 4633 compositum
3317 4563 3626 4618 inveniatur

2054 4664 2111 4709 et
2164 4654 2478 4722 diversum,
2533 4655 2668 4727 (92)
2727 4666 2781 4711 et
2840 4656 2912 4711 sit
2978 4655 3194 4721 multa,
3248 4669 3353 4709 non
3421 4668 3630 4720 unum,

2060 4956 2200 5027 quod
2225 4970 2356 5027 _m_s_s.
2386 4954 2642 5027 omittant
2672 4953 2860 5027 nostri,
2887 4959 3003 5027 post
3029 4948 3186 5027 oculi.

2129 5025 2241 5097 (90)
2266 5024 2377 5079 Vox
2393 5026 2568 5097 ipsius
2603 5024 2755 5097 deest
2777 5023 2829 5075 in
2848 5014 3029 5097 editis,
3066 5031 3120 5097 et
3145 5021 3197 5097 i_n
3231 5031 3364 5095 mss.
3398 5014 3630 5097 nostris;

2056 5088 2148 5152 sed
2184 5088 2362 5151 exstat
2391 5088 2442 5148 in
2483 5110 2612 5149 mss.
2664 5092 2922 5147 librorum
2954 5090 3094 5158 Περὶ
3132 5088 3352 5156 ἀρχῶν,
3385 5088 3631 5158 θιᾼτθειὶ-

2055 5168 2252 5222 tuenda
2283 5165 2519 5218 videtur.
2548 5163 2753 5219 Deinde
2782 5162 2910 5215 editi
2940 5202 2955 5222 .
3004 5156 3175 5228 ipsum
3208 5175 3300 5225 per
3333 5173 3387 5210 se
3436 5156 3624 5217 Deum,

2057 5236 2186 5292 Mss.
2219 5236 2387 5289 nostri
2422 5274 2437 5297 ,
2466 5236 2635 5304 ipsum
2662 5248 2754 5300 per
2796 5247 2850 5304 se
2895 5227 3066 5299 ipsum
3116 5230 3319 5304 Deunt;
3366 5227 3476 5304 sed
3492 5242 3624 5280 mss.

2059 5306 2319 5361 librorum
2358 5295 2435 5357 De
2464 5295 2771 5373 principiis,
2810 5295 2982 5371 ipsum
3014 5315 3105 5369 per
3134 5315 3188 5352 se
3231 5299 3399 5367 ipsam
3432 5295 3624 5361 Deum,

2051 5377 2193 5447 quod
2222 5374 2424 5447 rectius
2452 5375 2687 5447 videtur.

2121 5446 2233 5517 (9i)
2263 5444 2423 5506 Editi,
2455 5443 2531 5517 vel
2557 5444 2782 5511 propria:
2810 5442 3049 5497 materia:
3089 5438 3303 5509 propria
3323 5444 3467 5490 sunt.
3517 5435 3625 5491 Sed

2048 5514 2239 5572 omnes
2267 5529 2399 5569 mss.
2430 5524 2487 5569 ut
2518 5514 2569 5567 in
2608 5522 2777 5567 textu.

2120 5586 2230 5659 (92)
2261 5584 2462 5659 omnes
2493 5582 2650 5649 hujus
2668 5581 2935 5659 Apologia;
2962 5596 3094 5635 mss.
3122 5586 3173 5633 et
3202 5576 3444 5659 siumttlt‘a
3467 5616 3482 5639 ,
3518 5591 3623 5657 non

2050 5646 2380 5725 unitm'quid,
2406 5646 2628 5721 Oportet,
2654 5646 2761 5708 etc.
2797 5646 2934 5706 Εἷιίιί
2964 5666 3115 5725 vero,
3142 5659 3204 5725 et_
3228 5649 3345 5701 libri
3382 5646 3454 5699 De
3476 5646 3626 5712 prin-

2050 5729 2203 5794 cipiis
2234 5721 2341 5779 tam
2375 5725 2505 5778 editi
2536 5738 2696 5795 quam
2746 5738 2900 5788 mss.,
2925 5733 2970 5795 et
3000 5723 3064 5776 sit
3097 5721 3265 5774 multa
3296 5734 3399 5795 non
3434 5732 3625 5795 uitur}.

2048 5789 2186 5868 quod
2229 5805 2427 5868 oportet
2458 5836 2474 5863 ,
2502 5789 2606 5851 etc.
2654 5792 2906 5851 Judicent
2938 5793 3167 5848 lectores
3198 5804 3320 5865 qua:
3352 5789 3512 5844 lectio
3556 5789 3625 5841 sit

2048 5866 2403 5939 pracferenda.
