4162 6414
527 403 629 455 539

1737 401 1793 456 S.
1835 401 2155 456 PAMPHILI
2197 401 2553 458 MARTYRIS

3675 405 3782 464 560

527 526 671 594 quod
709 532 924 592 oportet
971 523 1134 578 totius
1177 537 1448 592 corporeis
1497 523 1844 580 admistionis
1877 526 2108 581 alienum
2138 532 2180 587 Α
2211 541 2275 580 ex
2305 527 2473 582 nostri
2507 541 2702 583 sensus
2735 527 3209 598 contemplatione,
3243 527 3424 584 divina
3448 535 3663 592 natura,
3697 529 3780 583 in-

528 631 632 670 una
689 616 800 671 sola
833 655 850 682 ,
902 624 962 670 ut
1017 615 1090 669 ita
1141 615 1373 670 dixerim
1406 655 1423 681 ,
1477 615 1696 673 deitatis
1743 619 1927 689 specie
1975 632 2104 674 con-

527 719 606 764 sta
616 723 691 762 re.
740 726 758 760 ο

596 796 922 854 Ρηρηιιυε.
957 795 1082 852 Haec
1112 796 1165 851 in
1193 798 1368 866 primo
1395 799 1532 854 libro
1569 803 1706 871 Περὶ
1729 800 1930 871 ἀρχῶν
1971 800 2105 856 scri-

527 890 603 944 bit
636 891 702 945 de
736 891 914 945 divina
959 899 1171 944 natura.
1207 887 1262 944 in
1313 892 1551 947 secundo
1586 907 1716 948 vero
1741 933 1756 959 ,
1784 893 1910 962 quia
1959 893 2100 948 idem

527 984 667 1038 Deus
717 982 929 1039 Veteris
965 994 1020 1037 et
1059 981 1192 1038 Novi
1229 981 1564 1039 Testamenti
1614 985 1726 1050 sit,
1784 990 1888 1042 hoc
1941 985 2102 1040 modo

524 1074 697 1131 refert
723 1093 734 1129 :

594 1167 888 1222 OntcENt-zs.
915 1165 1026 1236 (93)
1056 1186 1073 1218 ι
1105 1165 1197 1221 liis
1219 1181 1314 1236 per
1331 1166 1599 1230 ordinem,
1625 1177 1781 1236 prout
1805 1167 2099 1236 potuimus.

523 1259 763 1314 breviter
785 1259 1030 1326 digestis,
1061 1273 1401 1327 consequens
1435 1267 1538 1324 est,
1555 1258 1853 1313 secundum
1889 1259 1938 1312 id
1955 1258 2099 1328 quod

520 1368 587 1407 ex
621 1351 775 1406 initio
808 1350 1146 1421 propositum
1199 1360 1319 1412 est,
1369 1349 1654 1404 confutare
1679 1350 1844 1403 etiam
1879 1363 1972 1403 eos
2009 1348 2097 1417 qui

520 1453 716 1512 putant
741 1442 901 1496 alium
932 1443 1097 1497 Deum
1128 1455 1252 1496 esse
1282 1439 1500 1497 Patrem
1535 1439 1746 1496 Domini
1778 1441 1948 1495 nostri
1970 1438 2097 1494 Jesu

520 1533 725 1591 Christi
753 1573 770 1600 ,
807 1541 1008 1602 praeter
1039 1533 1185 1587 illum
1219 1534 1308 1603 qui
1349 1533 1433 1587 vel
1472 1531 1642 1603 Moysi
1676 1547 1933 1601 responsa
1962 1531 2098 1604 legis

519 1629 704 1692 dabat,
733 1628 816 1682 vel
849 1627 1141 1696 prophetas
1166 1627 1436 1690 mittebat,
1466 1627 1554 1695 qui
1582 1636 1666 1680 est
1699 1625 1840 1680 Deus
1880 1634 2094 1694 patrum
2123 1675 2128 1682 .

518 1720 834 1784 Abraham,
869 1717 1018 1773 Isaae
1069 1727 1124 1773 et
1166 1715 1354 1772 Jacob.
1401 1717 1627 1788 Oportet
1655 1717 1797 1772 enim
1832 1717 2008 1786 primo
2041 1716 2093 1771 in

520 1814 624 1869 hac
656 1827 754 1866 nos
784 1811 904 1867 ﬁdei
935 1811 1146 1865 ratione
1197 1809 1427 1864 ﬁrmari.
1457 1808 1922 1864 Considerandum
1962 1824 2093 1879 ergo

2212 621 2466 692 tuitisque
2494 622 2846 678 nihilominus
2866 621 2979 693 (96)
3007 621 3270 677 creaturis
3300 620 3418 691 ejus
3449 621 3778 685 visibilibus,

2209 712 2313 768 ﬁde
2357 728 2573 784 quoque
2621 713 2986 768 invisibilibus
3035 712 3420 782 contemplatis
3447 753 3464 778 ,
3499 714 3624 782 quia
3670 729 3777 768 non

2205 805 2386 859 Omnia
2430 805 2512 860 vel
2555 805 2728 860 oculis
2767 805 2952 860 videre
2991 815 3168 874 potest
3205 805 3437 860 lmmana
3472 805 3777 875 fragilitas,

2206 898 2288 951 vel
2322 896 2533 951 ratione
2559 895 2839 965 complecti
2868 937 2884 963 ,
2917 910 2982 950 eo
3020 896 3161 964 quod
3194 896 3438 949 omnium
3474 897 3775 952 rationabi-

2205 989 2332 1043 lium
2369 988 2638 1044 inﬁrmius
2660 997 2716 1044 et
2741 988 2990 1059 l'ragilius
3018 989 3218 1042 animal
3247 1005 3345 1044 nos
3378 1005 3567 1046 sumus
3593 990 3777 1045 homi-

2202 1093 2298 1134 nes
2330 1098 2342 1133 :
2369 1080 2742 1150 praestantiora
2789 1081 2934 1135 enim
2975 1089 3100 1135 sunt
3125 1095 3188 1134 ea
3239 1096 3358 1152 qua:
3407 1082 3492 1136 vel
3524 1083 3577 1136 in
3612 1081 3771 1147 cmlo,

2202 1168 2282 1223 vel
2314 1182 2476 1238 super
2508 1170 2674 1225 ctelos
2721 1170 2986 1223 habentur
3013 1190 3028 1226 :
3056 1182 3301 1239 superest
3330 1181 3388 1226 ut
3416 1173 3606 1227 harum
3656 1188 3776 1227 om-

2201 1262 2350 1316 nium
2376 1270 2772 1325 creaturarum,
2808 1270 2861 1315 et
2893 1260 3006 1322 Dei,
3049 1263 3282 1316 medium
3306 1304 3322 1327 ,
3361 1263 3413 1317 id
3460 1273 3544 1318 est
3571 1264 3774 1319 media-

2202 1361 2372 1407 torem
2405 1367 2742 1422 quzcramus,
2772 1366 2931 1421 quem
2971 1351 3164 1408 Paulus
3197 1353 3469 1422 apostolus
3500 1354 3771 1425 primoge-

2199 1442 2369 1496 nitum
2402 1442 2580 1497 omnis
2630 1451 2896 1497 creaturae
2952 1445 3284 1512 pronuntiat.
3320 1443 3572 1501 Videntes
3625 1447 3768 1503 enim

2197 1547 2261 1589 ea
2290 1549 2410 1604 quas
2440 1535 2504 1589 de
2537 1533 2653 1603 ejus
2687 1535 2974 1606 majestate
3017 1537 3068 1590 in
3102 1537 3400 1604 Scripturis
3449 1540 3654 1596 sanctis
3687 1557 3772 1596 re-

2198 1624 2450 1681 feruntur
2495 1636 2550 1680 et
2597 1627 2870 1683 intuentes
2925 1630 3068 1699 quod
3116 1631 3288 1699 imago
3329 1631 3603 1686 invisibilis
3639 1632 3768 1696 Dei,

2195 1715 2573 1784 primogenitus
2601 1719 2769 1772 omnis
2787 1730 3046 1774 creature
3079 1720 3306 1785 dicatur,
3338 1731 3392 1775 et
3423 1724 3565 1792 quod
3587 1725 3642 1777 in
3660 1725 3769 1789 ipso

2200 1815 2379 1861 creata
2402 1809 2505 1862 sint
2526 1811 2722 1875 omnia,
2745 1811 2849 1865 sive
2878 1827 2995 1879 qua:
3023 1811 3076 1864 in
3100 1810 3261 1877 caelis,
3291 1812 3396 1867 sive
3421 1829 3540 1883 qute
3559 1815 3612 1867 in
3627 1824 3770 1869 terra

517 1913 602 1960 est
635 1902 766 1958 illud
796 1901 939 1972 quod
988 1901 1304 1970 frequenter
1339 1899 1391 1954 in
1428 1898 1735 1970 Evangeliis
1775 1898 1994 1963 dicitur,
2035 1908 2091 1953 et
2124 1881 2166 1937 Β
2197 1884 2341 1963 sunt,
2372 1898 2602 1953 visibilia
2634 1911 2680 1955 et
2709 1901 3014 1961 invisibilia.
3039 1903 3147 1957 sive
3187 1881 3508 1968 throni,sive
3535 1907 3772 1960 domina-

518 1997 573 2051 in
620 1993 846 2065 singulis
892 1995 1196 2063 quibusque
1231 1990 1445 2046 Domini
1481 2000 1535 2046 et
1569 1990 1870 2046 Salvatoris
1916 1989 2086 2045 nostri

507 2088 682 2158 gestis
709 2086 922 2156 adjungi
935 2095 1018 2139 tur
1044 2101 1060 2139 :
1089 2084 1157 2140 Ut
1187 2085 1461 2151 impleatur
1488 2084 1628 2154 quod
1661 2083 1860 2136 dictum
1883 2092 1959 2136 est
1996 2098 2090 2153 per

516 2177 838 2245 Prophetam
872 2178 918 2209 ³ο
950 2177 1099 2230 illum
1137 2185 1192 2229 et
1222 2175 1370 2230 illum
1399 2194 1415 2230 :
1447 2189 1570 2229 cum
1623 2173 1969 2227 manifestum
2016 2173 2089 2228 sit

516 2268 805 2340 prophetas
832 2282 953 2323 esse
981 2268 1123 2322 illius
1146 2267 1237 2321 Dei
1261 2266 1354 2337 qui
1386 2266 1643 2320 mundum
1685 2264 1835 2321 fecit.
1870 2263 1949 2319 Ex
1972 2264 2085 2335 ipsa

513 2375 644 2432 ergo
685 2361 1073 2430 consequentia
1120 2358 1479 2420 concluditur,
1508 2358 1764 2428 quoniam
1818 2358 1908 2427 qui
1960 2372 2088 2426 pro-

512 2455 706 2525 phetas
734 2453 845 2524 (94)
879 2453 1065 2519 misit,
1114 2453 1181 2506 de
1227 2451 1446 2507 Christo
1475 2465 1595 2521 quae
1645 2452 1880 2520 gerenda
1931 2458 2088 2504 erant

514 2545 629 2613 ipse
677 2542 965 2611 przedixit:
999 2550 1055 2596 et
1099 2540 1321 2596 dubium
1371 2554 1475 2594 non
1517 2549 1602 2594 est
1629 2538 1772 2609 quod
1805 2539 1919 2593 haec
1976 2553 2085 2592 non

511 2635 722 2688 alienus
759 2633 880 2702 quis
931 2633 1000 2687 ab
1041 2647 1110 2688 eo
1137 2672 1152 2697 ,
1201 2631 1293 2686 sed
1331 2629 1491 2685 Pater
1539 2629 1710 2699 ipsius
1739 2630 2082 2700 pnedicebat.

512 2724 622 2780 Sed
677 2734 734 2780 et
783 2723 914 2778 illud
967 2723 1111 2792 quod
1166 2722 1480 2791 frequenter
1525 2720 1772 2791 exempla
1805 2721 1873 2776 de
1905 2721 2084 2777 Veteri

514 2815 865 2871 Testamento
894 2828 922 2868 a
961 2813 1244 2868 Salvatore
1274 2811 1643 2882 proferuntur,
1667 2812 1748 2868 vel
1773 2815 1841 2866 ab
1870 2825 2088 2883 aposto-

512 2907 580 2962 lis
607 2905 746 2974 ejus,
778 2920 883 2960 non
915 2904 1061 2959 aliud
1100 2903 1325 2969 indicat,
1361 2903 1460 2958 nisi
1488 2903 1632 2972 quod
1659 2903 1956 2956 auctoritas
1994 2916 2086 2956 ve-

511 2999 723 3052 teribus
762 3012 792 3050 a
824 2997 1104 3050 Salvatorc
1138 3005 1194 3050 et
1225 2995 1292 3050 ab
1320 2993 1435 3062 ejus
1467 2991 1743 3062 discipulis
1773 2993 2082 3048 adhibetur.

512 3091 620 3146 Sed
657 3100 712 3144 et
737 3089 865 3144 illud
896 3087 1036 3157 quod
1069 3087 1135 3140 ad
1169 3086 1556 3155 benignitatem
1584 3098 1889 3154 provocans
1921 3083 2084 3138 disci-

511 3182 668 3254 pulos
695 3197 822 3237 suos
850 3179 1100 3235 Salvator
1125 3179 1251 3233 dicit
1289 3197 1302 3233 :
1340 3179 1518 3234 Estote
1559 3177 1818 3248 perfecti,
1854 3179 1987 3232 sicut
2034 3188 2083 3232 et

2194 1993 2381 2058 tiones,
2421 1994 2527 2047 sive
2566 1994 2916 2063 principatus,
2947 1996 3053 2050 sive
3093 2005 3374 2065 potestates
3401 2038 3416 2064 ,
3460 2000 3641 2053 omnia
3677 2018 3770 2069 per

2193 2083 2388 2150 ipsum,
2413 2093 2460 2137 et
2487 2085 2542 2138 in
2565 2085 2678 2153 ipso
2717 2096 2895 2138 creata
2923 2094 3046 2139 sunt
3080 2101 3092 2114 '
3114 2095 3161 2140 et
3186 2089 3294 2157 ipse
3321 2100 3394 2143 est
3426 2099 3548 2144 ante
3569 2107 3766 2157 omnes,

2193 2183 2241 2227 et
2276 2177 2452 2228 omnia
2485 2177 2540 2230 in
2565 2176 2658 2230 illo
2680 2188 2917 2231 constant
2943 2179 3008 2242 “,
3044 2179 3134 2247 qui
3163 2191 3245 2234 est
3281 2190 3444 2250 caput
3483 2183 3723 2236 omnium
3749 2224 3764 2249 ,

2192 2267 2337 2322 solus
2369 2268 2576 2324 habens
2601 2279 2768 2338 caput
2819 2269 2981 2324 Deum
3031 2269 3244 2325 Patrem
3271 2311 3288 2337 ,
3318 2273 3459 2328 sicut
3505 2273 3765 2342 scriptum

2191 2369 2293 2422 est.
2324 2360 2492 2429 Caput
2521 2372 2693 2415 autem
2721 2360 2916 2416 Christi
2951 2361 3088 2418 Deus
3121 2363 3166 2395 ³³
3199 2382 3212 2419 :
3246 2366 3585 2432 pervidentes
3601 2367 3765 2420 etiam

2191 2453 2334 2523 quod
2376 2453 2635 2521 scriptum
2673 2463 2758 2508 est
2792 2475 2802 2507 :
2841 2453 3098 2521 quoniam
3146 2471 3295 2509 nemo
3344 2459 3481 2511 novit
3515 2439 3764 2524 Patrem,

2192 2547 2294 2601 nisi
2320 2543 2530 2611 Filius;
2559 2563 2722 2617 neque
2749 2543 2948 2599 Filium
2979 2549 3095 2616 quis
3141 2549 3303 2613 novit,
3338 2551 3440 2602 nisi
3470 2547 3635 2603 Pater
3664 2548 3712 2583 “
3746 2565 3763 2618 ;

2192 2637 2336 2710 (quis
2363 2637 2506 2692 enim
2538 2652 2696 2692 nosse
2718 2647 2894 2707 potest
2923 2653 3046 2707 quae
3078 2639 3149 2692 sit
3175 2640 3462 2708 sapientia,
3512 2642 3614 2695 nisi
3667 2642 3760 2712 qui

2191 2731 2373 2803 genuit
2405 2746 2524 2785 eam
2553 2749 2566 2785 :
2593 2741 2684 2784 aut
2713 2733 2834 2799 quis
2887 2731 2953 2785 ad
3003 2732 3262 2803 liquidum
3309 2747 3428 2801 quas
3466 2733 3537 2788 sit
3563 2737 3765 2792 veritas

2191 2822 2381 2888 novit,
2429 2821 2535 2877 nisi
2565 2822 2808 2876 veritatis
2837 2820 3042 2877 Pater?
3089 2822 3210 2892 quis
3256 2833 3404 2877 certe
3450 2823 3759 2879 universam

2191 2913 2354 2968 Verbi
2387 2912 2468 2967 sui
2502 2921 2773 2976 naturam,
2802 2921 2966 2982 atque
2993 2913 3160 2982 ipsius
3187 2913 3279 2966 Dei
3306 2913 3395 2982 qui
3427 2929 3493 2968 ex
3522 2912 3630 2967 Deo
3653 2923 3758 2978 est,

2193 3003 2522 3073 investigare
2555 3004 2748 3072 potuit,
2778 3003 2878 3057 nisi
2911 3003 3058 3057 solus
3084 3004 3247 3070 Deus,
3284 3004 3422 3072 apud
3456 3020 3614 3073 quem
3643 3015 3762 3058 erat

2193 3091 2424 3148 Verbum
2460 3093 2523 3160 ἲ)
2567 3093 2679 3164 (97)
2716 3092 2826 3148 Pro
2866 3103 3013 3148 certo
3063 3093 3264 3149 habere
3291 3094 3546 3149 debemus
3573 3135 3588 3159 ,
3617 3096 3758 3164 quod

2191 3182 2296 3236 hoc
2329 3180 2564 3238 Verbum
2589 3224 2605 3250 ,
2642 3185 2755 3240 sive
2789 3185 2926 3240 ratio
2956 3184 3184 3240 dicenda
3215 3194 3336 3249 est,
3366 3186 3507 3242 hanc
3538 3187 3756 3255 sapien-

511 3274 677 3328 Pster
705 3281 868 3326 vester
904 3269 1120 3324 caelestis
1152 3267 1411 3337 perfectus
1439 3278 1513 3324 est
1543 3307 1560 3335 ,
1595 3270 1684 3339 qui
1726 3270 1887 3322 solem
1927 3285 2083 3322 suum
2112 3241 2154 3300 θ
2192 3274 2316 3327 tiam
2342 3312 2358 3339 ,
2399 3273 2542 3330 hanc
2575 3276 2859 3330 veritatem
2906 3275 3085 3331 nullus
3116 3275 3254 3331 alius
3284 3278 3388 3331 nisi
3422 3277 3568 3332 solus
3599 3277 3760 3333 Pater

511 3366 642 3420 oriri
653 3363 803 3434 jubet
833 3378 990 3431 super
1016 3361 1174 3415 bonos
1200 3371 1246 3415 et
1272 3360 1459 3427 malos,
1488 3372 1537 3416 et
1575 3361 1706 3428 pluit
1735 3377 1891 3429 super
1907 3363 2084 3431 justas

509 3467 559 3512 et
604 3457 826 3526 injustas
865 3454 908 3486 ³¹
953 3472 967 3508 :
1017 3453 1191 3509 cuivis
1235 3454 1402 3508 etiam
1459 3454 1673 3524 exigua;
1720 3453 2085 3524 intelligentia:

509 3549 628 3602 viro
677 3545 1149 3601 evidentissimum
1213 3545 1456 3614 suggerit
1512 3544 1890 3614 intellectum,
1941 3547 2083 3616 quod

511 3656 617 3697 non
653 3640 816 3695 alium
868 3638 934 3692 ad
990 3637 1309 3692 imitandum
1355 3637 1614 3708 proponit
1643 3637 1921 3708 discipulis
1969 3639 2084 3696 suis

511 3733 702 3798 Deum,
749 3730 853 3786 nisi
900 3730 1168 3785 factorem
1215 3728 1385 3796 solis,
1421 3740 1478 3784 et
1512 3728 1783 3784 iimbrium
1834 3729 2085 3800 praebito-

509 3841 644 3882 rem.
679 3842 700 3880 ι

578 3918 906 3974 ΡΑιιειειιυε.
949 3912 1079 3969 Post
1114 3913 1228 3967 haec
1279 3913 1332 3967 in
1382 3914 1840 3983 consequentibus
1895 3912 2082 3970 multis

507 4013 840 4084 argumentis
867 4021 1032 4082 atque
1061 4008 1326 4077 exemplis
1356 4005 1758 4076 Scripturarum
1787 4007 2080 4074 aﬂirmans,

505 4102 746 4158 ostendit
778 4100 1032 4170 quoniam
1059 4113 1198 4152 unus
1231 4106 1286 4152 et
1314 4098 1454 4150 idem
1490 4096 1633 4151 Deus
1655 4136 1671 4162 ,
1704 4096 1846 4152 Deus
1877 4107 1962 4152 est
2007 4097 2084 4152 le-

509 4195 614 4266 gis,
644 4203 700 4250 et
723 4192 1161 4262 Evangeliorum,
1193 4200 1250 4246 et
1279 4189 1688 4260 pr0phetarum,
1717 4198 1772 4242 et
1807 4188 2081 4258 apostolo-

507 4303 651 4350 rum,
678 4285 861 4356 justus
885 4293 940 4338 et
973 4285 1164 4348 bonus,
1204 4282 1502 4337 visibilium
1538 4290 1591 4337 et
1630 4281 1976 4337 invisibilium
2018 4296 2081 4337 ac

508 4379 677 4435 totius
710 4377 1078 4432 universitatis
1109 4375 1389 4432 Dominus.
1421 4375 1701 4440 Quomodo
1729 4388 1858 4444 ergo
1892 4389 2079 4433 sense-

507 4468 580 4522 rit
608 4468 678 4522 de
717 4465 828 4521 Deo
857 4464 1017 4520 Patre
1043 4505 1058 4527 .
1089 4479 1155 4519 ex
1204 4465 1288 4519 his
1313 4463 1431 4532 ejus
1462 4464 1682 4532 scriptis
1707 4505 1722 4528 ,
1759 4478 1880 4532 quae
1915 4479 2078 4533 supra

506 4555 873 4624 exposuimus,
899 4553 1117 4608 claruit.
1151 4552 1444 4608 Videamus
1491 4566 1623 4622 ergo
1674 4567 1818 4606 nunc
1845 4553 2078 4623 qualiter
2109 4595 2153 4650 υ

507 4647 652 4702 etde
681 4645 774 4701 Dei
807 4642 946 4698 Filio
973 4643 1227 4699 disserat.

1115 4731 1340 4790 CAPUT
1382 4729 1467 4785 Ill.

997 4827 1070 4882 De
1093 4828 1286 4881 deitate
1319 4823 1449 4878 Filii
1480 4823 1596 4877 Dei.

577 4925 866 4981 ORIGENES.
906 4921 1018 4990 (95)
1045 4938 1064 4971 ‹
1096 4918 1198 4975 Pro
1214 4919 1422 4972 viribus
1451 4917 1613 4986 igitur
1637 4914 1840 4970 nostris
1865 4913 2077 4985 perexi-

508 5019 630 5089 guis
669 5017 1005 5071 considerata
1032 5029 1098 5068 ex
1129 5028 1352 5082 operum
1387 5025 1606 5065 suorum
1644 5049 1660 5073 ,
1706 5009 1878 5078 magis
1908 5024 2072 5078 quam

580 5113 625 5144 ³ο
662 5110 848 5163 Matth.
897 5124 1013 5171 χιιι,
1042 5107 1156 5168 55;
1194 5121 1364 5172 xxvtl,
1397 5104 1488 5159 55.

509 5198 590 5249 ιι,
616 5182 709 5240 27,
786 5180 830 5211 ³⁵
853 5178 1010 5236 Joan.
1048 5193 1159 5242 ιιι,
1185 5178 1276 5231 25.

583 5277 693 5348 (95)
720 5275 794 5348 Ex
821 5273 917 5328 lib.
953 5287 988 5326 It
1032 5272 1425 5348 errincipiis,
1471 5285 1590 5338 cap.
1628 5268 1684 5332 4,
1727 5285 1871 5348 num.
1906 5269 1956 5323 l.

587 5340 701 5417 (94')
733 5347 844 5400 Sic.
872 5359 1001 5397 mss.
1036 5343 1176 5396 Editi
1206 5340 1332 5417 vero
1353 5340 2068 5417 perperam;ritisitLqutetle

512 5409 720 5472 Christo
753 5417 1009 5469 credenda
1029 5423 1178 5467 erant
1201 5415 1307 5481 ipse
1348 5409 1611 5481 praétlixit.
1640 5409 1787 5464 Libri
1818 5410 1896 5481 De
1921 5411 2068 5476 prin-

513 5489 661 5558 cipiis
687 5496 805 5558 tam
829 5484 958 5540 editi
993 5498 1154 5558 quam
1194 5478 1370 5558 mss.,'_
1397 5483 1538 5534 misit
1559 5520 1573 5544 ,
1601 5497 1721 5550 quis
1761 5483 1824 5535 de
1857 5478 2066 5535 Christo

512 5554 980 5628 prwdicenda__erat
1020 5557 1126 5628 ipse
1149 5554 1414 5628 prcctliagit.

608 5627 697 5698 95)
730 5626 805 5698 Ex
841 5625 931 5678 lib.
961 5638 999 5676 li
1038 5618 1667 5698 De‘princ_i_piis,_gcap._6,
1693 5636 1840 5698 num.
1876 5621 1926 5675 l.

608 5629 697 5698 95)
730 5629 805 5679 Ex
841 5629 931 5678 lib.
961 5638 999 5676 li
1038 5629 1111 5676 De
1131 5629 1420 5691 principiis,
1452 5636 1570 5690 cap.
1597 5629 1662 5684 6,
1693 5636 1840 5674 num.
1876 5629 1926 5675 I.

583 5629 695 5771 ἔξω)
732 5693 806 5750 l'ta
831 5704 978 5771 rec_t_e
1002 5694 1152 5754 editi,
1180 5691 1371 5771 etlibri
1405 5692 1769 5771 Deprincipiis
1805 5702 1911 5744 tam
1939 5691 2065 5771 editi

512 5763 686 5838 quam
719 5780 876 5838 mss._
911 5763 1040 5818 Mss.
1082 5776 1211 5814 vero
1255 5763 1413 5838 hujus
1465 5764 1772 5838 Apologus,
1808 5765 2066 5814 creaturis

517 5831 975 5908 ejusvisibilibus,
1020 5832 1423 5901 contemplantes
1463 5831 1559 5902 [:il.
1591 5847 1901 5901 rursumque
1942 5849 2066 5886 coa-

2187 3365 2335 3419 novit
2364 3381 2379 3419 :
2407 3367 2473 3421 de
2521 3381 2661 3436 quo,
2693 3367 2832 3422 sicut
2864 3367 3127 3436 scriptum
3158 3376 3239 3422 est
3274 3385 3286 3422 :
3319 3367 3401 3422 Ne
3438 3370 3606 3437 ipsum
3643 3373 3762 3437 qui-

2185 3456 2302 3509 dem
2339 3458 2592 3511 mundum
2626 3475 2809 3526 capere
2845 3474 2996 3526 posse
3023 3461 3252 3512 arbitror
3299 3459 3458 3513 libros
3507 3462 3596 3525 qui
3625 3460 3761 3514 scri-

2185 3546 2429 3602 berentur
2451 3549 2496 3582 ³⁵
2531 3550 2597 3604 de
2629 3550 2794 3620 gloria
2840 3560 2896 3605 et
2944 3552 3012 3605 de
3046 3551 3329 3620 majestate
3356 3551 3475 3606 Filii
3511 3552 3622 3606 Dei.
3653 3552 3758 3606 lm-

2185 3638 2439 3706 possibile
2471 3653 2701 3710 namque
2733 3649 2815 3695 est
2853 3640 3049 3695 litteris
3080 3643 3417 3696 committere
3443 3657 3506 3698 ea
3533 3659 3654 3714 quae
3690 3645 3757 3701 ad

2185 3729 2484 3786 Salvatoris
2513 3730 2737 3799 gloriam
2767 3733 3060 3803 pertinent.
3096 3751 3114 3785 ι

2252 3821 2577 3879 Pitumnus.
2634 3823 2807 3879 Unum
2857 3824 2996 3879 istud
3032 3826 3399 3881 testimonium
3450 3828 3518 3883 de
3555 3829 3756 3883 deitate

2182 3913 2301 3969 Filii
2331 3915 2419 3970 Dei
2451 3930 2520 3968 ex
2548 3915 2651 3969 illis
2676 3914 2828 3969 libris
2854 3914 3175 3985 protulimus
3200 3954 3216 3980 ,
3257 3919 3348 3986 qui
3396 3919 3635 3974 maxime
3686 3924 3754 3976 ab

2182 4005 2590 4060 accusatoribus
2619 4015 2940 4076 arguuntur.
2981 4003 3211 4060 Dubium
3259 4017 3438 4061 autem
3488 4024 3590 4064 non
3625 4019 3750 4075 est,

2182 4097 2324 4166 quod
2372 4096 2561 4153 eodem
2595 4112 2757 4154 sensu
2790 4097 2953 4153 etiam
3003 4099 3058 4152 in
3103 4100 3316 4154 caeteris
3367 4101 3610 4168 sentiat,
3651 4116 3752 4156 nec

2181 4189 2282 4243 sibi
2314 4189 2384 4244 sit
2415 4191 2530 4254 ipse
2561 4190 2890 4245 contrarius.
2941 4189 3018 4246 De
3060 4205 3124 4246 eo
3170 4191 3312 4262 quod
3348 4205 3452 4246 non
3491 4195 3564 4246 sit
3591 4192 3753 4248 Pater

2180 4287 2468 4347 antequam
2498 4278 2689 4340 Filius.
2715 4280 2808 4335 sed
2847 4288 3150 4334 coaeternus
3191 4281 3264 4334 sit
3292 4279 3468 4338 Filius
3495 4281 3668 4348 Patri,
3698 4285 3751 4338 in

2180 4371 2355 4440 primo
2385 4371 2522 4426 libro
2558 4371 2634 4424 De
2660 4370 2847 4426 Genesi
2879 4373 2994 4428 haec
3025 4371 3102 4426 ait
3129 4391 3141 4426 :

2223 4461 2513 4515 URIGENBS.
2553 4461 2689 4532 (97‘)
2739 4479 2758 4512 ι
2813 4460 2927 4516 Non
3074 4461 3149 4514 Οὐ
3177 4461 3288 4534 γὰρ
3307 4461 3478 4528 sese;
3501 4464 3612 4537 (98)
3633 4464 3750 4521 Πα-

2180 4556 2324 4607 enim
2341 4553 2502 4618 Deus,
2518 4570 2639 4608 cum
2653 4556 2803 4625 prius
2824 4569 2929 4610 non
3002 4553 3109 4625 τὴρ
3130 4549 3270 4609 εἶναι
3299 4557 3524 4626 ἤρξατο,
3546 4558 3750 4612 κωλυό-

2183 4654 2325 4698 esset
2345 4643 2524 4712 Pater,
2548 4657 2734 4716 postea
2769 4645 2931 4703 Pater
3004 4665 3182 4720 μενος,
3201 4649 3275 4708 ὡς
3290 4651 3628 4722 οἱγινόμενοι
3643 4670 3749 4706 πα-

2182 4749 2298 4790 esse
2343 4738 2526 4803 carpit,
2566 4737 2710 4792 velut
2759 4739 2928 4809 impe-
3001 4742 3156 4812 τέρες
3196 4744 3492 4816 ἄνθρωποι,
3529 4747 3748 4803 iit-c6106

2181 4827 2324 4882 ditus
2373 4829 2642 4897 aliquibus
2680 4845 2748 4884 ex
2798 4846 2929 4885 cau-
3003 4837 3078 4910 μὴ
3104 4837 3361 4892 δύνασθαί
3390 4858 3476 4893 πω
3517 4843 3752 4913 πατέρες

2182 4919 2275 4984 sis,
2298 4921 2495 4990 quibus
2517 4921 2763 4980 homines
2787 4941 2928 4978 mor-
2999 4926 3156 4984 εἶναι.
3193 4933 3255 4984 Εἰ
3295 4931 3403 5004 γὰρ
3425 4935 3514 4986 ἀεὶ
3547 4934 3752 4997 τέλειος

2183 5011 2316 5064 tales
2358 5012 2601 5081 impediri
2639 5015 2834 5081 solent,
2873 5028 2930 5074 ut
2998 5022 3027 5074 ὁ
3051 5022 3202 5090 Θεὸς,
3225 5026 3321 5079 καὶ
3356 5025 3620 5097 πάρεστιν
3652 5027 3750 5080 ai»

1594 5103 1638 5135 ³⁸
1664 5102 1858 5157 Matth.
1887 5118 1935 5167 v,
1970 5102 2063 5171 48,

2190 5141 2206 5158 .
2287 5106 2330 5136 "
2362 5104 2572 5162 Coloss.
2614 5127 2653 5175 l,
2689 5111 2880 5168 15-17.
2960 5117 3005 5149 ³³
3036 5116 3056 5170 l
3087 5119 3212 5174 Cor.
3245 5136 3319 5188 ιι,
3351 5121 3404 5175 5.
3482 5123 3528 5155 ³⁸
3559 5123 3747 5179 Matth.

2175 5269 2506 5343 temptantes]
2543 5272 2668 5335 quia
2698 5289 2800 5328 non
2837 5276 3034 5341 omnia,
3066 5287 3172 5332 etc.

2247 5341 2358 5420 (97)
2382 5341 2505 5395 Mss}
2540 5343 2698 5420 hujus
2727 5345 3227 5420 Apoloyiwbabent
3263 5368 3276 5403 :
3316 5347 3465 5404 Unde
3488 5367 3582 5420 pro
3605 5361 3747 5406 certo

2174 5411 2365 5533 {taqfre
2389 5421 2539 5533 ,detc.
2569 5415 2675 5468 Sed
2710 5417 2839 5470 editi
2865 5411 2966 5482 ,vet
3013 5418 3136 5473 libri
3170 5418 3247 5475 De
3279 5411 3553 5491 principiis
3580 5425 3746 5476 omit-

2202 5498 2252 5533 ut
2333 5498 2400 5533 un
2444 5499 2491 5533 e.

2177 5492 2295 5536 tunt
2333 5492 2491 5535 unde.

2248 5553 2382 5623 (97‘)
2414 5553 2486 5605 ls's
2513 5552 2687 5608 libl’OI
2719 5552 2772 5607 in
2804 5551 3066 5610 Cenesim.

2244 5625 2354 5694 (3)8)
2400 5625 2481 5676 Οὺ
2533 5625 2641 5692 γὰρ
2699 5627 2731 5677 ὀ
2769 5627 2930 5690 (sedc,
2980 5641 3084 5681 etc.
3137 5625 3288 5682 llunvc
3322 5628 3498 5684 locum
3561 5629 3748 5687 Graece

2173 5696 2676 5772 extubetEusetims
2720 5697 2813 5751 lib.
2864 5713 2878 5751 ι
2928 5699 3177 5752 adversus
3225 5699 3537 5756 Marcellum
3578 5704 3748 5772 Ancy:

2171 5780 2378 5829 mnum,
2410 5780 2528 5834 pag.
2556 5764 2644 5819 2‘2.
3691 5759 3742 5775 Π
