4162 6390
430 365 530 424 561

433 502 537 539 non
587 485 766 542 statim
803 500 869 540 ex
910 500 1016 556 quo
1057 495 1180 542 sunt

430 580 594 633 etiam
642 588 823 659 patres
874 594 996 635 esse
1049 595 1176 650 pos-

432 673 563 726 sint.
629 669 687 725 Si
758 670 902 725 enim
968 685 1180 739 semper

434 762 710 830 perfectus
761 770 848 816 est
887 761 1045 818 Deus.
1083 776 1178 815 nec

434 850 588 904 deest
618 850 665 903 ei
696 850 865 904 virtus
892 864 994 917 qua
1022 847 1180 903 Pater

1623 367 1963 424 APOLOGIA
2002 368 2135 425 PRO
2171 368 2491 426 ORIGENE.

3565 363 3672 419 562

1250 485 1329 558 τῷ
1368 485 1594 558 δύναμις
1639 488 1730 541 τοῦ
1783 488 1999 559 Πατέρα

2109 488 2392 549 beat,cum
2434 502 2593 541 omne
2642 485 2785 554 quod
2830 499 3149 555 corporeum
3182 493 3283 547 est,
3330 484 3411 537 vel
3452 482 3666 549 habitu,

1251 578 1410 631 αὑτὸν
1459 573 1596 631 εἶναι
1619 620 1634 642 ,
1698 580 1790 632 καὶ
1836 580 1996 633 καλὸν

1250 673 1410 727 αὑτὸν
1454 668 1591 725 εἶναι
1648 674 1866 745 Πατέρα
1902 672 1996 727 τοῦ

1248 765 1489 819 τοιούτου
1545 766 1708 827 Υἱοῦ,
1768 767 1818 819 τί
1872 768 1999 820 dva-

1250 857 1522 922 ϐάλλεται,
1559 860 1651 911 καὶ
1682 858 1871 911 ἑαυτὸν
1904 858 1996 911 τοῦ

432 946 523 1009 sit,
544 954 597 998 et
612 944 803 997 bonum
827 952 907 997 est
924 957 1044 998 esse
1056 958 1177 997 eum

434 1036 648 1090 Patrem
692 1035 814 1090 talis
842 1034 1000 1099 Filii,
1047 1034 1178 1105 quid

433 1127 633 1194 dill‘ert,
661 1129 893 1198 autquid
916 1129 1017 1183 hoc
1040 1129 1181 1183 bono

433 1239 491 1280 se
527 1224 775 1286 l'ramlat,
829 1233 883 1278 et
923 1239 1028 1277 nou
1070 1231 1183 1277 sta-

434 1317 470 1369 ti
482 1315 602 1377 m,si
624 1315 693 1368 ita
710 1314 814 1368 dici
836 1312 1181 1384 potest.(98‘)

433 1421 498 1458 ex
526 1419 632 1470 quo
663 1412 837 1473 potest
857 1418 978 1457 esse
1000 1402 1181 1467 Pater,

434 1498 664 1552 eﬂicitur
706 1495 904 1551 Pater?
950 1495 1183 1566 ldipsum

435 1600 618 1644 autem
663 1592 824 1645 etiam
866 1590 931 1644 de
980 1588 1183 1658 Spiritu

434 1692 624 1737 sancto
647 1682 930 1737 dicendum
957 1692 1058 1738 est.
1105 1702 1124 1735 ι

508 1774 833 1831 ΡΑιιριιιιυε.
887 1776 1042 1831 Aliud
1088 1777 1461 1833 testimonium
1493 1780 1559 1835 de
1599 1779 1786 1834 eadem
1832 1794 1890 1835 re
1936 1794 2000 1834 ex

437 1866 593 1922 libris
627 1866 881 1935 Episton
904 1869 971 1921 ad
1000 1868 1268 1924 Hebrwos.

509 1960 801 2014 URIGENES.
836 1960 947 2029 (99)
999 1978 1017 2010 ι
1061 1960 1175 2015 Lux
1237 1972 1417 2015 autem
1464 1969 1664 2017 :eterna
1692 1962 1823 2031 quid
1866 1961 2007 2016 aliud

439 2052 778 2106 sentiendum
806 2060 912 2114 est,
946 2066 1108 2119 quam
1166 2053 1308 2106 Deus
1343 2052 1525 2118 Pater,
1584 2054 1674 2122 qui
1734 2068 2007 2120 nunquam

439 2144 541 2198 fuit
563 2142 782 2213 quando
815 2141 904 2195 lux
936 2143 1153 2211 quidem
1178 2152 1347 2205 esset,
1369 2144 1627 2212 splendor
1660 2159 1789 2198 vero
1816 2144 1865 2197 ei
1902 2159 2007 2198 non

439 2234 689 2291 adesset?
736 2231 920 2304 Neque
956 2233 1098 2287 enim
1136 2233 1223 2287 lux
1272 2234 1389 2290 sine
1428 2235 1713 2304 Splendore
1760 2250 1858 2290 suo
1905 2251 2007 2289 un-

439 2340 600 2396 quam
636 2323 860 2392 iutelligi
893 2331 1087 2393 potest.
1122 2322 1273 2389 Quod
1297 2325 1340 2376 si
1376 2338 1564 2377 verum
1588 2332 1695 2385 est.
1728 2338 2001 2392 nunquam

437 2423 524 2471 est.
555 2414 690 2485 (99‘)
749 2414 963 2482 quando
997 2412 1163 2468 Filius
1191 2428 1296 2467 non
1333 2411 1499 2467 Filius
1527 2413 1651 2467 fuit.
1678 2414 2005 2469 Eratautem

440 2521 572 2573 non,
608 2506 838 2562 sicut'de
858 2515 1057 2559 aeterna
1082 2504 1202 2560 luce
1241 2506 1497 2568 diximus,
1530 2506 1770 2573 innatus,
1799 2521 1866 2560 ne
1891 2509 2000 2562 duo

437 2598 701 2669 principia
737 2598 875 2652 lucis
907 2597 1187 2651 videamus
1221 2596 1497 2663 inducere,
1534 2597 1629 2651 sed
1672 2598 1810 2652 sicut
1859 2599 2011 2670 iuge-

439 2693 565 2746 nita:
593 2691 727 2745 lucis
748 2689 1020 2759 splendor,
1048 2691 1218 2759 ipsam
1257 2689 1401 2743 illam
1435 2689 1608 2743 lucem
1652 2689 1862 2744 initium
1908 2691 2006 2744 lia-

438 2783 573 2837 bens
596 2796 659 2836 ac
694 2779 921 2845 fontem,
968 2789 1130 2836 natus
1173 2782 1393 2850 quidem
1447 2798 1512 2837 ex
1557 2782 1708 2852 ipsa;
1759 2782 1854 2837 sed
1904 2796 2008 2836 non

437 2883 557 2927 erat
597 2875 811 2941 quando
841 2889 945 2926 non
975 2883 1113 2929 erat.
1155 2891 1173 2923 ι

508 2961 835 3019 Passennus.
888 2962 1045 3017 Aliud
1091 2962 1459 3019 teatimonium
1510 2964 1578 3019 de
1620 2965 1807 3021 eadem
1854 2981 1911 3020 re
1944 2965 2011 3021 de

439 3051 594 3107 libris
629 3050 885 3121 Epistolis
911 3052 980 3105 ad
1016 3050 1301 3107 Romanos.

513 3143 800 3199 Omcsnss.
870 3142 950 3215 (l)
1002 3163 1020 3196 ‹
1069 3142 1221 3209 Quod
1262 3144 1605 3211 promiserat,
1656 3144 1858 3214 inquit,
1918 3162 2011 3215 per

438 3234 715 3305 prophetas
758 3251 880 3288 suos
920 3235 975 3288 in
998 3233 1284 3304 Scripturis
1317 3236 1511 3289 sanctis
1533 3237 1596 3289 de
1622 3232 1763 3289 Filio
1789 3252 1885 3291 suo
1918 3235 2008 3306 qui

442 3327 727 3380 secundum
764 3342 971 3380 carnem
1014 3326 1184 3395 factus
1234 3338 1307 3381 est
1358 3344 1424 3381 ea:
1470 3330 1664 3383 semine
1720 3327 1891 3383 David
1942 3328 2008 3383 “.

445 3418 641 3472 Factus
678 3419 938 3486 estquod
997 3429 1123 3473 ante
1176 3436 1279 3474 non
1336 3430 1472 3474 erat.
1540 3420 1883 3476 Manifestum
1932 3430 2015 3477 est

444 3509 586 3562 enim
622 3509 747 3578 quia
786 3509 1084 3563 secundum
1120 3525 1339 3566 carnem
1375 3529 1481 3567 non
1526 3520 1645 3566 erat
1682 3513 1831 3582 prius
1869 3529 1885 3565 :
1922 3526 2010 3568 se—

444 3601 675 3655 cundum
694 3600 943 3670 spiritum
972 3616 1099 3657 vero
1126 3611 1409 3672 eratante,
1441 3613 1494 3659 et
1524 3620 1628 3658 nou
1660 3603 2011 3674 eratquando

444 3706 548 3745 non
576 3699 713 3744 erat.
750 3709 770 3741 ι

515 3780 839 3837 Ριιιιιιιιιως.
903 3780 1035 3837 Item
1114 3782 1168 3836 in
1241 3781 1381 3837 libro
1455 3784 1632 3853 primo
1694 3784 1837 3853 Περὶ
1909 3784 2014 3855 ἁρ-

446 3873 587 3943 χῶν.
625 3873 777 3939 Quod
807 3886 960 3929 estra
994 3872 1160 3929 ullum
1201 3874 1411 3929 initium
1451 3886 1537 3932 est
1568 3878 1845 3946 generatio
1888 3877 2014 3933 Filii

448 3965 563 4020 Dei.

516 4076 805 4133 ORIGENES.
843 4076 943 4149 (l‘)
973 4095 991 4129 ι
1021 4076 1077 4133 Si
1106 4092 1236 4147 ergo
1273 4076 1439 4132 semel
1464 4087 1609 4133 recte
1630 4088 1905 4148 receptum
1932 4091 2016 4134 est

444 4171 780 4241 unigenitum
829 4169 1026 4224 Filium
1059 4170 1151 4224 Dei
1190 4169 1513 4240 sapientiam
1559 4170 1676 4239 ejus
1720 4184 1845 4225 esse
1886 4170 2018 4225 sub-

446 4260 775 4314 stantialiter
802 4260 1213 4326 subsistentem,
1247 4262 1430 4317 nescio
1470 4261 1517 4315 si
1546 4260 1659 4330 jam
1697 4260 1839 4314 ultra
1889 4277 2017 4315 eva.

447 4352 561 4421 gari
630 4369 822 4408 sensus
858 4366 1041 4409 noster
1090 4357 1286 4411 debeat
1333 4356 1398 4408 ad
1428 4355 1811 4421 suSpicandum
1840 4355 1915 4426 (εὶ)
1951 4370 2018 4411 ne

447 4440 585 4496 forte
614 4442 727 4511 ipsa
759 4444 1109 4499 subsistentia
1154 4442 1271 4512 ejus
1316 4458 1635 4513 corporeum
1668 4444 1870 4513 aliquid
1920 4446 2016 4499 lia-

518 4556 563 4587 ³⁶
590 4555 746 4612 Rom.
775 4572 811 4625 ι,
846 4557 901 4625 2,
940 4558 995 4613 '5.
1071 4558 1137 4589 “'
1174 4557 1303 4628 Sap.
1331 4573 1427 4624 vn,
1448 4557 1542 4612 9.5.

1252 949 1417 1003 καλοῦ
1482 950 1792 1021 στερίσκει,
1866 952 1997 1017 καὶ,

1250 1041 1325 1105 ὡς
1346 1042 1494 1095 ἔστιν
1522 1045 1716 1104 εἰπεῖν,
1743 1042 1801 1109 ἐξ
1832 1038 1892 1097 οὗ
1920 1043 2003 1096 δύ-

1252 1154 1407 1189 ναται
1440 1137 1628 1207 Πατὴρ
1670 1132 1805 1190 εἴναι
1834 1137 1997 1195 Υῐοῦε

1252 1232 1326 1284 Τὸ
1372 1230 1504 1283 αὐτὸ
1586 1230 1833 1302 μέντοιγε
1909 1234 2003 1286 καὶ

1252 1324 1380 1394 περὶ
1415 1320 1508 1375 τοῦ
1552 1321 1704 1390 ἁγίου
1751 1321 2002 1393 Πνεῦμα-

1252 1429 1343 1478 τος
1365 1411 1604 1467 λεκτέον.

2100 578 2181 632 vel
2218 586 2420 639 colore,
2446 576 2530 630 vel
2556 577 2921 645 magnitudine
2948 575 3280 645 designetur.
3317 572 3380 627 Et
3408 575 3530 641 quis
3568 589 3671 627 un-

2099 685 2258 738 quam
2288 672 2401 724 saui
2439 683 2629 723 sensus
2673 668 2911 722 habitum
2948 666 3031 722 vel
3087 666 3343 728 colorem,
3392 674 3483 718 aut
3524 679 3670 717 men-

2101 779 2242 818 surae
2291 764 2715 833 magnitudinem
2770 762 2823 816 in
2873 760 3153 830 Sapientia
3203 757 3518 827 requisivit,
3573 770 3670 824 per

2101 855 2243 922 quod
2283 852 2558 922 Sapientia
2598 853 2716 909 est?
2764 852 3047 917 Quomodo
3094 859 3272 905 autem
3312 858 3463 903 extra
3510 848 3669 915 hujus

2104 944 2392 1015 Sapientiae
2414 945 2817 1015 generationem
2860 941 3023 997 fuisse
3052 940 3339 1010 aliquando
3372 941 3539 994 Deum
3568 939 3669 991 l’a-

2104 1046 2261 1100 trem,
2296 1036 2379 1091 vel
2405 1038 2470 1091 ad
2494 1047 2754 1106 punctum
2787 1033 3046 1091 momenti
3081 1033 3311 1103 alicujus
3346 1042 3521 1103 potest
3548 1030 3667 1101 quis

2102 1133 2305 1189 sentire
2338 1132 2422 1189 vel
2471 1134 2716 1197 credere,
2773 1131 2866 1202 qui
2932 1140 3110 1185 tamen
3164 1130 3308 1198 pium
3364 1128 3565 1197 aliquid
3605 1127 3670 1180 de

2104 1225 2216 1280 Deo
2239 1224 2543 1294 intelligere
2572 1222 2805 1287 noverit,
2832 1220 2918 1275 vel
2960 1219 3199 1273 sentire?
3230 1219 3335 1275 Aut
3371 1218 3512 1273 enim
3564 1230 3668 1269 non

2104 1314 2344 1384 potuisse
2374 1315 2538 1368 Deum
2563 1313 2703 1366 dicet
2733 1326 2988 1381 generare
3022 1309 3353 1378 Sapientiam
3383 1316 3670 1373 antequam

2105 1416 2411 1478 generaret,
2448 1415 2506 1459 ut
2547 1420 2690 1469 eam,
2735 1420 2852 1473 qua:
2887 1420 2991 1458 non
3036 1412 3178 1468 erat,
3223 1399 3325 1474 (‘2‘)
3361 1409 3543 1468 postea
3590 1411 3670 1466 ge-

2106 1499 2285 1553 nuerit
2320 1508 2379 1552 ut
2404 1509 2549 1555 esset
2576 1513 2589 1551 :
2617 1508 2709 1551 aut
2736 1498 2972 1568 potuisse
3013 1498 3253 1567 quidem,
3288 1496 3380 1551 sed
3411 1494 3574 1563 (quod
3608 1504 3671 1546 ne

2110 1589 2213 1644 dici
2246 1590 2460 1659 quidem
2513 1590 2580 1644 de
2636 1590 2744 1643 Deo
2806 1588 2889 1643 fas
2941 1589 3043 1659 est)
3086 1588 3320 1643 noluisse
3367 1598 3672 1657 generare:

2105 1681 2248 1751 quod
2283 1690 2573 1749 utrumque
2611 1691 2665 1735 et
2696 1680 2987 1735 absurdum
3006 1693 3148 1742 esse,
3178 1690 3231 1733 et
3267 1678 3489 1746 impium
3507 1674 3654 1730 omni

2108 1772 2209 1827 bus
2245 1778 2411 1840 patet,
2438 1756 2514 1841 (3)
2574 1769 2626 1824 id
2654 1779 2755 1831 est,
2793 1780 2852 1821 ut
2876 1777 2966 1822 aut
2993 1783 3059 1822 ex
3089 1782 3155 1822 eo
3187 1767 3329 1836 quod
3365 1781 3469 1819 non
3503 1765 3672 1834 potuit

2039 1862 2079 1917 Β
2111 1862 2273 1927 Deus,
2299 1858 2586 1931 proﬁceret
2612 1869 2668 1913 ut
2696 1868 2924 1931 posset;
2966 1867 3055 1912 aut
3100 1872 3163 1912 ex
3200 1872 3264 1911 eo
3295 1872 3416 1911 cum
3468 1864 3673 1926 posset,

2108 1953 2474 2010 dissimularet
2500 1966 2759 2023 generare
2783 1949 3138 2019 Sapientiam.
3166 1949 3388 2018 PrOpter
3411 1947 3551 2016 quod
3580 1962 3673 2001 nos

2109 2058 2323 2114 semper
2362 2044 2527 2098 Deum
2573 2042 2790 2097 Patrem
2844 2040 3090 2096 novimus
3128 2040 3385 2110 unigeniti
3433 2038 3556 2094 Filii
3593 2039 3674 2091 sui

2113 2153 2177 2191 ex
2210 2137 2326 2206 ipso
2362 2135 2579 2204 quidem
2612 2135 2743 2199 nati,
2769 2142 2821 2189 et
2853 2132 2997 2203 quod
3024 2138 3109 2185 est
3141 2130 3210 2184 ab
3242 2131 3360 2200 ipso
3389 2128 3676 2191 trahentis,

2111 2232 2229 2287 siue
2264 2228 2373 2284 ullo
2424 2236 2606 2282 tamen
2642 2227 2818 2294 initio,
2856 2242 2960 2281 non
3002 2223 3176 2281 solum
3206 2237 3270 2279 eo
3296 2221 3439 2293 quod
3491 2219 3657 2288 aliqui

2110 2322 2209 2377 bus
2245 2331 2546 2390 temporum
2590 2317 2783 2387 spatiis
2821 2316 3074 2386 distingui
3106 2323 3304 2385 potest,
3347 2313 3439 2367 sed
3484 2327 3551 2366 ne
3584 2310 3676 2364 illo

2110 2409 2329 2479 quidem
2377 2408 2520 2478 quod
2566 2408 2679 2463 sola
2715 2407 2855 2477 apud
2900 2405 3250 2476 semetipsam
3292 2418 3443 2459 mens
3484 2399 3678 2457 intueri

2110 2502 2269 2567 solet,
2320 2509 2374 2558 et
2417 2500 2581 2566 nudo,
2637 2508 2697 2554 ut
2754 2501 2832 2553 ita
2872 2499 3123 2564 dixerim,
3185 2497 3465 2552 intellectu
3520 2503 3677 2564 atque

2110 2593 2293 2646 animo
2324 2590 2652 2661 conspicari.
2685 2590 2850 2645 Extra
2881 2603 3041 2645 omne
3073 2603 3207 2659 ergo
3237 2589 3380 2659 quod
3422 2588 3504 2642 vel
3550 2587 3678 2655 dici,

2109 2684 2197 2741 vel
2232 2683 2456 2754 intelligi
2489 2691 2666 2753 potest
2691 2682 2928 2750 initium,
2964 2689 3273 2753 generatam
3300 2694 3420 2735 esse
3449 2678 3679 2734 credenv

2111 2774 2238 2829 dum
2266 2784 2352 2829 est
2374 2774 2727 2843 Sapientiam.
2778 2791 2796 2824 ι

2182 2865 2510 2921 PAMPHILUS.
2534 2865 2691 2919 Aliud
2714 2861 3081 2919 testimonium
3122 2860 3222 2932 ('5‘)
3252 2859 3318 2915 de
3355 2858 3580 2913 eisdem.

2182 2956 2471 3013 ORIGENES.
2497 2954 2573 3023 (4)
2609 2972 2627 3006 ι
2678 2954 2777 3020 Qui
2810 2962 2990 3007 autem
3026 2950 3543 3006 iuitiumdatVerbo
3567 2947 3680 3014 Dei,

2114 3048 2199 3104 vel
2227 3048 2518 3118 Sapientia:
2543 3046 2661 3111 Dei,
2682 3045 2778 3117 (ι·)
2802 3044 3014 3100 intuere
3043 3060 3109 3100 ne
3140 3044 3379 3113 magisin
3406 3044 3577 3113 ipsum
3602 3041 3681 3095 in—

2112 3142 2350 3213 genitum
2383 3140 2596 3194 Patrem
2628 3138 2959 3208 impietatem
3001 3153 3152 3192 suam
3180 3136 3368 3203 jaCtet,
3398 3152 3519 3190 eum
3558 3151 3680 3190 cum

2116 3243 2275 3305 neget
2306 3248 2518 3303 semper
2538 3231 2751 3286 Patrem
2777 3229 2962 3296 fuisse,
2979 3238 3031 3283 et
3057 3229 3313 3299 genuisse
3341 3228 3595 3293 Verbum,
3627 3237 3682 3283 et

2116 3325 2370 3381 habuisse
2390 3325 2719 3395 Sapientiam
2746 3323 3105 3379 anteriot'ibus
3126 3322 3205 3377 vel
3230 3323 3583 3392 temporibus,
3603 3322 3683 3376 vel

2114 3417 2343 3484 saeculis,
2378 3416 2460 3472 vel
2479 3417 2521 3471 si
2543 3416 2670 3486 quid
2698 3416 2824 3471 illud
2848 3416 3091 3487 estquod
3120 3416 3382 3470 nominari
3418 3423 3612 3485 potest.
3662 3432 3683 3466 ι

2186 3510 2510 3565 Purmws.
2589 3506 2717 3565 Item
2782 3507 2928 3563 aliud
2997 3506 3365 3563 testimonium
3435 3508 3501 3562 de
3576 3507 3685 3562 eis-

2113 3600 2257 3658 dem.

2185 3712 2478 3772 Omcsuss.
2534 3714 2613 3787 (5)
2665 3731 2684 3767 ι
2721 3711 2962 3769 ElIicitur
3011 3728 3141 3784 ergo
3188 3711 3360 3766 virtus
3403 3710 3574 3766 altera
3631 3709 3683 3764 in

2115 3819 2211 3860 sua
2233 3806 2565 3876 proprietate
2603 3806 2934 3873 subsistens,
2966 3806 3121 3859 utait
3157 3818 3337 3859 sermo
3367 3802 3682 3869 Scripturae,

2114 3910 2279 3966 vapor
2301 3896 2519 3967 quidam
2542 3897 2727 3967 primae
2747 3907 2801 3954 et
2829 3896 3079 3967 ingenita:
3102 3896 3318 3950 virtutis
3336 3893 3429 3947 Dei
3454 3893 3543 3959 ⁸⁵⁸,
3578 3893 3683 3947 hoc

2116 3992 2332 4063 quidem
2371 3994 2513 4063 quod
2561 4003 2667 4061 est,
2712 3992 2841 4049 inde
2880 3994 3102 4047 trahens
3159 4011 3172 4046 :
3224 4007 3329 4047 non
3375 4002 3458 4044 est
3505 3998 3685 4043 autem

2115 4084 2332 4154 quando
2391 4100 2495 4139 non
2546 4083 2729 4139 fuerit.
2792 4083 2850 4139 Si
2893 4084 3037 4139 enim
3080 4082 3202 4152 quis
3242 4081 3472 4135 voluerit
3505 4079 3687 4134 dicere

2117 4174 2269 4243 quasi
2306 4175 2456 4245 prius
2484 4190 2588 4230 non
2618 4174 2906 4240 exstiterit,
2961 4174 3056 4229 sed
3081 4182 3271 4244 postea
3327 4173 3393 4227 ad
3425 4169 3523 4245 (5⁸)
3554 4172 3686 4226 sub-

2117 4265 2420 4319 sistentiam
2480 4266 2712 4330 venerit,
2762 4265 2906 4321 dicat
2951 4280 3172 4321 causam
3218 4278 3387 4333 quare
3430 4263 3520 4331 qui
3566 4278 3683 4316 eam

2118 4354 2395 4410 substituit
2428 4355 2608 4420 Pater,
2646 4367 2771 4412 ante
2807 4359 2909 4413 hoc
2950 4372 3053 4411 non
3084 4357 3294 4412 t'ceerit.
3331 4357 3482 4423 Quod
3514 4358 3557 4410 si
3588 4357 3683 4408 ali-

2118 4450 2260 4516 quod
2294 4461 2480 4502 semen
2505 4448 2718 4502 iuitium
2750 4448 2960 4503 dederit
2989 4461 3095 4517 quo
3124 4461 3291 4517 vapor
3341 4447 3442 4501 iste
3480 4460 3546 4499 ex
3594 4445 3689 4499 Dei

518 4674 772 4749 (98')_Sic
802 4673 971 4749 editi,
994 4689 1132 4749 mss:
1148 4689 1296 4749 vero,
1319 4691 1370 4729 se
1397 4673 1556 4729 Pater
1584 4676 1736 4749 εθῑεὶι
1786 4667 2001 4725 Patrem
2044 4682 2089 4736 Ι)
2118 4673 2779 4749 omittunteue,Asieut‘et
2813 4672 3093 4749 Merlinus.
3128 4669 3511 4726 Genebrardus
3537 4685 3687 4749 vero,

447 4743 643 4817 μιλιιᾴ
660 4744 834 4817 [Eure
845 4744 1067 4817 efficitur
1092 4743 1293 4817 Pater].

518 4815 631 4883 (99)
686 4814 763 4868 Ex
785 4814 1003 4869 librisin
1024 4815 1194 4879 Epist.
1218 4814 1284 4867 ait
1313 4814 1581 4871 llebrazos.

520 4887 656 4961 (99')
681 4885 756 4939 Ita
773 4884 1241 4961 Sorbouicus.
1256 4886 1445 4961 gzeteri
1473 4902 1599 4940 vero
1623 4903 1778 4961 mss”
1803 4893 2013 4961 quando

453 4952 747 5026 Filius‘non
771 4953 945 5008 Filius
970 4954 1215 5023 nonfuit.
1254 4956 1421 5019 Editi,
1464 4962 1675 5026 quando
1716 4952 1888 5016 Filius
1912 4980 2015 5015 non

449 5025 549 5092 fuit
586 5043 600 5078 :
631 5036 685 5078 et
708 5035 890 5092 postea
924 5028 1180 5079 omittunt
1211 5027 1443 5079 innatus.

549 5097 596 5149 ll
628 5096 704 5148 Ex
730 5096 823 5149 lib.
848 5110 864 5148 1
896 5097 949 5148 in
982 5094 1152 5165 Epist.
1181 5098 1248 5148 ad
1276 5094 1452 5162 Rom.,
1479 5112 1627 5151 num.
1650 5100 1685 5153 4
1712 5109 1764 5154 et
1785 5100 1836 5155 5.

548 5166 617 5236 Γ)
654 5166 729 5219 Ex
748 5166 849 5220 lib.
887 5180 903 5219 ι
942 5164 1343 5236 υζρήηεὶρὶἰε.
1373 5183 1494 5236 cap.
1520 5170 1578 5231 Ξ.
1600 5185 1747 5223 num.
1770 5172 1828 5225 2.

522 5234 606 5305 (‘2)
673 5238 743 5307 ιω
790 5250 921 5289 mss.
972 5234 1232 5303 plerique.
1270 5234 1453 5307 fblss.'
1487 5253 1614 5292 vero
1660 5243 1902 5307 quidam,
1949 5251 2004 5295 ει

452 5307 605 5375 editi,
630 5323 691 5359 ne
716 5306 853 5375 forte
890 5307 1003 5375 ipsa
1023 5306 1311 5358 substantia
1346 5307 1480 5375 ejus,
1534 5318 1639 5362 etc.
1680 5310 1824 5364 Libri
1876 5311 2006 5365 editi

454 5374 530 5450 ge
552 5378 823 5444 principiis
846 5414 862 5439 ,
887 5391 948 5427 ne
981 5374 1111 5450 forte
1135 5377 1247 5450 ipsa
1277 5374 1407 5429 idea!
1431 5382 1720 5433 substantia
1738 5380 1871 5450 ejus.
1899 5392 2005 5435 etc.

454 5443 583 5516 Mss.
628 5461 755 5498 vero
800 5446 1111 5516 eorumdezn
1175 5444 1467 5516 librorum,
1519 5464 1581 5500 ne
1628 5443 1777 5516 [οι-ιβ’
1816 5452 2009 5503 ιΠιΥΑ

453 5515 770 5577 ὑπόστασις,
820 5514 872 5565 id
906 5524 982 5567 est
1021 5514 1308 5567 substantia
1365 5516 1499 5583 ejus.
1540 5514 1669 5583 etc.,
1697 5522 1785 5574 ubi
1826 5537 2009 5575 vocem

454 5583 920 5659 lﬂlTAomnibus
947 5584 1275 5659 incognitam
1297 5587 1595 5659 uilulalittd
1627 5606 1743 5642 esse
1770 5595 2012 5659 suspicor

454 5669 613 5720 quam
644 5656 760 5715 ipsa
793 5668 812 5706 :
837 5668 997 5722 quam
1029 5654 1210 5708 vocem
1259 5654 1489 5724 imperiti
1538 5657 1743 5713 librarii
1770 5654 2009 5716 Graeciam

454 5726 815 5778 crediderunt.

527 5793 625 5864 ιε’)
657 5793 784 5848 Mss.
835 5791 1098 5863 plerique,
1140 5802 1316 5860 postea
1345 5799 1577 5863 genuerit
1618 5815 1745 5853 esse.
1789 5800 2015 5867 Quidam

2116 4740 2320 4798 etlibri
2362 4745 2438 4798 De
2475 4745 2750 4815 principiis
2800 4753 2905 4797 tam
2955 4744 3084 4798 editi
3138 4758 3298 4813 quam
3357 4757 3487 4795 mss.
3539 4742 3687 4796 utin

2174 4827 2285 4869 χιιι.

2120 4826 2261 4953 ωβ)
2313 4885 2406 4940 Sic
2442 4900 2575 4939 mss.
2617 4884 2758 4938 Editi
2801 4899 2948 4947 vero,
2980 4884 3037 4937 id
3069 4893 3168 4947 est,
3218 4900 3323 4937 non
3364 4897 3428 4935 ea:
3454 4899 3514 4936 eo
3546 4883 3684 4953 quod

2115 4970 2219 5007 non
2236 4956 2407 5021 potuit
2453 4955 2592 5009 Deus
2624 4955 2887 5024 perﬁcare‘
2918 4964 2973 5009 ut
3019 4964 3208 5020 posset,
3252 4963 3299 5007 et
3338 4969 3401 5006 ea:
3461 4970 3521 5007 eo
3568 4969 3686 5005 cum

2114 5033 2309 5093 posset,
2346 5037 2453 5079 etc.
3682 5052 3689 5059 ε

2186 5093 2284 5163 (5⁸)
2347 5096 2546 5152 Omnes
2578 5110 2730 5157 mss.,
2756 5095 2819 5149 de
2849 5095 3064 5149 eisdem.
3095 5094 3257 5160 Editi,
3291 5092 3543 5163 ejusdem.

2184 5163 2260 5304 ξι)
2291 5167 2360 5219 Ex
2386 5166 2478 5221 lib.
2512 5181 2531 5219 ι
2555 5164 2629 5218 De
2647 5166 2946 5233 principiis,
2978 5181 3098 5233 cap.
3118 5166 3175 5223 2.
3202 5180 3350 5219 num.
3386 5165 3438 5218 3.

2206 5235 2284 5303 4³)
2310 5237 2437 5290 Mss.
2494 5238 2719 5303 aliquot,
2778 5238 3065 5289 intueatur.
3125 5234 3323 5288 Deinde
3362 5234 3516 5297 editi,
3536 5232 3613 5287 vel
3638 5233 3692 5284 si

2206 5235 2284 5303 4³)
2310 5237 2437 5290 Mss.
2494 5232 2719 5303 aliqum,
2778 5232 3065 5289 intueatur.
3125 5234 3323 5288 Deinde
3362 5232 3689 5297 editi,velsi

2112 5306 2240 5382 quid
2268 5307 2535 5387 aliudest.
2562 5307 2668 5360 Sed
2714 5322 2903 5361 omnes
2940 5322 3069 5360 mss.
3117 5316 3172 5358 et
3210 5305 3331 5358 libri
3375 5306 3450 5358 De
3491 5305 3690 5373 princi-

2114 5389 2214 5443 ptts
2250 5387 2306 5429 ut
2334 5385 2383 5429 in
2415 5385 2584 5430 textu.

2186 5446 2265 5515 (5)
2292 5445 2365 5516 Es
2394 5446 2487 5499 lib.
2511 5462 2528 5499 ι
2563 5446 2632 5498 De
2656 5446 2929 5515 principiis
2956 5462 3073 5516 cap.
3092 5445 3149 5512 2,
3181 5460 3329 5499 num.
3356 5444 3409 5498 9.

2190 5514 2290 5585 (5‘)
2333 5515 2493 5580 Editi,
2548 5517 2937 5581 substantiam;
2978 5514 3036 5571 et
3084 5517 3244 5585 paulo
3276 5528 3414 5583 post,
3459 5514 3598 5584 quod
3648 5514 3695 5566 si

2119 5588 2539 5657 aliquodisemel,
2578 5598 2683 5640 etc.
2723 5589 2827 5640 Sed
2876 5602 3005 5642 mss.
3034 5587 3276 5657 plerique
3324 5586 3484 5657 ut_iu_
3519 5592 3691 5639 testu.

2124 5656 2404 5783 ιίῖτᾘ
2449 5658 2717 5726 principiis
2781 5659 2980 5713 habent
3036 5654 3321 5713 subsistere
3383 5654 3530 5724 fecit,
3595 5667 3696 5724 pro

2126 5747 2183 5783 su
2226 5745 2248 5783 s
2276 5744 2289 5780 ι
2319 5744 2367 5781 ιιι
2401 5767 2413 5780 .

2126 5730 2413 5783 substituit.
