4162 6386
503 313 609 372 563

1708 318 1764 373 S.
1805 317 2129 375 PAMPHILI
2169 319 2526 378 MARTYRIS

3656 323 3758 380 564

502 437 704 491 virtute
734 433 1078 502 processerit,
1120 433 1312 488 iterum
1342 433 1417 504 (6)
1443 435 1869 508 interrogabitur
1913 453 2081 508 quare
2111 445 2155 500 Α
2184 441 2327 494 enim
2357 457 2452 510 per
2478 440 2822 511 adoptionem
2854 439 3091 511 Spiritus
3109 438 3285 497 Filius
3306 438 3367 494 Iit
3390 439 3757 508 extrinsecus,

501 543 609 584 non
637 536 692 581 et
716 534 841 581 ante
870 520 998 579 illud
1027 525 1173 596 quod
1201 525 1338 580 dixit
1374 528 1588 582 initium
1623 543 1638 582 :
1673 533 1730 583 et
1759 529 1832 583 ita
1858 543 2072 600 semper

501 619 572 674 d’e
599 608 962 672 anterioribus
1005 615 1366 685 inquirentes,
1397 628 1451 672 et
1486 620 1666 674 verbo.
1690 616 2073 692 interrogatio-

503 711 588 764 nis
615 709 992 770 ascendentes.
1033 710 1412 778 perveniemus
1447 711 1499 765 in
1536 711 1683 766 illum
1709 713 2068 777 intellectum,

500 809 560 855 ut
603 800 856 870 quoniam
889 815 1102 868 semper
1147 809 1201 855 et
1261 812 1468 870 poterat
1504 803 1663 862 Deus.
1720 814 1775 857 et
1828 805 2071 870 Volebat,

501 905 774 958 nunquam
801 890 877 960 (7)
907 890 988 942 vel
1019 889 1279 954 decuerit,
1306 889 1384 944 vel
1409 908 1572 946 causa
1605 893 1784 964 aliqua
1806 899 2072 950 exsistere

501 981 756 1050 pmuerit,
812 991 871 1036 ut
918 997 1022 1035 non
1069 983 1168 1037 hoc
1231 983 1372 1052 quod
1430 983 1627 1037 bonum
1675 995 1726 1040 et
1768 987 1982 1040 volebat
2018 993 2073 1040 et

502 1082 730 1142 pOIerat,
773 1088 985 1143 semper
1013 1073 1280 1128 habuerit.
1315 1073 1393 1128 Ex
1441 1090 1548 1144 quo
1586 1078 1890 1132 ostenditur
1925 1093 2070 1132 seut-

499 1177 597 1232 per
622 1161 791 1218 l'uisse
824 1179 1077 1233 vaporem
1118 1164 1280 1218 istum
1327 1166 1550 1220 virtutis
1597 1167 1689 1222 Dei
1730 1164 1933 1222 nullum
1975 1169 2072 1223 ha-

497 1255 713 1310 bentem
758 1254 993 1320 initium,
1052 1256 1155 1310 nisi
1202 1257 1374 1325 ipsum
1431 1257 1621 1312 Deum.
1683 1253 1870 1330 Neque
1926 1262 2069 1316 enim

497 1340 726 1402 decebat
759 1345 905 1402 aliud
927 1347 975 1402 ei
1008 1362 1128 1403 esse
1159 1348 1399 1413 initium,
1430 1349 1533 1403 nisi
1584 1351 1782 1419 ipsum,
1818 1351 1961 1406 unde
1986 1362 2072 1406 est

495 1448 551 1492 et
603 1434 871 1504 nascitur,
926 1438 1114 1494 Deum.
1191 1439 1503 1496 Secundum
1557 1441 1876 1512 Apostolum
1940 1459 2072 1499 vero

495 1527 787 1596 dicentem,
820 1531 943 1599 quia
971 1531 1218 1586 Christus
1246 1531 1339 1586 Dei
1369 1527 1535 1586 virtus
1576 1543 1652 1587 est
1692 1529 1761 1598 ³⁷,
1805 1529 1921 1605 jam
1966 1550 2070 1588 non

497 1621 668 1676 solum
710 1636 878 1690 vapor
923 1621 1138 1676 virtutis
1173 1621 1291 1690 Dei,
1323 1623 1415 1678 sed
1447 1633 1506 1678 et
1541 1624 1717 1679 virtus
1761 1637 1827 1679 ex
1871 1625 2074 1680 virtute

496 1713 723 1770 dicenda
753 1724 857 1771 est.
891 1734 909 1767 ι

2177 533 2268 587 sed
2304 542 2494 587 natura
2527 531 2698 589 Filius
2722 543 2826 588 est.
2867 551 2887 584 ι

2247 620 2575 680 Ρλιιριιιιυε.
2615 624 2742 679 Item
2777 625 2844 680 de
2875 623 3064 680 eodem
3098 623 3243 680 aliud
3275 624 3668 680 testimonium.

2243 737 2530 794 ORIGENES.
2583 755 2603 790 ι
2648 733 2937 793 Videamus

2173 849 2303 906 ergo
2331 834 2536 903 quisjsit
2563 833 2812 888 Salvator
2838 848 2936 886 no-

2175 940 2305 986 ster.
2327 929 2586 998 Splendor
2611 929 2808 982 dicitur
2821 929 2935 998 glo-

2175 1027 2268 1080 ria:
2285 1027 2351 1088 ",
2371 1026 2421 1080 id
2443 1034 2548 1088 est,
2563 1034 2775 1079 (eterna:
2798 1023 2934 1078 lucis

2173 1121 2511 1191 splendor”;
2537 1130 2592 1175 et
2615 1130 2821 1175 certum
2845 1131 2931 1174 est

2176 1215 2319 1284 quod
2352 1212 2606 1284 splendor
2638 1227 2704 1267 es
2730 1211 2932 1266 lumine

2176 1303 2610 1374 inseparabiliter
2698 1317 2918 1372 genera‘

2176 1409 2282 1463 tur,
2334 1407 2388 1452 et
2435 1397 2607 1454 donec
2648 1406 2932 1466 permanet

2174 1493 2288 1557 lux,
2317 1499 2595 1559 permanet
2617 1504 2829 1558 semper
2876 1498 2932 1543 et

2175 1585 2448 1656 splendor.
2503 1582 2756 1638 Salvator
2797 1596 2930 1650 ergo

2174 1689 2360 1734 noster
2403 1677 2494 1746 qui
2523 1675 2805 1745 Sapientia
2847 1682 2930 1728 est

565 1768 895 1860 Psurutcus.
944 1804 1072 1860 Item
1113 1804 1257 1859 aliud
1297 1804 1665 1861 testimonium
1721 1808 1790 1862 de
1844 1807 2066 1863 eisdem.
2101 1798 2148 1858 Β
2177 1773 2492 1846 (Sapientia
2569 1779 2752 1824 autem
2834 1768 2925 1822 Dei

565 1897 858 1954 ORIGENES.
895 1898 988 1969 :(8)
1064 1916 1083 1952 ι
1140 1899 1582 1968 Sempiternum,
1661 1900 1744 1954 vel
1809 1911 2068 1955 arternuni

494 1992 712 2063 proprie
737 1991 954 2055 dicitur,
986 1992 1126 2061 quod
1156 2007 1329 2062 neque
1362 1992 1573 2046 initium
1607 2003 1662 2046 ut
1684 2004 1829 2048 esset
1861 1994 2066 2061 habuit,

497 2098 672 2154 neque
705 2099 921 2139 cessare
955 2095 1190 2152 unquam
1228 2093 1406 2152 potest
1452 2100 1574 2140 esse
1616 2086 1759 2155 quod
1816 2096 1923 2142 est.
1959 2086 2072 2142 Hoc

493 2187 672 2231 autem
701 2176 1012 2246 designatur
1040 2175 1178 2243 apud
1218 2170 1507 2240 Joannem,
1539 2192 1664 2232 cum
1703 2179 1834 2233 dicit
1873 2195 1884 2228 :
1924 2177 2071 2245 Quo-

496 2271 638 2320 niam
676 2267 815 2321 Deus
849 2267 943 2321 lux
980 2277 1056 2320 est
1099 2265 1164 2322 ³⁸.
1217 2268 1486 2338 Splendor
1536 2279 1717 2325 autem
1770 2269 1906 2326 lucis
1953 2273 2070 2342 ejus

495 2359 770 2428 Sapientia
806 2373 902 2412 sua
945 2369 1049 2425 est,
1093 2359 1168 2428 (9)
1206 2374 1310 2414 non
1358 2358 1530 2414 solum
1589 2361 1888 2416 secundum
1925 2365 2069 2432 quod

495 2452 583 2505 lux
607 2463 708 2518 est,
736 2453 828 2506 sed
871 2461 926 2506 et
949 2452 1247 2506 secundum
1278 2450 1421 2522 quod
1462 2455 1792 2524 sempiterna
1833 2455 1921 2510 lux
1961 2467 2067 2522 est,

490 2545 568 2603 .‘ta
600 2554 655 2599 ut
681 2555 917 2599 aeternus
948 2553 1000 2598 et
1022 2545 1348 2599 aeternitatis
1383 2545 1639 2614 Splendor
1678 2547 1749 2600 sit
1785 2547 2068 2616 Sapientia

498 2651 610 2695 sua.
638 2635 795 2702 Quod
831 2637 875 2690 si
925 2637 1139 2706 integre
1177 2637 1531 2708 intelligatur,
1571 2638 1859 2693 manifeste
1889 2641 2069 2696 decla-

493 2741 600 2793 rat,
649 2731 775 2800 quia
825 2730 938 2800 (I0)
987 2731 1341 2786 subsistentia
1394 2731 1519 2785 Filii
1582 2732 1651 2786 ab
1717 2732 1837 2802 ipso
1903 2729 2069 2790 Patre

491 2819 794 2882 descendit,
818 2823 909 2875 sed
941 2836 1044 2875 non
1079 2821 1472 2890 tempuraliter,
1512 2838 1689 2893 neque
1718 2824 1787 2880 ab
1821 2824 1930 2880 ullo
1959 2825 2068 2880 alio

491 2914 666 2981 initio,
706 2916 829 2978 nisi,
863 2924 920 2970 ut
945 2915 1207 2980 diximus,
1238 2917 1306 2970 ab
1342 2917 1456 2986 ipso
1491 2917 1618 2971 Deo.
1657 2935 1674 2968 ι

562 3008 889 3076 ΡΑιιριιιιιυς.
949 3009 1101 3074 Item,
1152 3011 1217 3065 de
1277 3011 1582 3065 mter-nitate
1635 3009 1758 3064 Filii
1822 3011 1950 3076 Dei,
2013 3019 2068 3065 et

491 3101 955 3172 inseparabilitate
985 3099 1105 3169 ejus
1135 3116 1164 3154 a
1198 3099 1378 3166 Patre,
1421 3100 1568 3155 aliud
1609 3101 1974 3155 testiinonium
1999 3101 2065 3156 de

488 3194 630 3250 libro
657 3195 848 3264 primo.

550 3287 842 3344 Oaicsass.
875 3285 988 3358 (ll)
1020 3303 1038 3336 ι
1071 3283 1353 3339 Infandum
1385 3295 1567 3340 autem
1602 3295 1686 3342 est
1714 3296 1768 3342 et
1797 3283 2070 3353 illicitum,

490 3371 662 3433 Deum
687 3378 901 3435 Patrem
931 3377 1045 3448 (12)
1079 3378 1128 3431 in
1158 3376 1514 3447 generatione
1542 3371 1663 3432 Filii
1683 3379 1764 3433 sui
1789 3379 2071 3447 unigeniti,

491 3482 653 3541 atque
699 3472 753 3525 in
805 3471 1162 3525 subsistentia
1217 3469 1374 3540 ejus,
1425 3485 1712 3540 exmquare
1775 3467 1935 3526 alicui
1989 3471 2072 3528 vel

493 3563 804 3627 hominum,
840 3563 926 3617 vel
961 3561 1191 3616 aliorum
1221 3563 1579 3616 animantium
1611 3563 1894 3634 generanti
1928 3580 1944 3630 ;
1978 3566 2072 3620 sed

491 3669 714 3710 necesse
745 3665 828 3710 est
855 3651 1145 3723 exceptum
1189 3655 1392 3725 aliquid
1431 3671 1554 3711 esse
1586 3665 1640 3711 et
1667 3657 1778 3710 Deo
1823 3656 2067 3726 dignum,

500 3747 657 3816 cujus
683 3743 826 3802 nulla
858 3763 1080 3817 prorsus
1106 3749 1444 3816 comparatio
1473 3765 1575 3804 non
1602 3749 1655 3802 in
1681 3749 1840 3803 rebus
1871 3747 2067 3812 solum,

488 3836 582 3892 sed
618 3855 685 3893 ne
731 3840 799 3895 in-
833 3840 1166 3910 cogitatione
1217 3842 1433 3910 quidem
1485 3840 1567 3895 vel
1621 3855 1782 3895 sensu
1834 3837 2065 3894 inveniri

488 3941 690 4001 potest,
735 3942 793 3987 ut
837 3933 1070 3987 humana
1129 3932 1384 4001 cogitatio
1438 3933 1610 4002 possit
1658 3932 2067 4001 apprehendere

486 4022 757 4092 Quomodo
811 4023 1090 4093 ingenitus
1141 4025 1283 4079 Deus
1322 4023 1484 4080 Pater
1516 4022 1744 4080 eﬂicitur
1797 4025 2064 4094 unigeniti

487 4108 630 4172 Filii.
663 4115 759 4171 Est
793 4130 1028 4187 namque
1061 4119 1131 4172 ita
1165 4128 1365 4172 aeterna
1391 4127 1445 4171 et
1479 4118 1814 4188 sempiterna
1839 4129 2067 4186 genera-

493 4213 586 4271 tio.
623 4207 740 4280 (i3)
773 4210 918 4264 sicut
966 4209 1224 4281 splendor
1272 4221 1565 4280 generatur
1626 4219 1694 4265 ex
1759 4209 1895 4264 luce.
1948 4207 2066 4263 Non

563 4348 608 4382 ε’
637 4349 657 4403 1
685 4349 812 4407 Cor.
839 4367 879 4416 I,
920 4349 1007 4405 24.
1089 4349 1132 4380 ³⁸
1163 4349 1178 4404 I
1217 4348 1370 4404 Joan.
1399 4366 1439 4416 ι,
1470 4349 1525 4405 5.
1627 4350 1670 4381 ³⁹
1705 4349 1874 4406 Ilebr.
1915 4365 1953 4416 ι,
1987 4348 2042 4404 5.

2176 1870 2289 1940 ipsa
2315 1875 2398 1921 est
2428 1865 2686 1934 splendor
2705 1870 2922 1916 aeterna:

2172 1960 2343 2033 lucis)
2401 1955 2838 2028 inseparabiliter
2867 1963 2924 2009 et

2173 2054 2544 2108 indesinenter
2632 2057 2923 2119 generatur

2172 2163 2239 2203 ex
2298 2145 2480 2201 Patre.
2543 2143 2637 2198 Sic
2684 2142 2829 2197 enim
2873 2151 2926 2197 et

2173 2241 2286 2308 ipsa
2316 2240 2381 2294 de
2420 2253 2480 2294 se
2522 2234 2799 2306 Sapientia
2828 2249 2923 2304 per

2173 2335 2518 2390 Salomonem
2567 2332 2700 2387 dicit
2735 2344 2750 2384 :
2791 2330 2923 2383 tinte

2170 2445 2345 2483 omnes
2445 2424 2604 2480 colles
2709 2430 2923 2493 generat

2170 2539 2251 2576 me
2285 2521 2350 2575 “.
2384 2519 2498 2574 Non
2540 2520 2686 2574 enim
2737 2517 2874 2571 dixit
2907 2533 2920 2569 :

2170 2617 2304 2670 Ante
2346 2631 2522 2668 omnes
2551 2611 2711 2666 colles
2743 2610 2928 2680 genuit

3080 738 3192 809 (14)
3262 737 3489 808 Ἴδωμεν
3560 737 3618 790 δὲ
3677 737 3762 802 τίς

3005 830 3164 900 ἡμῶν
3235 832 3383 883 ἐστιν
3447 831 3476 882 ὁ
3545 831 3757 901 Σωτήρ.

3019 923 3401 992 Ἀπαύτασμα
3445 922 3647 989 δόξης.
3689 923 3762 975 Τὸ

3018 1017 3401 1084 Ἄπαύγασμα
3426 1013 3538 1082 τῆς
3576 1014 3762 1080 δόξης

3001 1110 3122 1180 οὐχὶ
3192 1109 3336 1176 ἅπαξ
3415 1111 3758 1180 γεγέννηται,

3003 1205 3098 1256 καὶ
3133 1204 3253 1274 οὐχὶ
3289 1206 3582 1272 γεννᾶται·
3626 1203 3762 1256 ἀλλὰ

3004 1297 3126 1350 ὅσον
3155 1299 3272 1350 ἐστὶ
3304 1296 3364 1349 τὸ
3394 1296 3510 1366 φῶς
3548 1313 3759 1366 ποιητι-

3003 1388 3097 1442 κδν
3145 1389 3240 1442 τοῦ
3304 1389 3757 1460 ἀπαυγάσματος,

3003 1484 3097 1537 ἐπὶ
3124 1482 3378 1536 τοσοῦτον
3421 1485 3673 1552 γεννᾶται
3700 1482 3761 1535 τὸ

3002 1575 3343 1646 ἀπαύγασμα
3362 1575 3460 1646 τῆς
3480 1575 3637 1644 δόξης
3663 1573 3760 1627 τοῦ

3002 1665 3157 1719 Θεοῦ.
3201 1667 3258 1719 Ὀ
3281 1667 3469 1737 Σωτὴρ
3492 1667 3646 1736 ἡμῶν
3673 1667 3760 1720 Σο-

3001 1761 3098 1829 φία
3131 1760 3246 1813 ἐστὶ
3273 1760 3367 1813 τοῦ
3397 1760 3552 1813 Θεοῦ.
3603 1762 3759 1814 Ἔστι

2997 1854 3053 1908 δὲ
3106 1855 3140 1925 ὴ
3198 1854 3366 1921 Σοφία
3417 1854 3758 1926 ἀπαύγασμα

2996 1945 3169 2015 φωτὸς
3187 1945 3376 1998 ἀϊδίου.
3401 1947 3462 1998 Εἰ
3490 1942 3582 2000 οὖν
3597 1949 3625 1999 ὁ
3645 1947 3757 1998 ἓν·

2993 2043 3098 2113 τὴρ
3128 2042 3214 2094 ἀεὶ
3249 2045 3522 2110 γεννᾶται,
3549 2042 3643 2094 καὶ
3671 2043 3758 2096 διὰ

2998 2133 3158 2186 τοῦτο
3177 2129 3326 2202 λέγει
3342 2149 3354 2162 °
3384 2133 3501 2202 Πρὸ
3526 2133 3595 2186 δὲ
3619 2134 3755 2189 πάν.

2996 2247 3114 2282 των
3147 2229 3395 2294 ,Βουνῶν
3442 2228 3626 2299 γεννᾷ
3660 2249 3756 2301 με’

2994 2323 3116 2396 οὐχὶ
3147 2321 3222 2378 δέ·
3258 2324 3376 2394 Πρό
3411 2325 3468 2378 δὲ
3517 2325 3760 2379 πάντων

2990 2417 3238 2484 ﬂow-(Br
3283 2416 3604 2487 γεγέννηκέ
3661 2435 3757 2487 με.

3003 2509 3161 2575 ἀλλὰ,
3193 2509 3307 2577 πρὸ
3340 2507 3582 2561 πάντων
3609 2509 3759 2572 ,βου-

2995 2600 3120 2655 νῶν
3161 2598 3347 2669 γεννᾷ
3393 2617 3484 2666 με,
3528 2600 3621 2654 καὶ
3670 2596 3758 2651 ἀεὶ

2172 2725 2277 2776 me,
2321 2709 2438 2768 sed,
2486 2716 2698 2777 generat
2737 2721 2836 2758 me.
2869 2703 2924 2757 In
2998 2698 3255 2767 γεννᾶται
3320 2697 3350 2748 ὁ
3400 2694 3592 2766 Σωτὴρ
3653 2693 3758 2748 ὑπὸ

2170 2817 2277 2871 quo
2312 2799 2676 2870 signiﬁcantia
2731 2795 2930 2852 semoi-
2999 2791 3092 2845 τοῦ
3125 2787 3360 2859 Πατρός,
3390 2796 3494 2842 etc.

2171 2891 2448 2948 ternitatis
2469 2899 2572 2945 est.
2621 2908 2640 2940 ι

2734 2995 2990 3052 1Ντειιριι.
3023 3012 3184 3052 nova.

2253 3093 2539 3147 Videamus
2570 3101 2746 3144 autem
2787 3091 2905 3158 quis
2944 3091 3012 3143 sit
3063 3089 3311 3144 Salvator
3343 3097 3536 3142 noster.
3567 3084 3756 3152 Splen-

2098 3159 2143 3218 C
2177 3164 2276 3218 dor
2306 3173 2379 3217 est
2419 3163 2623 3232 glort'tc.
2651 3160 2918 3232 Splendor
2947 3161 3133 3229 gloria:
3172 3176 3273 3212 non
3303 3159 3465 3232 semel
3499 3159 3754 3232 nascitur,

2179 3244 2227 3288 et
2267 3229 2504 3300 deinceps
2551 3232 2695 3285 nasci
2730 3231 2920 3282 desinit
2952 3248 2970 3283 :
3003 3233 3093 3283 sed
3131 3231 3370 3292 quandiu
3413 3229 3621 3300 exsistit
3663 3229 3756 3300 lux

2181 3305 2399 3375 efﬁciens
2429 3301 2744 3375 splendoris,
2785 3302 2971 3352 tandin
3001 3301 3245 3375 gignitur
3297 3300 3543 3375 splendor
3571 3299 3756 3375 gloria:

2179 3368 2298 3427 Dei.
2343 3373 2588 3427 Salvator
2647 3379 2824 3424 noster
2862 3377 2939 3424 est
2993 3368 3263 3438 Sapientia
3313 3368 3426 3421 Dei.
3483 3368 3757 3438 sapientia

2182 3461 2300 3498 vero
2341 3443 2586 3507 splendor
2643 3453 2716 3495 est
2763 3439 2894 3494 lucis
2947 3437 3177 3494 teternw.
3238 3437 3296 3492 Si
3338 3455 3458 3507 ergo
3517 3437 3758 3494 Salvator

2180 3530 2383 3582 semper
2427 3513 2681 3582 gignitur,
2731 3520 2778 3566 et
2821 3522 3026 3578 promer
3060 3511 3156 3563 hoc
3199 3511 3371 3582 dicit:
3401 3511 3538 3562 Ante
3565 3521 3756 3582 omnes

2176 3579 2344 3638 colles
2397 3579 2619 3652 generat
2658 3596 2745 3635 me
2774 3597 2802 3652 :7
2837 3597 2939 3633 non
2972 3597 3138 3652 vero:
3195 3581 3335 3652 Ante
3387 3594 3578 3632 omnes
3635 3579 3756 3632 col-

2180 3654 2258 3710 les
2285 3645 2460 3722 genuit
2499 3669 2602 3714 me,
2627 3653 2740 3722 sed,
2779 3651 2920 3703 Ante
2949 3645 3334 3722 om'nes_colles
3368 3659 3594 3718 generat
3633 3664 3753 3714 me;

2177 3735 2225 3779 et
2247 3719 2514 3792 si'sentper
2535 3738 2599 3776 ea:
2633 3721 2792 3776 Patre
2822 3732 3102 3792 generatur
3132 3719 3400 3785 Salvator,
3435 3729 3542 3774 etc.

2781 3827 3010 3889 CAPUT
3067 3834 3156 3888 IV.

2686 3925 2760 3981 De
2803 3925 3005 3994 Spiritu
3044 3937 3248 3982 sancto.

2246 4021 2537 4077 Onice‘ues.
2566 4017 2680 4089 (15)
2731 4037 2748 4068 ι
2791 4017 3028 4087 Tempus
3074 4028 3155 4073 est
3209 4032 3354 4072 nunc
3405 4031 3504 4087 pro
3549 4016 3755 4070 viribus

2174 4114 2240 4172 de
2264 4114 2467 4185 Spiritu
2499 4123 2688 4168 sancto
2711 4108 2823 4181 (l6)
2862 4125 3029 4179 pauca
3069 4109 3402 4173 describere,
3437 4124 3600 4179 quem
3642 4108 3751 4162 Do-

2175 4208 2354 4262 minus
2399 4214 2455 4261 et
2498 4203 2755 4259 Salvator
2808 4213 2991 4257 noster
3025 4202 3078 4256 in
3119 4202 3409 4272 Evangelio
3454 4201 3750 4256 secundum

2130 4347 2174 4380 ⁶⁰
2202 4346 2331 4416 Sap.
2362 4343 2576 4411 “1,26.
2653 4343 2696 4375 δ’
2726 4311 2891 4397 Prov.
2918 4357 3034 4406 vni,
3062 4340 3154 4395 25.

565 4467 639 4542 (6)
675 4469 769 4524 Sic
787 4485 975 4526 omnes
1010 4486 1143 4526 mss.
1179 4467 1322 4525 Editi
1362 4484 1518 4535 vero,
1545 4479 1598 4526 et
1633 4470 1756 4526 libri
1804 4469 1876 4525 De
1917 4471 2066 4539 prin-
2098 4475 2143 4529 D
2171 4468 2314 4542 Editi
2353 4482 2504 4542 vero,
2537 4464 2939 4542 generationem_
2977 4460 3114 4514 Filii
3163 4461 3246 4542 sui
3287 4461 3565 4542 nnigeniti,
3598 4470 3754 4528 atque

483 4542 659 4612 cipiis,
683 4542 1142 4612 interroggrbimus.

562 4612 640 4682 (7)
673 4613 844 4672 Alias,
890 4609 981 4664 Vel
1031 4611 1232 4674 decuit,
1269 4611 1346 4667 vel
1388 4627 1550 4665 causa
1607 4611 1795 4682 aliqua,
1817 4611 2066 4665 exsistere

489 4680 682 4748 putuit,
712 4691 768 4754 ut
801 4696 903 4734 non
945 4681 1134 4734 bonum
1173 4682 1269 4754 Itoc
1306 4683 1445 4754 quod
1492 4681 1690 4735 volebat
1864 4691 1920 4734 ut
1967 4699 2067 4736 non

490 4756 588 4805 hoc
616 4753 755 4822 quod
806 4755 995 4822 bonum
1028 4763 1074 4804 et
1119 4752 1352 4822 volebat;
1391 4752 1460 4804 al.
1513 4763 1567 4803 ut
1611 4751 1747 4806 non'
1773 4751 1869 4806 hoc
1924 4754 2065 4820 quod

490 4821 680 4876 bonum
711 4832 785 4876 est
817 4833 864 4874 et
891 4821 1091 4874 volebat
1112 4839 1131 4885 ;
1167 4821 1238 4875 al.
1276 4834 1331 4875 ut
1380 4838 1481 4874 non
1516 4823 1652 4890 quod
1692 4824 1886 4876 bonum
1926 4835 2070 4889 pate-

488 4903 569 4945 rat
605 4903 651 4946 et
695 4890 922 4962 volebat]
959 4907 1159 4959 semper
1202 4892 1462 4946 habuerit.
1520 4895 1624 4946 Sed
1679 4893 1879 4948 rectius
1932 4907 2062 4948 mss.

487 4963 692 5028 aliquot
716 4978 774 5016 ut
807 4963 859 5016 in
893 4972 1059 5015 textu.

556 5033 634 5160 (8)
666 5034 869 5117 Exilii.
896 5047 911 5085 ι
943 5032 1015 5085 De
1043 5032 1336 5115 principiis,
1373 5051 1491 5104 cap.
1526 5034 1583 5115 2,
1619 5049 1767 5088 num.
1801 5033 1886 5089 Il.

582 5105 634 5160 9)
667 5105 830 5160 Edttt.
873 5113 927 5157 et
957 5119 1086 5157 mss.
1123 5106 1282 5160 huius
1313 5106 1605 5160 Anoloaue.
1640 5120 1742 5158 non
1783 5105 1886 5158 sola

582 5105 634 5176 9)
667 5105 830 5165 Editi,
873 5113 931 5176 et
957 5119 1086 5157 mss.
1123 5106 1282 5171 hujus
1313 5106 1605 5176 Apologim,
1640 5120 1742 5158 non
1783 5105 1951 5176 solum
1985 5121 2066 5158 se-

486 5174 719 5228 cundum
752 5177 890 5237 quod
914 5174 1007 5226 tua:
1028 5183 1126 5238 est,
1157 5176 1231 5228 ita
1268 5187 1323 5229 ut
1365 5174 1673 5230 teter—uitatis
1715 5175 1964 5242 splendor
1999 5178 2064 5227 sit

487 5243 750 5314 sapientia
786 5261 905 5311 sua,
933 5246 1150 5299 omissis
1184 5245 1398 5300 caeteris
1435 5262 1555 5316 quae
1606 5249 1897 5316 restituunt
1942 5246 2062 5298 libri

491 5316 855 5438 Delprincipiis
885 5324 993 5368 tam
1017 5316 1145 5371 editi
1168 5330 1328 5385 quam
1349 5315 1481 5372 mss.
1506 5325 1562 5370 et
1587 5332 1705 5385 quae
1736 5315 2063 5382 restituenda

491 5395 562 5438 Vlt
581 5395 756 5438 o-ntnr.

489 5395 756 5439 Vitlt'lllttt'.

561 5456 673 5523 (lO)
717 5453 807 5509 Sic
833 5463 980 5509 recte
1020 5471 1150 5510 mss.
1183 5456 1444 5525 plerique,
1489 5466 1543 5511 et
1591 5456 1712 5510 libri
1753 5456 1825 5510 De
1869 5456 2065 5524 princi-

486 5527 588 5591 piis
621 5537 727 5579 tam
755 5525 882 5579 editi
924 5542 1083 5594 quam
1112 5543 1240 5581 mss.
1275 5527 1417 5582 Editi
1451 5544 1576 5583 vero
1603 5537 1657 5581 et
1687 5543 1818 5583 mss.
1848 5530 2063 5596 quidam

490 5596 649 5664 hujus
678 5596 944 5665 Apologia:
965 5636 978 5657 .
1004 5599 1321 5651 substantia.

559 5668 672 5736 (tl)
712 5665 786 5718 Ex
831 5667 920 5720 lib.
952 5669 1070 5738 [De
1099 5669 1398 5735 principiis,
1430 5683 1547 5738 cap.
1570 5667 1626 5728 ‘2,
1670 5683 1818 5720 num.
1850 5667 1905 5720 4.

560 5738 673 5806 (IS!)
702 5739 775 5790 Ita
807 5738 926 5790 libri
965 5736 1037 5789 De
1073 5739 1296 5804 princip.
1355 5738 1430 5792 Ita
1483 5736 1644 5792 etiam
1702 5754 1892 5791 omnes
1935 5751 2060 5789 mss.

492 5810 682 5871 nostri,
716 5807 820 5864 nisi
852 5808 992 5874 quod
1022 5807 1271 5871 habeant,
1317 5821 1468 5878 atque
1500 5812 1551 5862 in
1597 5810 1895 5863 substantia
1929 5810 2062 5876 ejus.

2172 4540 2473 4593 substantia
2500 4532 2710 4606 ejus....
2753 4533 2831 4587 vel
2865 4532 3096 4586 aliorum
3132 4533 3486 4585 animantium
3529 4547 3751 4601 genera-

2173 4621 2324 4662 ttom.

2245 4677 2355 4750 (15)
2377 4674 2918 4750 νίάιιΟῂὶειειιὶαιιοιςἒ
2951 4672 3045 4727 lib.
3073 4671 3449 4750 tt,_qna;st._2,
3469 4686 3631 4750 num.
3648 4670 3750 4750 Si,

2173 4739 2264 4803 ubi
2295 4739 2425 4803 solis
2455 4739 2754 4813 solarisque
2786 4743 2919 4797 radii
2947 4739 3198 4811 exemplar
3223 4745 3288 4795 ad
3341 4739 3751 4811 signiﬁcandam

2176 4831 2436 4874 aeternam
2462 4815 2624 4871 Verbi
2650 4815 3056 4885 generationem
3082 4814 3468 4885 discutiuntur.

2245 4890 2356 4961 (14)
2389 4890 2470 4942 Ex
2499 4881 2684 4961 ho_mil.
2717 4885 2844 4961 9_in
2883 4881 3284 4961 Jerern.,_num.
3328 4883 3481 4961 &._—
3514 4881 3754 4961 ’ξζδῳμεῖν

2172 4952 2388 5023 δὲ’τίζι,
2421 4969 2524 5013 etc.
2550 4956 2738 5011 Graeca
2771 4956 2885 5007 haec
2925 4954 3246 5007 adducimus
3291 4969 3355 5006 ex
3393 4952 3611 5006 homilia
3638 4956 3671 5007 9
3700 4955 3754 5004 in

2172 5030 2480 5085 Jeremiam.
2519 5043 2666 5080 num.
2702 5027 2757 5087 4,
2789 5024 2889 5078 sub
2925 5023 3109 5085 linem,
3140 5025 3284 5077 unde
3331 5032 3620 5075 contextus
3665 5023 3754 5076 ille

2172 5102 2531 5168 depromitur,
2563 5112 2666 5150 non
2692 5111 2818 5149 vero
2839 5109 2906 5147 ex
2954 5093 3092 5168 libro
3122 5097 3296 5161 primo
3331 5093 3412 5168 De.
3449 5094 3750 5168 principiis,

2174 5161 2426 5237 ut'prima
2467 5169 2646 5237 I'ronte
2678 5168 2901 5219 innuere
2931 5165 3183 5218 videntur
3209 5163 3563 5237 praecedentia
3594 5161 3753 5237 Pani-

2173 5231 2304 5310 phili
2339 5244 2523 5293 verba.
2569 5236 2624 5290 In
2663 5239 2812 5310 hunc
2853 5245 3172 5310 contextum
3210 5231 3420 5310 ’v‘itlesis
3463 5231 3751 5310 grigenia-

2174 5301 2290 5363 itur.
2323 5310 2415 5363 lib.
2457 5317 2734 5375 It,qna:st.
2783 5305 2839 5366 2,
2889 5320 3035 5358 num.
3084 5304 3174 5358 2-1.
3224 5303 3407 5366 Editi,
3463 5301 3750 5375 Videamus

2173 5396 2296 5447 ergo
2339 5381 2467 5448 quid
2504 5373 2674 5430 sit....
2722 5376 3211 5448 Splendoridi‘citur
3248 5376 3407 5426 etiam
3443 5373 3643 5441 gloriae,
3695 5373 3750 5448 id

2171 5445 2270 5515 est,
2308 5445 2559 5515 splendor
2585 5448 2796 5500 luminis
2821 5447 3025 5498 wterni.
3059 5445 3163 5498 Sed
3204 5459 3397 5515 omnes
3438 5457 3567 5515 mss.
3603 5453 3659 5493 ut
3695 5445 3747 5494 in

2175 5510 2345 5582 textu,
2404 5529 2598 5586 printer
2643 5517 3024 5570 Cnt‘beiensetn
3061 5515 3153 5584 qui
3215 5514 3413 5577 habet,
3464 5510 3749 5565 Videamus

2171 5608 2291 5661 ergo
2319 5593 2406 5659 qui
2431 5591 2521 5653 sit,
2540 5598 2651 5661 etc.

2245 5653 2357 5729 (l5)
2393 5661 2467 5714 Ex
2500 5659 2592 5712 lib.
2631 5674 2665 5711 ιι
2704 5656 2778 5729 De
2823 5656 3069 5729 princip,
3094 5670 3220 5729 cap.
3245 5655 3300 5720 7,
3339 5653 3566 5729 nnm.__I.

2247 5724 2359 5801 (l6)
2388 5731 2550 5794 Editi,
2579 5741 2631 5783 et
2655 5728 2786 5801 libri
2822 5726 2896 5778 De
2932 5726 3230 5801 principiis,
3271 5741 3437 5793 pauca
3467 5724 3745 5777 disserere.

2177 5796 2301 5859 Mss.
2343 5796 2469 5856 vero
2497 5800 2666 5857 nostri
2692 5838 2705 5864 ,
2736 5813 2907 5867 pauca
2932 5796 3241 5851 describere.
