4162 6384
498 287 600 342 5ϋῖ

1715 292 1772 347 S.
1816 291 2142 348 PAMPHILI
2185 292 2375 347 MART
2387 293 2540 349 YlllS

3652 297 3756 353 568

497 405 762 474 baptisma
798 423 902 462 non
954 409 1110 464 aliter
1148 409 1252 465 nisi
1308 411 1780 468 excellentissima:
1828 416 2070 470 omnium
2103 422 2148 478 Α
2179 415 2258 468 vel
2291 415 2434 480 Filii,
2463 415 2659 471 salvari
2693 417 2811 472 sine
2839 415 3042 488 Spiritu
3074 427 3286 472 sancto.
3315 418 3388 472 De
3418 419 3614 490 quibus
3637 423 3750 476 dis-

499 498 786 554 'l‘rinitatis
811 502 1152 569 auctoritate,
1203 503 1255 556 id
1287 513 1371 558 est
1402 503 1600 570 Patris,
1630 515 1684 559 et
1713 505 1856 569 Filii,
1878 516 1932 561 et
1957 508 2077 576 Spi-

501 592 639 644 ritus
677 593 850 646 sancti
899 593 1377 662 cognominatione
1413 596 1776 665 compleatur,
1807 609 1861 652 et
1889 598 2074 652 innato

501 679 610 733 Deo
648 681 818 747 Patri,
851 692 905 737 et
936 685 1220 754 unigenito
1259 687 1376 756 ejus
1420 687 1582 753 Filio,
1615 704 1810 744 nomen
1855 705 2074 759 quoque

499 769 738 836 Spiritus
765 776 938 829 sancti
981 778 1284 846 copuletur.
1324 780 1457 846 Quis
1494 795 1626 851 ergo
1674 794 1776 837 una
1806 786 2068 855 obstupe-

497 872 613 917 scat
643 873 845 934 quanta
893 866 1146 934 majestas
1177 871 1250 924 sit
1283 869 1520 940 Spiritus
1559 875 1755 940 sancti,
1794 889 1917 929 cum
1947 891 2070 930 eum

495 956 585 1023 qui
617 956 816 1012 dixerit
849 959 1071 1013 verbum
1124 961 1175 1014 in
1240 961 1436 1018 Filium
1474 965 1708 1020 hominis
1735 968 1920 1022 audiat
1951 983 2072 1036 spe-

497 1063 620 1103 rare
653 1051 868 1104 veniam
896 1067 1052 1121 posse
1083 1069 1244 1118 ;eum
1271 1070 1397 1110 vero
1424 1057 1517 1126 qui
1553 1057 1605 1112 in
1640 1057 1903 1128 Spiritum
1936 1073 2068 1113 san-

493 1148 640 1194 ctum
697 1139 1178 1212 blaspbetnaverit,
1214 1148 1427 1202 veniam
1482 1163 1590 1203 non
1643 1150 1844 1207 habere
1896 1166 2069 1224 neque

495 1231 546 1284 in
588 1234 841 1301 praesenti
875 1236 1097 1300 sarculo,
1127 1253 1303 1308 neque
1332 1240 1384 1293 in
1416 1239 1600 1295 futuro
1615 1242 1658 1273 "
1683 1242 1744 1294 ?s

560 1322 890 1381 l’supmws.
921 1327 988 1382 Et
1023 1339 1143 1398 post
1182 1346 1352 1400 pauca
1382 1331 1580 1401 adjecit
1623 1351 1637 1387 :

560 1415 846 1470 Οιιιοειιεε.
887 1435 906 1468 ι
933 1417 1316 1475 Verumtamen
1354 1437 1524 1491 usque
1557 1426 1624 1477 ad
1662 1437 1902 1494 pra‘sens
1945 1424 2066 1479 nul-

491 1507 599 1560 lutn
627 1523 938 1564 sermonem
970 1513 1022 1564 in
1058 1512 1356 1584 Seripturis
1378 1517 1584 1571 sanctis
1611 1516 1853 1572 invenire
1886 1518 2066 1588 potui-

489 1617 632 1667 mus,
673 1618 768 1673 per
800 1620 960 1674 quem
998 1603 1232 1672 Spiritus
1288 1615 1509 1663 sanctus
1547 1605 1761 1664 iactura
1815 1622 1936 1664 esse
1979 1609 2064 1665 vel

487 1707 737 1751 creatura
770 1700 1061 1754 diceretur.
1089 1717 1106 1752 ι

2180 507 2470 571 cutientes,
2507 509 2624 562 sine
2671 509 2832 563 dubio
2890 510 3256 563 necessarium
3295 511 3400 566 erit
3450 521 3505 564 ut
3551 527 3745 579 opera-

2180 599 2380 651 tionem
2408 595 2697 666 specialem
2736 596 2973 665 Spiritus
2999 596 3192 660 sancti,
3231 596 3520 664 specialem
3550 596 3750 664 Patris,

2176 689 2259 744 vel
2289 687 2436 752 Filii,
2469 687 2864 742 describamus.
2896 687 3147 742 Arbitror
3182 687 3350 758 igitur
3383 687 3749 759 operationem

2246 842 2357 912 (‘27)
2392 842 2514 896 ’Ὁτι
2567 840 2594 893 ὁ
2644 840 2742 911 μὲν
2795 840 2926 904 Θεὸς
3000 841 3219 910 quidem
3274 857 3394 897 esse
3443 842 3643 912 Patris,
3695 855 3752 900 et

2174 939 2267 991 καὶ
2325 938 2512 1007 Πατὴρ
2563 937 2799 1006 συνέχων
2855 935 2924 988 τὰ
2998 933 3155 998 Filii,
3221 943 3329 989 tam
3415 934 3468 990 in
3544 937 3750 992 sanctis

2173 1029 2351 1082 πάντα
2411 1027 2600 1097 φθάνει
2653 1029 2734 1092 εἰς
2802 1027 2924 1081 ἕκα-

2174 1136 2298 1173 στον
2337 1119 2444 1172 τῶν
2497 1118 2665 1171 ὄντων
2719 1118 2926 1189 μεταδι-

2167 1212 2291 1276 δοὺς
2319 1213 2531 1283 ἑκάστῳ
2546 1211 2653 1265 ἀπὸ
2675 1211 2769 1265 τοῦ
2795 1212 2923 1265 ἰδίου

2166 1305 2228 1358 τὸ
2262 1301 2432 1358 εἶναι’
2477 1304 2552 1357 ὣν
2601 1304 2708 1376 γάρ
2740 1306 2916 1357 ἐστιν’

2166 1399 2403 1455 ἐλάττων
2431 1400 2488 1454 δὲ
2519 1400 2654 1471 πρὸς
2689 1399 2779 1452 τὸν
2811 1399 2922 1453 Πα-

2165 1495 2298 1567 τέρα
2339 1496 2368 1548 ὁ
2403 1494 2530 1557 Υἱὸς
2565 1493 2780 1562 φθάνων
2830 1493 2922 1546 ἐπὶ

2169 1591 2306 1660 μόνα
2333 1591 2402 1643 τὰ
2429 1589 2648 1656 λογικὰ-
2674 1587 2922 1660 δεύτερος

2163 1684 2272 1753 γάρ
2304 1683 2418 1734 ἐστι
2439 1681 2533 1736 τοῦ
2570 1680 2782 1752 Πατρός
2803 1697 2816 1710 ο
2837 1680 2919 1734 ἔτι

554 1787 883 1846 ΡΑιιριιιιιιε.
935 1791 998 1845 Et
1029 1793 1250 1847 insertis
1303 1794 1679 1863 compluribus
1728 1795 2047 1854 testimoniis

2164 1774 2219 1828 δὲ
2276 1770 2436 1848 ἧττον
2477 1775 2537 1828 τὸ
2601 1774 2824 1845 Πνεῦμα
2859 1773 2920 1827 τὸ

485 1877 552 1932 de
579 1879 780 1934 virtute
807 1881 1044 1951 Spiritus
1069 1884 1269 1950 sancti,
1297 1895 1417 1953 post
1438 1885 1716 1956 aliquanta
1744 1888 1912 1943 etiam
1944 1889 2059 1946 hinc

484 1969 679 2038 adjecit
706 1991 719 2026 :

554 2063 844 2120 Omnem-:5.
881 2085 899 2118 ι
927 2066 984 2122 Si
1017 2069 1293 2125 revelante
1331 2069 1471 2126 Filio
1511 2074 1792 2142 cognoscit
1840 2075 2056 2132 Patrem

481 2155 720 2225 Spiritus
765 2168 1006 2222 sanctus,
1035 2175 1164 2231 ergo
1202 2175 1270 2216 ex
1307 2162 1611 2232 ignorantia
1663 2165 1731 2219 ad
1762 2167 2048 2221 scientiam

481 2249 632 2302 venit
665 2267 679 2303 :
708 2251 850 2318 quod
884 2251 1067 2318 utique
1116 2260 1172 2306 et
1202 2252 1426 2322 impium
1481 2254 1687 2322 pariter
1719 2265 1775 2311 et
1822 2258 2046 2312 stultum

476 2349 581 2403 est,
617 2340 879 2409 Spiritum
927 2353 1175 2396 sanctum
1207 2344 1474 2410 conﬁteri,
1503 2352 1557 2400 et
1593 2346 1951 2416 ignorantiam
1997 2352 2046 2408 ei

475 2431 771 2486 ascribere.
809 2431 924 2487 Non
981 2433 1125 2486 enim
1162 2449 1284 2488 cum
1333 2435 1477 2490 aliud
1527 2437 1733 2506 aliquid
1763 2451 1910 2496 esset
1947 2457 2052 2498 an-

479 2533 564 2575 tea
591 2537 752 2590 quam
794 2521 1031 2591 Spiritus
1067 2534 1310 2587 sanctus,
1346 2541 1444 2595 per
1484 2526 1785 2596 profectum
1815 2531 1960 2586 venit
1991 2533 2046 2586 in

479 2614 582 2668 hoc
611 2623 668 2666 ut
700 2623 846 2668 esset
875 2612 1113 2684 Spiritus
1139 2626 1359 2673 sanctus
1385 2634 1396 2669 ε
1431 2629 1488 2672 ιιι
1516 2620 1640 2688 quis
1671 2621 1869 2676 audeat
1899 2624 2051 2679 dice-

479 2720 556 2769 re,
587 2707 714 2776 quia
767 2718 895 2761 tunc
927 2707 1147 2776 quidem
1195 2723 1318 2762 cum
1370 2711 1609 2766 nondum
1637 2721 1784 2768 esset
1815 2714 2053 2785 Spiritus

476 2810 725 2864 sanctus,
751 2799 1034 2869 ignorabat
1080 2800 1300 2856 Patrem
1332 2819 1346 2854 :
1376 2813 1562 2872 postea
1595 2820 1725 2862 vero
1755 2822 1917 2875 quam
1964 2824 2050 2864 re-

475 2892 616 2960 cepit
649 2892 959 2956 scientiam,
983 2893 1150 2947 etiam
1181 2893 1420 2963 Spiritus
1451 2908 1673 2952 sanctus
1693 2897 1918 2954 ell‘ectus
1942 2913 2047 2956 est.

473 2983 627 3049 Quod
645 2983 690 3037 si
721 2995 884 3051 esset,
917 3000 1188 3054 nunquam
1217 2986 1402 3055 utique
1427 2986 1478 3040 in
1510 2988 1715 3045 unitate
1741 2989 2042 3060 Trinitatis,

475 3072 530 3127 id
587 3083 693 3140 est,
748 3074 840 3128 Dei
897 3073 1075 3131 Patris
1125 3076 1576 3142 inconvertibilis,
1611 3089 1667 3134 et
1724 3079 1846 3135 Filii
1903 3081 2044 3150 ejus,

472 3165 637 3218 etiam
675 3165 789 3235 ipse
818 3167 1055 3237 Spiritus
1100 3179 1324 3224 sanctus
1360 3169 1678 3237 haberetur,
1704 3173 1807 3227 nisi
1838 3175 1967 3244 quia
1997 3185 2053 3230 et

472 3255 586 3324 ipse
612 3269 827 3322 semper
853 3267 971 3311 erat
999 3257 1237 3325 Spiritus
1269 3267 1514 3313 sanctus.
1550 3275 1569 3310 ι

545 3348 877 3404 ΡΑιιριιιιιτε.
906 3349 970 3402 Ει
1001 3361 1120 3418 post
1153 3365 1322 3419 pauca
1347 3351 1545 3418 adjecit
1576 3369 1591 3405 :

541 3437 828 3494 Ontcescs.
865 3460 882 3492 ι
915 3441 1138 3495 Rectum
1177 3451 1354 3496 tamen
1387 3443 1601 3496 videtur
1625 3443 1899 3513 inquirere
1920 3447 2048 3515 quid

475 3547 656 3586 causa:
685 3535 756 3586 sit
783 3534 924 3602 quod
955 3534 1045 3602 qui
1081 3544 1428 3604 regeneralur
1459 3550 1557 3602 per
1593 3536 1761 3590 Deum
1803 3538 1857 3592 in
1905 3539 2051 3594 salu-

473 3632 604 3686 tem,
638 3639 772 3692 opus
804 3625 965 3679 habet
996 3634 1050 3678 et
1079 3623 1263 3689 Patre,
1298 3636 1352 3680 et
1385 3624 1543 3690 Filio,
1577 3636 1632 3682 et
1677 3626 1884 3698 Spiritu
1915 3645 2045 3684 san-

474 3724 585 3781 διο,
627 3733 730 3770 non
768 3727 1120 3786 percepturus
1155 3717 1406 3782 salutem,
1443 3718 1544 3772 nisi
1577 3719 1650 3771 sit
1682 3719 1892 3789 integra
1922 3720 2045 3775 Tri-

474 3810 618 3863 nitas
646 3819 659 3862 :
692 3807 803 3879 (26)
833 3823 930 3862 nec
974 3809 1232 3877 possibile
1271 3810 1342 3863 sit
1383 3810 1700 3878 participem
1735 3812 1820 3866 vel
1847 3811 2042 3879 Patris,

540 3905 586 3938 δ’
622 3905 814 3959 Matth.
839 3921 936 3970 λιι,
967 3905 1067 3972 52;
1098 3905 1226 3958 Luc.
1253 3920 1359 3971 xu,
1393 3905 1480 3960 10.
1557 3906 1603 3937 ⁵⁰
1634 3905 1804 3961 Exod.
1841 3922 1921 3974 ιιι,
1956 3911 2043 3966 Η.

540 4001 651 4071 (26)
679 4001 839 4071 Είηιὶ,
880 4018 972 4054 nec
1016 4002 1264 4068 possibile
1303 4010 1376 4054 est
1416 4001 1731 4068 participem
1778 4002 1898 4070 ﬁeri
1933 4002 2042 4058 Pa-

469 4079 562 4127 tris
603 4069 651 4124 et
699 4069 849 4134 Filii,
890 4073 1000 4125 sine
1038 4071 1242 4137 Spiritu
1289 4081 1490 4127 sancto.
1542 4071 1672 4126 Mss.
1710 4073 1910 4138 plures,
1951 4093 2041 4128 nec

467 4142 712 4214 possibile
744 4143 807 4194 sit
835 4157 945 4214 esse
975 4142 1279 4214 participem
1318 4140 1431 4214 (alii
1462 4141 1705 4214 quidam,
1731 4152 1795 4214 e_t_
1815 4146 1933 4197 libri
1967 4145 2040 4200 De

467 4208 688 4281 princip.
719 4211 1026 4278 participem
1075 4213 1215 4277 ﬁeri)
1263 4208 1343 4263 vel
1390 4208 1590 4273 Patris,
1621 4214 1696 4265 vel
1751 4210 1902 4277 Filii,
1929 4217 2042 4269 sine

470 4277 673 4344 Spiritu
702 4277 919 4335 sancto.
939 4282 1044 4335 Sed
1072 4283 1267 4336 rectius
1301 4296 1403 4335 tus.
1432 4281 1631 4350 Regius
1663 4295 1720 4334 ut
1769 4282 1821 4336 in
1855 4298 2041 4341 nostro

469 4359 642 4408 textu.

2161 1867 2314 1936 ἆγιον
2367 1866 2461 1918 ἐπὶ
2543 1866 2738 1936 μόνους
2793 1865 2918 1928 τοὺς

2157 1962 2346 2030 ἁγίους
2369 1962 2755 2032 διικνούμενον·
2776 1961 2916 2016 ὥστε

2159 2053 2299 2108 κατὰ
2323 2054 2482 2108 τοῦτο
2539 2055 2738 2126 μείζων
2767 2057 2800 2126 ἡ
2828 2054 2917 2108 δῦ-

2157 2165 2320 2219 ναμις
2363 2147 2456 2202 τοῦ
2518 2148 2734 2220 Πατρὸς
2767 2148 2918 2221 παρὰ

2157 2237 2248 2290 τὸν
2302 2237 2428 2290 Υίὸν
2457 2237 2553 2290 καὶ
2594 2237 2654 2290 τὸ
2691 2237 2916 2308 Πνεῦμα

2158 2328 2221 2380 τὸ
2252 2329 2406 2396 ἅγιον
2425 2346 2439 2360 ο
2476 2328 2674 2382 πλείων
2690 2328 2744 2381 δὲ
2766 2331 2798 2399 ἡ
2816 2327 2912 2382 τοῦ

2158 2421 2292 2476 Υἱοῦ
2356 2421 2508 2494 παρὰ
2559 2422 2618 2475 τὸ
2684 2422 2910 2491 Πνεῦμα

2155 2512 2217 2567 τὸ
2249 2514 2403 2583 ἆγιον
2423 2531 2436 2543 ⁸
2462 2514 2555 2567 καὶ
2599 2511 2762 2566 πάλιν
2794 2513 2912 2566 δια-

2156 2604 2396 2675 φέρουσα
2431 2602 2627 2674 μᾶλλον
2641 2600 2736 2656 τοῦ
2754 2603 2911 2671 ἁγίου

2156 2699 2474 2768 Πνεύματος
2500 2695 2776 2768 ἡδύναμις
2807 2713 2913 2749 πα⁴

2157 2790 2225 2863 ρὰ
2253 2791 2321 2844 τὰ
2348 2789 2481 2844 ἄλλα
2508 2790 2659 2858 ἅγια.

2995 1041 3158 1094 quam
3219 1027 3271 1081 in
3327 1029 3747 1098 peccatoribus,

2997 1118 3050 1171 in
3112 1118 3521 1174 rationabilibus
3570 1121 3749 1174 homi-

3001 1210 3162 1264 nibus
3201 1218 3255 1264 et
3279 1211 3332 1264 in
3358 1213 3520 1266 mutis
3538 1213 3748 1267 anima-

2995 1303 3167 1371 libus;
3191 1306 3286 1361 scd
3316 1318 3370 1361 et
3413 1306 3465 1361 in
3511 1307 3597 1363 his
3627 1322 3746 1377 quae

2993 1399 3242 1453 exanima
3292 1409 3437 1465 sunt,
3477 1409 3531 1455 et
3554 1402 3604 1454 in
3629 1415 3746 1455 om—

2995 1493 3156 1547 nibus
3183 1493 3406 1547 omnino
3436 1509 3555 1564 quae
3580 1504 3742 1550 sunt:

2996 1586 3377 1654 operationem
3408 1601 3541 1640 vero
3571 1587 3744 1656 Spiri-

2994 1685 3081 1733 tus
3149 1677 3321 1732 sancti
3402 1692 3740 1748 nequaquam

2991 1784 3216 1838 prorsus
3267 1770 3506 1826 incidere
3561 1771 3644 1826 vel
3688 1773 3740 1826 in

2989 1879 3051 1918 ea
3103 1880 3224 1934 qua:
3274 1865 3525 1920 exanima
3587 1875 3739 1932 sunt,

2988 1961 3072 2016 vel
3102 1962 3154 2014 in
3181 1976 3242 2016 ea
3278 1975 3398 2030 qua:
3443 1963 3737 2016 animantia

2989 2053 3229 2122 quidem,
3257 2053 3351 2107 sed
3387 2063 3533 2107 muta
3562 2063 3687 2108 sunt
3719 2067 3737 2106 :

2988 2147 3082 2200 sed
3138 2160 3205 2200 ne
3257 2145 3310 2199 in
3369 2145 3477 2200 illis
3521 2147 3736 2215 quidem

2987 2237 3219 2292 inveniri
3249 2239 3342 2307 qui
3389 2239 3739 2294 rationabiles

2984 2329 3199 2400 quidem
3227 2340 3374 2388 sunt.
3404 2333 3499 2386 sed
3531 2332 3581 2385 in
3618 2349 3735 2386 ma-

2983 2420 3096 2474 litia
3153 2421 3335 2490 positi,
3371 2438 3470 2477 nec
3515 2422 3738 2482 omnino

2983 2514 3049 2567 ad
3086 2513 3312 2568 meliora
3368 2516 3641 2569 conversi.
3677 2514 3734 2570 In

2984 2604 3091 2660 illis
3119 2616 3299 2660 autem
3333 2606 3463 2662 solis
3497 2608 3738 2663 arbitror

2982 2711 3102 2752 esse
3144 2710 3278 2766 opus
3315 2696 3549 2766 Spiritus
3603 2713 3733 2753 san-

2981 2789 3077 2854 cti,
3107 2790 3198 2859 qui
3229 2789 3339 2858 jam
3389 2804 3450 2846 se
3487 2791 3570 2846 -ad
3622 2808 3736 2848 me-

2155 2906 2286 2962 liora
2318 2915 2668 2973 convertunt,
2707 2915 2760 2960 et
2785 2919 2880 2976 per
2910 2904 3026 2961 vias
3053 2905 3256 2964 Christi
3288 2905 3416 2961 Jesu
3455 2907 3730 2974 incedunt,

2152 2999 2205 3054 id
2235 3011 2339 3065 est,
2374 2998 2488 3069 (28)
2519 2999 2605 3068 qui
2642 3009 2770 3052 sunt
2803 2999 2856 3052 in
2905 2998 3061 3053 novis
3119 2999 3336 3054 actibus
3396 2999 3729 3064 incedentes,

2077 3115 2125 3178 ρ
2155 3101 2210 3147 et
2241 3091 2294 3144 in
2339 3091 2448 3146 Deo
2483 3101 2886 3159 permanentes.
2937 3089 3209 3156 Quoniam
3260 3100 3442 3144 autem
3486 3091 3730 3160 operatio

2154 3180 2333 3236 Patris
2369 3189 2425 3236 et
2455 3180 2579 3235 Filii
2616 3190 2700 3235 est
2725 3189 2780 3234 et
2811 3179 2864 3233 in
2895 3179 3125 3243 sanctis,
3159 3189 3215 3234 et
3245 3179 3298 3233 in
3328 3179 3727 3248 peccatoribus,

2153 3272 2542 3326 manifestatur
2573 3285 2638 3326 es
2669 3285 2735 3326 eo
2765 3271 2907 3339 quod
2940 3270 3054 3341 (29)
3085 3286 3278 3326 omnes
3313 3271 3404 3341 qui
3433 3271 3728 3326 rationabi-

2149 3362 2228 3418 les
2256 3373 2404 3428 sunt,
2439 3361 2603 3417 Verbi
2636 3361 2751 3426 Dei,
2781 3361 2833 3414 id
2863 3371 2966 3428 est,
2998 3361 3225 3416 rationis
3257 3362 3546 3431 participes
3575 3369 3721 3427 sunt,

2151 3461 2206 3509 et
2237 3470 2332 3524 per
2368 3457 2469 3509 hoc
2503 3454 2650 3507 velut
2678 3454 2887 3508 semina
2921 3453 3170 3520 quazdam
3199 3452 3358 3506 insita
3386 3453 3492 3506 sibi
3527 3462 3727 3522 gerunt

2151 3545 2432 3615 sapientiae
2464 3553 2519 3598 et
2567 3543 2831 3609 scientiae,
2856 3543 2998 3613 quod
3036 3551 3120 3596 est
3174 3541 3444 3598 Christus.
3477 3543 3590 3615 (50)
3620 3543 3727 3599 Sed

2151 3645 2208 3689 et
2240 3635 2341 3688 hoc
2373 3634 2546 3703 ipsum
2567 3632 2709 3700 quod
2739 3640 2900 3686 estet
2932 3640 3218 3700 permanet
3242 3632 3420 3687 omnis
3451 3641 3726 3700 creatura,

2151 3725 2395 3792 operatio
2433 3735 2518 3776 est
2569 3722 2661 3776 Dei
2716 3721 2892 3776 Patris
2940 3722 3032 3791 qui
3088 3721 3273 3776 dixit:
3316 3721 3428 3792 Ego
3463 3740 3579 3777 sum
3633 3725 3724 3794 qui

2151 3832 2266 3870 sum
2294 3814 2338 3845 '°
2367 3832 2380 3868 :
2409 3829 2529 3883 qua:
2563 3813 2812 3883 pervenit
2861 3828 3025 3882 super
3075 3826 3282 3868 omnes.
3311 3811 3432 3883 lpse
3460 3824 3545 3870 est
3582 3817 3724 3870 enim

2151 4021 2253 4060 nus
2277 4005 2391 4075 ipse
2423 4003 2714 4060 evincitur.
2745 4001 2879 4075 Yide
2908 4001 3279 4075 Origenianor.
3313 4002 3406 4058 lib.
3444 4019 3504 4066 ιι,
3528 4013 3718 4072 quaest.

2148 4077 2204 4138 2,
2239 4073 2386 4130 num.
2416 4075 2485 4128 27
2517 4087 2572 4128 et
2602 4075 2695 4129 ‘28.
2726 4073 2992 4128 Caeterum
3040 4074 3170 4126 editi
3207 4075 3442 4128 habent:
3477 4075 3722 4128 Arbitror

2150 4163 2396 4216 πίθου...
2448 4161 2606 4216 quant
2650 4147 2705 4216 in
2747 4143 3107 4212 peccatoribus
3147 4145 3597 4216 irrationabilibns
3629 4146 3724 4197 lto-

2149 4214 2399 4277 miuibus,
2430 4227 2540 4268 etc.
2573 4214 2677 4268 Sed
2711 4228 2912 4283 omnes
2935 4228 3067 4267 mss.
3125 4222 3230 4266 tam
3259 4214 3416 4280 hujus
3453 4215 3722 4283 Apologia

2151 4301 2311 4355 quam
2346 4286 2608 4339 librorum
2641 4283 2714 4355 De
2745 4279 3042 4355 principiis,
3077 4295 3133 4355 ιιι
3168 4283 3219 4335 in
3253 4279 3439 4355 nostro
3477 4279 3648 4338 textu'.

2223 4354 2336 4424 (28)
2365 4358 2458 4408 Sic
2488 4371 2586 4408 ms.
2646 4353 2866 4424 Regius.
2923 4353 2994 4424 Ita
3040 4352 3204 4424 etiam
3253 4353 3433 4406 caeteri
3486 4369 3618 4409 mss.
3667 4363 3722 4408 et

473 4485 480 4500 λ
538 4423 650 4491 (27)
684 4421 868 4500 ’Ὁτι-ό
901 4420 1018 4500 μὲν
1051 4422 1353 4500 Gsdc,_etc:
1407 4419 1608 4500 Graeca.
1655 4423 1768 4500 haec
1818 4423 2036 4500 exhibet
2071 4445 2114 4500 υ
2143 4419 2452 4500 editi,'nisi_
2477 4424 2621 4491 quod
2679 4419 3291 4500 omittunt-incedentes,
3331 4433 3400 4500 et
3439 4424 3568 4500 editi
3604 4425 3716 4500 _ha-

467 4493 762 4560 imperator
796 4491 1131 4544 .lustirnanns
1161 4493 1225 4544 ad
1270 4490 1475 4543 calcem
1525 4492 1765 4559 epistola:
1815 4496 1882 4546 ad
1927 4494 2038 4545 Me-

468 4570 719 4626 nam;et
769 4561 1147 4629 Hieronymus,
1182 4561 1408 4628 epistola
1458 4560 1527 4614 94
1574 4561 1640 4614 ad
1694 4564 1935 4624 Avitum,
1983 4564 2036 4616 id

468 4635 632 4684 etiam
675 4631 888 4684 crimini
925 4633 1085 4684 vertit
1130 4633 1348 4698 Origeni
1405 4631 1548 4699 quod
1582 4633 1781 4686 dixerit
1835 4631 2039 4685 Filium

467 4702 961 4773 qnoqueminorem
1004 4701 1262 4773 l’atre,eo_
1285 4708 1422 4766 quod
1445 4701 1708 4773 secundus
1745 4705 1808 4754 ab
1832 4703 1922 4755 illo
1945 4705 2037 4765 sit,

467 4767 515 4827 et
547 4767 803 4840 Spiritum
839 4782 1080 4824 sanctum
1104 4770 1408 4838 inferiorem
1437 4767 1585 4823 Filio
1613 4773 1666 4824 in
1699 4774 1897 4824 sanctis
1921 4774 2040 4840 qni-

467 4839 668 4908 basque
719 4842 914 4893 versari
939 4858 956 4894 :
985 4851 1138 4910 atque
1187 4839 1305 4910 hoc
1337 4841 1521 4910 ordine
1555 4842 1810 4909 majorem
1858 4839 2036 4894 l'a’tris

465 4913 834 4981 fortitudinem
883 4907 1179 4981 essequam
1215 4907 1366 4981 Filii
1394 4923 1443 4964 et
1482 4907 1718 4979 Spiritus
1761 4913 1948 4981 sancti,
1988 4923 2033 4965 et

467 4979 675 5035 rursum
699 4981 950 5046 majorem
982 4979 1110 5033 Filii
1142 4979 1508 5042 fortitudinem
1531 4996 1642 5034 esse
1673 4998 1830 5048 quam
1863 4980 2036 5046 Spiri-

468 5060 552 5104 tus
611 5053 830 5104 sancti:
859 5062 907 5104 et
947 5061 1324 5117 consequenter
1373 5051 1536 5114 ipsius
1585 5055 1756 5103 sancti
1804 5051 2037 5114 Spiritus

465 5123 717 5190 majorem
743 5138 854 5173 esse
891 5122 1132 5173 virtutem
1163 5120 1364 5172 cwteris
1386 5137 1502 5185 qua:
1539 5133 1722 5174 sancta
1765 5124 2031 5174 tlicun'ur.

473 5193 596 5247 Ila‘c
627 5192 852 5244 liuiinus
878 5191 1196 5258 quibusdam
1228 5191 1505 5252 detractis,
1535 5192 1855 5256 quibusdam
1886 5192 2037 5243 addi-

469 5264 538 5315 tis
587 5261 878 5325 emollivit;
912 5278 975 5314 ac
1019 5260 1160 5330 forte
1196 5261 1318 5330 inde
1349 5271 1432 5314 est
1484 5261 1629 5329 quod
1679 5259 2037 5330 Hieronymus

465 5331 556 5384 lih.
585 5345 620 5384 ιι
651 5342 704 5384 et
734 5347 792 5383 ιιι
835 5332 1083 5385 adversus
1133 5329 1385 5396 Ruﬁnum
1441 5331 1782 5384 contenderit
1831 5329 1912 5384 vel
1949 5331 2036 5383 Di-

465 5405 710 5470 dymum,
739 5402 817 5453 vel
879 5403 1168 5467 ipsumtnet
1223 5400 1500 5463 ltulinum,
1533 5401 1615 5454 vel
1649 5401 1814 5452 alium
1851 5405 2034 5454 nescio

464 5488 626 5538 quem
665 5479 772 5524 tam
805 5471 992 5525 Graece
1039 5486 1202 5539 quam
1238 5470 1434 5525 Latine
1478 5472 1528 5524 in
1592 5472 1784 5524 bonam
1823 5483 2032 5538 partem

464 5543 750 5608 plerasque
796 5543 861 5594 de
916 5539 1052 5595 Filio
1102 5554 1156 5593 et
1179 5541 1388 5609 Spiritu
1441 5550 1631 5595 sancto
1671 5540 2035 5608 blaspheinias

461 5623 832 5665 conlinutasse
855 5626 975 5680 quas
999 5612 1052 5664 in
1079 5610 1264 5665 Graeco
1295 5611 1452 5677 hujus
1476 5611 1750 5678 Apologia:
1778 5620 2030 5663 contextu

466 5682 884 5744 roumarebant;
945 5682 1088 5748 quod
1145 5683 1197 5734 in
1257 5681 1709 5747 interpretatione
1768 5680 2032 5733 librorum

465 5751 605 5812 ﬂevi
641 5749 863 5820 ἀρχῶν,
899 5759 1038 5807 unde
1075 5751 1220 5805 locus
1250 5750 1337 5804 hic
1366 5753 1599 5816 eruitur,
1641 5751 1836 5805 fecisse
1885 5752 2033 5804 ltuli-

2143 4497 2305 4548 beant
2341 4496 2391 4547 in
2426 4488 2552 4556 line,
2595 4488 3105 4560 permanent.rLibri
3149 4506 3277 4544 vero
3321 4491 3394 4544 De
3447 4492 3717 4558 principiis

2143 4575 2250 4616 tam
2283 4565 2412 4617 editi
2454 4559 2614 4632 quam
2663 4577 2819 4626 mss.,
2857 4559 2945 4628 qui
2977 4569 3098 4613 sunt
3137 4561 3192 4614 in
3228 4561 3376 4615 bonis
3412 4563 3639 4629 actibus,
3670 4575 3720 4617 et

2139 4636 2191 4687 in
2221 4633 2322 4687 Deo
2351 4643 2677 4701 permanent.

2212 4703 2326 4772 (29)
2351 4698 2525 4764 Editi,
2564 4717 2740 4754 omnes
2769 4698 3131 4772 rationabiles,
3170 4698 3324 4753 Verbi
3362 4700 3475 4756 Dei.
3515 4701 3718 4758 Deinde

2140 4769 2315 4827 iidetn'
2336 4775 2487 4835 editi,
2513 4781 2568 4824 et
2601 4772 2720 4823 libri
2759 4769 2832 4822 De
2886 4770 3161 4834 principiis
3210 4780 3318 4823 tam
3371 4773 3502 4826 editi
3550 4788 3715 4839 quam

2140 4860 2297 4905 mss.,
2332 4843 2602 4905 sapientia:
2633 4851 2678 4892 et
2705 4840 2936 4907 justitiw
2961 4841 3090 4893 :sed
3115 4856 3306 4895 omnes
3335 4840 3493 4909 hujus
3522 4842 3718 4910 Apolo—

2137 4915 2236 4982 giw
2277 4930 2403 4982 mss.
2440 4922 2497 4964 ut
2525 4913 2576 4963 in
2609 4921 2780 4982 testu.
3025 4979 3033 4982 Α
3276 4963 3280 4966 ,

2211 4983 2324 5047 (50)
2359 4980 2460 5035 Sed
2493 4991 2540 5030 et
2576 4982 2672 5032 hoc
2695 4980 2866 5046 ipsum
2893 4979 3034 5043 quod
3057 4989 3131 5032 est
3169 4989 3214 5031 et
3244 4993 3512 5047 permanet
3547 4984 3713 5037 omnis

2137 5045 2402 5114 creatura,
2433 5053 2667 5116 Operatio
2704 5045 2775 5102 est
2811 5048 2904 5101 Dei
2921 5047 3100 5102 Patris
3131 5051 3220 5118 qui
3245 5045 3382 5102 dixit
3411 5066 3428 5102 :
3461 5052 3570 5118 Ego
3595 5069 3712 5105 sum

2137 5125 2228 5190 qui
2263 5140 2382 5177 sum
2409 5139 2422 5174 :
2446 5137 2563 5189 qua;
2617 5120 2845 5190 pervenit
2878 5135 3032 5186 super
3067 5137 3268 5173 omnes.
3305 5120 3424 5186 Ipse
3466 5133 3540 5174 est
3575 5124 3712 5174 enim

2137 5188 2229 5260 qui
2256 5193 2417 5246 solent
2460 5188 2612 5242 suum
2638 5191 2764 5261 oriri
2791 5188 2938 5261 jubet
2964 5260 2968 5261 ί
2993 5190 3115 5258 (ms.
3150 5190 3366 5261 Regius.
3397 5193 3525 5244 oriri
3562 5193 3711 5261 facit)

2135 5259 2291 5326 super
2315 5263 2474 5314 bonos
2498 5269 2545 5312 et
2575 5260 2766 5323 malos,
2788 5269 2836 5311 et
2862 5259 2992 5324 pluit
3024 5275 3179 5325 super
3197 5260 3372 5329 justas
3393 5272 3438 5313 et
3465 5259 3712 5329 injustas.

2139 5332 2263 5385 llatc
2294 5332 2674 5384 desiderantur
2706 5331 2755 5380 in
2793 5329 2944 5381 libris
2974 5329 3110 5395 Περὶ
3150 5328 3350 5396 ἀρχῶν
3405 5328 3525 5382 tam
3552 5332 3715 5384 editis

2135 5418 2294 5470 quam
2335 5415 2488 5464 inss.,
2520 5400 2607 5452 ubi
2637 5415 2735 5466 pro
2767 5399 2872 5451 illis
2896 5400 3073 5470 verbis
3101 5401 3293 5468 legitur
3321 5400 3412 5452 lib.
3442 5416 3478 5460 ι,
3506 5417 3629 5470 cap.
3655 5401 3710 5463 ’5,

2139 5468 2290 5524 nutu.
2327 5471 2400 5523 ϐε
2437 5470 2519 5522 Ex
2545 5486 2603 5522 eo
2653 5479 2826 5520 autem
2864 5468 2955 5536 qui
2995 5485 3109 5521 vere
3161 5479 3258 5530 est,
3289 5471 3381 5538 qui
3435 5468 3587 5522 dixit
3621 5487 3715 5531 per

2138 5541 2358 5610 Moysen
2380 5556 2399 5594 :
2436 5541 2544 5607 Ego
2573 5555 2689 5593 sunt
2721 5541 2809 5607 qui
2841 5554 2987 5610 sum,
3021 5540 3546 5610 ontniantttecunque
3590 5551 3710 5592 sunt

2134 5607 2492 5677 participant:
2529 5625 2645 5679 qua:
2686 5608 3021 5675 partiripatio
3058 5608 3147 5660 Dei
3187 5607 3361 5660 Putris
3396 5609 3624 5675 pervenit
3656 5612 3708 5662 in

2137 5699 2312 5734 onmes
2363 5693 2468 5732 tant
2504 5685 2680 5749 justas
2732 5695 2889 5747 quam
2935 5691 3234 5744 peccatores
3269 5689 3316 5730 et
3372 5680 3707 5734 rationabiles

2135 5763 2288 5816 atque
2319 5749 2726 5815 irttttionnbilcs,
2771 5757 2816 5803 et
2859 5749 2910 5802 in
2943 5749 3114 5802 omnia
3156 5750 3366 5803 ontuino
3398 5765 3514 5806 altu;
3559 5759 3698 5803 sunt.
