4162 6388
328 364 430 420 569

332 482 423 553 qui
458 478 624 534 solem
653 491 806 531 suum
841 473 972 528 oriri
1010 470 1160 540 jubet
1194 483 1350 535 super
1383 466 1547 519 bonos
1575 473 1623 517 et
1659 460 1846 524 malos,
1871 466 1917 512 et

333 570 469 645 pluit
497 583 656 641 super
669 567 850 636 justos
881 581 931 620 et
967 563 1195 632 injustas
1224 559 1298 611 δί.
1327 575 1346 608 i

899 690 1151 732 INTERPR.
1187 687 1348 728 NOVA.

407 799 654 854 Arbitror
685 795 851 850 Deum
875 795 1084 863 quidem
1114 801 1161 845 et
1191 790 1556 863 Patrem,cum
1588 785 1761 839 omnia
1789 798 1915 863 ron-

339 853 530 932 tineat,
557 870 626 920 ad
663 853 1067 934 unumquodque
1096 864 1295 934 entiam
1323 860 1610 934 pervenire,
1648 871 1759 909 esse
1780 853 1914 934 pni-

339 925 528 1006 cuique
575 925 955 1006 impatientem
980 925 1065 1006 'de
1114 947 1208 1006 suo
1241 931 1388 1006 :_ipse
1423 931 1558 1006 enim
1588 936 1676 1006 est
1700 925 1792 992 qui
1819 931 1916 976 est.

342 996 523 1065 Minor
549 996 668 1062 vero
699 1006 858 1060 Patre
890 1003 1068 1058 Filius
1093 1004 1161 1052 ad
1199 996 1312 1054 sola
1365 996 1709 1051 rationabilia
1737 1007 1915 1062 perve-

343 1084 454 1142 nit;
481 1089 553 1132 est
586 1079 721 1132 enim
777 1075 1037 1128 secundus
1063 1091 1092 1125 a
1123 1069 1302 1123 Patre.
1336 1069 1526 1122 Adhuc
1552 1068 1713 1142 etiam
1746 1065 1920 1142 minor

343 1133 591 1218 Spiritus
619 1156 835 1202 sanctus
878 1147 947 1196 ad
997 1143 1140 1218 so_los
1169 1150 1382 1218 sanctos
1430 1138 1720 1218 pertingit;
1738 1133 1921 1218 Ita-ea;

342 1203 441 1274 tibi:
482 1217 654 1288 major
673 1227 748 1288 est
770 1225 1003 1288 potestas
1031 1211 1230 1272 Patris,
1261 1203 1577 1288 qpti-mFilii
1606 1203 1654 1258 et
1681 1203 1920 1288 Spiritus

341 1273 808 1355 sancti;'amplio'r
836 1287 961 1339 item
1003 1292 1232 1355 potestas
1273 1273 1434 1342 'Filii,
1482 1291 1642 1355 quam
1686 1273 1920 1355 Spiritus

341 1343 545 1420 sancti}
577 1374 639 1410 ac
669 1343 893 1408 rursum
946 1343 1288 1421 pra'stantior
1345 1359 1417 1402 est
1468 1343 1642 1401 sancti
1692 1343 1920 1414 Spiritus

341 1431 532 1492 uirtus,
558 1444 714 1498 quant
739 1425 970 1479 aliorum
1001 1430 1308 1475 sanctorum
1339 1421 1564 1474 entium.

414 1539 745 1595 l’iupuiws.
778 1535 844 1590 Et
870 1543 994 1603 post
1030 1531 1255 1586 multam
1289 1529 1356 1584 de
1385 1528 1544 1583 Patre
1574 1537 1626 1582 et
1659 1525 1797 1582 Filio
1827 1538 1923 1595 per

347 1634 757 1701 Scripturarum
784 1628 1029 1696 exempla
1067 1623 1450 1689 assertionem,
1485 1621 1696 1676 addidit
1724 1621 1839 1674 haec
1865 1636 1877 1672 :

417 1726 710 1780 ORIGENES.
746 1741 764 1774 ι
793 1721 1032 1790 Spiritus
1074 1733 1204 1772 vero
1232 1716 1408 1772 saneti
1443 1712 1922 1785 participationem

1525 336 1868 396 APOLOGIA
1904 329 2040 388 PRO
2077 306 2412 385 ORIGENE‘.

1951 460 1995 516 Α
2026 452 2213 506 timam
2243 441 2614 514 cognitionem
2668 434 2976 503 pravalens
3015 427 3322 504 pervenire,
3347 425 3605 494 despera-

3501 303 3606 357 570

2027 541 2177 596 tione
2210 538 2289 591 rei
2326 543 2383 588 et
2412 543 2634 601 stupore
2683 527 2986 598 proclamat
3020 531 3073 575 et
3102 520 3256 584 dicit;
3305 517 3350 571 0
3374 516 3606 570 altitudo

2023 631 2332 686 divitiarum
2368 620 2640 694 sapientiae
2667 630 2713 675 et
2747 616 2979 673 scientia:
3010 613 3106 667 Dei
3123 612 3200 665 85!
3232 610 3345 680 (55)
3375 609 3439 662 Et
3460 608 3606 677 quod

2024 716 2410 788 desperatione
2449 708 2709 782 perlecta:
2739 700 3242 774 comprehensionis
3282 699 3394 752 haze
3424 697 3606 751 excla-

2025 787 2282 868 niaverit,
2310 805 2434 859 audi
2465 804 2641 870 ipsum
2669 799 2976 853 dicentem:
3007 793 3178 858 Quam
3207 787 3607 844 inscrustabilia

2025 912 2148 956 sunt
2175 901 2384 971 judicia
2427 895 2545 959 Dei,
2585 903 2632 947 et
2661 907 2822 961 quam
2854 884 3236 956 investigabiles
3263 884 3360 936 vita
3383 882 3497 948 eius
3518 879 3601 932 “l

2028 995 2142 1050 Non
2173 997 2321 1048 enim
2371 989 2508 1044 dixit
2539 984 2753 1041 difﬁcile
2787 995 2946 1052 posse
2974 977 3231 1038 scrutari,
3258 974 3350 1029 sed
3380 972 3606 1026 omnino

2027 1104 2134 1143 non
2178 1099 2362 1156 posse,
2395 1079 2600 1150 judicia
2645 1077 2737 1132 Dei
2767 1093 2781 1129 :
2812 1088 2912 1127 nec
2962 1071 3099 1124 dixit
3125 1066 3344 1122 ditiicile
3379 1063 3607 1118 investi-

2028 1180 2143 1251 gari
2181 1153 2350 1245 posse
2394 1174 2513 1227 vias
2568 1170 2711 1240 ejus,
2763 1167 2858 1223 sed
2913 1179 3019 1218 non
3064 1174 3220 1230 posse
3267 1153 3607 1225 investigari.

2029 1271 2514 1338 Quantumcunque
2561 1262 2707 1316 enim
2755 1259 2878 1329 quis
2925 1252 3216 1311 scrutando
3260 1254 3610 1318 promoveat.

2029 1374 2082 1418 et
2115 1362 2295 1417 studio
2329 1353 2442 1428 (56)
2498 1353 2790 1410 intentiore
2838 1349 3110 1421 proficiat,
3171 1343 3346 1415 gratia
3394 1349 3610 1408 quoque

2031 1455 2126 1510 Dei
2183 1452 2423 1522 adjutus,
2480 1460 2750 1516 sensuque
2801 1442 3154 1502 illuminatus,
3194 1437 3262 1491 ad
3311 1433 3611 1504 perfectum

2033 1547 2192 1601 linem
2227 1559 2416 1600 eorum
2451 1556 2571 1611 quae
2611 1539 2984 1607 requiruntur,
3020 1531 3305 1600 pervenire
3333 1543 3437 1581 non
3462 1531 3614 1593 pote-

2033 1639 2138 1706 rit;
2173 1652 2274 1692 nec
2300 1635 2476 1689 omnis
2503 1644 2660 1686 mens
2683 1643 2802 1698 quas
2832 1635 3013 1682 creata
3043 1632 3150 1688 est,
3172 1617 3426 1690 possibile
3451 1615 3615 1670 habet

2033 1731 2142 1784 ullo
2200 1743 2399 1800 genere
2455 1721 2963 1793 comprehendere:
3008 1715 3103 1771 sed
3163 1729 3285 1769 cuin
3351 1706 3617 1763 invenerit

351 1831 380 1870 ιι
416 1815 626 1870 sanctis
661 1811 1034 1867 tantummodo
1079 1809 1274 1864 'haberi
1319 1807 1644 1862 invenimus.
1697 1805 1928 1873 Propter

2048 1797 2428 1890 iliqna'ntulum
2473 1829 2539 1875 ex
2577 1813 2661 1867 his
2691 1826 2812 1880 quae
2852 1814 3193 1879 quaeruntur,
3239 1801 3437 1856 iterum
3469 1797 3618 1852 videt

347 1907 489 1975 quod
520 1904 722 1959 dicitur
747 1921 759 1956 :
787 1899 956 1955 Nemo
980 1910 1144 1968 potest
1174 1899 1348 1951 dicere
1375 1895 1487 1968 (51)
1519 1896 1798 1950 Dominum
1830 1894 1927 1950 Je-

347 2014 488 2060 sum,
518 1997 619 2050 nisi
642 1996 692 2048 in
731 1994 938 2064 Spiritu
971 2003 1156 2046 sancto
1180 1993 1247 2044 ⁵¹.
1281 1991 1348 2044 Ει
1375 1992 1466 2043 vix
1507 1987 1799 2056 aliquando
1828 1988 1930 2057 ipsi

351 2087 584 2158 apostoli
627 2086 768 2155 digni
807 2085 1074 2138 habentur
1113 2079 1644 2147 audirczAccipietis
1685 2078 1930 2132 uirtutem

349 2177 758 2249 supervenientis
789 2174 1024 2244 Spiritus
1045 2173 1219 2228 sancti
1248 2174 1303 2226 in
1323 2188 1412 2226 vos
1429 2170 1496 2224 ⁸³.
1532 2169 1763 2237 Propter
1786 2169 1932 2238 quod

353 2283 408 2328 et
433 2283 775 2338 consequens
815 2274 970 2335 puto,
1002 2268 1127 2334 quia
1172 2263 1262 2331 qui
1296 2259 1606 2331 peccaverit
1649 2259 1703 2313 in
1735 2257 1931 2312 Filium

357 2362 614 2426 hominis,
668 2358 827 2413 venia
875 2359 1070 2427 dignus
1119 2355 1284 2420 est",
1319 2367 1419 2422 pro
1467 2365 1535 2406 eo
1592 2350 1732 2420 quod
1769 2349 1814 2402 is
1842 2346 1934 2418 qui

359 2453 522 2509 Verbi
555 2452 639 2506 vel
668 2450 897 2506 rationis
923 2458 1004 2503 est
1038 2447 1331 2516 particeps,
1362 2445 1405 2500 si
1447 2442 1661 2498 desinat
1694 2441 1938 2494 rationa-

358 2547 542 2603 biliter
573 2548 776 2608 vivere,
823 2543 1040 2596 videtur
1091 2541 1144 2593 in
1210 2538 1599 2608 ignorantiam,
1633 2533 1720 2588 vel
1754 2531 1936 2589 stulti-

360 2640 489 2693 tiam
520 2636 811 2698 decidisse,
841 2641 896 2687 et
935 2639 1156 2702 propter
1185 2630 1286 2684 hoc
1319 2628 1532 2682 veniam
1578 2623 1883 2695 promereri
1920 2639 1935 2678 :

357 2729 450 2799 qui
479 2737 658 2782 autem
700 2726 812 2794 jam
845 2726 1042 2795 dignus
1069 2731 1155 2778 est
1204 2721 1424 2776 habitus
1471 2719 1649 2774 sancti
1699 2716 1938 2786 Spiritus

357 2819 798 2892 participatione,
849 2825 904 2870 et
937 2827 1086 2870 retro
1134 2814 1299 2868 fuerit
1344 2825 1664 2877 conversus,
1717 2810 1808 2864 hie
1855 2825 1942 2864 re-

363 2913 480 2984 ipsa
534 2922 592 2967 et
642 2923 807 2980 opere
863 2909 1270 2979 blasphemasse
1314 2904 1518 2960 dicitur
1573 2903 1627 2957 in
1671 2900 1938 2971 Spiritum

361 3015 632 3061 sanctum.
669 3022 688 3055 ι

434 3095 765 3150 PAMPHILUS.
801 3091 916 3163 (52)
963 3091 1117 3158 Quod
1169 3091 1316 3146 sicut
1364 3087 1528 3144 Pater
1588 3086 1737 3142 novit
1789 3084 1944 3139 initia

2033 1913 2136 1967 alia
2173 1925 2294 1981 quae
2325 1905 2617 1978 quaerenda
2643 1914 2786 1960 sunt.
2827 1901 2983 1968 Quod
3012 1899 3054 1954 si
3080 1905 3135 1952 et
3169 1895 3236 1950 ad
3275 1895 3386 1961 ipsa
3419 1902 3614 1961 perve-

2034 2003 2197 2067 nerit,
2249 2001 2418 2056 multo
2468 2000 2664 2053 iterum
2709 1997 2862 2065 plura
2908 2009 2972 2048 ex
3010 1991 3119 2045 illis
3160 2001 3279 2058 qua!
3323 1983 3490 2055 quaeri
3524 1982 3621 2036 de-

2033 2096 2220 2160 beant,
2253 2089 2580 2160 pervidebit.
2614 2087 2842 2154 Propter
2885 2083 3031 2153 quod
3073 2091 3127 2133 et
3183 2073 3621 2146 sapientissimus

2036 2184 2296 2240 Salomon
2345 2188 2593 2235 naturain
2634 2192 2812 2231 rerum
2848 2188 2943 2244 per
2965 2169 3284 2238 sapientiam
3314 2173 3613 2225 contuens,

2036 2277 2110 2330 ait
2143 2293 2157 2328 :
2189 2271 2337 2337 Dixi,
2367 2272 2579 2342 sapiens
2604 2267 2820 2338 eﬁiciar,
2845 2275 2890 2319 et
2929 2264 3042 2332 ipsa
3079 2259 3342 2329 sapientia
3367 2255 3516 2324 longe
3539 2252 3627 2323 fa-

2037 2376 2121 2420 cts
2149 2376 2226 2420 est
2264 2381 2298 2418 a
2340 2380 2443 2428 me,
2474 2361 2626 2430 longe
2657 2367 2774 2430 plus
2820 2371 2978 2426 quant
3027 2361 3249 2407 erat:et
3291 2348 3624 2404 altitudinem

2045 2455 2369 2526 profundam
2393 2451 2510 2523 quis
2541 2450 2767 2504 inveniet
2787 2448 2830 2478 ⁸⁷
2851 2446 2876 2499 ?
2896 2445 3005 2500 Sed
3034 2454 3089 2498 et
3118 2439 3288 2496 Isaias
3330 2440 3510 2494 sciens
3542 2449 3628 2490 re-

2041 2563 2162 2603 rum
2212 2545 2368 2600 initia
2401 2559 2432 2598 a
2470 2551 2667 2597 natura
2718 2536 2933 2593 mortali
2983 2532 3215 2588 inveniri
3264 2546 3370 2585 non
3442 2542 3625 2598 posse,

2041 2639 2136 2695 sed
2170 2653 2240 2693 ne
2267 2637 2337 2690 ab
2362 2635 2449 2691 his
2475 2633 2694 2703 quidem
2721 2630 2931 2684 naturis
2961 2642 3080 2696 quas
3119 2623 3367 2693 quamvis
3395 2618 3628 2674 divinio-

2043 2743 2133 2784 res
2161 2727 2270 2781 sint
2296 2727 2410 2797 (57)
2442 2739 2606 2793 quam
2636 2723 2869 2775 humana
2903 2725 3008 2778 est,
3039 2716 3194 2770 factae
3219 2725 3397 2768 tamen
3424 2719 3479 2764 et
3502 2711 3630 2778 ipsa:

2044 2827 2170 2873 sunt
2202 2817 2282 2871 vel
2319 2822 2519 2870 creata:
2548 2829 2560 2865 :
2592 2811 2774 2867 sciens
2812 2823 2942 2879 ergo
2980 2807 3123 2875 quod
3157 2821 3186 2859 a
3240 2803 3387 2858 nulla
3437 2802 3629 2855 harum

2047 2927 2225 2980 neque
2277 2909 2516 2970 initium,
2568 2920 2746 2973 neque
2798 2902 2923 2957 linis
2973 2899 3202 2955 inveniri
3259 2905 3458 2966 potest,
3507 2895 3627 2947 ait:

2049 3001 2242 3056 Priora
2272 3015 2392 3071 qua!
2438 2998 2633 3068 fuerint
2666 2997 2846 3059 dicite,
2874 3004 2921 3049 et
2949 2993 3173 3046 sciemus
3213 2991 3337 3060 quia
3369 2987 3444 3039 dii
3467 2984 3592 3038 estis
3613 2996 3633 3036 .'

2051 3093 2126 3148 vel
2158 3093 2438 3147 novissima
2466 3106 2583 3158 qua:
2609 3089 2738 3149 sint,
2757 3085 3091 3146 annuntiate,
3119 3091 3166 3134 et
3201 3092 3321 3132 tunc
3347 3075 3632 3132 videbimus

367 3187 608 3241 omnium
640 3200 763 3255 qua:
790 3193 936 3248 sunt,
963 3193 1018 3237 et
1049 3182 1202 3250 lines,
1230 3182 1310 3237 sic
1326 3190 1379 3236 et
1410 3180 1603 3247 Filius,
1633 3180 1715 3235 sic
1744 3189 1798 3233 et
1823 3177 1945 3248 Spi-
1973 3189 2015 3247 ο
2045 3182 2184 3252 quod
2226 3182 2299 3234 dii
2337 3181 2462 3234 estis
2481 3177 2552 3232 ⁸⁸.
2589 3176 2700 3247 (58)
2737 3175 2872 3229 Nam
2929 3185 2985 3229 et
3039 3171 3299 3226 llebrzeus
3333 3167 3527 3221 doctor
3559 3164 3634 3218 ita

369 3279 504 3333 ritus
535 3287 760 3334 sanctus
791 3276 951 3340 sciat,
996 3274 1106 3344 (55)
1141 3290 1207 3328 eo
1250 3275 1394 3343 quod
1432 3272 1541 3327 Deo
1575 3271 1834 3342 possibile
1862 3280 1948 3327 est

367 3384 582 3424 omnem
636 3375 944 3423 creaturam
997 3377 1350 3435 cognoscere.
1421 3363 1496 3418 De
1545 3370 1748 3434 quarto
1801 3362 1945 3418 libro

369 3461 510 3530 Περὶ
546 3458 769 3530 ἀρχῶν.

439 3553 731 3610 Οιιιθιςιιεε.
758 3550 876 3623 (54)
911 3569 930 3602 ι
978 3549 1177 3604 Paulus
1225 3546 1505 3618 apostolus
1551 3559 1650 3615 per
1684 3543 1947 3615 Spiritum

370 3654 620 3699 Sanctum
660 3645 752 3713 qui
779 3650 1153 3713 perscrutatur
1178 3639 1342 3694 etiam
1375 3636 1645 3706 profunda
1676 3636 1800 3699 Dei,
1829 3635 1952 3690 alti-

375 3738 615 3793 tudinem
652 3737 964 3792 divitiarum
990 3733 1274 3803 sapientia:
1301 3745 1366 3784 ac
1387 3729 1631 3786 scientiae
1661 3727 1758 3784 Dei
1791 3743 1949 3782 scru-

373 3837 516 3892 taus,
548 3844 648 3883 nec
673 3837 852 3882 tamen
885 3827 951 3881 ad
983 3825 1169 3888 linem,
1196 3833 1273 3891 et,
1304 3833 1361 3876 ut
1388 3821 1460 3875 ita
1484 3822 1739 3887 dixerim,
1769 3821 1836 3875 ad
1869 3822 1951 3875 in-

445 3921 488 3956 “
517 3921 706 3977 Matth.
745 3936 797 3982 v,
828 3919 922 3975 45.
1019 3919 1066 3950 ⁸²
1095 3917 1114 3970 l
1145 3917 1274 3972 Cor.
1304 3931 1400 3976 xu,
1437 3915 1491 3969 5.
1595 3914 1642 3946 ⁸³
1669 3916 1797 3970 Act.
1831 3930 1870 3976 i,
1896 3914 1950 3970 8.

374 3992 422 4025 “
452 3993 582 4048 ibid.
659 3991 703 4022 "
734 3991 915 4047 Ecele.
941 4005 1040 4052 vn,
1074 3987 1166 4054 24,
1203 3987 1296 4042 25.
1372 3987 1419 4018 ⁸⁸
1445 3987 1549 4042 lsa.
1577 3999 1691 4051 xu,
1719 3985 1929 4050 22,95.

449 4108 564 4190 (51)
599 4107 764 4190 Ειιίιί,
800 4106 1055 4190 Dominus
1079 4105 1258 4190 Iesus.
1289 4106 1492 4190 Deinde
1534 4119 1666 4190 mss.
1699 4103 1945 4190 pleriqi'ie

378 4181 658 4238 omittunt,
693 4179 1120 4245 supervenientis.
1177 4177 1303 4230 Mss.
1342 4177 1522 4245 plures
1553 4177 1818 4230 librorum
1869 4175 1946 4229 De

380 4249 653 4316 principiis
687 4248 908 4310 habent,
930 4249 1392 4314 supervenientem.

453 4319 568 4388 (52)
605 4317 767 4381 Editi,
800 4319 954 4388 Quod
1000 4318 1046 4370 si
1100 4318 1260 4388 Pater
1311 4316 1452 4388 novit
1503 4315 1659 4388 initia
1701 4316 1944 4388 omnium

382 4385 499 4461 qua:
527 4385 755 4461 s'unt,_et
799 4387 951 4456 ﬁnes,
985 4388 1059 4439 sic
1079 4386 1348 4461 et__lf'ilius,
1371 4386 1444 4439 sic
1474 4397 1521 4438 et
1564 4385 1800 4449 Spiritus
1829 4403 1949 4440 san-

383 4458 496 4514 ctus
522 4461 654 4512 sciat
676 4459 730 4549 ind
756 4460 894 4549 quod
925 4458 1239 4525 impossibile
1267 4470 1339 4537 est
1390 4461 1530 4510 omni
1569 4465 1823 4509 creatura:
1861 4472 1950 4509 co-
1984 4495 2028 4549 υ

386 4544 650 4601 gnoscere.
685 4527 1016 4601 sedomnes
1051 4543 1182 4580 mss.
1211 4538 1272 4601 _i_i_t
1303 4527 1354 4601 iii
1392 4536 1814 4601 _nostro__textu,
1849 4527 1952 4579 nisi

386 4595 529 4681 quod
564 4598 700 4653 alius
732 4598 928 4652 habeat
952 4597 1144 4662 Deum,
1175 4596 1268 4651 alii
1311 4596 1440 4661 Dei;
1469 4605 1524 4650 et
1555 4595 1696 4650 alius
1726 4597 1823 4649 scit
1874 4611 1973 4666 pro

389 4679 545 4726 sciat.

462 4740 577 4809 (55)
608 4737 686 4792 Eo
711 4738 852 4808 quod
898 4737 1010 4809 Deo
1048 4737 1292 4806 possibile
1336 4744 1454 4809 est._
1485 4733 1809 4809 Ita‘quidem
1833 4749 1970 4809 mss.

391 4803 504 4866 fere
533 4803 704 4864 nostri
723 4803 941 4864 omnes.
970 4803 1064 4863 Ms.
1095 4823 1222 4861 vero
1247 4809 1304 4862 S.
1339 4803 1620 4862 Michaelis
1641 4807 1694 4858 in
1724 4803 1976 4860 Pericqu

395 4882 581 4944 maris,
610 4896 670 4934 eo
702 4882 842 4949 quod
891 4878 1215 4946 impossibile
1263 4889 1364 4940 est,
1389 4887 1494 4949 etc.
1527 4877 1638 4949 Sed
1665 4876 1872 4949 rectius
1903 4876 1979 4929 le-

392 4946 1140 5023 gettdllm_cull_talllea_t3tlllls,
1166 4949 1223 5023 id
1245 4949 1382 5017 quod
1402 4946 1725 5023 impossibile
1747 4956 1843 5012 est,
1863 4955 1973 5001 etc.

466 5021 580 5092 (54)
614 5021 687 5074 Ex
724 5019 816 5072 lib.
853 5035 903 5071 iv
935 5018 1009 5071 De
1036 5016 1285 5086 princip.,
1309 5033 1463 5092 num.

469 5084 582 5160 (55)
598 5091 767 5152 Alias,
785 5099 831 5142 et
860 5105 983 5159 quia
1001 5105 1019 5147 :
1036 5084 1114 5143 al.
1138 5099 1184 5141 et
1202 5084 1475 5157 quoniam.
1502 5087 1600 5140 Ms.
1619 5085 1678 5140 S.
1697 5084 1978 5160 Michaelis

401 5161 454 5215 iii
478 5158 724 5214 Periculo
755 5158 921 5212 maris
947 5173 1230 5227 perperam
1255 5198 1269 5221 ,
1298 5168 1346 5211 et
1363 5173 1521 5227 quam
1539 5158 1971 5225 desperationem.

472 5233 586 5302 (56)
627 5231 793 5293 Editi,
835 5230 1103 5302 interiori,
1140 5229 1298 5281 male.
1338 5228 1505 5282 Paulo
1533 5239 1830 5302 post__iiiss.
1861 5227 1980 5302 plu-

402 5297 512 5367 res,
539 5297 834 5369 sensimque
873 5299 1252 5362 illuminatus;
1281 5308 1336 5352 et
1373 5311 1563 5368 postea
1617 5297 1770 5364 editi,
1800 5298 1980 5365 requi-

402 5387 604 5427 remur.

472 5441 585 5511 (57)
620 5440 787 5503 Alias,
817 5455 979 5509 quam
998 5439 1266 5504 humanas,
1306 5436 1462 5504 factte
1489 5447 1684 5511 tamen,
1727 5445 1834 5511 etc.

475 5505 590 5584 (38)
627 5505 1346 5584 Eadem:l'erehre‘periuiitiir
1391 5511 1487 5563 lib.
1523 5524 1539 5560 ι
1578 5506 1654 5560 De
1679 5505 1976 5584 principiis,

407 5575 528 5652 cap.
557 5575 612 5652 5,
645 5597 794 5652 num.
823 5575 1000 5652 4._ulii
1031 5575 1218 5632 Graeca
1250 5581 1362 5652 haec
1376 5587 1730 5652 apponuntur
1764 5592 1828 5628 ex
1854 5575 1982 5645 Epi-

405 5648 548 5707 stola
567 5650 855 5704 Justiuiatii
885 5650 1232 5716 imperatoris
1273 5648 1338 5700 ad
1373 5648 1578 5700 Menam
1608 5651 1979 5716 patriarcliain

407 5720 1058 5787 (Jonsmntinopolitanum
1094 5735 1107 5768 ε
1148 5718 1342 5785 Ἔλεγε
1374 5717 1431 5769 δὲ
1463 5719 1492 5769 ὁ
1529 5717 1779 5786 Ἐϐραῖος
1810 5717 1878 5768 τὰ
1924 5718 1982 5768 ἐν

408 5793 488 5864 ςῴ
533 5791 727 5861 Ἡσαΐᾳ
767 5788 858 5844 δύο
890 5790 1129 5860 σἐραιρὶμ
1150 5788 1493 5858 ἑξαπτέρυγα
1527 5787 1833 5857 κεκραγότα
1866 5787 1981 5840 ἓτε-

2057 3273 2328 3338 tradebat,
2363 3286 2464 3341 pro
2489 3285 2554 3324 eo
2587 3269 2731 3338 quod
2783 3267 2940 3321 initia
2972 3264 3214 3320 omnium
3250 3260 3331 3315 vel
3377 3257 3498 3312 linis
3530 3270 3634 3310 non

2054 3374 2242 3438 posset
2266 3365 2334 3418 ab
2359 3363 2467 3417 ullo
2495 3359 2908 3431 comprehendi,
2941 3358 3042 3411 nisi
3071 3353 3445 3410 tantummodo
3465 3365 3494 3403 a
3533 3349 3640 3402 Do-

2057 3463 2205 3516 mino
2236 3459 2366 3515 Jesu
2405 3457 2626 3512 Christo
2678 3461 2734 3509 et
2792 3453 2861 3506 ab
2918 3449 3123 3519 Spiritu
3168 3455 3378 3510 sancto,
3433 3442 3640 3496 idcirco

2059 3552 2241 3607 aiebat
2290 3565 2388 3620 per
2425 3549 2654 3618 ligurum
2713 3543 2940 3598 visionis
2998 3537 3192 3592 Isaiam
3244 3536 3448 3591 dixisse
3507 3532 3642 3586 duos

2057 3642 2336 3712 seraphim
2386 3639 2532 3695 solos
2569 3651 2689 3692 esse
2722 3635 2812 3705 qui
2844 3633 3061 3689 duabus
3094 3631 3308 3700 quidem
3357 3627 3459 3680 alis
3506 3638 3640 3693 open

2061 3732 2211 3787 riunt
2268 3731 2460 3784 faciem
2514 3729 2633 3792 Dei,
2670 3726 2882 3780 duabus
2915 3738 3046 3778 vero
3098 3721 3284 3792 pedes,
3327 3728 3381 3772 et
3429 3715 3642 3770 duabus

2061 3823 2251 3876 volare
2278 3836 2394 3886 eos,
2424 3831 2478 3875 et
2509 3819 2624 3890 (59)
2663 3817 2902 3872 clamare
2935 3815 3001 3868 ad
3052 3811 3286 3866 invicem
3319 3807 3420 3864 sibi
3457 3805 3642 3860 dicen-

2048 3915 2094 3947 “
2126 3913 2319 3969 Matth.
2370 3929 2466 3981 xii,
2501 3912 2604 3979 52;
2663 3910 2796 3966 Luc.
2842 3924 2942 3973 xu,
2985 3905 3084 3962 19.»
3180 3903 3226 3935 ⁸⁸
3259 3901 3414 3956 llom.
3450 3914 3525 3964 XI,
3550 3898 3641 3954 35.

2055 4122 2184 4177 ρον,
2208 4105 2302 4177 κα.)
2335 4103 2593 4177 λέγοντα·
2621 4101 2836 4177 ξΑἶιος,
2883 4094 3262 4177 ἆχιρς,-ἆγιρς
3285 4090 3493 4177 βέριιζς
3537 4089 3644 4177 Σαξ-

2053 4158 2223 4236 ὃαῶθ,
2255 4175 2344 4226 τὸν
2375 4158 2657 4241 Μονογενῆ
2677 4158 3102 4241 εἷναι-τᾳῦλθεονξ
3133 4158 3310 4241 itaita
3327 4158 3475 4241 Duff}
3487 4177 3560 4241 ita
3583 4159 3646 4213 τὸ

2052 4247 2234 4324 ἆγε-ον’
2257 4246 2428 4324 ,ἡμεῖς
2451 4231 2674 4324 οξόξιεθᾶ
2702 4244 2808 4324 ὅτι,
2831 4238 2923 4292 καὶ
2950 4239 3007 4291 ὲν
3035 4238 3115 4324 τῇκ
3139 4234 3251 4316 (ξςδῇ
3298 4231 3642 4324 Ἀμὸσιξοίίμ

2058 4335 2077 4368 ι
2102 4301 2191 4386 Ἕν
2206 4301 2355 4386 μέἇὶρ
2373 4301 2466 4366 δῦο
2478 4301 2632 4386 ζώων
2646 4311 2954 4381 γνωσθήσῃ,
2967 4327 2986 4358 ι
2996 4301 3124 4386 πε
3141 4301 3372 4386 ῌρῐστοῦ
3386 4302 3475 4355 καὶ
3486 4301 3647 4381 ᾲγίου

2054 4373 2402 4456 Πνεύξιατός.)
2464 4373 2676 4436 Dicebat
2718 4373 2999 4456 autemnet
3059 4373 3314 4456 llebrwus
3346 4373 3644 4456 .ma‘qister,

2057 4442 2334 4528 quod'duo
2357 4442 2481 4528 villa
2529 4455 2802 4528 sera-phim-
2825 4465 2958 4528 quia
2984 4450 3037 4500 in
3067 4445 3388 4528 [said-senis.
3415 4442 3644 4528 alis‘de-

2071 4512 2377 4581 scribuntur
2407 4512 2691 4576 clamantia
2735 4523 2802 4573 ad
2838 4512 3068 4572 'invicem
3105 4525 3155 4569 et
3197 4515 3423 4568 dicentia
3448 4525 3467 4564 :
3503 4512 3646 4565 San-

2075 4609 2216 4660 ctus,
2255 4606 2495 4655 sanctus,
2530 4603 2753 4645 sanctus
2786 4589 3046 4643 Dominus
3079 4587 3221 4640 Deus
3273 4583 3536 4660 Sabaoth,
3568 4581 3648 4660 de

2074 4651 2342 4735 unigenito
2367 4651 2517 4735 Alt'ilio
2549 4662 2666 4726 Dei,
2699 4672 2746 4714 et
2783 4661 2991 4735 Spiritu
3018 4668 3199 4735 sancto
3239 4664 3414 4735 essent
3449 4651 3651 4733 intelli-

2075 4723 2266 4806 genda.
2329 4733 2442 4788 Nos
2480 4748 2597 4806 vero
2644 4723 2896 4806 putamus
2921 4725 3248 4806 etiam_illud
3275 4726 3414 4806 quod
3449 4723 3502 4806 ip
3525 4738 3650 4806 can-

2077 4793 2180 4860 iico
2217 4805 2472 4858 Habacuc
2503 4804 2606 4873 (ιιι,
2636 4793 2694 4871 ‘2)
2726 4803 2924 4853 dictum
2953 4810 3050 4873 est,
3094 4798 3146 4850 in
3169 4798 3348 4849 medio
3406 4797 3482 4846 vel
3516 4793 3650 4872 duo-

2077 4893 2196 4932 rum
2246 4861 2689 4936 animalininfvel
2719 4873 2946 4926 duarum
3000 4869 3230 4920 vitarum
3279 4861 3649 4936 cognosceris,

2077 4947 2142 5000 de
2189 4945 2398 4999 Christo
2441 4954 2486 4996 et
2518 4931 2583 4996 de
2612 4941 2814 5010 Spiritu
2848 4951 3030 4993 sancto
3069 4937 3250 5010 sentiri
3279 4931 3486 4987 debere.
3524 4931 3652 4987 llaec

2064 5026 2258 5072 autem
2286 5014 2541 5082 Origeiiis
2570 5006 2950 5082 interpretatio
2985 5012 3057 5062 ita
3096 5006 3425 5082 Hieronymo
3451 5011 3654 5056 stoma-

2079 5089 2240 5141 chum
2276 5075 2466 5142 iiiovit,
2499 5092 2557 5135 ut
2588 5075 2808 5151 impiam
2862 5081 3008 5132 illam
3041 5086 3102 5151 et,
3146 5075 3530 5151 detestandam
3565 5087 3655 5151 ap:

2117 5157 2242 5210 ellet
2279 5156 2372 5208 lib.
2433 5141 2492 5207 iii
2557 5155 2613 5205 in
2664 5141 2865 5205 lsaiam
2911 5161 2966 5203 et
3021 5149 3182 5215 epist.
3234 5145 3296 5198 41
3332 5144 3403 5197 al.
3462 5142 3532 5197 65
3585 5141 3654 5195 ad

2105 5224 2489 5279 ’aminachium
2543 5233 2598 5276 et
2637 5223 2932 5277 Oceanum.
2991 5218 3100 5274 Si-d
3151 5217 3271 5269 vide
3327 5230 3435 5282 quo
3495 5222 3656 5282 pacto

2080 5305 2371 5351 excusetur
2403 5292 2772 5362 Origenianor.
2810 5292 2918 5362 lib.
2943 5305 3001 5353 ti,
3032 5297 3224 5357 quiest.
3246 5284 3308 5362 ΔΞ,
3342 5301 3492 5362 uuin.

2156 5366 2269 5437 (59)
2300 5365 2400 5419 Ms.
2429 5354 3160 5437 Sui-bonicus,clamitantes
3187 5356 3512 5437 act-inuicem
3531 5354 3652 5437 sibi,

2084 5447 2132 5492 et
2154 5423 2399 5490 dicentes.
2430 5432 2505 5485 Ita
2533 5433 2694 5486 etiam
2751 5431 2872 5485 libri
2927 5431 3002 5484 De
3046 5427 3320 5494 principiis
3358 5436 3465 5478 tam
3525 5423 3656 5478 editi

2085 5523 2247 5577 quam
2282 5522 2436 5577 mss.,
2473 5503 2746 5577 ltlSlAllllOd
2781 5502 2930 5577 prius
2958 5501 3207 5577 habeant,
3241 5507 3290 5577 et
3332 5496 3537 5548 duabus
3563 5509 3659 5577 eo:

2083 5562 2217 5631 linit.
2249 5576 2386 5630 Editi
2419 5562 2547 5627 vero
2586 5562 2743 5642 hujus
2781 5562 3050 5642 ilpologne
3074 5606 3104 5642 ,_
3135 5577 3207 5642 et“
3236 5569 3526 5642 clamantes
3553 5562 3657 5642 sibi

2084 5649 2300 5702 invicem
2323 5647 2518 5699 dicere.
2553 5633 2672 5696 Ms:
2691 5644 2750 5695 S.
2785 5633 3058 5694 Michaelis
3095 5640 3148 5692 iii
3177 5636 3422 5692 Pericula
3451 5633 3617 5689 maris
3641 5672 3656 5695 ,

2084 5731 2131 5773 et
2163 5720 2446 5772 clamantes
2472 5716 2540 5769 ad
2573 5713 2790 5768 invicem
2819 5711 3012 5767 dicere.
3050 5710 3156 5766 Sed
3191 5708 3373 5767 caeteri
3427 5720 3558 5762 mss.
3602 5714 3662 5760 ut

2088 5807 2139 5846 Ill
2172 5799 2336 5845 textu.
