4162 6388
533 335 633 391 57!
1743 328 1799 384 S.
1842 327 2165 382 PAMPlllLI
2206 327 2575 399 MARTYRIS}
3692 321 3799 377 572

535 464 620 512 tes
654 471 667 506 :
700 454 950 517 Sanctus,
998 459 1247 514 sanctus,
1297 458 1511 504 sanctus
1549 447 1807 503 Dominus
1842 448 1983 503 Deus
2026 447 2122 503 Sa-
2149 455 2195 511 Α
2226 451 2354 505 illud
2381 460 2464 505 est
2486 451 2631 520 quod
2666 447 2941 503 revelante
2966 444 3106 501 Filio
3138 442 3230 501 Dei
3257 459 3322 500 ac
3348 443 3556 514 Spiritu
3601 454 3796 498 sancto

535 549 720 611 baoth,
764 547 920 617 plena
962 556 1038 601 est
1084 548 1331 600 universa
1374 555 1515 599 terra
1556 545 1726 615 gloria
1756 555 1849 598 tua
1866 546 1934 601 ⁸⁸.
1962 544 2116 613 Quod
2224 543 2512 598 didicerint
2540 542 2660 597 istae
2687 541 2942 604 virtutes,
2971 536 3371 607 quamplurima
3400 536 3618 605 quidem
3647 551 3799 592 asse-

535 654 667 710 ergo
711 639 824 694 sola
865 639 1142 708 seraphim
1188 648 1447 709 utrasque
1498 637 1612 693 alas
1661 652 1789 692 suas
1822 637 2022 692 habent
2062 638 2115 691 in
2225 633 2319 702 qui
2350 641 2626 701 poterunt,
2658 640 2714 685 et
2759 628 2930 684 multo
2981 626 3134 697 plura
3180 627 3393 696 priores
3428 623 3795 689 inferioribus,

538 731 677 784 facie
705 729 868 784 Deiet
900 731 951 782 in
986 730 1213 798 pedibus
1242 728 1380 798 ejus,
1421 726 1535 797 (40)
1560 727 1849 781 videndum
1875 735 1958 781 est
1987 742 2117 796 pro-
2222 724 2404 778 omnia
2448 733 2630 777 tamen
2680 718 3145 790 comprehendere
3178 715 3516 784 impossibile
3555 715 3636 769 eis
3690 726 3795 778 est,
3886 738 3891 743 η

538 823 813 888 nuntiare,
844 822 987 890 quod
1026 835 1199 890 neque
1221 820 1493 874 exercitus
1525 829 1841 873 sanctorum
1891 818 2114 889 angelo-
2219 817 2344 885 quia
2383 815 2642 885 scriptum
2683 821 2768 867 est
2800 828 2814 865 :
2855 806 3266 878 Quamplurima
3319 821 3385 860 ex
3417 806 3660 873 operibus
3703 804 3797 858 Dei

539 927 682 980 rum,
705 930 879 982 neque
915 924 1120 968 sanctis
1150 912 1328 977 sedes,
1352 926 1528 980 neque
1556 911 1975 972 dominationes.
2011 925 2109 964 ne-
2215 910 2273 964 in
2302 910 2511 963 secretis
2542 916 2664 962 sunt
2682 906 2748 960 ‘°.
2784 903 2936 959 Unde
2973 910 3029 957 et
3042 901 3282 971 optabile
3303 910 3390 954 est
3404 910 3461 954 ut
3479 914 3577 969 pro
3594 898 3798 954 viribus

535 1016 645 1074 que
696 1004 1055 1074 principatus,
1117 1016 1295 1069 neque
1341 1010 1640 1072 potestates
1693 1000 1837 1055 scire
1895 1009 2123 1070 possunt
2216 1015 2277 1057 se
2312 998 2689 1067 unusquisque
2721 1010 2938 1064 semper
2966 994 3225 1049 extendat
3256 992 3325 1045 ad
3378 1008 3439 1046 ea
3464 1009 3585 1062 qua:
3615 993 3799 1060 priora

536 1096 746 1166 integre
800 1095 1013 1149 initium
1077 1095 1344 1157 omnium,
1393 1101 1446 1147 et
1501 1092 1665 1146 linem
1725 1091 2097 1146 universitatis
2213 1102 2360 1157 sunt,
2400 1108 2461 1146 ea
2483 1107 2599 1161 qua:
2626 1090 2739 1154 (41)
2771 1096 3063 1143 retrorsum
3091 1096 3212 1140 sunt
3244 1084 3553 1140 obliviscens
3578 1085 3646 1153 ",
3687 1094 3799 1140 tam

537 1187 644 1243 Sed
680 1185 1084 1255 intelligendum
1114 1191 1198 1238 est
1226 1191 1446 1238 sanctos
1474 1182 1627 1247 istos,
1656 1197 1794 1250 quos
1824 1196 2084 1236 enumera
2216 1180 2284 1231 ad
2322 1193 2487 1246 Opera
2538 1176 2782 1238 meliora,
2816 1190 2980 1245 quam
3028 1176 3192 1228 etiam
3247 1172 3315 1227 ad
3364 1189 3585 1228 sensum
3647 1172 3801 1228 intel—

533 1283 731 1343 vimus,
776 1278 1003 1348 spiritus
1051 1288 1107 1332 et
1159 1276 1386 1330 virtutes
1424 1274 1706 1343 proximas
1749 1274 1967 1344 quidem
1996 1288 2119 1329 esse
2212 1268 2518 1338 lectumque
2577 1268 2888 1337 puriorem,
2944 1281 3043 1334 per
3095 1264 3280 1321 Jesum
3337 1264 3614 1320 Christum
3678 1267 3800 1321 Sal-

535 1368 667 1437 ipsis
699 1366 891 1433 initiis,
926 1375 980 1420 et
1006 1369 1283 1433 attingere
1309 1370 1519 1418 tantum
1552 1373 1817 1432 quantum
1855 1364 2114 1432 consequi
2212 1371 2460 1417 vatorem
2498 1369 2767 1425 nostrum,
2802 1358 2890 1414 cui
2941 1365 3026 1414 est
3052 1358 3221 1430 gloria
3268 1359 3321 1414 in
3354 1358 3554 1416 secula
3582 1358 3800 1415 saeculo-

534 1471 643 1512 non
689 1456 867 1512 valent
928 1456 1145 1528 reliqui.
1181 1454 1569 1512 Verumtamen
1629 1463 2110 1526 quantumcunque
2217 1465 2358 1505 rum.
2393 1467 2412 1501 ι

1998 1563 2228 1620 CAPUT
2271 1560 2333 1617 ν.

1768 1661 1845 1715 De
1873 1659 2242 1715 incarnatione
2278 1655 2433 1709 Verbi
2462 1654 2577 1710 Dei.

604 1758 895 1814 ORIGENBS.
927 1753 1039 1828 (42)
1084 1774 1103 1806 ι
1140 1752 1198 1809 In
1223 1755 1371 1811 omni
1398 1754 1531 1810 orbe
1556 1762 1853 1819 terrarum,
1880 1753 1931 1808 in
1960 1752 2106 1808 omni
2144 1759 2183 1813 Β

2157 1759 2183 1813 3
2283 1751 2439 1803 Πᾶσα
2472 1750 2528 1803 δὲ
2571 1750 2777 1814 Ἑλλὰς.
2823 1750 2919 1804 καὶ
2966 1751 3239 1825 βάρϐαρος
3267 1753 3302 1825 ἡ
3334 1753 3474 1809 κατὰ
3496 1753 3593 1827 τὴν
3624 1754 3800 1808 οἰκου-

533 1846 742 1907 ιίνιεείιι
769 1859 932 1918 atque
979 1849 1181 1903 exteris
1215 1849 1525 1904 nationibus
1576 1847 1845 1902 innumeri
1896 1855 2022 1901 sunt
2056 1855 2113 1900 et

2216 1842 2382 1915 μένην
2402 1844 2434 1913 ἡ
2442 1841 2578 1912 μῶν,
2604 1841 2848 1912 ζηλωτάς
2864 1842 2975 1913 ἔχει
2998 1845 3247 1915 μυρίους,
3265 1844 3660 1908 καταλιπόντας
3675 1845 3799 1909 τοὺς

534 1942 807 2008 immensi,
839 1944 928 2012 qui
963 1942 1169 1997 relictis
1220 1942 1413 2011 patriis
1448 1941 1681 2011 legibus,
1730 1951 1787 1994 et
1839 1939 1926 1994 his
1973 1953 2113 2008 quos

2214 1933 2495 2007 πατρῴους
2527 1934 2724 2004 νόμους
2757 1934 2850 1987 καὶ
2876 1934 3261 2006 νομιζομένους
3297 1935 3473 2000 θεοὺς,
3504 1935 3605 2007 τῆς
3626 1936 3796 2007 τηρή-

534 2034 798 2106 putabaut
822 2034 977 2099 deos,
1014 2033 1097 2088 vel
1129 2034 1476 2090 observantia
1527 2033 1696 2105 Moysi
1756 2032 1913 2104 legis,
1943 2034 1997 2087 in
2024 2029 2110 2086 di-

2216 2044 2353 2089 σεως
2399 2025 2507 2078 τῶν
2550 2024 2791 2089 Μωσέως
2825 2025 3027 2097 νόμων,
3071 2027 3164 2079 καὶ
3211 2027 3311 2098 τῆς
3342 2028 3644 2099 μαθητείας
3690 2027 3798 2083 τῶν

534 2126 856 2197 scipulatum
901 2141 961 2180 se
991 2125 1192 2180 Christi
1247 2124 1562 2193 cultumque
1608 2123 1996 2189 tradiderunt;
2052 2132 2109 2176 ct

2226 2117 2397 2187 Ἰησοῦ
2419 2113 2655 2188 Χριστοῦ
2683 2116 2857 2186 λόγων
2876 2133 2890 2146 ⁶
2920 2118 3164 2186 καίτοιγε
3201 2121 3543 2190 μισουμένων
3577 2121 3675 2191 μὲν
3696 2118 3800 2174 ὑπὸ

535 2218 640 2273 hoc
671 2233 777 2272 non
819 2217 937 2272 sine
968 2215 1171 2285 ingenti
1202 2215 1328 2270 odio
1353 2230 1543 2270 eorum
1580 2215 1674 2284 qui
1702 2213 1991 2269 simulacra
2021 2228 2114 2268 ve-

2212 2209 2321 2261 τῶν
2347 2208 2414 2261 τὰ
2455 2208 2749 2279 ἀγάλματα
2783 2210 3253 2280 προσκυνούντων,
3291 2211 3400 2266 τῶν
3434 2213 3512 2284 τῷ
3558 2214 3800 2277 Μωσέως

536 2316 836 2372 net-antur;
875 2308 947 2360 ita
980 2318 1037 2361 ut
1066 2307 1132 2362 ab
1169 2306 1254 2362 his
1313 2305 1629 2376 frequenter
1680 2315 1735 2360 et
1777 2305 2113 2362 cruciatibus

2211 2301 2361 2373 νόμῳ
2388 2301 2858 2374 προστιθεμένων·
2878 2304 2973 2356 καὶ
3002 2303 3098 2375 τὴν
3118 2305 3210 2358 ἐπὶ
3236 2304 3448 2377 θανάτῳ
3476 2305 3534 2358 δὲ
3563 2306 3699 2377 πρὸς
3722 2306 3800 2379 τῷ

532 2392 862 2468 inligantur,
896 2412 1285 2468 nonnunquam
1317 2398 1478 2452 etiam
1510 2410 1745 2464 agantur
1770 2398 1823 2451 in
1858 2407 2109 2452 mortem.

2216 2394 2515 2467 μισεῖσθαι,
2552 2395 2971 2450 κινδυνευόντων
2995 2396 3104 2449 τῶν
3124 2397 3215 2450 τὸν
3238 2398 3331 2451 τοῦ
3362 2398 3536 2470 Ἰησοῦ
3562 2398 3798 2471 Χριστοῦ

532 2487 948 2555 Amplectamur
1004 2496 1206 2553 tamen,
1253 2497 1308 2542 et
1339 2502 1463 2542 cum
1493 2486 1641 2541 omni
1679 2484 1874 2542 aﬂectu
1924 2497 2111 2542 custo-

2212 2486 2369 2555 λόγον
2412 2487 2892 2559 παραδεξαμένων·
2926 2489 3021 2541 καὶ
3057 2487 3152 2541 ἐὰν
3183 2490 3563 2560 ὲπιστήσωμεν
3591 2490 3709 2555 πῶς
3742 2491 3800 2543 ἐν

531 2574 686 2630 diunt
706 2577 969 2631 doctrina:
996 2575 1197 2631 Christi
1217 2591 1542 2633 sermonem.
1574 2575 1639 2630 Et
1665 2584 1751 2630 est
1771 2577 1955 2632 videre
1976 2592 2113 2648 quo-

2215 2579 2423 2651 σφόδρα
2448 2579 2649 2648 ὀλίγοις
2678 2578 2844 2641 ἔτεσι,
2877 2578 2985 2633 τῶν
3016 2578 3421 2649 ὁμολογούντων
3438 2578 3528 2631 τὸν
3546 2582 3802 2652 Χριστια-

532 2666 696 2721 modo
725 2665 874 2722 brevi
900 2677 1144 2733 tempore
1168 2668 1281 2735 ipsa
1302 2666 1493 2737 religio
1513 2667 1770 2731 creverit,
1799 2669 1974 2737 poenis
1996 2668 2109 2740 (45)

2212 2672 2404 2740 νισμὸν
2437 2671 2959 2741 ὲπιὸουλευομένων,
3012 2670 3108 2724 καί
3149 2688 3312 2725 τινων
3346 2671 3433 2725 διὰ
3458 2672 3618 2727 τοῦτο
3654 2673 3801 2726 ἀναι-

526 2758 798 2813 cultorum
827 2760 1201 2828 mortibusque
1254 2759 1570 2827 proﬁciens,
1621 2759 1715 2815 sed
1752 2767 1807 2815 et
1841 2762 2110 2815 honorum

2216 2763 2516 2837 ρουμένων,
2554 2763 2757 2835 ἐτέρων
2783 2762 2839 2815 δὲ
2869 2760 3217 2815 ἀπολλύντων
3241 2762 3341 2826 τὰς
3371 2763 3614 2834 κτήσεις,
3646 2763 3797 2817 δεδύο

526 2849 944 2920 direptionibus,
968 2861 1131 2921 atque
1159 2852 1304 2906 omni
1335 2854 1401 2907 ab
1422 2852 1507 2908 his
1531 2851 1882 2909 alllictioiium
1915 2869 2115 2925 genere

2213 2874 2370 2928 νηται
2408 2857 2437 2908 ὁ
2469 2855 2647 2923 λόγος,
2690 2854 2932 2921 καίτοιγε
2979 2853 3099 2906 οὐδὲ
3126 2851 3233 2905 τῶν
3275 2852 3609 2906 διδασκάλων
3643 2853 3801 2906 πλεο·

531 2942 781 2998 tolerato.
813 2943 880 2998 Et
908 2959 971 2998 eo
999 2945 1235 2999 maxime
1271 2946 1468 2999 mirum
1519 2955 1624 3011 est,
1656 2947 1800 3016 quod
1834 2962 1901 3000 ne
1927 2947 2115 3002 docto-

2214 2949 2485 3012 ναζόντων
2511 2986 2527 3010 ,
2571 2945 2877 3015 πανταχόσε
2934 2943 3280 3016 κηρυχθῆναι
3321 2946 3420 3015 τῆς
3445 2944 3794 3015 οἰκουμένης,

530 3049 623 3092 res
652 3035 870 3105 quidem
902 3036 1000 3106 ipsi
1042 3036 1124 3090 vel
1161 3037 1295 3090 satis
1332 3036 1508 3091 idonei
1539 3047 1687 3101 sunt,
1717 3037 1801 3093 vel
1833 3039 1966 3092 satis
1992 3038 2111 3107 plu-
2150 3102 2173 3110 _

2156 3101 2185 3110 _
2215 3039 2354 3094 ὥστε
2379 3039 2645 3110 Ἕλληνας
2666 3041 2759 3092 καὶ
2785 3037 3113 3110 βαρϐάρους,
3139 3036 3333 3106 σοφούς
3348 3053 3407 3089 τε
3429 3038 3522 3090 καὶ
3538 3038 3799 3108 ἀνοήτους

530 3142 640 3182 res.
684 3125 1020 3181 Praedicatur
1042 3137 1220 3182 tamen
1250 3142 1430 3182 sermo
1457 3129 1560 3184 iste
1601 3130 1653 3183 in
1678 3130 1825 3183 omni
1855 3129 1986 3184 orbe
2008 3140 2115 3184 ter—
2141 3102 2173 3160 ί

2156 3101 2186 3160 3
2219 3101 2552 3205 προσθέσθαι
2578 3134 2645 3202 τῇ
2676 3101 2981 3202 διὰ-Ἰησού
3027 3101 3329 3201 θεοσεϐείᾳ,
3364 3128 3546 3200 μεῖζον
3588 3129 3621 3201 ἢ
3657 3101 3799 3184 κατὰ

532 3232 741 3284 rarum,
775 3219 848 3272 ita
890 3229 949 3272 ut
976 3217 1152 3273 (ἶς’εεί
1185 3235 1249 3273 ac
1278 3219 1533 3286 barbari,
1568 3222 1845 3292 sapientes
1874 3230 1930 3275 et
1977 3222 2114 3275 insi-

2217 3223 2503 3293 ἄνθρωπον
2544 3221 2606 3275 τὸ
2660 3222 2892 3293 πρᾶγμα
2953 3216 3094 3275 εἶναι
3123 3219 3303 3289 λέγειν
3334 3219 3394 3273 οὐ
3433 3219 3755 3291 διστάζομεν
3781 3236 3794 3249 ·

526 3308 745 3378 pientes
775 3308 887 3378 (44)
925 3309 1241 3380 religionem
1274 3310 1602 3367 Christiana:
1650 3311 1919 3367 doctrinas
1944 3310 2116 3365 susci-

2219 3314 2361 3386 μετὰ
2394 3315 2576 3384 πάσης
2603 3312 2851 3378 ἐξουσίας
2878 3312 2972 3366 καὶ
3005 3311 3228 3376 πειθοῦς
3257 3312 3357 3383 τῆς
3383 3312 3513 3384 περὶ
3537 3309 3631 3364 τοῦ
3664 3329 3801 3383 κρα-

531 3400 710 3471 piant.
742 3397 821 3453 Ex
854 3415 963 3469 quo
993 3401 1215 3456 dubium
1269 3416 1377 3455 non
1421 3411 1507 3455 est
1538 3417 1644 3457 non
1696 3402 1811 3456 hare
1861 3400 2114 3456 humanis

2213 3406 2573 3478 τυνθήσεσθαι
2600 3406 2693 3459 τὸν
2731 3405 2890 3474 λόγον
2930 3404 3026 3458 τοῦ
3081 3403 3255 3475 Ἰησοῦ
3290 3402 3623 3469 διδάξαντος-⁸
3657 3402 3798 3457 ὥστε

529 3491 743 3546 viribus
777 3502 869 3544 aut
896 3492 1091 3560 opibus
1119 3493 1227 3563 agi,
1286 3504 1344 3546 ut
1380 3509 1501 3547 cum
1540 3494 1688 3547 omni
1740 3502 2011 3562 potestate
2057 3500 2115 3547 et

2214 3498 2451 3568 εὐλόγως
2475 3499 2758 3570 χρησμοὺς
2781 3497 2847 3552 ἂν
2874 3497 3097 3568 νομίσαι
3122 3496 3218 3559 τὰς
3236 3494 3420 3564 φωνὰς
3446 3494 3631 3559 αὑτοῦ,
3667 3489 3797 3556 οἷον,

530 3583 888 3652 persuasione
921 3598 1102 3638 sermo
1130 3583 1258 3638 Jesu
1286 3585 1490 3639 Christi
1521 3586 1661 3654 apud
1686 3586 1929 3639 omnium
1959 3597 2112 3637 meu-

2210 3590 2295 3643 ὅτι
2323 3590 2421 3643 ἐπὶ
2445 3588 2755 3654 ,ϐασιλέων
2777 3588 2873 3644 καὶ
2900 3588 3209 3657 ἡγεμόνων
3233 3585 3575 3655 ἀχθήσεσθε
3595 3586 3802 3640 ἕνεκεν

532 3683 614 3727 tes
636 3683 800 3743 atque
829 3675 1040 3729 animos
1065 3676 1431 3731 convalescat.
1459 3676 1593 3730 Nam
1620 3685 1675 3730 et
1700 3677 1959 3746 praedicta
1990 3690 2112 3731 esse

2211 3680 2380 3749 ἐμοῦ,
2407 3683 2495 3745 εἰς
2516 3681 2843 3749 μαρτύριον
2880 3678 3104 3742 αὐτοῖς,
3141 3678 3237 3731 καὶ
3263 3677 3388 3743 τοῖς
3414 3679 3637 3735 ἔθνεσι.
3668 3680 3797 3744 Καὶ,

533 3760 605 3816 ab
635 3777 700 3817 eo
727 3763 845 3817 tuaac
879 3764 1019 3832 ipsa,
1052 3773 1106 3818 et
1130 3765 1329 3819 divinis
1356 3765 1423 3820 ab
1457 3780 1523 3820 eo
1575 3767 1854 3834 responsis
1906 3766 2111 3821 contir-

2212 3770 2438 3825 Πολλοὶ
2458 3770 2668 3840 ἐροῦσι
2682 3789 2786 3840 μοι
2806 3770 2876 3823 ἐν
2900 3770 3101 3838 ἐκείνῃ
3130 3768 3202 3838 τῇ
3227 3769 3433 3840 ἡμέρᾳ·
3469 3772 3664 3839 Κύριε,
3689 3772 3801 3826 Κύ-

534 3859 703 3916 mata,
738 3852 1084 3907 manifestum
1117 3863 1201 3908 est
1226 3869 1351 3908 cum
1383 3855 1538 3920 dicit,
1591 3856 1717 3925 quia
1749 3857 1891 3925 apud
1922 3857 2112 3926 ρο·ωοὶ-

2207 3876 2322 3929 ριε,
2353 3862 2425 3913 οὺ
2445 3857 2523 3925 τῷ
2543 3859 2790 3928 ὀνόματί
2818 3873 2935 3913 σου
2966 3858 3288 3928 ἐφάγομεν,
3321 3858 3418 3912 καί
3450 3857 3531 3923 τῷ
3557 3860 3802 3929 ὀνόματί

531 3942 624 3997 des
660 3954 708 3998 et
726 3943 938 4014 judices
973 3946 1312 4001 adducentini
1345 3946 1460 4020 (45)
1489 3960 1700 4019 propter
1748 3965 1851 4014 me,
1892 3953 1945 4003 in
1973 3950 2115 4003 testi-

2215 3951 2631 4021 σου-ἐπίομεν,
2666 3950 2765 4006 καὶ
2814 3949 2896 4017 τῷ
2941 3952 3187 4021 ὀνόματί
3238 3966 3355 4006 σου
3395 3951 3671 4021 δαιμόνια
3707 3950 3802 4016 es.

1764 4044 2330 4102 INTERPRETATIO
2373 4046 2586 4103 NOVA.

601 4136 671 4191 At
694 4138 944 4193 universa
979 4145 1091 4191 tum
1113 4137 1345 4204 Grmcia,
1379 4147 1492 4193 tum
1524 4154 1645 4208 quin
1671 4154 1770 4209 per
1792 4142 2110 4196 universum
2147 4152 2396 4198 nostrum
2427 4152 2702 4196 terrarum
2743 4140 2934 4194 orbem
2965 4149 3116 4209 patet
3139 4139 3429 4201 Barbaria,
3472 4138 3796 4193 innumeros

530 4207 819 4280 habetiqui
847 4209 1123 4264 derelictis
1148 4212 1341 4277 patriis
1375 4207 1584 4280 legibus
1606 4207 1797 4265 et‘diis
1830 4213 2089 4279 receptis,
2113 4227 2331 4266 summo
2355 4214 2538 4267 studio
2571 4212 2838 4280 Mosaicas
2873 4207 3020 4278 leges
3044 4219 3102 4264 et
3131 4210 3477 4276 disciplinam
3511 4209 3799 4263 verborum

528 4274 656 4349 Jesu
680 4274 881 4350 Christi
909 4274 1245 4342 custodiunt,
1280 4274 1531 4348 quauivis
1557 4274 1976 4350 simulacrorum
2013 4283 2317 4337 cultoribus
2358 4283 2484 4337 odio
2524 4284 2636 4338 sint
2664 4282 2758 4350 qui
2794 4274 3047 4333 Mosaica:
3074 4280 3177 4347 legi
3214 4274 3540 4350 adlnerent;
3572 4286 3628 4333 et
3657 4294 3795 4350 prie-

533 4357 617 4401 ter
641 4348 848 4414 Odium,
877 4350 927 4402 in
964 4350 1089 4403 vita:
1120 4351 1361 4418 periculo
1392 4362 1681 4405 versentur
1716 4352 1806 4419 qui
1837 4349 1966 4406 Jesu
1987 4352 2192 4407 Christi
2225 4353 2536 4406 doctrinam
2561 4348 2947 4419 susceperunt.
2988 4350 3145 4419 Quod
3179 4350 3224 4403 si
3255 4350 3322 4403 ad
3347 4349 3397 4402 id
3426 4363 3645 4418 quoque
3669 4348 3796 4401 ani-

530 4433 678 4490 mum
713 4418 1104 4490 attenderimus
1138 4435 1245 4489 quo
1265 4431 1422 4488 pacto
1450 4421 1606 4475 annis
1638 4418 1747 4475 lani
1775 4423 1986 4490 paucis,
2026 4431 2109 4475 tot
2156 4422 2370 4477 insidiis
2397 4423 2626 4476 structis
2664 4418 2927 4490 adversus
2971 4418 3343 4490 Christianos.
3375 4434 3610 4486 quorum
3662 4433 3799 4490 non-

531 4488 663 4560 nulli
696 4490 893 4553 necati,
940 4489 1032 4542 alii
1070 4488 1228 4543 bonis
1254 4490 1469 4544 multati
1492 4499 1637 4555 sunt,
1676 4488 1915 4560 potuerit
1938 4493 2053 4546 haec
2085 4491 2358 4558 doctrina,
2389 4491 2516 4546 licet
2548 4489 2754 4559 alioqui
2787 4505 2893 4544 non
2938 4505 3133 4557 magna
3159 4490 3232 4542 sit
3255 4489 3542 4560 doctorum
3597 4489 3798 4560 copia,

532 4558 734 4631 ubique
767 4568 1030 4631 terrarum
1068 4561 1391 4631 praedicari,
1420 4562 1491 4631 ita
1523 4556 1777 4615 utGrieci
1818 4572 1873 4615 et
1903 4563 2144 4625 barbari,
2182 4556 2458 4631 sapientes
2491 4569 2549 4616 et
2583 4556 3227 4631 insipientesadverum
3263 4574 3359 4627 per
3387 4556 3579 4630 Iesum
3635 4558 3795 4631 Chri-

531 4638 672 4683 stum
704 4627 795 4683 Dei
817 4628 1018 4683 cultum
1040 4645 1162 4683 sese
1184 4630 1557 4699 adjunxerint,
1576 4646 1691 4687 rem
1730 4632 1987 4688 humanis
2016 4632 2225 4688 viribus
2248 4627 2525 4700 majorem
2549 4627 2736 4686 dicere
2763 4645 2869 4684 non
2902 4629 3297 4695 dubitabimus,
3323 4643 3447 4683 cum
3485 4627 3789 4698 praesertim

598 4742 647 4774 ⁸⁸
678 4740 781 4799 lsa.
816 4756 893 4807 vt,
923 4743 981 4797 5.
1045 4742 1090 4775 ⁸⁸
1120 4743 1289 4799 Eccli.
1320 4760 1435 4809 xvr,
1463 4745 1556 4800 22.
1634 4746 1677 4777 ⁸¹
1705 4744 1904 4816 Philip.
1950 4762 2034 4813 ιιι,
2072 4747 2160 4802 15.

600 4837 714 4909 (ιο)
745 4836 820 4891 lla
837 4851 1035 4909 omnes
1053 4853 1185 4894 mss.
1219 4842 1410 4897 nostri.
1442 4842 1582 4896 Editi
1614 4857 1766 4904 vero.
1796 4854 1851 4897 et
1875 4843 1998 4898 libri
2034 4841 2109 4896 De
2142 4847 2189 4906 D
2216 4851 2275 4897 ut
2303 4843 2356 4898 in
2387 4851 2577 4897 nostro
2609 4849 2780 4895 textu.
2808 4839 2957 4895 Libri
2991 4853 3123 4895 vero
3159 4838 3233 4893 De
3266 4840 3496 4908 princip.
3535 4846 3646 4893 tam
3664 4837 3800 4893 editi

528 4908 802 4982 principiis
836 4919 945 4962 tam
974 4908 1104 4963 editi
1158 4926 1320 4981 quam
1355 4926 1512 4975 mss.,
1549 4913 1852 4967 audendum
1890 4922 1965 4967 est
1995 4929 2114 4982 pro-
2222 4929 2387 4982 quam
2419 4929 2553 4969 mss.
2585 4911 2810 4976 habent,
2843 4912 2914 4964 ad
2944 4910 3328 4982 observantiam
3363 4909 3538 4982 Moysi
3574 4909 3727 4982 legis,
3750 4917 3800 4962 et

531 4981 825 5051 nuntiare.”
1178 4980 1191 4981 ί
1997 4980 2005 4982 ἡ
2220 4980 2622 5049 discipulatum,
2654 4993 2800 5049 etc.,
2843 4991 2900 5036 et
2949 4982 3026 5035 ita
3061 4980 3352 5051 legendum
3383 4980 3600 5034 videtur
3640 4980 3800 5047 juxta

601 5049 925 5120 (4|);Alias.
961 5066 1081 5113 qm:
1102 5059 1242 5104 retro
1280 5059 1426 5112 sunt,
1454 5060 1559 5105 etc.
1588 5052 1791 5108 Deinde
1817 5053 1951 5109 editi
1978 5093 1993 5117 ,
2023 5052 2111 5106 cui
2217 5053 2426 5109 Graeca.

530 5116 620 5173 est
641 5121 831 5184 honor,
856 5130 905 5174 et
932 5123 1104 5191 gloria
1126 5124 1178 5175 in
1196 5123 1388 5176 seculo
1416 5123 1754 5177 saeculorum.
1787 5116 2110 5178 AmemSed
2292 5123 2407 5190 (45)
2439 5124 2531 5178 Sic
2554 5136 2745 5178 omnes
2775 5135 2906 5176 mss.
2937 5119 3093 5191 Editi
3114 5134 3264 5182 vero,
3296 5120 3608 5191 multorum,
3626 5116 3797 5191 male.

529 5205 721 5264 omnes
780 5207 908 5264 mss.
933 5188 1004 5246 ἰιι
1056 5194 1108 5246 in
1145 5205 1337 5248 nostro
1366 5204 1516 5248 textu
1538 5233 1554 5258 ,
1591 5195 1697 5248 nisi
1730 5196 1877 5264 quod
1909 5195 2113 5264 Regius
2291 5188 2406 5263 (44)
2444 5194 2609 5253 Editi,
2637 5193 2940 5264 religionem
2970 5188 3193 5264 Christi,
3223 5192 3334 5264 sive
3362 5188 3564 5264 Christi
3597 5189 3796 5264 dor-tri:

532 5260 719 5332 add?!“
746 5260 943 5332 Alme".
1088 5330 1100 5332 4
1541 5257 1545 5258 ν
1751 5257 1765 5264 ’
1993 5257 2019 5264 ⁷
2221 5257 2344 5318 naut
2380 5257 2694 5332 suscipiant.
2734 5257 2832 5316 Ms.
2860 5261 3197 5332 Sorbonicns
3217 5300 3232 5323 ,
3261 5261 3563 5332 religionem
3597 5257 3798 5312 Christi

604 5329 715 5400 (42)
744 5330 816 5384 Et
852 5332 943 5384 lib.
983 5346 1034 5385 tv
1077 5330 1152 5385 De
1197 5332 1447 5401 princip.,
1481 5349 1632 5386 num.
1679 5333 1794 5389 1-5.
1820 5365 1890 5375 -—
1920 5333 2113 5390 Graeca
2222 5350 2368 5388 sana:
2395 5329 2650 5387 doctrina:
2683 5332 2995 5399 suscipiant.
3029 5330 3225 5384 Caneri
3279 5346 3409 5384 mss.
3448 5340 3504 5382 ut
3534 5330 3586 5383 in
3621 5338 3793 5401 testu.

530 5398 797 5475 eruuntur
819 5417 884 5456 ex
901 5403 1079 5470 capite
1109 5398 1283 5475 primo
1308 5402 1642 5475 fliilocalitu.
1665 5404 1762 5458 Ms.
1782 5404 2007 5474 Regius,
2043 5404 2112 5458 In
2269 5404 2408 5475 A(t5)
2440 5403 2603 5468 Editi,
2631 5398 2846 5475 propter
2886 5417 3076 5475 nomen
3122 5417 3314 5475 meum,
3343 5402 3396 5475 in
3437 5398 3797 5475 testiinonium

531 5472 763 5545 omni...
793 5483 944 5545 atque
972 5467 1025 5545 in
1052 5467 1265 5545 exteris.
1437 5475 1807 5539 Sorbonicus,
1834 5467 1990 5545 atque
2020 5492 2112 5530 εις·
2217 5467 2348 5541 illis,
2390 5467 2449 5527 ἐι
2498 5467 2759 5545 gentibus.
2802 5472 2923 5545 Mog
2956 5472 3078 5526 libri
3122 5470 3195 5523 De
3219 5470 3450 5545 princip.
3502 5478 3611 5545 tam
3664 5467 3795 5545 editi

533 5541 835 5612 terioribus.
859 5536 1008 5595 Libri
1048 5541 1123 5595 De
1145 5544 1573 5612 princip.,atque
1606 5536 1866 5597 universis
1890 5536 2107 5599 exteris.
2219 5536 2382 5610 quain
2417 5536 2551 5599 mss.
2588 5544 2796 5598 addunt
2825 5560 2838 5596 :
2880 5542 2945 5594 Et
2974 5556 3186 5594 rursum
3211 5536 3663 5612 .‘_Prwdicabitur
3698 5536 3798 5589 hoc

536 5609 739 5684 [leinde
760 5626 902 5684 inss.
942 5626 1165 5684 omnes,
1196 5625 1242 5684 et
1288 5610 1366 5684 his
1412 5609 1545 5684 quos
1579 5623 1768 5679 putant
1802 5616 1948 5669 deos.
1981 5615 2110 5669 Mss.
2224 5609 2570 5684 Evangeliunt
2601 5614 2657 5668 in
2684 5612 3214 5684 omnibusgentibus.
3239 5609 3348 5665 Sed
3381 5612 3498 5684 haec
3521 5617 3796 5684 postrema

535 5680 872 5754 Sprbonicns
924 5693 979 5754 et
1018 5681 1389 5754 S.__Michaelis
1431 5687 1495 5754 in
1525 5677 1777 5738 Periculo
1811 5685 2005 5750 maris,
2032 5685 2109 5738 cel
2223 5677 2395 5738 verba
2420 5699 2525 5739 non
2563 5677 2992 5754 reperiunturgin
3025 5680 3241 5749 Graeco,
3276 5695 3378 5737 nec
3421 5679 3478 5735 in
3514 5677 3647 5735 mss.
3697 5677 3798 5731 hu-

536 5746 600 5806 ιῦ
630 5753 1029 5822 repugnantiam
1058 5749 1233 5821 Moysi
1270 5751 1417 5822 legis.
1460 5751 1656 5809 Caneri
1705 5769 1836 5811 mss.
1891 5764 1947 5811 et
1982 5746 2118 5812 editi
2219 5754 2308 5826 jus
2339 5746 2755 5825 Apologia-uec
2785 5755 2837 5808 in
2860 5752 3042 5807 editis.
