4162 6468
405 367 509 426 575

1595 371 1942 430 APOLOGIA
1978 372 2118 431 PRO
2153 372 2474 431 ORIGENE.

3549 367 3658 423 574

402 480 732 552 εθάλομεν;
769 484 868 539 καὶ
898 485 1010 556 ἐρῶ
1031 489 1250 554 αὐτοῖς·
1271 489 1652 560 Ἀποχωρεῒτε
1679 491 1778 546 ἀπ’
1810 491 1957 560 ἐμοῦ

2083 494 2312 546 monium
2345 492 2494 561 ipsis,
2520 499 2568 544 et
2595 488 2832 560 gentibus
2855 489 2943 543 "‘.
2973 488 3041 542 Et
3061 487 3255 542 iterum
3291 503 3304 540 :
3341 483 3497 538 Multi
3523 471 3656 537 mihi

402 577 456 627 ot
486 573 858 644 ἐργαζόμενοι
891 577 1006 646 τὴν
1032 581 1305 650 ἀνομίαν,
1359 581 1643 636 οὐδέποτε
1692 583 1883 652 ἔγνων
1913 583 1961 638 ὑ-

2079 583 2250 636 dicent
2275 585 2331 636 in
2371 582 2464 634 illa
2496 582 2580 634 die
2612 597 2631 634 :
2666 575 2912 643 Domine,
2965 577 3209 644 Domine,
3241 593 3410 630 nonne
3449 577 3504 629 in
3553 591 3650 627 n.0-

395 665 534 734 μᾶς.
565 667 860 737 Είρηκέναι
899 670 997 741 μὲν
1033 671 1142 743 γὰρ
1172 673 1342 726 ταῦτα
1364 673 1840 745 άποφθεγγόμενον
1870 675 1961 745 μά-

2079 677 2218 729 mine
2245 685 2337 728 tuo
2364 673 2796 726 manducavimus
2825 682 2872 724 et
2897 672 3142 732 bibimus,
3175 679 3220 722 et
3244 669 3300 722 in
3327 669 3532 720 nomine
3554 678 3646 719 tuo

321 769 330 777 '
397 770 518 823 την,
547 753 687 808 ὥστε
727 756 868 810 αὐτὰ
896 758 970 829 μὴ
1017 760 1190 831 ἀληθῆ
1221 762 1492 830 γενέσθαι,
1531 764 1671 834 τάχα
1695 764 1840 828 εἰκὸς
1871 761 1938 836 ἦν
1957 777 1971 795 ⁴

396 844 485 897 ὅτε
506 844 562 897 δὲ
605 847 875 918 ἐκϐέϐηκε
899 849 968 904 τά
1013 853 1150 922 μετὰ
1181 854 1444 924 τοσαύτης
1473 856 1718 920 ἐξουσίας
1747 859 1974 928 εἰρημέτ-

395 951 482 999 να,
533 937 786 1006 ἐμφαίνει
833 939 965 995 Θεὸν
1005 943 1216 1014 ἀληθῶς
1261 946 1752 1019 ἐνανθρωπήσαντα
1798 951 1973 1020 σωτή-

399 1043 490 1096 ρια
515 1027 756 1098 δόγματα
777 1033 889 1095 τοῖς
914 1032 1220 1104 ἀνθρώποις
1243 1037 1704 1107 παραδεδωκέναι.
1729 1039 1792 1091 Τί
1817 1041 1872 1092 δὲ
1893 1040 1973 1092 δεῖ

393 1117 570 1186 λέγειν
615 1121 708 1174 καὶ
731 1122 810 1175 ὅτι
862 1125 1238 1198 προεφητεύθη
1288 1129 1317 1180 ὁ
1349 1129 1602 1200 Χριστὸς,
1643 1129 1764 1182 τότε
1799 1127 1972 1184 ἐκλεί-

391 1211 512 1280 ψειν
532 1212 659 1274 τοὺς
685 1213 742 1278 ἐξ
790 1214 958 1268 Ἰούδα
989 1215 1252 1286 ἄρχοντας
1279 1219 1372 1273 καὶ
1409 1220 1742 1290 ἡγουμένους
1775 1223 1839 1274 ἐκ
1861 1223 1969 1276 τῶν

394 1303 582 1375 μηρῶν
603 1303 790 1367 αὑτοῦ,
819 1306 948 1360 ὅταν
980 1307 1106 1379 ἔλθῃ
1139 1301 1184 1376 ᾧ
1210 1310 1517 1375 ἀπόκειται,
1541 1311 1780 1382 δηλονότι
1805 1315 1838 1384 ἡ
1874 1313 1968 1382 βα-

391 1393 584 1458 σιλεία,
623 1395 716 1447 καὶ
747 1394 1058 1468 ἐπιδημήσῃ
1101 1400 1132 1470 ἡ
1162 1397 1268 1452 τῶν
1301 1401 1469 1454 ἐθνῶν
1505 1403 1829 1474 προσδοκίας
1870 1420 1967 1458 σα-

388 1481 502 1550 φῶς
531 1483 639 1555 γάρ
677 1485 741 1537 ἐκ
768 1485 868 1555 τῆς
895 1487 1133 1560 ἱστορίας
1159 1489 1334 1561 δῆλον,
1366 1493 1460 1546 καὶ
1488 1494 1552 1547 ἐκ
1581 1494 1688 1547 τῶν
1731 1497 1966 1566 σήμερον

385 1576 698 1646 ὁρωμένων,
735 1578 817 1631 ὅτι
848 1579 955 1632 ἀπὸ
997 1581 1104 1634 τῶν
1138 1584 1344 1654 χρόνων
1389 1585 1584 1657 Ἰησοῦ,
1640 1587 1821 1641 οὐκέτι
1870 1587 1966 1658 βα-

387 1665 552 1730 σιλεῖς
599 1669 865 1724 Ἰουδαίων
907 1671 1280 1742 ἐχρημάτισαν
1304 1692 1317 1705 ·
1353 1677 1570 1730 πάντων
1611 1677 1721 1730 τῶν
1751 1679 1964 1733 Ἰουδαῖ-

385 1756 498 1811 κῶν
529 1760 870 1831 πραγμάτων
911 1763 970 1815 ἐν
996 1756 1077 1827 οἷς
1117 1766 1493 1836 ἐσεμνύνοντο,
1529 1766 1669 1836 λέγω
1691 1769 1746 1822 δὲ
1772 1769 1879 1824 τῶν
1903 1788 1962 1824 τε

2077 763 2342 818 dazmonia
2366 761 2654 831 ejecimus?
2683 759 2753 814 Et
2791 762 2966 814 dicant
3001 759 3152 813 illis:
3183 757 3446 812 Discedite
3478 774 3508 809 a
3539 773 3643 819 me,

2076 857 2304 928 operarii
2357 855 2675 924 iniquitatis,
2713 868 2979 922 nunquam
3026 867 3112 905 vos
3168 850 3378 920 cognovi
3415 847 3483 902 ".
3513 848 3646 913 Quae

2075 949 2117 1006 si
2145 950 2214 1002 ita
2243 947 2459 1017 quidem
2492 945 2632 998 dicta
2667 943 2733 998 ab
2757 959 2821 999 eo
2857 943 3105 1003 fuissent,
3138 956 3236 995 nec
3261 940 3326 994 ad
3353 940 3512 993 linem
3557 947 3640 992 ta-

2074 1054 2198 1093 men
2230 1052 2292 1093 ea
2321 1049 2441 1106 quae
2463 1035 2718 1106 praedicta
2750 1043 2896 1097 sunt,
2923 1021 3297 1102 pervenissent
3324 1071 3338 1094 ,
3385 1028 3640 1082 fortassis

2071 1131 2252 1185 minus
2301 1144 2424 1184 esse
2461 1142 2584 1182 vera
2635 1127 2968 1187 videremur,
3021 1140 3120 1177 nec
3182 1121 3384 1177 habere
3439 1121 3640 1188 aliquid

2069 1221 2410 1276 auctoritatis
2441 1240 2454 1275 :
2485 1233 2630 1273 nunc
2665 1231 2794 1272 vero
2825 1233 2947 1271 cum
2977 1216 3030 1269 in
3075 1212 3325 1268 effectum
3357 1227 3463 1277 res,
3519 1226 3640 1280 quas

2067 1313 2282 1368 fuerant
2312 1313 2378 1366 ab
2403 1325 2468 1366 eo
2489 1311 2762 1381 prardictae
2800 1308 3144 1378 perVeniant,
3177 1320 3298 1359 cum
3332 1312 3478 1358 tanta
3538 1318 3638 1356 au-

2068 1411 2174 1457 tem
2203 1407 2466 1470 potestate
2494 1409 2658 1468 atque
2706 1399 3034 1453 auctoritate
3061 1396 3316 1466 praedicta
3359 1394 3489 1459 sint,
3525 1409 3640 1446 ma-

2066 1491 2421 1549 nifestissime
2461 1492 2769 1546 declaratur
2804 1491 2970 1546 Deum
3011 1505 3136 1544 vere
3170 1504 3312 1552 esse,
3354 1488 3443 1557 qui
3475 1487 3638 1540 homo

2066 1585 2239 1638 iactus
2264 1582 2523 1638 salutaria
2557 1590 2826 1651 praecepta
2885 1580 3000 1650 (46)
3047 1579 3356 1634 hominibus
3392 1577 3633 1631 tradidit.

2064 1674 2200 1743 Quid
2228 1689 2361 1730 vero
2407 1675 2535 1728 inde
2589 1673 2876 1727 dicendum
2929 1679 3014 1724 est
3065 1669 3210 1738 quod
3260 1669 3536 1738 propheta:
3569 1670 3636 1723 de

2065 1767 2181 1836 ipso
2216 1775 2341 1821 ante
2371 1764 2727 1833 praedixerint
2777 1777 2884 1816 non
2920 1771 3238 1817 cessaturos
3265 1760 3538 1831 principes
3566 1773 3634 1814 ex

383 1848 525 1902 κατά
555 1851 645 1904 τὸν
677 1852 823 1918 ναὸν,
857 1855 950 1906 καὶ
978 1855 1038 1908 τὸ
1089 1855 1490 1929 θυσιαστήριον,
1541 1861 1634 1914 καὶ
1659 1862 1758 1933 τὴν
1793 1864 1961 1917 ἐπιτε-

2065 1856 2220 1920 .Iuda,
2250 1871 2422 1922 neque
2441 1855 2605 1908 duces
2631 1867 2699 1908 ex
2732 1851 3028 1906 femoribus
3053 1850 3189 1918 ejus,
3225 1865 3504 1921 usquequo
3535 1863 3630 1903 ve-

381 1939 647 2014 λουμένην
675 1944 948 2016 λατρείαν,
979 1947 1072 2000 καὶ
1099 1948 1166 2001 τὰ
1207 1949 1482 2022 ἐνδύματα
1518 1951 1610 2004 τοῦ
1663 1954 1960 2026 ἀρχιερέως

381 2031 850 2104 καταλελυμένων.
904 2035 1224 2108 Ἐπληρὼθη
1251 2040 1360 2111 γὰρ
1405 2040 1698 2111 ήλέγουσα
1748 2060 1960 2116 προφη-

380 2121 498 2174 τεία
513 2139 526 2152 ·
576 2123 824 2193 Ἡμέρας
847 2129 1080 2193 πολλὰς
1103 2131 1449 2184 καθίσονται
1474 2135 1526 2186 οἱ
1546 2134 1662 2186 υἱοὶ
1700 2135 1956 2204 Ἰσραὴλ,

379 2216 491 2268 οὐκ
528 2215 702 2284 ὄντος
738 2219 1062 2286 βασιλέως,
1109 2221 1251 2276 οὐδὲ
1281 2224 1455 2289 ὄντος
1485 2225 1795 2294 ἄρχοντος,
1847 2231 1958 2281 οὐκ

379 2303 573 2372 οὔσης
610 2307 847 2373 θυσίας,
903 2309 1046 2364 οὐδὲ
1092 2311 1267 2378 ὄντος
1309 2317 1762 2384 θυσιαστηρίου,
1817 2317 1958 2371 οὐδὲ

379 2397 684 2464 ίερατείας,
709 2399 851 2454 οὐδὲ
870 2400 1093 2470 δήλων.
1113 2405 1224 2457 Καὶ
1242 2405 1450 2470 τούτοις
1465 2406 1722 2479 χρώμεθα
1741 2411 1850 2473 τοῖς
1867 2413 1958 2482 ρη-

379 2489 509 2554 τοῖς,
531 2488 666 2558 πρὸς
685 2489 810 2554 τοὺς
833 2493 890 2544 ἐν
905 2491 982 2562 τῷ
1001 2493 1276 2549 θλίὸεσθαι
1301 2497 1408 2562 ἀπὸ
1433 2497 1541 2553 τῶν
1561 2501 1618 2553 ἐν
1639 2503 1704 2571 τῇ
1739 2502 1955 2555 Γενέσει

378 2577 482 2630 ὑπὸ
515 2577 608 2631 τοῦ
626 2579 816 2633 Ἰακὼό
845 2582 981 2654 πρὸς
1015 2583 1104 2638 τὸν
1141 2586 1338 2640 Ἰούδαν
1369 2588 1693 2660 εἰρημένων,
1730 2593 1956 2660 φάσκον-

383 2687 470 2732 τας
511 2669 602 2724 τὸν
634 2671 900 2744 ἐθνάρχην
925 2673 1032 2728 ἀπὸ
1059 2675 1151 2729 τοῦ
1199 2677 1366 2731 Ἰούδα
1408 2677 1597 2748 γένους
1621 2683 1954 2753 τυγχάνοντα

379 2761 558 2832 Ξρχειν
573 2761 668 2815 τοῦ
689 2763 838 2830 λαοῦ,
859 2767 958 2820 οὐκ
976 2767 1333 2837 ὲκλειψόντων
1348 2769 1456 2824 τῶν
1479 2771 1586 2825 ἀπὸ
1599 2773 1691 2826 τοῦ
1713 2775 1952 2846 σπέρμα-

281 2905 290 2914 ,
379 2868 462 2916 to;
488 2853 674 2918 αὐτοῦ,
708 2855 812 2921 ἕως
834 2853 902 2929 ἦς
919 2859 1274 2928 φαντάζονται
1291 2864 1525 2934 Χριστοῦ
1555 2866 1864 2937 ἐπιδημίας.
1887 2869 1952 2921 Εἰ

381 2944 478 3018 γὰρ
495 2946 718 3016 ἡμέρας
733 2951 970 3018 πολλὰς
985 2955 1332 3009 καθίσονται
1349 2959 1400 3010 οί
1421 2957 1538 3011 υἱοὶ
1560 2957 1818 3026 Ἰσραὴλ,
1840 2962 1952 3014 οὐκ

375 3037 548 3104 ὄντος
567 3041 892 3110 βασιλέως,
910 3045 1070 3114 μηδὲ
1093 3046 1268 3112 ὄντος
1286 3047 1595 3118 ἄρχοντος,
1627 3052 1737 3104 οὐκ
1759 3051 1952 3120 οὔσης

375 3131 606 3196 θυσίας,
652 3133 795 3187 οὐδὲ
831 3138 1287 3206 θυσιαστηρίου,
1339 3139 1482 3194 οὐδὲ
1505 3143 1812 3210 ίερατείας,
1846 3145 1948 3196 οὺ-

2063 1949 2174 2002 niat
2193 1945 2279 1999 ille
2301 1945 2385 2000 cui
2409 1943 2704 2014 repositum
2725 1949 2831 2004 est,
2855 1955 3080 2008 regnum
3102 1941 3332 2008 scilicet,
3358 1949 3413 1995 et
3431 1955 3632 2010 usque-

2059 2055 2165 2110 quo
2200 2040 2380 2094 veniat
2423 2035 2756 2106 exspectatio
2799 2034 3038 2102 gentium
3069 2032 3159 2084 ἐἳ
3188 2033 3628 2088 Manifestissime

2057 2131 2199 2183 enim
2233 2143 2296 2182 ex
2333 2129 2444 2197 ipsa
2473 2126 2699 2181 historia
2729 2133 2970 2196 apparet,
3007 2133 3060 2178 et
3087 2139 3155 2179 ex
3195 2123 3278 2178 his
3308 2137 3428 2192 quae
3467 2123 3630 2178 hodie

2057 2221 2426 2289 pervidentur,
2466 2219 2594 2289 quia
2629 2231 2697 2272 ex
2734 2217 3070 2286 temporibus
3109 2217 3312 2271 Christi
3347 2217 3488 2270 ultra
3543 2231 3630 2270 re-

2057 2325 2148 2379 ges
2176 2307 2285 2380 (47)
2319 2309 2458 2378 apud
2485 2307 2703 2362 Iudaeos
2735 2321 2837 2359 non
2860 2308 3206 2362 exstiterunt.
3233 2307 3338 2361 Sed
3361 2317 3414 2361 et
3432 2322 3625 2362 omnes

2055 2401 2159 2456 illa:
2191 2401 2514 2455 ambitiones
2544 2399 2790 2455 Iudaica:
2825 2399 2876 2452 in
2907 2400 3104 2467 quibus
3126 2398 3402 2468 iactantiae
3431 2413 3625 2468 quam-

2053 2491 2343 2560 plurimum
2379 2493 2660 2560 gerebant,
2685 2503 2740 2547 et
2773 2495 2825 2547 in
2862 2493 3059 2562 quibus
3109 2489 3510 2559 gloriabantur,
3563 2488 3624 2542 id

2055 2591 2156 2644 est,
2187 2581 2272 2636 vel
2301 2581 2368 2635 de
2395 2581 2574 2649 templi
2607 2581 2828 2646 decore,
2868 2581 2954 2636 vel
2979 2582 3045 2636 de
3071 2581 3262 2634 altaris
3299 2579 3624 2649 insignibus,

2056 2683 2218 2742 atque
2248 2672 2498 2727 omnibus
2527 2673 2632 2728 illis
2654 2674 3083 2728 sacerdotalibus
3110 2671 3318 2733 infulis,
3341 2673 3630 2725 indumen-

2055 2764 2230 2832 tisque
2261 2763 2600 2831 pontiﬁcum,
2649 2763 2811 2819 simul
2865 2765 3118 2818 universa
3149 2764 3426 2817 destructa
3476 2771 3624 2815 sunt.

2050 2852 2328 2923 Completa
2374 2862 2459 2907 est
2511 2853 2657 2908 enim
2707 2855 2994 2924 pr0phetia
3046 2869 3168 2923 quia
3203 2855 3461 2908 diserat:
3522 2849 3628 2908 Per

2051 2945 2163 2997 dies
2193 2943 2384 2998 multos
2413 2945 2664 2998 sedebant
2694 2945 2796 3012 ﬁlii
2820 2943 2996 2999 Israel
3025 2947 3138 2999 sine
3161 2961 3298 3015 rege,
3330 2947 3443 2998 sine
3475 2947 3624 3012 prin-

2051 3037 2191 3106 cipe:
2215 3035 2326 3106 (48)
2347 3051 2448 3090 non
2472 3037 2570 3089 erit
2595 3037 2789 3103 hostia,
2819 3053 2912 3090 nec
2929 3036 3120 3100 altare,
3135 3053 3228 3090 nec
3245 3038 3621 3103 sacerdotium,

2050 3145 2144 3183 nec
2161 3147 2406 3199 responsa
2425 3129 2494 3161 ⁶³⁴
2513 3129 2629 3184 .ﬂis
2647 3145 2776 3201 ergo
2799 3132 3124 3185 testimoniis
3142 3132 3342 3186 utimur
3360 3133 3622 3188 adversus

375 3220 436 3274 δὲ
458 3222 686 3289 δήλων·
710 3225 769 3291 ἐξ
789 3219 848 3279 οὗ
873 3227 928 3281 δὲ
962 3231 1278 3302 κατεσκάφη
1307 3233 1335 3284 ὁ
1376 3233 1520 3296 ναὸς,
1556 3234 1736 3288 οὐκέτι
1764 3233 1944 3304 θυσία,

2061 3240 2143 3279 eos
2174 3225 2268 3294 qui
2294 3225 2543 3278 videntur
2575 3238 2822 3278 asserere
2864 3224 2930 3276 de.
2959 3223 3046 3277 his
3077 3238 3198 3292 quae
3239 3225 3288 3278 in
3319 3223 3518 3279 Genesi
3555 3225 3624 3279 ab

375 3311 489 3365 nat
521 3313 922 3388 θυσιαστήριον,
957 3321 1079 3374 οὐδὲ
1115 3323 1374 3393 ἱερατεία,
1409 3325 1565 3395 δῆλον
1593 3327 1674 3379 ὅτι
1702 3325 1946 3389 ἐξέλιπεν

2061 3315 2219 3371 Iacob
2245 3315 2385 3370 dicta
2405 3315 2611 3370 sunt‘de
2633 3315 2790 3383 Juda,
2810 3327 2863 3371 et
2879 3317 3065 3372 dicunt
3089 3331 3407 3384 permanere
3436 3317 3614 3372 adhuc

371 3401 552 3473 ἄρχων
579 3405 640 3470 ἐξ
680 3403 868 3472 Ἰούδα,
910 3411 1004 3462 καὶ
1038 3410 1336 3482 ἡγούμενος
1375 3415 1568 3467 ἐκτῶν
1613 3415 1802 3486 μηρῶν
1850 3417 1949 3470 αὐ-

2061 3409 2352 3480 principem
2400 3423 2467 3464 ex
2525 3422 2724 3477 genere
2768 3409 2941 3476 Judte,
2999 3409 3160 3462 istum
3215 3409 3464 3464 videlicet
3514 3409 3609 3478 qui

370 3491 482 3545 τοῦ.
525 3491 676 3549 Ἐπεὶ
709 3496 818 3570 δὲὴ
851 3501 1154 3570 προφητεία
1183 3503 1365 3573 φησὶν,
1413 3506 1534 3558 Οὐκ
1555 3504 1822 3574 ἐκλείψει
1852 3506 1952 3576 ἄρ-

2061 3511 2140 3557 est
2166 3501 2344 3570 gentis
2390 3501 2631 3570 ipsorum
2673 3487 2947 3572 princeps,
2974 3515 3136 3571 quem
3168 3501 3454 3555 nominant
3498 3499 3616 3572 (49)

1592 3613 2153 3671 INTERPRETATIO
2190 3613 2401 3670 NOVA.

369 3718 582 3780 summa
611 3719 736 3780 cum
763 3715 1036 3780 potestate
1060 3708 1340 3780 etliducia
1367 3709 1612 3765 docuerit
1647 3712 1899 3766 Christus
1927 3725 2203 3780 nunquam
2233 3725 2389 3765 suam
2424 3709 2628 3762 victum
2671 3709 2734 3762 iri
2773 3709 3096 3764 doctrinam.
3138 3708 3326 3778 Itaque
3370 3707 3491 3778 jure
3521 3726 3619 3779 pro

367 3775 606 3856 oraculis
637 3773 1050 3856 habentlze_sttttt
1071 3778 1420 3856 Ejnsxoees,
1430 3780 1622 3856 quales
1654 3783 1740 3856 hae
1762 3791 1938 3856 sunt;
1973 3773 2224 3856 Att-reges
2249 3789 2298 3856 et
2329 3780 2582 3856 prtefides
2625 3779 3123 3856 ducentinipropter
3165 3773 3264 3840 me,
3293 3781 3348 3832 in
3371 3773 3618 3856 testimo-

367 3845 510 3916 nium
531 3845 656 3910 illis,
695 3854 744 3898 et
767 3847 1022 3916 gentibus.
1071 3845 1136 3902 Et
1159 3867 1172 3904 :
1199 3847 1360 3902 Multi
1386 3845 1558 3903 dicent
1613 3852 1742 3903 mihi
1789 3853 1843 3903 in
1865 3851 1961 3904 illa
1988 3851 2074 3903 die
2094 3867 2112 3903 :
2139 3845 2384 3912 Domine,
2426 3849 2666 3911 Domine,
2697 3865 2870 3903 nonne
2897 3853 2952 3902 iu
2977 3845 3182 3902 nomine
3201 3859 3292 3903 tuo
3321 3852 3610 3903 manduca-

367 3915 560 3988 uimus,
580 3916 706 3988 etin
741 3915 946 3988 nomine
973 3927 1079 3988 tuo
1097 3919 1342 3980 bibimus,
1381 3929 1430 3972 et
1463 3920 1516 3972 in
1541 3922 1750 3973 nomine
1775 3930 1864 3973 tuo
1895 3922 2158 3974 dtemouia
2191 3919 2440 3988 ejecinms
2458 3920 2484 3972 7
2511 3917 2580 3971 Et
2609 3920 2782 3972 dicam
2806 3920 2911 3972 eis:
2941 3919 3204 3974 Discedite
3233 3937 3264 3972 a
3283 3935 3364 3972 me
3391 3919 3480 3987 qui
3505 3937 3619 3986 ope-

365 3985 560 4056 ramini
594 3986 966 4056 iniquitatem.
1025 3986 1313 4056 Nunquam
1363 3989 1478 4042 noui
1507 4006 1616 4042 vos.
1671 3989 1984 4044 Hmc.enim
2029 3985 2235 4044 temere
2269 3989 2501 4056 prolata,
2553 4005 2652 4042 nec
2694 3989 2922 4056 proinde
2980 4003 3102 4042 vera
3133 4004 3277 4052 esse,
3309 3985 3451 4042 forte
3485 3985 3614 4044 olim

367 4053 664 4128 verisimile
682 4053 799 4110 erat
825 4074 843 4128 ξ
873 4066 930 4109 at
953 4072 1074 4111 cum
1105 4053 1300 4112 deinde
1330 4059 1612 4113 evenerint
1639 4075 1759 4128 qua:
1794 4069 1938 4112 tanta
1964 4074 2086 4114 cum
2114 4053 2448 4128 auctoritate
2483 4060 2626 4111 dicta
2665 4053 2907 4120 fuerant,
2945 4057 3292 4127 perspicuum
3321 4067 3404 4111 est
3433 4057 3602 4112 Deum

365 4138 496 4194 vere
523 4125 792 4194 hominem
819 4123 1018 4180 factum
1045 4129 1342 4181 salutarem
1373 4123 1686 4182 hominibus
1713 4131 2016 4184 doctrinam
2050 4129 2358 4182 tradidisse.
2395 4127 2533 4194 Quid
2568 4141 2698 4182 vero
2747 4123 3156 4181 attinet'dicere
3179 4130 3602 4194 praenuntiatum

367 4193 537 4268 fuisse
567 4193 842 4250 Christum
874 4205 1000 4268 tunc
1033 4212 1227 4268 nempe
1261 4197 1542 4253 defuturos
1573 4200 1849 4268 principes
1884 4213 1950 4252 ex
1983 4197 2123 4252 Juda
2147 4208 2200 4251 et
2225 4203 2392 4252 duces
2423 4193 2719 4268 deplentore
2749 4197 2889 4268 ejus,
2927 4193 3314 4268 curnt-etiisset
3335 4198 3420 4268 cui
3451 4212 3607 4264 repo-

363 4263 528 4317 situm
559 4273 662 4330 est,
695 4279 913 4340 regnum
947 4263 1221 4340 videlicet,
1244 4278 1298 4340 et
1323 4263 1634 4340 prodiisset
1663 4263 1998 4340 exspectatio
2023 4269 2305 4340 gentium?
2369 4269 2447 4322 Ex
2502 4267 2725 4320 historia
2759 4267 2904 4340 enim
2936 4277 2990 4320 et
3042 4267 3108 4340 iis
3137 4283 3261 4340 qua:
3294 4267 3456 4340 hodie
3488 4263 3610 4340 cer-

365 4343 589 4405 nuntur,
621 4331 964 4405 mani—festun't
991 4347 1074 4389 est
1106 4353 1134 4390 a
1165 4331 1368 4392 Christi
1397 4339 1728 4404 temporibus
1763 4331 1938 4394 nullos
1961 4331 2154 4393 deinde
2186 4333 2496 4392 Iudaeorum
2537 4352 2691 4405 reges
2721 4336 3024 4400 exstitisse,
3069 4331 3256 4390 fractis
3290 4346 3344 4390 et
3377 4336 3612 4402 dissipa—

365 4403 433 4456 tis
469 4408 628 4478 rebus
653 4403 1160 4478 omnibnslndaicis
1199 4409 1394 4476 quibus
1426 4403 1836 4478 gloriabantur;
1877 4409 2078 4476 templo
2111 4423 2322 4478 nempe,
2366 4407 2544 4469 altari,
2566 4403 2654 4478 rei
2685 4407 2880 4478 divina:
2906 4417 3167 4478 consueto
3195 4408 3322 4478 ritu,
3355 4417 3410 4478 et
3442 4406 3600 4458 indu-

365 4474 898 4552 mentis_pontilici_s.
925 4469 1147 4552 [inpleta
1171 4469 1255 4552 est
1283 4469 1482 4552 quippe
1513 4481 1798 4552 prophetia
1824 4469 1950 4549 quas
1976 4469 2109 4552 dicit
2135 4495 2147 4531 :
2187 4469 2294 4552 _Per
2311 4469 2432 4531 dies
2467 4477 2657 4552 multos
2703 4477 2966 4552 sedebant
2993 4477 3100 4552 ﬁlii
3127 4475 3301 4552 Israel
3313 4469 3439 4552 sine
3467 4493 3608 4544 rege,

361 4545 476 4595 sine
511 4545 766 4616 principe,
808 4545 922 4598 sine
959 4547 1244 4614 sacriﬁcio,
1278 4545 1393 4602 sine
1411 4545 1596 4614 altari,
1619 4545 1750 4602 sine
1801 4545 2115 4608 sticerdotio,
2152 4548 2262 4600 sine
2293 4549 2574 4616 responsis.
2619 4545 2826 4611 Quibus
2853 4548 3037 4602 verbis
3090 4547 3295 4599 utimur
3347 4547 3610 4600 adversus

359 4627 460 4686 eos
485 4614 602 4682 qui,
625 4614 752 4668 dum
782 4626 1043 4684 urgentur
1067 4619 1132 4672 iis
1161 4633 1284 4686 qua:
1317 4619 1368 4671 in
1393 4617 1590 4673 Genesi
1615 4619 1682 4672 ab
1713 4617 1882 4674 Jacob
1915 4621 1980 4672 ad
2004 4617 2197 4672 Judam
2245 4614 2389 4672 dicta
2435 4624 2583 4679 sunt,
2627 4629 2950 4686 permanere
2980 4617 3280 4670 etiamnum
3311 4631 3378 4669 ex
3412 4629 3611 4682 genere

357 4679 515 4757 Judai
545 4679 795 4757 asserunt
821 4679 1118 4754 principem
1149 4679 1238 4757 q'ui
1265 4687 1460 4756 populo
1493 4687 1827 4753 dominetur,
1854 4703 2032 4756 neque
2064 4687 2347 4743 defuturos
2367 4701 2435 4741 ex
2455 4679 2662 4757 semine
2688 4685 2804 4757 ejus
2831 4687 2992 4757 duces
3019 4700 3188 4754 usque
3210 4686 3274 4757 ad
3299 4679 3610 4757 eunfqnem

357 4751 460 4825 sibi
490 4755 684 4825 animo
705 4753 914 4825 ﬁngunt
941 4751 1139 4811 Cliristi
1166 4751 1482 4811 adven—tum.
1515 4758 1571 4812 Si
1599 4760 1742 4812 enim
1771 4751 1863 4821 per
1886 4751 1997 4812 dies
2025 4761 2214 4811 multos
2256 4758 2506 4810 sedebant
2539 4755 2640 4824 ﬁlii
2676 4751 2846 4809 lirael
2877 4757 2991 4808 sine
3031 4751 3166 4822 rege,
3191 4756 3304 4809 sine
3336 4751 3598 4822 principe,

357 4824 472 4876 sine
491 4823 803 4897 sacriﬁcio,
826 4827 937 4897 sine
969 4828 1151 4889 altari,
1195 4827 1311 4881 sine
1341 4828 1655 4894 sacerdotio,
1684 4830 1798 4883 sine
1847 4829 2151 4897 responsis;
2191 4843 2254 4880 ex
2317 4843 2423 4896 quo
2451 4837 2631 4897 autem
2665 4839 2915 4897 eversum
2951 4835 3035 4897 est
3065 4825 3343 4897 templum,
3381 4839 3486 4897 non
3527 4834 3612 4897 est

358 4893 850 4968 sacriﬁc_ium,_rnon
870 4895 1082 4968 altare,
1108 4912 1213 4950 non
1241 4891 2014 4968 sacerdotium,perspicuum
2047 4891 2418 4953 estdelecisse
2456 4895 2756 4968 principem
2781 4891 3066 4968 ex‘Juda,_
3089 4905 3142 4948 et
3178 4891 3380 4968 ducem
3435 4894 3502 4968 de
3533 4892 3612 4945 fe-
3723 4961 3728 4968 _

359 4978 510 5036 more
541 4962 676 5028 ejus.
705 4965 970 5031 Quoniam
1000 4967 1162 5035 igitur
1190 4967 1470 5036 prophetia
1505 4969 1638 5022 dicit
1667 4962 1682 5022 Ξ
1719 4962 1842 5023 Non
1878 4968 2082 5036 deﬁciet
2108 4971 2346 5034 princeps
2386 4962 2654 5036 ex’Judn,
2683 4980 2774 5018 nec
2805 4967 2916 5017 dum
2947 4965 3240 5036 defentore
3269 4963 3406 5032 ejus,
3443 4964 3610 5036 donec

355 5033 566 5107 ueniant
589 5037 814 5107 reposita
837 5036 886 5088 ei
913 5075 929 5098 ,
982 5033 1128 5090 venit
1165 5033 1326 5107 certe
1357 5038 1446 5092 cui
1471 5040 1700 5107 reposita
1733 5047 1884 5102 sunt,
1911 5033 2244 5107 eispectatio
2277 5033 2544 5104 gentium.
2566 5035 2723 5100 Quod
2772 5047 2828 5087 et
2865 5035 3211 5107 manifestum
3241 5045 3332 5107 est
3368 5048 3432 5086 ex
3466 5033 3604 5083 mul-

359 5103 591 5158 titudine
614 5105 852 5173 gentium
880 5121 998 5175 quas
1025 5121 1120 5174 per
1148 5105 1426 5162 Christum
1455 5109 1506 5162 in
1531 5103 1712 5163 'Denm
1745 5103 2114 5164 crediderunt.
2139 5107 2193 5162 In
2227 5103 2630 5161 Deuteronmmi
2660 5119 2874 5174 quoque
2898 5106 3120 5159 cantico
3149 5103 3440 5158 stultarum
3474 5115 3604 5168 gen-

428 5217 496 5252 ⁶¹’
536 5217 725 5273 Matth.
758 5236 812 5283 ιι,
846 5219 930 5275 18.
1006 5221 1050 5252 θ’
1079 5221 1270 5277 Matth.
1297 5239 1392 5288 vn,
1441 5223 1532 5288 ἓξ,
1557 5225 1648 5279 25.
1725 5225 1770 5256 ⁸³
1803 5223 1961 5279 Gellii!

2061 5239 2189 5290 ιιιι,
2219 5221 2306 5276 10.
2394 5221 2464 5254 ⁵³⁸
2492 5219 2620 5276 Ose.
2666 5235 2750 5286 ιιι,
2774 5220 2830 5274 4.

411 5311 716 5388 (ΔΨ-ΕΜιί
748 5329 1030 5384 perperam
1055 5357 1070 5379 ,
1121 5316 1406 5373 humilibus
1455 5321 1695 5374 tradidit.
1735 5319 1930 5375 Paulo-
1963 5329 2008 5386 ι)
2035 5337 2100 5374 ea:
2118 5336 2218 5388 quo
2247 5319 2425 5384 utique
2451 5319 2765 5372 subversum
2803 5323 2879 5370 est
2933 5313 3202 5384 templum,
3229 5313 3609 5370 desiderantur

355 5383 666 5459 pnstiidetn
695 5399 708 5434 :
741 5383 1340 5459 anteprteditreruntuu
1369 5405 1532 5458 neque
1559 5389 1718 5444 duces
1749 5391 1812 5442 de
1847 5391 1930 5459 fe-
1964 5383 1991 5386 ”
2037 5391 2091 5443 in
2123 5383 2306 5452 editis,
2340 5383 2394 5442 et
2421 5391 2780 5459 restituuntur
2801 5401 2872 5459 es
2901 5383 3154 5459 omnibus
3187 5399 3314 5459 mss:

323 5491 328 5498 .
357 5453 594 5528 moribus
615 5453 822 5528 ejus....
845 5453 1340 5528 Manifestissimum
1369 5453 1504 5511 enim
1527 5475 1592 5512 ea:
1618 5461 1730 5528 ipsa
1763 5453 1933 5514 histo-

2107 5461 2219 5528 (49)
2245 5460 2380 5512 Istos
2409 5459 2571 5528 hodie
2609 5458 2806 5528 (inquit
2835 5453 3604 5528 Cenebrardusljudging)-

357 5524 463 5599 rt'a,
488 5533 534 5576 et
563 5521 764 5588 exi/tis,
797 5527 1144 5590 etc.,omisso
1167 5539 1404 5595 apparet.
1436 5529 1542 5583 Sed
1577 5521 1768 5584 omnes
1795 5547 1927 5586 mss.
2039 5521 2236 5599 pellant
2267 5531 2318 5582 in
2359 5530 2474 5581 suis
2513 5521 2786 5582 C/tronicis
2843 5525 3073 5599 RQSH_E
3096 5595 3107 5599 _
3129 5521 3554 5599 H_AG_GALUT|'I
3585 5565 3600 5588 ,

357 5593 742 5680 utin-tium"
822 5664 832 5674 Ι
1099 5663 1110 5680 Ι
1150 5663 1164 5680 ¹
1438 5667 1474 5680 ﬂ
1614 5669 1626 5680 ⁸
2031 5593 2586 5680 principesea'snlunf,
2617 5605 2886 5680 eteorum
2926 5597 2978 5648 in
3015 5593 3604 5680 Babyloniam-success:

429 5661 542 5738 (At?)
569 5661 937 5738 Ms._R_egius,
970 5663 1110 5732 apud
1133 5663 1403 5721 Judwam.
1434 5667 1630 5724 Caneri
1688 5685 1818 5725 mss.
1873 5679 1928 5724 et
2031 5661 2238 5723 sionem
2267 5670 2334 5722 ab
2361 5669 2475 5738 ipso
2525 5665 2858 5738 Zorobabele
2899 5667 3063 5738 anxie
3096 5661 3398 5738 memorant
3426 5702 3470 5738 ,.
3505 5664 3598 5716 sed

359 5731 688 5807 editis—FP!”
723 5733 960 5807 θυείφοεο
1004 5731 1011 5732 ⁷
2029 5740 2188 5807 paulo
2217 5731 2528 5792 fabulosius.
2575 5737 2843 5807 Centerum
2873 5737 2993 5790 vide
3037 5750 3156 5804 qua:
3187 5731 3597 5807 observavimus

434 5801 548 5872 (48)
580 5800 703 5858 Non
727 5805 826 5858 erit
859 5805 1052 5874 hostia,
1073 5814 1204 5874 etc.,
1233 5820 1405 5878 usque
1437 5807 1502 5864 ad
1537 5808 1636 5864 ista
1667 5810 1852 5878 verba,
1878 5821 1924 5865 et
2027 5800 2084 5864 in
2112 5811 2254 5865 hunc
2284 5809 2460 5864 locum
2493 5807 2585 5863 lib.
2623 5823 2673 5860 tv
2702 5805 2774 5861 De
2822 5800 3076 5878 princip.,
3118 5821 3265 5860 uuln.
3298 5803 3350 5873 ὅ,
3379 5817 3434 5874 p.
3469 5802 3572 5858 159
3603 5871 3612 5879 Α

2107 5461 2219 5530 (49)
2245 5460 2380 5512 Istos
2409 5459 2573 5530 hodie
2609 5458 2806 5530 (inquit
2835 5454 3249 5530 Cepelngtrdus)
