4162 6416
548 423 651 481 579

1771 423 1826 480 S.
1867 423 2195 480 PAMPlllLl
2238 422 2590 479 MARTYRIS

3707 431 3814 490 580

547 547 656 601 ium
725 544 1134 600 Samosatenum
1167 587 1181 612 ,
1246 560 1439 614 purum
1513 543 1793 601 hominem
1824 590 1838 612 ,
1895 547 1948 600 id
1999 557 2124 615 est,
2154 554 2200 608 Α
2233 545 2298 600 ad
2329 545 2494 600 Deum
2526 545 2742 600 Patrem
2770 545 2959 600 retulit
2989 545 3131 602 hanc
3169 563 3377 615 vocem,
3413 549 3638 608 dicens:
3669 553 3814 620 Quia

547 639 839 693 nonetiam
873 637 1037 690 Deum
1077 638 1259 691 dicere
1297 636 1577 690 Christum
1627 637 1825 691 Filium
1860 637 1976 692 Dei.

615 733 670 786 4.
706 730 814 800 (65)
845 729 994 794 Ροει,
1027 731 1128 782 ista
1187 739 1295 794 est,
1328 745 1446 798 qua:
1491 731 1610 785 istis
1655 731 1907 785 omnibus
1940 731 2124 784 adver-

552 832 709 874 satur
738 820 902 890 (caeca
944 819 1086 872 enim
1124 827 1204 872 est
1233 819 1477 891 malitia),
1505 820 1650 889 quod
1672 821 1858 874 dicunt
1891 836 2012 875 eum
2044 821 2124 874 di-

546 910 929 982 εετε,δοκήσῃ,
957 909 1006 963 id
1035 919 1139 971 est,
1165 909 1406 976 putative
1448 921 1675 974 tantum,
1703 920 1757 964 et
1791 926 1886 979 per
1921 911 2124 981 allego-

547 1002 706 1063 riam,
735 1017 839 1055 nou
870 1002 1035 1057 etiam
1063 1001 1365 1054 secundum
1409 1018 1470 1056 ea
1522 1018 1645 1070 quae
1694 1018 1790 1071 per
1837 1003 2121 1057 historiam

545 1093 878 1159 referuntur,
911 1104 1061 1166 gesta
1096 1110 1215 1150 esse
1245 1094 1424 1148 omnia
1456 1109 1578 1163 quae
1602 1110 1630 1149 a
1659 1093 1940 1149 Salvatore
1972 1105 2121 1165 gesta

543 1196 689 1240 sunt.

613 1279 668 1332 5.
701 1277 813 1349 (64)
848 1279 964 1331 Alia
1000 1293 1217 1349 quoque
1261 1276 1570 1333 criminatio
1592 1288 1696 1343 est,
1733 1294 1835 1348 qua
1869 1285 2124 1332 asserunt

544 1385 670 1423 eum
704 1370 838 1422 duos
863 1369 1111 1423 Christos
1142 1371 1461 1439 przedicare.

625 1462 678 1514 6.
718 1460 937 1514 Addunt
984 1461 1111 1514 illud
1154 1476 1389 1530 quoque,
1440 1460 1580 1530 quod
1631 1459 1889 1514 historias
1932 1473 2124 1528 corpo-

551 1553 714 1615 rales,
740 1567 861 1620 quae
889 1567 987 1623 per
1017 1568 1230 1606 omnem
1285 1563 1531 1607 sanctam
1582 1554 1925 1622 Scripturam
1979 1553 2122 1607 refe-

542 1660 740 1704 runtur
774 1653 839 1705 de
866 1653 1037 1721 geStis
1059 1661 1395 1713 sanctorum,
1431 1653 1651 1718 penitus
1694 1651 1944 1719 deneget.

612 1742 664 1797 7.
709 1742 811 1796 Sed
855 1753 908 1797 et
960 1744 1024 1797 de
1066 1744 1463 1797 resurrectione
1512 1751 1887 1804 mortuorum,
1951 1750 2005 1794 et
2059 1739 2124 1795 de

542 1833 830 1902 impiorum
868 1836 1044 1902 pcenis
1091 1847 1196 1886 non
1247 1831 1348 1886 levi
1401 1832 1718 1900 impugnant
1757 1845 1879 1883 eum
1916 1828 2118 1882 calum-

2226 637 2365 691 Deus
2398 638 2628 692 charitas
2660 646 2734 690 est
2760 637 2848 691 "°‘.
2902 638 3005 693 Sed
3048 655 3261 694 rursum
3290 657 3353 698 es
3395 643 3508 712 ipsa
3545 645 3662 714 ejus
3690 647 3814 717 Epi-

2224 729 2363 784 stola
2403 729 2741 798 proferemus
2767 738 2822 784 et
2851 731 2981 784 illud
3020 734 3164 802 quod
3195 733 3312 786 ait:
3348 734 3689 804 Charissimi,
3728 740 3814 792 di-

2223 822 2448 890 ligamus
2500 822 2754 886 invicem,
2805 821 3052 892 quoniam
3088 824 3322 878 Charitas
3357 842 3421 880 ea:
3471 826 3579 881 Deo
3606 837 3681 881 est
3731 829 3807 880 ⁷¹.

2225 910 2336 980 (69)
2376 910 2476 977 Qui
2525 926 2655 981 ergo
2692 913 2866 966 dixit:
2906 911 3046 977 Quia
3104 911 3245 967 Deus
3289 915 3520 970 charitas
3561 928 3661 982 est,
3696 917 3812 989 ipse

2225 999 2420 1054 iterum
2449 1000 2768 1056 charitatem
2799 1005 2957 1056 docet
2984 1018 3103 1057 esse
3127 1017 3194 1058 ex
3240 1004 3348 1059 Deo
3375 1020 3390 1059 :
3425 1021 3589 1076 quam
3628 1008 3810 1062 chari-

2227 1102 2390 1147 tatem
2427 1094 2590 1147 credo
2631 1109 2735 1148 non
2785 1109 2909 1149 esse
2943 1094 3130 1161 alium,
3181 1096 3285 1151 nisi
3335 1099 3671 1168 unigenitum
3721 1101 3810 1156 Fi-

2225 1183 2352 1238 lium
2390 1186 2528 1255 ejus,
2565 1186 2706 1240 sicut
2740 1186 2908 1241 Deum
2941 1201 3007 1242 ex
3055 1188 3196 1254 Deo,
3246 1190 3320 1244 ita
3367 1192 3684 1246 cbaritatem
3732 1207 3804 1248 ex

2225 1279 2495 1334 charitate
2526 1281 2891 1351 progenitum.
2923 1297 2943 1330 ι

2295 1372 2620 1430 Ρειιριιιιυε.
2658 1376 2731 1430 De
2764 1376 2968 1430 eisdem
3014 1375 3068 1430 in
3113 1376 3307 1446 quinto
3341 1376 3482 1432 libro
3522 1377 3589 1432 de
3634 1376 3810 1432 Evan-

2226 1465 2372 1536 gelio
2400 1467 2696 1520 secundum
2730 1465 3018 1520 Joannem.

2295 1558 2588 1613 ORIGENES.
2632 1557 2742 1629 (70)
2775 1576 2793 1609 ι
2829 1557 3149 1627 Uuigenitus
3200 1557 3368 1613 Filius
3412 1557 3665 1613 Salvator
3707 1573 3798 1612 no-

2226 1659 2360 1713 ster,
2390 1651 2477 1718 qui
2513 1649 2660 1704 solus
2693 1665 2757 1703 ex
2795 1649 2958 1704 Patre
2991 1661 3152 1704 natus
3183 1660 3286 1717 est,
3329 1649 3480 1706 solus
3518 1659 3708 1704 natura
3750 1658 3807 1705 et

2225 1756 2331 1797 non
2368 1741 2658 1810 adoptione
2688 1741 2854 1796 Filius
2878 1751 2978 1796 est.
3007 1761 3027 1794 ι
3073 1765 3090 1786 ο

2297 1831 2407 1902 (7t)
2441 1832 2770 1891 ΡΑιινιιιιυε.
2808 1833 2937 1888 Ιιειη
2971 1834 3022 1887 in
3057 1833 3175 1901 ipso
3207 1832 3366 1889 libro.

542 1926 662 1989 nia,
709 1924 855 1978 velut
906 1930 1189 1992 negantem
1239 1921 1620 1991 peccatoribus
1661 1919 1943 1975 inferenda
1998 1933 2120 1974 esse
2153 1911 2196 1970 Β
2294 1922 2582 1977 Omcsnes.
2624 1941 2644 1974 ι
2674 1922 2825 1978 Unus
2871 1938 3000 1990 ergo
3031 1931 3115 1978 est
3151 1939 3309 1978 verus
3351 1922 3490 1979 Deus
3530 1925 3620 1993 qui
3658 1923 3804 1980 solus

541 2015 826 2085 supplicia.

611 2109 663 2164 8.
707 2107 934 2173 Quidam
971 2120 1102 2159 vero
1155 2102 1548 2173 disputationes
1595 2101 1734 2172 ejus,
1781 2101 1866 2156 vel
1899 2100 2117 2171 Opinio-

541 2214 661 2264 nes,
702 2214 837 2267 quas
875 2199 940 2251 de
979 2197 1173 2250 anima:
1210 2206 1354 2250 statu
1401 2195 1483 2250 vel
1515 2195 1917 2265 dispensatione
1951 2194 2119 2248 disse-

541 2292 668 2353 ruit,
699 2289 937 2357 culpant.

611 2379 667 2435 9.
709 2379 822 2449 (65)
864 2379 1060 2434 Ultima
1102 2393 1231 2431 vero
1261 2377 1499 2431 omnium
1537 2386 1616 2431 est
1652 2376 1966 2430 criminatio
2004 2375 2116 2441 illa,

541 2485 673 2540 quae.
703 2485 823 2524 cum
856 2469 1002 2523 omni
1066 2466 1414 2521 infamatioue
1453 2465 1802 2535 dispergitur,
1847 2483 2119 2534 μετενσω-

540 2560 856 2633 ματώσεως,
893 2560 944 2614 id
989 2567 1091 2623 est,
1132 2558 1272 2628 quod
1320 2558 1582 2611 humanas
1621 2557 1833 2612 animas
1881 2559 1931 2610 in
1970 2564 2116 2610 muta

539 2652 815 2715 animalia,
856 2651 939 2706 vel
970 2658 1269 2719 serpentes,
1302 2649 1384 2702 vel
1421 2649 1655 2716 pecudes
1695 2660 1908 2704 asserat
1944 2660 2119 2703 trans-

539 2743 734 2796 mutari
767 2752 882 2810 post
916 2749 1245 2802 mortem,'et
1278 2738 1419 2807 quod
1461 2739 1622 2793 etiam
1669 2739 1799 2809 ipsae
1846 2749 2115 2794 mutorum

536 2834 849 2888 animalium
901 2832 1096 2885 animae
1145 2829 1496 2884 rationabiles
1537 2831 1663 2885 sint.
1712 2830 1884 2896 Quam
1931 2830 2117 2885 crimi-

537 2927 807 2982 nationem
862 2924 1062 2978 idcirco
1095 2922 1446 2976 novissimam
1500 2922 1804 2990 posuimus,
1852 2932 1910 2975 ut
1963 2921 2115 2990 plura

537 3019 604 3071 de
634 3019 783 3072 libris
811 3016 927 3084 ejus
952 3023 1340 3070 coacervantcs
1369 3011 1641 3080 exempla,
1671 3011 1976 3066 evidentius
2000 3011 2116 3079 ejus

537 3108 746 3162 falsitas
781 3118 1124 3162 nosceretur.

609 3196 666 3251 Si
711 3212 842 3266 ergo
887 3199 1026 3252 bene
1065 3198 1408 3251 meminimus
1443 3193 1555 3265 (66)
1607 3191 1818 3246 ordinis
1854 3191 2115 3246 crimina-

538 3288 744 3342 tionnm
787 3303 943 3355 quem
989 3303 1150 3355 supra
1205 3284 1666 3355 conscripsimus,
1715 3281 2037 3351 incipiamus
2083 3297 2115 3336 a

538 3394 734 3449 prima.

679 3470 791 3542 (67)
832 3483 1116 3524 nesmnsro
1165 3485 1232 3523 an
1272 3481 1476 3520 parum
1523 3477 1971 3519 CRIMINATIONEM.

538 3582 694 3648 Quod
726 3599 790 3637 ex
832 3581 942 3635 Deo
994 3579 1155 3634 Patre
1197 3591 1350 3634 natus
1401 3588 1476 3632 est
1524 3577 1722 3640 Filius,
1762 3586 1810 3630 et
1847 3578 2004 3630 unius
2035 3582 2112 3630 est

606 3669 723 3706 cum
769 3652 925 3705 Patre
961 3653 1305 3715 substantiae;
1348 3650 1550 3704 alienus
1583 3664 1699 3702 vero
1730 3665 1760 3700 a
1794 3648 2106 3700 substantiis

605 3735 994 3777 creaturarum.

715 3837 814 3905 (Ex
854 3835 1028 3904 primo
1060 3834 1196 3889 libro
1230 3831 1484 3903 Epistolas
1516 3832 1582 3885 ad
1611 3829 1933 3900 Romanos.)

606 3927 715 3998 (68)
745 3927 1035 3981 ()mcsnss.
1075 3945 1092 3976 ι
1116 3926 1332 3992 Quaerat
1365 3924 1612 3978 fortassis
1642 3923 1836 3992 aliquis
1866 3925 1909 3977 si
1944 3922 2112 3980 Filius

535 4017 773 4072 Charitas
811 4027 918 4082 εει,
959 4017 1231 4087 praecipue
1269 4023 1490 4085 propter
1541 4016 1642 4069 hoc
1687 4013 1828 4084 quod
1875 4012 2112 4068 Joannes

603 4131 672 4162 "°‘
717 4129 734 4183 1
783 4129 938 4186 Joan.
967 4146 1039 4192 Iv,
1072 4131 1126 4194 8,
1161 4128 1246 4183 l6.
1320 4129 1374 4168 “-
1401 4128 1540 4184 .ibid.
1572 4127 1622 4180 7.
1695 4127 1763 4157 ⁷¹“
1802 4123 1989 4179 lTim-
2015 4122 2198 4190 V1.16-

533 4217 717 4264 uxxt,
749 4203 802 4256 6.
878 4200 944 4230 ⁷³”
987 4201 1116 4254 ibid.

608 4291 718 4363 (65)
760 4291 922 4363 Edili,
970 4301 1156 4363 quarta
1178 4290 1451 4363 postAistas
1483 4285 1696 4363 est.-Et
1739 4284 1900 4356 paulo
1929 4293 2051 4356 post
2085 4303 2099 4341 :

532 4356 651 4432 quia
693 4356 851 4432 juxta
904 4356 1184 4414 historiam
1229 4359 1552 4429 referuntur.
1589 4356 1696 4412 Sed
1727 4371 1915 4411 onlnes
1966 4371 2101 4410 mss.

534 4443 594 4487 ut
621 4433 671 4485 in
701 4442 884 4485 nostro
912 4442 1082 4485 textu.

607 4502 721 4572 (64)
774 4501 939 4566 Editi,
987 4501 1170 4572 quinta
1210 4499 1319 4572 illa
1351 4512 1599 4572 quoque;
1640 4505 1695 4550 et
1736 4495 1995 4572 deinceps
2043 4495 2099 4549 in

533 4568 1006 4640 subsequentibus
1031 4569 1274 4622 articulis
1307 4568 1530 4632 habent,
1558 4578 1776 4640 sexta...
1804 4569 2096 4640 septima...

2221 2006 2372 2060 habet
2434 2008 2910 2074 immortalitatem,
2969 2013 3135 2064 lucem
3196 2012 3397 2064 habitat
3467 2013 3803 2068 inaccessibi-

2221 2098 2321 2152 lem
2345 2097 2435 2152 ⁷¹·.
2469 2099 2620 2154 Unus
2661 2110 2716 2156 et
2749 2117 2909 2157 verus
2943 2101 3106 2168 Deus,
3134 2117 3202 2156 ne
3243 2103 3449 2158 scilicet
3471 2105 3652 2159 multis
3679 2106 3794 2160 veri

2222 2189 2316 2243 Dei
2361 2205 2556 2244 nomen
2591 2193 2883 2246 convenire
2915 2194 3220 2249 credamus.
3265 2195 3341 2248 Ita
3374 2211 3504 2268 ergo
3535 2205 3588 2250 et
3619 2197 3672 2250 hi
3708 2198 3800 2266 qui

2221 2281 2490 2351 accipiunt
2520 2283 2764 2351 spiritum
2795 2284 3092 2343 adontionis
3141 2285 3403 2353 ﬁliorum,
3446 2287 3503 2341 in
3546 2305 3650 2358 quo
3686 2287 3802 2358 (72)

2219 2374 2528 2438 clamamus,
2557 2374 2725 2440 Abba,
2774 2373 2937 2428 Pater
2968 2377 3035 2440 7',
3085 2375 3179 2431 ﬁlii
3229 2379 3444 2447 quidem
3497 2378 3588 2434 Dei
3637 2389 3798 2445 sunt,

2221 2468 2316 2521 sed
2369 2481 2476 2521 non
2528 2467 2667 2521 sicut
2717 2467 3025 2534 unigenitus
3074 2468 3260 2524 Filius.
3298 2468 3620 2540 Unigenitus
3659 2473 3801 2526 enim

2231 2565 2426 2612 natura
2466 2557 2657 2623 Filius,
2687 2567 2741 2613 et
2789 2573 3022 2628 semper,
3054 2567 3109 2614 et
3153 2561 3593 2631 inseparabiliter
3632 2563 3802 2618 Filius

2221 2656 2356 2704 est:
2418 2648 2598 2704 caeteri
2662 2665 2792 2705 vero
2857 2664 2955 2718 pro
3012 2665 3078 2705 eo
3139 2653 3280 2720 quod
3334 2662 3688 2722 susceperunt
3747 2655 3801 2708 in

2219 2757 2278 2797 se
2308 2741 2502 2796 Filimn
2541 2741 2666 2806 Dei,
2694 2751 3001 2808 potestatem
3035 2743 3147 2813 (75)
3185 2757 3510 2812 acceperunt
3539 2742 3671 2798 Filii
3701 2745 3800 2799 Dei

2216 2833 2353 2901 ﬁeri.
2389 2831 2493 2898 Qui
2527 2831 2646 2886 licet
2681 2849 2784 2886 non
2824 2849 2888 2886 ex
2927 2835 3204 2903 sanguine,
3237 2851 3401 2905 neque
3439 2851 3504 2889 ex
3533 2853 3578 2889 ut
3601 2836 3802 2892 Zuntate

2219 2921 2421 2985 carnis,
2470 2937 2637 2991 neque
2687 2937 2754 2974 ea:
2800 2921 3068 2976 voluntate
3107 2925 3243 2990 viri,
3289 2925 3377 2979 sed
3420 2942 3484 2979 ea:
3530 2925 3637 2978 Deo
3689 2929 3798 2980 nati

2217 3016 2320 3067 sint
2351 3015 2445 3078 η’,
2492 3022 2813 3068 nontamen
2867 3027 2929 3068 ea
2982 3017 3272 3070 nativitate
3326 3027 3455 3071 sunt
3503 3018 3651 3080 nati,
3692 3033 3799 3087 qua

2219 3112 2377 3158 natus
2407 3112 2491 3157 est
2525 3103 2834 3173 unigenitus
2869 3104 3056 3160 Filius.
3092 3106 3314 3178 Propter
3359 3109 3499 3178 quod
3543 3119 3798 3178 quantam

2217 3195 2580 3250 ditl‘erentiam
2638 3210 2796 3251 verus
2840 3199 2978 3252 Deus
3009 3199 3169 3253 habet
3205 3201 3271 3254 ad
3301 3215 3393 3254 eos
3434 3201 3629 3270 quibus
3667 3200 3801 3255 dici-

2226 3295 2353 3340 tur:
2414 3285 2526 3355 Ego
2579 3288 2695 3341 dixi
2732 3304 2750 3342 :
2794 3288 2885 3342 Dii
2925 3293 3049 3345 estis
3075 3292 3142 3358 ⁷³,
3185 3302 3390 3347 tantam
3443 3293 3798 3347 dilferentiam

2223 3376 2384 3430 habet
2413 3392 2572 3432 verus
2600 3377 2768 3434 Filius
2793 3381 2859 3434 ad
2887 3395 2980 3437 eos
2999 3382 3088 3450 qui
3117 3383 3344 3438 audiunt
3372 3399 3388 3438 :
3421 3382 3551 3438 Filii
3584 3383 3798 3439 Επειεί

2222 3483 2398 3520 omnes
2424 3468 2514 3522 7".
2544 3487 2563 3520 ι

2287 3555 2614 3614 Pumnws.
2659 3558 2731 3613 De
2772 3558 2923 3616 libris
2968 3561 3216 3632 Epistola:
3244 3562 3310 3617 ad
3359 3561 3633 3630 Hebraeos,
3666 3580 3798 3636 quo-

2219 3652 2377 3704 ntodo
2405 3651 2514 3720 (74)
2563 3651 2856 3720 ὁμοούσιος
2884 3662 2968 3708 εει
2999 3670 3119 3707 cum
3172 3654 3330 3708 Patre
3365 3654 3554 3722 Filius,
3592 3657 3644 3712 id
3677 3667 3796 3722 est,

2219 3741 2379 3794 unius
2413 3758 2534 3795 cum
2580 3742 2737 3797 Patre
2768 3745 3102 3810 substantize,
3131 3745 3342 3802 alienus
3372 3758 3554 3804 autem
3595 3764 3626 3803 a
3667 3751 3794 3804 sub-

2218 3834 2434 3888 stantiis
2465 3845 2755 3892 creaturae.

2289 3923 2580 3980 Omcsnss.
2628 3927 2740 3998 (75)
2790 3946 2810 3979 ι
2854 3927 3259 3998 Interrogamus
3310 3930 3474 4000 igitur
3516 3945 3611 3984 eos
3660 3944 3796 3998 quos

2218 4013 2364 4085 piget
2411 4015 2657 4070 conﬁteri
2713 4016 2882 4072 Deum
2931 4031 3055 4072 esse
3103 4018 3298 4072 Filium
3341 4020 3473 4085 Dei,
3525 4023 3796 4090 quomodo

2306 4127 2352 4156 ⁷⁸
2393 4126 2550 4180 Rom.
2579 4141 2699 4194 vni,
2729 4128 2816 4186 15.
2910 4129 2975 4162 ⁷³⁸
3015 4128 3170 4185 Joan.
3199 4145 3238 4196 ι,
3276 4130 3485 4198 12,13.
3563 4131 3609 4161 ⁷³
3647 4129 3791 4189 Psal.

2211 4365 2264 4410 ta
2285 4285 2602 4411 (69))ﬁgiti,
2635 4287 2802 4356 Quia,
2833 4299 2888 4344 et
2919 4290 2970 4344 in
3009 4289 3134 4355 ﬁne,
3161 4307 3226 4345 ea:
3255 4290 3512 4347 charitate
3549 4295 3792 4362 progeni-

2270 4374 2301 4409 η
2329 4396 2343 4411 .
2371 4375 2400 4408 n
2425 4393 2440 4409 .
2514 4397 2528 4411 .

2280 4427 2391 4498 (70)
2432 4426 2508 4498 Ex
2539 4427 2632 4482 lib.
2660 4428 2768 4480 vin
2799 4427 3002 4498 Evang.
3027 4427 3196 4486 Joan.

2279 4497 2397 4568 (71)
2431 4497 2733 4568 ltaountes
2764 4513 2894 4552 mss.
2929 4497 3122 4554 nostri.
3169 4500 3307 4554 Editi
3337 4516 3465 4555 vero
3494 4502 3787 4568 omittunt,

2209 4564 2665 4621 PAMPHILUS.
2698 4567 2830 4621 Item
2860 4570 2913 4620 in
2937 4571 3048 4638 ipso
3077 4569 3244 4634 libro,
3275 4569 3680 4627 ORIGENES.
3724 4564 3790 4627 Et

837 4615 998 4694 nonan“.
1054 4640 1161 4692 Sed
1221 4639 1335 4692 haec
1391 4615 1529 4691 mss:
1585 4636 1752 4707 nostri
1807 4615 2098 4707 omittunt;
2134 4615 2402 4690 Ddeinde
2459 4638 2696 4702 habent,
2752 4654 2888 4690 unus
2937 4615 3059 4707 errgo
3115 4615 3791 4707 uetjiisvDeu‘i-iolurh;

533 4727 765 4779 quorum
802 4711 908 4763 duo
956 4719 1187 4779 tantum,
1226 4707 1574 4779 Corbeiensis
1622 4705 1827 4779 scilicet
1873 4715 1929 4758 et
1973 4705 2104 4758 Sor-

533 4777 780 4844 lionicus,
812 4779 1013 4833 habent
1054 4777 1390 4832 solummodo
1433 4778 1485 4829 in
1537 4778 1802 4845 margine,
1839 4789 1909 4836 tv,
1943 4789 1996 4837 v,
2027 4789 2102 4838 vt,

533 4865 635 4912 vn,
662 4865 780 4914 vni,
811 4865 887 4913 ιχ,
920 4848 1060 4916 quod
1091 4863 1190 4901 nos
1223 4849 1275 4901 in
1312 4856 1458 4899 textu
1486 4847 1732 4900 numeris
1760 4845 2008 4899 Arabicis
2029 4859 2108 4899 re-

535 4923 819 4974 ferendum
845 4919 1228 4987 judicavimus.

603 4988 715 5060 (65)
756 4984 884 5042 Mss.
914 4986 1267 5060 duo,‘Ultima
1296 4984 1472 5060 vero

535 5052 633 5131 [all
661 5052 1072 5126 criminationis]
1107 5059 1232 5131 illa,
1262 5066 1392 5131 _etc_._
1427 5052 1798 5131 EdiliuNona
1840 5065 1885 5106 et
1919 5053 2108 5131 ultima

533 5123 650 5182 i’ero
674 5131 728 5181 in
758 5145 870 5182 eum
904 5139 977 5182 est
1007 5123 1305 5181 criminatio
1333 5126 1450 5188 illa,
1479 5135 1587 5180 etc.
1620 5123 1725 5178 Sed
1758 5125 1940 5178 caeteri
1973 5136 2104 5176 mss.

533 5209 591 5251 ut
625 5199 676 5252 in
710 5208 878 5252 textu.

603 5269 714 5341 (66)
756 5269 884 5322 Mss.
914 5268 1106 5341 nostri,
1135 5265 1249 5341 alii,
1281 5266 1500 5341 ordines
1511 5263 1946 5341 criminationum
1975 5279 2107 5341 quos

531 5335 717 5404 supra,
749 5349 891 5403 etc.;
935 5339 1022 5392 alii
1057 5348 1115 5392 ut
1142 5339 1194 5391 in
1229 5336 1398 5392 textu.
1427 5335 1592 5400 Editi,
1619 5337 1826 5387 ordines
1852 5337 2107 5388 crimina-

532 5409 733 5477 tionum
768 5424 901 5477 quas
926 5425 1108 5476 supra,
1133 5419 1239 5477 etc.

604 5475 714 5546 (67)
758 5472 880 5532 llaec
922 5472 1108 5541 verba,
1149 5476 1438 5544 Responsio
1489 5473 1556 5526 ad
1589 5476 1813 5541 primam
1854 5472 2109 5546 crimina-

533 5543 750 5613 tionem,
796 5562 1000 5601 necnon
1042 5550 1110 5598 ad
1143 5543 1448 5610 secundum,
1482 5547 1714 5607 tertiam,
1745 5552 1799 5596 et
1828 5543 1908 5596 sic
1950 5543 2099 5595 dein-

535 5632 661 5685 ceps
703 5633 871 5686 usque
909 5618 970 5669 ad
1003 5631 1223 5679 nonam,
1259 5631 1362 5669 non
1389 5625 1715 5686 comparent
1739 5616 1982 5686 inritns_s.,_
2013 5614 2106 5686 sed

533 5701 565 5740 e
602 5683 802 5741 nostro
853 5686 1159 5740 addidimus
1207 5687 1277 5738 ad
1334 5686 1617 5739 clariorem
1668 5685 1831 5738 libelli
1880 5683 2105 5736 divisio-

534 5769 655 5811 nem
665 5796 680 5809 .

537 5894 570 5948 5
605 5826 718 5897 (68)
762 5823 893 5949 Χὲιὲθ
922 5832 1077 5880 notas
1115 5822 1211 5879 lib.
1257 5838 1276 5878 ι
1313 5823 1369 5877 in
1412 5819 1585 5894 Epist.
1614 5827 1682 5877 ad
1727 5821 1904 5892 Rom,
1950 5841 2100 5883 num.

577 5936 590 5949 .
623 5911 741 5949 una.
873 5933 890 5949 .

576 5936 590 5963 ,
623 5911 741 5968 pag.
766 5897 890 5949 466.

1478 4984 1663 5038 nitium
1697 4992 1772 5037 est
1805 4982 2106 5036 criminatio

2209 4707 2322 4770 bet,
2349 4716 2454 4776 etc.
2488 4707 2657 4760 Paulo
2695 4718 2818 4776 post
2848 4723 2977 4761 mss.
2996 4703 3134 4774 'alii,
3176 4703 3321 4764 Unus
3351 4723 3397 4762 et
3434 4729 3582 4765 verus
3614 4712 3788 4776 Deus;

2207 4777 2321 4899 zlii,
2355 4775 2535 4841 Unus,
2577 4775 2882 4842 ait,’verus
2915 4777 3093 4844 Deus;
3136 4780 3298 4846 alius,
3340 4779 3489 4834 Unus
3533 4792 3588 4834 ut
3637 4775 3789 4838 verus

2260 4863 2372 4899 eus.

2453 4915 2653 4973 Omnes
2705 4931 2872 4982 mss.,
2919 4916 3234 4972 clamamus.
3299 4919 3476 4986 Editi,
3527 4919 3784 4986 clamant,

2208 4987 2392 5130 iniit?)
2432 5056 2594 5130 Editi,
2623 5057 2833 5111 habent.
2873 5055 2981 5111 Sed
3026 5071 3214 5130 omnes
3263 5074 3419 5124 mss.,
3452 5070 3784 5130 acceperunt.

2211 5125 2409 5199 Deinde
2430 5127 2576 5199 _editi
2629 5137 2682 5181 et
2713 5141 2813 5182 ms.
2844 5141 3002 5189 unus,
3027 5129 3117 5199 qui
3159 5129 3278 5182 licet
3320 5147 3422 5183 non
3463 5147 3528 5184 ea:
3565 5125 3780 5199 ἐρηριιὶ-

2208 5197 2376 5267 nibus.
2429 5195 2595 5250 Paulo
2642 5209 2766 5267 post
2811 5209 2940 5254 mss.
2991 5197 3262 5266 plerique,
3302 5210 3358 5254 et
3393 5202 3556 5265 editi,
3601 5195 3690 5253 sed
3724 5219 3788 5254 ea:

2207 5264 2318 5318 Deo
2352 5267 2463 5319 nati
2492 5276 2631 5319 sunt.

2278 5334 2390 5457 (7t?
2433 5337 2506 5388 Ita
2545 5337 2695 5418 editi,
2725 5344 2779 5391 et
2806 5337 2901 5417 ,εἰς
2932 5336 3217 5406 legendum
3269 5338 3506 5418 videtur.
3540 5337 3672 5394 Mss.
3705 5351 3787 5392 ta-

2278 5419 2330 5457 en
2382 5405 2582 5457 tabent.
2612 5423 2780 5457 ustus.
2807 5409 2857 5457 Id
2885 5416 2988 5457 est.
3022 5408 3221 5457 οὺσὶοε.
3247 5407 3346 5457 Ms.
3375 5407 3600 5457 Remus-
3625 5427 3783 5457 unus-

2208 5419 2330 5458 men
2363 5405 2582 5470 habent,
2612 5409 2780 5471 usius,
2806 5406 2857 5459 id
2885 5405 3003 5471 est,
3022 5408 3221 5470 οὺσὶος.
3247 5407 3346 5462 Ms.
3375 5407 3600 5476 Regius,
3625 5427 3783 5465 unus.

2210 5475 2567 5545 Deindegditi
2597 5481 2852 5530 omittunt.
2883 5489 3054 5529 autem
3091 5487 3208 5545 post
3237 5479 3462 5530 alienus.

2279 5544 2388 5614 (75)
2420 5543 2495 5596 Ex
2519 5544 2808 5599 Comment.
2833 5547 2888 5599 in
2915 5543 3178 5614 EpistJad
3208 5545 3474 5600 Hebraeos.
3502 5546 3600 5604 Ms.
3621 5564 3780 5613 unus,

2207 5613 2595 5683 Interrogemus
2646 5618 2825 5683 igitur,
2871 5613 2976 5669 etc.
3017 5617 3182 5670 Paulo
3227 5629 3346 5685 pust
3385 5618 3521 5672 alter
3572 5635 3696 5679 ms.,
3729 5622 3785 5673 in

2209 5685 2564 5756 liwreditatem
2611 5701 2794 5752 capere
2816 5702 3018 5738 onmem
3054 5688 3423 5754 principatum,
3455 5700 3562 5742 etc.
3597 5688 3783 5742 Codex

2207 5753 2432 5822 Regius,
2477 5754 2836 5808 hazreditatem
2887 5753 3069 5827 capere
3096 5753 3328 5809 omnium
3361 5757 3781 5827 principatum,

2205 5833 2254 5878 et
2281 5827 2516 5878 omnium
2545 5835 2880 5888 potestatum,
2907 5835 2957 5876 et
2985 5825 3256 5881 virtutum.
3279 5826 3388 5882 Sed
3431 5825 3613 5884 exteri
3645 5844 3778 5883 ωδε.

2209 5906 2262 5949 ct
2295 5895 2420 5949 editi
2455 5896 2592 5949 utin
2633 5907 2816 5950 nostro
2861 5904 3028 5950 textu.
