4162 6392
361 384 456 438 581

1533 378 1876 434 APOLOGIA
1943 377 2080 432 PRO
2133 377 2457 434 ORIGENE.

3517 383 3623 438 582

358 507 572 570 poterat
626 498 740 553 sola
791 500 1025 552 humana
1091 505 1286 552 natura
1344 497 1476 552 nihil
1529 499 1580 551 in
1625 514 1686 552 se
1727 499 1932 553 habens
1964 504 2007 558 Α
2107 495 2371 566 Superest
2417 507 2475 552 ut
2517 504 2572 551 et
2598 498 2856 556 secunda
2889 496 3261 553 criminationi
3315 497 3473 552 illata
3515 498 3618 554 sibi

356 593 637 657 eximium,
686 606 861 661 neque
909 591 1110 661 aliquid
1147 592 1342 647 divina
1377 591 1716 653 substantia,
1765 592 1936 645 hare-

357 682 578 735 ditatem
617 695 811 750 capere
836 695 1051 734 onmem
1091 681 1478 750 principatum,
1508 691 1563 734 et
1591 695 1806 734 omnem
1841 694 1935 747 po-

357 779 632 835 testatem,
661 779 714 823 et
754 769 1033 835 virtutem,
1079 779 1135 824 et
1177 770 1262 823 his
1289 770 1541 823 omnibus
1583 768 1829 837 praferri
1871 783 1934 822 ac

357 861 598 930 praponi
645 873 675 912 a
709 859 892 914 Patre.
925 857 1075 913 Unde
1110 868 1316 912 rectum
1352 859 1566 912 videtur
1614 858 1756 927 quod
1799 871 1933 923 pra-

357 952 592 1008 stantior
636 965 757 1004 esse
795 952 988 1004 debeat
1021 950 1066 1005 is
1113 951 1208 1020 qui
1260 949 1632 1004 hareditatem
1681 949 1844 1018 capit,
1879 957 1932 1002 et

358 1058 555 1115 genere
601 1042 806 1112 utique,
836 1046 905 1096 'et
956 1041 1156 1111 specie,
1202 1050 1256 1094 et
1291 1040 1616 1103 substantia,
1662 1048 1717 1094 et
1756 1039 1933 1094 subsi-

357 1136 556 1190 stentia
586 1136 673 1189 vel
705 1144 920 1200 natura,
952 1145 1114 1203 atque
1144 1135 1395 1188 omnibus
1425 1131 1729 1202 quibusque
1757 1132 1930 1186 modis

356 1227 516 1282 debet
544 1242 663 1282 esse
693 1227 1052 1296 prastantior.
1080 1245 1098 1278 ι

431 1321 755 1375 i’aupmws.
795 1320 859 1373 Et
889 1329 1008 1388 post
1043 1335 1214 1388 pauca
1250 1318 1303 1373 in
1334 1321 1523 1373 eodem
1555 1317 1694 1372 libro
1737 1335 1750 1372 :

426 1412 714 1467 ORIGENES.
753 1431 770 1462 ‹
802 1411 933 1464 Cum
975 1421 1157 1465 autem
1193 1411 1484 1464 discutitur
1523 1409 1626 1462 hoc
1657 1407 1799 1476 quod
1847 1407 1923 1460 di-

355 1513 498 1557 ctum
539 1513 622 1557 est
650 1503 716 1556 de
756 1501 890 1556 Filio
930 1501 1043 1564 Dei,
1073 1503 1214 1570 quod
1247 1502 1318 1554 sit
1355 1499 1600 1566 splendor
1641 1502 1824 1569 gloriae
1853 1499 1923 1566 ",

356 1597 662 1648 necessario
690 1593 899 1647 videtur
947 1593 1106 1648 simul
1139 1591 1510 1646 disserendum
1540 1600 1594 1645 et
1623 1592 1750 1645 illud
1783 1594 1925 1662 quod

355 1686 558 1740 dictum
612 1693 724 1750 est,
774 1699 880 1738 non
935 1683 1108 1737 solum
1165 1682 1292 1750 quia
1358 1682 1604 1747 splendor
1658 1691 1736 1735 est
1787 1683 1924 1736 lucis

356 1785 567 1832 wternte
593 1778 684 1839 η’,
714 1777 806 1829 sed
833 1783 887 1828 et
919 1766 1060 1842 quod
1092 1774 1216 1828 huic
1247 1772 1423 1828 simile
1449 1773 1499 1826 in
1525 1772 1802 1842 Sapientia
1833 1773 1925 1829 Sa-

2044 589 2112 642 ab
2146 589 2574 652 accusatoribus,
2615 604 2710 657 per
2740 603 2838 642 nos
2873 589 3093 658 quidem
3125 589 3348 657 prolatis
3381 591 3473 644 scd
3505 593 3621 646 Suis

2043 680 2221 735 verbis
2253 681 2365 748 ipse
2397 681 2736 748 respondeat,
2782 680 2992 734 duobus
3031 679 3117 734 vel
3166 680 3339 734 tribus
3376 682 3622 735 testimo-

2043 773 2150 825 niis
2193 771 2476 835 adhibitis,
2507 771 2702 840 quibus
2745 785 2954 840 aquum
2989 779 3071 826 est
3103 771 3401 826 secundum
3442 772 3617 844 legem

2041 872 2280 917 nostram
2313 877 2476 917 omne
2513 863 2736 916 verbum
2764 871 2913 917 stare
2940 861 3028 918 η’.

2232 967 2516 1008 RESPONSIO
2551 971 2620 1008 AD
2661 970 2934 1009 SECUNDAI
2968 969 3420 1010 CRIHINATIONEDI.

2040 1063 2193 1130 Quod
2223 1081 2325 1118 non
2359 1082 2449 1132 per
2488 1066 2838 1134 prolationem
2872 1079 3055 1120 natum
3089 1069 3230 1121 dicat
3257 1085 3370 1122 esse
3412 1066 3615 1123 Filium

2281 1134 2372 1187 Dei
2410 1138 2692 1189 secundum
2735 1135 2994 1190 Valentini
3032 1138 3374 1206 impietatem.
3514 1141 3516 1143 ’

2106 1223 2394 1282 ORIGENES.
2431 1226 2544 1299 (78)
2595 1246 2613 1278 α
2647 1228 2759 1298 Ego
2796 1228 3033 1283 arbitror
3062 1230 3204 1298 quod
3245 1228 3491 1285 sullicere
3521 1231 3617 1284 de-

2034 1317 2160 1370 beat
2207 1318 2456 1373 voluntas
2506 1319 2681 1373 Patris
2731 1320 2794 1372 ad
2848 1321 3251 1374 subsistendum
3321 1320 3422 1374 hoc
3467 1323 3614 1390 quod

2034 1407 2147 1460 vult
2203 1407 2384 1462 Pater.
2434 1408 2634 1464 Volens
2689 1411 2836 1463 enim
2908 1426 3012 1463 non
3075 1410 3180 1464 alia
3237 1412 3322 1464 via
3402 1413 3614 1477 utitur,

2035 1498 2145 1569 (79)
2200 1499 2303 1553 nisi
2358 1515 2478 1569 qua
2531 1501 2764 1554 consilio
2820 1501 3117 1556 voluntatis
3178 1502 3477 1572 profertur.
3533 1502 3615 1558 Ita

2032 1605 2161 1658 ergo
2206 1601 2261 1645 et
2319 1591 2388 1646 ab
2418 1607 2482 1646 eo
2519 1592 2640 1646 Filii
2697 1593 3046 1647 subsistentia
3095 1605 3425 1663 generatur:
3469 1597 3614 1664 quod

2031 1697 2257 1737 necesse
2286 1693 2370 1738 est
2413 1684 2464 1737 in
2511 1684 2703 1752 primis
2750 1684 2950 1753 suscipi
2991 1685 3174 1738 abhis
3219 1685 3309 1754 qui
3359 1686 3494 1739 nihil
3528 1688 3614 1741 in-

2038 1774 2310 1840 genitum,
2362 1775 2416 1828 id
2481 1782 2565 1830 est
2631 1776 2908 1840 innatum,
2967 1785 3172 1845 prater
3216 1776 3390 1830 solum
3446 1778 3611 1832 Deum

353 1865 585 1919 lomonis
636 1867 892 1929 refertur,
946 1865 997 1917 in
1043 1878 1150 1932 qua
1206 1864 1436 1931 seipsam
1498 1861 1780 1931 Sapientia
1827 1865 1922 1919 de-
1963 1860 2003 1914 Β
2041 1861 2254 1916 Patrem
2285 1864 2544 1921 fatentur.
2581 1863 2988 1920 Observandum
3023 1881 3254 1936 namque
3281 1877 3362 1922 est
3392 1883 3459 1922 ne
3495 1869 3614 1937 quis

353 1959 546 2014 scribit
600 1959 837 2012 dicens:
897 1953 1069 2024 Vapor
1120 1963 1194 2007 est
1248 1956 1386 2007 enim
1440 1952 1646 2007 itirtutis
1700 1955 1826 2020 Dei,
1877 1963 1928 2010 et

352 2051 625 2118 aporrlioza
653 2048 832 2118 gloria:
861 2046 1242 2114 Omnipotentis
1275 2045 1563 2112 purissima
1588 2045 1657 2101 ⁷⁵.
1688 2063 1707 2096 r

426 2142 750 2196 PAMPHILUS.
783 2139 850 2192 Et
885 2147 1003 2207 post
1041 2136 1317 2204 aliquanta
1345 2153 1358 2190 :

426 2232 715 2286 Oaicesas.
758 2249 775 2282 t
807 2230 1030 2298 Oportet
1079 2239 1254 2282 autem
1305 2229 1449 2284 scire
1506 2245 1606 2285 nos
1656 2230 1781 2299 quia
1833 2246 1932 2299 per

355 2323 645 2378 inell‘abilia
698 2323 941 2391 quaedam
992 2331 1046 2375 et
1095 2333 1301 2376 secreta
1359 2337 1423 2375 ac
1475 2322 1756 2376 recondita
1810 2321 1926 2394 (76)

354 2417 640 2484 quemdam
704 2415 918 2468 modum
970 2414 1072 2469 sibi
1136 2412 1340 2468 iaciens
1404 2413 1685 2483 Scriptura
1738 2425 1926 2468 sancta

353 2517 579 2561 conatur
620 2506 925 2560 hominibus
965 2505 1203 2560 indicare
1236 2515 1291 2560 et
1339 2505 1673 2558 intellectum
1727 2521 1928 2578 sugge-

353 2613 472 2653 rere
515 2598 792 2653 subtilcm.
825 2597 1048 2666 Vaporis
1077 2597 1220 2650 enim
1256 2611 1452 2650 nomen
1488 2597 1772 2662 inducens,
1821 2598 1926 2654 hoc

352 2690 472 2744 ideo
515 2692 580 2742 de
629 2691 785 2743 rebus
833 2688 1205 2758 corporalibus
1244 2691 1568 2757 assumpsit,
1619 2699 1677 2742 ut
1725 2689 1808 2744 vel
1858 2705 1924 2744 ex

350 2788 503 2849 terte
550 2780 729 2847 aliqua
783 2780 1086 2850 intelligere
1138 2781 1410 2848 possimus
1456 2782 1728 2848 quomodo
1769 2780 1927 2836 Chri-

345 2880 480 2936 stus,
507 2873 597 2941 qui
629 2880 711 2926 est
742 2872 1036 2940 Sapientia,
1069 2872 1360 2925 secundum
1389 2872 1793 2927 similitndinem
1812 2873 1926 2942 ejus

347 2962 567 3032 vaporis
604 2961 693 3030 qui
744 2962 808 3015 de
871 2963 1168 3016 substantia
1207 2961 1384 3029 aliqua
1427 2978 1686 3031 corporea
1737 2979 1923 3032 prooe-

348 3055 454 3119 dit,
520 3057 599 3109 sic
653 3054 813 3107 etiam
875 3053 986 3122 ipse
1052 3062 1111 3106 ut
1148 3054 1363 3122 quidam
1432 3069 1602 3122 vapor
1661 3054 1776 3124 ('77)
1829 3071 1924 3109 ex-

344 3147 520 3199 oritur
547 3146 612 3200 de
644 3137 838 3198 virtute
868 3145 1037 3212 ipsius
1088 3143 1181 3197 Dei
1211 3161 1224 3196 :
1261 3145 1338 3198 sic
1365 3153 1419 3198 et
1452 3144 1728 3213 Sapientia
1760 3160 1826 3200 ex
1858 3161 1922 3200 eo

2041 1953 2285 2009 incurrat
2321 1957 2372 2008 in
2414 1955 2534 2008 illas
2581 1957 2846 2010 alisurdas
2883 1955 3091 2011 fabulas
3124 1972 3309 2011 eorum
3343 1959 3434 2027 qui
3487 1975 3614 2029 pro-

2032 2045 2272 2101 lationes
2299 2047 2562 2116 quasdam
2611 2046 2712 2102 sibi
2739 2047 2870 2116 ipsis
2917 2048 3234 2118 depingunt,
3281 2057 3339 2102 ut
3373 2050 3612 2106 divinam

2032 2147 2281 2191 naturam
2323 2139 2374 2191 in
2409 2147 2589 2206 partes
2627 2147 2838 2202 vocent,
2871 2149 2924 2193 et
2953 2139 3117 2192 Demn
3153 2139 3390 2206 Patrem,
3439 2157 3614 2211 quan-

2030 2239 2139 2283 tum
2183 2231 2234 2283 in
2283 2245 2341 2283 se
2389 2239 2503 2293 est,
2554 2231 2833 2296 dividant,
2877 2245 2998 2284 cum
3037 2231 3140 2285 hoc
3171 2231 3239 2285 de
3289 2233 3613 2302 ineorporea

2028 2331 2216 2376 natura
2270 2322 2352 2376 vel
2404 2322 2596 2378 leviter
2650 2323 2915 2391 suspicari
2963 2339 3069 2377 non
3130 2322 3304 2377 solum
3355 2336 3613 2380 extrema

2028 2413 2320 2481 impietatis
2353 2415 2443 2475 sit,
2479 2427 2664 2466 verum
2698 2414 2861 2468 etiam
2899 2413 3101 2468 ultima
3133 2415 3477 2486 insipientia,
3511 2433 3611 2472 nec

2025 2505 2247 2558 omnino
2289 2503 2371 2557 vel
2421 2504 2486 2557 ad
2531 2503 2942 2571 intelligentiam
2991 2520 3369 2574 consequens,
3416 2516 3474 2562 ut
3522 2509 3611 2563 in--

2027 2609 2305 2666 corporeae
2363 2605 2573 2649 natura
2622 2595 2996 2648 subsmntialis
3047 2595 3241 2651 divisio
3301 2599 3475 2666 possit
3524 2599 3610 2654 in-

2031 2686 2221 2756 telligi.
2253 2685 2424 2753 Magis
2455 2701 2584 2756 ergo
2610 2688 2750 2741 sicut
2789 2686 3035 2739 voluntas
3077 2687 3322 2755 procedit
3346 2702 3376 2743 e
3408 2697 3609 2755 mente,

2026 2787 2080 2833 et
2112 2793 2286 2846 neque
2333 2789 2544 2847 partem
2592 2777 2828 2847 aliquam
2878 2778 3078 2832 mentis
3122 2788 3296 2844 secat,
3336 2794 3510 2850 neque
3543 2782 3612 2836 ab

2024 2884 2086 2924 ea
2118 2879 2409 2936 separatur
2437 2879 2532 2922 aut
2563 2869 2845 2932 dividitur,
2881 2867 2970 2920 tali
3017 2869 3249 2936 quadam
3284 2870 3466 2938 specie
3517 2887 3610 2941 pu-

2029 2960 2220 3014 tandus
2265 2972 2349 3014 est
2394 2959 2556 3014 Pater
2603 2957 2804 3013 Filium
2856 2963 3139 3029 genuisse,
3187 2961 3473 3031 imaginem
3507 2965 3609 3017 sci-

2025 3051 2154 3106 licet
2195 3067 2348 3107 suam
2380 3069 2392 3105 :
2429 3061 2486 3104 ut
2523 3052 2666 3105 sicut
2703 3051 2814 3119 ipse
2857 3059 2942 3104 est
2986 3051 3272 3106 invisibilis
3303 3068 3398 3122 per
3445 3063 3604 3108 natu-

2028 3158 2164 3207 ram,
2211 3143 2284 3196 ita
2343 3143 2633 3213 imaginem
2687 3157 2901 3210 quoque
2955 3141 3277 3198 invisibilem
3331 3147 3602 3213 genuerit.

341 3235 661 3304 procedens,
709 3247 774 3287 ex
827 3233 945 3302 ipsa
993 3231 1291 3286 substantia
1334 3232 1426 3286 Dei
1481 3241 1811 3302 generatur:
1846 3235 1923 3290 sic
1951 3240 1992 3298 C
2030 3233 2265 3289 Verbum
2313 3235 2458 3290 enim
2490 3244 2572 3290 est
2601 3233 2792 3298 Filius,
2828 3242 2881 3286 et
2927 3233 3047 3288 ideo
3077 3233 3209 3287 nihil
3248 3235 3301 3288 in
3335 3251 3400 3290 eo
3427 3239 3605 3292 sensi-

343 3326 692 3381 nihilominus
723 3333 776 3380 et
819 3325 1116 3380 secundum
1163 3325 1568 3379 similitudinem
1623 3327 1919 3396 corporalis

343 3419 680 3486 aporrhaa,
725 3433 844 3472 esse
884 3418 1084 3473 dicitur
1132 3418 1420 3486 aporrhaa
1476 3417 1661 3486 gloria
1731 3416 1918 3472 Omni-

340 3512 576 3580 potentis
624 3527 756 3580 pura
810 3509 1054 3578 quadam
1107 3519 1161 3564 et
1209 3509 1443 3564 sincera.
1494 3508 1624 3575 Qua
1673 3517 1918 3579 utraque

341 3601 726 3655 similitudines
775 3601 1210 3655 manifestissime
1241 3601 1535 3670 ostendunt
1575 3602 1914 3656 communio-

341 3708 462 3747 nem
497 3693 812 3748 substantia
852 3707 971 3746 esse
1015 3692 1154 3746 Filio
1203 3707 1326 3746 cum
1383 3690 1565 3745 Patre.
1614 3691 1913 3761 Aporrhaa

338 3787 481 3840 enim
528 3784 809 3855 ὁμοούσιος
844 3785 1078 3849 videtur,
1128 3784 1180 3838 id
1229 3793 1332 3847 est,
1392 3785 1554 3838 unius
1600 3785 1915 3839 substantia

338 3892 462 3931 cum
517 3878 607 3932 illo
657 3890 885 3946 corpore
932 3891 997 3930 ex
1042 3889 1149 3946 quo
1197 3883 1282 3930 est
1330 3873 1415 3929 vel
1466 3875 1776 3943 aporrbaa,
1826 3877 1912 3932 vel

336 3982 524 4036 Vapor.
855 4033 858 4036 .

408 4059 735 4115 Pupmws.
773 4057 915 4112 Satis
964 4055 1268 4118 manifeste,
1318 4062 1378 4109 ut
1415 4055 1627 4125 Opinor,
1659 4064 1713 4110 et
1757 4057 1912 4113 valde

333 4152 610 4207 evidenter
651 4161 924 4205 ostensum
963 4160 1074 4212 est,
1124 4148 1266 4216 quod
1309 4147 1504 4201 Filium
1551 4147 1642 4200 Dei
1693 4147 1758 4200 de
1795 4149 1908 4217 ipsa

316 4244 430 4301 .Dei
483 4241 786 4296 substantia
841 4248 1028 4294 natum
1079 4237 1312 4301 dixerit,
1366 4237 1417 4290 id
1454 4247 1557 4301 est,
1597 4237 1905 4308 ὁμοούσιον,

333 4335 476 4402 quod
522 4343 627 4396 est,
660 4332 900 4400 ejusdem
930 4346 1052 4397 cum
1087 4330 1250 4384 Patre
1295 4330 1647 4396 substantia;
1699 4342 1755 4384 et
1801 4347 1905 4386 non

333 4440 457 4480 esse
495 4433 822 4490 creaturam,
855 4437 1029 4490 neque
1069 4437 1166 4492 per
1191 4422 1559 4490 adoptionem,
1590 4424 1684 4478 sed
1715 4431 1904 4478 natura

332 4518 526 4573 Filium
562 4532 768 4581 verum,
792 4531 858 4571 ex
885 4516 1001 4586 ipso
1034 4514 1192 4569 Patre
1223 4524 1563 4584 generatum.

403 4654 448 4690 "
487 4655 650 4710 Hebr.
677 4670 714 4721 ι,
746 4655 799 4710 3.
873 4655 941 4687 "‘
983 4654 1109 4724 Sap.
1136 4668 1230 4718 vn,
1263 4651 1353 4708 26.
1430 4653 1475 4684 ⁷⁸
1516 4653 1646 4708 ibid.
1677 4653 1768 4707 25.
1843 4655 1912 4714 ’ξ’

2028 4654 2156 4711 Cor.
2177 4670 2298 4718 xm,
2328 4655 2380 4708 1.

403 4773 514 4843 (76)
556 4773 729 4833 Editi,
765 4773 1148 4841 quodammodo
1186 4772 1286 4825 vim
1326 4771 1434 4843 sibi
1491 4772 1689 4843 faciens
1712 4812 1726 4825 .
1749 4811 1766 4827 .
1789 4809 1804 4824 .

328 4842 647 4899 intellectum
679 4859 854 4911 gerere
883 4843 1124 4895 subtilem
1154 4842 1362 4909 vaporis
1394 4858 1579 4894 nomen
1623 4842 1892 4896 inducens.

330 4913 482 4979 Quod
529 4913 646 4966 ideo
697 4914 760 4966 de
811 4915 960 4964 rebus
1010 4912 1368 4979 corporalibus
1419 4913 1734 4977 assumpsit,
1787 4921 1895 4969 etc.

327 4987 528 5041 Omnes
561 4998 688 5036 mss.
721 4984 911 5044 nostri,
940 4984 1214 5050 quemdam
1252 4986 1462 5050 modum
1495 4981 1592 5033 sibi
1622 4980 1892 5048 faciens...

325 5067 374 5108 et
412 5053 727 5105 intellectum
757 5067 933 5121 gerere
961 5051 1225 5121 subtilem.
1271 5049 1488 5119 Vaporis
1521 5051 1660 5103 enim
1710 5067 1898 5104 nomen

326 5126 576 5178 inducens
620 5119 975 5193 [al.aucerts]
1031 5121 1168 5190 quod
1217 5121 1334 5193 ideo
1380 5122 1445 5173 de
1494 5121 1646 5193 rebus
1691 5137 1897 5173 assum-

327 5197 451 5261 psit,
481 5203 586 5245 etc.
624 5191 739 5246 Sed
777 5193 916 5260 quod
953 5191 1162 5244 videtur
1191 5191 1418 5259 positum
1456 5206 1557 5260 pro
1597 5191 1714 5261 hoc,
1734 5199 1798 5261 et
1828 5193 1898 5243 ita

327 5259 469 5317 hunc
513 5261 688 5315 locum
725 5259 1116 5316 restituendum
1167 5259 1476 5315 censuimus
1503 5261 1570 5313 ad
1602 5259 1898 5327 planiorem

327 5332 750 5395 intelligentiam.

397 5400 508 5469 (77)
553 5400 623 5453 lla
657 5411 800 5454 recte
835 5398 987 5469 editi.
1021 5397 1148 5469 Mss.
1178 5413 1304 5452 vero
1340 5399 1529 5464 nostri,
1561 5397 1678 5469 alii,
1700 5398 1900 5451 exscri-

329 5468 497 5532 bitur;
541 5469 666 5536 alii,
709 5468 1044 5538 exprimitur.
1091 5468 1254 5521 Paulo
1293 5478 1416 5535 post
1463 5484 1590 5522 mss.
1633 5468 1894 5536 plerique,

330 5545 610 5595 secundant
663 5539 1060 5594 similitudinem
1115 5539 1402 5603 corporalis
1462 5539 1736 5605 aporrhwa
1789 5554 1898 5591 esse

331 5613 517 5666 dicitur
543 5609 837 5674 aporrhcea,
864 5620 970 5664 etc.
1001 5607 1107 5662 Sed
1133 5608 1331 5662 rectius
1362 5622 1466 5662 ms.
1524 5623 1661 5662 unus
1687 5619 1740 5662 et
1768 5607 1898 5663 editi

331 5693 382 5734 at
415 5684 465 5735 in
503 5689 674 5733 textu.

395 5751 506 5821 (78)
555 5751 630 5821 βπ
663 5749 787 5821 libr.
815 5764 832 5803 1
864 5745 938 5801 De
966 5747 1214 5815 princip.,
1247 5746 1452 5821 capsa.
1488 5762 1637 5800 num.
1665 5745 1717 5821 6_.

397 5815 508 5893 (79}
547 5818 639 5875 Sic
667 5820 817 5884 editi,
843 5829 897 5874 et
927 5834 1056 5874 mss.
1084 5821 1348 5888 plerique.
1376 5819 1501 5872 Mss.
1537 5832 1662 5873 vero
1694 5815 1893 5887 Regius

2023 3327 2132 3382 bile
2184 3327 2590 3396 intelligendum
2633 3335 2734 3382 est.
2789 3323 3070 3393 Sapientia
3115 3332 3232 3389 est,
3287 3333 3343 3379 et
3394 3325 3446 3379 in
3483 3325 3607 3379 'Sa-

2019 3417 2226 3487 pientia
2274 3418 2404 3472 nihil
2449 3431 2770 3486 corporeum
2817 3415 3205 3484 suspicandum
3252 3421 3358 3469 est.
3402 3413 3604 3470 Lumen

2017 3519 2103 3566 est
2148 3526 2324 3564 verum
2362 3509 2501 3575 quod
2535 3508 2799 3561 illuminat
2837 3521 3043 3559 omnem
3081 3506 3342 3560 hominem
3385 3508 3601 3562 venien-

2017 3609 2118 3654 tem
2157 3602 2212 3655 in
2252 3603 2390 3655 hunc
2432 3601 2685 3654 mundum
2711 3597 2778 3663 ⁷⁸,
2812 3595 2904 3651 sed
2937 3596 3071 3664 nihil
3107 3596 3268 3652 habet
3310 3611 3601 3654 commune

2017 3695 2081 3747 ad
2117 3693 2246 3747 solis
2292 3693 2452 3760 hujus
2479 3693 2679 3746 lumen.
2718 3709 2738 3742 ι

2082 3782 2410 3841 PAMPHILUS.
2459 3783 2536 3838 De
2580 3783 2667 3837 his
2731 3779 2860 3851 ipsis
2905 3793 2972 3834 ex
3015 3789 3212 3849 quarto
3257 3779 3399 3836 libro
3456 3781 3600 3849 Περὶ

2013 3872 2235 3943 ἀρχῶν.

2082 3961 2236 4018 Ome.
2297 3981 2317 4015 ι
2361 3963 2596 4034 Tempus
2649 3971 2734 4018 est
2910 3960 2929 4025 l_
2946 3958 3045 4030 80)
3109 3959 3249 4030 Ὦρα
3323 3961 3598 4016 ἐπαναλα-

2011 4055 2255 4110 decursis
2286 4054 2372 4108 his
2414 4071 2534 4124 qua
2564 4055 2632 4109 de
2662 4054 2766 4108 Paa
2829 4053 2998 4126 ,δόντα
3040 4055 3167 4126 περὶ
3206 4055 3455 4126 Πατρὸς,
3504 4057 3598 4110 καὶ

2008 4156 2094 4204 tre
2138 4159 2193 4204 et
2253 4149 2393 4203 Filio
2439 4159 2496 4204 et
2557 4148 2769 4218 Spirittl
2840 4147 3001 4213 Υἱοῦ,
3057 4149 3153 4202 καὶ
3212 4149 3369 4218 ἁγίου
3428 4150 3597 4204 Ilvati-

2009 4249 2198 4293 sancto
2261 4240 2648 4303 disseruimus,
2697 4239 2772 4293 de
2838 4260 3035 4307 αατος,
3089 4243 3240 4312 ὀλίγα
3306 4243 3412 4299 τῶν
3473 4244 3595 4298 τότε

2009 4335 2113 4389 illis
2141 4351 2355 4405 quoque
2388 4350 2507 4404 qua
2534 4350 2564 4387 a
2606 4335 2763 4390 nobis
2837 4335 3352 4407 παραλελειμμένων
3390 4336 3594 4402 διεξελ-

2008 4427 2193 4481 relicta
2279 4429 2526 4490 fuerant,
2591 4443 2761 4497 pauca
2834 4429 2945 4482 θεῖν
3011 4432 3141 4500 περὶ
3221 4431 3435 4500 Πατρὺς
3516 4429 3594 4496 ὡς

2008 4530 2270 4588 repetere.
2293 4520 2432 4574 Deus
2456 4519 2616 4574 Pater
2639 4535 2760 4574 cum
2833 4519 3137 4593 ἀδιαίρετος
3177 4519 3252 4575 ὣν
3315 4523 3410 4576 καὶ
3465 4520 3594 4590 ἀμέ-

2455 4654 2502 4687 "
2539 4653 2695 4712 Joan.
2728 4671 2768 4724 ι,
2800 4656 2851 4712 9.

1847 4783 1894 4826 et
1929 4777 1973 4833 ι)
2002 4783 2056 4828 et
2085 4773 2428 4830 Corbeiensis
2449 4817 2465 4844 ,
2509 4775 2614 4829 nisi
2646 4775 2773 4844 quia
2806 4775 2898 4846 [al.
2929 4773 3058 4845 qua]
3093 4775 3311 4829 consilio
3343 4772 3589 4829 uoluntas

2042 4861 2098 4896 ro
2104 4849 2153 4909 ['e
2160 4855 2201 4896 rt
2209 4861 2240 4896 tt
2251 4861 2294 4896 r.

2002 4862 2294 4913 prolertttr.

2076 4913 2187 4980 (80)
2229 4913 2308 4968 Ex
2345 4913 2438 4968 lib.
2464 4929 2516 4968 tv
2546 4913 2622 4967 De
2661 4914 2911 4982 princip.,
2935 4930 3084 4968 num.
3113 4911 3587 4980 28.-Ὧραὲπα-

2001 4983 2364 5052 rainy-orta,
2392 4993 2499 5040 etc.
2525 4983 2710 5037 Graca
2763 4985 2876 5038 hac
2911 4986 3191 5053 desumpta
3225 4993 3350 5036 sunt
3388 4997 3419 5036 e
3448 4982 3588 5038 libro

2002 5056 2178 5121 primo
2233 5053 2446 5107 Eusebii
2503 5065 2687 5107 contra
2735 5053 3043 5106 Marcellum
3092 5057 3430 5122 Ancyranum
3465 5091 3483 5118 ,
3529 5061 3587 5106 et

2005 5123 2261 5192 quadam
2294 5125 2360 5176 de
2393 5138 2491 5177 suo
2540 5124 2813 5177 addidisse
2843 5124 3055 5192 videtur
3087 5124 3137 5175 in
3173 5137 3268 5175 sua
3317 5122 3586 5189 interpre-

2008 5191 2214 5246 latione
2247 5191 2473 5248 Ruﬁnus
2514 5203 2699 5245 contra
2732 5193 2981 5244 Arianos.
3014 5191 3146 5246 Vide
3173 5191 3581 5245 observationes

2008 5273 2224 5315 nostras
2273 5263 2326 5314 in
2365 5265 2506 5317 hunc
2555 5262 2730 5315 locum
2768 5262 2903 5316 libro
2950 5276 3001 5314 Iv
3031 5261 3107 5314 De
3144 5261 3392 5328 princip..
3427 5276 3575 5314 num.

2003 5332 2100 5395 27,
2124 5345 2180 5384 et
2208 5329 2578 5400 Origenianor.
2629 5332 2720 5385 lib.
2752 5347 2810 5390 ιι,
2841 5340 3031 5398 quast.
3055 5331 3108 5392 2,
3142 5345 3288 5383 num.
3315 5330 3405 5383 25.
3433 5329 3579 5384 Libri

2007 5400 2083 5453 De
2131 5402 2399 5468 principiis
2435 5401 2636 5455 habent
2679 5419 2692 5455 :
2731 5401 2952 5468 Tempus
2997 5411 3173 5453 autem
3218 5410 3291 5452 est
3329 5401 3444 5468 jam
3490 5403 3580 5453 tle-

2005 5471 2173 5523 cursis
2206 5470 2305 5533 Itis,
2346 5481 2500 5539 prout
2548 5472 2845 5540 potuimus,
2882 5486 2997 5536 qua:
3029 5486 3188 5536 supra
3233 5471 3372 5522 dicta
3418 5477 3576 5540 sunt,

2004 5557 2140 5594 nunc
2181 5539 2597 5593 commonitionis
2631 5542 2813 5610 gratia
2837 5557 3015 5592 eorum
3065 5554 3184 5609 qua:
3222 5540 3448 5610 sparsim
3494 5539 3579 5590 di-

1999 5612 2196 5679 agimus,
2251 5611 2597 5679 recapitulare
2642 5609 2881 5679 singula,
2929 5619 2975 5662 et
3020 5613 3188 5678 primo
3237 5609 3580 5679 omnium_de

2000 5677 2187 5743 Patre,
2215 5689 2262 5732 et
2298 5674 2442 5732 Filia
2468 5689 2518 5732 et
2570 5674 2770 5748 Spiritu
2799 5689 2981 5734 sancto
3019 5674 3264 5749 repetere.
3295 5674 3576 5732 Deus-Pa.

1999 5761 2096 5818 ter,
2123 5762 2254 5814 etc.,
2285 5757 2341 5803 ut
2378 5751 2430 5804 in
2465 5760 2632 5805 textu.
