  <div class='ocr_page' id='page_1' title='image "/cluster/home/n/w/nwhite01/storage/ocr_20150623/17:no.7/coo.31924054872977/303.png"; bbox 0 0 4162 6386; ppageno 0'>
   <div class='ocr_carea' id='block_1_1' title="bbox 581 385 685 441">
    <p class='ocr_par' dir='ltr' id='par_1_1' title="bbox 581 385 685 441">
     <span class='ocr_line' id='line_1_1' title="bbox 581 385 685 441; baseline -0.038 1"><span class='ocrx_word' id='word_1_1' title='bbox 581 385 685 441; x_wconf 75' lang='lat'><strong>583</strong></span> 
     </span>
    </p>
   </div>
   <div class='ocr_carea' id='block_1_2' title="bbox 1826 383 2656 441">
    <p class='ocr_par' dir='ltr' id='par_1_2' title="bbox 1826 383 2656 441">
     <span class='ocr_line' id='line_1_2' title="bbox 1826 383 2656 441; baseline -0.001 -1"><span class='ocrx_word' id='word_1_2' title='bbox 1826 385 1885 441; x_wconf 92' lang='lat' dir='ltr'><strong>S.</strong></span> <span class='ocrx_word' id='word_1_3' title='bbox 1922 383 2254 440; x_wconf 71' lang='lat' dir='ltr'><strong>PAMPHILI</strong></span> <span class='ocrx_word' id='word_1_4' title='bbox 2294 383 2479 439; x_wconf 70' lang='lat' dir='ltr'><strong>MART</strong></span> <span class='ocrx_word' id='word_1_5' title='bbox 2494 383 2656 439; x_wconf 79' lang='lat' dir='ltr'><strong>VRIS</strong></span> 
     </span>
    </p>
   </div>
   <div class='ocr_carea' id='block_1_3' title="bbox 3757 389 3864 444">
    <p class='ocr_par' dir='ltr' id='par_1_3' title="bbox 3757 389 3864 444">
     <span class='ocr_line' id='line_1_3' title="bbox 3757 389 3864 444; baseline 0 0"><span class='ocrx_word' id='word_1_6' title='bbox 3757 389 3864 444; x_wconf 61' lang='lat'><strong>585</strong></span> 
     </span>
    </p>
   </div>
   <div class='ocr_carea' id='block_1_4' title="bbox 580 502 2154 577">
    <p class='ocr_par' dir='ltr' id='par_1_4' title="bbox 580 502 2154 574">
     <span class='ocr_line' id='line_1_4' title="bbox 580 502 2154 574; baseline -0.001 -15"><span class='ocrx_word' id='word_1_7' title='bbox 580 516 627 560; x_wconf 88' lang='lat' dir='ltr'><strong>et</strong></span> <span class='ocrx_word' id='word_1_8' title='bbox 662 503 945 559; x_wconf 88' lang='lat' dir='ltr'><strong>invisibilis</strong></span> <span class='ocrx_word' id='word_1_9' title='bbox 981 503 1077 568; x_wconf 88' lang='lat' dir='ltr'><strong>sit,</strong></span> <span class='ocrx_word' id='word_1_10' title='bbox 1105 512 1160 558; x_wconf 91' lang='lat' dir='ltr'><strong>et</strong></span> <span class='ocrx_word' id='word_1_11' title='bbox 1189 502 1336 558; x_wconf 82' lang='lat' dir='ltr'><strong>insc-</strong></span> <span class='ocrx_word' id='word_1_12' title='bbox 1413 520 1592 574; x_wconf 78' lang='grc' dir='ltr'>ριστος</span> <span class='ocrx_word' id='word_1_13' title='bbox 1623 502 1755 556; x_wconf 81' lang='grc' dir='ltr'><strong>Υἱοῦ</strong></span> <span class='ocrx_word' id='word_1_14' title='bbox 1805 503 2014 572; x_wconf 71' lang='grc' dir='ltr'>γίνεται</span> <span class='ocrx_word' id='word_1_15' title='bbox 2059 506 2154 558; x_wconf 83' lang='grc' dir='ltr'><strong>Πα-</strong></span> 
     </span>
    </p>
   </div>
   <div class='ocr_carea' id='block_1_5' title="bbox 2263 502 3864 577">
    <p class='ocr_par' dir='ltr' id='par_1_5' title="bbox 2278 505 3864 577">
     <span class='ocr_line' id='line_1_5' title="bbox 2278 505 3864 577; baseline 0.004 -20"><span class='ocrx_word' id='word_1_16' title='bbox 2278 508 2462 575; x_wconf 80' lang='lat' dir='ltr'><strong>gnovit</strong></span> <span class='ocrx_word' id='word_1_17' title='bbox 2507 509 2608 561; x_wconf 84' lang='lat' dir='ltr'><strong>nisi</strong></span> <span class='ocrx_word' id='word_1_18' title='bbox 2660 507 2773 576; x_wconf 88' lang='lat' dir='ltr'><strong>ipse</strong></span> <span class='ocrx_word' id='word_1_19' title='bbox 2809 505 3046 573; x_wconf 87' lang='lat' dir='ltr'><strong>solus&quot;,</strong></span> <span class='ocrx_word' id='word_1_20' title='bbox 3087 505 3174 561; x_wconf 86' lang='lat' dir='ltr'><strong>his</strong></span> <span class='ocrx_word' id='word_1_21' title='bbox 3222 519 3361 577; x_wconf 85' lang='lat' dir='ltr'><strong>quos</strong></span> <span class='ocrx_word' id='word_1_22' title='bbox 3406 508 3474 561; x_wconf 90' lang='lat' dir='ltr'><strong>ad</strong></span> <span class='ocrx_word' id='word_1_23' title='bbox 3525 520 3650 561; x_wconf 89' lang='lat' dir='ltr'><strong>eum</strong></span> <span class='ocrx_word' id='word_1_24' title='bbox 3696 506 3864 564; x_wconf 87' lang='lat' dir='ltr'><strong>Pater</strong></span> 
     </span>
    </p>
   </div>
   <div class='ocr_carea' id='block_1_6' title="bbox 579 589 2177 666">
    <p class='ocr_par' dir='ltr' id='par_1_6' title="bbox 579 589 2177 666">
     <span class='ocr_line' id='line_1_6' title="bbox 579 589 2177 666; baseline 0.004 -18"><span class='ocrx_word' id='word_1_25' title='bbox 579 597 839 666; x_wconf 84' lang='lat' dir='ltr'><strong>parabilis</strong></span> <span class='ocrx_word' id='word_1_26' title='bbox 861 613 888 648; x_wconf 88' lang='lat' dir='ltr'><strong>a</strong></span> <span class='ocrx_word' id='word_1_27' title='bbox 915 595 1074 659; x_wconf 86' lang='lat' dir='ltr'><strong>Filio,</strong></span> <span class='ocrx_word' id='word_1_28' title='bbox 1105 610 1210 650; x_wconf 92' lang='lat' dir='ltr'><strong>non</strong></span> <span class='ocrx_word' id='word_1_29' title='bbox 1242 609 1339 664; x_wconf 90' lang='lat' dir='ltr'><strong>per</strong></span> <span class='ocrx_word' id='word_1_30' title='bbox 1408 590 1535 662; x_wconf 76' lang='grc' dir='ltr'><strong>τὴρ,</strong></span> <span class='ocrx_word' id='word_1_31' title='bbox 1565 591 1624 642; x_wconf 73' lang='grc' dir='ltr'>οὐ</span> <span class='ocrx_word' id='word_1_32' title='bbox 1661 589 1952 662; x_wconf 74' lang='grc' dir='ltr'><strong>προϐαλὼν</strong></span> <span class='ocrx_word' id='word_1_33' title='bbox 1994 593 2177 655; x_wconf 78' lang='grc' dir='ltr'>αὑτὸν.</span> 
     </span>
    </p>
   </div>
   <div class='ocr_carea' id='block_1_7' title="bbox 579 691 1341 760">
    <p class='ocr_par' dir='ltr' id='par_1_7' title="bbox 579 691 1341 760">
     <span class='ocr_line' id='line_1_7' title="bbox 579 691 1341 760; baseline -0.003 -18"><span class='ocrx_word' id='word_1_34' title='bbox 579 691 940 760; x_wconf 65' lang='lat' dir='ltr'><strong>prolutionem</strong></span> <span class='ocrx_word' id='word_1_35' title='bbox 1005 691 1074 744; x_wconf 88' lang='lat' dir='ltr'><strong>ab</strong></span> <span class='ocrx_word' id='word_1_36' title='bbox 1126 705 1228 751; x_wconf 87' lang='lat' dir='ltr'><strong>eo,</strong></span> <span class='ocrx_word' id='word_1_37' title='bbox 1283 696 1341 740; x_wconf 92' lang='lat' dir='ltr'><strong>ut</strong></span> 
     </span>
    </p>
   </div>
   <div class='ocr_carea' id='block_1_8' title="bbox 577 784 1342 853">
    <p class='ocr_par' dir='ltr' id='par_1_8' title="bbox 577 784 1342 853">
     <span class='ocr_line' id='line_1_8' title="bbox 577 784 1342 853; baseline 0.004 -23"><span class='ocrx_word' id='word_1_38' title='bbox 577 784 796 852; x_wconf 83' lang='lat' dir='ltr'><strong>quidam</strong></span> <span class='ocrx_word' id='word_1_39' title='bbox 821 794 1034 852; x_wconf 89' lang='lat' dir='ltr'><strong>putant,</strong></span> <span class='ocrx_word' id='word_1_40' title='bbox 1052 789 1342 853; x_wconf 88' lang='lat' dir='ltr'><strong>generatus</strong></span> 
     </span>
    </p>
   </div>
   <div class='ocr_carea' id='block_1_9' title="bbox 578 873 1340 943">
    <p class='ocr_par' dir='ltr' id='par_1_9' title="bbox 578 873 1340 943">
     <span class='ocr_line' id='line_1_9' title="bbox 578 873 1340 943; baseline -0.005 -15"><span class='ocrx_word' id='word_1_41' title='bbox 578 883 664 928; x_wconf 84' lang='lat' dir='ltr'><strong>est</strong></span> <span class='ocrx_word' id='word_1_42' title='bbox 694 875 804 943; x_wconf 81' lang='lat'><strong>(8|)</strong></span> <span class='ocrx_word' id='word_1_43' title='bbox 857 873 1045 928; x_wconf 82' lang='lat' dir='ltr'><strong>Filius.</strong></span> <span class='ocrx_word' id='word_1_44' title='bbox 1095 873 1151 928; x_wconf 88' lang='lat' dir='ltr'><strong>Si</strong></span> <span class='ocrx_word' id='word_1_45' title='bbox 1195 873 1340 928; x_wconf 88' lang='lat' dir='ltr'><strong>enim</strong></span> 
     </span>
    </p>
   </div>
   <div class='ocr_carea' id='block_1_10' title="bbox 579 964 1342 1034">
    <p class='ocr_par' dir='ltr' id='par_1_10' title="bbox 579 964 1342 1034">
     <span class='ocr_line' id='line_1_10' title="bbox 579 964 1342 1034; baseline -0.001 -16"><span class='ocrx_word' id='word_1_46' title='bbox 579 966 810 1034; x_wconf 77' lang='lat' dir='ltr'><strong>prolatio</strong></span> <span class='ocrx_word' id='word_1_47' title='bbox 837 976 921 1020; x_wconf 88' lang='lat' dir='ltr'><strong>est</strong></span> <span class='ocrx_word' id='word_1_48' title='bbox 943 965 1115 1020; x_wconf 86' lang='lat' dir='ltr'><strong>Filius</strong></span> <span class='ocrx_word' id='word_1_49' title='bbox 1143 964 1342 1028; x_wconf 88' lang='lat' dir='ltr'><strong>Patris,</strong></span> 
     </span>
    </p>
   </div>
   <div class='ocr_carea' id='block_1_11' title="bbox 579 1059 1342 1130">
    <p class='ocr_par' dir='ltr' id='par_1_11' title="bbox 579 1059 1342 1130">
     <span class='ocr_line' id='line_1_11' title="bbox 579 1059 1342 1130; baseline 0.003 -18"><span class='ocrx_word' id='word_1_50' title='bbox 579 1060 813 1130; x_wconf 77' lang='lat' dir='ltr'><strong>prolatio</strong></span> <span class='ocrx_word' id='word_1_51' title='bbox 839 1075 967 1114; x_wconf 88' lang='lat' dir='ltr'><strong>vero</strong></span> <span class='ocrx_word' id='word_1_52' title='bbox 996 1059 1196 1115; x_wconf 89' lang='lat' dir='ltr'><strong>dicitur</strong></span> <span class='ocrx_word' id='word_1_53' title='bbox 1222 1075 1342 1128; x_wconf 65' lang='lat' dir='ltr'><strong>quae</strong></span> 
     </span>
    </p>
   </div>
   <div class='ocr_carea' id='block_1_12' title="bbox 581 1148 2175 1222">
    <p class='ocr_par' dir='ltr' id='par_1_12' title="bbox 581 1148 2175 1222">
     <span class='ocr_line' id='line_1_12' title="bbox 581 1148 2175 1222; baseline -0.001 -18"><span class='ocrx_word' id='word_1_54' title='bbox 581 1153 744 1206; x_wconf 84' lang='lat' dir='ltr'><strong>talem</strong></span> <span class='ocrx_word' id='word_1_55' title='bbox 792 1152 1062 1220; x_wconf 73' lang='lat' dir='ltr'><strong>significat</strong></span> <span class='ocrx_word' id='word_1_56' title='bbox 1111 1167 1342 1220; x_wconf 80' lang='lat' dir='ltr'><strong>genera-</strong></span> <span class='ocrx_word' id='word_1_57' title='bbox 1414 1151 1572 1222; x_wconf 81' lang='grc' dir='ltr'>σῶμα</span> <span class='ocrx_word' id='word_1_58' title='bbox 1622 1148 1761 1204; x_wconf 78' lang='grc' dir='ltr'><strong>εἶναι.</strong></span> <span class='ocrx_word' id='word_1_59' title='bbox 1802 1151 1891 1203; x_wconf 78' lang='grc' dir='ltr'>τὸν</span> <span class='ocrx_word' id='word_1_60' title='bbox 1936 1152 2175 1222; x_wconf 44' lang='lat'><strong>11.00601).-</strong></span> 
     </span>
    </p>
   </div>
   <div class='ocr_carea' id='block_1_13' title="bbox 581 1243 2177 1318">
    <p class='ocr_par' dir='ltr' id='par_1_13' title="bbox 581 1243 2177 1318">
     <span class='ocr_line' id='line_1_13' title="bbox 581 1243 2177 1318; baseline 0.001 -22"><span class='ocrx_word' id='word_1_61' title='bbox 581 1243 804 1306; x_wconf 86' lang='lat' dir='ltr'><strong>tionem,</strong></span> <span class='ocrx_word' id='word_1_62' title='bbox 824 1243 1000 1312; x_wconf 84' lang='lat' dir='ltr'><strong>qualis</strong></span> <span class='ocrx_word' id='word_1_63' title='bbox 1023 1243 1338 1296; x_wconf 82' lang='lat' dir='ltr'><strong>animalium</strong></span> <span class='ocrx_word' id='word_1_64' title='bbox 1412 1245 1593 1308; x_wconf 84' lang='grc' dir='ltr'><strong>λοντα,</strong></span> <span class='ocrx_word' id='word_1_65' title='bbox 1621 1245 1714 1298; x_wconf 74' lang='grc' dir='ltr'>καὶ</span> <span class='ocrx_word' id='word_1_66' title='bbox 1748 1244 1839 1298; x_wconf 80' lang='grc' dir='ltr'><strong>τὸν</strong></span> <span class='ocrx_word' id='word_1_67' title='bbox 1873 1245 2177 1318; x_wconf 75' lang='grc' dir='ltr'><strong>προϐεϐλη-</strong></span> 
     </span>
    </p>
   </div>
   <div class='ocr_carea' id='block_1_14' title="bbox 580 1335 1599 1407">
    <p class='ocr_par' dir='ltr' id='par_1_14' title="bbox 580 1335 1599 1407">
     <span class='ocr_line' id='line_1_14' title="bbox 580 1335 1599 1407; baseline 0.003 -19"><span class='ocrx_word' id='word_1_68' title='bbox 580 1335 664 1389; x_wconf 89' lang='lat' dir='ltr'><strong>vel</strong></span> <span class='ocrx_word' id='word_1_69' title='bbox 716 1336 993 1390; x_wconf 85' lang='lat' dir='ltr'><strong>hominum</strong></span> <span class='ocrx_word' id='word_1_70' title='bbox 1041 1337 1177 1391; x_wconf 89' lang='lat' dir='ltr'><strong>solet</strong></span> <span class='ocrx_word' id='word_1_71' title='bbox 1221 1353 1343 1392; x_wconf 88' lang='lat' dir='ltr'><strong>esse</strong></span> <span class='ocrx_word' id='word_1_72' title='bbox 1419 1337 1599 1407; x_wconf 80' lang='grc' dir='ltr'><strong>μένον.</strong></span> 
     </span>
    </p>
   </div>
   <div class='ocr_carea' id='block_1_15' title="bbox 558 1424 2169 1500">
    <p class='ocr_par' dir='ltr' id='par_1_15' title="bbox 558 1424 2169 1500">
     <span class='ocr_line' id='line_1_15' title="bbox 558 1424 2169 1500; baseline 0.002 -20"><span class='ocrx_word' id='word_1_73' title='bbox 558 1424 888 1496; x_wconf 82' lang='lat' dir='ltr'><strong>&#39;progenies,</strong></span> <span class='ocrx_word' id='word_1_74' title='bbox 928 1429 1241 1482; x_wconf 88' lang='lat' dir='ltr'><strong>necessario</strong></span> <span class='ocrx_word' id='word_1_75' title='bbox 1271 1443 1468 1498; x_wconf 90' lang='lat' dir='ltr'><strong>corpus</strong></span> <span class='ocrx_word' id='word_1_76' title='bbox 1507 1437 1594 1482; x_wconf 90' lang='lat' dir='ltr'><strong>est</strong></span> <span class='ocrx_word' id='word_1_77' title='bbox 1621 1437 1674 1482; x_wconf 90' lang='lat' dir='ltr'><strong>et</strong></span> <span class='ocrx_word' id='word_1_78' title='bbox 1717 1427 1766 1483; x_wconf 89' lang='lat' dir='ltr'><strong>is</strong></span> <span class='ocrx_word' id='word_1_79' title='bbox 1805 1431 1894 1498; x_wconf 89' lang='lat' dir='ltr'><strong>qui</strong></span> <span class='ocrx_word' id='word_1_80' title='bbox 1928 1428 2169 1500; x_wconf 88' lang='lat' dir='ltr'><strong>protulit,</strong></span> 
     </span>
    </p>
   </div>
   <div class='ocr_carea' id='block_1_16' title="bbox 578 1519 1318 1590">
    <p class='ocr_par' dir='ltr' id='par_1_16' title="bbox 578 1519 1318 1590">
     <span class='ocr_line' id='line_1_16' title="bbox 578 1519 1318 1590; baseline -0.007 -14"><span class='ocrx_word' id='word_1_81' title='bbox 578 1529 635 1576; x_wconf 89' lang='lat' dir='ltr'><strong>et</strong></span> <span class='ocrx_word' id='word_1_82' title='bbox 675 1519 722 1575; x_wconf 92' lang='lat' dir='ltr'><strong>is</strong></span> <span class='ocrx_word' id='word_1_83' title='bbox 759 1521 850 1590; x_wconf 89' lang='lat' dir='ltr'><strong>qui</strong></span> <span class='ocrx_word' id='word_1_84' title='bbox 884 1519 1128 1590; x_wconf 85' lang='lat' dir='ltr'><strong>prolatus</strong></span> <span class='ocrx_word' id='word_1_85' title='bbox 1159 1529 1263 1575; x_wconf 88' lang='lat' dir='ltr'><strong>est.</strong></span> <span class='ocrx_word' id='word_1_86' title='bbox 1299 1539 1318 1572; x_wconf 69' lang='grc' dir='ltr'><strong>ο</strong></span> 
     </span>
    </p>
   </div>
   <div class='ocr_carea' id='block_1_17' title="bbox 1411 688 2181 762">
    <p class='ocr_par' dir='ltr' id='par_1_17' title="bbox 1411 688 2181 762">
     <span class='ocr_line' id='line_1_17' title="bbox 1411 688 2181 762; baseline 0.003 -22"><span class='ocrx_word' id='word_1_87' title='bbox 1411 688 1487 751; x_wconf 81' lang='grc' dir='ltr'><strong>ὡς</strong></span> <span class='ocrx_word' id='word_1_88' title='bbox 1511 688 1712 740; x_wconf 70' lang='grc' dir='ltr'><strong>οἴονταί</strong></span> <span class='ocrx_word' id='word_1_89' title='bbox 1761 705 1922 753; x_wconf 82' lang='grc' dir='ltr'><strong>τινες.</strong></span> <span class='ocrx_word' id='word_1_90' title='bbox 1962 691 2024 742; x_wconf 80' lang='lat' dir='ltr'><strong>Ei</strong></span> <span class='ocrx_word' id='word_1_91' title='bbox 2070 689 2181 762; x_wconf 75' lang='grc' dir='ltr'><strong>γὰρ</strong></span> 
     </span>
    </p>
   </div>
   <div class='ocr_carea' id='block_1_18' title="bbox 1415 779 2178 851">
    <p class='ocr_par' dir='ltr' id='par_1_18' title="bbox 1415 779 2178 851">
     <span class='ocr_line' id='line_1_18' title="bbox 1415 779 2178 851; baseline 0.004 -20"><span class='ocrx_word' id='word_1_92' title='bbox 1415 779 1650 851; x_wconf 73' lang='grc' dir='ltr'><strong>προϐολή</strong></span> <span class='ocrx_word' id='word_1_93' title='bbox 1682 781 1829 832; x_wconf 77' lang='grc' dir='ltr'><strong>ἐστιν</strong></span> <span class='ocrx_word' id='word_1_94' title='bbox 1856 783 1884 833; x_wconf 84' lang='grc' dir='ltr'>ὁ</span> <span class='ocrx_word' id='word_1_95' title='bbox 1919 779 2046 844; x_wconf 78' lang='grc' dir='ltr'>Υἱὸς</span> <span class='ocrx_word' id='word_1_96' title='bbox 2083 780 2178 834; x_wconf 74' lang='grc' dir='ltr'><strong>τοῦ</strong></span> 
     </span>
    </p>
   </div>
   <div class='ocr_carea' id='block_1_19' title="bbox 1413 872 2180 943">
    <p class='ocr_par' dir='ltr' id='par_1_19' title="bbox 1413 872 2180 943">
     <span class='ocr_line' id='line_1_19' title="bbox 1413 872 2180 943; baseline 0.003 -19"><span class='ocrx_word' id='word_1_97' title='bbox 1413 872 1668 943; x_wconf 77' lang='grc' dir='ltr'><strong>Πατρὸς,</strong></span> <span class='ocrx_word' id='word_1_98' title='bbox 1714 873 1810 925; x_wconf 72' lang='grc' dir='ltr'><strong>καὶ</strong></span> <span class='ocrx_word' id='word_1_99' title='bbox 1865 873 2031 942; x_wconf 77' lang='grc' dir='ltr'>γεννᾷ</span> <span class='ocrx_word' id='word_1_100' title='bbox 2081 873 2180 943; x_wconf 85' lang='grc' dir='ltr'><strong>μὲν</strong></span> 
     </span>
    </p>
   </div>
   <div class='ocr_carea' id='block_1_20' title="bbox 1416 965 2180 1030">
    <p class='ocr_par' dir='ltr' id='par_1_20' title="bbox 1416 965 2180 1030">
     <span class='ocr_line' id='line_1_20' title="bbox 1416 965 2180 1030; baseline -0.001 -12"><span class='ocrx_word' id='word_1_101' title='bbox 1416 965 1475 1030; x_wconf 76' lang='grc' dir='ltr'>ἐξ</span> <span class='ocrx_word' id='word_1_102' title='bbox 1529 965 1694 1018; x_wconf 77' lang='grc' dir='ltr'>αὐτοῦ</span> <span class='ocrx_word' id='word_1_103' title='bbox 1747 966 1908 1019; x_wconf 76' lang='grc' dir='ltr'><strong>ὁποῖα.</strong></span> <span class='ocrx_word' id='word_1_104' title='bbox 1955 966 2022 1018; x_wconf 77' lang='grc' dir='ltr'><strong>τὰ</strong></span> <span class='ocrx_word' id='word_1_105' title='bbox 2069 965 2180 1018; x_wconf 83' lang='grc' dir='ltr'><strong>τῶν</strong></span> 
     </span>
    </p>
   </div>
   <div class='ocr_carea' id='block_1_21' title="bbox 1415 1059 2175 1131">
    <p class='ocr_par' dir='ltr' id='par_1_21' title="bbox 1415 1059 2175 1131">
     <span class='ocr_line' id='line_1_21' title="bbox 1415 1059 2175 1131; baseline 0.001 -20"><span class='ocrx_word' id='word_1_106' title='bbox 1415 1059 1569 1123; x_wconf 77' lang='grc' dir='ltr'><strong>ζώων</strong></span> <span class='ocrx_word' id='word_1_107' title='bbox 1600 1061 1936 1130; x_wconf 78' lang='grc' dir='ltr'><strong>γεννήματα,</strong></span> <span class='ocrx_word' id='word_1_108' title='bbox 1964 1059 2175 1131; x_wconf 79' lang='grc' dir='ltr'><strong>ἀνάγκη</strong></span> 
     </span>
    </p>
   </div>
   <div class='ocr_carea' id='block_1_22' title="bbox 1155 1647 1601 1687">
    <p class='ocr_par' dir='ltr' id='par_1_22' title="bbox 1155 1647 1601 1687">
     <span class='ocr_line' id='line_1_22' title="bbox 1155 1647 1601 1687; baseline -0.009 -1"><span class='ocrx_word' id='word_1_109' title='bbox 1155 1647 1405 1686; x_wconf 77' lang='lat' dir='ltr'><strong>INTERPR.</strong></span> <span class='ocrx_word' id='word_1_110' title='bbox 1439 1647 1601 1687; x_wconf 72' lang='lat' dir='ltr'><strong>NOVA.</strong></span> 
     </span>
    </p>
   </div>
   <div class='ocr_carea' id='block_1_23' title="bbox 645 1740 2170 1811">
    <p class='ocr_par' dir='ltr' id='par_1_23' title="bbox 645 1740 2170 1811">
     <span class='ocr_line' id='line_1_23' title="bbox 645 1740 2170 1811; baseline 0.004 -19"><span class='ocrx_word' id='word_1_111' title='bbox 645 1743 876 1811; x_wconf 85' lang='lat' dir='ltr'><strong>.Tempus</strong></span> <span class='ocrx_word' id='word_1_112' title='bbox 918 1753 992 1797; x_wconf 89' lang='lat' dir='ltr'><strong>est</strong></span> <span class='ocrx_word' id='word_1_113' title='bbox 1030 1753 1086 1795; x_wconf 86' lang='lat' dir='ltr'><strong>ut</strong></span> <span class='ocrx_word' id='word_1_114' title='bbox 1123 1742 1379 1796; x_wconf 88' lang='lat' dir='ltr'><strong>nonnulla</strong></span> <span class='ocrx_word' id='word_1_115' title='bbox 1411 1749 1475 1797; x_wconf 87' lang='lat' dir='ltr'><strong>de</strong></span> <span class='ocrx_word' id='word_1_116' title='bbox 1515 1741 1676 1796; x_wconf 87' lang='lat' dir='ltr'><strong>Patre</strong></span> <span class='ocrx_word' id='word_1_117' title='bbox 1710 1751 1760 1796; x_wconf 88' lang='lat' dir='ltr'><strong>et</strong></span> <span class='ocrx_word' id='word_1_118' title='bbox 1795 1740 1936 1796; x_wconf 84' lang='lat' dir='ltr'><strong>Filio</strong></span> <span class='ocrx_word' id='word_1_119' title='bbox 1967 1751 2016 1796; x_wconf 88' lang='lat' dir='ltr'><strong>et</strong></span> <span class='ocrx_word' id='word_1_120' title='bbox 2051 1743 2170 1807; x_wconf 86' lang='lat' dir='ltr'><strong>Spi-</strong></span> 
     </span>
    </p>
   </div>
   <div class='ocr_carea' id='block_1_24' title="bbox 579 1816 2165 1881">
    <p class='ocr_par' dir='ltr' id='par_1_24' title="bbox 579 1816 2165 1881">
     <span class='ocr_line' id='line_1_24' title="bbox 579 1816 2165 1881; baseline -0.001 -15"><span class='ocrx_word' id='word_1_121' title='bbox 579 1816 685 1867; x_wconf 89' lang='lat' dir='ltr'><strong>ritu</strong></span> <span class='ocrx_word' id='word_1_122' title='bbox 731 1826 933 1874; x_wconf 83' lang='lat' dir='ltr'><strong>sancto,</strong></span> <span class='ocrx_word' id='word_1_123' title='bbox 971 1824 1286 1878; x_wconf 73' lang='lat' dir='ltr'><strong>repetamus,</strong></span> <span class='ocrx_word' id='word_1_124' title='bbox 1325 1823 1372 1865; x_wconf 92' lang='lat' dir='ltr'><strong>et</strong></span> <span class='ocrx_word' id='word_1_125' title='bbox 1401 1829 1578 1881; x_wconf 82' lang='lat' dir='ltr'><strong>pauca</strong></span> <span class='ocrx_word' id='word_1_126' title='bbox 1621 1830 1740 1877; x_wconf 76' lang='lat' dir='ltr'><strong>qum</strong></span> <span class='ocrx_word' id='word_1_127' title='bbox 1781 1824 1904 1864; x_wconf 89' lang='lat' dir='ltr'><strong>tunc</strong></span> <span class='ocrx_word' id='word_1_128' title='bbox 1943 1825 2165 1881; x_wconf 58' lang='lat' dir='ltr'><strong>praeter-</strong></span> 
     </span>
    </p>
   </div>
   <div class='ocr_carea' id='block_1_25' title="bbox 578 1871 2240 1948">
    <p class='ocr_par' dir='ltr' id='par_1_25' title="bbox 578 1871 2240 1948">
     <span class='ocr_line' id='line_1_25' title="bbox 578 1871 2240 1948; baseline 0.003 -15"><span class='ocrx_word' id='word_1_129' title='bbox 578 1887 841 1946; x_wconf 85' lang='lat' dir='ltr'><strong>misimus,</strong></span> <span class='ocrx_word' id='word_1_130' title='bbox 880 1871 1250 1948; x_wconf 74' lang='lat' dir='ltr'><strong>persequamur</strong></span> <span class='ocrx_word' id='word_1_131' title='bbox 1274 1871 1344 1934; x_wconf 34' lang='lat' dir='ltr'><strong>vde</strong></span> <span class='ocrx_word' id='word_1_132' title='bbox 1387 1871 1562 1944; x_wconf 81' lang='lat' dir='ltr'><strong>Patre,</strong></span> <span class='ocrx_word' id='word_1_133' title='bbox 1596 1871 1688 1948; x_wconf 82' lang='lat' dir='ltr'><strong>qui</strong></span> <span class='ocrx_word' id='word_1_134' title='bbox 1736 1898 1854 1935; x_wconf 85' lang='lat' dir='ltr'><strong>cum</strong></span> <span class='ocrx_word' id='word_1_135' title='bbox 1896 1871 1953 1935; x_wconf 70' lang='lat' dir='ltr'><strong>iri</strong></span> <span class='ocrx_word' id='word_1_136' title='bbox 1992 1886 2165 1938; x_wconf 86' lang='lat' dir='ltr'><strong>nullas</strong></span> <span class='ocrx_word' id='word_1_137' title='bbox 2198 1871 2240 1926; x_wconf 78' lang='grc' dir='ltr'><strong>Β</strong></span> 
     </span>
    </p>
   </div>
   <div class='ocr_carea' id='block_1_26' title="bbox 577 1951 2165 2021">
    <p class='ocr_par' dir='ltr' id='par_1_26' title="bbox 577 1951 2165 2021">
     <span class='ocr_line' id='line_1_26' title="bbox 577 1951 2165 2021; baseline 0 -15"><span class='ocrx_word' id='word_1_138' title='bbox 577 1965 750 2020; x_wconf 84' lang='lat' dir='ltr'><strong>partes</strong></span> <span class='ocrx_word' id='word_1_139' title='bbox 777 1955 946 2006; x_wconf 68' lang='lat' dir='ltr'><strong>dividi</strong></span> <span class='ocrx_word' id='word_1_140' title='bbox 983 1961 1160 2021; x_wconf 81' lang='lat' dir='ltr'><strong>queat,</strong></span> <span class='ocrx_word' id='word_1_141' title='bbox 1189 1951 1318 2004; x_wconf 75' lang='lat' dir='ltr'><strong>Filii</strong></span> <span class='ocrx_word' id='word_1_142' title='bbox 1351 1962 1526 2004; x_wconf 85' lang='lat' dir='ltr'><strong>tamen</strong></span> <span class='ocrx_word' id='word_1_143' title='bbox 1559 1952 1634 2021; x_wconf 9' lang='lat' dir='ltr'><strong>ﬁt;</strong></span> <span class='ocrx_word' id='word_1_144' title='bbox 1660 1953 1842 2016; x_wconf 87' lang='lat' dir='ltr'><strong>Pater,</strong></span> <span class='ocrx_word' id='word_1_145' title='bbox 1865 1968 1978 2021; x_wconf 64' lang='lat' dir='ltr'><strong>non</strong></span> <span class='ocrx_word' id='word_1_146' title='bbox 2012 1957 2165 2006; x_wconf 86' lang='lat' dir='ltr'><strong>emit-</strong></span> 
     </span>
    </p>
   </div>
   <div class='ocr_carea' id='block_1_27' title="bbox 578 2019 2162 2089">
    <p class='ocr_par' dir='ltr' id='par_1_27' title="bbox 578 2019 2162 2089">
     <span class='ocr_line' id='line_1_27' title="bbox 578 2019 2162 2089; baseline 0 -13"><span class='ocrx_word' id='word_1_147' title='bbox 578 2019 692 2076; x_wconf 78' lang='lat' dir='ltr'><strong>teus</strong></span> <span class='ocrx_word' id='word_1_148' title='bbox 733 2023 922 2085; x_wconf 83' lang='lat' dir='ltr'><strong>illum,</strong></span> <span class='ocrx_word' id='word_1_149' title='bbox 961 2019 1016 2075; x_wconf 83' lang='lat' dir='ltr'><strong>ut</strong></span> <span class='ocrx_word' id='word_1_150' title='bbox 1062 2023 1278 2086; x_wconf 80' lang='lat' dir='ltr'><strong>quidam</strong></span> <span class='ocrx_word' id='word_1_151' title='bbox 1323 2032 1530 2089; x_wconf 88' lang='lat' dir='ltr'><strong>putant.</strong></span> <span class='ocrx_word' id='word_1_152' title='bbox 1582 2019 1722 2074; x_wconf 86' lang='lat' dir='ltr'><strong>Nam</strong></span> <span class='ocrx_word' id='word_1_153' title='bbox 1759 2022 1806 2075; x_wconf 90' lang='lat' dir='ltr'><strong>si</strong></span> <span class='ocrx_word' id='word_1_154' title='bbox 1853 2020 2032 2074; x_wconf 79' lang='lat' dir='ltr'><strong>Filius</strong></span> <span class='ocrx_word' id='word_1_155' title='bbox 2085 2033 2162 2077; x_wconf 88' lang='lat' dir='ltr'><strong>est</strong></span> 
     </span>
    </p>
   </div>
   <div class='ocr_carea' id='block_1_28' title="bbox 575 2091 2165 2162">
    <p class='ocr_par' dir='ltr' id='par_1_28' title="bbox 575 2091 2165 2162">
     <span class='ocr_line' id='line_1_28' title="bbox 575 2091 2165 2162; baseline 0.001 -19"><span class='ocrx_word' id='word_1_156' title='bbox 575 2094 801 2159; x_wconf 72' lang='lat' dir='ltr'><strong>prolatio</strong></span> <span class='ocrx_word' id='word_1_157' title='bbox 849 2091 1026 2145; x_wconf 83' lang='lat' dir='ltr'><strong>Patris</strong></span> <span class='ocrx_word' id='word_1_158' title='bbox 1067 2093 1155 2162; x_wconf 85' lang='lat' dir='ltr'><strong>qui</strong></span> <span class='ocrx_word' id='word_1_159' title='bbox 1201 2092 1354 2144; x_wconf 87' lang='lat' dir='ltr'><strong>illum</strong></span> <span class='ocrx_word' id='word_1_160' title='bbox 1382 2095 1444 2162; x_wconf 80' lang='lat' dir='ltr'><strong>de</strong></span> <span class='ocrx_word' id='word_1_161' title='bbox 1477 2093 1644 2152; x_wconf 84' lang='lat' dir='ltr'><strong>seipso</strong></span> <span class='ocrx_word' id='word_1_162' title='bbox 1692 2101 1896 2159; x_wconf 80' lang='lat' dir='ltr'><strong>genere!</strong></span> <span class='ocrx_word' id='word_1_163' title='bbox 1936 2093 2004 2145; x_wconf 87' lang='lat' dir='ltr'><strong>ad</strong></span> <span class='ocrx_word' id='word_1_164' title='bbox 2047 2109 2165 2146; x_wconf 88' lang='lat' dir='ltr'><strong>eum</strong></span> 
     </span>
    </p>
   </div>
   <div class='ocr_carea' id='block_1_29' title="bbox 579 2160 2166 2230">
    <p class='ocr_par' dir='ltr' id='par_1_29' title="bbox 579 2160 2166 2230">
     <span class='ocr_line' id='line_1_29' title="bbox 579 2160 2166 2230; baseline 0.001 -16"><span class='ocrx_word' id='word_1_165' title='bbox 579 2163 792 2215; x_wconf 86' lang='lat' dir='ltr'><strong>modum</strong></span> <span class='ocrx_word' id='word_1_166' title='bbox 847 2179 949 2230; x_wconf 90' lang='lat' dir='ltr'><strong>quo</strong></span> <span class='ocrx_word' id='word_1_167' title='bbox 1011 2160 1086 2213; x_wconf 15' lang='lat' dir='ltr'><strong>dei</strong></span> <span class='ocrx_word' id='word_1_168' title='bbox 1131 2177 1184 2214; x_wconf 87' lang='lat' dir='ltr'><strong>se</strong></span> <span class='ocrx_word' id='word_1_169' title='bbox 1245 2160 1499 2212; x_wconf 90' lang='lat' dir='ltr'><strong>animalia</strong></span> <span class='ocrx_word' id='word_1_170' title='bbox 1567 2161 1821 2230; x_wconf 87' lang='lat' dir='ltr'><strong>gignunt,</strong></span> <span class='ocrx_word' id='word_1_171' title='bbox 1874 2164 2166 2216; x_wconf 85' lang='lat' dir='ltr'><strong>necessario</strong></span> 
     </span>
    </p>
   </div>
   <div class='ocr_carea' id='block_1_30' title="bbox 575 2231 1950 2301">
    <p class='ocr_par' dir='ltr' id='par_1_30' title="bbox 575 2231 1950 2301">
     <span class='ocr_line' id='line_1_30' title="bbox 575 2231 1950 2301; baseline 0.001 -17"><span class='ocrx_word' id='word_1_172' title='bbox 575 2247 764 2301; x_wconf 77' lang='lat' dir='ltr'><strong>corpus</strong></span> <span class='ocrx_word' id='word_1_173' title='bbox 793 2245 867 2286; x_wconf 87' lang='lat' dir='ltr'><strong>est</strong></span> <span class='ocrx_word' id='word_1_174' title='bbox 900 2242 1008 2284; x_wconf 87' lang='lat' dir='ltr'><strong>tum</strong></span> <span class='ocrx_word' id='word_1_175' title='bbox 1032 2233 1122 2301; x_wconf 89' lang='lat' dir='ltr'><strong>qui</strong></span> <span class='ocrx_word' id='word_1_176' title='bbox 1161 2233 1377 2291; x_wconf 88' lang='lat' dir='ltr'><strong>emittit,</strong></span> <span class='ocrx_word' id='word_1_177' title='bbox 1409 2241 1519 2283; x_wconf 88' lang='lat' dir='ltr'><strong>tum</strong></span> <span class='ocrx_word' id='word_1_178' title='bbox 1547 2231 1638 2301; x_wconf 86' lang='lat' dir='ltr'><strong>qui</strong></span> <span class='ocrx_word' id='word_1_179' title='bbox 1666 2232 1950 2285; x_wconf 81' lang='lat' dir='ltr'><strong>emittitur.</strong></span> 
     </span>
    </p>
   </div>
   <div class='ocr_carea' id='block_1_31' title="bbox 645 2362 2168 2432">
    <p class='ocr_par' dir='ltr' id='par_1_31' title="bbox 645 2362 2168 2432">
     <span class='ocr_line' id='line_1_31' title="bbox 645 2362 2168 2432; baseline -0.001 -13"><span class='ocrx_word' id='word_1_180' title='bbox 645 2365 976 2420; x_wconf 71' lang='lat' dir='ltr'><strong>Psimuws.</strong></span> <span class='ocrx_word' id='word_1_181' title='bbox 1016 2364 1154 2418; x_wconf 88' lang='lat' dir='ltr'><strong>Tum</strong></span> <span class='ocrx_word' id='word_1_182' title='bbox 1205 2363 1406 2417; x_wconf 88' lang='lat' dir='ltr'><strong>deinde</strong></span> <span class='ocrx_word' id='word_1_183' title='bbox 1456 2363 1510 2417; x_wconf 92' lang='lat' dir='ltr'><strong>in</strong></span> <span class='ocrx_word' id='word_1_184' title='bbox 1563 2362 2028 2432; x_wconf 89' lang='lat' dir='ltr'><strong>consequentibus</strong></span> <span class='ocrx_word' id='word_1_185' title='bbox 2075 2377 2168 2418; x_wconf 87' lang='lat' dir='ltr'><strong>ve-</strong></span> 
     </span>
    </p>
   </div>
   <div class='ocr_carea' id='block_1_32' title="bbox 574 2455 2168 2513">
    <p class='ocr_par' dir='ltr' id='par_1_32' title="bbox 574 2455 2168 2513">
     <span class='ocr_line' id='line_1_32' title="bbox 574 2455 2168 2513; baseline -0.001 -2"><span class='ocrx_word' id='word_1_186' title='bbox 574 2456 882 2513; x_wconf 89' lang='lat' dir='ltr'><strong>hementius</strong></span> <span class='ocrx_word' id='word_1_187' title='bbox 931 2458 1216 2512; x_wconf 91' lang='lat' dir='ltr'><strong>adversum</strong></span> <span class='ocrx_word' id='word_1_188' title='bbox 1261 2456 1540 2511; x_wconf 80' lang='lat' dir='ltr'><strong>Valentini</strong></span> <span class='ocrx_word' id='word_1_189' title='bbox 1594 2456 1842 2510; x_wconf 61' lang='lat' dir='ltr'><strong>haeresim</strong></span> <span class='ocrx_word' id='word_1_190' title='bbox 1903 2455 2026 2508; x_wconf 88' lang='lat' dir='ltr'><strong>talia</strong></span> <span class='ocrx_word' id='word_1_191' title='bbox 2071 2455 2168 2510; x_wconf 83' lang='lat' dir='ltr'><strong>de-</strong></span> 
     </span>
    </p>
   </div>
   <div class='ocr_carea' id='block_1_33' title="bbox 577 2546 2164 2616">
    <p class='ocr_par' dir='ltr' id='par_1_33' title="bbox 577 2546 2164 2616">
     <span class='ocr_line' id='line_1_33' title="bbox 577 2546 2164 2616; baseline -0.001 -14"><span class='ocrx_word' id='word_1_192' title='bbox 577 2547 904 2603; x_wconf 86' lang='lat' dir='ltr'><strong>scribentem</strong></span> <span class='ocrx_word' id='word_1_193' title='bbox 953 2547 1224 2611; x_wconf 88' lang='lat' dir='ltr'><strong>invectus,</strong></span> <span class='ocrx_word' id='word_1_194' title='bbox 1279 2547 1436 2616; x_wconf 84' lang='lat' dir='ltr'><strong>longe</strong></span> <span class='ocrx_word' id='word_1_195' title='bbox 1489 2546 1574 2601; x_wconf 89' lang='lat' dir='ltr'><strong>his</strong></span> <span class='ocrx_word' id='word_1_196' title='bbox 1622 2546 1955 2601; x_wconf 91' lang='lat' dir='ltr'><strong>contrariam</strong></span> <span class='ocrx_word' id='word_1_197' title='bbox 2011 2561 2164 2600; x_wconf 87' lang='lat' dir='ltr'><strong>suam</strong></span> 
     </span>
    </p>
   </div>
   <div class='ocr_carea' id='block_1_34' title="bbox 577 2636 2166 2706">
    <p class='ocr_par' dir='ltr' id='par_1_34' title="bbox 577 2636 2166 2706">
     <span class='ocr_line' id='line_1_34' title="bbox 577 2636 2166 2706; baseline -0.003 -12"><span class='ocrx_word' id='word_1_198' title='bbox 577 2639 906 2694; x_wconf 88' lang='lat' dir='ltr'><strong>sententiam</strong></span> <span class='ocrx_word' id='word_1_199' title='bbox 948 2640 1244 2693; x_wconf 87' lang='lat' dir='ltr'><strong>secundum</strong></span> <span class='ocrx_word' id='word_1_200' title='bbox 1280 2637 1563 2692; x_wconf 69' lang='lat' dir='ltr'><strong>catholicae</strong></span> <span class='ocrx_word' id='word_1_201' title='bbox 1604 2637 1726 2691; x_wconf 81' lang='lat' dir='ltr'><strong>ﬁdei</strong></span> <span class='ocrx_word' id='word_1_202' title='bbox 1766 2637 1988 2706; x_wconf 83' lang='lat' dir='ltr'><strong>protulit</strong></span> <span class='ocrx_word' id='word_1_203' title='bbox 2023 2636 2166 2691; x_wconf 82' lang='lat' dir='ltr'><strong>veri-</strong></span> 
     </span>
    </p>
   </div>
   <div class='ocr_carea' id='block_1_35' title="bbox 576 2727 2166 2802">
    <p class='ocr_par' dir='ltr' id='par_1_35' title="bbox 576 2727 2166 2802">
     <span class='ocr_line' id='line_1_35' title="bbox 576 2727 2166 2802; baseline -0.003 -15"><span class='ocrx_word' id='word_1_204' title='bbox 576 2739 764 2787; x_wconf 83' lang='lat' dir='ltr'><strong>tatem.</strong></span> <span class='ocrx_word' id='word_1_205' title='bbox 792 2729 900 2802; x_wconf 75' lang='lat'><strong>(82)</strong></span> <span class='ocrx_word' id='word_1_206' title='bbox 931 2729 1009 2784; x_wconf 76' lang='lat' dir='ltr'><strong>Ex</strong></span> <span class='ocrx_word' id='word_1_207' title='bbox 1040 2731 1276 2785; x_wconf 88' lang='lat' dir='ltr'><strong>secundo</strong></span> <span class='ocrx_word' id='word_1_208' title='bbox 1307 2729 1446 2784; x_wconf 86' lang='lat' dir='ltr'><strong>libro</strong></span> <span class='ocrx_word' id='word_1_209' title='bbox 1473 2731 1758 2784; x_wconf 85' lang='lat' dir='ltr'><strong>secundum</strong></span> <span class='ocrx_word' id='word_1_210' title='bbox 1787 2727 2049 2784; x_wconf 80' lang='lat' dir='ltr'><strong>Joannem</strong></span> <span class='ocrx_word' id='word_1_211' title='bbox 2099 2728 2166 2783; x_wconf 90' lang='lat' dir='ltr'><strong>de</strong></span> 
     </span>
    </p>
   </div>
   <div class='ocr_carea' id='block_1_36' title="bbox 576 2822 846 2891">
    <p class='ocr_par' dir='ltr' id='par_1_36' title="bbox 576 2822 846 2891">
     <span class='ocr_line' id='line_1_36' title="bbox 576 2822 846 2891; baseline -0.007 -13"><span class='ocrx_word' id='word_1_212' title='bbox 576 2822 662 2879; x_wconf 85' lang='lat' dir='ltr'><strong>his</strong></span> <span class='ocrx_word' id='word_1_213' title='bbox 693 2823 846 2891; x_wconf 87' lang='lat' dir='ltr'><strong>ipsis.</strong></span> 
     </span>
    </p>
   </div>
   <div class='ocr_carea' id='block_1_37' title="bbox 645 2931 2164 3007">
    <p class='ocr_par' dir='ltr' id='par_1_37' title="bbox 645 2931 2164 3007">
     <span class='ocr_line' id='line_1_37' title="bbox 645 2931 2164 3007; baseline -0.004 -16"><span class='ocrx_word' id='word_1_214' title='bbox 645 2933 933 2991; x_wconf 73' lang='lat' dir='ltr'><strong>Onicsues.</strong></span> <span class='ocrx_word' id='word_1_215' title='bbox 975 2935 1085 3007; x_wconf 77' lang='lat'><strong>(83)</strong></span> <span class='ocrx_word' id='word_1_216' title='bbox 1127 2953 1146 2987; x_wconf 78' lang='grc' dir='ltr'><strong>ι</strong></span> <span class='ocrx_word' id='word_1_217' title='bbox 1175 2934 1494 3006; x_wconf 84' lang='lat' dir='ltr'><strong>Unigcnitus</strong></span> <span class='ocrx_word' id='word_1_218' title='bbox 1539 2946 1670 3004; x_wconf 87' lang='lat' dir='ltr'><strong>ergo</strong></span> <span class='ocrx_word' id='word_1_219' title='bbox 1720 2932 1860 2987; x_wconf 86' lang='lat' dir='ltr'><strong>Deus</strong></span> <span class='ocrx_word' id='word_1_220' title='bbox 1907 2931 2164 2986; x_wconf 81' lang='lat' dir='ltr'><strong>Salvator</strong></span> 
     </span>
    </p>
   </div>
   <div class='ocr_carea' id='block_1_38' title="bbox 565 3028 2160 3097">
    <p class='ocr_par' dir='ltr' id='par_1_38' title="bbox 565 3028 2160 3097">
     <span class='ocr_line' id='line_1_38' title="bbox 565 3028 2160 3097; baseline -0.002 -17"><span class='ocrx_word' id='word_1_221' title='bbox 565 3035 762 3082; x_wconf 88' lang='lat' dir='ltr'><strong>noster</strong></span> <span class='ocrx_word' id='word_1_222' title='bbox 809 3028 958 3082; x_wconf 88' lang='lat' dir='ltr'><strong>solus</strong></span> <span class='ocrx_word' id='word_1_223' title='bbox 1005 3043 1035 3082; x_wconf 89' lang='lat' dir='ltr'><strong>a</strong></span> <span class='ocrx_word' id='word_1_224' title='bbox 1089 3028 1246 3083; x_wconf 86' lang='lat' dir='ltr'><strong>Patre</strong></span> <span class='ocrx_word' id='word_1_225' title='bbox 1311 3035 1636 3097; x_wconf 89' lang='lat' dir='ltr'><strong>generatus,</strong></span> <span class='ocrx_word' id='word_1_226' title='bbox 1689 3035 1880 3079; x_wconf 79' lang='lat' dir='ltr'><strong>natura</strong></span> <span class='ocrx_word' id='word_1_227' title='bbox 1937 3034 2004 3094; x_wconf 32' lang='lat' dir='ltr'><strong>et.</strong></span> <span class='ocrx_word' id='word_1_228' title='bbox 2053 3039 2160 3078; x_wconf 93' lang='lat' dir='ltr'><strong>non</strong></span> 
     </span>
    </p>
   </div>
   <div class='ocr_carea' id='block_1_39' title="bbox 571 3116 2160 3190">
    <p class='ocr_par' dir='ltr' id='par_1_39' title="bbox 571 3116 2160 3190">
     <span class='ocr_line' id='line_1_39' title="bbox 571 3116 2160 3190; baseline -0.003 -16"><span class='ocrx_word' id='word_1_229' title='bbox 571 3119 862 3189; x_wconf 83' lang='lat' dir='ltr'><strong>adoptione</strong></span> <span class='ocrx_word' id='word_1_230' title='bbox 895 3117 1065 3173; x_wconf 90' lang='lat' dir='ltr'><strong>Filius</strong></span> <span class='ocrx_word' id='word_1_231' title='bbox 1090 3127 1191 3174; x_wconf 91' lang='lat' dir='ltr'><strong>est.</strong></span> <span class='ocrx_word' id='word_1_232' title='bbox 1240 3118 1354 3190; x_wconf 70' lang='grc'>(84)</span> <span class='ocrx_word' id='word_1_233' title='bbox 1388 3117 1556 3172; x_wconf 84' lang='lat' dir='ltr'><strong>Natus</strong></span> <span class='ocrx_word' id='word_1_234' title='bbox 1598 3125 1683 3172; x_wconf 88' lang='lat' dir='ltr'><strong>est</strong></span> <span class='ocrx_word' id='word_1_235' title='bbox 1714 3127 1893 3170; x_wconf 89' lang='lat' dir='ltr'><strong>autem</strong></span> <span class='ocrx_word' id='word_1_236' title='bbox 1940 3131 2006 3171; x_wconf 82' lang='lat' dir='ltr'><strong>ex</strong></span> <span class='ocrx_word' id='word_1_237' title='bbox 2045 3116 2160 3185; x_wconf 88' lang='lat' dir='ltr'><strong>ipsa</strong></span> 
     </span>
    </p>
   </div>
   <div class='ocr_carea' id='block_1_40' title="bbox 2284 596 2972 652">
    <p class='ocr_par' dir='ltr' id='par_1_40' title="bbox 2284 596 2972 652">
     <span class='ocr_line' id='line_1_40' title="bbox 2284 596 2972 652; baseline -0.001 -1"><span class='ocrx_word' id='word_1_238' title='bbox 2284 596 2522 652; x_wconf 77' lang='lat' dir='ltr'><strong>ctelestis</strong></span> <span class='ocrx_word' id='word_1_239' title='bbox 2549 599 2924 652; x_wconf 81' lang='lat' dir='ltr'><strong>attraxerit&quot;&quot;‘.</strong></span> <span class='ocrx_word' id='word_1_240' title='bbox 2952 617 2972 650; x_wconf 73' lang='grc' dir='ltr'><strong>ι</strong></span> 
     </span>
    </p>
   </div>
   <div class='ocr_carea' id='block_1_41' title="bbox 2356 688 3854 760">
    <p class='ocr_par' dir='ltr' id='par_1_41' title="bbox 2356 688 3854 760">
     <span class='ocr_line' id='line_1_41' title="bbox 2356 688 3854 760; baseline 0.002 -18"><span class='ocrx_word' id='word_1_241' title='bbox 2356 688 2680 745; x_wconf 71' lang='lat' dir='ltr'><strong>Psurniws.</strong></span> <span class='ocrx_word' id='word_1_242' title='bbox 2744 689 2988 745; x_wconf 89' lang='lat' dir='ltr'><strong>Sulliciat</strong></span> <span class='ocrx_word' id='word_1_243' title='bbox 3040 705 3138 760; x_wconf 88' lang='lat' dir='ltr'><strong>per</strong></span> <span class='ocrx_word' id='word_1_244' title='bbox 3198 689 3314 745; x_wconf 66' lang='lat' dir='ltr'><strong>hac</strong></span> <span class='ocrx_word' id='word_1_245' title='bbox 3377 689 3728 760; x_wconf 85' lang='lat' dir='ltr'><strong>respondisse</strong></span> <span class='ocrx_word' id='word_1_246' title='bbox 3773 705 3854 758; x_wconf 80' lang='lat' dir='ltr'><strong>sc-</strong></span> 
     </span>
    </p>
   </div>
   <div class='ocr_carea' id='block_1_42' title="bbox 2281 781 3864 852">
    <p class='ocr_par' dir='ltr' id='par_1_42' title="bbox 2281 781 3864 852">
     <span class='ocr_line' id='line_1_42' title="bbox 2281 781 3864 852; baseline 0.001 -18"><span class='ocrx_word' id='word_1_247' title='bbox 2281 782 2470 835; x_wconf 69' lang='lat' dir='ltr'><strong>cundm</strong></span> <span class='ocrx_word' id='word_1_248' title='bbox 2517 783 2906 836; x_wconf 84' lang='lat' dir='ltr'><strong>criminationi.</strong></span> <span class='ocrx_word' id='word_1_249' title='bbox 2945 781 3096 836; x_wconf 80' lang='lat' dir='ltr'><strong>Nunc</strong></span> <span class='ocrx_word' id='word_1_250' title='bbox 3135 791 3536 849; x_wconf 78' lang='lat' dir='ltr'><strong>consequenter</strong></span> <span class='ocrx_word' id='word_1_251' title='bbox 3569 785 3864 852; x_wconf 86' lang='lat' dir='ltr'><strong>respoade-</strong></span> 
     </span>
    </p>
   </div>
   <div class='ocr_carea' id='block_1_43' title="bbox 2282 872 3864 944">
    <p class='ocr_par' dir='ltr' id='par_1_43' title="bbox 2282 872 3864 944">
     <span class='ocr_line' id='line_1_43' title="bbox 2282 872 3864 944; baseline 0.004 -19"><span class='ocrx_word' id='word_1_252' title='bbox 2282 872 2459 928; x_wconf 86' lang='lat' dir='ltr'><strong>bimus</strong></span> <span class='ocrx_word' id='word_1_253' title='bbox 2503 875 2663 927; x_wconf 86' lang='lat' dir='ltr'><strong>etiam</strong></span> <span class='ocrx_word' id='word_1_254' title='bbox 2705 874 2788 927; x_wconf 90' lang='lat' dir='ltr'><strong>his</strong></span> <span class='ocrx_word' id='word_1_255' title='bbox 2818 875 2908 944; x_wconf 86' lang='lat' dir='ltr'><strong>qui</strong></span> <span class='ocrx_word' id='word_1_256' title='bbox 2947 889 3139 942; x_wconf 84' lang='lat' dir='ltr'><strong>Purum</strong></span> <span class='ocrx_word' id='word_1_257' title='bbox 3189 874 3485 940; x_wconf 89' lang='lat' dir='ltr'><strong>hominem,</strong></span> <span class='ocrx_word' id='word_1_258' title='bbox 3516 873 3570 930; x_wconf 89' lang='lat' dir='ltr'><strong>id</strong></span> <span class='ocrx_word' id='word_1_259' title='bbox 3607 883 3711 940; x_wconf 89' lang='lat' dir='ltr'><strong>est,</strong></span> <span class='ocrx_word' id='word_1_260' title='bbox 3745 876 3864 931; x_wconf 90' lang='lat' dir='ltr'><strong>sine</strong></span> 
     </span>
    </p>
   </div>
   <div class='ocr_carea' id='block_1_44' title="bbox 2282 964 3361 1031">
    <p class='ocr_par' dir='ltr' id='par_1_44' title="bbox 2282 964 3361 1031">
     <span class='ocr_line' id='line_1_44' title="bbox 2282 964 3361 1031; baseline 0.004 -13"><span class='ocrx_word' id='word_1_261' title='bbox 2282 964 2413 1031; x_wconf 89' lang='lat' dir='ltr'><strong>Deo,</strong></span> <span class='ocrx_word' id='word_1_262' title='bbox 2441 968 2508 1020; x_wconf 89' lang='lat' dir='ltr'><strong>ab</strong></span> <span class='ocrx_word' id='word_1_263' title='bbox 2543 981 2608 1020; x_wconf 91' lang='lat' dir='ltr'><strong>eo</strong></span> <span class='ocrx_word' id='word_1_264' title='bbox 2643 967 2750 1020; x_wconf 88' lang='lat' dir='ltr'><strong>dici</strong></span> <span class='ocrx_word' id='word_1_265' title='bbox 2781 975 3036 1020; x_wconf 87' lang='lat' dir='ltr'><strong>asserunt</strong></span> <span class='ocrx_word' id='word_1_266' title='bbox 3062 965 3361 1022; x_wconf 81' lang='lat' dir='ltr'><strong>Christum.</strong></span> 
     </span>
    </p>
   </div>
   <div class='ocr_carea' id='block_1_45' title="bbox 2493 1092 3642 1133">
    <p class='ocr_par' dir='ltr' id='par_1_45' title="bbox 2493 1092 3642 1133">
     <span class='ocr_line' id='line_1_45' title="bbox 2493 1092 3642 1133; baseline 0.002 -3"><span class='ocrx_word' id='word_1_267' title='bbox 2493 1092 2777 1131; x_wconf 77' lang='lat' dir='ltr'><strong>RESPONSIO</strong></span> <span class='ocrx_word' id='word_1_268' title='bbox 2807 1093 2874 1130; x_wconf 70' lang='lat' dir='ltr'><strong>AD</strong></span> <span class='ocrx_word' id='word_1_269' title='bbox 2909 1092 3150 1132; x_wconf 64' lang='lat' dir='ltr'><strong>TERTIA“</strong></span> <span class='ocrx_word' id='word_1_270' title='bbox 3191 1093 3642 1133; x_wconf 69' lang='lat' dir='ltr'><strong>CBIIIINATIONEI.</strong></span> 
     </span>
    </p>
   </div>
   <div class='ocr_carea' id='block_1_46' title="bbox 2280 1187 3854 1255">
    <p class='ocr_par' dir='ltr' id='par_1_46' title="bbox 2280 1187 3854 1255">
     <span class='ocr_line' id='line_1_46' title="bbox 2280 1187 3854 1255; baseline 0.004 -13"><span class='ocrx_word' id='word_1_271' title='bbox 2280 1187 2434 1255; x_wconf 77' lang='lat' dir='ltr'><strong>Quod</strong></span> <span class='ocrx_word' id='word_1_272' title='bbox 2454 1205 2555 1241; x_wconf 91' lang='lat' dir='ltr'><strong>nou</strong></span> <span class='ocrx_word' id='word_1_273' title='bbox 2577 1205 2738 1252; x_wconf 88' lang='lat' dir='ltr'><strong>purus</strong></span> <span class='ocrx_word' id='word_1_274' title='bbox 2757 1191 2932 1248; x_wconf 89' lang='lat' dir='ltr'><strong>homo,</strong></span> <span class='ocrx_word' id='word_1_275' title='bbox 2956 1191 3045 1242; x_wconf 81' lang='lat' dir='ltr'><strong>sed</strong></span> <span class='ocrx_word' id='word_1_276' title='bbox 3073 1190 3264 1243; x_wconf 73' lang='lat' dir='ltr'><strong>(lirian</strong></span> <span class='ocrx_word' id='word_1_277' title='bbox 3283 1201 3485 1244; x_wconf 69' lang='lat' dir='ltr'><strong>natura:</strong></span> <span class='ocrx_word' id='word_1_278' title='bbox 3505 1193 3572 1243; x_wconf 82' lang='lat' dir='ltr'><strong>sit</strong></span> <span class='ocrx_word' id='word_1_279' title='bbox 3590 1191 3854 1249; x_wconf 72' lang='lat' dir='ltr'><strong>Christus.</strong></span> 
     </span>
    </p>
   </div>
   <div class='ocr_carea' id='block_1_47' title="bbox 2421 1258 3712 1334">
    <p class='ocr_par' dir='ltr' id='par_1_47' title="bbox 2421 1258 3712 1334">
     <span class='ocr_line' id='line_1_47' title="bbox 2421 1258 3712 1334; baseline 0.004 -23"><span class='ocrx_word' id='word_1_280' title='bbox 2421 1258 2534 1329; x_wconf 82' lang='lat'><strong>(86)</strong></span> <span class='ocrx_word' id='word_1_281' title='bbox 2559 1258 2657 1330; x_wconf 73' lang='lat' dir='ltr'><strong>[De</strong></span> <span class='ocrx_word' id='word_1_282' title='bbox 2677 1261 2852 1328; x_wconf 86' lang='lat' dir='ltr'><strong>primo</strong></span> <span class='ocrx_word' id='word_1_283' title='bbox 2893 1259 3030 1314; x_wconf 88' lang='lat' dir='ltr'><strong>libro</strong></span> <span class='ocrx_word' id='word_1_284' title='bbox 3060 1260 3316 1328; x_wconf 62' lang='lat' dir='ltr'><strong>Epistolas</strong></span> <span class='ocrx_word' id='word_1_285' title='bbox 3347 1266 3412 1314; x_wconf 88' lang='lat' dir='ltr'><strong>ad</strong></span> <span class='ocrx_word' id='word_1_286' title='bbox 3439 1262 3712 1334; x_wconf 60' lang='lat' dir='ltr'><strong>Galatas]</strong></span> 
     </span>
    </p>
   </div>
   <div class='ocr_carea' id='block_1_48' title="bbox 2348 1369 3850 1445">
    <p class='ocr_par' dir='ltr' id='par_1_48' title="bbox 2348 1369 3850 1445">
     <span class='ocr_line' id='line_1_48' title="bbox 2348 1369 3850 1445; baseline 0.005 -19"><span class='ocrx_word' id='word_1_287' title='bbox 2348 1369 2638 1427; x_wconf 70' lang='lat' dir='ltr'><strong>ORIGENES.</strong></span> <span class='ocrx_word' id='word_1_288' title='bbox 2672 1373 2784 1443; x_wconf 84' lang='lat'><strong>(87)</strong></span> <span class='ocrx_word' id='word_1_289' title='bbox 2845 1391 2864 1425; x_wconf 81' lang='grc' dir='ltr'><strong>ι</strong></span> <span class='ocrx_word' id='word_1_290' title='bbox 2899 1374 2974 1428; x_wconf 80' lang='lat' dir='ltr'><strong>Ex</strong></span> <span class='ocrx_word' id='word_1_291' title='bbox 3036 1389 3101 1428; x_wconf 90' lang='lat' dir='ltr'><strong>co</strong></span> <span class='ocrx_word' id='word_1_292' title='bbox 3151 1375 3292 1444; x_wconf 90' lang='lat' dir='ltr'><strong>quod</strong></span> <span class='ocrx_word' id='word_1_293' title='bbox 3342 1377 3478 1430; x_wconf 78' lang='lat' dir='ltr'><strong>dixit</strong></span> <span class='ocrx_word' id='word_1_294' title='bbox 3522 1378 3850 1445; x_wconf 81' lang='lat' dir='ltr'><strong>Apostolus:</strong></span> 
     </span>
    </p>
   </div>
   <div class='ocr_carea' id='block_1_49' title="bbox 2280 1461 3856 1539">
    <p class='ocr_par' dir='ltr' id='par_1_49' title="bbox 2280 1461 3856 1539">
     <span class='ocr_line' id='line_1_49' title="bbox 2280 1461 3856 1539; baseline 0.005 -23"><span class='ocrx_word' id='word_1_295' title='bbox 2280 1461 2487 1517; x_wconf 88' lang='lat' dir='ltr'><strong>Paulus</strong></span> <span class='ocrx_word' id='word_1_296' title='bbox 2531 1465 2645 1536; x_wconf 90' lang='lat'><strong>(88)</strong></span> <span class='ocrx_word' id='word_1_297' title='bbox 2677 1467 2948 1528; x_wconf 87' lang='lat' dir='ltr'><strong>apostolus</strong></span> <span class='ocrx_word' id='word_1_298' title='bbox 2983 1483 3084 1519; x_wconf 85' lang='lat' dir='ltr'><strong>non</strong></span> <span class='ocrx_word' id='word_1_299' title='bbox 3117 1467 3179 1518; x_wconf 84' lang='lat' dir='ltr'><strong>ab</strong></span> <span class='ocrx_word' id='word_1_300' title='bbox 3213 1468 3532 1534; x_wconf 88' lang='lat' dir='ltr'><strong>hominibus,</strong></span> <span class='ocrx_word' id='word_1_301' title='bbox 3565 1487 3726 1539; x_wconf 85' lang='lat' dir='ltr'><strong>neque</strong></span> <span class='ocrx_word' id='word_1_302' title='bbox 3764 1488 3856 1539; x_wconf 84' lang='lat' dir='ltr'><strong>per</strong></span> 
     </span>
    </p>
   </div>
   <div class='ocr_carea' id='block_1_50' title="bbox 2273 1553 3855 1622">
    <p class='ocr_par' dir='ltr' id='par_1_50' title="bbox 2273 1553 3855 1622">
     <span class='ocr_line' id='line_1_50' title="bbox 2273 1553 3855 1622; baseline 0.007 -18"><span class='ocrx_word' id='word_1_303' title='bbox 2273 1553 2558 1617; x_wconf 79' lang='lat' dir='ltr'><strong>hominem,</strong></span> <span class='ocrx_word' id='word_1_304' title='bbox 2596 1556 2687 1607; x_wconf 79' lang='lat' dir='ltr'><strong>sed</strong></span> <span class='ocrx_word' id='word_1_305' title='bbox 2720 1573 2813 1622; x_wconf 89' lang='lat' dir='ltr'><strong>per</strong></span> <span class='ocrx_word' id='word_1_306' title='bbox 2843 1556 3022 1610; x_wconf 82' lang='lat' dir='ltr'><strong>Jesum</strong></span> <span class='ocrx_word' id='word_1_307' title='bbox 3059 1557 3323 1612; x_wconf 76' lang='lat' dir='ltr'><strong>Christum</strong></span> <span class='ocrx_word' id='word_1_308' title='bbox 3353 1559 3419 1622; x_wconf 83' lang='grc'>⁷⁸,</span> <span class='ocrx_word' id='word_1_309' title='bbox 3454 1560 3742 1616; x_wconf 79' lang='lat' dir='ltr'><strong>manifeste</strong></span> <span class='ocrx_word' id='word_1_310' title='bbox 3772 1563 3855 1616; x_wconf 85' lang='lat' dir='ltr'><strong>in-</strong></span> 
     </span>
    </p>
   </div>
   <div class='ocr_carea' id='block_1_51' title="bbox 2275 1645 3852 1720">
    <p class='ocr_par' dir='ltr' id='par_1_51' title="bbox 2275 1645 3852 1720">
     <span class='ocr_line' id='line_1_51' title="bbox 2275 1645 3852 1720; baseline 0.006 -22"><span class='ocrx_word' id='word_1_311' title='bbox 2275 1645 2440 1714; x_wconf 76' lang='lat' dir='ltr'><strong>telligi</strong></span> <span class='ocrx_word' id='word_1_312' title='bbox 2485 1647 2676 1705; x_wconf 87' lang='lat' dir='ltr'><strong>datur,</strong></span> <span class='ocrx_word' id='word_1_313' title='bbox 2729 1647 2856 1717; x_wconf 87' lang='lat' dir='ltr'><strong>quia</strong></span> <span class='ocrx_word' id='word_1_314' title='bbox 2907 1663 3012 1702; x_wconf 89' lang='lat' dir='ltr'><strong>non</strong></span> <span class='ocrx_word' id='word_1_315' title='bbox 3057 1658 3176 1703; x_wconf 88' lang='lat' dir='ltr'><strong>erat</strong></span> <span class='ocrx_word' id='word_1_316' title='bbox 3210 1649 3370 1704; x_wconf 89' lang='lat' dir='ltr'><strong>homo</strong></span> <span class='ocrx_word' id='word_1_317' title='bbox 3395 1649 3554 1706; x_wconf 78' lang='lat' dir='ltr'><strong>Jesus</strong></span> <span class='ocrx_word' id='word_1_318' title='bbox 3579 1651 3852 1720; x_wconf 62' lang='lat' dir='ltr'><strong>Christuc,</strong></span> 
     </span>
    </p>
   </div>
   <div class='ocr_carea' id='block_1_52' title="bbox 2272 1738 3854 1807">
    <p class='ocr_par' dir='ltr' id='par_1_52' title="bbox 2272 1738 3854 1807">
     <span class='ocr_line' id='line_1_52' title="bbox 2272 1738 3854 1807; baseline 0.004 -16"><span class='ocrx_word' id='word_1_319' title='bbox 2272 1739 2364 1792; x_wconf 86' lang='lat' dir='ltr'><strong>sed</strong></span> <span class='ocrx_word' id='word_1_320' title='bbox 2408 1748 2527 1792; x_wconf 89' lang='lat' dir='ltr'><strong>erat</strong></span> <span class='ocrx_word' id='word_1_321' title='bbox 2569 1739 2750 1793; x_wconf 80' lang='lat' dir='ltr'><strong>divina</strong></span> <span class='ocrx_word' id='word_1_322' title='bbox 2792 1749 3008 1794; x_wconf 92' lang='lat' dir='ltr'><strong>natura.</strong></span> <span class='ocrx_word' id='word_1_323' title='bbox 3053 1738 3169 1794; x_wconf 86' lang='lat' dir='ltr'><strong>Non</strong></span> <span class='ocrx_word' id='word_1_324' title='bbox 3201 1742 3366 1804; x_wconf 89' lang='lat' dir='ltr'><strong>enim,</strong></span> <span class='ocrx_word' id='word_1_325' title='bbox 3393 1742 3436 1796; x_wconf 90' lang='lat' dir='ltr'><strong>si</strong></span> <span class='ocrx_word' id='word_1_326' title='bbox 3484 1742 3642 1798; x_wconf 87' lang='lat' dir='ltr'><strong>homo</strong></span> <span class='ocrx_word' id='word_1_327' title='bbox 3683 1756 3854 1807; x_wconf 78' lang='lat' dir='ltr'><strong>esset,</strong></span> 
     </span>
    </p>
   </div>
   <div class='ocr_carea' id='block_1_53' title="bbox 2271 1829 3851 1900">
    <p class='ocr_par' dir='ltr' id='par_1_53' title="bbox 2271 1829 3851 1900">
     <span class='ocr_line' id='line_1_53' title="bbox 2271 1829 3851 1900; baseline 0.006 -18"><span class='ocrx_word' id='word_1_328' title='bbox 2271 1829 2498 1884; x_wconf 77' lang='lat' dir='ltr'><strong>dixisset</strong></span> <span class='ocrx_word' id='word_1_329' title='bbox 2522 1829 2721 1884; x_wconf 88' lang='lat' dir='ltr'><strong>Paulus</strong></span> <span class='ocrx_word' id='word_1_330' title='bbox 2746 1830 2846 1886; x_wconf 92' lang='lat' dir='ltr'><strong>hoc</strong></span> <span class='ocrx_word' id='word_1_331' title='bbox 2871 1831 3014 1900; x_wconf 91' lang='lat' dir='ltr'><strong>quod</strong></span> <span class='ocrx_word' id='word_1_332' title='bbox 3057 1832 3133 1885; x_wconf 89' lang='lat' dir='ltr'><strong>ait</strong></span> <span class='ocrx_word' id='word_1_333' title='bbox 3171 1850 3183 1884; x_wconf 93' lang='lat'>:</span> <span class='ocrx_word' id='word_1_334' title='bbox 3225 1829 3424 1886; x_wconf 90' lang='lat' dir='ltr'><strong>Paulus</strong></span> <span class='ocrx_word' id='word_1_335' title='bbox 3453 1835 3720 1898; x_wconf 90' lang='lat' dir='ltr'><strong>apostolus</strong></span> <span class='ocrx_word' id='word_1_336' title='bbox 3749 1853 3851 1892; x_wconf 87' lang='lat' dir='ltr'><strong>non</strong></span> 
     </span>
    </p>
   </div>
   <div class='ocr_carea' id='block_1_54' title="bbox 2271 1921 3854 1990">
    <p class='ocr_par' dir='ltr' id='par_1_54' title="bbox 2271 1921 3854 1990">
     <span class='ocr_line' id='line_1_54' title="bbox 2271 1921 3854 1990; baseline 0.007 -17"><span class='ocrx_word' id='word_1_337' title='bbox 2271 1921 2336 1973; x_wconf 87' lang='lat' dir='ltr'><strong>ab</strong></span> <span class='ocrx_word' id='word_1_338' title='bbox 2373 1921 2708 1984; x_wconf 84' lang='lat' dir='ltr'><strong>hominibus,</strong></span> <span class='ocrx_word' id='word_1_339' title='bbox 2753 1938 2916 1990; x_wconf 85' lang='lat' dir='ltr'><strong>neque</strong></span> <span class='ocrx_word' id='word_1_340' title='bbox 2952 1939 3042 1989; x_wconf 85' lang='lat' dir='ltr'><strong>per</strong></span> <span class='ocrx_word' id='word_1_341' title='bbox 3081 1924 3360 1978; x_wconf 81' lang='lat' dir='ltr'><strong>hominem.</strong></span> <span class='ocrx_word' id='word_1_342' title='bbox 3413 1925 3471 1982; x_wconf 92' lang='lat' dir='ltr'><strong>Si</strong></span> <span class='ocrx_word' id='word_1_343' title='bbox 3510 1928 3652 1982; x_wconf 90' lang='lat' dir='ltr'><strong>enim</strong></span> <span class='ocrx_word' id='word_1_344' title='bbox 3690 1931 3854 1984; x_wconf 91' lang='lat' dir='ltr'><strong>homo</strong></span> 
     </span>
    </p>
   </div>
   <div class='ocr_carea' id='block_1_55' title="bbox 2271 2011 3854 2091">
    <p class='ocr_par' dir='ltr' id='par_1_55' title="bbox 2271 2011 3854 2091">
     <span class='ocr_line' id='line_1_55' title="bbox 2271 2011 3854 2091; baseline 0.007 -25"><span class='ocrx_word' id='word_1_345' title='bbox 2271 2013 2371 2067; x_wconf 79' lang='lat' dir='ltr'><strong>fuit</strong></span> <span class='ocrx_word' id='word_1_346' title='bbox 2391 2011 2570 2076; x_wconf 79' lang='lat' dir='ltr'><strong>Jesus,</strong></span> <span class='ocrx_word' id='word_1_347' title='bbox 2608 2023 2663 2066; x_wconf 91' lang='lat' dir='ltr'><strong>et</strong></span> <span class='ocrx_word' id='word_1_348' title='bbox 2701 2029 2798 2083; x_wconf 89' lang='lat' dir='ltr'><strong>per</strong></span> <span class='ocrx_word' id='word_1_349' title='bbox 2830 2014 3004 2081; x_wconf 86' lang='lat' dir='ltr'><strong>ipsum</strong></span> <span class='ocrx_word' id='word_1_350' title='bbox 3041 2027 3354 2088; x_wconf 83' lang='lat' dir='ltr'><strong>assumptus</strong></span> <span class='ocrx_word' id='word_1_351' title='bbox 3379 2028 3464 2074; x_wconf 88' lang='lat' dir='ltr'><strong>est</strong></span> <span class='ocrx_word' id='word_1_352' title='bbox 3500 2020 3553 2074; x_wconf 92' lang='lat' dir='ltr'><strong>in</strong></span> <span class='ocrx_word' id='word_1_353' title='bbox 3582 2023 3854 2091; x_wconf 86' lang='lat' dir='ltr'><strong>apostola-</strong></span> 
     </span>
    </p>
   </div>
   <div class='ocr_carea' id='block_1_56' title="bbox 2271 2105 3852 2183">
    <p class='ocr_par' dir='ltr' id='par_1_56' title="bbox 2271 2105 3852 2183">
     <span class='ocr_line' id='line_1_56' title="bbox 2271 2105 3852 2183; baseline 0.008 -24"><span class='ocrx_word' id='word_1_354' title='bbox 2271 2114 2384 2160; x_wconf 93' lang='lat' dir='ltr'><strong>tum</strong></span> <span class='ocrx_word' id='word_1_355' title='bbox 2445 2105 2668 2170; x_wconf 84' lang='lat' dir='ltr'><strong>Paulus,</strong></span> <span class='ocrx_word' id='word_1_356' title='bbox 2707 2109 2893 2178; x_wconf 91' lang='lat' dir='ltr'><strong>utique</strong></span> <span class='ocrx_word' id='word_1_357' title='bbox 2940 2123 3035 2176; x_wconf 89' lang='lat' dir='ltr'><strong>per</strong></span> <span class='ocrx_word' id='word_1_358' title='bbox 3082 2110 3355 2165; x_wconf 86' lang='lat' dir='ltr'><strong>hominem</strong></span> <span class='ocrx_word' id='word_1_359' title='bbox 3415 2125 3532 2168; x_wconf 89' lang='lat' dir='ltr'><strong>erat</strong></span> <span class='ocrx_word' id='word_1_360' title='bbox 3577 2117 3852 2183; x_wconf 88' lang='lat' dir='ltr'><strong>apostolus</strong></span> 
     </span>
    </p>
   </div>
   <div class='ocr_carea' id='block_1_57' title="bbox 2273 2195 3850 2274">
    <p class='ocr_par' dir='ltr' id='par_1_57' title="bbox 2273 2195 3850 2274">
     <span class='ocr_line' id='line_1_57' title="bbox 2273 2195 3850 2274; baseline 0.01 -25"><span class='ocrx_word' id='word_1_361' title='bbox 2273 2195 2470 2252; x_wconf 84' lang='lat' dir='ltr'><strong>factus.</strong></span> <span class='ocrx_word' id='word_1_362' title='bbox 2509 2197 2564 2251; x_wconf 87' lang='lat' dir='ltr'><strong>Si</strong></span> <span class='ocrx_word' id='word_1_363' title='bbox 2595 2207 2774 2252; x_wconf 87' lang='lat' dir='ltr'><strong>autem</strong></span> <span class='ocrx_word' id='word_1_364' title='bbox 2807 2215 2903 2268; x_wconf 88' lang='lat' dir='ltr'><strong>per</strong></span> <span class='ocrx_word' id='word_1_365' title='bbox 2932 2201 3204 2256; x_wconf 86' lang='lat' dir='ltr'><strong>hominem</strong></span> <span class='ocrx_word' id='word_1_366' title='bbox 3236 2215 3351 2258; x_wconf 89' lang='lat' dir='ltr'><strong>erat</strong></span> <span class='ocrx_word' id='word_1_367' title='bbox 3390 2214 3684 2274; x_wconf 83' lang='lat' dir='ltr'><strong>apostolus,</strong></span> <span class='ocrx_word' id='word_1_368' title='bbox 3711 2225 3850 2264; x_wconf 92' lang='lat' dir='ltr'><strong>nun—</strong></span> 
     </span>
    </p>
   </div>
   <div class='ocr_carea' id='block_1_58' title="bbox 2267 2289 3851 2360">
    <p class='ocr_par' dir='ltr' id='par_1_58' title="bbox 2267 2289 3851 2360">
     <span class='ocr_line' id='line_1_58' title="bbox 2267 2289 3851 2360; baseline 0.008 -20"><span class='ocrx_word' id='word_1_369' title='bbox 2267 2304 2430 2356; x_wconf 85' lang='lat' dir='ltr'><strong>quam</strong></span> <span class='ocrx_word' id='word_1_370' title='bbox 2469 2289 2715 2354; x_wconf 76' lang='lat' dir='ltr'><strong>dixisset,</strong></span> <span class='ocrx_word' id='word_1_371' title='bbox 2753 2291 2879 2358; x_wconf 90' lang='lat' dir='ltr'><strong>quia</strong></span> <span class='ocrx_word' id='word_1_372' title='bbox 2907 2307 3070 2360; x_wconf 88' lang='lat' dir='ltr'><strong>neque</strong></span> <span class='ocrx_word' id='word_1_373' title='bbox 3095 2309 3187 2359; x_wconf 87' lang='lat' dir='ltr'><strong>per</strong></span> <span class='ocrx_word' id='word_1_374' title='bbox 3209 2293 3472 2349; x_wconf 84' lang='lat' dir='ltr'><strong>hominem</strong></span> <span class='ocrx_word' id='word_1_375' title='bbox 3502 2314 3520 2352; x_wconf 91' lang='lat'><strong><em>:</em></strong></span> <span class='ocrx_word' id='word_1_376' title='bbox 3556 2299 3649 2353; x_wconf 87' lang='lat' dir='ltr'><strong>sed</strong></span> <span class='ocrx_word' id='word_1_377' title='bbox 3678 2301 3851 2352; x_wconf 86' lang='lat' dir='ltr'><strong>mani-</strong></span> 
     </span>
    </p>
   </div>
   <div class='ocr_carea' id='block_1_59' title="bbox 2269 2379 3851 2457">
    <p class='ocr_par' dir='ltr' id='par_1_59' title="bbox 2269 2379 3851 2457">
     <span class='ocr_line' id='line_1_59' title="bbox 2269 2379 3851 2457; baseline 0.006 -25"><span class='ocrx_word' id='word_1_378' title='bbox 2269 2379 2405 2433; x_wconf 81' lang='lat' dir='ltr'><strong>feste</strong></span> <span class='ocrx_word' id='word_1_379' title='bbox 2436 2389 2648 2448; x_wconf 89' lang='lat' dir='ltr'><strong>separat</strong></span> <span class='ocrx_word' id='word_1_380' title='bbox 2679 2381 2744 2434; x_wconf 87' lang='lat' dir='ltr'><strong>ab</strong></span> <span class='ocrx_word' id='word_1_381' title='bbox 2778 2381 3010 2436; x_wconf 87' lang='lat' dir='ltr'><strong>humana</strong></span> <span class='ocrx_word' id='word_1_382' title='bbox 3062 2392 3256 2436; x_wconf 85' lang='lat' dir='ltr'><strong>natura</strong></span> <span class='ocrx_word' id='word_1_383' title='bbox 3298 2384 3481 2439; x_wconf 84' lang='lat' dir='ltr'><strong>.lesum</strong></span> <span class='ocrx_word' id='word_1_384' title='bbox 3521 2385 3718 2442; x_wconf 84' lang='lat' dir='ltr'><strong>Paulus</strong></span> <span class='ocrx_word' id='word_1_385' title='bbox 3757 2405 3851 2457; x_wconf 86' lang='lat' dir='ltr'><strong>per</strong></span> 
     </span>
    </p>
   </div>
   <div class='ocr_carea' id='block_1_60' title="bbox 2269 2471 3853 2550">
    <p class='ocr_par' dir='ltr' id='par_1_60' title="bbox 2269 2471 3853 2550">
     <span class='ocr_line' id='line_1_60' title="bbox 2269 2471 3853 2550; baseline 0.006 -24"><span class='ocrx_word' id='word_1_386' title='bbox 2269 2471 2384 2526; x_wconf 65' lang='lat' dir='ltr'><strong>haec</strong></span> <span class='ocrx_word' id='word_1_387' title='bbox 2409 2471 2588 2526; x_wconf 87' lang='lat' dir='ltr'><strong>verba.</strong></span> <span class='ocrx_word' id='word_1_388' title='bbox 2631 2471 2748 2527; x_wconf 84' lang='lat' dir='ltr'><strong>Non</strong></span> <span class='ocrx_word' id='word_1_389' title='bbox 2791 2475 2935 2528; x_wconf 87' lang='lat' dir='ltr'><strong>enim</strong></span> <span class='ocrx_word' id='word_1_390' title='bbox 2965 2475 3162 2530; x_wconf 80' lang='lat' dir='ltr'><strong>suliicit</strong></span> <span class='ocrx_word' id='word_1_391' title='bbox 3189 2478 3237 2530; x_wconf 94' lang='lat' dir='ltr'><strong>ei</strong></span> <span class='ocrx_word' id='word_1_392' title='bbox 3269 2478 3469 2532; x_wconf 79' lang='lat' dir='ltr'><strong>dixisse</strong></span> <span class='ocrx_word' id='word_1_393' title='bbox 3498 2497 3511 2532; x_wconf 89' lang='lat'>:</span> <span class='ocrx_word' id='word_1_394' title='bbox 3556 2478 3735 2550; x_wconf 85' lang='lat' dir='ltr'><strong>Neque</strong></span> <span class='ocrx_word' id='word_1_395' title='bbox 3761 2499 3853 2548; x_wconf 88' lang='lat' dir='ltr'><strong>per</strong></span> 
     </span>
    </p>
   </div>
   <div class='ocr_carea' id='block_1_61' title="bbox 2267 2560 3850 2638">
    <p class='ocr_par' dir='ltr' id='par_1_61' title="bbox 2267 2560 3850 2638">
     <span class='ocr_line' id='line_1_61' title="bbox 2267 2560 3850 2638; baseline 0.009 -25"><span class='ocrx_word' id='word_1_396' title='bbox 2267 2560 2565 2624; x_wconf 83' lang='lat' dir='ltr'><strong>hominem;</strong></span> <span class='ocrx_word' id='word_1_397' title='bbox 2598 2563 2692 2617; x_wconf 89' lang='lat' dir='ltr'><strong>sed</strong></span> <span class='ocrx_word' id='word_1_398' title='bbox 2727 2565 2927 2634; x_wconf 85' lang='lat' dir='ltr'><strong>adjecit</strong></span> <span class='ocrx_word' id='word_1_399' title='bbox 2957 2566 3144 2620; x_wconf 84' lang='lat' dir='ltr'><strong>dicens</strong></span> <span class='ocrx_word' id='word_1_400' title='bbox 3178 2567 3335 2622; x_wconf 67' lang='grc' dir='ltr'><strong>ιδιά</strong></span> <span class='ocrx_word' id='word_1_401' title='bbox 3375 2587 3467 2638; x_wconf 85' lang='lat' dir='ltr'><strong>per</strong></span> <span class='ocrx_word' id='word_1_402' title='bbox 3485 2571 3666 2626; x_wconf 77' lang='lat' dir='ltr'><strong>Iesum</strong></span> <span class='ocrx_word' id='word_1_403' title='bbox 3697 2573 3850 2628; x_wconf 83' lang='lat' dir='ltr'><strong>Chri-</strong></span> 
     </span>
    </p>
   </div>
   <div class='ocr_carea' id='block_1_62' title="bbox 2267 2653 3850 2727">
    <p class='ocr_par' dir='ltr' id='par_1_62' title="bbox 2267 2653 3850 2727">
     <span class='ocr_line' id='line_1_62' title="bbox 2267 2653 3850 2727; baseline 0.011 -22"><span class='ocrx_word' id='word_1_404' title='bbox 2267 2663 2426 2708; x_wconf 83' lang='lat' dir='ltr'><strong>stum.</strong></span> <span class='ocrx_word' id='word_1_405' title='bbox 2474 2653 2643 2721; x_wconf 88' lang='lat' dir='ltr'><strong>Quem</strong></span> <span class='ocrx_word' id='word_1_406' title='bbox 2679 2658 2867 2727; x_wconf 85' lang='lat' dir='ltr'><strong>utique</strong></span> <span class='ocrx_word' id='word_1_407' title='bbox 2896 2659 3019 2726; x_wconf 85' lang='lat' dir='ltr'><strong>quia</strong></span> <span class='ocrx_word' id='word_1_408' title='bbox 3055 2659 3266 2714; x_wconf 88' lang='lat' dir='ltr'><strong>sciebat</strong></span> <span class='ocrx_word' id='word_1_409' title='bbox 3291 2663 3695 2721; x_wconf 82' lang='lat' dir='ltr'><strong>excellentioris</strong></span> <span class='ocrx_word' id='word_1_410' title='bbox 3728 2682 3850 2722; x_wconf 88' lang='lat' dir='ltr'><strong>esse</strong></span> 
     </span>
    </p>
   </div>
   <div class='ocr_carea' id='block_1_63' title="bbox 2267 2751 3850 2829">
    <p class='ocr_par' dir='ltr' id='par_1_63' title="bbox 2267 2751 3850 2829">
     <span class='ocr_line' id='line_1_63' title="bbox 2267 2751 3850 2829; baseline 0.011 -32"><span class='ocrx_word' id='word_1_411' title='bbox 2267 2755 2495 2809; x_wconf 67' lang='lat' dir='ltr'><strong>naturae,</strong></span> <span class='ocrx_word' id='word_1_412' title='bbox 2522 2757 2804 2817; x_wconf 83' lang='lat' dir='ltr'><strong>propterea</strong></span> <span class='ocrx_word' id='word_1_413' title='bbox 2834 2751 2970 2805; x_wconf 77' lang='lat' dir='ltr'><strong>dixit</strong></span> <span class='ocrx_word' id='word_1_414' title='bbox 2994 2765 3054 2806; x_wconf 90' lang='lat' dir='ltr'><strong>se</strong></span> <span class='ocrx_word' id='word_1_415' title='bbox 3093 2765 3197 2806; x_wconf 93' lang='lat' dir='ltr'><strong>non</strong></span> <span class='ocrx_word' id='word_1_416' title='bbox 3235 2763 3571 2824; x_wconf 89' lang='lat' dir='ltr'><strong>assumptum</strong></span> <span class='ocrx_word' id='word_1_417' title='bbox 3601 2773 3724 2813; x_wconf 89' lang='lat' dir='ltr'><strong>esse</strong></span> <span class='ocrx_word' id='word_1_418' title='bbox 3751 2775 3850 2829; x_wconf 84' lang='lat' dir='ltr'><strong>per</strong></span> 
     </span>
    </p>
   </div>
   <div class='ocr_carea' id='block_1_64' title="bbox 2268 2837 2608 2892">
    <p class='ocr_par' dir='ltr' id='par_1_64' title="bbox 2268 2837 2608 2892">
     <span class='ocr_line' id='line_1_64' title="bbox 2268 2837 2608 2892; baseline -0.006 0"><span class='ocrx_word' id='word_1_419' title='bbox 2268 2837 2564 2892; x_wconf 69' lang='lat' dir='ltr'><strong>hominem.</strong></span> <span class='ocrx_word' id='word_1_420' title='bbox 2590 2857 2608 2890; x_wconf 76' lang='grc' dir='ltr'><strong>ι</strong></span> 
     </span>
    </p>
   </div>
   <div class='ocr_carea' id='block_1_65' title="bbox 2337 2927 3843 3008">
    <p class='ocr_par' dir='ltr' id='par_1_65' title="bbox 2337 2927 3843 3008">
     <span class='ocr_line' id='line_1_65' title="bbox 2337 2927 3843 3008; baseline 0.007 -26"><span class='ocrx_word' id='word_1_421' title='bbox 2337 2927 2664 2986; x_wconf 78' lang='lat' dir='ltr'><strong>Putrmws.</strong></span> <span class='ocrx_word' id='word_1_422' title='bbox 2691 2929 2817 2988; x_wconf 72' lang='lat' dir='ltr'><strong>llaec</strong></span> <span class='ocrx_word' id='word_1_423' title='bbox 2846 2933 2900 2987; x_wconf 93' lang='lat' dir='ltr'><strong>in</strong></span> <span class='ocrx_word' id='word_1_424' title='bbox 2940 2933 3094 2988; x_wconf 91' lang='lat' dir='ltr'><strong>initio</strong></span> <span class='ocrx_word' id='word_1_425' title='bbox 3117 2934 3374 3005; x_wconf 61' lang='lat' dir='ltr'><strong>Epistolis</strong></span> <span class='ocrx_word' id='word_1_426' title='bbox 3398 2936 3606 3001; x_wconf 90' lang='lat' dir='ltr'><strong>dicens,</strong></span> <span class='ocrx_word' id='word_1_427' title='bbox 3650 2937 3760 3008; x_wconf 83' lang='grc'>(89)</span> <span class='ocrx_word' id='word_1_428' title='bbox 3793 2941 3843 2994; x_wconf 92' lang='lat' dir='ltr'><strong>in</strong></span> 
     </span>
    </p>
   </div>
   <div class='ocr_carea' id='block_1_66' title="bbox 2267 3021 3846 3096">
    <p class='ocr_par' dir='ltr' id='par_1_66' title="bbox 2267 3021 3846 3096">
     <span class='ocr_line' id='line_1_66' title="bbox 2267 3021 3846 3096; baseline 0.007 -23"><span class='ocrx_word' id='word_1_429' title='bbox 2267 3021 2623 3088; x_wconf 82' lang='lat' dir='ltr'><strong>sequentibus</strong></span> <span class='ocrx_word' id='word_1_430' title='bbox 2667 3022 2794 3077; x_wconf 91' lang='lat' dir='ltr'><strong>libri</strong></span> <span class='ocrx_word' id='word_1_431' title='bbox 2849 3023 3020 3094; x_wconf 80' lang='lat' dir='ltr'><strong>ipsius</strong></span> <span class='ocrx_word' id='word_1_432' title='bbox 3076 3027 3275 3080; x_wconf 85' lang='lat' dir='ltr'><strong>similia</strong></span> <span class='ocrx_word' id='word_1_433' title='bbox 3306 3027 3523 3094; x_wconf 87' lang='lat' dir='ltr'><strong>adjecit,</strong></span> <span class='ocrx_word' id='word_1_434' title='bbox 3570 3042 3846 3096; x_wconf 79' lang='lat' dir='ltr'><strong>exponens</strong></span> 
     </span>
    </p>
   </div>
   <div class='ocr_carea' id='block_1_67' title="bbox 2268 3111 3840 3186">
    <p class='ocr_par' dir='ltr' id='par_1_67' title="bbox 2268 3111 3840 3186">
     <span class='ocr_line' id='line_1_67' title="bbox 2268 3111 3840 3186; baseline 0.007 -22"><span class='ocrx_word' id='word_1_435' title='bbox 2268 3111 2397 3166; x_wconf 88' lang='lat' dir='ltr'><strong>illud</strong></span> <span class='ocrx_word' id='word_1_436' title='bbox 2424 3113 2720 3181; x_wconf 90' lang='lat' dir='ltr'><strong>capitulum</strong></span> <span class='ocrx_word' id='word_1_437' title='bbox 2751 3116 2802 3168; x_wconf 94' lang='lat' dir='ltr'><strong>in</strong></span> <span class='ocrx_word' id='word_1_438' title='bbox 2835 3131 2944 3186; x_wconf 91' lang='lat' dir='ltr'><strong>quo</strong></span> <span class='ocrx_word' id='word_1_439' title='bbox 2975 3117 3232 3186; x_wconf 91' lang='lat' dir='ltr'><strong>scriptum</strong></span> <span class='ocrx_word' id='word_1_440' title='bbox 3259 3127 3339 3173; x_wconf 91' lang='lat' dir='ltr'><strong>est</strong></span> <span class='ocrx_word' id='word_1_441' title='bbox 3371 3136 3385 3173; x_wconf 88' lang='lat'><strong>:</strong></span> <span class='ocrx_word' id='word_1_442' title='bbox 3427 3117 3625 3174; x_wconf 86' lang='lat' dir='ltr'><strong>Notum</strong></span> <span class='ocrx_word' id='word_1_443' title='bbox 3666 3133 3840 3175; x_wconf 70' lang='lat' dir='ltr'><strong>autem</strong></span> 
     </span>
    </p>
   </div>
   <div class='ocr_carea' id='block_1_68' title="bbox 571 3205 3844 3282">
    <p class='ocr_par' dir='ltr' id='par_1_68' title="bbox 571 3205 3844 3282">
     <span class='ocr_line' id='line_1_68' title="bbox 571 3205 3844 3282; baseline 0.001 -17"><span class='ocrx_word' id='word_1_444' title='bbox 571 3210 750 3266; x_wconf 87' lang='lat' dir='ltr'><strong>Patris</strong></span> <span class='ocrx_word' id='word_1_445' title='bbox 780 3220 982 3278; x_wconf 89' lang='lat' dir='ltr'><strong>mente,</strong></span> <span class='ocrx_word' id='word_1_446' title='bbox 1027 3215 1168 3266; x_wconf 89' lang='lat' dir='ltr'><strong>sicut</strong></span> <span class='ocrx_word' id='word_1_447' title='bbox 1196 3211 1447 3266; x_wconf 85' lang='lat' dir='ltr'><strong>voluntas</strong></span> <span class='ocrx_word' id='word_1_448' title='bbox 1488 3225 1558 3265; x_wconf 77' lang='lat' dir='ltr'><strong>ex</strong></span> <span class='ocrx_word' id='word_1_449' title='bbox 1607 3218 1806 3263; x_wconf 88' lang='lat' dir='ltr'><strong>mente.</strong></span> <span class='ocrx_word' id='word_1_450' title='bbox 1855 3207 1970 3264; x_wconf 83' lang='lat' dir='ltr'><strong>Non</strong></span> <span class='ocrx_word' id='word_1_451' title='bbox 2013 3209 2157 3262; x_wconf 84' lang='lat' dir='ltr'><strong>enim</strong></span> <span class='ocrx_word' id='word_1_452' title='bbox 2187 3211 2229 3269; x_wconf 86' lang='lat' dir='ltr'>C</span> <span class='ocrx_word' id='word_1_453' title='bbox 2263 3205 2408 3257; x_wconf 84' lang='lat' dir='ltr'><strong>vobis</strong></span> <span class='ocrx_word' id='word_1_454' title='bbox 2463 3205 2629 3273; x_wconf 78' lang='lat' dir='ltr'><strong>facio,</strong></span> <span class='ocrx_word' id='word_1_455' title='bbox 2689 3206 2925 3276; x_wconf 78' lang='lat' dir='ltr'><strong>fratres,</strong></span> <span class='ocrx_word' id='word_1_456' title='bbox 2987 3207 3329 3279; x_wconf 78' lang='lat' dir='ltr'><strong>Evangelium</strong></span> <span class='ocrx_word' id='word_1_457' title='bbox 3382 3213 3521 3282; x_wconf 85' lang='lat' dir='ltr'><strong>quod</strong></span> <span class='ocrx_word' id='word_1_458' title='bbox 3563 3214 3844 3281; x_wconf 69' lang='lat' dir='ltr'><strong>pra&#39;dicart</strong></span> 
     </span>
    </p>
   </div>
   <div class='ocr_carea' id='block_1_69' title="bbox 571 3300 2157 3370">
    <p class='ocr_par' dir='ltr' id='par_1_69' title="bbox 571 3300 2157 3370">
     <span class='ocr_line' id='line_1_69' title="bbox 571 3300 2157 3370; baseline -0.003 -14"><span class='ocrx_word' id='word_1_459' title='bbox 571 3303 858 3357; x_wconf 86' lang='lat' dir='ltr'><strong>divisihilis</strong></span> <span class='ocrx_word' id='word_1_460' title='bbox 891 3313 974 3358; x_wconf 83' lang='lat' dir='ltr'><strong>est</strong></span> <span class='ocrx_word' id='word_1_461' title='bbox 1004 3305 1182 3357; x_wconf 88' lang='lat' dir='ltr'><strong>divina</strong></span> <span class='ocrx_word' id='word_1_462' title='bbox 1220 3314 1434 3368; x_wconf 82' lang='lat' dir='ltr'><strong>natura,</strong></span> <span class='ocrx_word' id='word_1_463' title='bbox 1473 3302 1523 3357; x_wconf 89' lang='lat' dir='ltr'><strong>id</strong></span> <span class='ocrx_word' id='word_1_464' title='bbox 1559 3313 1670 3366; x_wconf 91' lang='lat' dir='ltr'><strong>est,</strong></span> <span class='ocrx_word' id='word_1_465' title='bbox 1700 3300 1924 3370; x_wconf 89' lang='lat' dir='ltr'><strong>ingeniti</strong></span> <span class='ocrx_word' id='word_1_466' title='bbox 1960 3300 2157 3364; x_wconf 88' lang='lat' dir='ltr'><strong>Patris,</strong></span> 
     </span>
    </p>
   </div>
   <div class='ocr_carea' id='block_1_70' title="bbox 569 3392 2156 3462">
    <p class='ocr_par' dir='ltr' id='par_1_70' title="bbox 569 3392 2156 3462">
     <span class='ocr_line' id='line_1_70' title="bbox 569 3392 2156 3462; baseline 0 -16"><span class='ocrx_word' id='word_1_467' title='bbox 569 3402 632 3447; x_wconf 91' lang='lat' dir='ltr'><strong>ut</strong></span> <span class='ocrx_word' id='word_1_468' title='bbox 684 3402 932 3462; x_wconf 89' lang='lat' dir='ltr'><strong>putemus</strong></span> <span class='ocrx_word' id='word_1_469' title='bbox 986 3394 1066 3446; x_wconf 86' lang='lat' dir='ltr'><strong>vel</strong></span> <span class='ocrx_word' id='word_1_470' title='bbox 1122 3395 1390 3449; x_wconf 83' lang='lat' dir='ltr'><strong>divisione</strong></span> <span class='ocrx_word' id='word_1_471' title='bbox 1443 3393 1527 3448; x_wconf 87' lang='lat' dir='ltr'><strong>vel</strong></span> <span class='ocrx_word' id='word_1_472' title='bbox 1581 3392 1959 3447; x_wconf 87' lang='lat' dir='ltr'><strong>imminutione</strong></span> <span class='ocrx_word' id='word_1_473' title='bbox 2023 3394 2156 3446; x_wconf 87' lang='lat' dir='ltr'><strong>sub-</strong></span> 
     </span>
    </p>
   </div>
   <div class='ocr_carea' id='block_1_71' title="bbox 570 3482 2157 3556">
    <p class='ocr_par' dir='ltr' id='par_1_71' title="bbox 570 3482 2157 3556">
     <span class='ocr_line' id='line_1_71' title="bbox 570 3482 2157 3556; baseline -0.002 -15"><span class='ocrx_word' id='word_1_474' title='bbox 570 3488 786 3541; x_wconf 72' lang='lat' dir='ltr'><strong>stantia:</strong></span> <span class='ocrx_word' id='word_1_475' title='bbox 821 3487 940 3556; x_wconf 83' lang='lat' dir='ltr'><strong>ejus</strong></span> <span class='ocrx_word' id='word_1_476' title='bbox 972 3485 1168 3540; x_wconf 86' lang='lat' dir='ltr'><strong>Filium</strong></span> <span class='ocrx_word' id='word_1_477' title='bbox 1207 3502 1328 3541; x_wconf 84' lang='lat' dir='ltr'><strong>esse</strong></span> <span class='ocrx_word' id='word_1_478' title='bbox 1359 3485 1722 3556; x_wconf 77' lang='lat' dir='ltr'><strong>progenitum.</strong></span> <span class='ocrx_word' id='word_1_479' title='bbox 1757 3483 1870 3552; x_wconf 83' lang='lat'><strong>(85)</strong></span> <span class='ocrx_word' id='word_1_480' title='bbox 1905 3482 2012 3538; x_wconf 88' lang='lat' dir='ltr'><strong>Sed</strong></span> <span class='ocrx_word' id='word_1_481' title='bbox 2043 3483 2157 3538; x_wconf 82' lang='lat' dir='ltr'><strong>sive</strong></span> 
     </span>
    </p>
   </div>
   <div class='ocr_carea' id='block_1_72' title="bbox 570 3575 2154 3641">
    <p class='ocr_par' dir='ltr' id='par_1_72' title="bbox 570 3575 2154 3641">
     <span class='ocr_line' id='line_1_72' title="bbox 570 3575 2154 3641; baseline -0.004 -8"><span class='ocrx_word' id='word_1_482' title='bbox 570 3592 744 3640; x_wconf 85' lang='lat' dir='ltr'><strong>mens,</strong></span> <span class='ocrx_word' id='word_1_483' title='bbox 790 3577 903 3633; x_wconf 77' lang='lat' dir='ltr'><strong>sive</strong></span> <span class='ocrx_word' id='word_1_484' title='bbox 937 3594 1055 3641; x_wconf 89' lang='lat' dir='ltr'><strong>cor,</strong></span> <span class='ocrx_word' id='word_1_485' title='bbox 1100 3587 1192 3631; x_wconf 83' lang='lat' dir='ltr'><strong>aut</strong></span> <span class='ocrx_word' id='word_1_486' title='bbox 1237 3592 1428 3632; x_wconf 79' lang='lat' dir='ltr'><strong>sensus</strong></span> <span class='ocrx_word' id='word_1_487' title='bbox 1472 3577 1540 3631; x_wconf 89' lang='lat' dir='ltr'><strong>de</strong></span> <span class='ocrx_word' id='word_1_488' title='bbox 1590 3575 1700 3631; x_wconf 86' lang='lat' dir='ltr'><strong>Deo</strong></span> <span class='ocrx_word' id='word_1_489' title='bbox 1750 3575 2009 3629; x_wconf 89' lang='lat' dir='ltr'><strong>dicendus</strong></span> <span class='ocrx_word' id='word_1_490' title='bbox 2040 3585 2154 3640; x_wconf 91' lang='lat' dir='ltr'><strong>est,</strong></span> 
     </span>
    </p>
   </div>
   <div class='ocr_carea' id='block_1_73' title="bbox 565 3665 2154 3737">
    <p class='ocr_par' dir='ltr' id='par_1_73' title="bbox 565 3665 2154 3737">
     <span class='ocr_line' id='line_1_73' title="bbox 565 3665 2154 3737; baseline -0.001 -14"><span class='ocrx_word' id='word_1_491' title='bbox 565 3669 903 3725; x_wconf 82' lang='lat' dir='ltr'><strong>lndiscussus</strong></span> <span class='ocrx_word' id='word_1_492' title='bbox 955 3682 1311 3737; x_wconf 85' lang='lat' dir='ltr'><strong>permanens,</strong></span> <span class='ocrx_word' id='word_1_493' title='bbox 1365 3682 1588 3736; x_wconf 80' lang='lat' dir='ltr'><strong>germen</strong></span> <span class='ocrx_word' id='word_1_494' title='bbox 1638 3665 1920 3733; x_wconf 82' lang='lat' dir='ltr'><strong>proferens</strong></span> <span class='ocrx_word' id='word_1_495' title='bbox 1965 3667 2154 3722; x_wconf 82' lang='lat' dir='ltr'><strong>volun-</strong></span> 
     </span>
    </p>
   </div>
   <div class='ocr_carea' id='block_1_74' title="bbox 571 3757 2150 3828">
    <p class='ocr_par' dir='ltr' id='par_1_74' title="bbox 571 3757 2150 3828">
     <span class='ocr_line' id='line_1_74' title="bbox 571 3757 2150 3828; baseline 0 -14"><span class='ocrx_word' id='word_1_496' title='bbox 571 3761 719 3826; x_wconf 85' lang='lat' dir='ltr'><strong>tatis,</strong></span> <span class='ocrx_word' id='word_1_497' title='bbox 753 3762 922 3816; x_wconf 85' lang='lat' dir='ltr'><strong>l&#39;actus</strong></span> <span class='ocrx_word' id='word_1_498' title='bbox 951 3770 1032 3814; x_wconf 90' lang='lat' dir='ltr'><strong>est</strong></span> <span class='ocrx_word' id='word_1_499' title='bbox 1062 3759 1223 3815; x_wconf 85' lang='lat' dir='ltr'><strong>Verbi</strong></span> <span class='ocrx_word' id='word_1_500' title='bbox 1259 3759 1456 3825; x_wconf 83' lang='lat' dir='ltr'><strong>Pater;</strong></span> <span class='ocrx_word' id='word_1_501' title='bbox 1489 3759 1634 3828; x_wconf 92' lang='lat' dir='ltr'><strong>quod</strong></span> <span class='ocrx_word' id='word_1_502' title='bbox 1674 3757 1907 3814; x_wconf 83' lang='lat' dir='ltr'><strong>Verbum</strong></span> <span class='ocrx_word' id='word_1_503' title='bbox 1943 3758 1995 3812; x_wconf 94' lang='lat' dir='ltr'><strong>in</strong></span> <span class='ocrx_word' id='word_1_504' title='bbox 2029 3759 2150 3814; x_wconf 91' lang='lat' dir='ltr'><strong>sinu</strong></span> 
     </span>
    </p>
   </div>
   <div class='ocr_carea' id='block_1_75' title="bbox 570 3851 2152 3921">
    <p class='ocr_par' dir='ltr' id='par_1_75' title="bbox 570 3851 2152 3921">
     <span class='ocr_line' id='line_1_75' title="bbox 570 3851 2152 3921; baseline -0.002 -16"><span class='ocrx_word' id='word_1_505' title='bbox 570 3851 747 3907; x_wconf 79' lang='lat' dir='ltr'><strong>Patris</strong></span> <span class='ocrx_word' id='word_1_506' title='bbox 793 3853 1169 3921; x_wconf 83' lang='lat' dir='ltr'><strong>requiescens,</strong></span> <span class='ocrx_word' id='word_1_507' title='bbox 1212 3851 1498 3905; x_wconf 89' lang='lat' dir='ltr'><strong>annuntiat</strong></span> <span class='ocrx_word' id='word_1_508' title='bbox 1546 3851 1713 3904; x_wconf 87' lang='lat' dir='ltr'><strong>Deum</strong></span> <span class='ocrx_word' id='word_1_509' title='bbox 1777 3865 1940 3919; x_wconf 88' lang='lat' dir='ltr'><strong>quem</strong></span> <span class='ocrx_word' id='word_1_510' title='bbox 2001 3865 2152 3903; x_wconf 88' lang='lat' dir='ltr'><strong>nemo</strong></span> 
     </span>
    </p>
   </div>
   <div class='ocr_carea' id='block_1_76' title="bbox 567 3943 2154 4014">
    <p class='ocr_par' dir='ltr' id='par_1_76' title="bbox 567 3943 2154 4014">
     <span class='ocr_line' id='line_1_76' title="bbox 567 3943 2154 4014; baseline -0.003 -15"><span class='ocrx_word' id='word_1_511' title='bbox 567 3945 696 4000; x_wconf 75' lang='lat' dir='ltr'><strong>vidit</strong></span> <span class='ocrx_word' id='word_1_512' title='bbox 725 3949 959 4014; x_wconf 67' lang='lat' dir='ltr'><strong>unquam</strong></span> <span class='ocrx_word' id='word_1_513' title='bbox 985 3944 1075 4010; x_wconf 78' lang='grc'><strong>⁷⁸⁸,</strong></span> <span class='ocrx_word' id='word_1_514' title='bbox 1107 3953 1163 3998; x_wconf 88' lang='lat' dir='ltr'><strong>et</strong></span> <span class='ocrx_word' id='word_1_515' title='bbox 1194 3944 1400 3999; x_wconf 88' lang='lat' dir='ltr'><strong>revelat</strong></span> <span class='ocrx_word' id='word_1_516' title='bbox 1431 3943 1644 3998; x_wconf 83' lang='lat' dir='ltr'><strong>Patrem</strong></span> <span class='ocrx_word' id='word_1_517' title='bbox 1678 3957 1838 4012; x_wconf 91' lang='lat' dir='ltr'><strong>quem</strong></span> <span class='ocrx_word' id='word_1_518' title='bbox 1871 3955 2029 3996; x_wconf 90' lang='lat' dir='ltr'><strong>nemo</strong></span> <span class='ocrx_word' id='word_1_519' title='bbox 2058 3956 2154 3996; x_wconf 92' lang='lat' dir='ltr'><strong>co-</strong></span> 
     </span>
    </p>
   </div>
   <div class='ocr_carea' id='block_1_77' title="bbox 641 4100 1718 4170">
    <p class='ocr_par' dir='ltr' id='par_1_77' title="bbox 641 4100 1718 4170">
     <span class='ocr_line' id='line_1_77' title="bbox 641 4100 1718 4170; baseline 0.002 -16"><span class='ocrx_word' id='word_1_520' title='bbox 641 4101 706 4134; x_wconf 80' lang='lat'><strong>&quot;‘</strong></span> <span class='ocrx_word' id='word_1_521' title='bbox 743 4100 900 4156; x_wconf 85' lang='lat' dir='ltr'><strong>Joan.</strong></span> <span class='ocrx_word' id='word_1_522' title='bbox 937 4117 976 4167; x_wconf 91' lang='lat' dir='ltr'><strong>I,</strong></span> <span class='ocrx_word' id='word_1_523' title='bbox 1023 4101 1108 4157; x_wconf 82' lang='grc'><strong>18.</strong></span> <span class='ocrx_word' id='word_1_524' title='bbox 1185 4103 1230 4134; x_wconf 76' lang='grc'><strong>⁷⁷</strong></span> <span class='ocrx_word' id='word_1_525' title='bbox 1271 4101 1463 4157; x_wconf 80' lang='lat' dir='ltr'><strong>Matth.</strong></span> <span class='ocrx_word' id='word_1_526' title='bbox 1520 4117 1596 4170; x_wconf 74' lang='lat' dir='ltr'><strong>XI,</strong></span> <span class='ocrx_word' id='word_1_527' title='bbox 1629 4101 1718 4156; x_wconf 72' lang='lat'><strong>27.</strong></span> 
     </span>
    </p>
   </div>
   <div class='ocr_carea' id='block_1_78' title="bbox 637 4253 2142 4328">
    <p class='ocr_par' dir='ltr' id='par_1_78' title="bbox 637 4253 2142 4328">
     <span class='ocr_line' id='line_1_78' title="bbox 637 4253 2142 4328; baseline -0.001 -17"><span class='ocrx_word' id='word_1_528' title='bbox 637 4255 748 4328; x_wconf 83' lang='grc'>(81)</span> <span class='ocrx_word' id='word_1_529' title='bbox 790 4253 962 4310; x_wconf 87' lang='lat' dir='ltr'><strong>Filius</strong></span> <span class='ocrx_word' id='word_1_530' title='bbox 981 4257 1248 4311; x_wconf 89' lang='lat' dir='ltr'><strong>omittitur</strong></span> <span class='ocrx_word' id='word_1_531' title='bbox 1274 4257 1325 4328; x_wconf 89' lang='lat' dir='ltr'><strong>in</strong></span> <span class='ocrx_word' id='word_1_532' title='bbox 1359 4257 1518 4312; x_wconf 88' lang='lat' dir='ltr'><strong>editis</strong></span> <span class='ocrx_word' id='word_1_533' title='bbox 1545 4268 1600 4312; x_wconf 91' lang='lat' dir='ltr'><strong>et</strong></span> <span class='ocrx_word' id='word_1_534' title='bbox 1630 4257 1681 4311; x_wconf 94' lang='lat' dir='ltr'><strong>in</strong></span> <span class='ocrx_word' id='word_1_535' title='bbox 1707 4257 1960 4312; x_wconf 86' lang='lat' dir='ltr'><strong>omnibus</strong></span> <span class='ocrx_word' id='word_1_536' title='bbox 1989 4272 2142 4318; x_wconf 85' lang='lat' dir='ltr'><strong>mss.,</strong></span> 
     </span>
    </p>
   </div>
   <div class='ocr_carea' id='block_1_79' title="bbox 563 4327 2144 4450">
    <p class='ocr_par' dir='ltr' id='par_1_79' title="bbox 563 4327 2144 4450">
     <span class='ocr_line' id='line_1_79' title="bbox 563 4327 2144 4450; baseline 0.001 -70"><span class='ocrx_word' id='word_1_537' title='bbox 689 4329 992 4381; x_wconf 89' lang='lat' dir='ltr'><strong>restituitur</strong></span> <span class='ocrx_word' id='word_1_538' title='bbox 1014 4343 1081 4382; x_wconf 78' lang='lat' dir='ltr'><strong>ex</strong></span> <span class='ocrx_word' id='word_1_539' title='bbox 1111 4329 1259 4382; x_wconf 87' lang='lat' dir='ltr'><strong>libris</strong></span> <span class='ocrx_word' id='word_1_540' title='bbox 1276 4327 1353 4382; x_wconf 82' lang='lat' dir='ltr'><strong>De</strong></span> <span class='ocrx_word' id='word_1_541' title='bbox 1377 4329 1672 4397; x_wconf 84' lang='lat' dir='ltr'><strong>principiis,</strong></span> <span class='ocrx_word' id='word_1_542' title='bbox 1697 4339 1752 4382; x_wconf 91' lang='lat' dir='ltr'><strong>et</strong></span> <span class='ocrx_word' id='word_1_543' title='bbox 1777 4329 2144 4383; x_wconf 88' lang='lat' dir='ltr'><strong>restituendus</strong></span> 
     </span>
     <span class='ocr_line' id='line_1_80' title="bbox 563 4407 798 4450; baseline 0 0"><span class='ocrx_word' id='word_1_544' title='bbox 563 4412 618 4450; x_wconf 74' lang='lat' dir='ltr'><strong>Vt</strong></span> <span class='ocrx_word' id='word_1_545' title='bbox 660 4407 798 4450; x_wconf 89' lang='lat' dir='ltr'><strong>elur.</strong></span> 
     </span>
    </p>
   </div>
   <div class='ocr_carea' id='block_1_80' title="bbox 563 4412 2142 4548">
    <p class='ocr_par' dir='ltr' id='par_1_80' title="bbox 563 4412 2142 4548">
     <span class='ocr_line' id='line_1_81' title="bbox 623 4412 798 4450; baseline 0 0"><span class='ocrx_word' id='word_1_546' title='bbox 623 4412 798 4450; x_wconf 78' lang='lat' dir='ltr'><strong>Gellll&#39;.</strong></span> 
     </span>
     <span class='ocr_line' id='line_1_82' title="bbox 563 4412 2142 4548; baseline 0.003 -30"><span class='ocrx_word' id='word_1_547' title='bbox 563 4412 864 4548; x_wconf 59' lang='lat' dir='ltr'><strong>:|(8‘£)_lta</strong></span> <span class='ocrx_word' id='word_1_548' title='bbox 896 4482 1086 4522; x_wconf 90' lang='lat' dir='ltr'><strong>omnes</strong></span> <span class='ocrx_word' id='word_1_549' title='bbox 1133 4476 1380 4548; x_wconf 35' lang='lat' dir='ltr'><strong>niss:._et_</strong></span> <span class='ocrx_word' id='word_1_550' title='bbox 1405 4468 1554 4522; x_wconf 88' lang='lat' dir='ltr'><strong>editi.</strong></span> <span class='ocrx_word' id='word_1_551' title='bbox 1605 4469 1856 4548; x_wconf 71' lang='lat' dir='ltr'><strong>Attamen</strong></span> <span class='ocrx_word' id='word_1_552' title='bbox 1907 4482 2142 4548; x_wconf 70' lang='lat' dir='ltr'><strong>sequens</strong></span> 
     </span>
    </p>
   </div>
   <div class='ocr_carea' id='block_1_81' title="bbox 1795 4096 2769 4166">
    <p class='ocr_par' dir='ltr' id='par_1_81' title="bbox 1795 4096 2769 4166">
     <span class='ocr_line' id='line_1_83' title="bbox 1795 4096 2769 4166; baseline 0.004 -15"><span class='ocrx_word' id='word_1_553' title='bbox 1795 4102 1863 4133; x_wconf 82' lang='grc'><strong>⁷⁷·</strong></span> <span class='ocrx_word' id='word_1_554' title='bbox 1902 4098 2061 4154; x_wconf 85' lang='lat' dir='ltr'><strong>Joan.</strong></span> <span class='ocrx_word' id='word_1_555' title='bbox 2095 4112 2172 4164; x_wconf 77' lang='lat' dir='ltr'><strong>vr,</strong></span> <span class='ocrx_word' id='word_1_556' title='bbox 2200 4096 2289 4154; x_wconf 66' lang='lat' dir='ltr'><strong>4i.</strong></span> <span class='ocrx_word' id='word_1_557' title='bbox 2366 4098 2414 4131; x_wconf 85' lang='lat'>&quot;</span> <span class='ocrx_word' id='word_1_558' title='bbox 2439 4097 2616 4156; x_wconf 85' lang='lat' dir='ltr'><strong>Galat.</strong></span> <span class='ocrx_word' id='word_1_559' title='bbox 2645 4115 2684 4166; x_wconf 83' lang='grc' dir='ltr'>ι,</span> <span class='ocrx_word' id='word_1_560' title='bbox 2718 4100 2769 4155; x_wconf 84' lang='lat' dir='ltr'><strong>l.</strong></span> 
     </span>
    </p>
   </div>
   <div class='ocr_carea' id='block_1_82' title="bbox 2263 3297 3842 3375">
    <p class='ocr_par' dir='ltr' id='par_1_82' title="bbox 2263 3297 3842 3375">
     <span class='ocr_line' id='line_1_84' title="bbox 2263 3297 3842 3375; baseline 0.007 -27"><span class='ocrx_word' id='word_1_561' title='bbox 2263 3297 2440 3357; x_wconf 83' lang='lat' dir='ltr'><strong>vobis,</strong></span> <span class='ocrx_word' id='word_1_562' title='bbox 2469 3298 2718 3366; x_wconf 89' lang='lat' dir='ltr'><strong>quoniam</strong></span> <span class='ocrx_word' id='word_1_563' title='bbox 2750 3315 2853 3352; x_wconf 88' lang='lat' dir='ltr'><strong>non</strong></span> <span class='ocrx_word' id='word_1_564' title='bbox 2887 3309 2962 3353; x_wconf 85' lang='lat' dir='ltr'><strong>est</strong></span> <span class='ocrx_word' id='word_1_565' title='bbox 3009 3303 3298 3355; x_wconf 86' lang='lat' dir='ltr'><strong>secundum</strong></span> <span class='ocrx_word' id='word_1_566' title='bbox 3335 3302 3641 3357; x_wconf 85' lang='lat' dir='ltr'><strong>hominem:</strong></span> <span class='ocrx_word' id='word_1_567' title='bbox 3677 3321 3842 3375; x_wconf 85' lang='lat' dir='ltr'><strong>neque</strong></span> 
     </span>
    </p>
   </div>
   <div class='ocr_carea' id='block_1_83' title="bbox 2261 3389 3841 3466">
    <p class='ocr_par' dir='ltr' id='par_1_83' title="bbox 2261 3389 3841 3466">
     <span class='ocr_line' id='line_1_85' title="bbox 2261 3389 3841 3466; baseline 0.006 -24"><span class='ocrx_word' id='word_1_568' title='bbox 2261 3390 2399 3442; x_wconf 88' lang='lat' dir='ltr'><strong>enim</strong></span> <span class='ocrx_word' id='word_1_569' title='bbox 2433 3405 2528 3458; x_wconf 90' lang='lat' dir='ltr'><strong>ego</strong></span> <span class='ocrx_word' id='word_1_570' title='bbox 2561 3389 2627 3442; x_wconf 88' lang='lat' dir='ltr'><strong>ab</strong></span> <span class='ocrx_word' id='word_1_571' title='bbox 2661 3389 2870 3446; x_wconf 85' lang='lat' dir='ltr'><strong>homine</strong></span> <span class='ocrx_word' id='word_1_572' title='bbox 2907 3393 3084 3462; x_wconf 87' lang='lat' dir='ltr'><strong>accepi</strong></span> <span class='ocrx_word' id='word_1_573' title='bbox 3123 3393 3279 3461; x_wconf 84' lang='lat' dir='ltr'><strong>illud,</strong></span> <span class='ocrx_word' id='word_1_574' title='bbox 3315 3397 3406 3450; x_wconf 77' lang='lat' dir='ltr'><strong>sed</strong></span> <span class='ocrx_word' id='word_1_575' title='bbox 3445 3413 3538 3466; x_wconf 89' lang='lat' dir='ltr'><strong>per</strong></span> <span class='ocrx_word' id='word_1_576' title='bbox 3568 3397 3841 3452; x_wconf 84' lang='lat' dir='ltr'><strong>revelatio-</strong></span> 
     </span>
    </p>
   </div>
   <div class='ocr_carea' id='block_1_84' title="bbox 2262 3479 2892 3537">
    <p class='ocr_par' dir='ltr' id='par_1_84' title="bbox 2262 3479 2892 3537">
     <span class='ocr_line' id='line_1_86' title="bbox 2262 3479 2892 3537; baseline 0.008 -5"><span class='ocrx_word' id='word_1_577' title='bbox 2262 3496 2377 3533; x_wconf 89' lang='lat' dir='ltr'><strong>nem</strong></span> <span class='ocrx_word' id='word_1_578' title='bbox 2411 3479 2539 3533; x_wconf 86' lang='lat' dir='ltr'><strong>Jesu</strong></span> <span class='ocrx_word' id='word_1_579' title='bbox 2577 3480 2773 3535; x_wconf 85' lang='lat' dir='ltr'><strong>Christi</strong></span> <span class='ocrx_word' id='word_1_580' title='bbox 2803 3482 2892 3537; x_wconf 78' lang='grc'><strong>⁷⁸⁶.</strong></span> 
     </span>
    </p>
   </div>
   <div class='ocr_carea' id='block_1_85' title="bbox 2337 3571 3839 3650">
    <p class='ocr_par' dir='ltr' id='par_1_85' title="bbox 2337 3571 3839 3650">
     <span class='ocr_line' id='line_1_87' title="bbox 2337 3571 3839 3650; baseline 0.007 -24"><span class='ocrx_word' id='word_1_581' title='bbox 2337 3571 2634 3626; x_wconf 76' lang='lat' dir='ltr'><strong>Onicsuss.</strong></span> <span class='ocrx_word' id='word_1_582' title='bbox 2671 3591 2690 3624; x_wconf 77' lang='grc' dir='ltr'><strong>ι</strong></span> <span class='ocrx_word' id='word_1_583' title='bbox 2716 3573 2953 3628; x_wconf 82' lang='lat' dir='ltr'><strong>Adverte</strong></span> <span class='ocrx_word' id='word_1_584' title='bbox 2984 3589 3114 3645; x_wconf 88' lang='lat' dir='ltr'><strong>ergo</strong></span> <span class='ocrx_word' id='word_1_585' title='bbox 3142 3575 3270 3645; x_wconf 88' lang='lat' dir='ltr'><strong>quid</strong></span> <span class='ocrx_word' id='word_1_586' title='bbox 3292 3577 3514 3643; x_wconf 88' lang='lat' dir='ltr'><strong>scribit,</strong></span> <span class='ocrx_word' id='word_1_587' title='bbox 3544 3580 3669 3650; x_wconf 90' lang='lat' dir='ltr'><strong>quia</strong></span> <span class='ocrx_word' id='word_1_588' title='bbox 3707 3595 3839 3636; x_wconf 86' lang='lat' dir='ltr'><strong>con-</strong></span> 
     </span>
    </p>
   </div>
   <div class='ocr_carea' id='block_1_86' title="bbox 2262 3663 3838 3740">
    <p class='ocr_par' dir='ltr' id='par_1_86' title="bbox 2262 3663 3838 3740">
     <span class='ocr_line' id='line_1_88' title="bbox 2262 3663 3838 3740; baseline 0.009 -26"><span class='ocrx_word' id='word_1_589' title='bbox 2262 3663 2544 3717; x_wconf 82' lang='lat' dir='ltr'><strong>venienter</strong></span> <span class='ocrx_word' id='word_1_590' title='bbox 2586 3663 2707 3731; x_wconf 85' lang='lat' dir='ltr'><strong>quis</strong></span> <span class='ocrx_word' id='word_1_591' title='bbox 2742 3673 2799 3718; x_wconf 90' lang='lat' dir='ltr'><strong>et</strong></span> <span class='ocrx_word' id='word_1_592' title='bbox 2838 3665 2953 3720; x_wconf 70' lang='lat' dir='ltr'><strong>haec</strong></span> <span class='ocrx_word' id='word_1_593' title='bbox 2987 3669 3288 3738; x_wconf 87' lang='lat' dir='ltr'><strong>adjungens</strong></span> <span class='ocrx_word' id='word_1_594' title='bbox 3317 3671 3611 3740; x_wconf 69' lang='lat' dir='ltr'><strong>priorlius,</strong></span> <span class='ocrx_word' id='word_1_595' title='bbox 3646 3673 3838 3728; x_wconf 89' lang='lat' dir='ltr'><strong>intelli-</strong></span> 
     </span>
    </p>
   </div>
   <div class='ocr_carea' id='block_1_87' title="bbox 2260 3753 3833 3832">
    <p class='ocr_par' dir='ltr' id='par_1_87' title="bbox 2260 3753 3833 3832">
     <span class='ocr_line' id='line_1_89' title="bbox 2260 3753 3833 3832; baseline 0.008 -27"><span class='ocrx_word' id='word_1_596' title='bbox 2260 3767 2390 3820; x_wconf 76' lang='lat' dir='ltr'><strong>gere</strong></span> <span class='ocrx_word' id='word_1_597' title='bbox 2426 3753 2624 3822; x_wconf 88' lang='lat' dir='ltr'><strong>poterit</strong></span> <span class='ocrx_word' id='word_1_598' title='bbox 2669 3763 2724 3808; x_wconf 90' lang='lat' dir='ltr'><strong>et</strong></span> <span class='ocrx_word' id='word_1_599' title='bbox 2763 3754 3052 3812; x_wconf 90' lang='lat' dir='ltr'><strong>ostendere</strong></span> <span class='ocrx_word' id='word_1_600' title='bbox 3097 3758 3181 3813; x_wconf 90' lang='lat' dir='ltr'><strong>his</strong></span> <span class='ocrx_word' id='word_1_601' title='bbox 3224 3760 3315 3830; x_wconf 92' lang='lat' dir='ltr'><strong>qui</strong></span> <span class='ocrx_word' id='word_1_602' title='bbox 3354 3771 3552 3832; x_wconf 87' lang='lat' dir='ltr'><strong>negant</strong></span> <span class='ocrx_word' id='word_1_603' title='bbox 3578 3762 3833 3818; x_wconf 88' lang='lat' dir='ltr'><strong>deitatem</strong></span> 
     </span>
    </p>
   </div>
   <div class='ocr_carea' id='block_1_88' title="bbox 2259 3841 3835 3923">
    <p class='ocr_par' dir='ltr' id='par_1_88' title="bbox 2259 3841 3835 3923">
     <span class='ocr_line' id='line_1_90' title="bbox 2259 3841 3835 3923; baseline 0.006 -25"><span class='ocrx_word' id='word_1_604' title='bbox 2259 3841 2386 3899; x_wconf 84' lang='lat' dir='ltr'><strong>Jesu</strong></span> <span class='ocrx_word' id='word_1_605' title='bbox 2413 3845 2638 3910; x_wconf 87' lang='lat' dir='ltr'><strong>Christi,</strong></span> <span class='ocrx_word' id='word_1_606' title='bbox 2673 3847 2768 3902; x_wconf 87' lang='lat' dir='ltr'><strong>sed</strong></span> <span class='ocrx_word' id='word_1_607' title='bbox 2799 3848 3076 3903; x_wconf 87' lang='lat' dir='ltr'><strong>hominem</strong></span> <span class='ocrx_word' id='word_1_608' title='bbox 3101 3864 3224 3904; x_wconf 91' lang='lat' dir='ltr'><strong>eum</strong></span> <span class='ocrx_word' id='word_1_609' title='bbox 3263 3852 3436 3907; x_wconf 85' lang='lat' dir='ltr'><strong>solum</strong></span> <span class='ocrx_word' id='word_1_610' title='bbox 3463 3855 3835 3923; x_wconf 79' lang='lat' dir='ltr'><strong>pronuntiant,</strong></span> 
     </span>
    </p>
   </div>
   <div class='ocr_carea' id='block_1_89' title="bbox 2261 3937 3835 4005">
    <p class='ocr_par' dir='ltr' id='par_1_89' title="bbox 2261 3937 3835 4005">
     <span class='ocr_line' id='line_1_91' title="bbox 2261 3937 3835 4005; baseline 0.006 -17"><span class='ocrx_word' id='word_1_611' title='bbox 2261 3937 2404 4005; x_wconf 90' lang='lat' dir='ltr'><strong>quod</strong></span> <span class='ocrx_word' id='word_1_612' title='bbox 2431 3951 2536 3991; x_wconf 89' lang='lat' dir='ltr'><strong>non</strong></span> <span class='ocrx_word' id='word_1_613' title='bbox 2563 3945 2646 3991; x_wconf 92' lang='lat' dir='ltr'><strong>est</strong></span> <span class='ocrx_word' id='word_1_614' title='bbox 2670 3938 2854 4005; x_wconf 91' lang='lat' dir='ltr'><strong>homo,</strong></span> <span class='ocrx_word' id='word_1_615' title='bbox 2881 3939 2975 3994; x_wconf 86' lang='lat' dir='ltr'><strong>sed</strong></span> <span class='ocrx_word' id='word_1_616' title='bbox 3005 3939 3166 4005; x_wconf 89' lang='lat' dir='ltr'><strong>Deus,</strong></span> <span class='ocrx_word' id='word_1_617' title='bbox 3194 3939 3285 3996; x_wconf 81' lang='lat' dir='ltr'><strong>Dei</strong></span> <span class='ocrx_word' id='word_1_618' title='bbox 3309 3941 3477 3998; x_wconf 85' lang='lat' dir='ltr'><strong>Filius</strong></span> <span class='ocrx_word' id='word_1_619' title='bbox 3497 3941 3657 4000; x_wconf 84' lang='lat' dir='ltr'><strong>Jesus</strong></span> <span class='ocrx_word' id='word_1_620' title='bbox 3675 3943 3835 4000; x_wconf 82' lang='lat' dir='ltr'><strong>Chri-</strong></span> 
     </span>
    </p>
   </div>
   <div class='ocr_carea' id='block_1_90' title="bbox 2850 4099 3326 4166">
    <p class='ocr_par' dir='ltr' id='par_1_90' title="bbox 2850 4099 3326 4166">
     <span class='ocr_line' id='line_1_92' title="bbox 2850 4099 3326 4166; baseline 0.004 -12"><span class='ocrx_word' id='word_1_621' title='bbox 2850 4099 2917 4132; x_wconf 82' lang='grc'><strong>⁷⁸⁸</strong></span> <span class='ocrx_word' id='word_1_622' title='bbox 2947 4100 3078 4157; x_wconf 88' lang='lat' dir='ltr'><strong>ibid.</strong></span> <span class='ocrx_word' id='word_1_623' title='bbox 3121 4102 3207 4166; x_wconf 78' lang='lat' dir='ltr'><strong>ll,</strong></span> <span class='ocrx_word' id='word_1_624' title='bbox 3243 4101 3326 4156; x_wconf 76' lang='lat' dir='ltr'><strong>l2.</strong></span> 
     </span>
    </p>
   </div>
   <div class='ocr_carea' id='block_1_91' title="bbox 2253 4254 3832 4328">
    <p class='ocr_par' dir='ltr' id='par_1_91' title="bbox 2253 4254 3832 4328">
     <span class='ocr_line' id='line_1_93' title="bbox 2253 4254 3832 4328; baseline 0.004 -19"><span class='ocrx_word' id='word_1_625' title='bbox 2253 4269 2314 4328; x_wconf 76' lang='lat' dir='ltr'><strong>re</strong></span> <span class='ocrx_word' id='word_1_626' title='bbox 2341 4255 2540 4327; x_wconf 87' lang='lat' dir='ltr'><strong>agitur,</strong></span> <span class='ocrx_word' id='word_1_627' title='bbox 2567 4256 2634 4328; x_wconf 83' lang='lat' dir='ltr'><strong>ad</strong></span> <span class='ocrx_word' id='word_1_628' title='bbox 2663 4254 2822 4310; x_wconf 85' lang='lat' dir='ltr'><strong>linem</strong></span> <span class='ocrx_word' id='word_1_629' title='bbox 2853 4268 3021 4326; x_wconf 89' lang='lat' dir='ltr'><strong>usque</strong></span> <span class='ocrx_word' id='word_1_630' title='bbox 3051 4257 3386 4328; x_wconf 82' lang='lat' dir='ltr'><strong>transcribit.</strong></span> <span class='ocrx_word' id='word_1_631' title='bbox 3420 4255 3545 4313; x_wconf 50' lang='lat' dir='ltr'><strong>Haec</strong></span> <span class='ocrx_word' id='word_1_632' title='bbox 3579 4272 3676 4328; x_wconf 90' lang='lat' dir='ltr'><strong>per</strong></span> <span class='ocrx_word' id='word_1_633' title='bbox 3703 4274 3832 4316; x_wconf 83' lang='lat' dir='ltr'><strong>con-</strong></span> 
     </span>
    </p>
   </div>
   <div class='ocr_carea' id='block_1_92' title="bbox 2243 4325 3831 4394">
    <p class='ocr_par' dir='ltr' id='par_1_92' title="bbox 2243 4325 3831 4394">
     <span class='ocr_line' id='line_1_94' title="bbox 2243 4325 3831 4394; baseline 0.005 -16"><span class='ocrx_word' id='word_1_634' title='bbox 2243 4325 2514 4392; x_wconf 76' lang='lat' dir='ltr'><strong>jecturam</strong></span> <span class='ocrx_word' id='word_1_635' title='bbox 2551 4327 2696 4380; x_wconf 91' lang='lat' dir='ltr'><strong>dicta</strong></span> <span class='ocrx_word' id='word_1_636' title='bbox 2733 4329 2843 4380; x_wconf 88' lang='lat' dir='ltr'><strong>sint</strong></span> <span class='ocrx_word' id='word_1_637' title='bbox 2883 4344 2896 4380; x_wconf 91' lang='lat'><strong>:</strong></span> <span class='ocrx_word' id='word_1_638' title='bbox 2935 4325 3057 4379; x_wconf 87' lang='lat' dir='ltr'><strong>nam</strong></span> <span class='ocrx_word' id='word_1_639' title='bbox 3113 4326 3256 4380; x_wconf 90' lang='lat' dir='ltr'><strong>nulla</strong></span> <span class='ocrx_word' id='word_1_640' title='bbox 3301 4325 3618 4394; x_wconf 83' lang='lat' dir='ltr'><strong>auctoritas,</strong></span> <span class='ocrx_word' id='word_1_641' title='bbox 3669 4331 3831 4387; x_wconf 78' lang='lat' dir='ltr'><strong>nulla:</strong></span> 
     </span>
    </p>
   </div>
   <div class='ocr_carea' id='block_1_93' title="bbox 2250 4395 3828 4469">
    <p class='ocr_par' dir='ltr' id='par_1_93' title="bbox 2250 4395 3828 4469">
     <span class='ocr_line' id='line_1_95' title="bbox 2250 4395 3828 4469; baseline 0.004 -20"><span class='ocrx_word' id='word_1_642' title='bbox 2250 4397 2526 4469; x_wconf 68' lang='lat' dir='ltr'><strong>variantes</strong></span> <span class='ocrx_word' id='word_1_643' title='bbox 2553 4395 2812 4469; x_wconf 81' lang='lat' dir='ltr'><strong>lectiones</strong></span> <span class='ocrx_word' id='word_1_644' title='bbox 2843 4395 2923 4449; x_wconf 86' lang='lat' dir='ltr'><strong>vel</strong></span> <span class='ocrx_word' id='word_1_645' title='bbox 2946 4395 3148 4469; x_wconf 75' lang='lat' dir='ltr'><strong>_lev_it_er</strong></span> <span class='ocrx_word' id='word_1_646' title='bbox 3180 4400 3411 4469; x_wconf 87' lang='lat' dir='ltr'><strong>inmnmt</strong></span> <span class='ocrx_word' id='word_1_647' title='bbox 3436 4399 3630 4469; x_wconf 81' lang='lat' dir='ltr'><strong>librum</strong></span> <span class='ocrx_word' id='word_1_648' title='bbox 3661 4414 3697 4453; x_wconf 93' lang='grc' dir='ltr'><strong>ιι</strong></span> <span class='ocrx_word' id='word_1_649' title='bbox 3730 4417 3828 4469; x_wconf 83' lang='lat' dir='ltr'><strong>pro</strong></span> 
     </span>
    </p>
   </div>
   <div class='ocr_carea' id='block_1_94' title="bbox 2251 4464 3828 4538">
    <p class='ocr_par' dir='ltr' id='par_1_94' title="bbox 2251 4464 3828 4538">
     <span class='ocr_line' id='line_1_96' title="bbox 2251 4464 3828 4538; baseline 0.004 -20"><span class='ocrx_word' id='word_1_650' title='bbox 2251 4464 2390 4538; x_wconf 83' lang='lat' dir='ltr'><strong>libro</strong></span> <span class='ocrx_word' id='word_1_651' title='bbox 2419 4482 2445 4538; x_wconf 60' lang='grc' dir='ltr'><strong>γ</strong></span> <span class='ocrx_word' id='word_1_652' title='bbox 2478 4465 2710 4533; x_wconf 87' lang='lat' dir='ltr'><strong>positum</strong></span> <span class='ocrx_word' id='word_1_653' title='bbox 2737 4479 2896 4538; x_wconf 69' lang='lat' dir='ltr'><strong>esse.</strong></span> <span class='ocrx_word' id='word_1_654' title='bbox 2942 4465 3304 4538; x_wconf 82' lang='lat' dir='ltr'><strong>SedRuliuus</strong></span> <span class='ocrx_word' id='word_1_655' title='bbox 3341 4468 3454 4538; x_wconf 85' lang='lat' dir='ltr'><strong>ipse</strong></span> <span class='ocrx_word' id='word_1_656' title='bbox 3496 4467 3652 4536; x_wconf 87' lang='lat' dir='ltr'><strong>hujus</strong></span> <span class='ocrx_word' id='word_1_657' title='bbox 3693 4464 3828 4538; x_wconf 75' lang='grc' dir='ltr'><strong>Α’μο-</strong></span> 
     </span>
    </p>
   </div>
   <div class='ocr_carea' id='block_1_95' title="bbox 564 4534 3827 4605">
    <p class='ocr_par' dir='ltr' id='par_1_95' title="bbox 564 4534 3827 4605">
     <span class='ocr_line' id='line_1_97' title="bbox 564 4534 3827 4605; baseline 0.001 -14"><span class='ocrx_word' id='word_1_658' title='bbox 564 4534 818 4605; x_wconf 84' lang='lat' dir='ltr'><strong>Origeuis</strong></span> <span class='ocrx_word' id='word_1_659' title='bbox 845 4548 1128 4590; x_wconf 73' lang='lat' dir='ltr'><strong>contextus</strong></span> <span class='ocrx_word' id='word_1_660' title='bbox 1153 4537 1336 4590; x_wconf 90' lang='lat' dir='ltr'><strong>nullibi</strong></span> <span class='ocrx_word' id='word_1_661' title='bbox 1370 4539 1421 4590; x_wconf 89' lang='lat' dir='ltr'><strong>in</strong></span> <span class='ocrx_word' id='word_1_662' title='bbox 1454 4541 1693 4592; x_wconf 86' lang='lat' dir='ltr'><strong>secundo</strong></span> <span class='ocrx_word' id='word_1_663' title='bbox 1725 4551 1872 4591; x_wconf 91' lang='lat' dir='ltr'><strong>Iomo</strong></span> <span class='ocrx_word' id='word_1_664' title='bbox 1900 4539 1955 4590; x_wconf 88' lang='lat' dir='ltr'><strong>in</strong></span> <span class='ocrx_word' id='word_1_665' title='bbox 1983 4534 2146 4591; x_wconf 72' lang='lat' dir='ltr'><strong>Joan-</strong></span> <span class='ocrx_word' id='word_1_666' title='bbox 2176 4534 2221 4588; x_wconf 92' lang='lat' dir='ltr'><strong>D</strong></span> <span class='ocrx_word' id='word_1_667' title='bbox 2250 4535 2402 4602; x_wconf 70' lang='lat' dir='ltr'><strong>logia:</strong></span> <span class='ocrx_word' id='word_1_668' title='bbox 2431 4536 2694 4602; x_wconf 85' lang='lat' dir='ltr'><strong>interpres</strong></span> <span class='ocrx_word' id='word_1_669' title='bbox 2729 4535 2884 4590; x_wconf 83' lang='lat' dir='ltr'><strong>facile</strong></span> <span class='ocrx_word' id='word_1_670' title='bbox 2920 4536 3090 4604; x_wconf 89' lang='lat' dir='ltr'><strong>potuit</strong></span> <span class='ocrx_word' id='word_1_671' title='bbox 3118 4537 3315 4602; x_wconf 79' lang='lat' dir='ltr'><strong>decipi.</strong></span> <span class='ocrx_word' id='word_1_672' title='bbox 3351 4537 3425 4591; x_wconf 66' lang='lat' dir='ltr'><strong>Et</strong></span> <span class='ocrx_word' id='word_1_673' title='bbox 3478 4534 3655 4594; x_wconf 86' lang='lat' dir='ltr'><strong>littera</strong></span> <span class='ocrx_word' id='word_1_674' title='bbox 3683 4534 3827 4595; x_wconf 83' lang='lat' dir='ltr'><strong>enim</strong></span> 
     </span>
    </p>
   </div>
   <div class='ocr_carea' id='block_1_96' title="bbox 566 4607 2140 4676">
    <p class='ocr_par' dir='ltr' id='par_1_96' title="bbox 566 4607 2140 4676">
     <span class='ocr_line' id='line_1_98' title="bbox 566 4607 2140 4676; baseline 0 -16"><span class='ocrx_word' id='word_1_675' title='bbox 566 4623 683 4660; x_wconf 79' lang='lat' dir='ltr'><strong>nem</strong></span> <span class='ocrx_word' id='word_1_676' title='bbox 730 4608 1015 4674; x_wconf 84' lang='lat' dir='ltr'><strong>reperitur,</strong></span> <span class='ocrx_word' id='word_1_677' title='bbox 1059 4609 1307 4676; x_wconf 85' lang='lat' dir='ltr'><strong>quamvis</strong></span> <span class='ocrx_word' id='word_1_678' title='bbox 1353 4607 1540 4662; x_wconf 69' lang='lat' dir='ltr'><strong>Graece</strong></span> <span class='ocrx_word' id='word_1_679' title='bbox 1597 4609 1894 4661; x_wconf 88' lang='lat' dir='ltr'><strong>etiamnum</strong></span> <span class='ocrx_word' id='word_1_680' title='bbox 1945 4618 2140 4662; x_wconf 81' lang='lat' dir='ltr'><strong>exstet.</strong></span> 
     </span>
    </p>
   </div>
   <div class='ocr_carea' id='block_1_97' title="bbox 568 4677 2144 4746">
    <p class='ocr_par' dir='ltr' id='par_1_97' title="bbox 568 4677 2144 4746">
     <span class='ocr_line' id='line_1_99' title="bbox 568 4677 2144 4746; baseline 0 -16"><span class='ocrx_word' id='word_1_681' title='bbox 568 4677 674 4730; x_wconf 80' lang='lat' dir='ltr'><strong>Sed</strong></span> <span class='ocrx_word' id='word_1_682' title='bbox 730 4689 970 4730; x_wconf 76' lang='lat' dir='ltr'><strong>extrema</strong></span> <span class='ocrx_word' id='word_1_683' title='bbox 1024 4682 1104 4730; x_wconf 92' lang='lat' dir='ltr'><strong>sui</strong></span> <span class='ocrx_word' id='word_1_684' title='bbox 1166 4687 1320 4746; x_wconf 88' lang='lat' dir='ltr'><strong>parte</strong></span> <span class='ocrx_word' id='word_1_685' title='bbox 1379 4679 1731 4731; x_wconf 84' lang='lat' dir='ltr'><strong>detruncatus</strong></span> <span class='ocrx_word' id='word_1_686' title='bbox 1791 4678 2006 4730; x_wconf 85' lang='lat' dir='ltr'><strong>videtur</strong></span> <span class='ocrx_word' id='word_1_687' title='bbox 2059 4679 2144 4731; x_wconf 92' lang='lat' dir='ltr'><strong>hic</strong></span> 
     </span>
    </p>
   </div>
   <div class='ocr_carea' id='block_1_98' title="bbox 565 4745 2144 4817">
    <p class='ocr_par' dir='ltr' id='par_1_98' title="bbox 565 4745 2144 4817">
     <span class='ocr_line' id='line_1_100' title="bbox 565 4745 2144 4817; baseline 0.001 -17"><span class='ocrx_word' id='word_1_688' title='bbox 565 4757 765 4800; x_wconf 83' lang='lat' dir='ltr'><strong>tomus.</strong></span> <span class='ocrx_word' id='word_1_689' title='bbox 785 4746 1032 4800; x_wconf 85' lang='lat' dir='ltr'><strong>Forsitan</strong></span> <span class='ocrx_word' id='word_1_690' title='bbox 1051 4747 1213 4800; x_wconf 88' lang='lat' dir='ltr'><strong>etiam</strong></span> <span class='ocrx_word' id='word_1_691' title='bbox 1238 4745 1598 4816; x_wconf 80' lang='lat' dir='ltr'><strong>fragmentum</strong></span> <span class='ocrx_word' id='word_1_692' title='bbox 1623 4749 1720 4800; x_wconf 86' lang='lat' dir='ltr'><strong>hoc</strong></span> <span class='ocrx_word' id='word_1_693' title='bbox 1746 4757 1936 4802; x_wconf 89' lang='lat' dir='ltr'><strong>etomo</strong></span> <span class='ocrx_word' id='word_1_694' title='bbox 1960 4748 2144 4817; x_wconf 91' lang='lat' dir='ltr'><strong>quinto</strong></span> 
     </span>
    </p>
   </div>
   <div class='ocr_carea' id='block_1_99' title="bbox 564 4817 2141 4886">
    <p class='ocr_par' dir='ltr' id='par_1_99' title="bbox 564 4817 2141 4886">
     <span class='ocr_line' id='line_1_101' title="bbox 564 4817 2141 4886; baseline 0.002 -18"><span class='ocrx_word' id='word_1_695' title='bbox 564 4818 624 4870; x_wconf 82' lang='lat' dir='ltr'><strong>in</strong></span> <span class='ocrx_word' id='word_1_696' title='bbox 670 4817 929 4870; x_wconf 85' lang='lat' dir='ltr'><strong>Joannem</strong></span> <span class='ocrx_word' id='word_1_697' title='bbox 983 4817 1095 4869; x_wconf 93' lang='lat' dir='ltr'><strong>erui</strong></span> <span class='ocrx_word' id='word_1_698' title='bbox 1151 4819 1351 4884; x_wconf 84' lang='lat' dir='ltr'><strong>possit,</strong></span> <span class='ocrx_word' id='word_1_699' title='bbox 1405 4819 1859 4886; x_wconf 88' lang='lat' dir='ltr'><strong>quemadmodum</strong></span> <span class='ocrx_word' id='word_1_700' title='bbox 1907 4829 1961 4872; x_wconf 88' lang='lat' dir='ltr'><strong>ct</strong></span> <span class='ocrx_word' id='word_1_701' title='bbox 2013 4817 2141 4872; x_wconf 88' lang='lat' dir='ltr'><strong>illud</strong></span> 
     </span>
    </p>
   </div>
   <div class='ocr_carea' id='block_1_100' title="bbox 565 4887 2144 4955">
    <p class='ocr_par' dir='ltr' id='par_1_100' title="bbox 565 4887 2144 4955">
     <span class='ocr_line' id='line_1_102' title="bbox 565 4887 2144 4955; baseline 0.003 -18"><span class='ocrx_word' id='word_1_702' title='bbox 565 4888 710 4952; x_wconf 88' lang='lat' dir='ltr'><strong>quod</strong></span> <span class='ocrx_word' id='word_1_703' title='bbox 740 4901 807 4939; x_wconf 83' lang='lat' dir='ltr'><strong>es</strong></span> <span class='ocrx_word' id='word_1_704' title='bbox 835 4889 1023 4939; x_wconf 83' lang='lat' dir='ltr'><strong>eodem</strong></span> <span class='ocrx_word' id='word_1_705' title='bbox 1067 4895 1210 4939; x_wconf 91' lang='lat' dir='ltr'><strong>tomo</strong></span> <span class='ocrx_word' id='word_1_706' title='bbox 1241 4901 1401 4954; x_wconf 84' lang='lat' dir='ltr'><strong>supra</strong></span> <span class='ocrx_word' id='word_1_707' title='bbox 1435 4889 1616 4940; x_wconf 89' lang='lat' dir='ltr'><strong>attulit</strong></span> <span class='ocrx_word' id='word_1_708' title='bbox 1648 4887 1981 4955; x_wconf 82' lang='lat' dir='ltr'><strong>Pamphilus.</strong></span> <span class='ocrx_word' id='word_1_709' title='bbox 2016 4887 2144 4942; x_wconf 82' lang='lat' dir='ltr'><strong>Pro-</strong></span> 
     </span>
    </p>
   </div>
   <div class='ocr_carea' id='block_1_101' title="bbox 567 4957 2136 5026">
    <p class='ocr_par' dir='ltr' id='par_1_101' title="bbox 567 4957 2136 5026">
     <span class='ocr_line' id='line_1_103' title="bbox 567 4957 2136 5026; baseline 0.001 -18"><span class='ocrx_word' id='word_1_710' title='bbox 567 4959 708 5010; x_wconf 82' lang='lat' dir='ltr'><strong>fectu</strong></span> <span class='ocrx_word' id='word_1_711' title='bbox 750 4957 889 5009; x_wconf 90' lang='lat' dir='ltr'><strong>idem</strong></span> <span class='ocrx_word' id='word_1_712' title='bbox 941 4958 1051 5009; x_wconf 83' lang='lat' dir='ltr'><strong>lere</strong></span> <span class='ocrx_word' id='word_1_713' title='bbox 1094 4968 1172 5011; x_wconf 87' lang='lat' dir='ltr'><strong>est</strong></span> <span class='ocrx_word' id='word_1_714' title='bbox 1215 4959 1498 5026; x_wconf 83' lang='lat' dir='ltr'><strong>utriusque</strong></span> <span class='ocrx_word' id='word_1_715' title='bbox 1556 4959 1845 5024; x_wconf 82' lang='lat' dir='ltr'><strong>lragmeuti</strong></span> <span class='ocrx_word' id='word_1_716' title='bbox 1899 4958 2136 5020; x_wconf 87' lang='lat' dir='ltr'><strong>initium,</strong></span> 
     </span>
    </p>
   </div>
   <div class='ocr_carea' id='block_1_102' title="bbox 559 5026 2142 5096">
    <p class='ocr_par' dir='ltr' id='par_1_102' title="bbox 559 5026 2142 5096">
     <span class='ocr_line' id='line_1_104' title="bbox 559 5026 2142 5096; baseline 0.002 -18"><span class='ocrx_word' id='word_1_717' title='bbox 559 5027 750 5078; x_wconf 85' lang='lat' dir='ltr'><strong>eadem</strong></span> <span class='ocrx_word' id='word_1_718' title='bbox 784 5042 918 5095; x_wconf 87' lang='lat' dir='ltr'><strong>pene</strong></span> <span class='ocrx_word' id='word_1_719' title='bbox 950 5029 1148 5081; x_wconf 85' lang='lat' dir='ltr'><strong>verba:</strong></span> <span class='ocrx_word' id='word_1_720' title='bbox 1188 5027 1280 5081; x_wconf 88' lang='lat' dir='ltr'><strong>sed</strong></span> <span class='ocrx_word' id='word_1_721' title='bbox 1325 5043 1446 5079; x_wconf 90' lang='lat' dir='ltr'><strong>cum</strong></span> <span class='ocrx_word' id='word_1_722' title='bbox 1496 5028 1646 5095; x_wconf 89' lang='lat' dir='ltr'><strong>prius</strong></span> <span class='ocrx_word' id='word_1_723' title='bbox 1695 5026 1976 5094; x_wconf 81' lang='lat' dir='ltr'><strong>Pamphilo</strong></span> <span class='ocrx_word' id='word_1_724' title='bbox 2017 5043 2142 5096; x_wconf 88' lang='lat' dir='ltr'><strong>pro-</strong></span> 
     </span>
    </p>
   </div>
   <div class='ocr_carea' id='block_1_103' title="bbox 563 5096 2138 5167">
    <p class='ocr_par' dir='ltr' id='par_1_103' title="bbox 563 5096 2138 5167">
     <span class='ocr_line' id='line_1_105' title="bbox 563 5096 2138 5167; baseline 0.001 -19"><span class='ocrx_word' id='word_1_725' title='bbox 563 5096 798 5167; x_wconf 75' lang='lat' dir='ltr'><strong>bandum</strong></span> <span class='ocrx_word' id='word_1_726' title='bbox 832 5097 1164 5150; x_wconf 83' lang='lat' dir='ltr'><strong>incumberet</strong></span> <span class='ocrx_word' id='word_1_727' title='bbox 1194 5114 1259 5150; x_wconf 83' lang='lat' dir='ltr'><strong>ex</strong></span> <span class='ocrx_word' id='word_1_728' title='bbox 1295 5097 1404 5150; x_wconf 89' lang='lat' dir='ltr'><strong>Deo</strong></span> <span class='ocrx_word' id='word_1_729' title='bbox 1437 5097 1596 5151; x_wconf 84' lang='lat' dir='ltr'><strong>Patre</strong></span> <span class='ocrx_word' id='word_1_730' title='bbox 1627 5097 1794 5166; x_wconf 71' lang='lat' dir='ltr'><strong>(juxta</strong></span> <span class='ocrx_word' id='word_1_731' title='bbox 1829 5097 2138 5167; x_wconf 81' lang='lat' dir='ltr'><strong>Origenem)</strong></span> 
     </span>
    </p>
   </div>
   <div class='ocr_carea' id='block_1_104' title="bbox 563 5165 2139 5227">
    <p class='ocr_par' dir='ltr' id='par_1_104' title="bbox 563 5165 2139 5227">
     <span class='ocr_line' id='line_1_106' title="bbox 563 5165 2139 5227; baseline 0.002 -8"><span class='ocrx_word' id='word_1_732' title='bbox 563 5165 759 5219; x_wconf 67' lang='lat' dir='ltr'><strong>Filium</strong></span> <span class='ocrx_word' id='word_1_733' title='bbox 790 5182 911 5219; x_wconf 89' lang='lat' dir='ltr'><strong>esse</strong></span> <span class='ocrx_word' id='word_1_734' title='bbox 952 5179 1167 5227; x_wconf 77' lang='lat' dir='ltr'><strong>natum,</strong></span> <span class='ocrx_word' id='word_1_735' title='bbox 1211 5180 1264 5222; x_wconf 91' lang='lat' dir='ltr'><strong>et</strong></span> <span class='ocrx_word' id='word_1_736' title='bbox 1306 5168 1466 5219; x_wconf 93' lang='lat' dir='ltr'><strong>unius</strong></span> <span class='ocrx_word' id='word_1_737' title='bbox 1508 5165 1643 5222; x_wconf 87' lang='lat' dir='ltr'><strong>esse</strong></span> <span class='ocrx_word' id='word_1_738' title='bbox 1669 5184 1790 5219; x_wconf 85' lang='lat' dir='ltr'><strong>eum</strong></span> <span class='ocrx_word' id='word_1_739' title='bbox 1825 5167 1981 5220; x_wconf 82' lang='lat' dir='ltr'><strong>Patre</strong></span> <span class='ocrx_word' id='word_1_740' title='bbox 2011 5165 2139 5222; x_wconf 77' lang='lat' dir='ltr'><strong>sub-</strong></span> 
     </span>
    </p>
   </div>
   <div class='ocr_carea' id='block_1_105' title="bbox 562 5237 2137 5302">
    <p class='ocr_par' dir='ltr' id='par_1_105' title="bbox 562 5237 2137 5302">
     <span class='ocr_line' id='line_1_107' title="bbox 562 5237 2137 5302; baseline 0.002 -15"><span class='ocrx_word' id='word_1_741' title='bbox 562 5237 796 5296; x_wconf 65' lang='lat' dir='ltr'><strong>stantiae,</strong></span> <span class='ocrx_word' id='word_1_742' title='bbox 841 5237 1072 5289; x_wconf 88' lang='lat' dir='ltr'><strong>alienmn</strong></span> <span class='ocrx_word' id='word_1_743' title='bbox 1105 5252 1236 5291; x_wconf 87' lang='lat' dir='ltr'><strong>vero</strong></span> <span class='ocrx_word' id='word_1_744' title='bbox 1281 5253 1309 5290; x_wconf 87' lang='lat' dir='ltr'><strong>a</strong></span> <span class='ocrx_word' id='word_1_745' title='bbox 1359 5239 1676 5297; x_wconf 81' lang='lat' dir='ltr'><strong>substantiis</strong></span> <span class='ocrx_word' id='word_1_746' title='bbox 1723 5249 2137 5302; x_wconf 86' lang='lat' dir='ltr'><strong>creaturarum,</strong></span> 
     </span>
    </p>
   </div>
   <div class='ocr_carea' id='block_1_106' title="bbox 560 5305 2136 5376">
    <p class='ocr_par' dir='ltr' id='par_1_106' title="bbox 560 5305 2136 5376">
     <span class='ocr_line' id='line_1_108' title="bbox 560 5305 2136 5376; baseline 0.001 -18"><span class='ocrx_word' id='word_1_747' title='bbox 560 5316 844 5374; x_wconf 83' lang='lat' dir='ltr'><strong>postquam</strong></span> <span class='ocrx_word' id='word_1_748' title='bbox 885 5308 1014 5360; x_wconf 76' lang='lat' dir='ltr'><strong>dim</strong></span> <span class='ocrx_word' id='word_1_749' title='bbox 1038 5349 1052 5369; x_wconf 88' lang='lat'><strong>,</strong></span> <span class='ocrx_word' id='word_1_750' title='bbox 1085 5305 1401 5376; x_wconf 82' lang='lat' dir='ltr'><strong>Uuigenitus</strong></span> <span class='ocrx_word' id='word_1_751' title='bbox 1441 5305 1618 5361; x_wconf 83' lang='lat' dir='ltr'><strong>Filius</strong></span> <span class='ocrx_word' id='word_1_752' title='bbox 1652 5307 1898 5362; x_wconf 83' lang='lat' dir='ltr'><strong>Salvator</strong></span> <span class='ocrx_word' id='word_1_753' title='bbox 1937 5321 2136 5375; x_wconf 83' lang='lat' dir='ltr'><strong>noster,</strong></span> 
     </span>
    </p>
   </div>
   <div class='ocr_carea' id='block_1_107' title="bbox 558 5376 2136 5444">
    <p class='ocr_par' dir='ltr' id='par_1_107' title="bbox 558 5376 2136 5444">
     <span class='ocr_line' id='line_1_109' title="bbox 558 5376 2136 5444; baseline 0.001 -16"><span class='ocrx_word' id='word_1_754' title='bbox 558 5377 647 5444; x_wconf 87' lang='lat' dir='ltr'><strong>qui</strong></span> <span class='ocrx_word' id='word_1_755' title='bbox 686 5376 828 5428; x_wconf 90' lang='lat' dir='ltr'><strong>solus</strong></span> <span class='ocrx_word' id='word_1_756' title='bbox 880 5392 944 5428; x_wconf 80' lang='lat' dir='ltr'><strong>ea:</strong></span> <span class='ocrx_word' id='word_1_757' title='bbox 995 5376 1155 5430; x_wconf 81' lang='lat' dir='ltr'><strong>Patre</strong></span> <span class='ocrx_word' id='word_1_758' title='bbox 1188 5390 1342 5430; x_wconf 85' lang='lat' dir='ltr'><strong>natus</strong></span> <span class='ocrx_word' id='word_1_759' title='bbox 1377 5390 1486 5442; x_wconf 86' lang='lat' dir='ltr'><strong>est,</strong></span> <span class='ocrx_word' id='word_1_760' title='bbox 1519 5380 1662 5431; x_wconf 87' lang='lat' dir='ltr'><strong>solus</strong></span> <span class='ocrx_word' id='word_1_761' title='bbox 1703 5391 1893 5430; x_wconf 87' lang='lat' dir='ltr'><strong>natura</strong></span> <span class='ocrx_word' id='word_1_762' title='bbox 1937 5388 1986 5430; x_wconf 89' lang='lat' dir='ltr'><strong>et</strong></span> <span class='ocrx_word' id='word_1_763' title='bbox 2033 5395 2136 5431; x_wconf 83' lang='lat' dir='ltr'><strong>non</strong></span> 
     </span>
    </p>
   </div>
   <div class='ocr_carea' id='block_1_108' title="bbox 559 5444 2132 5518">
    <p class='ocr_par' dir='ltr' id='par_1_108' title="bbox 559 5444 2132 5518">
     <span class='ocr_line' id='line_1_110' title="bbox 559 5444 2132 5518; baseline 0.001 -20"><span class='ocrx_word' id='word_1_764' title='bbox 559 5448 840 5514; x_wconf 87' lang='lat' dir='ltr'><strong>adoptione</strong></span> <span class='ocrx_word' id='word_1_765' title='bbox 883 5444 1060 5499; x_wconf 77' lang='lat' dir='ltr'><strong>Filius</strong></span> <span class='ocrx_word' id='word_1_766' title='bbox 1099 5460 1196 5511; x_wconf 85' lang='lat' dir='ltr'><strong>est,</strong></span> <span class='ocrx_word' id='word_1_767' title='bbox 1243 5452 1521 5516; x_wconf 83' lang='lat' dir='ltr'><strong>sequentia</strong></span> <span class='ocrx_word' id='word_1_768' title='bbox 1563 5450 1850 5518; x_wconf 78' lang='lat' dir='ltr'><strong>reliquisse</strong></span> <span class='ocrx_word' id='word_1_769' title='bbox 1897 5448 2132 5509; x_wconf 86' lang='lat' dir='ltr'><strong>videtur,</strong></span> 
     </span>
    </p>
   </div>
   <div class='ocr_carea' id='block_1_109' title="bbox 559 5518 2136 5586">
    <p class='ocr_par' dir='ltr' id='par_1_109' title="bbox 559 5518 2136 5586">
     <span class='ocr_line' id='line_1_111' title="bbox 559 5518 2136 5586; baseline 0.003 -20"><span class='ocrx_word' id='word_1_770' title='bbox 559 5527 618 5568; x_wconf 91' lang='lat' dir='ltr'><strong>ut</strong></span> <span class='ocrx_word' id='word_1_771' title='bbox 646 5518 715 5568; x_wconf 88' lang='lat' dir='ltr'><strong>ad</strong></span> <span class='ocrx_word' id='word_1_772' title='bbox 749 5518 1072 5582; x_wconf 86' lang='lat' dir='ltr'><strong>posteriora,</strong></span> <span class='ocrx_word' id='word_1_773' title='bbox 1117 5533 1236 5585; x_wconf 71' lang='lat' dir='ltr'><strong>qua:</strong></span> <span class='ocrx_word' id='word_1_774' title='bbox 1264 5521 1330 5570; x_wconf 88' lang='lat' dir='ltr'><strong>ad</strong></span> <span class='ocrx_word' id='word_1_775' title='bbox 1363 5534 1474 5571; x_wconf 89' lang='lat' dir='ltr'><strong>rem</strong></span> <span class='ocrx_word' id='word_1_776' title='bbox 1509 5519 2136 5586; x_wconf 29' lang='lat' dir='ltr'><strong>pertinenthprogrede-</strong></span> 
     </span>
    </p>
   </div>
   <div class='ocr_carea' id='block_1_110' title="bbox 561 5587 2134 5654">
    <p class='ocr_par' dir='ltr' id='par_1_110' title="bbox 561 5587 2134 5654">
     <span class='ocr_line' id='line_1_112' title="bbox 561 5587 2134 5654; baseline 0.003 -16"><span class='ocrx_word' id='word_1_777' title='bbox 561 5597 710 5638; x_wconf 89' lang='lat' dir='ltr'><strong>retur</strong></span> <span class='ocrx_word' id='word_1_778' title='bbox 750 5587 834 5638; x_wconf 87' lang='lat' dir='ltr'><strong>his</strong></span> <span class='ocrx_word' id='word_1_779' title='bbox 881 5588 1098 5644; x_wconf 85' lang='lat' dir='ltr'><strong>verbis:</strong></span> <span class='ocrx_word' id='word_1_780' title='bbox 1132 5587 1268 5640; x_wconf 79' lang='lat' dir='ltr'><strong>Item</strong></span> <span class='ocrx_word' id='word_1_781' title='bbox 1306 5591 1361 5640; x_wconf 89' lang='lat' dir='ltr'><strong>in</strong></span> <span class='ocrx_word' id='word_1_782' title='bbox 1396 5590 1574 5641; x_wconf 83' lang='lat' dir='ltr'><strong>eodem</strong></span> <span class='ocrx_word' id='word_1_783' title='bbox 1620 5589 1776 5641; x_wconf 76' lang='lat' dir='ltr'><strong>libro.</strong></span> <span class='ocrx_word' id='word_1_784' title='bbox 1816 5587 1971 5640; x_wconf 88' lang='lat' dir='ltr'><strong>Unus</strong></span> <span class='ocrx_word' id='word_1_785' title='bbox 2012 5605 2134 5654; x_wconf 87' lang='lat' dir='ltr'><strong>ergo</strong></span> 
     </span>
    </p>
   </div>
   <div class='ocr_carea' id='block_1_111' title="bbox 556 5655 2146 5729">
    <p class='ocr_par' dir='ltr' id='par_1_111' title="bbox 556 5655 2146 5729">
     <span class='ocr_line' id='line_1_113' title="bbox 556 5655 2146 5729; baseline 0.004 -22"><span class='ocrx_word' id='word_1_786' title='bbox 556 5667 655 5718; x_wconf 85' lang='lat' dir='ltr'><strong>est,</strong></span> <span class='ocrx_word' id='word_1_787' title='bbox 683 5655 923 5729; x_wconf 81' lang='lat' dir='ltr'><strong>etc._ll_ic</strong></span> <span class='ocrx_word' id='word_1_788' title='bbox 949 5671 1076 5711; x_wconf 87' lang='lat' dir='ltr'><strong>vero</strong></span> <span class='ocrx_word' id='word_1_789' title='bbox 1108 5667 1165 5710; x_wconf 92' lang='lat' dir='ltr'><strong>ut</strong></span> <span class='ocrx_word' id='word_1_790' title='bbox 1201 5657 1389 5726; x_wconf 78' lang='lat' dir='ltr'><strong>probet</strong></span> <span class='ocrx_word' id='word_1_791' title='bbox 1427 5675 1490 5711; x_wconf 81' lang='lat' dir='ltr'><strong>ex</strong></span> <span class='ocrx_word' id='word_1_792' title='bbox 1525 5659 1764 5726; x_wconf 82' lang='lat' dir='ltr'><strong>Origene</strong></span> <span class='ocrx_word' id='word_1_793' title='bbox 1796 5656 1990 5712; x_wconf 83' lang='lat' dir='ltr'><strong>Filium</strong></span> <span class='ocrx_word' id='word_1_794' title='bbox 2037 5658 2146 5729; x_wconf 57' lang='lat' dir='ltr'><strong>Dei,</strong></span> 
     </span>
    </p>
   </div>
   <div class='ocr_carea' id='block_1_112' title="bbox 559 5725 2145 5794">
    <p class='ocr_par' dir='ltr' id='par_1_112' title="bbox 559 5725 2145 5794">
     <span class='ocr_line' id='line_1_114' title="bbox 559 5725 2145 5794; baseline 0.001 -16"><span class='ocrx_word' id='word_1_795' title='bbox 559 5741 657 5794; x_wconf 87' lang='lat' dir='ltr'><strong>per</strong></span> <span class='ocrx_word' id='word_1_796' title='bbox 690 5725 1044 5793; x_wconf 86' lang='lat' dir='ltr'><strong>prolationem</strong></span> <span class='ocrx_word' id='word_1_797' title='bbox 1080 5725 1264 5780; x_wconf 88' lang='lat' dir='ltr'><strong>natum</strong></span> <span class='ocrx_word' id='word_1_798' title='bbox 1297 5742 1400 5780; x_wconf 91' lang='lat' dir='ltr'><strong>non</strong></span> <span class='ocrx_word' id='word_1_799' title='bbox 1437 5742 1581 5789; x_wconf 83' lang='lat' dir='ltr'><strong>esse,</strong></span> <span class='ocrx_word' id='word_1_800' title='bbox 1624 5725 1768 5782; x_wconf 83' lang='lat' dir='ltr'><strong>idem</strong></span> <span class='ocrx_word' id='word_1_801' title='bbox 1815 5731 1982 5784; x_wconf 88' lang='lat' dir='ltr'><strong>hocce</strong></span> <span class='ocrx_word' id='word_1_802' title='bbox 2031 5725 2145 5781; x_wconf 77' lang='grc' dir='ltr'>ιιιίοί</span> 
     </span>
    </p>
   </div>
   <div class='ocr_carea' id='block_1_113' title="bbox 561 5797 2144 5866">
    <p class='ocr_par' dir='ltr' id='par_1_113' title="bbox 561 5797 2144 5866">
     <span class='ocr_line' id='line_1_115' title="bbox 561 5797 2144 5866; baseline 0.002 -15"><span class='ocrx_word' id='word_1_803' title='bbox 561 5799 694 5852; x_wconf 89' lang='lat' dir='ltr'><strong>tium</strong></span> <span class='ocrx_word' id='word_1_804' title='bbox 723 5809 998 5852; x_wconf 82' lang='lat' dir='ltr'><strong>resumere</strong></span> <span class='ocrx_word' id='word_1_805' title='bbox 1032 5797 1268 5863; x_wconf 85' lang='lat' dir='ltr'><strong>videtur,</strong></span> <span class='ocrx_word' id='word_1_806' title='bbox 1315 5797 1472 5864; x_wconf 87' lang='lat' dir='ltr'><strong>cujus</strong></span> <span class='ocrx_word' id='word_1_807' title='bbox 1503 5800 1806 5866; x_wconf 87' lang='lat' dir='ltr'><strong>sequentia,</strong></span> <span class='ocrx_word' id='word_1_808' title='bbox 1837 5801 1928 5854; x_wconf 90' lang='lat' dir='ltr'><strong>ubi</strong></span> <span class='ocrx_word' id='word_1_809' title='bbox 1958 5813 2021 5854; x_wconf 89' lang='lat' dir='ltr'><strong>ea</strong></span> <span class='ocrx_word' id='word_1_810' title='bbox 2064 5799 2144 5855; x_wconf 85' lang='lat' dir='ltr'><strong>de-</strong></span> 
     </span>
    </p>
   </div>
   <div class='ocr_carea' id='block_1_114' title="bbox 2251 4606 3828 4678">
    <p class='ocr_par' dir='ltr' id='par_1_114' title="bbox 2251 4606 3828 4678">
     <span class='ocr_line' id='line_1_116' title="bbox 2251 4606 3828 4678; baseline 0.004 -21"><span class='ocrx_word' id='word_1_811' title='bbox 2251 4606 2318 4678; x_wconf 82' lang='lat' dir='ltr'><strong>l],</strong></span> <span class='ocrx_word' id='word_1_812' title='bbox 2342 4606 2486 4678; x_wconf 77' lang='lat' dir='ltr'><strong>unde</strong></span> <span class='ocrx_word' id='word_1_813' title='bbox 2515 4607 2734 4674; x_wconf 91' lang='lat' dir='ltr'><strong>quintus</strong></span> <span class='ocrx_word' id='word_1_814' title='bbox 2765 4621 3024 4678; x_wconf 75' lang='lat' dir='ltr'><strong>numerus</strong></span> <span class='ocrx_word' id='word_1_815' title='bbox 3043 4609 3194 4678; x_wconf 69' lang='lat' dir='ltr'><strong>apud</strong></span> <span class='ocrx_word' id='word_1_816' title='bbox 3226 4607 3443 4661; x_wconf 67' lang='lat' dir='ltr'><strong>Gimcos</strong></span> <span class='ocrx_word' id='word_1_817' title='bbox 3478 4611 3828 4678; x_wconf 81' lang='lat' dir='ltr'><strong>exprimitur,</strong></span> 
     </span>
    </p>
   </div>
   <div class='ocr_carea' id='block_1_115' title="bbox 2248 4673 3826 4746">
    <p class='ocr_par' dir='ltr' id='par_1_115' title="bbox 2248 4673 3826 4746">
     <span class='ocr_line' id='line_1_117' title="bbox 2248 4673 3826 4746; baseline 0.006 -20"><span class='ocrx_word' id='word_1_818' title='bbox 2248 4675 2407 4729; x_wconf 77' lang='lat' dir='ltr'><strong>facile</strong></span> <span class='ocrx_word' id='word_1_819' title='bbox 2445 4675 2505 4727; x_wconf 87' lang='lat' dir='ltr'><strong>lit</strong></span> <span class='ocrx_word' id='word_1_820' title='bbox 2534 4673 2805 4746; x_wconf 76' lang='lat' dir='ltr'><strong>numerus</strong></span> <span class='ocrx_word' id='word_1_821' title='bbox 2849 4673 2912 4738; x_wconf 94' lang='lat' dir='ltr'><strong>ll,</strong></span> <span class='ocrx_word' id='word_1_822' title='bbox 2957 4674 3180 4746; x_wconf 15' lang='lat' dir='ltr'><strong>siilinea</strong></span> <span class='ocrx_word' id='word_1_823' title='bbox 3219 4680 3469 4746; x_wconf 87' lang='lat' dir='ltr'><strong>superius</strong></span> <span class='ocrx_word' id='word_1_824' title='bbox 3519 4673 3826 4737; x_wconf 77' lang='lat' dir='ltr'><strong>transversa</strong></span> 
     </span>
    </p>
   </div>
   <div class='ocr_carea' id='block_1_116' title="bbox 2247 4745 3262 4804">
    <p class='ocr_par' dir='ltr' id='par_1_116' title="bbox 2247 4745 3262 4804">
     <span class='ocr_line' id='line_1_118' title="bbox 2247 4745 3262 4804; baseline 0.002 -6"><span class='ocrx_word' id='word_1_825' title='bbox 2247 4755 2341 4799; x_wconf 90' lang='lat' dir='ltr'><strong>aut</strong></span> <span class='ocrx_word' id='word_1_826' title='bbox 2371 4760 2474 4798; x_wconf 93' lang='lat' dir='ltr'><strong>non</strong></span> <span class='ocrx_word' id='word_1_827' title='bbox 2508 4745 2838 4804; x_wconf 84' lang='lat' dir='ltr'><strong>advertatur,</strong></span> <span class='ocrx_word' id='word_1_828' title='bbox 2871 4755 2966 4797; x_wconf 90' lang='lat' dir='ltr'><strong>aut</strong></span> <span class='ocrx_word' id='word_1_829' title='bbox 2995 4745 3262 4800; x_wconf 86' lang='lat' dir='ltr'><strong>deleatur.</strong></span> 
     </span>
    </p>
   </div>
   <div class='ocr_carea' id='block_1_117' title="bbox 2317 4813 3240 4883">
    <p class='ocr_par' dir='ltr' id='par_1_117' title="bbox 2317 4813 3240 4883">
     <span class='ocr_line' id='line_1_119' title="bbox 2317 4813 3240 4883; baseline 0.002 -14"><span class='ocrx_word' id='word_1_830' title='bbox 2317 4815 2427 4883; x_wconf 81' lang='grc'>(85)</span> <span class='ocrx_word' id='word_1_831' title='bbox 2470 4815 2544 4868; x_wconf 76' lang='lat' dir='ltr'><strong>Ex</strong></span> <span class='ocrx_word' id='word_1_832' title='bbox 2581 4814 2672 4868; x_wconf 91' lang='lat' dir='ltr'><strong>lib.</strong></span> <span class='ocrx_word' id='word_1_833' title='bbox 2704 4831 2739 4868; x_wconf 91' lang='lat' dir='ltr'><strong>II</strong></span> <span class='ocrx_word' id='word_1_834' title='bbox 2767 4821 2818 4867; x_wconf 80' lang='lat' dir='ltr'><strong>in</strong></span> <span class='ocrx_word' id='word_1_835' title='bbox 2846 4813 3051 4882; x_wconf 83' lang='lat' dir='ltr'><strong>Evang.</strong></span> <span class='ocrx_word' id='word_1_836' title='bbox 3077 4814 3240 4870; x_wconf 79' lang='lat' dir='ltr'><strong>Joan.</strong></span> 
     </span>
    </p>
   </div>
   <div class='ocr_carea' id='block_1_118' title="bbox 2316 4885 3824 4952">
    <p class='ocr_par' dir='ltr' id='par_1_118' title="bbox 2316 4885 3824 4952">
     <span class='ocr_line' id='line_1_120' title="bbox 2316 4885 3824 4952; baseline 0.003 -12"><span class='ocrx_word' id='word_1_837' title='bbox 2316 4886 2429 4952; x_wconf 79' lang='grc'>(84)</span> <span class='ocrx_word' id='word_1_838' title='bbox 2471 4885 2564 4940; x_wconf 85' lang='lat' dir='ltr'><strong>Sic</strong></span> <span class='ocrx_word' id='word_1_839' title='bbox 2608 4900 2708 4938; x_wconf 89' lang='lat' dir='ltr'><strong>ms.</strong></span> <span class='ocrx_word' id='word_1_840' title='bbox 2760 4886 3111 4940; x_wconf 87' lang='lat' dir='ltr'><strong>Sorbonicus.</strong></span> <span class='ocrx_word' id='word_1_841' title='bbox 3161 4886 3355 4942; x_wconf 59' lang='grc' dir='ltr'><strong>(ἐκιθιὶ</strong></span> <span class='ocrx_word' id='word_1_842' title='bbox 3403 4900 3534 4943; x_wconf 92' lang='lat' dir='ltr'><strong>vero</strong></span> <span class='ocrx_word' id='word_1_843' title='bbox 3589 4903 3721 4944; x_wconf 90' lang='lat' dir='ltr'><strong>mss.</strong></span> <span class='ocrx_word' id='word_1_844' title='bbox 3771 4900 3824 4945; x_wconf 86' lang='lat' dir='ltr'><strong>et</strong></span> 
     </span>
    </p>
   </div>
   <div class='ocr_carea' id='block_1_119' title="bbox 2246 4954 2797 5011">
    <p class='ocr_par' dir='ltr' id='par_1_119' title="bbox 2246 4954 2797 5011">
     <span class='ocr_line' id='line_1_121' title="bbox 2246 4954 2797 5011; baseline 0 -2"><span class='ocrx_word' id='word_1_845' title='bbox 2246 4954 2380 5009; x_wconf 81' lang='lat' dir='ltr'><strong>editi</strong></span> <span class='ocrx_word' id='word_1_846' title='bbox 2415 4958 2674 5008; x_wconf 87' lang='lat' dir='ltr'><strong>omittunt</strong></span> <span class='ocrx_word' id='word_1_847' title='bbox 2700 4964 2797 5011; x_wconf 82' lang='lat' dir='ltr'><strong>est.</strong></span> 
     </span>
    </p>
   </div>
   <div class='ocr_carea' id='block_1_120' title="bbox 2314 5022 3820 5094">
    <p class='ocr_par' dir='ltr' id='par_1_120' title="bbox 2314 5022 3820 5094">
     <span class='ocr_line' id='line_1_122' title="bbox 2314 5022 3820 5094; baseline 0.001 -13"><span class='ocrx_word' id='word_1_848' title='bbox 2314 5024 2426 5094; x_wconf 83' lang='grc'>(85)</span> <span class='ocrx_word' id='word_1_849' title='bbox 2468 5026 2540 5078; x_wconf 89' lang='lat' dir='ltr'><strong>lta</strong></span> <span class='ocrx_word' id='word_1_850' title='bbox 2588 5040 2689 5078; x_wconf 90' lang='lat' dir='ltr'><strong>ms.</strong></span> <span class='ocrx_word' id='word_1_851' title='bbox 2720 5040 2881 5079; x_wconf 89' lang='lat' dir='ltr'><strong>unus.</strong></span> <span class='ocrx_word' id='word_1_852' title='bbox 2913 5022 3106 5080; x_wconf 70' lang='lat' dir='ltr'><strong>Cteteri</strong></span> <span class='ocrx_word' id='word_1_853' title='bbox 3148 5041 3274 5080; x_wconf 86' lang='lat' dir='ltr'><strong>vero</strong></span> <span class='ocrx_word' id='word_1_854' title='bbox 3310 5041 3467 5089; x_wconf 90' lang='lat' dir='ltr'><strong>mss.,</strong></span> <span class='ocrx_word' id='word_1_855' title='bbox 3513 5026 3622 5081; x_wconf 84' lang='lat' dir='ltr'><strong>Sed</strong></span> <span class='ocrx_word' id='word_1_856' title='bbox 3655 5045 3820 5083; x_wconf 88' lang='lat' dir='ltr'><strong>mens.</strong></span> 
     </span>
    </p>
   </div>
   <div class='ocr_carea' id='block_1_121' title="bbox 2246 5095 3821 5168">
    <p class='ocr_par' dir='ltr' id='par_1_121' title="bbox 2246 5095 3821 5168">
     <span class='ocr_line' id='line_1_123' title="bbox 2246 5095 3821 5168; baseline 0.003 -20"><span class='ocrx_word' id='word_1_857' title='bbox 2246 5095 2446 5149; x_wconf 85' lang='lat' dir='ltr'><strong>Deinde</strong></span> <span class='ocrx_word' id='word_1_858' title='bbox 2505 5095 2837 5149; x_wconf 78' lang='lat' dir='ltr'><strong>Sorbouicus</strong></span> <span class='ocrx_word' id='word_1_859' title='bbox 2910 5097 3070 5150; x_wconf 84' lang='lat' dir='ltr'><strong>habet</strong></span> <span class='ocrx_word' id='word_1_860' title='bbox 3135 5099 3203 5149; x_wconf 81' lang='lat' dir='ltr'><strong>ad</strong></span> <span class='ocrx_word' id='word_1_861' title='bbox 3290 5114 3474 5152; x_wconf 83' lang='lat' dir='ltr'><strong>sensus</strong></span> <span class='ocrx_word' id='word_1_862' title='bbox 3553 5114 3653 5168; x_wconf 86' lang='lat' dir='ltr'><strong>pro</strong></span> <span class='ocrx_word' id='word_1_863' title='bbox 3730 5110 3821 5153; x_wconf 88' lang='lat' dir='ltr'><strong>aut</strong></span> 
     </span>
    </p>
   </div>
   <div class='ocr_carea' id='block_1_122' title="bbox 2239 5182 2444 5219">
    <p class='ocr_par' dir='ltr' id='par_1_122' title="bbox 2239 5182 2444 5219">
     <span class='ocr_line' id='line_1_124' title="bbox 2239 5182 2444 5219; baseline 0 0"><span class='ocrx_word' id='word_1_864' title='bbox 2239 5182 2444 5219; x_wconf 66' lang='grc'>88118118.</span> 
     </span>
    </p>
   </div>
   <div class='ocr_carea' id='block_1_123' title="bbox 2313 5233 3820 5307">
    <p class='ocr_par' dir='ltr' id='par_1_123' title="bbox 2313 5233 3820 5307">
     <span class='ocr_line' id='line_1_125' title="bbox 2313 5233 3820 5307; baseline 0.001 -17"><span class='ocrx_word' id='word_1_865' title='bbox 2313 5236 2426 5304; x_wconf 85' lang='grc'>(86)</span> <span class='ocrx_word' id='word_1_866' title='bbox 2454 5233 2530 5287; x_wconf 91' lang='lat' dir='ltr'><strong>Ita</strong></span> <span class='ocrx_word' id='word_1_867' title='bbox 2554 5234 3068 5307; x_wconf 13' lang='lat' dir='ltr'><strong>om_ues_mss.iEditi</strong></span> <span class='ocrx_word' id='word_1_868' title='bbox 3096 5250 3224 5290; x_wconf 86' lang='lat' dir='ltr'><strong>vero</strong></span> <span class='ocrx_word' id='word_1_869' title='bbox 3252 5251 3559 5307; x_wconf 90' lang='lat' dir='ltr'><strong>perperam,</strong></span> <span class='ocrx_word' id='word_1_870' title='bbox 3589 5237 3665 5292; x_wconf 85' lang='lat' dir='ltr'><strong>De</strong></span> <span class='ocrx_word' id='word_1_871' title='bbox 3689 5239 3820 5292; x_wconf 90' lang='lat' dir='ltr'><strong>libro</strong></span> 
     </span>
    </p>
   </div>
   <div class='ocr_carea' id='block_1_124' title="bbox 2237 5303 3816 5379">
    <p class='ocr_par' dir='ltr' id='par_1_124' title="bbox 2237 5303 3816 5379">
     <span class='ocr_line' id='line_1_126' title="bbox 2237 5303 3816 5379; baseline 0.004 -22"><span class='ocrx_word' id='word_1_872' title='bbox 2237 5303 2409 5374; x_wconf 83' lang='lat' dir='ltr'><strong>primo</strong></span> <span class='ocrx_word' id='word_1_873' title='bbox 2437 5305 2579 5372; x_wconf 79' lang='grc' dir='ltr'><strong>Περὶ</strong></span> <span class='ocrx_word' id='word_1_874' title='bbox 2617 5303 2838 5379; x_wconf 74' lang='grc' dir='ltr'><strong>ᾀρχῶν.</strong></span> <span class='ocrx_word' id='word_1_875' title='bbox 2879 5306 3075 5379; x_wconf 60' lang='lat' dir='ltr'><strong>l‘lullihi</strong></span> <span class='ocrx_word' id='word_1_876' title='bbox 3104 5303 3324 5361; x_wconf 39' lang='lat' dir='ltr'><strong>enim—in</strong></span> <span class='ocrx_word' id='word_1_877' title='bbox 3353 5303 3419 5361; x_wconf 87' lang='lat' dir='ltr'><strong>eo</strong></span> <span class='ocrx_word' id='word_1_878' title='bbox 3450 5308 3587 5362; x_wconf 87' lang='lat' dir='ltr'><strong>libro</strong></span> <span class='ocrx_word' id='word_1_879' title='bbox 3611 5310 3816 5379; x_wconf 87' lang='lat' dir='ltr'><strong>reperi-</strong></span> 
     </span>
    </p>
   </div>
   <div class='ocr_carea' id='block_1_125' title="bbox 2241 5375 3288 5445">
    <p class='ocr_par' dir='ltr' id='par_1_125' title="bbox 2241 5375 3288 5445">
     <span class='ocr_line' id='line_1_127' title="bbox 2241 5375 3288 5445; baseline 0.002 -16"><span class='ocrx_word' id='word_1_880' title='bbox 2241 5387 2328 5430; x_wconf 91' lang='lat' dir='ltr'><strong>tur</strong></span> <span class='ocrx_word' id='word_1_881' title='bbox 2355 5391 2590 5445; x_wconf 86' lang='lat' dir='ltr'><strong>sequeus</strong></span> <span class='ocrx_word' id='word_1_882' title='bbox 2620 5376 2870 5445; x_wconf 83' lang='lat' dir='ltr'><strong>Origenis</strong></span> <span class='ocrx_word' id='word_1_883' title='bbox 2904 5375 3288 5444; x_wconf 77' lang='lat' dir='ltr'><strong>lragtnentnm.</strong></span> 
     </span>
    </p>
   </div>
   <div class='ocr_carea' id='block_1_126' title="bbox 2310 5445 3406 5514">
    <p class='ocr_par' dir='ltr' id='par_1_126' title="bbox 2310 5445 3406 5514">
     <span class='ocr_line' id='line_1_128' title="bbox 2310 5445 3406 5514; baseline 0.002 -14"><span class='ocrx_word' id='word_1_884' title='bbox 2310 5447 2420 5514; x_wconf 85' lang='lat'><strong>(87)</strong></span> <span class='ocrx_word' id='word_1_885' title='bbox 2458 5447 2533 5498; x_wconf 80' lang='lat' dir='ltr'><strong>Ex</strong></span> <span class='ocrx_word' id='word_1_886' title='bbox 2563 5445 2702 5499; x_wconf 85' lang='lat' dir='ltr'><strong>libro</strong></span> <span class='ocrx_word' id='word_1_887' title='bbox 2735 5461 2751 5500; x_wconf 89' lang='grc' dir='ltr'><strong>ι</strong></span> <span class='ocrx_word' id='word_1_888' title='bbox 2781 5447 2834 5498; x_wconf 88' lang='lat' dir='ltr'><strong>in</strong></span> <span class='ocrx_word' id='word_1_889' title='bbox 2864 5445 3033 5512; x_wconf 84' lang='lat' dir='ltr'><strong>Epist.</strong></span> <span class='ocrx_word' id='word_1_890' title='bbox 3068 5450 3136 5498; x_wconf 85' lang='lat' dir='ltr'><strong>ad</strong></span> <span class='ocrx_word' id='word_1_891' title='bbox 3163 5445 3406 5502; x_wconf 81' lang='lat' dir='ltr'><strong>Galatas.</strong></span> 
     </span>
    </p>
   </div>
   <div class='ocr_carea' id='block_1_127' title="bbox 2309 5516 3815 5586">
    <p class='ocr_par' dir='ltr' id='par_1_127' title="bbox 2309 5516 3815 5586">
     <span class='ocr_line' id='line_1_129' title="bbox 2309 5516 3815 5586; baseline 0.001 -17"><span class='ocrx_word' id='word_1_892' title='bbox 2309 5517 2421 5586; x_wconf 82' lang='lat'><strong>(88)</strong></span> <span class='ocrx_word' id='word_1_893' title='bbox 2456 5517 2596 5569; x_wconf 72' lang='lat' dir='ltr'><strong>Editi</strong></span> <span class='ocrx_word' id='word_1_894' title='bbox 2645 5525 2700 5569; x_wconf 82' lang='lat' dir='ltr'><strong>et</strong></span> <span class='ocrx_word' id='word_1_895' title='bbox 2737 5531 2840 5568; x_wconf 88' lang='lat' dir='ltr'><strong>ms.</strong></span> <span class='ocrx_word' id='word_1_896' title='bbox 2900 5516 3102 5584; x_wconf 73' lang='lat' dir='ltr'><strong>ltcgins</strong></span> <span class='ocrx_word' id='word_1_897' title='bbox 3137 5520 3391 5570; x_wconf 87' lang='lat' dir='ltr'><strong>omittunt</strong></span> <span class='ocrx_word' id='word_1_898' title='bbox 3422 5516 3658 5571; x_wconf 88' lang='lat' dir='ltr'><strong>secundo</strong></span> <span class='ocrx_word' id='word_1_899' title='bbox 3695 5517 3815 5572; x_wconf 92' lang='lat' dir='ltr'><strong>loco</strong></span> 
     </span>
    </p>
   </div>
   <div class='ocr_carea' id='block_1_128' title="bbox 2235 5586 3813 5656">
    <p class='ocr_par' dir='ltr' id='par_1_128' title="bbox 2235 5586 3813 5656">
     <span class='ocr_line' id='line_1_130' title="bbox 2235 5586 3813 5656; baseline -0.001 -14"><span class='ocrx_word' id='word_1_900' title='bbox 2235 5586 2780 5656; x_wconf 29' lang='lat' dir='ltr'><strong>ApostolussDeinde</strong></span> <span class='ocrx_word' id='word_1_901' title='bbox 2824 5586 2990 5656; x_wconf 61' lang='lat' dir='ltr'><strong>alias,</strong></span> <span class='ocrx_word' id='word_1_902' title='bbox 3033 5588 3123 5638; x_wconf 83' lang='lat' dir='ltr'><strong>sed</strong></span> <span class='ocrx_word' id='word_1_903' title='bbox 3163 5603 3255 5656; x_wconf 84' lang='lat' dir='ltr'><strong>per</strong></span> <span class='ocrx_word' id='word_1_904' title='bbox 3291 5589 3561 5641; x_wconf 76' lang='lat' dir='ltr'><strong>Christum</strong></span> <span class='ocrx_word' id='word_1_905' title='bbox 3587 5586 3813 5654; x_wconf 82' lang='lat' dir='ltr'><strong>Jesum;</strong></span> 
     </span>
    </p>
   </div>
   <div class='ocr_carea' id='block_1_129' title="bbox 2235 5654 3121 5719">
    <p class='ocr_par' dir='ltr' id='par_1_129' title="bbox 2235 5654 3121 5719">
     <span class='ocr_line' id='line_1_131' title="bbox 2235 5654 3121 5719; baseline -0.002 -8"><span class='ocrx_word' id='word_1_906' title='bbox 2235 5654 2290 5711; x_wconf 89' lang='lat' dir='ltr'><strong>et</strong></span> <span class='ocrx_word' id='word_1_907' title='bbox 2315 5657 2454 5710; x_wconf 88' lang='lat' dir='ltr'><strong>alias</strong></span> <span class='ocrx_word' id='word_1_908' title='bbox 2488 5655 2649 5719; x_wconf 81' lang='lat' dir='ltr'><strong>infra,</strong></span> <span class='ocrx_word' id='word_1_909' title='bbox 2678 5655 2918 5708; x_wconf 70' lang='lat' dir='ltr'><strong>Christus</strong></span> <span class='ocrx_word' id='word_1_910' title='bbox 2944 5654 3121 5709; x_wconf 86' lang='lat' dir='ltr'><strong>Jesus.</strong></span> 
     </span>
    </p>
   </div>
   <div class='ocr_carea' id='block_1_130' title="bbox 2305 5724 3812 5799">
    <p class='ocr_par' dir='ltr' id='par_1_130' title="bbox 2305 5724 3812 5799">
     <span class='ocr_line' id='line_1_132' title="bbox 2305 5724 3812 5799; baseline 0.001 -19"><span class='ocrx_word' id='word_1_911' title='bbox 2305 5727 2416 5799; x_wconf 75' lang='lat'><strong>(89)</strong></span> <span class='ocrx_word' id='word_1_912' title='bbox 2454 5726 2634 5799; x_wconf 80' lang='lat' dir='ltr'><strong>Editi,</strong></span> <span class='ocrx_word' id='word_1_913' title='bbox 2663 5727 2728 5799; x_wconf 58' lang='lat' dir='ltr'><strong>in</strong></span> <span class='ocrx_word' id='word_1_914' title='bbox 2748 5724 3080 5793; x_wconf 82' lang='lat' dir='ltr'><strong>sequentibus</strong></span> <span class='ocrx_word' id='word_1_915' title='bbox 3110 5725 3258 5778; x_wconf 84' lang='lat' dir='ltr'><strong>libris</strong></span> <span class='ocrx_word' id='word_1_916' title='bbox 3289 5727 3482 5779; x_wconf 89' lang='lat' dir='ltr'><strong>similia</strong></span> <span class='ocrx_word' id='word_1_917' title='bbox 3511 5765 3524 5780; x_wconf 91' lang='lat'><strong>.</strong></span> <span class='ocrx_word' id='word_1_918' title='bbox 3547 5761 3565 5779; x_wconf 88' lang='lat'><strong>.</strong></span> <span class='ocrx_word' id='word_1_919' title='bbox 3584 5765 3600 5780; x_wconf 93' lang='lat'><strong>.</strong></span> <span class='ocrx_word' id='word_1_920' title='bbox 3623 5763 3639 5780; x_wconf 91' lang='lat'><strong>.</strong></span> <span class='ocrx_word' id='word_1_921' title='bbox 3669 5729 3812 5799; x_wconf 78' lang='lat' dir='ltr'><strong>quod</strong></span> 
     </span>
    </p>
   </div>
   <div class='ocr_carea' id='block_1_131' title="bbox 2231 5793 3646 5876">
    <p class='ocr_par' dir='ltr' id='par_1_131' title="bbox 2231 5793 3646 5876">
     <span class='ocr_line' id='line_1_133' title="bbox 2231 5793 3646 5876; baseline 0.001 -24"><span class='ocrx_word' id='word_1_922' title='bbox 2231 5793 2464 5867; x_wconf 54' lang='lat' dir='ltr'><strong>medico</strong></span> <span class='ocrx_word' id='word_1_923' title='bbox 2492 5797 2654 5852; x_wconf 80' lang='lat' dir='ltr'><strong>vobis.</strong></span> <span class='ocrx_word' id='word_1_924' title='bbox 2688 5793 2890 5876; x_wconf 86' lang='lat' dir='ltr'><strong>Verum</strong></span> <span class='ocrx_word' id='word_1_925' title='bbox 2917 5810 3106 5853; x_wconf 84' lang='lat' dir='ltr'><strong>omnes</strong></span> <span class='ocrx_word' id='word_1_926' title='bbox 3143 5811 3275 5852; x_wconf 86' lang='lat' dir='ltr'><strong>mss.</strong></span> <span class='ocrx_word' id='word_1_927' title='bbox 3303 5807 3360 5851; x_wconf 93' lang='lat' dir='ltr'><strong>ut</strong></span> <span class='ocrx_word' id='word_1_928' title='bbox 3391 5799 3443 5853; x_wconf 94' lang='lat' dir='ltr'><strong>in</strong></span> <span class='ocrx_word' id='word_1_929' title='bbox 3479 5806 3646 5854; x_wconf 79' lang='lat' dir='ltr'><strong>testu.</strong></span> 
     </span>
    </p>
   </div>
  </div>
