4162 6468
507 422 613 480 585

1721 423 2064 484 APOLOGIA
2102 425 2240 484 PRO
2277 426 2601 489 ORIGENE.

3677 438 3782 493 586

504 551 642 598 slus.
696 539 789 596 Sic
832 541 978 596 enim
1025 540 1156 596 dicit
1193 541 1484 610 Apostolus
1507 580 1521 608 ,
1569 543 1694 612 quia
1743 543 2088 614 Evangelium
2119 555 2166 612 Α
2195 547 2511 616 fatigatione
2538 587 2553 613 ,
2591 555 2646 602 et
2681 546 2811 606 solis
2843 548 3036 606 ardore
3070 547 3237 603 nimio
3283 547 3612 618 elementum
3646 570 3776 609 cor-

502 636 642 705 quod
666 634 1019 702 euangelizavi
1051 636 1217 697 vobis,
1258 652 1361 688 non
1391 645 1470 690 est
1493 638 1784 690 secundum
1802 639 2086 706 hominem,

504 727 596 780 sed
621 726 916 780 secundmu
932 723 1115 779 Jesum
1128 725 1422 780 Christum.
1435 727 1914 799 Evidenter(90—9l
1927 732 1944 799 )
1959 744 2089 801 ergo

503 814 739 869 ostendit
775 813 905 881 quia
933 813 1185 868 Christus
1219 813 1376 870 Jesus
1412 832 1518 870 non
1549 828 1634 872 est
1675 819 1875 876 homo:
1907 821 1951 876 si
1990 837 2088 876 au-

503 916 612 961 tem
646 923 750 960 non
782 915 866 961 est
906 908 1070 961 homo
1093 948 1108 972 ,
1145 908 1261 962 sine
1297 909 1463 964 dubio
1503 911 1648 966 Deus
1684 923 1803 980 est;
1842 915 1949 970 imo
1979 931 2086 970 non

502 997 647 1051 aliud
683 999 809 1063 erit,
845 998 949 1052 nisi
986 998 1127 1053 Deus
1155 1009 1210 1053 et
1251 1001 1434 1057 homo.
1477 1002 1543 1058 Et
1577 1004 1772 1059 iterum
1819 1007 1866 1061 si
1898 1023 2085 1063 verum

500 1099 584 1144 est
617 1091 762 1160 quod
792 1092 924 1147 dicit
958 1092 1163 1147 Paulus
1191 1135 1204 1159 ,
1241 1094 1368 1162 quia
1404 1111 1508 1149 non
1543 1097 1606 1150 ab
1635 1097 1844 1154 homine
1876 1103 2084 1171 accepit

501 1184 879 1254 Evangelium,
915 1186 1004 1238 sed
1035 1201 1126 1252 per
1159 1185 1528 1241 reuelationem
1555 1187 1688 1242 Jesu
1713 1189 1936 1256 Christi,
1969 1209 2085 1248 cer-

501 1284 618 1328 tmn
648 1285 728 1330 est
757 1275 883 1344 quia
907 1273 1066 1329 Jesus
1096 1275 1348 1330 Christus
1381 1278 1474 1346 qui
1504 1280 1785 1344 revelavit,
1822 1282 1932 1352 (92)
1965 1284 2086 1352 plus

498 1380 662 1435 quam
685 1367 851 1420 homo
884 1375 986 1422 est.
1013 1367 1263 1420 Alienum
1300 1369 1444 1422 enim
1473 1380 1556 1422 est
1581 1371 1650 1424 ab
1686 1372 1904 1427 homine
1934 1390 2086 1430 reve-

500 1459 615 1513 lare
654 1473 774 1526 quae
823 1458 876 1511 iu
924 1458 1140 1512 occulto
1185 1467 1334 1526 sunt,
1375 1469 1430 1513 et
1475 1461 1654 1516 velata
1713 1474 1888 1518 sunt:
1938 1466 2082 1535 quod

497 1556 659 1609 etiam
703 1553 746 1608 si
791 1553 1082 1621 aliquando
1118 1568 1214 1622 per
1255 1554 1527 1608 hominem
1574 1555 1703 1621 ﬁat,
1745 1573 1852 1612 non
1901 1568 2080 1615 tamen

496 1647 566 1698 ah
599 1646 813 1698 homine
850 1645 934 1711 lit,
981 1644 1077 1700 sed
1125 1645 1193 1700 ab
1225 1659 1290 1700 eo
1323 1646 1413 1714 qui
1468 1645 1524 1700 in
1573 1646 1792 1703 homine
1839 1648 2083 1720 loquitur

495 1737 764 1791 Christus.
793 1756 812 1788 ι

566 1831 892 1887 PAMPHILUS.
937 1831 1175 1900 Tempus
1207 1841 1292 1887 est
1339 1833 1427 1890 his
1474 1833 1549 1888 ita
1585 1835 1865 1890 evidenter
1897 1844 2078 1892 osten-

2193 640 2344 708 porei
2393 639 2636 695 humoris
2679 639 3075 709 absumptum?
3125 639 3275 707 Quod
3311 657 3444 698 vero
3490 643 3545 699 in
3588 647 3779 701 melio-

2191 731 2344 786 ribus
2373 743 2689 802 occupatus,
2725 731 2826 786 hoc
2864 735 3005 802 quod
3045 733 3230 790 bibere
3267 735 3512 790 voluerat
3535 736 3774 802 distulit.

2190 836 2291 877 nec
2325 823 2478 890 bibit,
2513 840 2617 877 non
2649 834 2947 894 propterea
2989 825 3284 880 dicendum
3318 834 3402 880 est
3437 826 3564 896 quia
3598 843 3776 898 neque

2189 927 2382 982 passus
2412 923 2495 968 est
2529 915 2704 969 sitim.
2753 914 2860 969 Sed
2895 924 2950 970 et
2985 915 3116 968 illud
3146 916 3289 985 quod
3326 915 3645 986 frequenter
3676 934 3776 988 per

2189 1020 2379 1060 cantas
2412 1017 2658 1074 vocatur,
2689 1017 2744 1061 et
2773 1007 2827 1061 in
2865 1019 3159 1078 conspectu
3187 1010 3429 1064 omnium
3458 1011 3770 1077 manducat,

2187 1105 2243 1152 et
2273 1097 2427 1162 bibit,
2461 1114 2565 1158 non
2595 1101 2874 1169 decipiens
2895 1099 3010 1171 (97)
3043 1100 3124 1155 vel
3147 1100 3340 1157 fallens
3359 1102 3548 1158 oculos
3574 1103 3770 1162 viden-

2190 1189 2322 1244 tium
2349 1189 2500 1255 facit,
2541 1206 2717 1261 neque
2753 1192 3018 1261 putative,
3058 1203 3116 1247 ut
3147 1193 3365 1262 quidam
3406 1195 3769 1260 arbitrantur,

2189 1280 2304 1335 haec
2333 1281 2494 1350 gerit,
2525 1283 2760 1340 maxime
2801 1297 2924 1338 cum
2955 1282 3028 1336 ita
3072 1293 3316 1338 sumeret
3349 1284 3530 1344 cibum
3571 1299 3634 1339 ac
3668 1300 3770 1354 po-

2187 1381 2325 1432 tum.
2387 1380 2446 1424 ut
2491 1387 2520 1424 a
2576 1371 2896 1440 quibusdam
2939 1372 3102 1427 etiam
3153 1374 3309 1442 quasi
3363 1389 3460 1444 pro
3509 1390 3770 1444 praesum-

2181 1463 2370 1530 ptione
2420 1463 2584 1516 nimia
2630 1463 2982 1534 culparetur,
3035 1465 3183 1521 velut
3233 1465 3412 1520 cibum
3469 1482 3533 1526 ac
3578 1477 3764 1538 potum

2185 1557 2508 1625 propensius
2536 1567 2820 1625 appetens.
2864 1557 2922 1612 Si
2954 1567 3134 1613 autem
3164 1560 3290 1628 quis
3321 1559 3609 1624 violentius
3637 1561 3767 1628 velit

2185 1661 2431 1703 asserere
2466 1648 2590 1703 ideo
2631 1648 2748 1704 hac
2782 1649 2927 1705 dicta
2958 1665 3098 1714 esse,
3131 1651 3258 1720 quia
3293 1667 3389 1721 per
3421 1652 3764 1721 phantasiam

2185 1740 2572 1804 manducabat,
2622 1749 2678 1795 et
2732 1740 2806 1795 illi
2857 1741 3126 1810 quomodo
3162 1741 3278 1798 luce
3313 1743 3506 1798 ﬁerent
3556 1744 3770 1799 nescie-

2185 1829 2336 1896 bant,
2376 1831 2814 1900 respondendum
2862 1841 2949 1888 est
2989 1832 3057 1888 ad
3108 1847 3172 1887 ea
3227 1850 3295 1890 ex
3349 1835 3433 1889 his
3477 1851 3618 1908 quae
3651 1837 3766 1908 ipse

496 1924 592 1986 sis,
625 1939 723 1978 nos
752 1925 914 1980 etiam
947 1923 1012 1985 ad
1048 1925 1388 1994 insequentis
1419 1927 1826 1982 criminationis
1857 1929 2076 1983 tendere
2109 1897 2152 1960 Β
2185 1921 2447 1980 Dominus
2477 1922 2618 1976 dixit
2650 1940 2662 1975 :
2709 1920 2858 1982 Venit
2885 1921 3124 1984 Joannes
3151 1923 3392 1995 Baptista
3421 1897 3583 1995 neque
3612 1897 3764 1984 man-

496 2013 889 2080 defensionem,
943 2014 1230 2071 brevitatis
1271 2017 1450 2070 studio
1484 2033 1782 2086 paucorum
1830 2020 2078 2074 testimo-

494 2109 708 2164 niorum
755 2107 1076 2177 probatione
1108 2105 1220 2178 (93)
1260 2117 1573 2164 contentos.

705 2255 992 2296 BESPONSIO
1028 2257 1096 2295 AD
1128 2257 1381 2304 QUARTAII
1413 2259 1860 2299 CBIIINATIONEI.

491 2333 782 2388 Adversum
828 2351 914 2388 eos
968 2337 1060 2401 qui
1101 2337 1281 2388 dicunt
1333 2353 1452 2390 eum
1503 2353 1598 2402 per
1633 2337 1916 2404 allegorias
1943 2339 2079 2402 Fadi-

563 2420 700 2526 rere
717 2405 904 2530 ’omnia
943 2420 1061 2472 qua’
1089 2424 1120 2460 ο
1143 2404 1416 2462 Saluatore
1458 2409 1652 2476 scripta
1682 2419 1801 2478 sunt
1828 2425 2076 2478 corpora-

586 2483 684 2526 tter
741 2487 875 2528 acta.

561 2564 850 2624 ORIGENES.
903 2564 1014 2636 (9i)
1071 2565 1533 2637 «Adjungendum
1582 2576 1666 2624 est
1725 2569 1888 2622 etiam
1943 2569 2074 2625 illud

489 2654 574 2710 his
619 2671 737 2724 qua:
785 2671 948 2726 supra
1001 2657 1260 2722 diximus,
1311 2659 1570 2726 quoniam
1627 2674 1822 2728 corpus
1871 2660 2072 2717 Christi

490 2761 594 2800 non
639 2757 759 2802 erat
803 2747 1040 2801 alienum
1088 2763 1117 2801 a
1169 2757 1384 2802 terrena
1426 2750 1729 2806 substantia
1771 2753 2070 2806 secundum

487 2839 590 2893 hoc
633 2839 776 2907 quod
817 2839 959 2894 lilius
995 2848 1080 2894 est
1113 2839 1308 2907 David,
1347 2849 1402 2896 et
1435 2841 1576 2896 ﬁlius
1601 2843 1898 2907 Abraham,
1930 2845 2074 2900 sicut

486 2930 677 2986 scribit
719 2929 1005 2986 Matthtens
1042 2948 1057 2984 :
1098 2930 1254 2986 Liber
1292 2935 1649 3001 generationis
1688 2933 1820 2988 Iesu
1849 2933 2069 3004 Christi,

482 3021 585 3090 ﬁlii
612 3019 786 3075 David
808 3063 822 3089 ,
860 3022 1264 3093 ﬁlii_Abraliam
1287 3023 1334 3055 "’
1367 3041 1378 3077 :
1413 3033 1470 3078 et
1499 3025 1641 3078 sicut
1667 3023 1872 3080 Paulus
1915 3027 2066 3092 dicit,

483 3113 758 3169 Christum
787 3129 907 3169 esse
942 3131 1008 3170 ex
1050 3116 1257 3170 semine
1299 3116 1530 3170 Abrahm
1567 3116 1635 3148 τ’*
1683 3127 1738 3172 et
1764 3133 1828 3172 ex
1864 3121 2070 3193 semine

2179 2017 2405 2078 ducans,
2438 2031 2602 2084 neque
2644 2015 2842 2078 bibens,
2871 2023 2922 2068 et
2962 2015 3143 2069 dicunt
3177 2031 3206 2080 :_
3227 2016 3556 2076 Dwmonium
3585 2017 3760 2088 habet.

2189 2104 2342 2160 Venit
2371 2103 2548 2161 Filius
2593 2107 2820 2164 hominis
2863 2107 3190 2162 manducans
3223 2117 3273 2162 et
3315 2110 3528 2176 bibens,
3581 2123 3632 2165 et
3680 2113 3763 2172 di-

2179 2207 2344 2252 cunt:
2375 2196 2512 2252 Ecce
2531 2199 2685 2252 homo
2719 2201 3003 2256 devorator
3027 2209 3073 2253 et
3098 2200 3272 2254 vinum
3305 2201 3480 2256 bibens
3509 2202 3604 2257 ⁸³⁸.
3637 2202 3761 2276 Ipso

2175 2289 2322 2344 enim
2372 2287 2656 2350 Salvatnre
2710 2291 2921 2346 dicente
2969 2290 3096 2360 quia
3146 2291 3281 2352 venit
3321 2290 3495 2348 Filius
3534 2293 3760 2356 hominis

2177 2377 2506 2444 manducans
2554 2389 2603 2432 et
2652 2379 2853 2455 bibens,
2905 2379 3182 2448 quomodo
3227 2395 3396 2437 ausus
3437 2395 3520 2438 est
3561 2384 3761 2454 aliquis

2178 2472 2385 2534 dicere.
2447 2485 2623 2540 neque
2675 2473 3032 2529 manducasse
3084 2487 3231 2538 eum,
3291 2491 3469 2545 neque
3514 2476 3760 2533 bibisse?

2176 2562 2309 2629 Qua:
2361 2563 2550 2632 utique
2601 2563 2892 2618 manifesta
2946 2565 3304 2622 incredulitas
3357 2577 3443 2628 est
3495 2568 3762 2636 doctrinm

2175 2655 2314 2721 ejus.
2351 2653 2409 2709 Si
2431 2663 2615 2710 autem
2645 2655 3028 2720 manducabat,
3064 2665 3119 2712 et
3148 2657 3390 2723 bibebat,
3422 2669 3477 2713 et
3499 2666 3760 2715 substan-

2175 2746 2251 2799 tia
2287 2744 2396 2799 vini
2429 2754 2592 2814 atque
2630 2761 2770 2802 esca:
2815 2745 2927 2818 (98)
2966 2748 3018 2802 in
3065 2762 3288 2802 carnem
3335 2749 3454 2819 ejus
3493 2750 3763 2816 elliciehap

2178 2842 2287 2900 tur,
2331 2836 2449 2890 sine
2495 2836 2659 2895 dubio
2700 2852 2796 2906 per
2822 2852 3014 2893 omnes
3044 2839 3290 2908 corporis
3323 2839 3438 2907 ejus
3467 2856 3760 2914 compages

2174 2939 2240 2980 ac
2281 2925 2651 2984 membrorum
2700 2928 3080 2996 perplexiones
3111 2929 3536 3000 diliuntlebatur.
3581 2933 3756 3004 Spiri-

2175 3015 2337 3071 talem
2371 3017 2515 3072 enim
2555 3027 2808 3076 naturam
2848 3017 3011 3088 (sicut
3040 3021 3260 3089 quidam
3287 3023 3355 3077 de
3379 3023 3497 3090 ejus
3522 3040 3756 3097 corpore

2173 3107 2435 3172 sentiunt,
2477 3108 2620 3178 quod
2669 3109 2922 3176 imperite
2972 3112 3103 3171 satis
3152 3119 3206 3172 et
3249 3111 3483 3170 absurde
3530 3113 3755 3185 faciunt)

483 3204 652 3260 David
675 3207 719 3237 3°
751 3207 1043 3260 secundum
1077 3224 1320 3262 carnem.
1359 3207 1512 3275 Quod
1557 3223 1688 3279 ergo
1727 3210 1929 3264 dictum
1961 3220 2066 3277 est,
2096 3249 2138 3310 c
2176 3197 2511 3267 ῖωρθεδὶωίθ
2557 3207 2640 3254 εει
2683 3200 2792 3254 Vini
2830 3210 2995 3270 atque
3033 3215 3172 3260 esea:
3213 3204 3456 3273 recipere
3501 3205 3758 3268 substan-

560 3298 572 3310 ο
680 3298 779 3310 ιΛυὶ
1141 3299 1171 3310 ,o
1373 3302 1382 3310 .
1493 3301 1504 3310 .
1559 3309 1563 3310 ,
1652 3302 1683 3310 ι.
1724 3304 1734 3310 .
1866 3302 1877 3310 .
1919 3301 1931 3310 .
2017 3303 2046 3310 .-
2180 3289 2303 3310 ιξΑ...
2377 3288 2487 3310 Inn\
2529 3289 2583 3310 βε
2629 3305 2750 3310 -.--..-
2808 3291 2918 3310 _.,!_
2985 3293 3030 3310 3,,
3061 3292 3143 3310 υ
3186 3309 3231 3310 κγ
3314 3295 3324 3310 I
3362 3309 3397 3310 ,,
3530 3309 3533 3310 ,
3743 3298 3755 3310 ι

482 3298 635 3368 quia,
674 3298 785 3369 (95)
821 3299 1197 3353 consummatis
1242 3301 1602 3370 quadraginta
1629 3302 1811 3356 diebus
1847 3301 2066 3370 jejunii,

479 3397 528 3442 et
554 3389 910 3460 quadraginta
947 3390 1215 3456 noctibus,
1257 3398 1441 3458 postea
1481 3390 1662 3441 esuriit
1687 3388 1778 3456 8",
1817 3389 1934 3444 sine
1963 3389 2066 3441 du-

480 3479 570 3534 bio
600 3480 702 3536 hoc
733 3481 970 3546 iudicat,
1021 3483 1164 3552 quod
1222 3481 1476 3536 evacuari
1520 3490 1577 3534 et
1620 3479 1854 3549 repleri,
1913 3481 2066 3536 simi-

481 3566 608 3623 liter
641 3578 696 3622 ut
726 3580 912 3624 nostra
942 3584 1172 3639 corpora
1217 3571 1411 3634 solent,
1446 3570 1611 3624 etiam
1656 3570 1802 3624 illius
1852 3579 2063 3640 poterat

480 3675 702 3730 corpus.
739 3660 794 3715 Si
830 3676 959 3715 vero
998 3663 1119 3729 quis
1163 3660 1381 3732 objiciat
1422 3661 1579 3714 nobis
1611 3661 1772 3730 hujus
1816 3660 2064 3716 miraculi

480 3753 744 3807 rationem
770 3753 834 3807 de
854 3753 1212 3823 quadraginta
1239 3753 1452 3806 dierum
1475 3750 1712 3820 jejunio;
1745 3752 1903 3808 facile
1926 3753 2060 3808 solvi

477 3855 676 3917 potest.
721 3861 843 3900 cum
893 3845 1177 3899 adhibetur
1226 3845 1389 3900 etiam
1447 3845 1577 3899 illud
1622 3845 1932 3913 exemplum
1994 3847 2062 3900 de

477 3937 659 4008 Moyse
689 3938 757 3996 ⁸⁸.
793 3949 846 3992 et
880 3938 988 3992 Elia
1021 3938 1114 4002 δι’,
1141 3937 1230 4006 qui
1279 3937 1534 3990 similiter
1584 3936 1878 4002 pertuliSse
1920 3936 2062 4006 jeju-

477 4049 624 4088 ntttm
653 4030 981 4086 referuntur.
1016 4031 1123 4084 Sed
1156 4039 1210 4084 et
1251 4028 1402 4092 illttd,
1441 4027 1554 4097 (96)
1589 4029 1733 4096 qum]
1765 4028 1978 4082 itineris
2007 4037 2062 4082 et

475 4135 638 4179 aestus
677 4123 866 4178 labore
901 4121 1157 4192 fatigatus
1187 4121 1379 4174 sedens
1423 4133 1589 4188 super
1621 4126 1838 4188 puteum
1877 4118 2060 4186 requi-

474 4217 630 4278 escit,
665 4226 720 4269 et
752 4215 956 4279 sitit“,
997 4213 1126 4282 quid
1161 4213 1306 4266 aliud
1345 4212 1572 4274 indicat,
1617 4209 1720 4262 nisi
1760 4224 2054 4263 nervorum

2179 3289 2328 3342 tiam.
2371 3288 2489 3361 (99)
2528 3289 2584 3346 Si
2629 3305 2758 3346 vero
2800 3291 2924 3359 quis
2983 3292 3235 3362 indignas
3276 3295 3653 3364 obscenasque
3688 3298 3756 3350 ad

2173 3382 2292 3436 haec
2329 3380 2572 3451 proferat
2623 3381 3028 3455 inquisitiones,
3052 3383 3336 3452 requirens
3383 3384 3428 3438 si
3475 3385 3639 3444 etiam
3677 3385 3760 3452 di-

2174 3474 2456 3544 gestiones
2489 3475 2544 3527 in
2566 3489 2800 3544 corpore
2830 3473 3054 3541 ﬂebant,
3080 3474 3525 3548 nihilabsurdum
3546 3476 3758 3531 videtur

2171 3565 2332 3622 fateri
2373 3569 2673 3623 secundum
2706 3567 3158 3636 consequentiam
3190 3577 3398 3632 natura:
3450 3583 3752 3638 corporeae.

2172 3657 2230 3714 Si
2273 3674 2404 3714 vero
2437 3661 2599 3715 etiam
2629 3660 2896 3729 exemplis
2922 3675 2955 3716 a
2993 3661 3151 3720 nobis
3187 3661 3303 3716 lucc
3327 3661 3553 3731 exigant
3610 3662 3754 3717 aliiv-

2171 3752 2334 3814 mari.
2367 3750 2764 3807 ostendendum
2806 3759 2892 3806 est
2921 3751 3040 3806 illos
3099 3751 3234 3813 satis
3274 3753 3395 3806 haec
3435 3751 3754 3821 insipienter

2170 3841 2466 3909 inquirere.
2513 3839 2618 3896 Ubi
2660 3841 2804 3910 enim
2838 3842 2944 3898 ista
2989 3842 3076 3896 vel
3117 3841 3184 3896 de
3225 3842 3506 3912 apostolis,
3551 3843 3636 3897 vel
3682 3843 3751 3900 de

2168 3935 2383 3990 caneris
2421 3935 2626 3989 sanctis
2658 3933 2800 3990 facta
2827 3948 2950 3992 esse
2983 3933 3317 3999 referuntur,
3350 3933 3434 3990 vel
3473 3936 3638 4002 etiam
3683 3935 3751 3992 de

2169 4026 2348 4094 impiis
2375 4036 2429 4080 et
2462 4026 2866 4096 peccatoribus,
2901 4040 2966 4080 ex
2989 4026 3288 4084 abundanti
3323 4027 3388 4084 de
3425 4042 3489 4086 eo
3519 4028 3752 4096 requiri-

2169 4127 2276 4169 tur.
2324 4117 2429 4171 Sed
2457 4127 2514 4170 et
2539 4117 2982 4172 cirtzumcisionis
3019 4118 3139 4188 ejus
3175 4121 3314 4177 ratio
3348 4119 3502 4183 nobis
3530 4121 3749 4188 quidem

2167 4209 2246 4277 (Ι)
2287 4223 2391 4263 non
2437 4209 2720 4279 generabit
2749 4209 3078 4278 angustiam.
3120 4209 3431 4269 dicentibus
3459 4223 3581 4264 eum
3617 4225 3750 4266 con-

552 4311 597 4343 ⁷⁹
632 4310 817 4364 Matth.
849 4325 888 4372 ι,
921 4311 971 4364 1.
1012 4308 1083 4340 ⁷⁹⁹
1113 4308 1290 4363 Galat.
1326 4323 1406 4372 Ill,
1446 4305 1531 4360 16.
1605 4305 1651 4336 ⁸ο
1685 4305 1842 4361 Rom.
1879 4321 1917 4372 t,
1953 4306 2006 4360 3.
2048 4304 2066 4336 ⁸

2171 4304 2336 4360 dattb.
2364 4321 2438 4373 tv,
2457 4305 2510 4361 2.
2589 4305 2633 4336 ⁸⁸
2655 4305 2823 4360 Exod.
2844 4321 3030 4372 xxxiv,
3061 4305 3151 4360 28.
3219 4305 3369 4359 “'lll
3395 4306 3527 4375 lteg.
3554 4322 3671 4374 nx,
3691 4307 3744 4363 ἲ.

471 4381 520 4412 ⁸¹
549 4380 708 4437 Joan.
737 4395 810 4444 tv,
841 4383 895 4445 6,
927 4380 979 4436 7.
1057 4377 1128 4411 ⁸¹’
1165 4379 1358 4434 Matth.
1383 4394 1461 4442 xu,
1496 4377 1586 4442 48,
1619 4377 1705 4430 l9.

542 4471 947 4556 (9(ξ-9ιχιςνςᾳ.
1004 4473 1246 4556 ῡθεξιλη
1284 4485 1418 4556 mss.
1458 4471 1558 4556 sed
1587 4479 1758 4552 exstat

471 4539 677 4599 Deinde
707 4539 882 4609 editi;
899 4546 1052 4597 homo
1081 4554 1128 4596 et
1165 4543 1322 4596 Deus.
1363 4543 1426 4595 Et
1457 4539 1629 4604 infra,
1665 4542 1794 4605 quia
1843 4557 1946 4595 non
1989 4542 2053 4594 ab

469 4616 677 4668 homine
726 4614 898 4682 accepi
942 4614 1078 4666 illud
1112 4612 1496 4682 Evangelium;
1553 4613 1647 4665 sed
1689 4625 1879 4666 omnes
1923 4627 2053 4666 mss.

471 4694 530 4737 ut
561 4686 612 4737 in
647 4694 832 4736 nostro
869 4694 1042 4737 texui.

543 4754 657 4822 (92)
694 4753 767 4805 lita
811 4768 913 4808 ms.
953 4749 1173 4820 Regius.
1219 4751 1357 4805 Editi
1389 4764 1554 4822 ivero,
1603 4765 1706 4804 non
1752 4758 1828 4822 est
1877 4749 2050 4804 homo.

469 4819 712 4877 Alienum
745 4832 818 4877 est
996 4819 1112 4892 qua:
1150 4825 1197 4878 ei
1250 4821 1451 4875 occulta
1500 4829 1620 4872 sunt
1653 4829 1703 4892 et
1735 4819 1901 4892 velata
1932 4831 2054 4874 sunt

472 4893 773 4964 (blerliuus,
815 4903 863 4946 et
904 4891 1127 4947 revelata
1164 4892 1347 4963 sunt):
1389 4892 1530 4964 quod
1568 4899 1617 4942 et
1659 4891 1706 4940 si
1737 4891 2048 4964 aliquando,

467 4960 576 5018 etc.
631 4964 822 5018 Cauteri
880 4979 1006 5015 mss.
1059 4960 1338 5025 otiiittuut,
1384 4963 1502 5030 plus
1550 4975 1708 5028 quam
1747 4960 1901 5012 homo
1947 4969 2046 5020 est,

466 5034 582 5096 vel,
617 5050 721 5087 non
763 5042 835 5085 est
874 5034 1063 5096 homo,
1096 5043 1151 5086 et
1180 5048 1366 5088 vocem
1397 5032 1570 5097 enim,
1615 5036 1736 5099 post
1782 5030 2048 5084 alienum:

467 5104 674 5169 reliqua
709 5118 839 5156 vero
881 5106 1081 5157 habent
1125 5113 1180 5156 ut
1216 5105 1268 5156 in
1305 5111 1479 5158 textu.

539 5175 652 5243 (95)
689 5174 856 5238 Alias,
887 5184 1176 5227 contentus.

549 5239 648 5311 ’94)
686 5243 762 5296 Ex
795 5243 887 5296 lib.
931 5260 945 5296 l
983 5245 1038 5296 in
1067 5243 1239 5311 Epist.
1267 5242 1334 5302 ad
1370 5239 1611 5296 Galatas.

533 5247 648 5384 (95)
682 5314 854 5375 Alias,
889 5315 1232 5384 consumptis.
1284 5381 1293 5384 _
1340 5381 1348 5384 _

557 5315 648 5382 95)
682 5314 854 5375 Alias,
889 5315 1232 5376 consumptis.

533 5379 646 5455 (96)
675 5384 840 5455 Alias,
869 5383 1007 5451 quod
1037 5383 1237 5455 itineris
1276 5381 1468 5455 labore
1505 5391 1551 5455 et
1582 5390 1715 5455 testu
1742 5379 2037 5455 _[atigatus.

535 5449 647 5524 (97)
681 5454 814 5506 Mss.
848 5449 1030 5524 plures
1073 5454 1355 5524 omittunt,
1393 5452 1468 5524 vel
1491 5451 1708 5521 fallens.
1876 5466 2036 5524 unus,

461 5520 568 5577 non
591 5520 802 5592 fallens.
837 5523 1042 5576 Deinde
1073 5522 1226 5584 editi,
1260 5523 1412 5591 quasi
1438 5520 1532 5589 pro
1560 5523 1856 5589 sumptione
1877 5520 2038 5574 nimia

465 5630 480 5646 .
499 5633 513 5646 .
535 5633 550 5646 .
569 5633 582 5647 .
615 5597 747 5646 velut
787 5595 959 5645 cibum
988 5609 1048 5645 ac
1075 5602 1252 5658 potum
1277 5593 1484 5648 avidius
1514 5609 1575 5644 ac
1604 5593 1908 5659 propensius
1941 5607 2038 5657 ap-

459 5675 635 5730 petens
677 5702 689 5715 .
719 5702 732 5715 .
759 5702 773 5716 .
801 5699 816 5716 .
854 5662 973 5715 velit
998 5659 1257 5730 afﬁrmare
1303 5662 1417 5713 ideo
1441 5662 1550 5714 hwc
1577 5662 1652 5713 ita
1684 5677 1794 5714 esse
1827 5698 1843 5714 .
1866 5699 1880 5714 .
1903 5699 1918 5713 .
1942 5697 1955 5711 .
1988 5669 2037 5712 et

459 5733 542 5785 illi
579 5736 838 5802 quomodo
867 5733 918 5784 id
951 5731 1123 5799 fieret,
1173 5742 1281 5796 etc.
1329 5732 1435 5787 Sed
1476 5745 1666 5786 clunes
1703 5747 1833 5786 mss.
1883 5739 1940 5782 ut
1981 5730 2034 5782 in

460 5815 644 5857 DCSlI‘O
675 5815 842 5857 ιθλιυ.

529 5875 637 5945 (98)
671 5875 868 5927 Omnes
902 5887 1031 5926 mss.
1067 5870 1262 5937 nostri,
1296 5872 1350 5924 in
1391 5887 1549 5927 carne
1592 5871 1744 5940 ejus;
1782 5871 1875 5927 sed
1915 5883 2032 5925 me-

729 5968 1001 6030 PATnOL.
1027 5966 1144 6029 Gn.
1179 5965 1294 6027 XV
1299 5965 1354 6025 ll
1364 6006 1380 6024 .

1004 4473 1246 4544 Deestiin
1284 4485 1414 4544 mss.
1459 4471 1558 4544 sed
1587 4479 1764 4544 exstat
1789 4471 1842 4524 in
1875 4470 2057 4544 editis.
2096 4477 2139 4532 D
2167 4471 2270 4526 lius
2294 4471 2447 4540 editi,
2479 4473 2535 4524 in
2571 4488 2779 4544 carnem
2813 4471 2947 4541 ejus.
2991 4470 3112 4544 Mox
3159 4471 3311 4532 editi,
3357 4481 3412 4526 et
3454 4487 3584 4544 mss.
3613 4472 3746 4544 'plu-

2167 4557 2277 4603 res,
2322 4558 2595 4612 compages
2625 4543 2976 4612 membrorum
3004 4543 3424 4612 diffundebatur.
3457 4542 3586 4596 Mss.
3615 4542 3746 4598 vero

2166 4611 2519 4666 Sorbonicus'
2572 4625 2625 4665 et
2669 4611 2869 4665 Montis
2921 4613 2978 4665 ὃ.
3035 4611 3318 4667 Michaelis
3384 4613 3438 4667 in
3490 4612 3743 4668 Pericula

2161 4683 2327 4736 maris
2376 4692 2436 4735 ut
2469 4683 2520 4733 in
2557 4692 2728 4735 textu.

2230 4754 2346 4822 (99)
2377 4751 2558 4813 Editi,
2599 4750 2656 4805 Si
2703 4767 2824 4805 vero
2871 4753 2989 4821 quis
3027 4753 3312 4820 indignans
3369 4751 3618 4806 obscenas
3668 4755 3738 4807 ad

2156 4819 2286 4884 ha’c.
2327 4819 2430 4875 Sed
2464 4837 2655 4877 omnes
2687 4835 2818 4875 mss.
2851 4819 2906 4874 ut
2933 4827 2984 4874 in
3015 4819 3185 4884 textu.
3220 4823 3421 4875 Deinde
3453 4839 3587 4876 mss.
3618 4839 3741 4890 qm-

2155 4895 2301 4955 dam,
2329 4893 2646 4959 digestiones
2679 4908 2943 4956 corporea:
2987 4891 3200 4959 ﬁebant.
3248 4891 3413 4945 Paulo
3437 4904 3556 4960 post
3578 4895 3735 4956 editi,

2155 4979 2186 5014 (ι
2229 4963 2376 5015 nobis
2419 4961 2515 5014 hoc
2550 4963 2758 5030 exigant
2790 5004 2802 5015 .
2822 5001 2836 5014 .
2861 5000 2874 5014 .
2895 5001 2908 5014 .
2937 4961 3035 5014 Ubi
3059 4967 3197 5014 enim
3231 4963 3331 5014 ista
3362 4964 3424 5014 de
3457 4965 3734 5028 apostolis,

2151 5033 2229 5083 vel
2258 5034 2455 5087 ameris
2489 5036 2706 5084 sanctis.
2749 5032 2872 5084 Mox
2911 5047 3040 5085 mss.
3070 5033 3402 5086 Sorhonicns
3446 5045 3500 5084 et
3539 5037 3598 5087 ὃ.
3626 5031 3732 5086 Mi—

2151 5104 2357 5154 chaells
2399 5103 2450 5154 in
2496 5101 2747 5156 Periculo
2797 5105 2983 5162 utaris,
3028 5105 3105 5155 vel
3156 5105 3315 5155 etiam
3356 5106 3418 5154 de
3463 5103 3635 5168 impiis
3680 5115 3731 5156 et

2147 5172 2525 5236 peccatoribus,
2569 5188 2634 5224 ea:
2666 5174 2958 5224 abundanti
3009 5175 3072 5226 de
3108 5188 3167 5223 eo
3199 5173 3488 5241 requiritur
3513 5170 3608 5238 Iul.
3643 5189 3730 5226 νε-

2145 5241 2470 5312 quiruntur].
2521 5241 2624 5298 Sed
2657 5255 2704 5294 et
2735 5242 3175 5304 circumrisionis,
3221 5239 3330 5296 etc.
3383 5239 3578 5294 Verum
3614 5241 3729 5295 hau:

2143 5311 2332 5372 verba,
2389 5311 2457 5364 ea:
2499 5312 2791 5364 abundanti
2839 5313 2903 5365 de
2953 5329 3012 5365 eo
3059 5313 3366 5381 requiritur.
3422 5313 3505 5365 vel
3555 5314 3730 5379 requi-

2145 5391 2356 5445 runtur,
2397 5396 2497 5439 nec
2533 5383 2585 5434 in
2617 5383 2830 5436 caeteris
2877 5396 3007 5437 mss.
3055 5399 3155 5435 nee
3210 5384 3261 5434 in
3312 5382 3473 5436 editis
3505 5398 3728 5449 cmupa-

2145 5459 2306 5516 rent;
2343 5467 2465 5519 qua:
2517 5461 2695 5504 tamen
2748 5453 3084 5505 restituenda
3129 5455 3400 5506 videntur.
3451 5452 3726 5505 Caeterum

2142 5535 2248 5575 non
2271 5523 2565 5591 reperitur
2592 5523 2679 5574 ubi
2712 5523 2778 5574 de
2818 5521 2901 5574 his
2927 5523 3188 5591 Origenes
3225 5525 3559 5575 tractaverit.

2211 5590 2287 5662 (l)
2320 5591 2482 5655 Editi,
2515 5607 2616 5644 non
2656 5594 2924 5660 generabit
2960 5590 3216 5662 majorem
3249 5595 3573 5661 angustiam.
3621 5591 3727 5647 Sed

2139 5660 2395 5727 majorem
2434 5662 2703 5714 omittitur
2749 5662 2801 5714 in
2832 5660 3085 5716 omnibus
3118 5681 3244 5716 mss.
3289 5660 3514 5715 uestris.
3557 5663 3726 5724 Iulia,

2137 5746 2327 5784 omnes
2361 5747 2491 5784 mss.
2535 5733 2772 5785 habent:
2817 5732 2872 5784 in
2903 5733 3011 5784 alia
3042 5734 3402 5802 disputatione
3436 5735 3731 5801 requirerJ~

2139 5809 2260 5865 tur;
2291 5803 2492 5857 rectius
2526 5816 2654 5859 vero
2684 5802 2838 5868 editi,
2870 5804 3182 5874 requiretur.

3335 5966 3409 6026 19
