4162 6382
509 340 620 401 587

1731 360 1785 413 S.
1828 359 2156 419 PAMPHILI
2198 367 2554 426 MARTYRIS

3661 396 3766 452 588

509 469 802 528 sequenter
834 461 1068 516 humano
1093 479 1320 532 corpore
1347 475 1400 520 et
1430 468 1805 524 εἱι-ςιιιιίεἰευιη
1852 489 1992 537 esse,
2028 494 2046 531 ε

2143 492 2158 540 ι
2188 479 2448 537 inclinare
2481 501 2665 538 aurem
2711 487 2794 542 his
2825 491 2915 557 qui
2942 492 3126 548 dicunt
3171 512 3267 566 per
3296 499 3541 570 Mariam,
3571 519 3624 562 et
3655 526 3761 567 non

511 554 831 619 przeputium
881 554 997 622 ejus
1034 564 1190 609 terra:
1239 560 1572 628 mandatum,
1614 562 1861 619 fortassis
1915 584 2084 637 usque

511 643 576 694 ad
619 652 826 711 tempus
864 659 879 696 :
915 655 1007 699 aut
1055 647 1100 699 si
1147 648 1306 702 aliter
1342 662 1458 714 est,
1493 653 1544 706 in
1579 654 1681 707 alia
1722 657 2082 727 disputatione

509 735 833 802 requiretur.
866 736 989 792 Haec
1015 747 1194 794 tamen
1221 741 1337 809 ejus
1372 745 1716 803 circumcisio
1751 753 1882 806 satis
1913 769 2079 807 coan-

507 827 743 892 gustabit
785 843 877 881 eos
930 830 1020 898 qui
1067 847 1132 885 ex
1185 833 1396 889 diverso
1434 847 1578 890 sunt.
1635 838 1890 908 Spiritale
1934 846 2077 898 enim

501 932 702 986 corpus
731 923 1000 988 quomodo
1030 933 1240 991 poterat
1276 928 1590 984 circumcidi
1639 931 1783 987 l‘erro
1818 938 2078 991 terreno?

505 1006 729 1077 Propter
765 1011 904 1079 quod
946 1028 1049 1066 non
1085 1016 1421 1072 erubuerunt
1465 1022 1683 1088 quidam
1726 1039 1789 1077 ex
1832 1026 1964 1094 ipsis
2010 1028 2076 1082 de

501 1098 763 1165 praeputio
820 1101 1253 1160 circumcisionis
1297 1106 1414 1174 ejus
1462 1111 1624 1164 etiam
1673 1113 1838 1169 libros
1889 1118 2071 1184 edere,

498 1189 696 1257 quibus
729 1194 1014 1247 ostendere
1043 1211 1376 1252 conarentur
1423 1203 1562 1269 quod
1611 1205 1663 1257 in
1714 1207 2069 1264 substantiam

497 1281 718 1334 cesserit
744 1283 1061 1350 spiritalem.
1104 1285 1220 1341 Non
1255 1290 1433 1344 minus
1474 1304 1654 1348 autem
1703 1302 2071 1366 angustabun-

493 1382 583 1425 tur
609 1374 771 1428 etiam
803 1376 874 1429 illi
897 1377 986 1446 qui
1019 1379 1250 1434 animale
1277 1395 1472 1450 corpus
1514 1386 1704 1440 dicunt
1733 1403 1852 1444 esse
1875 1405 2070 1460 corpus

485 1463 715 1518 Christi.
751 1465 857 1520 Sed
890 1469 1038 1522 etde
1076 1471 1337 1539 sanguine
1377 1474 1492 1542 ejus
1534 1485 1588 1528 et
1624 1493 1762 1546 aqua
1791 1494 1912 1547 quae
1942 1496 2068 1550 pro-

491 1557 653 1608 cessit
685 1556 750 1610 de
796 1557 965 1612 latere
1011 1558 1125 1626 ejus
1166 1562 1319 1614 hasta
1360 1578 1682 1633 compuncto
1723 1584 1753 1622 a
1798 1572 1967 1626 milite
1995 1573 2062 1638 ⁸³,

488 1649 675 1700 eadem
705 1649 982 1703 sentienda
1030 1661 1174 1705 sunt.
1218 1652 1324 1708 Sed
1367 1655 1451 1709 his
1481 1659 1570 1726 qui
1607 1660 1787 1714 sciunt
1808 1664 1936 1732 quid
1971 1681 2065 1719 au-

479 1737 641 1791 ‘diant
684 1752 781 1806 per
820 1739 922 1792 hoc
959 1742 1101 1809 quod
1131 1743 1348 1808 dicitur,
1385 1745 1462 1814 (Ξ)
1491 1750 1616 1816 quia
1655 1749 1840 1807 ﬁxum
1878 1755 2056 1809 clavo.

485 1845 605 1882 ruIn
643 1839 799 1884 erant
831 1831 880 1884 in
923 1832 1047 1901 ejus
1074 1849 1298 1903 corpore
1320 1838 1386 1903 ⁸⁸,
1429 1841 1722 1897 manifeste
1753 1845 2057 1902 declaratur
2086 1837 2129 1890 Β

477 1923 610 1990 quia
665 1937 794 1978 caro
831 1934 949 1978 erat
997 1935 1236 1993 terrena,
1287 1929 1338 1984 id
1391 1941 1474 1985 est
1525 1933 1772 1989 humanae
1807 1948 2053 1995 natura:

481 2029 603 2082 quas
641 2016 824 2084 utique
870 2032 975 2072 non
1020 2028 1139 2074 erat
1189 2022 1331 2088 talis,
1375 2032 1434 2076 ut
1468 2025 1894 2094 recipiendorum
1931 2031 2054 2084 vul—

479 2121 671 2162 nerum
749 2111 1149 2179 subterl‘ugeret
1204 2114 1542 2183 qualitatem.
1605 2118 1762 2184 Quod
1833 2122 1876 2175 si
1946 2139 2050 2177 non

471 2194 642 2247 etiam
696 2197 864 2250 multa
919 2197 1168 2254 humanae
1213 2201 1545 2260 inﬁrmitatis
1602 2207 1655 2260 in
1713 2209 1827 2277 ipsa
1877 2223 2051 2268 morte

477 2286 756 2349 sensisset,
809 2302 906 2342 cur
950 2289 1130 2343 anima
1172 2292 1339 2360 ipsius
1369 2297 1718 2362 perturbatur
1746 2299 1813 2366 ⁸⁵,
1853 2311 1906 2356 et
1948 2303 2047 2357 tri-

476 2377 576 2431 stis
618 2388 702 2431 est
749 2394 846 2448 pro
894 2395 956 2435 ea
1003 2396 1174 2450 usque
1221 2383 1288 2437 ad
1330 2397 1559 2442 mortem
1590 2390 1681 2443 “‘l
1710 2390 1838 2457 Quae
1867 2397 2045 2448 omnia

475 2472 758 2527 evidenter
807 2475 1096 2528 ostendunt
1154 2477 1296 2544 quod
1355 2493 1458 2532 non
1519 2480 1675 2549 falso,
1741 2487 1834 2539 sed
1891 2489 2042 2556 quasi

475 2563 637 2618 homo
668 2563 866 2618 dixerit
897 2583 910 2618 :
945 2564 1176 2633 Spiritus
1217 2570 1428 2638 quidem
1469 2585 1736 2641 promptus
1773 2587 1874 2640 est,
1919 2595 2042 2634 caro

473 2665 644 2709 autem
673 2656 884 2724 inﬁrma
907 2657 974 2714 ⁸⁷.
1008 2658 1208 2713 Eadem
1233 2661 1581 2719 nihilominus
1612 2667 1846 2721 ostendit
1877 2671 2042 2724 etiam

473 2749 647 2803 somni
688 2749 846 2813 ratio,
884 2765 1005 2803 cum
1041 2752 1271 2816 dicitur,
1302 2755 1430 2822 quia
1465 2767 1576 2808 erat
1612 2759 1664 2810 in
1699 2760 1855 2826 puppi
1888 2777 2042 2828 super

465 2841 690 2894 cervical
716 2841 1019 2910 dormiens,
1064 2844 1203 2898 sicut
1241 2845 1451 2902 Marcus
1487 2847 1737 2916 referti“,
1766 2860 1821 2904 et
1853 2853 1919 2906 ab
1948 2855 2042 2908 ho-

469 2931 616 2983 mine
635 2931 932 2986 suscitatur
976 2946 1007 2986 e
1048 2946 1262 2988 somno.
1315 2935 1439 2992 Htec
1465 2939 1608 2992 enim
1639 2939 1764 2995 licet
1802 2944 2038 2999 habeant

471 3017 771 3086 spiritalem
815 3021 1168 3087 intellectum,
1205 3034 1384 3080 tamen
1415 3038 1669 3085 manente
1697 3033 1844 3101 prius
1879 3035 2038 3090 histo-

467 3109 562 3164 ria:
608 3111 862 3178 veritate,
905 3113 1067 3167 etiam
1103 3115 1363 3183 spiritalis
1411 3120 1749 3188 recipiendus
1791 3133 1874 3178 est
1913 3140 2038 3180 sen-

2186 588 2250 627 ex
2301 575 2470 630 Maria
2522 579 2598 649 (5)
2640 593 2764 633 eum
2816 597 2937 637 esse
2988 597 3218 642 natum:
3275 594 3419 659 quod
3470 598 3763 665 Apostolus

2187 669 2474 734 pra-asciens
2521 671 2590 724 ita
2633 676 2879 741 praedixit
2908 695 2920 729 :
2958 678 3087 730 Cum
3115 693 3289 736 autem
3325 688 3462 739 venit
3491 691 3759 756 plenitudo

2182 768 2503 826 temporum,
2573 764 2711 818 misit
2764 765 2905 820 Deus
2955 768 3159 825 Filium
3217 791 3370 828 suum
3428 780 3625 846 factum
3693 804 3760 841 ea:

2181 849 2418 912 muliere,
2457 851 2657 916 factum
2697 857 2791 907 sub
2819 856 2948 923 lege,
2991 871 3046 911 ut
3088 878 3176 913 eos
3201 867 3291 932 qui
3326 869 3422 919 sub
3465 870 3576 939 lege
3607 888 3758 931 erant

2180 941 2452 994 redimeret
2477 943 2542 995 ".
2585 943 2740 1001 Vides
2767 949 2890 1016 quia
2943 967 3048 1004 non
3085 956 3241 1021 dixit,
3275 961 3475 1016 factum
3509 979 3607 1033 per
3640 985 3756 1023 mu-

2180 1030 2386 1095 lierem,
2415 1035 2528 1098 sed,
2558 1036 2760 1104 factum
2796 1058 2861 1094 ea:
2892 1045 3129 1100 muliere.
3157 1067 3176 1100 ι

2246 1123 2574 1182 ΡΑιιριιιιυε.
2639 1130 2779 1196 Quid
2857 1143 2962 1188 tam
3021 1140 3300 1196 evidenter
3363 1157 3453 1200 aut
3520 1150 3748 1220 integre,

2173 1231 2334 1284 quam
2365 1233 2428 1271 ex
2461 1220 2540 1273 his
2567 1224 2814 1278 omnibus
2840 1241 2960 1294 quae
2983 1231 3220 1300 scripsit,
3247 1233 3324 1302 (6)
3358 1239 3750 1297 conﬁrmatur?

2172 1305 2534 1362 Conﬁrmatur
2562 1313 2630 1364 ab
2663 1327 2728 1366 eo
2766 1324 2821 1368 et
2863 1315 3264 1375 Dominicorum
3301 1337 3574 1392 gestorum
3603 1335 3745 1387 veri-

2170 1407 2273 1460 tas,
2309 1410 2362 1453 et
2403 1400 2642 1455 historiae
2678 1404 3082 1474 Scripturarum
3117 1413 3268 1467 ﬁdes.
3303 1415 3409 1470 Sed
3446 1434 3746 1491 persequa-

2169 1505 2290 1542 mur
2317 1490 2393 1562 (7)
2430 1507 2834 1563 consequenter
2873 1501 3038 1553 etiam
3085 1502 3211 1566 alia,
3257 1505 3309 1558 in
3353 1508 3549 1574 quibus
3587 1490 3744 1566 accu-

2167 1592 2318 1635 satur
2375 1585 2532 1653 qnasi
2597 1588 2732 1641 duos
2788 1589 3032 1646 Christos
3088 1594 3302 1661 dicens,
3360 1615 3524 1654 unum
3573 1602 3739 1658 Deum

2167 1674 2419 1740 Verbum,
2469 1685 2523 1731 et
2570 1679 2732 1734 alium
2777 1680 2960 1736 Jesum
3001 1684 3278 1742 Christum
3322 1692 3412 1759 qui
3459 1707 3523 1747 ex
3571 1694 3736 1750 Maria

2163 1774 2325 1822 natus
2357 1776 2458 1822 est.
3509 1773 3527 1791 ’

2385 1923 2668 1966 RESPONSIO
2697 1927 2764 1966 AD
2798 1929 3040 1976 QUINTAM
3073 1931 3521 1975 CRIIINATIONEI.

2326 2041 2402 2113 (8)
2445 2043 2597 2108 Quod
2638 2062 2771 2099 unus
2817 2056 2893 2101 est
2946 2047 3188 2105 Christus
3231 2050 3405 2108 Filius
3447 2055 3566 2112 Dei.

2552 2156 2652 2228 (Ex
2681 2157 2857 2227 primo
2881 2160 3023 2214 libro
3053 2164 3118 2215 de
3151 2163 3342 2234 Isaia.)

2225 2288 2516 2343 Omceues.
2554 2288 2633 2361 (9)
2667 2309 2684 2342 ι
2723 2290 2876 2346 Sicut
2920 2294 3050 2348 dicit
3084 2295 3412 2364 Apostolus,
3467 2300 3730 2365 Quoniam

2153 2376 2486 2432 temulatores
2523 2383 2646 2434 estis
2678 2382 2963 2450 spirituum
2994 2384 3061 2437 ".
3092 2386 3244 2440 Sicut
3275 2391 3417 2444 enim
3442 2405 3562 2444 eum
3593 2410 3730 2451 unus

2151 2470 2222 2523 sit
2264 2468 2505 2539 Spiritus
2561 2485 2805 2540 sanctus,
2855 2477 2987 2528 tanti
3045 2493 3142 2546 per
3183 2480 3426 2548 singulos
3474 2483 3730 2541 dicuntur

2149 2561 2372 2629 spiritus
2425 2565 2637 2629 sancti,
2688 2568 2874 2634 quanti
2930 2579 3056 2622 sunt
3100 2569 3152 2622 hi
3198 2573 3288 2636 qui
3331 2573 3533 2629 habent
3566 2576 3618 2630 in
3668 2592 3730 2634 se

2149 2653 2409 2721 Spiritum
2462 2666 2706 2711 sanctum
2760 2676 2774 2712 :
2831 2659 2903 2712 ita
2951 2670 3002 2714 et
3053 2662 3120 2716 de
3158 2663 3376 2720 Christo
3431 2668 3724 2724 dicendum

2147 2755 2249 2799 est.
2290 2746 2372 2799 Ab
2409 2762 2516 2801 uno
2560 2749 2701 2802 enim
2745 2747 2967 2806 Christo
3013 2754 3163 2806 multi
3212 2756 3342 2808 ﬁunt
3381 2757 3595 2821 christi,
3659 2762 3727 2815 de

2145 2837 2341 2906 quibus
2391 2839 2672 2908 Scriptura
2726 2841 2859 2895 dicit
2904 2861 2917 2896 :
2980 2842 3162 2898 Nolite
3219 2856 3429 2915 tangere
3502 2851 3722 2904 christos

2143 2942 2282 2981 meos
2308 2969 2322 2991 ,
2361 2939 2406 2981 et
2445 2931 2498 2982 in
2528 2932 2789 2999 prophetis
2840 2936 2965 2988 meis
3003 2936 3160 2989 nolite
3198 2938 3572 3006 malignari".
3630 2939 3723 2996 Sic

2141 3029 2195 3072 et
2227 3019 2294 3072 ab
2333 3035 2437 3073 uno
2479 3020 2589 3075 Deo
2631 3024 2702 3076 dii
2750 3025 2902 3078 multi
2953 3025 3224 3092 dicuntur,
3280 3044 3467 3084 onmes
3514 3032 3725 3087 scilicet

2142 3111 2195 3164 hi
2226 3112 2276 3164 in
2310 3112 2507 3180 quibus
2545 3113 2754 3166 habitat
2784 3115 2926 3170 Deus
2957 3135 2970 3170 :
3009 3119 3102 3170 sed
3135 3121 3280 3171 nobis
3313 3137 3449 3172 unus
3475 3133 3549 3174 est
3582 3121 3718 3177 Deus

463 3215 575 3255 sus.
621 3201 698 3271 ('5)
747 3201 898 3258 Licet
936 3205 1078 3258 enim
1111 3220 1282 3262 etecos
1312 3223 1526 3278 semper
1559 3223 1711 3267 curet
1739 3217 2032 3270 secundum
2061 3192 2103 3249 θ
2138 3199 2320 3266 Pal":
2353 3219 2417 3255 επ
2449 3219 2550 3272 quo
2588 3207 2764 3258 οηιηία
2805 3207 2875 3260 "-
2912 3207 3059 3262 U'N'S
3089 3224 3216 3277 ergo
3246 3219 3328 3264 θεῖ
3356 3227 3513 3267 verus
3554 3213 3717 3279 θθυδο

463 3292 765 3361 Spiritalem
807 3295 1244 3366 intelligentiam,
1284 3315 1404 3354 cum
1455 3301 1761 3372 ignorantia
1797 3319 2035 3361 excaeca-

463 3393 548 3438 tas
596 3382 861 3438 illuminat
908 3397 1138 3452 mentes,
1195 3399 1373 3446 tamen
1417 3401 1468 3446 et
1503 3394 1858 3462 corporaliter
1908 3406 2034 3452 tunc

457 3487 659 3528 aecum
687 3475 898 3528 sanavit
925 3473 993 3528 ⁸⁸.
1023 3475 1088 3530 Ει
1120 3488 1358 3534 mortuos
1387 3496 1602 3550 semper
1618 3484 1877 3552 suscitat;
1906 3486 2031 3541 fecit

459 3569 637 3614 tamen
695 3571 752 3616 et
808 3572 934 3617 tunc
991 3563 1364 3632 hujuscemodi
1419 3571 1732 3636 mirabilia,
1787 3575 1925 3628 sicut
1978 3586 2032 3629 et

458 3650 626 3705 ﬁliam
664 3653 924 3723 principis
956 3654 1258 3725 Synagogae
1281 3658 1348 3722 ὀ,
1388 3668 1441 3713 et
1482 3660 1649 3715 lilium
1685 3664 1854 3718 vidua:
1877 3666 1946 3731 9‘,
1976 3673 2032 3720 et

455 3740 718 3795 Lazarum
739 3743 785 3776 9'
819 3744 896 3814 (4)
935 3746 1267 3802 suscitando.
1302 3749 1367 3803 Et
1385 3752 1636 3818 quamvis
1669 3767 1882 3821 semper
1905 3771 2028 3808 cum

455 3833 732 3887 excitatur
764 3850 791 3888 a
827 3835 1105 3903 discipulis
1139 3851 1448 3908 compescat
1476 3841 1731 3897 Ecclesiae
1762 3845 2024 3912 turbines,

452 3923 538 3976 vel
569 3924 835 3992 procellas
854 3925 920 3990 ³³,
959 3937 1136 3980 tamen
1163 3937 1370 3983 certum
1400 3941 1480 3986 est
1509 3931 1674 3986 etiam
1712 3942 1837 3987 tunc
1877 3945 2026 4002 gesta

451 4028 574 4068 esse
606 4029 724 4083 qua:
771 4031 868 4086 per
914 4018 1197 4074 historiam
1243 4021 1568 4076 referuntur.
1625 4021 1718 4077 Sic
1757 4038 1887 4092 ergo
1938 4037 2024 4077 sa-

451 4119 580 4158 num
625 4114 708 4160 est
755 4121 970 4162 sensum
999 4108 1293 4178 Scriptura:
1342 4112 1626 4181 recipere;
1672 4128 1770 4168 nec
1808 4123 2022 4184 oportet

1143 4306 1189 4336 ⁸⁸
1213 4304 1368 4360 Joan.
1439 4325 1530 4370 xx,
1563 4310 1632 4363 95
1649 4319 1702 4362 et
1734 4324 1846 4379 seq.

1179 4377 1292 4432 25:
1361 4394 1414 4432 Χ.
1475 4379 1562 4432 52.
1661 4379 1706 4409 ⁹⁰
1743 4379 1846 4432 Lut

555 4303 600 4334 ⁸³
626 4303 781 4358 Joan.
825 4322 936 4366 XIX.
974 4305 1064 4360 '54.

445 4389 525 4435 ιν,
561 4373 650 4428 38.
726 4374 769 4407 ⁸⁸
799 4375 961 4428 Marc.
995 4391 1113 4440 νιιι,
1179 4377 1292 4440 25;
1361 4394 1414 4436 x.

1920 4310 1964 4342 ⁸⁵
1996 4310 2150 4365 Joan.
2180 4329 2276 4376 xu,
2304 4314 2392 4366 ‘27.

1661 4379 1706 4409 ⁹⁰
1741 4379 1880 4446 Luc.
1931 4396 2046 4446 VIII,
2100 4381 2186 4435 55.

2135 3292 2249 3359 qui,
2283 3305 2340 3346 ut
2371 3295 2443 3346 ita
2472 3295 2721 3359 dixerim,
2756 3307 3044 3365 praestatur
3073 3313 3156 3354 est
3201 3303 3441 3368 deitatis,
3488 3314 3540 3358 et
3579 3321 3718 3360 unus

2133 3383 2380 3439 Christus
2424 3386 2535 3456 (l0)
2586 3387 2762 3442 factor
2804 3390 3174 3455 christorum,
3234 3405 3288 3448 et
3348 3411 3487 3449 unus
3543 3396 3717 3466 Spiri-

2136 3484 2220 3529 tus
2269 3487 2490 3530 sanctus
2543 3478 2636 3546 qui
2691 3494 2786 3546 per
2837 3481 3078 3547 singulas
3131 3486 3344 3538 animas
3401 3500 3714 3542 sanetorum

2133 3564 2264 3619 facit
2306 3566 2564 3636 Spiritum
2624 3580 2886 3624 sanctum.
2945 3571 3199 3628 Christus
3239 3591 3370 3630 vero
3422 3578 3563 3632 sicut
3619 3594 3715 3648 per
3783 3651 3790 3656 ι

2133 3656 2236 3712 hoc
2286 3659 2428 3726 quod
2470 3659 2719 3714 Christus
2761 3673 2844 3716 est
2903 3663 3138 3718 christos
3187 3666 3336 3730 facit,
3387 3669 3458 3722 ita
3517 3677 3571 3723 et
3617 3685 3714 3740 per

2134 3747 2235 3801 hoc
2267 3750 2409 3817 quod
2437 3750 2608 3806 Filius
2639 3753 2734 3806 Dei
2780 3765 2881 3819 est,
2921 3765 2977 3810 et
3008 3757 3177 3812 Filius
3207 3762 3463 3828 proprius
3495 3773 3548 3815 et
3585 3766 3710 3817 uui-

2133 3840 2366 3909 genitus,
2407 3856 2598 3896 omnes
2643 3857 2738 3898 eos
2776 3845 2865 3912 qui
2910 3849 3217 3917 percipiunt
3259 3851 3329 3904 ab
3361 3865 3425 3904 eo
3457 3854 3706 3921 spiritum

2133 3932 2458 4000 ad0ptionis,
2491 3930 2630 3986 ﬁlios
2664 3933 2756 3986 Dei
2793 3933 2944 3988 facit.
2979 3955 2995 3986 ι

2198 4020 2520 4077 PAMPHILUS.
2579 4022 2755 4077 Unum
2824 4026 2925 4081 hoc
2980 4029 3346 4083 testimonium
3410 4043 3492 4085 est
3560 4034 3705 4100 quod

2128 4112 2375 4170 Christus
2405 4130 2566 4169 verus
2607 4133 2743 4170 unus
2774 4119 2864 4181 sit,
2893 4119 2981 4186 qui
3016 4121 3424 4190 participatione
3454 4125 3535 4177 sui
3566 4123 3707 4178 Inul-

2470 4315 2517 4346 ⁸⁸
2545 4315 2710 4370 Marc.
2740 4334 2849 4380 XIV,
2885 4320 2973 4377 54.
3049 4321 3092 4356 ⁸⁷
3128 4321 3255 4374 ibid.
3297 4322 3386 4376 58.
3455 4324 3499 4356 ⁸⁸
3532 4327 3696 4383 Marc.

2284 4385 2326 4467 _°‘
2361 4384 2492 4467 Laut?
2512 4403 2635 4467 “vn,
2682 4389 2788 4446 15..
2817 4391 2879 4467 _”
2905 4391 3061 4446 Joan.
3088 4407 3161 4456 XI,
3184 4393 3272 4447 44.
3348 4393 3394 4425 ³³
3418 4393 3585 4450 Marc.
3623 4414 3698 4467 Iv,

447 4444 535 4499 59.
611 4444 659 4475 ⁸⁸
710 4444 884 4498 Galat.
919 4461 991 4509 Iv,
1024 4435 1109 4510 4,.
1137 4446 1190 4501 5.
1262 4435 1308 4478 ³⁷³
1335 4435 1498 4502 lCor.
1528 4435 1638 4515 xlv,
1671 4435 1758 4502 12.
1830 4450 1876 4480 ⁸⁸
1900 4435 2046 4505 Ρεειί

2143 4468 2183 4517 γ,
2229 4452 2316 4507 15.
2361 4435 2434 4484 '3"
2466 4435 2635 4510 t'cb'r’.’
2670 4435 2788 4522 vi};
2812 4460 2862 4512 6.

520 4627 597 4702 (2)
627 4627 770 4702 Mss.
801 4630 1006 4702 nostri,
1041 4632 1164 4700 quia
1207 4631 1412 4702 ﬁgurae,
1435 4633 1721 4698 clavorum,
1753 4646 1880 4702 etc.,
1917 4639 2011 4692 sed
2047 4623 2089 4677 D

445 4700 647 4771 rectius
687 4700 889 4754 habere
922 4701 1172 4755 videntur
1200 4701 1350 4765 editi,
1378 4701 1589 4768 fixum.
1621 4705 1818 4759 Deinde
1859 4700 2009 4771 editi,

443 4770 590 4835 quasi
621 4785 725 4821 non
763 4771 920 4843 etiam
964 4771 1127 4823 multa
1167 4771 1414 4843 humana:
1448 4774 1773 4840 inﬁrmitatis
1803 4777 1854 4829 in
1893 4770 2008 4843 ipsa

440 4847 625 4913 morte
646 4839 909 4913 sensisset,
948 4843 1125 4913 anima
1157 4839 1524 4913 perturbatur,
1573 4852 1676 4896 etc.
1717 4845 1843 4898 Mss.
1888 4839 2009 4913 plu-

441 4921 551 4970 res,
587 4907 748 4972 Quitl,
788 4909 832 4960 si
867 4925 969 4960 non
1007 4911 1164 4987 etiam
1201 4910 1367 4987 multa
1407 4907 2006 4987 [luptanw‘inﬁrmit'atis

440 4978 495 5029 in
552 4979 668 5045 ipsa
720 4987 885 5030 morte
930 4979 1191 5042 sensisset,
1240 4981 1415 5031 anima
1478 4978 1834 5047 perturbatur,
1897 4996 2001 5038 etc.

439 5051 582 5112 quod
629 5062 734 5100 non
785 5048 965 5101 male:
1001 5050 1093 5102 sed
1158 5065 1289 5102 mss.
1337 5049 1667 5104 Sorbonicus
1713 5062 1767 5105 et
1811 5053 2007 5110 Montis

439 5116 499 5168 S.
528 5116 826 5182 Michaelis,
864 5129 919 5170 ut
948 5119 998 5170 in
1037 5129 1204 5172 textu.

508 5186 584 5255 (5)
623 5184 748 5240 Mss.
795 5187 1036 5256 plerique
1062 5203 1350 5258 perperam
1401 5190 1624 5256 habent,
1672 5191 1824 5247 Sicut
1862 5197 2002 5250 enim

435 5270 598 5308 (ἔσβεσε
631 5271 829 5323 semper
858 5267 1029 5320 curat,
1057 5269 1160 5311 εἰς.

504 5324 581 5400 (4)
633 5323 948 5400 Suscitando
1003 5329 1217 5381 additur
1267 5328 1320 5381 in
1363 5330 1599 5385 editione
1641 5331 1998 5400 Genebrartli,

433 5396 524 5448 sed
554 5394 825 5448 omittitur
858 5397 910 5448 in
935 5400 1187 5452 omnibus
1210 5413 1340 5453 mss.
1375 5403 1573 5456 nostris
1605 5411 1660 5457 et
1690 5405 1741 5456 in
1769 5394 2002 5461 editione

432 5465 663 5517 Merlini.

503 5535 578 5603 (5)
629 5533 797 5614 alias,
837 5550 953 5614 eum
979 5549 1177 5606 natum,
1228 5539 1429 5595 omisso
1463 5557 1574 5595 esse
1604 5558 1622 5594 :
1658 5543 1819 5611 paulo
1850 5555 1994 5614 post,

423 5605 698 5671 plenitudo
733 5606 997 5672 temporis.

501 5673 575 5742 ιϐ)
613 5672 744 5729 Mss.
781 5683 834 5726 et
861 5676 992 5728 editi
1025 5677 1189 5731 semel
1218 5682 1590 5734 tantummodo
1626 5681 1830 5739 habent
1871 5699 1994 5740 ver-

425 5742 554 5798 bum
582 5746 928 5813 conﬁrmatur
958 5759 977 5797 :
1006 5748 1100 5801 sed
1136 5749 1486 5816 repetendum
1513 5755 1747 5807 videtur.

2186 4642 2262 4711 (7)
2302 4643 2468 4708 Editi,
2506 4657 2878 4720 consequenter
2915 4650 3076 4700 etiam
3128 4650 3354 4716 reliqua,
3399 4650 3453 4703 in
3501 4654 3693 4720 quibus

2113 4726 2393 4784 qccusatur
2441 4719 2593 4780 quasi
2637 4718 2770 4769 duos
2817 4717 3048 4770 Christos
3113 4720 3339 4784 dixerit,
3386 4717 3547 4774 unum
3599 4724 3694 4777 Dei

2127 4779 2386 4845 Verbum,
2442 4779 2550 4841 etc.
2605 4786 2738 4841 Mss.
2801 4788 3133 4841 Sorbonicus
3186 4801 3236 4842 et
3282 4779 3339 4843 εξ
3388 4790 3686 4857 Michaelis,

2112 4866 2483 4925 consequenter
2534 4857 2695 4907 etiam
2755 4859 2979 4925 aliqua,
3046 4859 3102 4910 in
3155 4861 3346 4925 quibus
3404 4873 3686 4914 accusatur

2112 4921 2370 4992 agit-mare
2415 4927 2566 4992 quasi
2608 4927 2738 4977 duos
2777 4921 3016 4980 Cliristos
3061 4921 3241 4982 dicens
3273 4943 3288 4979 :
3325 4946 3485 4983 unum
3525 4931 3692 4984 Deum

2119 4989 2366 5056 Verbum,
2401 4989 2506 5048 etc.
2535 4995 2730 5048 Cmteri
2763 5012 2890 5049 vero
2923 5013 3050 5052 mss.
3089 5008 3147 5050 ut
3179 5000 3230 5050 in
3271 5009 3442 5051 textu.

2181 5060 2253 5130 (8)
2285 5061 2376 5116 Sic
2425 5078 2613 5132 omnes
2663 5081 2791 5120 mss.
2847 5067 2985 5120 Editi
3024 5082 3187 5128 vero,
3242 5069 3394 5132 Quod
3441 5085 3575 5123 unus
3623 5071 3691 5125 sit

2108 5127 2374 5204 Christus.
2413 5131 2498 5204 Ea:
2533 5133 2668 5184 libro
2692 5136 2864 5204 primo
2903 5153 3061 5204 super
3084 5127 3308 5189 Isaiam.

2178 5200 2254 5271 (9)
2321 5201 2395 5254 Ex
2449 5203 2541 5271 lib.
2592 5219 2608 5256 I
2668 5205 2723 5255 in
2772 5200 2996 5258 Isaiam.
3029 5237 3096 5247 ——-
3132 5210 3331 5262 Omnes
3355 5225 3484 5262 mss.
3519 5210 3688 5263 nostri

2111 5270 2404 5344 omittunt,
2440 5270 2608 5344 iSicut
2657 5274 2781 5326 dicit
2827 5276 3135 5344 Apostolus,
3198 5278 3460 5340 Quoniam
3522 5295 3687 5332 temu-

2111 5339 2304 5393 latores
2351 5343 2476 5394 estis
2517 5342 2795 5408 spirituum
2831 5339 2977 5399 :'sed
3019 5347 3135 5401 haec
3162 5339 3378 5400 esstant
3415 5350 3464 5400 in
3501 5351 3682 5410 editis,

2109 5409 2200 5478 qui
2252 5425 2381 5482 mox
2422 5411 2680 5465 omittunt
2732 5414 2916 5482 enim,
2966 5418 3109 5482 quod
3163 5421 3453 5470 restituunt
3497 5409 3686 5470 attines

2111 5493 2239 5552 mss.
2293 5479 2452 5534 Solus
2500 5483 2666 5552 codex
2721 5479 3052 5540 Sorhouieus
3106 5488 3294 5549 habet,
3333 5486 3481 5540 Sicut
3518 5491 3679 5552 enim,

2107 5550 2224 5625 licet
2259 5565 2393 5602 unus
2437 5553 2504 5603 sit
2547 5550 2778 5619 Spiritus
2817 5565 3054 5622 sanctus,
3085 5559 3217 5609 tanti
3247 5568 3420 5609 tamen
3449 5573 3540 5625 per
3568 5550 3680 5610 sine

2105 5620 2417 5704 9uieasr-
2472 5690 2509 5704 ..
2588 5693 2598 5701 .
2776 5695 2793 5704 -
3098 5698 3107 5704 -
3168 5697 3176 5704 .
3578 5703 3584 5704 ε
3662 5694 3673 5704 -

2176 5690 2287 5758 (10)
2327 5691 2422 5744 Ms.
2472 5690 2706 5763 Regius,
2765 5695 2940 5763 [actor
2982 5696 3422 5754 Christianorum.
3478 5694 3676 5750 Castori

2105 5773 2234 5813 mss.
2268 5771 2321 5816 et
2352 5763 2482 5818 editi
2514 5774 2571 5818 ut
2607 5764 2659 5818 in
2692 5775 2861 5820 textu.
