4162 6434
431 387 538 446 s39

1645 391 1990 450 APOLOGIA
2027 395 2164 452 ι)Ηο
2206 373 2528 458 ORIGENE.

3599 411 3705 468 590

433 515 516 562 tos
545 505 660 578 (ll)
690 505 822 560 facit
853 506 1106 563 christos.
1151 509 1519 564 Adhibeamus
1561 517 1738 564 tamen
1785 521 1839 566 et
1868 511 2012 566 aliud
2045 519 2090 578 Α
2121 515 2174 570 in
2199 517 2304 572 fine
2325 519 2542 588 quidem
2561 521 2883 578 saeculorum
2901 523 3064 578 homo
3077 520 3346 582 factusest
3367 525 3524 584 Jes'us
3539 529 3704 589 Chri-

429 613 494 653 ex
521 599 698 669 primo
739 598 880 652 libro
923 599 990 653 de
1025 599 1316 671 Evangelio
1349 602 1646 658 secundum
1677 602 2010 668 Matthaium,

431 692 482 746 in
515 706 622 760 quo
657 691 760 744 hoc
791 691 951 744 modo
986 692 1154 745 dicit:

499 783 790 839 Ontcenes.
821 783 932 853 (12)
975 802 993 833 ι
1031 783 1086 838 Si
1121 784 1370 841 Christus
1391 784 1567 853 Jesus,
1599 805 1716 842 cum
1751 795 1804 842 in
1841 791 2014 860 forma

427 886 556 932 esset
591 875 712 940 Dei,
749 891 852 930 non
885 879 1128 944 rapinam
1167 879 1457 932 arbitratus
1495 888 1573 933 est
1617 897 1727 934 esse
1759 899 1813 934 se
1839 899 2014 950 taqua-

427 969 526 1024 lem
565 967 706 1031 Deo,
754 967 844 1020 sed
889 967 1223 1035 semetipsum
1267 971 1559 1025 exinanivit
1607 971 1832 1041 formam
1878 975 2012 1028 servi

427 1057 708 1127 accipiens,
749 1067 798 1110 et
833 1057 888 1110 in
929 1059 1334 1114 similitudinem
1365 1059 1638 1116 hominum
1672 1062 1880 1130 factus,
1915 1065 2011 1120 Ita-

428 1147 538 1200 bitu
572 1155 806 1214 repertus
841 1156 898 1200 ut
926 1147 1080 1200 homo
1111 1158 1206 1210 est,
1245 1149 1530 1205 humilians
1559 1153 1808 1221 seipsum,
1839 1156 2010 1223 factus

426 1239 668 1292 obediens
696 1254 860 1305 usque
887 1239 954 1291 ad
991 1249 1228 1304 mortem,
1271 1253 1492 1296 mortem
1533 1253 1708 1298 autent
1750 1247 1918 1300 crucis
1940 1247 2008 1314 ⁸⁸,

427 1327 645 1382 dubium
685 1343 790 1381 non
831 1335 914 1382 est
950 1327 1094 1397 quod
1139 1331 1398 1386 nativitas
1442 1331 1560 1402 ejus
1598 1349 1705 1388 non
1747 1345 1834 1390 est
1865 1337 2007 1402 talis,

426 1429 486 1473 ut
527 1419 682 1489 quasi
725 1419 816 1489 qui
856 1429 984 1474 ante
1029 1434 1132 1474 non
1171 1419 1356 1486 fuerit,
1406 1437 1528 1478 esse
1569 1428 1820 1494 coeperit,
1868 1428 2013 1482 sicut

425 1511 492 1566 de
546 1512 832 1566 nativitate
898 1511 1179 1566 hominum
1235 1522 1457 1582 putatur
1507 1533 1520 1569 :
1568 1519 1662 1570 sed
1714 1519 1806 1586 qui
1861 1519 2012 1587 prius

423 1610 564 1664 erat,
591 1609 645 1654 et
674 1610 793 1654 erat
824 1600 876 1653 in
907 1599 1083 1656 forma
1120 1601 1232 1666 Dei,
1266 1601 1377 1672 (15)
1409 1602 1557 1656 venit
1583 1603 1748 1656 etiam
1778 1603 2008 1658 formam

424 1691 566 1748 servi
599 1694 894 1760 suscipere.
951 1693 1192 1762 Denique
1224 1695 1363 1762 quod
1403 1704 1586 1748 natum
1623 1706 1700 1748 est
1730 1711 1794 1748 ea:
1831 1712 2008 1762 carne,

421 1800 546 1838 caro
575 1795 650 1838 est
669 1786 740 1849 ⁸³,
789 1786 982 1854 inquit.
1035 1784 1190 1850 Quod
1229 1795 1410 1840 natum
1445 1797 1542 1852 est,
1583 1788 1633 1840 id
1681 1797 1800 1851 est,
1843 1803 1911 1842 ex
1944 1804 2008 1844 ea

2118 616 2236 662 stus
2261 625 2276 661 :
2305 608 2398 662 sed
2427 619 2554 666 ante
2583 612 2726 666 hunc
2749 613 3096 668 manifestum
3126 614 3178 668 in
3209 631 3376 672 carne
3407 620 3700 679 adventum

2117 697 2386 752 mediator
2435 701 2654 770 quidem
2689 713 2808 758 erat
2841 703 2953 777 (l5)
2990 705 3302 774 hominum,
3336 712 3429 766 sed
3461 715 3702 773 nondum

2116 797 2237 842 erat
2263 789 2442 844 homo.
2473 790 2602 846 Erat
2633 800 2816 848 tamen
2857 805 2910 848 et
2936 803 3066 852 tunc
3107 801 3366 854 mediator
3389 803 3484 858 Dei
3519 817 3566 860 et
3602 808 3702 861 ho-

2115 881 2358 936 minum:
2397 884 2538 938 unde
2565 893 2620 939 et
2663 887 2788 941 (lata
2832 887 2916 942 lex
2963 905 3060 958 per
3106 893 3350 963 angelos,
3382 895 3500 951 sine
3533 899 3705 967 ipsius

2115 975 2436 1031 mediatoris
2469 977 2716 1032 manibus
2745 980 2871 1034 data
2901 996 3023 1038 esse
3070 1000 3174 1038 non
3203 986 3422 1051 dicitur,
3468 997 3526 1042 ut
3556 997 3706 1048 esset

2114 1061 2200 1116 les
2247 1075 2454 1131 sancta,
2513 1077 2561 1119 et
2611 1071 2923 1123 mandatum
2971 1084 3236 1141 sanciunt,
3267 1087 3316 1130 et
3359 1077 3592 1148 justum,
3649 1088 3702 1134 et

2115 1155 2308 1210 bonum
2340 1157 2398 1220 ⁸,
2445 1167 2502 1212 et
2550 1160 2733 1212 omnia
2774 1161 2890 1217 hmc
2932 1165 3412 1222 sanetilicarentur
3455 1185 3486 1224 a
3541 1170 3702 1226 Chri-

2113 1253 2220 1300 sto.
2261 1265 2282 1299 ι

2187 1337 2516 1396 ΡΑκρηιιυε.
2563 1341 2820 1400 SutIicere
2867 1347 3066 1416 opinor
3115 1352 3280 1406 etiam
3315 1351 3428 1422 (l6)
3479 1353 3550 1409 de
3597 1355 3700 1411 hoc

2115 1428 2288 1486 tribus
2323 1433 2650 1490 testimoniis
2693 1437 3030 1494 confutatam
3071 1456 3192 1497 esse
3227 1445 3584 1503 calumniam.
3639 1447 3700 1503 Si

2113 1521 2236 1590 quis
2268 1538 2402 1578 sane
2446 1525 2737 1584 oﬂ‘enditur
2767 1533 2910 1600 quod
2955 1532 3094 1586 dixit
3141 1537 3480 1592 Salvatorem
3531 1541 3698 1594 etiam

2113 1618 2349 1673 aiiimam
2383 1622 2728 1691 suscepisse:
2763 1625 2894 1680 nihil
2941 1627 3006 1682 de
3051 1630 3154 1684 hoc
3197 1631 3428 1700 amplius
3473 1649 3702 1704 respon-

2112 1709 2344 1764 dendum
2376 1723 2524 1782 puto,
2554 1715 2654 1770 nisi
2683 1719 2825 1785 quod
2855 1719 3012 1790 hujus
3045 1724 3330 1778 sententiae
3379 1739 3484 1779 non
3515 1725 3699 1798 Orige-

2113 1817 2210 1856 nes
2244 1814 2441 1858 auctor
2471 1817 2572 1870 est,
2606 1809 2698 1860 sed
2745 1808 2860 1878 ipsa
2897 1824 3087 1866 sancta
3119 1813 3398 1882 Scriptura
3441 1825 3694 1883 testatur,

422 1891 542 1945 qua:
579 1875 718 1930 dixit
749 1897 762 1930 :
803 1875 938 1930 Ecce
974 1877 1172 1930 ancilla
1213 1877 1459 1945 Domini,
1513 1879 1610 1947 ﬁat
1647 1880 1778 1934 milii
1818 1898 2006 1935 secun-

2113 1891 2229 1960 ipso
2259 1893 2488 1950 Domino
2519 1905 2572 1949 et
2603 1875 2886 1954 Salva—lore
2911 1902 3125 1958 dicente
3152 1921 3165 1956 :
3203 1875 3372 1958 lVemo
3407 1906 3549 1959 tollet
3581 1875 3700 1962 ani-:-

422 1967 547 2020 dum
585 1969 786 2020 verbum
834 1977 984 2020 tuum
1013 1967 1028 1997 ί
1071 1984 1088 2022 :
1135 1968 1249 2022 haec
1293 1977 1378 2022 est
1429 1967 1606 2024 forma
1659 1971 1829 2036 servi,
1883 1988 2004 2042 quae

423 2060 611 2128 utique
647 2075 778 2114 caro
811 2068 912 2114 est.
941 2077 958 2110 ι

493 2148 814 2204 Panormus.
853 2150 919 2204 Et
953 2151 1004 2204 in
1041 2150 1200 2204 tertio
1231 2149 1367 2206 libro
1411 2150 1667 2220 Epistolas
1703 2155 1772 2210 ad
1823 2154 2007 2211 Colos-

421 2260 608 2301 senses
638 2245 702 2298 de
728 2244 934 2298 eisdem
969 2245 1040 2298 ita
1080 2244 1291 2300 scribit.

491 2335 782 2393 ORIGENES.
819 2336 929 2406 (14)
959 2355 978 2387 ι
1002 2337 1134 2390 Data
1149 2347 1224 2392 est
1246 2336 1525 2392 autemlex
1545 2338 1712 2410 Moysi
1731 2355 1828 2408 per
1841 2357 2008 2412 ange-

419 2429 500 2484 los
527 2431 580 2484 in
610 2445 769 2483 manu
803 2441 858 2485 et
889 2431 1090 2484 virtute
1117 2429 1425 2486 Mediatoris
1453 2433 1656 2487 Christi
1680 2436 1723 2497 ³,
1755 2437 1844 2503 qui
1879 2450 2006 2490 cum

418 2534 562 2578 esset
591 2524 642 2576 iu
678 2523 944 2592 principio
975 2524 1208 2578 Verbum
1240 2525 1356 2590 Dei,
1381 2534 1437 2580 et
1461 2527 1601 2596 apud
1639 2527 1807 2580 Deum
1837 2537 2004 2594 esset,

415 2629 472 2670 et
501 2617 640 2672 Deus
669 2626 814 2672 esset
853 2617 1086 2672 Verbum
1138 2615 1285 2672 Patri
1323 2619 1374 2672 iu
1427 2619 1682 2674 erunibus
1729 2621 2004 2676 ministra-

413 2706 512 2760 vit.
564 2705 756 2760 Omnia
813 2707 958 2762 enim
1017 2723 1108 2774 per
1149 2709 1322 2776 ipsum
1378 2709 1523 2778 facta
1556 2719 1680 2763 sunt
1732 2709 1777 2772 ³,
1837 2711 1890 2764 id
1919 2719 2004 2765 est

413 2812 524 2852 non
568 2799 742 2853 solum
790 2811 1074 2866 creaturae,
1125 2801 1220 2856 sed
1272 2809 1328 2855 et
1373 2801 1460 2856 lex
1505 2813 1560 2857 et
1605 2803 2004 2873 prophetauet

411 2888 528 2958 ipse
560 2899 642 2944 est
667 2889 928 2946 mediator
964 2891 1058 2945 Dei
1091 2900 1138 2945 et
1183 2891 1452 2947 hominum
1491 2894 1534 2951 ’⁵.
1571 2895 1726 2962 Quod
1761 2897 1996 2953 Verbum

2112 1999 2254 2038 mam
2301 2003 2468 2040 meam
2499 2005 2530 2040 a
2555 2005 2636 2042 me
2668 1991 2721 2056 5;
2762 2001 2854 2045 et:
2889 1991 3074 2047 Tristis
3113 2003 3188 2048 est
3231 1997 3410 2048 anima
3450 2013 3562 2050 mea
3607 2015 3698 2054 us-

2111 2091 2210 2143 que
2266 2079 2334 2128 ad
2374 2079 2687 2143 mortem";
2738 2089 2828 2134 et:
2887 2079 3046 2137 Nunc
3093 2086 3273 2139 anima
3320 2101 3436 2138 mea
3486 2089 3700 2146 turbata

2112 2175 2186 2220 est
2221 2165 2270 2219 ⁸.
2301 2167 2364 2220 Et
2422 2169 2590 2224 multa
2649 2171 2734 2226 his
2795 2173 2992 2228 similia
3035 2177 3092 2230 in
3143 2179 3351 2235 sanctis
3393 2179 3700 2250 Scripturis

2113 2273 2378 2314 ιιινρηιθε.

2183 2349 2442 2421 Superest
2473 2357 2806 2425 respondere
2841 2360 2906 2413 ad
2949 2359 3096 2415 illam
3139 2365 3543 2421 accusationem
3575 2380 3697 2436 quae

2115 2445 2483 2501 calumniatur
2511 2463 2634 2502 eum
2667 2465 2882 2504 onmem
2916 2451 3256 2524 Scripturam
3299 2458 3352 2511 in
3380 2459 3692 2530 allegoriam

2115 2545 2348 2590 vertere.
2389 2536 2468 2590 Ex
2513 2539 2642 2608 ipsis
2695 2541 2849 2597 libris
2901 2559 3038 2613 quos
3091 2546 3174 2601 vel
3229 2549 3468 2606 maxime
3505 2553 3694 2608 obtre-

2109 2635 2350 2682 ctatores
2388 2628 2506 2698 ejus
2547 2631 2814 2698 incusant,
2857 2634 2912 2688 id
2953 2647 3036 2690 est
3099 2638 3166 2692 de
3205 2652 3400 2709 quarto
3426 2641 3568 2710 Περὶ
3590 2642 3693 2712 ἀρ-

2107 2715 2234 2786 χῶν
2283 2718 2421 2775 libro
2483 2721 2824 2789 proferemus
2875 2726 3004 2795 quia
3061 2744 3170 2784 non
3236 2741 3396 2800 negat
3445 2749 3510 2786 ea
3573 2748 3694 2803 qua:

2107 2810 2162 2864 in
2197 2809 2494 2882 Scripturis
2529 2814 2870 2886 referuntur,
2905 2821 3068 2876 etiam
3111 2829 3411 2882 secundum
3451 2827 3690 2882 litteram

2105 2915 2275 2974 gesta.

1865 3043 2098 3100 CAPUT
2133 3046 2223 3106 Vl.

1503 3153 1788 3194 RESI‘ONSIO
1821 3156 1890 3194 AD
1924 3155 2135 3198 SEXTA}!
2163 3161 2614 3204 CRIMINATIONEM.

835 3232 950 3304 (l7)
987 3232 1141 3299 Quod
1173 3252 1234 3289 ea
1273 3251 1390 3306 quae
1411 3237 1469 3290 in
1505 3235 1798 3305 Scripturis
1833 3237 2156 3307 referuntur,
2188 3245 2350 3297 etiam
2375 3247 2660 3300 secundum
2683 3245 2914 3300 litteram
2941 3255 3082 3316 gesta
3107 3247 3236 3300 sint.

476 3399 612 3474 (17⁸)
628 3401 918 3458 Duremus.
940 3401 958 3460 l
967 3399 1054 3469 is)
1085 3417 1104 3451 ι
1127 3398 1205 3454 Ne
1238 3399 1358 3468 quis
1383 3411 1560 3453 autem
1583 3400 1888 3470 suspicetur
1908 3417 2006 3456 nos
2036 3397 2077 3456 α

409 3493 514 3548 hoc
539 3495 740 3559 dicere,
765 3494 894 3564 quia
923 3493 1122 3546 nullam
1155 3491 1438 3546 historiam
1465 3491 1760 3562 Scriptura:
1791 3491 1992 3548 factum

409 3599 532 3640 esse
578 3587 914 3651 sentiamus,
947 3584 1202 3652 quoniam
1255 3583 1434 3652 aliqua
1477 3598 1546 3638 ex
1599 3584 1685 3637 his
1734 3599 1842 3638 non
1875 3597 1997 3638 esse

407 3675 548 3731 facta
584 3679 966 3747 suspicamur:
1004 3675 1085 3730 vel
1133 3675 1277 3729 nulla
1331 3684 1604 3745 praecepta
1639 3675 1775 3745 legis
1807 3689 1998 3730 secun-

409 3771 534 3824 dum
559 3770 795 3825 litteram
814 3770 1046 3825 dicimus
1073 3765 1356 3821 observari
1380 3779 1486 3820 non
1513 3780 1694 3836 posse,
1721 3765 1774 3819 in
1796 3765 1996 3834 quibus

407 3860 494 3914 vel
539 3861 720 3921 ratio,
772 3860 856 3914 vel
907 3859 982 3913 rei
1029 3857 1365 3926 possibilitas
1417 3872 1523 3912 non
1577 3857 1860 3912 admittit:
1909 3857 1996 3912 vel

410 3965 474 4006 ea
505 3952 614 4023 (19)
644 3967 764 4022 quae
794 3953 862 4008 de
901 3951 1187 4006 Salvatore
1217 3949 1420 4020 scripta
1449 3959 1606 4017 sunt,
1651 3965 1758 4004 non
1788 3950 1996 4021 (putare

2184 3402 2298 3454 Ἵνα
2343 3401 2399 3454 δὲ
2431 3401 2504 3472 μὴ
2536 3400 2782 3474 ὑπολάϐῃ
2817 3417 2902 3464 τις
2946 3401 3094 3472 ἡμᾶς
3134 3401 3227 3453 ἐπὶ
3274 3385 3492 3454 ’ἐτάντων
3537 3397 3696 3455 τοῦτο

2095 3491 2274 3562 λέγειν
2293 3535 2307 3556 ,
2342 3494 2421 3546 ὅτι
2451 3491 2676 3564 οὐδεμία
2704 3493 2918 3564 ἱστορία
2949 3492 3196 3560 γέγονεν,
3243 3491 3366 3544 ἐπεί
3395 3509 3476 3554 τις
3515 3493 3576 3545 οὐ
3601 3493 3695 3560 γέ-

2093 3602 2218 3654 γονε
2240 3603 2254 3615 ο
2286 3587 2380 3638 καὶ
2413 3585 2637 3656 οὐδεμία
2667 3584 2959 3654 νομοθεσία
2995 3584 3136 3638 κατὰ
3175 3583 3234 3636 τὸ
3260 3584 3424 3654 ῥητὸν
3449 3585 3694 3655 τηρητέα

2097 3675 2246 3728 ἐστὶν
2268 3715 2282 3740 ,
2327 3674 2449 3728 ἐπεί
2484 3693 2568 3737 τις
2613 3673 2756 3728 κατὰ
2797 3673 2896 3742 τὴν
2925 3672 3070 3738 λέξιν
3101 3673 3294 3742 ἄλογος
3331 3673 3616 3744 τυγχάνει,
3657 3673 3692 3746 ἢ

2094 3767 2452 3839 ἀδύνατος-ἢ
2494 3768 2574 3821 ὅτι
2615 3767 2684 3820 τὰ
2726 3767 2854 3839 περὶ
2889 3766 2982 3819 τοῦ
3029 3767 3280 3838 Σωτῆρος
3331 3767 3693 3838 γεγραμμένα

2095 3855 2238 3909 κατὰ
2277 3857 2336 3910 τὸ
2385 3856 2642 3928 αἰσθητὸν
2684 3859 2784 3910 οὐκ
2826 3857 3186 3928 ἀληθεύεταιο
3225 3858 3258 3928 ἣ
3301 3859 3382 3912 ὅτι
3423 3859 3690 3930 μηδεμίαν

2104 3947 2424 4019 νομοθεσίαν
2464 3947 2630 4001 αὐτοῦ
2675 3950 2768 4002 κα)⁵
2821 3949 3036 4019 ἐντολὴν
3080 3949 3422 4017 φυλακτέον·
3468 3950 3690 4004 λεκτέον

1651 4089 2212 4148 INTERPRETATIO
2247 4090 2457 4146 NOVA.

481 4189 560 4244 Ne
587 4189 710 4260 quis
739 4205 866 4244 vero
897 4205 994 4243 nos
1017 4189 1322 4260 seiSpicetur
1349 4190 1402 4244 in
1433 4191 1686 4244 omnibus
1725 4189 1776 4243 id
1808 4189 2015 4260 dicere,
2039 4189 2244 4260 nullam
2273 4187 2561 4260 historiam
2591 4189 3182 4260 contigisse,quoniam
3212 4189 3389 4256 aliqua
3417 4205 3526 4244 non
3557 4204 3688 4243 cou-

410 4261 566 4332 tigit;
597 4257 653 4332 et
683 4261 882 4332 nullam
919 4261 1092 4330 legem
1114 4257 1198 4332 ’ad
1247 4259 1637 4332 litteramesse
1683 4259 2028 4332 servandam,
2065 4259 2323 4328 quoniam
2371 4257 2879 4332 aliquasecundum
2910 4257 3145 4313 litteram
3173 4269 3269 4316 aut,
3303 4261 3561 4322 absurda,
3594 4271 3688 4312 aut

409 4329 766 4396 impossibilia
799 4329 1072 4400 praecipit;
1108 4329 1190 4384 vel
1225 4347 1346 4400 qua:
1380 4333 1445 4385 de
1478 4331 1760 4385 Salvatore
1792 4331 1991 4396 scripta
2025 4339 2175 4390 sunt,
2209 4329 2845 4400 secundumlitteralein
2866 4345 3082 4383 sensum
3113 4345 3217 4382 non
3247 4345 3366 4384 csse
3397 4345 3520 4382 vera
3549 4347 3562 4396 ;
3593 4341 3689 4382 aut

409 4401 614 4457 nullam
657 4402 826 4468 ipsius
857 4398 1026 4468 legem
1059 4410 1113 4454 et
1159 4398 1488 4470 princeptum
1521 4401 1727 4454 servari
1773 4411 2044 4470 Oporte‘re,
2076 4400 2312 4452 dicimus
2343 4398 2636 4452 manifeste
2670 4399 2724 4452 in
2758 4399 3086 4468 quihusdam
3131 4400 3371 4452 historia:
3402 4401 3686 4454 veritatem

405 4473 566 4540 nobis
595 4467 878 4539 apparere,
915 4467 1062 4524 Verbi
1098 4467 1268 4540 gratia
1290 4511 1304 4533 ,
1339 4467 1611 4525 Abraham
1638 4511 1652 4530 ,
1687 4467 1833 4540 Isaac
1863 4479 1918 4524 et
1950 4467 2120 4523 Jacob
2153 4483 2274 4540 cum
2311 4483 2414 4520 una
2442 4485 2538 4523 sua
2574 4484 3020 4540 unumquemque
3049 4483 3218 4540 uxore
3249 4471 3300 4522 in
3329 4469 3528 4538 duplici
3561 4485 3685 4536 spe-

407 4539 566 4598 lunca
599 4537 842 4610 sepultos
881 4556 1002 4596 esse
1049 4537 1121 4596 inf
1151 4539 1366 4595 Hebron
1405 4559 1420 4609 ;
1476 4541 1692 4596 Sichem
1728 4539 1966 4609 Josepho
1998 4541 2050 4592 in
2098 4539 2401 4608 portionem
2434 4553 2555 4594 esse
2596 4537 2959 4606 attributam;
2994 4537 3300 4594 Jerusalem
3337 4537 3682 4608 metropolim

463 4679 510 4711 ”
535 4677 731 4748 Philip.
767 4695 830 4744 ιι,
867 4677 989 4734 6-8.
1065 4679 1110 4712 ³³
1141 4679 1297 4735 Joan.
1329 4681 1479 4742 "1,6.
1559 4681 1575 4711 ¹
1609 4679 1740 4734 Luc.
1771 4697 1808 4743 ι,
1842 4677 1931 4733 58.

2108 4679 2234 4733 alat.
2270 4695 2354 4746 Ill,
2391 4679 2476 4734 l9.
2553 4679 2572 4709 ³
2596 4677 2752 4735 Joan.
2785 4695 2826 4743 ι,
2857 4681 2912 4734 5.
2990 4679 3012 4710 ⁸
3037 4680 3056 4734 l
3081 4679 3220 4733 Tim.
3259 4695 3326 4744 ιι,
3353 4678 3410 4732 5.
3479 4679 3500 4710 ⁵
3525 4677 3683 4734 Rom.

407 4763 506 4815 vn,
540 4749 629 4806 12.
705 4751 726 4782 ⁸
749 4749 904 4805 Joan.
943 4767 972 4804 x
997 4791 1012 4818 ,
1063 4750 1150 4804 18.
1227 4753 1246 4782 ⁷
1277 4751 1466 4806 Matth.
1499 4767 1646 4814 xxvi,
1677 4750 1767 4804 58.
1843 4751 1864 4780 ⁸
1890 4748 2046 4806 Joan.
2083 4765 2182 4816 xu,
2209 4751 2302 4807 27.

2173 4887 2536 4960 (l7')_l{ufini
2583 4889 2982 4958 interpretatio.
3505 4955 3532 4960 _
3687 4949 3692 4952 _

2173 4955 2283 5031 (18)
2319 4957 2402 5012 Ne
2443 4961 2560 5030 quis
2605 4955 2780 5031 autem
2821 4961 3118 5027 suspicetur
3171 4973 3300 5031 nos,
3350 4965 3454 5031 etc.
3493 4955 3686 5031 Gpguca

2097 5028 2273 5100 hujus
2288 5031 2399 5100 loci
2431 5028 2596 5100 verba
2622 5029 2902 5100 desumpta
2930 5037 3055 5083 sunt
3082 5043 3111 5080 e
3135 5029 3312 5100 capite
3340 5029 3513 5100 primo
3549 5028 3684 5100 Phi:

2101 5097 2324 5152 loc‘aliw.
2357 5097 2491 5154 Vide
2523 5097 2902 5154 Praefationem
2931 5109 3128 5152 nostrae
3163 5097 3417 5152 editionis
3459 5109 3602 5152 tomo
3636 5099 3684 5150 11

481 4888 592 4958 (11)
629 4887 720 4942 Sic
750 4903 882 4944 mss.
917 4888 1058 4944 Editi
1093 4905 1241 4953 vero,
1283 4889 1474 4956 faciat.
2024 4891 2071 4947 D

480 4957 592 5028 (12)
629 4959 702 5011 Ex
731 4958 824 5011 lib.
859 4960 956 5012 iin
988 4959 1323 5013 Matthteum.

467 5031 590 5154 2(15)
627 5031 774 5082 Alias
823 5030 957 5083 venit
1007 5031 1164 5082 etiam
1216 5040 1272 5082 ut
1309 5029 1538 5098 formam
1583 5029 1716 5083 servi
1757 5031 1990 5098 suscipe-

409 5114 466 5156 re
492 5139 506 5152 .

469 5169 598 5239 "34)
632 5171 704 5222 Ex
745 5169 838 5225 lib.
869 5185 928 5224 ιιι
961 5169 1017 5223 in
1051 5166 1219 5237 Epist.
1253 5171 1320 5222 ad
1352 5169 1706 5223 Colossenses.
1815 5237 1860 5239 Η
2101 5171 2397 5239 praefixum.
2429 5169 2657 5224 articulo
2681 5171 2888 5234 4,sect.
2927 5169 2980 5234 7,
3005 5178 3060 5222 et
3086 5165 3460 5237 Origenianor.
3499 5168 3590 5224 lib.
3617 5185 3682 5234 ιι,

482 5230 596 5311 (15)
627 5240 752 5294 Μεε.
785 5242 993 5311 nostri,
1023 5230 1290 5311 omnium:
1326 5242 1418 5293 sed
1455 5239 1754 5311 legendum
1777 5237 1991 5292 videtur

408 5309 530 5365 cum
560 5309 744 5374 editis,
773 5309 1064 5363 hominum.
1095 5310 1298 5364 Deinde
1329 5311 1455 5364 editi
1492 5320 1546 5362 et
1589 5325 1689 5363 ms.
1726 5309 1992 5362 Sorhoui-

408 5396 524 5446 cus,
567 5383 620 5433 in
656 5382 819 5448 ipsius
850 5381 1152 5434 mediatoris
1179 5380 1421 5433 manibus
1449 5382 1582 5433 data
1619 5396 1730 5433 esse
1769 5380 1985 5432 dicitur.

407 5449 602 5504 Caeteri
632 5467 760 5503 vero
790 5467 920 5503 mss.
949 5459 1006 5503 ut
1037 5450 1088 5502 in
1125 5459 1295 5504 textu.

480 5523 594 5590 (16)
627 5519 766 5574 Editi
789 5559 804 5585 ,
833 5521 896 5574 de
927 5521 1007 5573 his
1037 5521 1234 5586 rebus;
1279 5522 1372 5575 sed
1401 5533 1590 5575 omnes
1623 5533 1776 5584 mss.,
1807 5519 1871 5571 de
1893 5519 1990 5571 hoc

407 5593 593 5643 tribus.

475 5663 590 5730 (l7)
625 5661 777 5724 Quod
808 5677 868 5714 ea
898 5677 1017 5730 qua:
1051 5662 1106 5713 in
1142 5659 1431 5728 Scripturis
1461 5660 1786 5730 referuntur,
1827 5659 1988 5711 etiam

405 5733 690 5784 secundum
713 5731 944 5782 litteram
974 5741 1120 5798 gesta
1143 5733 1268 5784 sint.
1297 5732 1398 5785 llic
1435 5733 1622 5785 titulus
1651 5743 1748 5784 nec
1773 5731 1825 5783 in
1855 5745 1985 5782 mss.

407 5815 508 5853 nec
541 5802 591 5852 in
622 5801 786 5870 editis
819 5804 1108 5870 reperitur,
1138 5803 1233 5858 sed
1280 5803 1588 5860 addidimus
1635 5816 1666 5857 e
1709 5811 1894 5857 nostro
1921 5799 1988 5854 ad

409 5870 688 5926 meliorem
719 5869 970 5927 formum.

2101 5250 2293 5309 quaest.
2329 5240 2418 5302 15,
2451 5255 2598 5294 num.
2631 5239 2686 5292 4.

2171 5307 2514 5380 (19)Οιιιιιεε
2561 5325 2692 5364 mss.
2723 5307 2940 5380 nostri,
2973 5325 3097 5380 ante
3120 5326 3152 5360 a
3181 5309 3462 5380 Saluatore
3484 5309 3684 5376 scripta

2097 5379 2238 5436 sunt.
2274 5379 2463 5435 Plures
2485 5382 2699 5434 codices
2737 5379 2911 5450 Graeci
2960 5379 3212 5450 similiter
3253 5379 3450 5450 habent
3489 5379 3679 5450 παρά*

2099 5451 2192 5505 sed
2229 5452 2430 5505 rectius
2459 5466 2618 5513 unus,
2651 5449 2802 5520 περί,
2830 5461 2880 5502 et
2923 5449 3056 5503 editi
3105 5465 3169 5503 ac
3203 5449 3328 5520 libri
3377 5449 3452 5502 De
3485 5449 3686 5516 princi-

2097 5521 2225 5590 piis,
2255 5521 2319 5573 de
2348 5520 2640 5574 Saluatore.
2665 5519 2830 5572 Paulo
2861 5529 2977 5588 post
3017 5535 3150 5573 mss.
3178 5519 3424 5588 plerique
3449 5531 3502 5572 et
3525 5521 3682 5588 editi,

2099 5589 2538 5656 Respondendum
2567 5601 2640 5644 est
2667 5607 2810 5658 ergo,
2833 5601 2936 5644 etc.
2973 5591 3078 5644 Sed
3103 5606 3202 5642 vox
3229 5605 3348 5656 ergo
3378 5593 3684 5643 redundare

2097 5661 2332 5730 videtur,
2367 5673 2421 5716 et
2469 5671 2614 5716 recte
2639 5663 2912 5716 omittitur
2943 5661 2995 5713 in
3033 5677 3133 5714 ms.
3167 5661 3354 5730 ltcgio.
3389 5663 3506 5714 Mox
3559 5661 3688 5712 libri.

2098 5729 2176 5784 De
2201 5732 2478 5800 principiis
2502 5772 2516 5790 .
2551 5733 2747 5785 servari
2774 5743 2822 5785 et
2861 5747 3012 5799 posse
3035 5741 3084 5784 et
3121 5729 3401 5798 aportere;
3438 5731 3532 5784 sed
3565 5747 3682 5782 oru-

2099 5815 2196 5856 nes
2256 5802 2414 5875 hujus
2463 5803 2732 5874 Apologia:
2801 5817 2931 5859 mss.
2980 5811 3034 5858 et
3101 5802 3234 5858 editi
3282 5809 3340 5856 ut
3385 5801 3442 5858 in
3489 5811 3682 5856 nostro

2101 5879 2270 5928 textu.
