4162 6420
449 377 548 434 591

1659 367 1715 421 S.
1753 363 2082 421 PAMPHILI
2123 363 2485 421 MARTYRIS

3635 369 3742 424 592

450 495 612 550 etiam
641 490 970 547 sensibiliter
1007 489 1249 558 impleta,
1279 488 1363 544 vel
1403 497 1670 558 praecepta
1700 488 1819 556 ejus
1850 503 2036 544 secum

2146 487 2228 539 ὅτι
2257 486 2444 555 σαφῶς
2479 487 2609 556 ἡμῖν
2644 485 2998 558 παρίσταται,
3034 485 3158 558 περί
3189 501 3352 538 τινων
3379 484 3442 538 τὸ
3468 484 3570 555 τῆς
3599 486 3742 539 ἱστο-

451 585 578 646 dum
614 582 846 636 litteram
879 596 982 636 non
1008 581 1208 636 debere
1225 581 1456 635 servari:
1491 579 1927 644 respondendum
1954 587 2039 633 est

450 674 707 744 quoniam
737 687 764 726 a
799 672 953 727 nobis
989 673 1275 727 evidenter
1305 670 1621 726 decernitur
1653 670 1704 724 in
1747 671 2037 740 quamplu-

451 765 607 819 rimis
656 764 860 819 serva-ri
912 772 1165 834 oportere
1233 761 1479 817 historiae
1526 761 1837 816 veritatem.
1905 761 2040 829 Quis

450 856 596 910 enim
630 870 831 924 negare
871 855 1046 924 possit
1089 854 1233 920 quod
1268 853 1543 909 Abraham
1593 853 1646 906 in
1681 852 1883 922 duplici
1912 867 2039 923 spe-

451 945 610 1000 lunea
643 944 887 1015 sepultus
915 954 999 998 est
1031 945 1084 1000 in
1113 945 1315 1008 Ehrou,
1348 945 1442 1000 sed
1470 953 1526 1000 et
1554 943 1724 1008 Isaae,
1761 954 1815 998 et
1846 943 2035 1008 lacob,

450 1045 508 1092 et
556 1035 784 1106 singula:
837 1051 1027 1091 eorum
1061 1037 1303 1092 uxores?
1340 1037 1432 1091 Vel
1469 1037 1593 1104 quis
1640 1036 1848 1090 dubitet
1894 1035 2039 1104 quod

451 1129 692 1185 Siehima
739 1129 793 1184 in
841 1129 1143 1198 portionem
1180 1129 1305 1184 data
1351 1139 1434 1185 est
1478 1129 1678 1197 Joseph
1704 1130 1728 1182 ’ἒ
1757 1129 1853 1184 Vel
1893 1128 2038 1197 quod

449 1221 750 1278 Jerusalem
789 1225 1104 1292 metropolis
1145 1232 1227 1279 est
1262 1223 1492 1286 ludam,
1541 1221 1654 1294 (20)
1695 1223 1748 1276 in
1777 1236 1882 1292 qua
1912 1238 2038 1276 con-

450 1323 717 1370 structum
761 1323 849 1369 est
900 1314 1157 1383 templum
1214 1315 1308 1370 Dei
1357 1330 1386 1369 a
1437 1313 1777 1369 Salomone?
1818 1323 1874 1369 et
1927 1314 2034 1368 alia

451 1407 892 1464 innumerabilia.
917 1406 1086 1463 Multo
1109 1408 1254 1462 enim
1276 1407 1427 1478 plura
1453 1416 1578 1463 sunt
1601 1423 1724 1478 quas
1739 1407 2036 1462 secundum

451 1500 738 1557 historiam
775 1517 901 1558 vera
935 1509 1059 1556 sunt
1080 1540 1099 1567 ,
1129 1516 1298 1570 quam
1323 1516 1387 1556 ea
1423 1516 1541 1570 quae
1583 1502 1785 1554 nudum
1815 1516 2035 1555 sensum

451 1595 734 1649 continent
782 1593 1107 1664 spiritalem.
1158 1591 1270 1664 (21)
1330 1591 1468 1646 Tum
1515 1593 1709 1646 deinde
1755 1593 1881 1662 quis
1930 1610 2036 1648 non

2144 579 2266 647 ρίας
2293 574 2432 631 εἶναι
2459 578 2675 648 ἀληθὲς,
2711 579 2787 641 ὡς
2816 579 2898 631 ὅτι
2936 576 3191 648 Ἀϐραὰμ
3219 580 3276 630 ὲν
3300 576 3378 647 τῷ
3400 576 3574 647 διπλῷ
3607 593 3741 646 σπηο

2142 669 2277 740 ὶαίῳ
2303 671 2476 741 ἐτάφη
2507 673 2564 724 ὲν
2593 670 2855 741 Χεϐρὼμ,
2892 670 2987 724 καὶ
3025 669 3230 734 Ἰσαὰκ,
3263 671 3359 722 καὶ
3393 669 3608 734 Ἰακὼϐ,
3644 669 3740 723 καὶ

2142 763 2374 817 ἑκάστου
2407 762 2611 816 τούτων
2640 762 2738 834 μία
2768 761 2906 834 γυνή
2933 779 2945 792 ·
2980 763 3075 816 καὶ
3105 764 3188 816 ὅτι
3221 764 3442 833 Σίκημα
3475 763 3636 834 μερὶς
3655 761 3742 816 δέ·

2140 854 2390 924 δοταιτῷ
2438 831 2672 925 Ἰωσὴφ,
2715 831 2810 908 καὶ
2854 831 3208 925 Ίὲρουσαλὴμ
3258 831 3592 926 μητρόπολές
3622 831 3751 908 ἐστι⁹

2140 947 2240 1016 τῆς
2288 945 2568 1009 Ἰουδαίας,
2600 946 2657 998 ὲν
2753 944 3069 1015 ᾠκοδόμητο
3100 944 3206 997 ὑπὸ
3243 943 3589 1014 Σολομῶντος
3613 940 3742 1006 ναὸς

2141 1036 2277 1090 Θεοῦ
2304 1055 2316 1066 ·
2349 1038 2443 1090 καὶ
2490 1036 2626 1092 ἄλλα
2669 1036 2858 1108 μυρία.
2897 1035 3087 1106 Πολλῷ
3121 1037 3230 1108 γὰρ
3267 1035 3490 1090 πλείονά
3519 1035 3636 1088 ἔστι
3672 1033 3742 1089 τὰ

2141 1128 2283 1184 κατὰ
2311 1129 2410 1200 τὴν
2442 1129 2684 1200 ἱστορίαν
2711 1128 3090 1200 ἀληθευόμενα
3116 1129 3228 1182 τῶν
3246 1125 3742 1201 προσυφανθὲντων

2141 1221 2364 1293 γυμνῶν
2400 1221 2809 1292 πνευματικῶν.
2846 1221 3016 1274 Πάλιν
3049 1239 3108 1275 τε
3143 1216 3213 1276 αὖ
3254 1221 3339 1284 τίς
3365 1221 3466 1275 οὒκ
3499 1220 3566 1273 ἂν
3597 1219 3742 1272 εἴποι

2140 1313 2238 1384 τὴν
2267 1313 2539 1381 λέγουσαν
2589 1313 2830 1384 ἐντολὴν,
2870 1315 3014 1383 Τίμα
3053 1312 3160 1366 τὸν
3203 1311 3449 1380 πατέρα,
3484 1309 3583 1364 καὶ
3622 1309 3738 1378 τὴν

2135 1407 2382 1476 μητέρα,
2403 1408 2504 1462 ἵνα
2522 1402 2593 1463 εὖ
2616 1423 2715 1462 σοι
2745 1406 3010 1476 γένηται,
3036 1408 3205 1477 χωρὶς
3236 1405 3417 1475 πάσης
3440 1401 3738 1472 ἀναγωγῆς

2141 1504 2420 1574 χρησίμην
2448 1504 2736 1574 τυγχάνειν
2767 1502 2860 1556 καὶ
2904 1502 3178 1573 τηρητέαν
3217 1519 3303 1571 γε,
3348 1499 3443 1554 καὶ
3474 1499 3570 1554 τοῦ
3600 1500 3740 1552 ἀπο-

2143 1598 2330 1651 στόλου
2355 1597 2571 1651 Παύλου
2594 1597 2940 1670 χρησαμένου
2964 1596 3137 1670 ταύτῃ
3159 1595 3468 1660 αὐτολεξεί;
3492 1595 3556 1648 Ti
3585 1593 3641 1648 δὲ
3661 1593 3743 1647 δεῐ

451 1685 683 1742 alﬁrmet
712 1687 1023 1742 mandatum
1053 1685 1158 1740 hoc
1182 1700 1290 1756 quo
1321 1685 1663 1755 prazcipitur:
1696 1686 1917 1740 Honora
1941 1704 2036 1753 pa-

2142 1688 2322 1757 λὲγειν
2357 1689 2630 1762 περὶτοῦ,
2662 1691 2745 1743 οὐ
2785 1691 3148 1760 μοιχεύσεις,
3180 1690 3252 1742 οὐ
3285 1689 3628 1758 φονεύσεις,
3664 1687 3739 1740 οὐ

451 1789 586 1834 trem
616 1791 765 1834 tuum
809 1789 855 1833 et
902 1790 1122 1833 matrem
1164 1788 1332 1843 tuam,
1375 1789 1431 1834 ut
1461 1779 1585 1833 bene
1629 1779 1696 1833 sit
1733 1780 1891 1841 tibi’,
1917 1778 2036 1834 sine

2143 1780 2412 1850 κλέψεις,
2448 1785 2519 1836 οὐ
2548 1780 3174 1852 ψευδομαρτυρήσεις
3202 1781 3313 1835 Καὶ
3358 1779 3518 1833 πάλιν
3562 1781 3621 1832 ὲν
3660 1777 3740 1851 τῷ

449 1871 560 1926 ulla
608 1870 836 1940 spiritali
891 1871 1345 1940 interpretatione
1377 1870 1623 1926 suﬂicere
1654 1911 1668 1933 ,
1699 1880 1756 1925 et
1785 1884 1906 1926 esse
1938 1872 2036 1924 ob-

2142 1874 2458 1944 Εὐαγγελίῳ
2486 1873 2696 1927 ὲντολαί
2731 1875 2837 1927 εἰσι
2861 1873 3264 1945 γεγραμμέναι,
3290 1873 3351 1926 οὐ
3385 1870 3734 1942 ζητούμεναι,

451 1963 796 2018 servantibus
827 1962 1502 2020 necessarium?maxime
1555 1978 1678 2016 cum
1727 1971 1782 2016 et
1830 1961 2034 2017 Paulus

2142 1966 2370 2036 πότερον
2403 1963 2575 2028 αὐτὰς
2614 1963 2757 2018 κατὰ
2795 1964 2894 2036 τὴν
2922 1964 3068 2029 λέξιν
3099 1964 3362 2036 τηρητέον
3390 1964 3423 2034 ἢ
3467 1961 3528 2016 οὔ
3549 1979 3561 1992 ·
3596 1962 3670 2027 ὡς
3703 1963 3737 2034 ἡ

450 2054 655 2110 eisdem
689 2055 869 2110 verbis
902 2067 1154 2123 repetens
1179 2055 1222 2084 ¹⁰
1249 2054 1654 2110 conﬁrmaverit
1675 2055 1848 2124 ipsum
1879 2069 2035 2108 man-

2142 2056 2448 2126 φάσκουσα,
2493 2056 2634 2126 Ἐγὼ
2649 2055 2716 2109 δὲ
2732 2055 2887 2126 ,λέγω
2922 2056 3083 2125 ὑμῖν⁸
3118 2059 3216 2122 Ὃς
3239 2055 3348 2110 ἐὰν
3375 2053 3626 2134 ὀργςισθῇ
3658 2053 3738 2120 τῷ

450 2146 659 2201 datum.
691 2147 829 2212 Quid
852 2161 984 2201 vero
1015 2155 1229 2216 Oportet
1255 2144 1438 2200 dicere
1468 2146 1535 2198 de
1565 2159 1629 2200 eo
1656 2147 1799 2214 quod
1829 2145 2036 2200 dictum

2142 2147 2386 2217 ἁδελφῷ
2417 2147 2626 2213 αὑτοῦ,
2675 2148 2769 2202 καὶ
2811 2147 2881 2202 τὰ
2935 2147 3094 2218 ἑξῆς·
3132 2149 3248 2213 καὶ,
3294 2147 3437 2218 Ἐγὼ
3479 2147 3548 2201 δὲ
3582 2146 3736 2217 ,λέγω

449 2247 567 2292 est:
601 2236 721 2291 Non
751 2237 1096 2299 adulterabis,
1117 2253 1219 2290 non
1243 2235 1468 2296 occides,
1492 2252 1594 2290 non
1621 2235 1825 2304 furtum
1852 2235 2036 2304 facies,

2143 2240 2285 2311 ὑμῖν
2309 2239 2395 2310 μὴ
2424 2242 2640 2310 ὀμόσαι
2676 2242 2849 2308 ὅλως.
2883 2241 2991 2295 Καὶ
3028 2241 3179 2312 παρὰ
3211 2240 3290 2312 τῷ
3331 2239 3640 2310 Ἀποστόλῳ
3675 2238 3737 2292 τὸ

451 2345 559 2384 non
589 2329 785 2398 falsum
836 2330 1191 2384 testimonium
1232 2330 1374 2384 dices
1400 2330 1439 2360 “
1465 2369 1482 2395 ,
1513 2338 1570 2384 et
1609 2338 1803 2383 caetera
1850 2329 2036 2400 hujus-

2145 2335 2309 2407 ῥητὸν
2336 2333 2630 2407 τηρητέον·
2665 2333 3010 2389 Νουθετεῖτε
3038 2333 3182 2401 τοὺς
3205 2333 3526 2400 ἀτάκτους,
3557 2347 3738 2401 παρα·

451 2421 640 2476 modi?
667 2420 790 2475 lam
819 2437 948 2477 vero
977 2421 1045 2476 de
1079 2421 1162 2476 his
1190 2436 1310 2492 qua
1355 2422 1409 2476 in
1445 2421 1734 2493 Evangelia
1780 2423 2035 2477 mandata

2142 2427 2423 2496 μυθεῖσθε
2488 2428 2630 2494 τοὺς
2701 2428 3110 2497 ὀλιγοψύχους
3135 2467 3149 2492 ,
3222 2427 3550 2495 ἀντέχεσθε
3616 2424 3738 2480 τῶν

452 2521 609 2576 sunt,
639 2529 707 2568 ne
732 2514 970 2569 dubitari
1011 2515 1225 2584 quidem
1256 2523 1432 2585 potest
1460 2515 1590 2584 quin
1621 2515 1920 2571 secundum
1950 2513 2036 2568 lit-

2142 2519 2582 2582 ἀσθενούντων,
2607 2517 3040 2590 μακροθυμεῖτε
3068 2518 3219 2588 πρὸς
3244 2518 3493 2585 πάντας.

451 2610 623 2658 teram
650 2607 1032 2669 observentur,
1064 2605 1204 2659 sicut
1228 2620 1352 2660 cum
1376 2605 1544 2660 dicit:
1578 2603 1694 2676 Ego
1752 2614 1928 2658 autem
1985 2607 2103 2660 dico
2143 2609 2285 2663 vobis
2317 2625 2421 2662 non
2449 2609 2642 2676 jurare
2665 2611 2880 2664 omnino
2920 2609 3004 2675 ";
3043 2618 3098 2663 et
3129 2623 3252 2662 cum
3286 2609 3396 2662 ait:
3429 2608 3534 2674 Qui
3561 2617 3738 2661 autem

452 2698 742 2766 inspexerit
791 2697 1065 2752 mulierem
1110 2697 1178 2750 ad
1231 2698 1708 2768 concupiscendum
1739 2714 1890 2764 eam,
1921 2700 2038 2769 jam
2078 2702 2365 2754 niwchatus
2397 2710 2473 2754 est
2544 2715 2660 2753 eam
2700 2701 2752 2753 in
2831 2699 2987 2753 corde
3015 2715 3110 2752 suo
3137 2697 3225 2760 ¹³;
3257 2705 3309 2751 et
3335 2697 3475 2766 apud
3510 2694 3736 2748 Paulum

450 2790 758 2858 apostolum
831 2804 954 2858 qua:
1004 2789 1395 2859 praecipiuntur
1457 2808 1471 2844 :
1512 2789 1850 2845 Commonete
1913 2789 2028 2860 (22)
2067 2790 2369 2860 inquietos,
2431 2790 2780 2844 consolantini
2841 2786 3248 2859 pusillanimes,
3292 2789 3542 2842 sustinete
3588 2786 3740 2855 infir-

448 2899 586 2953 mos,
611 2885 867 2954 patientes
909 2893 1071 2939 estote
1104 2885 1173 2938 ad
1199 2900 1374 2939 omnes
1407 2884 1448 2916 "
1479 2901 1494 2951 ;
1523 2895 1579 2942 et
1611 2884 1716 2949 alia
1747 2883 2167 2955 quamplurima.
2204 2903 2226 2938 ι

1695 3019 2256 3077 ιΝΤΕιιΡκΕτΑΤιο
2295 3019 2504 3076 NOVA.

445 3153 573 3195 esse
599 3139 820 3204 Judrem,
854 3141 908 3193 in
943 3155 1048 3209 qua
1089 3155 1117 3192 a
1148 3140 1436 3197 Salomone
1469 3141 1796 3195 mdiﬁcatum
1827 3140 1925 3194 fuit
1959 3139 2218 3208 templum
2249 3140 2383 3205 Dei,
2417 3149 2473 3194 et
2502 3139 2606 3194 alia
2640 3146 2920 3209 sexcenta.
2952 3135 3117 3209 Multo
3141 3135 3286 3209 enim
3314 3135 3466 3209 plura
3503 3141 3629 3187 sunt
3653 3147 3736 3209 se-

451 3212 691 3263 cundum
725 3207 1006 3281 historiam
1039 3225 1160 3264 vera
1181 3250 1196 3274 ,
1228 3228 1390 3280 quam
1420 3228 1540 3281 qua:
1572 3227 1722 3267 tuere
1750 3211 2049 3280 spiritualia
2075 3207 2190 3265 illis
2219 3220 2423 3266 attexta
2460 3219 2606 3264 sunt.
2641 3208 3051 3281 Rursumquis
3099 3207 3312 3281 iu_l_i_cias
3349 3207 3738 3281 ierit__mauda-

458 3289 572 3332 tum
607 3281 708 3334 hoc
735 3300 747 3331 :
774 3279 1006 3352 rllonora
1042 3275 1506 3352 patrem'tuum'et
1536 3294 1753 3335 matrem
1773 3275 2059 3352 ,ιιιαημιιι
2071 3281 2199 3352 bene
2231 3282 2295 3334 sit
2333 3282 2449 3345 tibi,
2482 3275 3011 3352 etiamsinealtiore
3039 3275 3558 3352 intelligentiaptile
3588 3289 3735 3352 esse,

450 3363 515 3402 ac
551 3351 879 3404 servandum
905 3390 919 3416 ,
957 3344 1192 3404 maxime
1225 3365 1346 3404 cum
1381 3350 1580 3407 Paulus
1611 3344 1802 3405 iisdem
1828 3351 2013 3404 verbis
2049 3350 2176 3403 illud
2225 3344 2661 3405 commendarit?
2705 3349 2845 3414 Quid
2897 3348 3094 3401 attinet
3149 3348 3334 3400 dicere
3387 3345 3454 3399 de
3500 3344 3734 3416 caeteris.

454 3417 582 3472 Non
602 3413 968 3490 masc/iuberis,
1014 3436 1119 3472 non
1178 3420 1403 3487 occides,
1460 3437 1562 3474 non
1603 3422 1806 3490 furtum
1851 3421 2046 3490 facies,
2087 3435 2190 3473 non
2226 3422 2367 3476 dices
2408 3422 2603 3490 falsum
2637 3417 3037 3490 testimonium?
3097 3416 3311 3470 Rursus
3349 3417 3398 3469 in
3427 3413 3739 3490 _Evangelio

450 3489 706 3560 mandata
731 3490 974 3560 quaedam
1003 3491 1198 3558 scripta
1229 3485 1397 3554 sunt;'
1414 3491 1481 3543 de
1511 3485 1708 3559 quibus
1745 3485 2144 3560 non‘quagritur
2183 3492 2291 3544 sint
2333 3485 2500 3546 ne'ad
2535 3491 2775 3545 litteram
2807 3489 3144 3542 observanda
3157 3500 3371 3560 JICCILC.
3416 3485 3734 3560 Cuiusmodi

452 3557 696 3630 illudest
722 3577 736 3610 :
773 3557 884 3628 Ego
913 3567 1090 3612 autem
1108 3555 1236 3630 :dico
1261 3561 1404 3614 vobis
1426 3601 1441 3624 ,
1467 3555 1947 3630 quicunqueiratns
1969 3560 2126 3628 fuerit
2153 3559 2312 3629 fratri
2337 3577 2432 3616 suo
2457 3562 2520 3626 “,
2551 3571 2607 3615 et
2633 3575 2757 3630 qua:
2798 3557 3220 3630 sequuntur.‘Et
3240 3575 3260 3630 γε
3295 3555 3406 3630 Ego
3433 3557 3550 3630 dico
3590 3555 3732 3630 vobis

452 3643 556 3681 non
581 3628 771 3702 λιμναῖα
798 3631 1066 3702 ᾼοηιηὶηο.
1105 3629 1166 3702 Et
1221 3627 1633 3684 custodiendum
1674 3627 1762 3686 est
1800 3631 1932 3686 illud
1970 3627 2215 3699 Aposteli
2261 3649 2274 3685 :
2307 3631 2569 3702 Corripite
2611 3627 2912 3701 inquietos,
2964 3627 3308 3684 consolamini
3349 3627 3736 3697 pusillanimes,

451 3699 702 3767 suscipite
723 3699 980 3766 inﬁrmos,
1011 3700 1268 3765 patientes
1299 3709 1461 3754 estote
1487 3703 1557 3754 ad
1589 3717 1784 3756 omnes.

521 3901 634 3973 (2⁸5)
655 3899 982 3957 ΡΑιιρηιιυε.
1013 3900 1090 3956 De
1121 3901 1356 3972 Epistola
1383 3902 1539 3959 Pauli
1563 3906 1628 3959 ad
1647 3906 2036 3966 Philemonem.

2145 3910 2320 3966 credit
2351 3917 2408 3965 et
2447 3909 2552 3964 hoc
2577 3949 2591 3973 ,
2644 3907 2787 3979 quod
2827 3908 3000 3962 Adam
3048 3905 3264 3975 quidem
3308 3903 3520 3973 primus
3572 3901 3735 3956 homo

519 3995 810 4049 ORIGENES.
855 3993 967 4065 (24)
1011 4013 1030 4046 ‹
1073 3995 1180 4049 Sed
1233 4005 1288 4052 et
1332 3997 1400 4052 de
1449 3998 1676 4068 singulis
1720 4010 2036 4058 sanctorum

450 4091 545 4161 qui
595 4089 649 4143 in
691 4089 976 4159 Scriptura
1019 4097 1206 4143 sancta
1250 4089 1541 4160 conscripti
1587 4101 1755 4158 sunt,
1791 4107 2036 4164 quosque

446 4183 642 4250 justos,
672 4187 728 4232 et
751 4180 959 4235 electos
987 4178 1080 4234 Dei
1116 4194 1238 4235 esse
1271 4179 1554 4251 Scriptura
1588 4192 1844 4252 testatur,
1877 4186 2036 4242 debet

448 4287 573 4328 esse
625 4271 759 4327 ﬁdes
809 4271 877 4325 ab
930 4271 1017 4326 bis
1065 4273 1154 4342 qui
1197 4271 1399 4328 salvari
1441 4275 1688 4344 cupiunt.
1737 4275 1854 4334 Non
1889 4279 2032 4336 enim

447 4374 628 4433 potest
655 4377 775 4419 esse
807 4361 1047 4434 perfecta
1077 4364 1131 4418 in
1159 4363 1328 4418 Deum
1358 4365 1516 4431 lides,
1541 4367 1644 4421 nisi
1678 4369 1801 4438 quis
1837 4371 2034 4426 habeat

447 4465 502 4510 ct
539 4458 680 4511 hanc
733 4455 893 4510 tidem
920 4496 935 4520 ,
983 4470 1090 4524 qua
1143 4456 1211 4512 de
1246 4458 1452 4513 sanctis
1493 4459 1638 4527 quod
1678 4461 1857 4514 sancti
1907 4472 2036 4515 sunt

448 4547 712 4602 creditur.
743 4546 896 4613 Quod
935 4558 1114 4602 autem
1165 4547 1396 4603 dicimus
1427 4549 1534 4604 tale
1568 4559 1670 4606 est.
1720 4552 1821 4618 Qui
1857 4555 2036 4608 credi-

449 4630 592 4696 derit
617 4640 671 4694 in
705 4640 896 4704 Deum,
915 4649 969 4696 et
989 4638 1240 4709 dogmata
1264 4640 1381 4710 ejus
1408 4656 1532 4697 vera
1560 4658 1682 4698 esse
1710 4648 2035 4714 susceperit,

505 4824 529 4856 θ
558 4824 728 4880 Exod.
759 4839 852 4894 η.
886 4822 974 4875 12.
1048 4823 1091 4854 ¹⁰
1118 4823 1325 4894 Ephesi.
1361 4840 1435 4887 vr,
1462 4825 1518 4878 9..
1599 4826 1637 4855 “
1672 4823 1842 4881 Exod.
1873 4843 1965 4888 xx,
2003 4826 2067 4878 ιε’)
2091 4834 2146 4880 et
2175 4840 2292 4894 seq.

1760 4898 1800 4927 ¹⁷
1832 4898 1961 4950 ibid.
1999 4896 2182 4951 22-24.
2254 4889 2306 4926 ἰ’
2334 4893 2530 4950 Geues.
2566 4907 2639 4960 IV,
2664 4893 2756 4946 26.
2831 4891 2876 4922 ³⁵
2908 4889 3108 4947 Genes.
3134 4909 3186 4960 v,
3216 4892 3283 4948 21
3316 4903 3372 4949 et
3405 4907 3517 4961 seq.

444 4911 499 4962 ν,
532 4897 616 4950 id.
689 4895 732 4925 ¹⁸
767 4892 953 4949 Matth.
988 4908 1040 4958 ν,
1068 4892 1185 4948 22(
1228 4893 1484 4949 “Geues.
1523 4911 1582 4960 ll,
1616 4895 1667 4948 ἶ.

519 5053 632 5124 (20)
664 5052 941 5118 Merlinus,
961 5053 1012 5106 in
1038 5071 1142 5123 qua
1182 5059 1523 5109 constitutum
1549 5065 1620 5108 est
1652 5054 1900 5122 templum
1927 5052 2032 5111 Do-

446 5125 600 5187 mini,
627 5135 731 5177 etc.
760 5124 865 5177 Sed
893 5140 1022 5177 mss.
1045 5135 1107 5178 ut
1134 5124 1186 5176 in
1222 5137 1366 5179 textu
1393 5143 1406 5188 ;
1438 5127 1537 5177 nisi
1569 5126 1708 5192 quod
1751 5141 1848 5179 ms.
1876 5124 2029 5178 Mun-

2147 4003 2411 4058 formatus
2449 4008 2533 4056 est
2561 4000 2604 4030 ¹⁶
2631 4016 2645 4066 ;
2677 3997 2852 4054 credit
2902 4005 2957 4050 et
3001 3993 3069 4050 de
3116 3995 3224 4050 Eva
3251 4035 3266 4059 ,
3316 3993 3460 4064 quod
3495 4007 3656 4046 unam
3701 4005 3733 4045 e

2145 4093 2310 4148 cosds
2337 4091 2508 4147 Adam
2544 4105 2765 4146 sumens
2791 4089 2956 4153 Deus,
2985 4086 3336 4142 aediﬁcaverit
3358 4099 3477 4139 eam
3502 4091 3561 4137 ut
3589 4094 3735 4138 esset

2141 4185 2260 4257 ejus
2292 4184 2567 4249 mulier";
2601 4181 2770 4238 credit
2792 4179 2908 4252 (25)
2931 4188 2986 4235 et
3011 4179 3154 4249 quod
3179 4178 3325 4232 Enos
3353 4191 3482 4232 vere
3509 4177 3734 4245 speravit

2144 4278 2386 4332 invocare
2414 4292 2600 4331 nomen
2621 4274 2835 4329 Domini
2861 4271 2960 4326 Dei
2981 4271 3025 4303 ¹⁸
3053 4289 3066 4338 ;
3104 4280 3160 4326 et
3189 4270 3335 4340 quod
3363 4268 3571 4333 Enocb,
3606 4268 3733 4338 quia

2145 4371 2200 4425 in
2268 4371 2428 4425 annis
2500 4367 2750 4425 ducentis
2815 4365 3084 4438 placuerit
3157 4365 3313 4428 Deo,
3377 4373 3734 4432 posteaquam

2145 4459 2505 4514 Mathusalem
2537 4458 2724 4528 genuit
2748 4455 3043 4510 translatus
3064 4464 3148 4509 est
3172 4452 3248 4517 ¹⁹;
3277 4461 3332 4508 et
3356 4451 3427 4506 de
3453 4449 3586 4512 Noe,
3608 4449 3736 4520 quia

2144 4567 2402 4620 responsa
2454 4549 2668 4621 accepit
2720 4557 2782 4603 ut
2840 4546 3202 4603 fabricaretur
3264 4559 3412 4609 arca,
3474 4553 3530 4598 et
3587 4541 3738 4597 solus

2143 4643 2386 4698 salvatus
2443 4650 2529 4698 est
2591 4655 2661 4696 ex
2727 4639 2967 4706 diluvio,
3033 4653 3156 4693 cum
3224 4636 3309 4692 his
3363 4633 3736 4690 tantummodo

2376 4825 2418 4855 "
2439 4823 2626 4877 Matth.
2662 4838 2732 4882 v,
2795 4818 2887 4874 28.
2990 4821 3032 4851 ¹³
3060 4821 3188 4877 ibid.
3244 4821 3335 4876 9.8.
3416 4822 3460 4853 "
3492 4820 3512 4875 ι
3539 4819 3732 4878 Thess.

2143 5054 2526 5110 Philemonem.
2585 5055 2710 5113 Haec
2763 5057 2814 5112 in
2870 5055 3026 5110 libris
3082 5065 3240 5110 antea
3287 5057 3450 5112 editis
3507 5054 3734 5121 omissa,

2141 5127 2301 5205 quasi
2331 5127 2547 5205 reliqua
2583 5127 2767 5182 forent
2795 5128 2959 5182 etiam
2986 5142 3024 5205 e_
3062 5127 3199 5182 libro
3231 5139 3429 5205 quarto
3467 5125 3739 5205 Περὶ

449 5197 521 5277 tis
552 5192 610 5277 S:
664 5193 941 5277 Michaelis
977 5194 1229 5249 similiter
1261 5197 1423 5251 habet
1469 5195 1726 5259 Domini,
1753 5205 1808 5252 et
1849 5192 2033 5251 Gene-
2073 5224 2113 5277 ι)
2293 5236 2309 5260 ,
2343 5192 2703 5277 restituuntur
2724 5213 2810 5277 “ex
2861 5198 3113 5252 omnibus
3137 5192 3294 5277 _n‘iss.
3335 5192 3734 5277 Deiiuleediii,

447 5265 678 5320 brardns
712 5265 842 5318 Deo.

521 5333 634 5403 (2i)
664 5335 861 5388 Unities
889 5349 1020 5389 mss.
1057 5337 1262 5400 nostri,
1302 5334 1446 5390 Tunc
1482 5335 1708 5390 deinde:
1759 5351 1882 5390 mox
1923 5335 2035 5406 ple-

453 5405 650 5476 rique,
672 5420 782 5476 iquo
819 5405 1053 5472 prwcipit
1094 5421 1113 5459 :
1148 5407 1457 5476 editiquod
1474 5407 1757 5474 praecepit:
1788 5405 1933 5460 libri
1957 5407 2034 5460 De

446 5475 754 5544 principiis,
788 5476 936 5544 quod
983 5477 1244 5542 praecipit.
1284 5475 1389 5531 seu
1426 5494 1554 5532 mss.
1595 5477 1951 5543 Sorbonicus,
1979 5488 2038 5531 et

450 5546 651 5626 ldentis
691 5543 749 5598 S.
783 5543 1068 5599 Michaelis
1105 5548 1156 5599 in
1187 5547 1436 5603 l’ericulo
1479 5549 1644 5603 maris
1665 5588 1680 5615 ,
1710 5564 1813 5616 quo
1845 5549 2038 5616 praxi-

488 5626 612 5668 Itur.

448 5633 784 5757 rlzgélsm
841 5697 988 5757 recte
1031 5684 1152 5742 libri
1200 5687 1276 5742 De
1317 5688 1613 5757 principiis.
1659 5687 1865 5742 Omnes
1910 5702 2040 5743 vero

450 5753 907 5830 hujustlpologia:
937 5771 1064 5810 mss.
1092 5766 1152 5830 _et
1188 5753 1326 5830 editi
1353 5753 1637 5830 perperam
1660 5798 1675 5824 ,
1706 5759 1906 5830 inquit,
1927 5775 2037 5830 eos.

519 5825 632 5898 (25)
681 5825 1049 5881 l’nmrntws.
1083 5827 1156 5881 De
1196 5825 1647 5898 Epistola'l’auli
1699 5825 1928 5896 apostoli
1969 5828 2037 5884 ad

2141 5269 2288 5322 debet
2312 5283 2423 5320 esse
2441 5269 2685 5336 quazdam
2709 5268 2861 5337 ﬁdes,
2891 5275 3024 5333 etc.,
3055 5269 3148 5323 sed
3180 5283 3370 5325 omnes
3399 5283 3529 5324 mss.
3560 5271 3734 5324 nostri

2141 5339 2400 5391 omittunt
2429 5337 2694 5407 quendam.

2213 5406 2325 5478 (2i)
2360 5404 2451 5478 Es
2469 5409 2774 5478 Comment.
2809 5408 2861 5462 in
2896 5407 3068 5478 Epist.
3110 5409 3178 5462 ad
3206 5404 3594 5466 Philemonem.

2220 5477 2332 5550 (25)
2365 5477 2441 5550 Et
2475 5479 2615 5550 quod
2656 5477 2800 5532 Enos
2848 5477 2964 5534 vere
3006 5481 3231 5546 speravit
3274 5480 3519 5550 invocare
3546 5498 3734 5535 nomen

2142 5545 2360 5602 Domini
2406 5545 2522 5600 Dei.
2556 5547 2682 5602 Haec
2711 5545 3076 5618 prmtermisSa
3109 5558 3234 5603 sunt
3266 5550 3317 5602 in
3345 5549 3526 5615 editis,
3559 5563 3614 5604 et
3645 5567 3732 5605 re-

2143 5622 2444 5690 s_tituutttur
2474 5633 2542 5690 ex
2588 5634 2720 5672 mss.
2779 5621 2867 5688 qui
2914 5635 3104 5674 omnes
3153 5620 3354 5674 habent
3401 5618 3582 5673 Enoch
3636 5637 3736 5690 pro

2142 5687 2308 5743 Enos.
2355 5687 2557 5742 Deinde
2605 5690 2733 5742 editi
2784 5687 2985 5744 habent
3029 5692 3311 5756 trecentis;
3362 5705 3554 5744 omnes
3599 5687 3732 5746 nias.

2141 5760 2402 5830 ducentis.
2439 5757 2608 5813 Paulo
2639 5767 2758 5828 post
2790 5760 2952 5815 iidem
2986 5760 3114 5815 editi
3167 5771 3222 5814 et
3275 5777 3377 5817 ms.
3420 5757 3642 5830 Regius,
3677 5771 3735 5816 ut

2141 5829 2429 5898 fabricaret
2463 5846 2642 5885 arcam
2669 5845 2687 5885 :
2722 5832 2817 5887 sed
2849 5831 3038 5888 caeteri
3073 5845 3204 5889 mss.
3237 5841 3297 5887 ut
3329 5833 3382 5887 in
3413 5839 3586 5888 textu.
