4162 6462
473 445 578 512 59‘s
1671 436 2041 528 {nomen
2079 451 2215 508 rso
2253 451 2574 510 ORIGEMZ.
3645 458 3750 515 εει

473 573 585 646 (26)
614 573 707 644 qui
739 587 924 629 secum
946 571 1140 629 arcam"
1164 572 1381 628 fuerant
1422 573 1649 644 ingchSt
1684 582 1754 627 δ’.
1799 567 2064 626 Similiter
2091 569 2141 630 Α
2170 567 2237 622 de
2266 567 2666 622 resurrectione
2699 564 2957 636 scripsit,
2991 579 3153 636 quam
3185 581 3252 622 ex
3282 568 3494 623 cteteris
3521 571 3637 639 ejus
3668 572 3756 624 di—

471 673 525 720 et
559 666 626 718 de
668 663 981 730 Abraham,
1009 663 1152 734 quod
1177 664 1436 720 meruerit
1458 663 1831 720 testimonium
1853 661 1978 726 Dei,
2009 669 2064 715 et
2167 661 2338 716 versis
2378 659 2780 726 voluminibus,
2832 659 3254 729 approbabimus
3313 663 3478 717 etiam
3541 665 3592 718 in
3641 665 3746 721 hac

473 760 615 828 quod
649 761 952 828 susceperit
976 758 1236 830 hospitio,
1271 775 1394 814 cum
1421 769 1565 817 esset
1594 762 1694 815 sub
1723 760 1845 814 ilice
1884 758 2061 813 Mam-

472 855 601 914 bre.
658 861 770 908 tres
799 853 947 908 viros
972 891 987 918 ,
1021 867 1087 907 ex
1133 853 1329 922 quibus
1361 867 1501 908 unus
1549 854 1810 908 Dominus
1847 853 2056 907 erat“.
2099 860 2108 869 '

472 945 662 1001 Credit
701 954 754 998 et
787 945 853 999 de
883 944 1039 999 Isaac
1076 944 1159 999 vel
1188 945 1458 1015 quomodo
1489 954 1650 1001 natus
1672 954 1778 1009 est,
1815 945 1900 1000 vel
1927 959 2059 1015 quo-

472 1038 630 1092 modo
664 1037 880 1092 oblatus
913 1045 997 1091 est
1043 1052 1071 1090 a
1117 1047 1306 1106 patre,
1361 1038 1447 1093 vel
1480 1037 1750 1108 quomodo
1799 1050 2058 1106 responsa

472 1127 566 1182 Dei
611 1128 800 1182 audire
829 1129 1092 1182 meruerit
1111 1129 1194 1180 ηε
1225 1128 1318 1184 sed
1348 1136 1404 1185 et
1434 1129 1501 1184 de
1533 1127 1722 1206 Iacob,
1749 1127 1893 1199 quod
1933 1142 2056 1181 mu—

471 1232 587 1275 tato
617 1221 834 1275 nomine
871 1218 1040 1276 Israel
1083 1234 1113 1274 a
1147 1219 1258 1275 Deo
1295 1219 1714 1290 cognominatus
1761 1227 1848 1274 est
1883 1218 1968 1273 ²³ε
2007 1227 2060 1273 et

471 1314 536 1368 de
563 1313 768 1384 Moyse,
803 1311 944 1381 quod
979 1325 1073 1381 per
1119 1312 1272 1382 signa
1312 1319 1367 1365 et
1395 1311 1628 1365 virtutes
1671 1311 2060 1366 ministraverit

470 1407 580 1460 Deo
612 1405 678 1458 “.
706 1404 892 1459 Credit
914 1413 968 1458 et
1009 1405 1152 1473 quod
1183 1403 1340 1459 Jesus
1374 1402 1520 1459 Nave
1553 1402 1843 1458 exauditus
1872 1417 1901 1458 a
1947 1404 2059 1458 Deo

470 1506 617 1551 stare
653 1494 845 1550 fecerit
877 1493 1049 1548 solem
1083 1509 1248 1563 super
1287 1491 1546 1560 Gabaon,
1576 1501 1631 1548 et
1665 1493 1848 1548 lunam
1895 1507 2058 1563 super

467 1589 659 1642 vallem
702 1587 875 1642 Ilelon
900 1588 966 1638 ’⁵.
1001 1586 1137 1654 Quid
1177 1595 1357 1640 autem
1391 1587 1682 1641 dicendum
1708 1594 1792 1641 est
1824 1585 1894 1640 de
1925 1586 2058 1641 Iide-

469 1680 611 1735 Iibus
635 1678 935 1750 judicibus,
953 1685 1008 1733 et
1033 1679 1098 1733 de
1123 1678 1208 1732 his
1235 1687 1356 1748 qua:
1383 1691 1479 1746 per
1508 1693 1602 1733 eos
1625 1686 1775 1748 gesta
1808 1677 2056 1732 referun-

469 1782 555 1828 tur
582 1791 594 1827 :
628 1772 711 1827 vel
745 1773 796 1826 in
829 1769 1140 1840 Regnorum
1165 1769 1322 1825 libris
1345 1771 1414 1824 de
1437 1769 1713 1838 Samuele,
1747 1770 1890 1840 quod
1919 1785 2056 1826 mes-

463 1866 604 1921 sium
643 1874 886 1934 tempore
931 1865 1141 1934 pluvias
1173 1880 1202 1919 a
1251 1863 1360 1919 Deo
1389 1865 1723 1935 poposcerit,
1750 1873 1804 1918 et
1835 1879 2056 1934 accepe-

2165 763 2321 825 parte
2350 766 2513 822 quam
2550 751 2826 806 catholice
2852 751 3104 807 senserit.

2257 860 2420 901 PRIMA
2462 859 2747 900 RESPONSIO
2786 861 2853 898 AD
2893 859 3166 900 θερτιιιλιι
3204 854 3651 903 ειιιιιιΜτιοΝει.

2762 937 2989 994 CAPUT
3026 938 3134 994 VII.

2402 1029 2676 1097 Quomodo
2703 1031 2961 1087 sentiebat
2999 1032 3064 1087 de
3096 1034 3497 1087 resurrectione.

2234 1121 2527 1180 ORIGENES.
2601 1123 2733 1195 (29)
2792 1123 3122 1190 «Quomodo
3168 1127 3314 1179 enim
3365 1141 3472 1181 non
3530 1125 3746 1181 videtur

2164 1215 2478 1279 absurdum,
2517 1226 2575 1271 ut
2600 1218 2704 1271 hoc
2731 1231 2950 1284 corpus,
2975 1219 3116 1286 quod
3153 1233 3249 1288 pro
3271 1218 3490 1272 Christo
3523 1219 3743 1288 pertulit

2162 1307 2470 1372 cicatrices,
2521 1318 2578 1363 et
2619 1309 2834 1379 pariter
2880 1325 3004 1364 cum
3039 1309 3222 1364 anima
3261 1309 3375 1380 (50)
3408 1311 3742 1380 persecutio-

2161 1415 2291 1455 num
2325 1399 2576 1456 tolcravit
2609 1415 2748 1456 saeva
2783 1409 3073 1463 tormenta.
3117 1416 3399 1458 carcerum
3436 1417 3654 1472 quoque
3679 1419 3744 1458 ac

2159 1493 2505 1548 vinculorum
2559 1502 2614 1549 et
2668 1494 2954 1548 verberum
3016 1494 3280 1565 supplicia
3339 1495 3584 1564 pertulit,
3619 1495 3744 1563 igne

2159 1584 2323 1640 etiam
2361 1584 2686 1647 cruciatum,
2724 1585 2872 1639 ferro
2921 1599 3117 1640 cursum
3157 1596 3264 1651 est,
3305 1587 3528 1656 insuper
3568 1597 3622 1641 et
3649 1587 3746 1642 be-

2160 1677 2390 1733 stiarum
2437 1686 2692 1732 cruentos
2743 1692 2993 1744 morsus,
3048 1679 3227 1733 crucis
3269 1678 3532 1748 patibula,
3574 1693 3637 1735 ac
3663 1679 3744 1734 di-

2159 1783 2316 1825 versa
2369 1784 2656 1838 poenarum
2705 1783 2906 1840 genera
2962 1785 3276 1839 perpessum
3305 1779 3410 1834 est,
3469 1779 3740 1826 tantorum

2161 1861 2526 1918 certaminum
2573 1863 2815 1931 praemiis
2867 1861 3257 1916 deiraudetur?
3309 1862 3520 1933 Quippe
3548 1865 3592 1918 si
3627 1865 3740 1919 sola

462 1959 537 2014 rit
559 1957 651 2012 “1
674 1968 728 2013 et
755 1928 823 2012 de
855 1928 1020 2012 David
1048 1971 1208 2023 quem
1233 1928 1532 2025 assumpsit
1561 1928 1823 2011 Dominus
1847 1928 2058 2028 (SD-ab
2089 1928 2133 1982 Β
2163 1953 2369 2018 anima,
2400 1968 2520 2024 quae
2547 1928 2654 2008 non
2693 1953 2807 2008 sola
2842 1953 2954 2023 (5|)
2988 1928 3664 2021 certaveriticoronetur,
3689 1965 3745 2012 et

464 2051 658 2106 ovibus
680 2051 746 2115 "’,
777 2060 836 2104 ut
886 2059 1108 2119 regeret
1141 2047 1310 2102 Iacob
1339 2062 1568 2118 puerum
1601 2063 1780 2112 suum,
1809 2057 1865 2101 et
1895 2047 2058 2102 Israel

465 2141 836 2195 haereditatem
863 2155 1016 2195 suam
1039 2141 1134 2194 "'1’
1171 2148 1224 2196 et
1252 2141 1317 2193 de
1350 2139 1564 2193 Nsthan
1590 2141 1733 2208 quod
1766 2139 2057 2208 propheta-

463 2235 604 2288 verit
643 2235 724 2287 ’δε
768 2247 975 2288 necnon
1019 2242 1073 2288 et
1121 2225 1236 2289 Gad
1270 2235 1353 2289 "z
1395 2231 1491 2288 sed
1534 2240 1589 2286 et
1635 2231 1701 2287 de
1745 2230 2054 2302 Salomone,

462 2325 604 2394 quod
637 2326 948 2394 apparuerit
973 2326 1021 2380 ei
1066 2326 1117 2379 in
1157 2326 1275 2381 visu
1323 2324 1584 2381 Dominus
1620 2324 1664 2357 ³ο
1710 2343 1725 2381 :
1757 2325 1898 2380 etde
1917 2325 2054 2390 Elia,

460 2414 602 2483 quod
643 2426 963 2486 assumptus?
984 2426 1069 2473 est
1111 2433 1207 2488 per
1234 2420 1606 2474 ascensionem
1656 2419 1711 2473 in
1745 2417 1941 2473 coelum
1983 2418 2052 2484 ",

459 2503 669 2560 eﬂ'ectis
714 2505 819 2561 illis
851 2506 1135 2573 omnibus,
1174 2523 1294 2577 quae
1336 2520 1538 2580 scripta
1573 2516 1737 2576 sunt,
1781 2508 1952 2580 signis
1999 2517 2056 2564 et

458 2597 760 2668 prodigiis:
796 2601 889 2654 sed
923 2601 1071 2656 etde
1117 2601 1312 2656 Elisan
1337 2643 1353 2667 ,
1410 2602 1670 2673 quoniam
1724 2618 1830 2657 non
1875 2602 2051 2658 solum

457 2691 802 2745 resuscitavit
834 2692 1001 2746 [ilium
1027 2694 1348 2760 b'unamitis,
1381 2695 1474 2751 sed
1499 2704 1554 2750 et
1587 2703 1858 2750 mortuum
1891 2711 2052 2766 super

453 2794 576 2834 ossa
607 2797 702 2836 sua
738 2785 1040 2853 projectum
1077 2785 1142 2838 η.
1174 2785 1403 2856 Oportet
1429 2801 1562 2854 ergo
1602 2800 2050 2859 unumquemque

456 2872 692 2928 ﬁdelium
729 2877 954 2932 credere
1001 2885 1056 2932 et
1100 2881 1353 2934 omnibus
1399 2895 1520 2950 quae
1566 2882 1770 2952 scripta
1810 2889 1940 2937 sunt
1983 2883 2050 2938 de

453 2961 706 3028 Ezechia,
733 2970 874 3031 quod
907 2970 956 3022 in
991 2970 1182 3025 diebus
1207 2970 1324 3039 eius
1349 2981 1658 3028 retrorsum
1706 2975 2050 3046 repedaverit

453 3056 642 3111 umbra
676 3059 811 3114 solis
839 3060 904 3114 ³³.
933 3061 1028 3117 Est
1057 3077 1188 3134 ergo
1219 3063 1353 3118 ﬁdes
1389 3073 1574 3118 nostra
1615 3066 1794 3136 primo
1826 3067 2045 3136 quidem

449 3149 692 3204 omnium
753 3151 805 3205 in
854 3153 1142 3210 Dominum
1203 3166 1452 3210 nostrum
1500 3155 1685 3211 Jcsum
1739 3157 2042 3223 Christum,

2161 2045 2406 2116 corporis
2450 2045 2532 2100 sui
2569 2043 2848 2100 vasculum
2877 2045 3020 2115 quod
3053 2046 3100 2100 ei
3131 2060 3254 2102 cum
3304 2061 3501 2118 magno
3552 2048 3740 2103 labore

2161 2137 2406 2203 servivit,
2433 2136 2578 2191 nulla
2608 2137 2798 2205 agonis
2829 2152 2895 2192 ac
2919 2137 3161 2193 victoriae
3187 2139 3410 2208 praemia
3437 2154 3740 2209 consequa-

2161 2237 2268 2292 tur,
2301 2229 2573 2299 quomodo
2604 2245 2712 2284 non
2739 2238 2927 2284 contra
2962 2244 3177 2284 omnem
3219 2231 3482 2286 rationem
3526 2232 3740 2286 videtur

2159 2329 2219 2375 ut
2250 2321 2588 2378 naturalibus
2616 2324 2766 2378 vitiis
2798 2331 2963 2393 atque
2989 2324 3246 2395 ingenitae
3275 2323 3484 2380 libidini
3515 2335 3744 2396 propter

2157 2413 2431 2468 Christum
2479 2429 2609 2468 caro
2644 2418 2926 2483 resistens,
2961 2425 3018 2472 et
3062 2418 3427 2488 virginitatem
3479 2419 3738 2474 obtinens

2155 2522 2278 2563 cum
2321 2508 2528 2578 ingenti
2565 2509 2773 2577 labore,
2823 2509 2917 2578 qui
2967 2509 3318 2566 continentia:
3355 2508 3513 2565 labor
3549 2511 3742 2581 utique

2155 2609 2248 2654 aut
2275 2600 2450 2671 major
2477 2603 2725 2670 corporis
2769 2585 2885 2673 (52)
2910 2615 3076 2672 quam
3115 2603 3310 2658 animae
3337 2613 3441 2670 est,
3471 2613 3563 2658 aut
3590 2613 3758 2660 certe

2154 2691 2439 2762 utriusque
2484 2694 2708 2762 aequalis
2738 2701 2842 2761 est,
2892 2694 3241 2764 praemiorum
3294 2702 3538 2766 tempore
3568 2695 3739 2751 altera

2151 2785 2298 2841 velut
2330 2785 2552 2856 indigna
2591 2786 2890 2855 rejiciatur,
2923 2788 3092 2842 altera
3133 2789 3315 2843 veniat
3342 2789 3410 2843 ad
3439 2789 3748 2845 coronam?

2151 2879 2282 2948 Quze
2313 2895 2402 2936 res
2446 2879 2564 2935 sine
2608 2880 2774 2936 dubio
2823 2890 2911 2936 aut
2956 2879 3233 2950 injustitiae
3282 2881 3512 2952 alicujus
3542 2881 3740 2952 Deum,

2149 2981 2243 3025 aut
2273 2969 2724 3039 impossibllitatis
2755 2982 2999 3026 accusat.
3035 2991 3056 3024 ι

2219 3062 2546 3118 Purmws.
2581 3061 2677 3118 His
2709 3064 3105 3120 assertionibus
3136 3065 3402 3134 incipiens
3449 3067 3526 3120 uti
3558 3066 3624 3122 de
3651 3080 3747 3122 rc-

2147 3158 2490 3212 surrectlone
2529 3167 2889 3222 mortuorum,
2950 3172 3048 3226 per
3104 3167 3272 3212 totam
3315 3159 3608 3215 voluminis
3648 3160 3740 3215 sui

450 3251 854 3311 consequenter
881 3261 1013 3302 vero
1038 3247 1204 3302 etiam
1244 3248 1296 3302 itt
1333 3263 1525 3304 omnes
1555 3257 1775 3305 sanctos
1805 3253 2042 3320 patriar-
2068 3272 2110 3332 ρ
2146 3249 2347 3305 seriem
2393 3247 2819 3304 evidentissimis
2848 3249 3332 3320 approbationibus
3361 3265 3495 3305 usus
3524 3258 3630 3306 est.
3664 3253 3732 3306 In

449 3331 601 3397 chas,
630 3333 710 3388 vel
746 3337 1060 3407 prophetas,
1087 3338 1172 3396 vel
1202 3340 1478 3410 apostolos
1507 3340 1736 3409 Christi,
1761 3357 1829 3398 eo
1852 3343 2044 3400 ordine

452 3435 562 3491 quo
588 3427 842 3494 superius
878 3427 1137 3485 diximus.

515 3514 847 3574 Pauputws.
879 3518 1224 3578 Suiﬁcienter
1282 3523 1385 3579 ista
1430 3525 1494 3580 ad
1546 3525 1918 3596 probationem
1951 3543 2043 3583 ca-

449 3606 668 3663 tholicae
697 3608 816 3678 ejus
847 3610 991 3674 ﬁdei.
1018 3622 1073 3668 et
1095 3615 1334 3684 qualiter
1355 3618 1520 3672 etiam
1555 3619 1623 3674 de
1659 3620 1772 3688 ipsa
1794 3619 2041 3694 Scriptu-

445 3713 630 3753 rarum
663 3700 891 3760 historia
923 3706 1180 3772 senserit,
1215 3706 1359 3762 dicta
1390 3708 1523 3763 sint.

516 3789 583 3843 Et
611 3791 870 3859 quoniam
901 3793 1046 3850 inter
1077 3804 1308 3851 caeteras
1332 3798 1745 3857 criminationes
1767 3800 1881 3874 (28)
1905 3815 2042 3872 quas

444 3882 493 3934 ei
544 3882 819 3950 inferunt,
856 3886 1021 3941 etiam
1057 3903 1220 3959 quam
1283 3892 1576 3948 maximam
1609 3904 1857 3963 ponunt,
1893 3895 2036 3966 quod

445 3976 905 4032 resurrectionem
939 3977 1182 4034 futuram
1217 3981 1447 4053 deneget
1477 3995 1819 4042 mortuorum
1841 4028 1856 4054 ,
1892 3988 2038 4057 quod

443 4067 630 4136 utique
663 4069 906 4124 futurum
955 4074 1245 4131 manifeste
1289 4077 1340 4130 in
1369 4077 1632 4134 Ecclesiis
1681 4081 2030 4150 praedicatur,

442 4170 785 4229 consequens
833 4171 920 4217 est
967 4164 1129 4218 etiam
1159 4165 1226 4221 de
1265 4167 1368 4222 hoc
1398 4169 1567 4239 ipsius
1602 4185 1702 4226 nos
1725 4172 1905 4227 verbis
1939 4185 2033 4227 ca-

441 4249 741 4307 Iumniosos
758 4254 1064 4321 ostendere,
1089 4265 1144 4311 et
1177 4259 1469 4315 mendaces
1500 4262 1782 4318 evidenter
1805 4278 2034 4334 arguere

441 4351 536 4394 eos
568 4342 660 4410 qui
710 4344 876 4398 etiam
910 4345 1113 4415 scripta
1161 4346 1227 4402 de
1274 4348 1382 4404 hoc
1409 4349 1572 4406 edere
1611 4353 1874 4408 adversus
1904 4369 2027 4407 eum

441 4444 548 4485 non
599 4445 980 4503 pepercerunt.
1035 4437 1168 4493 Tam
1206 4455 1275 4495 ex
1321 4442 1454 4512 ipsis
1491 4442 1657 4512 igitur
1691 4444 1846 4500 libris
1891 4459 2030 4515 quos

510 4575 557 4607 ³ο
593 4574 790 4660 Cenes.
832 4595 1092 4660 VI-VIII.”
1125 4585 1175 4660 “_
1191 4585 1410 4660 Cenes.
1447 4605 1600 4660 svnt,
1637 4590 1693 4656 2,
1723 4605 1838 4660 seq.

439 4660 639 4731 vltus.“
678 4650 723 4680 ³⁸
747 4649 911 4706 Jusue
948 4654 1119 4731 x,_.Ij2_,_
1319 4658 1364 4689 "
1395 4659 1412 4712 I
1444 4649 1716 4731 Regaxtt,
1744 4649 1831 4731 η’,
1869 4662 1955 4717 18.

438 4716 483 4747 ⁸³
513 4714 558 4769 II
600 4717 732 4789 Reg.
757 4737 905 4776 utv.

1931 4593 1977 4623 "
2003 4590 2198 4647 Cenes.
2236 4604 2350 4652 xxi,
2382 4603 2496 4642 xxtt
2523 4597 2579 4642 et
2614 4601 2762 4640 xxvn.

1931 4669 1934 4682 '
2055 4662 2098 4692 I'I
2142 4661 2156 4692 I
2205 4659 2316 4692 Ωοη
2378 4675 2469 4692 νινε
2546 4659 2602 4692 ΙΙ
2698 4658 2762 4688 17‘

996 4659 1117 4717 .12,
1154 4659 1244 4711 I5.
1319 4659 1364 4689 "
1395 4659 1412 4712 I
1444 4659 1576 4731 Reg.
1617 4659 1831 4727 “1,177,
1869 4662 1955 4717 18.

996 4723 1121 4778 "III
1151 4727 1282 4797 Reg.
1335 4744 1436 4796 ιιι,
1469 4729 1524 4784 5.
1599 4731 1735 4787 “IV
1770 4729 1904 4804 Reg.
1955 4748 2015 4802 tt,

2146 4661 2157 4714 Ι
2204 4659 2335 4728 Reg.
2378 4675 2492 4716 xw.
2546 4659 2632 4712 11.
2698 4659 2934 4712 "'Psal.
2969 4673 3116 4718 LXXI,
3150 4659 3238 4712 7I.
3315 4659 3361 4689 ’⁸
3392 4659 3430 4712 ll
3459 4659 3571 4727 Reg

2146 4747 2179 4802 ς.
2210 4746 2299 4797 tv,
2328 4729 2398 4784 54
2424 4769 2440 4795 ,
2468 4729 2578 4794 55;
2611 4741 2707 4782 xm
2734 4767 2749 4793 ,
2775 4729 2866 4782 2|.
2947 4729 2990 4761 ³³
3021 4729 3082 4782 ιν
3124 4727 3254 4797 Reg.
3291 4743 3380 4794 xx,
3419 4729 3572 4784 9-H.

2146 3341 2386 3400 secundo
2420 3354 2551 3395 vero
2589 3340 2729 3396 libro
2753 3341 3020 3411 ejusdem
3080 3341 3344 3406 materiae,
3379 3356 3501 3396 cum
3535 3343 3736 3412 praedi-

2141 3435 2312 3491 xisset
2338 3434 2452 3507 (55)
2488 3433 2614 3504 quia
2648 3433 2805 3502 quasi
2832 3434 2898 3487 ad
2922 3431 3155 3503 gentiles
3178 3431 3512 3502 loqueretur,
3547 3434 3736 3505 hujus-

2139 3527 2352 3585 cemodi
2381 3541 2538 3582 suam
2575 3525 2906 3581 sententiam
2948 3524 3270 3580 declaravit.

2212 3621 2505 3678 ORIGENES.
2563 3617 2702 3692 (54)
2760 3637 2778 3670 ι
2819 3617 2928 3675 Nos
2985 3633 3115 3674 vero
3158 3626 3281 3688 post
3323 3617 3730 3688 corruptionem

2145 3716 2334 3772 mundi
2364 3715 2584 3770 eosdem
2628 3713 2772 3783 ipsos
2805 3710 3017 3766 futuros
3042 3725 3167 3766 esse
3191 3712 3444 3766 homines
3473 3711 3730 3777 dicimus,

2141 3806 2272 3863 licet
2303 3819 2409 3859 non
2457 3803 2511 3858 in
2543 3803 2735 3857 eodem
2787 3811 2954 3866 statu,
3003 3815 3179 3871 neque
3205 3800 3259 3856 in
3296 3800 3488 3856 iisdem
3521 3801 3733 3868 passio--

2141 3898 2322 3952 nibus.
2348 3895 2464 3951 Non
2496 3895 2639 3949 enim
2675 3894 2875 3948 iterum
2903 3908 2968 3948 es
2994 3893 3360 3949 conventione
3387 3893 3486 3947 viri
3519 3899 3575 3947 et
3605 3907 3731 3946 mu-

2138 3989 2289 4045 lieris
2317 3995 2501 4053 erunt,
2545 3988 2665 4052 sed,
2696 3985 2846 4041 verbi
2878 3987 3078 4055 gratia,
3109 3999 3174 4040 ea
3219 3986 3362 4041 ratio
3395 4000 3517 4055 quae
3546 3985 3731 4040 conti-

2138 4089 2236 4134 net
2260 4077 2412 4131 Pauli
2445 4077 2810 4132 substantiam
2839 4076 3017 4145 (Pauli
3047 4085 3228 4130 autetn
3283 4090 3426 4130 nunc
3454 4075 3574 4130 dlco
3603 4089 3730 4129 cor-

2141 4167 2364 4240 poralis)
2402 4169 2551 4225 salva
2602 4181 2905 4238 permanet,
2935 4179 2993 4224 et
3019 4182 3144 4223 cum
3190 4168 3422 4223 voluerit
3465 4169 3606 4222 Deus
3640 4181 3730 4222 se-

2143 4261 2380 4316 cundum
2410 4273 2474 4315 ea
2506 4274 2628 4330 quae
2661 4260 2803 4315 dicta
2854 4270 3004 4327 sunt,
3049 4274 3147 4330 per
3196 4271 3595 4315 sacramentum
3636 4267 3726 4314 tu-

2140 4356 2330 4410 barum
2379 4352 2433 4407 in
2471 4351 2767 4409 novissima
2802 4353 2930 4408 tuba
2988 4353 3169 4408 facere
3199 4361 3256 4407 ut
3308 4353 3505 4408 mortui
3541 4366 3726 4407 resur-

2138 4455 2291 4519 gant,
2325 4459 2420 4517 per
2456 4444 2601 4499 illam
2649 4445 2816 4515 ipsam
2849 4444 2962 4516 (55)
2994 4445 3423 4516 substantialem
3453 4445 3724 4502 rationem

2841 4589 2886 4618 ”
2921 4587 3059 4642 Gen.
3090 4603 3263 4653 xxxtt,
3296 4585 3387 4640 28.
3459 4587 3507 4619 ³⁸
3548 4587 3720 4642 Exod.

2378 4675 2492 4716 xvt.
2546 4659 2632 4712 Il.
2698 4657 2934 4712 "'Psal.
2969 4673 3116 4718 Lxxt,
3150 4658 3238 4712 7I.
3315 4658 3361 4689 ’⁸
3392 4658 3430 4712 ll
3459 4657 3592 4727 Reg.
3619 4672 3719 4712 xu.

513 4851 625 4937 ($6)
657 4852 756 4909 ‘Sic
784 4869 974 4936 omnes
1007 4859 1319 4937 mss._Ed_iti
1362 4878 1510 4932 vero,
1541 4869 1632 4936 qui
1657 4884 1773 4923 eum
1805 4884 1864 4922 eo
1898 4873 2014 4934 fue-
2044 4869 2090 4927 Ι)
2117 4876 2136 4919 t
2220 4865 2332 4937 (5|)
2364 4865 2531 4929 Editi,
2571 4875 2860 4920 certaverat
2886 4883 2902 4919 :
2928 4866 3117 4920 deinde
3143 4866 3555 4931 Genebrsrdus,
3601 4884 3722 4922 con-

437 4932 558 5008 rant
587 4927 1030 5008 arcamt'ngresss'
1052 4945 1070 4985 :
1110 4932 1361 5008 similiter
1393 4943 1443 4989 et
1485 4927 1772 4992 Abraham.
1811 4927 2016 4996 Deinde

436 5007 567 5075 mss.
617 5001 789 5075 nostri
817 5001 1134 5075 _omittunt,
1177 5003 1260 5057 uel
1303 5008 1564 5075 quomodo
1618 5008 1824 5062 oblatus
1860 5019 1936 5063 est
1986 5029 2017 5063 a

440 5061 600 5136 Patre
623 5066 766 5136 :sed
816 5066 930 5123 haec
959 5061 1179 5126 exstant
1232 5075 1285 5128 in
1314 5061 1502 5132 'editis.
1551 5077 1652 5132 Ms.
1689 5061 2019 5136 Snrbon'icu's

435 5132 597 5188 habet
620 5135 848 5192 donatus
873 5148 947 5193 est
978 5154 1076 5210 pro
1100 5154 1257 5199 natus
1287 5159 1383 5200 est.

501 5221 616 5294 (27)
650 5223 778 5303 Mss.
811 5230 1005 5303 nostri,
1033 5231 1122 5303 alii
1171 5235 1236 5287 ab
1267 5237 1528 5303 omnibus,
1561 5238 1651 5294 alii
1695 5239 1759 5294 ab
1792 5243 2016 5297 homini-

433 5291 568 5347 bus:
597 5291 699 5349 sed
733 5300 934 5354 rectius
959 5291 1160 5358 habere
1186 5305 1436 5361 videntur
1465 5291 1946 5375 mansionis}.

502 5383 718 5469 (‘28)Ita
739 5404 943 5473 ’omnes
983 5406 1114 5473 mss.
1134 5397 1338 5473 _nostri.
1369 5398 1511 5454 Editi
1545 5416 1674 5455 vero
1705 5417 2011 5473 perperam,

426 5469 568 5539 quas.
593 5459 642 5510 ei
671 5459 930 5539 inferunt,
957 5472 1033 5516 est
1073 5465 1256 5539 etiam,
1287 5484 1444 5535 quam
1475 5459 1764 5526 maximam
1792 5459 2013 5539 possunt,

427 5527 568 5614 quod
591 5527 1598 5614 resurrectionemscilicetmortuorum
1626 5527 2015 5614 denegettqua}

429 5598 608 5682 utique
660 5598 844 5682 futura
896 5603 1178 5682 manifeste
1239 5607 1311 5682 in_
1355 5608 1607 5682 Ecclesiis
1664 5598 2009 5682 praedicatur,

429 5679 752 5745 consequens
772 5670 932 5723 etiam
961 5681 1038 5726 est
1063 5673 1160 5729 has
1187 5691 1254 5730 ex
1293 5678 1459 5743 ipsius
1487 5697 1580 5737 nos
1609 5670 1776 5741 verbis
1813 5670 2015 5740 calam;

430 5743 546 5790 nias
572 5743 860 5807 ostendere,
893 5750 1003 5797 etc.

641 5829 920 5912 ἐχρήιηο
943 5835 1097 5912 libro
1115 5837 1188 5893 De
1218 5845 1614 5902 resurrectione.

499 5899 612 5971 (50)
647 5899 808 5974 Editi,
841 5909 1272 5979 persecutionem,
1301 5913 1457 5972 male.

2137 4952 2198 4990 ra
2223 4951 2428 4990 omnem
2481 4938 2740 4989 rationem
2771 4953 2882 4991 esse
2930 4937 3170 4990 videatur
3202 4957 3218 4992 :
3273 4941 3367 4993 sed
3420 4947 3634 4993 mss.ut
3661 4940 3718 4994 in

2129 5014 2297 5062 ιθιιιιι.

2200 5076 2314 5144 (52)
2360 5075 2698 5148 Μεεειιοδιιιί
2747 5077 3028 5148 omittunt,
3077 5093 3233 5147 quam
3285 5079 3500 5142 animm,
3565 5079 3714 5148 quod

2129 5148 2423 5219 restituunt
2456 5147 2607 5219 editi.
2649 5147 2827 5219 Paulo
2870 5157 2991 5216 post
3016 5151 3146 5202 editi
3175 5149 3453 5216 omittunt,
3482 5147 3602 5219 qua?
3631 5164 3712 5206 res

2126 5218 2241 5289 sine
2277 5217 2436 5270 dubio
2459 5228 2550 5270 aut
2578 5217 2857 5288 injustitt’te
2899 5219 3133 5288 alicujus
3161 5219 3352 5282 Deum,
3387 5217 3712 5289 aut‘impos-

2123 5288 2393 5341 sibilitatis
2426 5301 2663 5350 accusat,
2693 5289 2837 5356 quod
2867 5291 3372 5343 reetituuntmunes
3401 5306 3534 5345 mss.

2195 5357 2308 5428 (55)
2345 5358 2510 5423 Quia,
2557 5359 2904 5413 desideratur
2950 5359 3005 5412 in
3064 5361 3248 5421 editis,
3299 5370 3355 5414 et
3403 5360 3710 5417 restituitur

2121 5443 2185 5483 ex
2225 5445 2354 5482 mss.

2191 5499 2306 5568 (54)
2337 5498 2412 5551 Ex
2443 5498 2581 5553 libro
2615 5514 2651 5553 ιι
2689 5498 2763 5552 De
2788 5502 3194 5556 resurrectione.

2193 5569 2308 5639 (55)
2339 5568 2500 5642 Editi,
2530 5569 2847 5642 substantia:
2878 5573 3138 5623 rationem
3167 5589 3288 5642 qua:
3317 5575 3464 5626 salva
3492 5590 3707 5641 perma-

2124 5649 2230 5702 net,
2260 5648 2317 5692 ut
2342 5640 2406 5692 de
2448 5648 2602 5692 terrae
2655 5640 2866 5708 pulvere
2894 5640 3276 5695 resusciten'tur
3323 5659 3355 5696 a
3393 5640 3618 5700 mortuis
3645 5662 3710 5700 ea:

2123 5711 2366 5789 omnibus
2414 5709 2540 5789 locis
2575 5710 2633 5763 in
2686 5711 2903 5789 ᾳιιὶςζιιεἶ
2949 5711 3152 5789 DCIII-{I8
3204 5711 3611 5789 Genetii-tardus,
3658 5726 3709 5789 et

2124 5781 2308 5832 iterum
2342 5781 2745 5834 resuscitantur.
2771 5780 2854 5834 Ex
2883 5781 2978 5834 hoc
3008 5783 3258 5845 arbitror.
3301 5793 3407 5838 etc.
3437 5783 3541 5839 Sed
3574 5780 3705 5840 tnss'.

2125 5851 2279 5974 negti
2320 5859 2517 5924 tcxtut
2549 5851 2652 5908 nisi
2691 5853 2836 5923 quod
2883 5854 3127 5924 plerique
3175 5853 3431 5911 omittunt
3474 5855 3538 5921 ii,
3579 5865 3710 5911 ante

2125 5935 2326 5974 aureus.

2118 5935 2326 5989 quwus.
