4162 6456
448 418 556 477 595

1622 418 1631 425 ⁴
1653 416 1714 471 S.
1755 415 2081 472 PAMPHILI
2117 415 2477 472 MABTYRIS

3612 410 3720 468 596

452 554 572 607 qua:
602 537 749 593 salva
778 547 1082 609 permanet,
1132 538 1201 593 de
1253 545 1410 591 terra:
1443 537 1667 607 pulvere
1702 539 2038 593 suscitantur
2064 543 2112 602 Α
2140 541 2226 594 dis
2268 540 2372 594 hoc
2418 535 2735 593 ostendunt.
2769 532 2875 591 Sed
2910 542 2964 589 et
3010 533 3113 589 hoc
3156 532 3271 603 ipsa
3305 530 3517 588 Domini
3547 532 3718 587 nostri

448 646 481 684 a
518 630 747 685 mortuis
798 645 864 685 ex
912 630 1166 685 omnibus
1228 629 1364 684 locis
1407 630 1442 683 ii
1490 630 1689 698 quibus
1747 630 1889 684 ratio
1940 629 2029 684 illa

450 717 769 771 substantiae
791 717 1093 788 corporalis
1142 718 1196 772 in
1233 718 1367 787 ipsis
1395 719 1717 788 corporibus
1745 734 2031 789 permane-

449 809 564 875 bat,
595 824 717 877 qua:
743 810 797 864 in
829 820 1030 865 terram
1080 811 1333 880 prolapsa
1376 811 1469 867 Dei
1519 812 1800 867 voluntate
1833 814 2027 867 iterum

448 901 811 957 suscitantur.
873 902 936 957 Et
988 902 1094 958 hoc
1146 904 1388 958 arbitror
1452 919 1701 960 asserere
1756 903 2027 959 volentem

445 992 765 1063 Apostolnm
833 994 1039 1049 dixisse
1091 995 1143 1049 in
1194 995 1370 1063 prima
1432 995 1678 1058 Epistola
1724 997 1790 1050 ad
1838 996 2031 1052 Corin-

450 1084 615 1148 thios,
660 1084 773 1155 (56)
826 1095 952 1157 post
998 1087 1359 1143 assertionem
1408 1088 1828 1145 resurrectionis
1884 1104 2030 1143 mor-

448 1184 686 1231 tuorum.
717 1174 853 1230 Nam
879 1193 1001 1232 cum
1035 1179 1411 1249 proposuisset
1440 1181 1540 1235 sibi
1572 1194 1636 1236 ea
1663 1195 1783 1249 quae
1809 1190 2030 1251 possent

451 1268 523 1322 ab
575 1268 697 1321 aliis
748 1269 911 1337 objici
960 1271 1029 1327 de
1082 1273 1486 1327 resurrectione
1532 1284 1894 1335 mortuorum,
1952 1272 2030 1326 sic

447 1360 526 1413 ait
557 1377 570 1412 :
607 1357 710 1415 Sed
738 1362 869 1414 dicit
896 1360 1088 1429 aliquis
1120 1378 1138 1415 :
1170 1362 1449 1428 Quomodo
1482 1375 1759 1434 resurgunt
1793 1367 2032 1419 mortui?

447 1450 567 1517 Quo
594 1462 770 1506 autem
802 1469 1018 1522 corpore
1043 1456 1295 1510 ueniunt?
1325 1453 1521 1517 Stulte,
1552 1466 1606 1509 tu
1636 1456 1777 1526 quod
1801 1458 2028 1513 seminus

449 1558 557 1596 non
593 1544 905 1609 viviﬁcatur,
953 1544 1054 1597 nisi
1080 1545 1228 1611 prius
1267 1547 1529 1599 moriatur
1560 1561 1579 1599 :
1608 1557 1656 1601 et
1710 1550 1849 1618 quod
1871 1551 2027 1604 semi-

448 1648 565 1700 nus,
602 1649 705 1687 non
736 1650 923 1702 corpus
947 1636 1087 1706 quod
1124 1637 1367 1705 futurum
1408 1648 1483 1692 est
1515 1639 1767 1708 seminus,
1790 1642 1882 1695 sed
1929 1659 2027 1695 nu-

447 1725 575 1779 dum
619 1742 878 1796 granum,
919 1738 1103 1795 utputa
1128 1768 1142 1793 ,
1182 1730 1380 1795 tritici,
1410 1742 1500 1785 aut
1543 1731 1772 1803 alicujus
1817 1745 2031 1787 ctetero-

446 1833 586 1872 rum.
618 1817 761 1872 Deus
788 1829 960 1873 autem
996 1822 1087 1873 dat
1119 1821 1201 1875 illi
1231 1838 1422 1890 corpus
1452 1823 1500 1854 ³⁵
1518 1835 1673 1892 prout
1697 1824 1860 1879 uoluit
1892 1826 2027 1896 (57).

2135 634 2262 688 Jesu
2285 631 2488 688 Christi
2520 628 2851 686 resurrectio
2902 626 3168 694 declarat,
3212 625 3305 697 qui
3339 625 3720 696 primogenitus

2136 744 2200 782 es
2225 728 2445 781 mortuis
2479 725 2523 757 ³⁸
2558 724 2777 779 dicitur.
2817 741 2836 774 ι

2208 818 2536 873 Ριιιριιιιυε.
2567 814 2693 870 Post
2719 815 2855 880 haec,
2892 810 3215 885 quibusdam
3244 825 3342 884 per
3368 810 3604 868 medium
3632 808 3720 865 la—

2138 910 2244 966 tius
2269 907 2580 977 disputatis,
2614 906 2811 975 adjecit
2838 907 2998 960 etiam
3031 907 3153 959 ista.

2205 1001 2495 1056 ORIGENES.
2536 1017 2554 1050 ι
2603 997 2758 1053 Sicut
2795 996 2941 1051 enim
2983 996 3100 1064 plus
3152 994 3318 1050 habet
3343 993 3518 1048 omnis
3552 992 3725 1049 ratio-

2136 1090 2336 1146 nabilis
2365 1091 2545 1143 anima
2579 1089 2664 1143 his
2690 1105 2811 1159 qua:
2840 1086 2925 1142 vel
2956 1086 3263 1150 crescendi,
3316 1085 3397 1141 vel
3423 1084 3717 1151 nutriendi,

2137 1183 2220 1237 vel
2250 1194 2425 1237 motus
2451 1182 2618 1237 solius
2642 1180 2877 1236 ofﬁcium
2909 1179 3170 1234 exhibere
3203 1177 3460 1232 dicuntur
3489 1196 3503 1232 :
3539 1178 3619 1233 sic
3653 1191 3720 1232 ea

2139 1276 2279 1329 ratio
2310 1290 2435 1344 qua!
2468 1274 2523 1328 in
2573 1274 2815 1328 humano
2860 1284 3088 1339 corpore
3135 1277 3239 1335 est,
3283 1268 3451 1323 multo
3485 1267 3722 1339 amplius

2138 1363 2321 1426 habet,
2356 1376 2518 1431 quam
2563 1376 2685 1432 quae
2712 1364 2767 1414 in
2800 1359 3028 1430 reliquis
3062 1369 3146 1414 est
3174 1360 3529 1427 corporibus,
3554 1375 3620 1414 ex
3654 1375 3721 1417 co

2138 1456 2279 1527 quod
2311 1454 2422 1527 (Η)
2450 1454 2611 1509 etiam
2646 1469 2770 1508 cum
2815 1462 3134 1519 corruptum
3182 1451 3345 1506 fuerit
3390 1467 3591 1521 corpus
3619 1453 3723 1509 htt-

2139 1563 2381 1611 manum,
2431 1546 2726 1601 subsistere
2776 1560 2991 1599 rursum
3031 1554 3211 1614 potest
3241 1544 3335 1598 Dei
3371 1545 3574 1600 virtute
3600 1559 3722 1600 ser-

2138 1648 2321 1693 vatum
2353 1647 2411 1694 et
2454 1636 2789 1691 custoditum
2839 1650 3010 1705 usque
3051 1638 3118 1689 ad
3163 1635 3583 1690 resurrectionis
3608 1650 3722 1690 sua:

2139 1739 2371 1798 tempus.
2400 1728 2553 1795 Quod
2584 1736 2769 1782 autem
2812 1728 3127 1797 ubicunque
3177 1726 3342 1781 fuerit
3370 1725 3718 1793 restituatur,

2142 1824 2193 1876 id
2240 1831 2325 1878 est
2358 1820 2472 1894 (42)
2525 1821 2592 1876 ab
2626 1821 2775 1876 omni
2829 1824 2883 1875 in
2917 1835 3024 1890 quo
3061 1819 3300 1888 jacuerit
3348 1819 3487 1883 loco,
3541 1820 3610 1873 ita
3640 1821 3722 1874 ait

447 1909 582 1963 Cum
624 1910 770 1964 enim
819 1910 1109 1965 manifeste
1140 1914 1472 1969 ostendi-sset
1525 1916 1649 1984 quia
1695 1919 1893 1980 mortui
1947 1932 2033 1972 re-
2066 1908 2107 1963 Β
2136 1912 2375 1969 Joannes
2400 1912 2450 1965 in
2477 1910 2833 1967 Revelatione
2856 1927 2950 1965 sua
2989 1908 3099 1965 :Et
3136 1910 3366 1965 reddidit
3396 1926 3545 1963 mare
3585 1926 3723 1963 mor-

451 2011 704 2071 surgnnt,
737 2013 791 2057 et
825 2012 1035 2058 certum
1069 2006 1384 2075 essetquod
1417 2006 1668 2062 Salvator
1695 2019 1880 2064 noster
1910 2025 2032 2065 cum

447 2091 570 2161 ipso
600 2109 831 2164 corpore
867 2097 1168 2151 resurrexit
1202 2097 1347 2166 quod
1384 2110 1702 2169 susceperat
1732 2115 1802 2155 ex
1841 2100 2029 2163 Maria,

446 2200 555 2240 non
590 2197 768 2241 autem
802 2187 939 2242 satis
968 2187 1174 2242 clarum
1208 2197 1356 2244 esset
1385 2192 1659 2260 quomodo
1694 2205 2034 2248 resurrectu-

445 2273 491 2329 ri
516 2285 699 2331 essent
722 2279 926 2342 caeteri,
952 2277 1035 2333 vel
1065 2277 1227 2348 quale
1255 2294 1457 2349 corpus
1487 2282 1722 2337 habituri
1758 2300 1771 2335 :
1807 2298 2030 2355 compa-

446 2376 537 2423 rat
587 2369 1044 2426 resurrectionem
1082 2370 1387 2428 seminibus
1438 2388 1558 2442 quae
1595 2375 1937 2430 seminantur
1977 2376 2031 2430 in

448 2468 676 2526 terram,
708 2471 923 2532 ntputa,
957 2476 1128 2531 grano
1165 2463 1453 2529 frumenti,
1498 2468 1641 2536 quod
1669 2483 1790 2521 cum
1819 2469 2032 2524 cecide-

446 2551 522 2605 rit
552 2550 606 2604 in
635 2561 856 2618 terram,
898 2555 1269 2624 corrumpitur
1302 2571 1317 2609 :
1349 2556 1444 2611 sed
1499 2557 1724 2612 rationis
1752 2557 1896 2614 illius
1923 2560 2034 2614 vir-

448 2648 536 2695 tus
559 2639 671 2711 (38)
696 2655 816 2710 quae
845 2650 930 2697 est
948 2641 1133 2714 ’insita
1180 2643 1235 2699 in
1269 2644 1618 2700 interioribus
1666 2646 1786 2717 ejus
1822 2648 2031 2702 medul-

436 2728 536 2796 lis,
590 2731 707 2802 ipsa
738 2732 968 2790 rationis
993 2735 1170 2790 virtus
1203 2745 1483 2807 assumpta
1534 2736 1874 2808 adiacentem
1927 2739 2032 2795 sibi

445 2832 673 2891 terram,
707 2824 792 2880 vel
843 2840 997 2897 aqum
1026 2826 1336 2894 humorem,
1388 2829 1483 2884 sed
1518 2837 1574 2885 et
1606 2829 1752 2884 aeris
1791 2829 2033 2884 circum-

447 2925 683 2972 stantem
740 2910 1098 2989 temperiem,
1159 2920 1357 2977 caloris
1412 2936 1630 2992 quoque
1674 2922 2029 2980 sufﬁcientem

446 3011 719 3079 recipiens
766 3010 1035 3078 fomitem,
1065 3012 1176 3083 (59)
1208 3027 1306 3082 per
1333 3013 1570 3069 divinam
1622 3017 1920 3083 potentiam
1976 3017 2030 3071 in

447 3115 646 3170 corpus
672 3103 835 3158 culmi
868 3104 952 3159 vel
988 3106 1152 3173 spica:
1177 3108 1498 3176 consurgit;
1548 3118 1604 3161 et
1638 3109 1741 3163 hoc
1767 3118 1853 3164 est
1886 3110 2031 3175 quod

448 3189 623 3245 dicit:
658 3189 735 3244 Tu
769 3194 911 3262 quod
941 3195 1168 3249 seminus
1216 3210 1320 3248 non
1370 3196 1686 3266 uiuiﬁcatur,
1744 3198 1847 3251 nisi
1882 3198 2031 3267 prius

447 3283 712 3337 moriatur
740 3301 758 3338 :
785 3296 834 3339 et
863 3286 1003 3356 quod
1044 3287 1297 3353 seminus,
1328 3302 1431 3340 non
1473 3303 1661 3357 corpus
1710 3292 1850 3358 quod
1887 3290 2032 3359 futu—
2059 3262 2102 3319 ο

447 3390 569 3430 rum
606 3386 680 3429 est
708 3377 958 3431 seminus.
1010 3377 1154 3447 Ergo
1205 3379 1307 3433 hoc
1338 3376 1450 3448 (i0)
1488 3379 1631 3448 quod
1676 3381 1823 3434 cadit
1866 3391 1923 3435 ιιι
1948 3396 2033 3437 se-

449 3483 573 3521 men
615 3466 670 3521 in
707 3476 907 3523 terram
958 3484 1158 3539 corpus
1212 3479 1486 3534 nostrum,
1535 3483 1909 3541 comparatum
1949 3484 2033 3530 est

446 3573 618 3630 grano
645 3557 920 3615 frumenti.
963 3579 982 3611 ι

520 3649 848 3707 PAMPHILUS.
881 3654 950 3707 Et
979 3653 1205 3708 assertis
1234 3653 1321 3709 his
1354 3668 1450 3723 per
1494 3653 1866 3724 hujuscemodi
1901 3674 2032 3714 con-

449 3745 812 3812 sequentiam,
841 3755 963 3814 puSt
995 3761 1165 3814 pauca
1202 3747 1353 3802 addit
1383 3747 1547 3802 etiam
1580 3747 1718 3802 haec.

518 3836 812 3892 ORIGENES.
848 3857 868 3890 ι
905 3838 1059 3905 Quod
1105 3849 1285 3894 autem
1332 3841 1511 3894 omnis
1540 3840 1631 3894 illa
1686 3845 2035 3911 repromissio

448 3930 870 3985 resurrectionis
903 3942 1239 3986 mortuorum
1284 3931 1353 3986 de
1393 3931 1499 3986 hoc
1532 3947 1762 4002 corpore
1791 3934 1864 3988 sit
1889 3937 2033 4003 quod

448 4027 721 4075 mortuum
750 4020 1096 4092 relinquitur,
1126 4032 1330 4078 sancta:
1367 4022 1664 4093 Scriptura:
1697 4025 1879 4080 multis
1915 4043 2034 4082 mo-

519 4132 622 4207 αξξ
650 4134 774 4207 σον,
800 4151 900 4207 δν,
930 4136 1119 4192 55-58.
1195 4138 1240 4170 ³⁸
1261 4136 1470 4192 Coloss.
1503 4155 1539 4199 ι,
1575 4136 1677 4203 i8;
1706 4138 1933 4204 Apocal.
1971 4158 2010 4207 ι,
2041 4143 2098 4199 5.

448 4218 529 4271 ιιι,
558 4203 647 4260 19.
725 4206 769 4239 ³³
795 4205 954 4262 lion».
990 4222 1083 4273 vn,
1110 4207 1205 4265 ει.
1280 4207 1325 4240 ⁸⁸
1356 4209 1373 4264 Ι
1405 4209 1532 4263 Cor.
1567 4223 1658 4275 xv,
1690 4208 1781 4264 59.

522 4317 635 4389 (36)
683 4321 846 4388 Editi,
892 4322 1022 4377 Post
1055 4326 1393 4379 assertionem
1437 4326 1575 4380 enim
1634 4323 2034 4379 resurrectionis

447 4399 799 4462 mortuorum,
840 4410 961 4446 cum
984 4397 1363 4462 praposuisset,
1391 4407 1495 4450 etc.
1537 4394 1741 4451 Omnes
1775 4410 1907 4449 mss.
1935 4409 2033 4448 no-

448 4459 840 4534 striomittunt
863 4459 1026 4527 enim,
1058 4459 1181 4534 post
1219 4459 1564 4520 assertionem
1588 4479 1609 4518 :
1649 4467 1743 4520 sed
1769 4480 1892 4518 mox
1927 4479 2029 4517 ms.
2110 4512 2122 4534 ,.

452 4530 788 4604 _S_or_bon_icus
829 4533 1012 4604 habet,
1058 4530 1216 4588 'Num
1259 4552 1377 4589 cum
1424 4536 1800 4604 proposuisset.
1847 4535 2031 4589 Codex

2137 2017 2254 2059 tuos
2285 2021 2412 2076 quos
2440 2004 2659 2058 habebat
2690 2003 2746 2058 in
2791 2020 2870 2069 se,
2915 2013 2964 2058 et
3009 2019 3149 2057 mors
3176 2012 3223 2057 et
3251 2002 3455 2071 inferas
3479 2001 3719 2057 reddide-

2140 2108 2260 2152 runt
2290 2109 2526 2152 mortuos
2550 2112 2671 2150 suos
2696 2097 2786 2167 qui
2814 2104 2965 2150 erant
2998 2094 3054 2149 in
3080 2095 3154 2149 eis
3189 2094 3256 2151 “.
3280 2094 3444 2150 Forte
3472 2095 3637 2162 enim,
3661 2102 3723 2150 ut

2134 2203 2233 2260 ego
2274 2198 2425 2259 puto,
2475 2202 2627 2241 mare
2665 2186 2757 2243 hic
2800 2201 2897 2256 pro
2929 2186 3154 2241 humido
3206 2188 3355 2242 omni
3386 2187 3720 2258 appellatum

2134 2292 2220 2336 est
2242 2280 2538 2345 elemento;
2593 2279 2705 2349 (45)
2755 2277 2914 2333 inferi
2965 2289 3148 2333 autem
3197 2292 3296 2347 pro
3342 2293 3503 2345 aere;
3571 2293 3723 2333 mors

2134 2385 2265 2426 vero
2291 2384 2390 2439 pro
2418 2378 2587 2425 terra.
2624 2369 2790 2436 Quasi
2832 2368 3125 2438 quamdam
3164 2383 3402 2438 namque
3442 2370 3723 2437 cognatio-

2136 2477 2258 2519 nem
2291 2464 2376 2518 his
2430 2462 2569 2517 inter
2599 2475 2659 2515 se
2703 2461 2936 2516 invicem
2985 2460 3334 2527 habentibus,
3383 2476 3580 2530 corpus
3626 2476 3724 2517 no-

2134 2565 2305 2611 strum
2360 2555 2625 2625 pulverem
2670 2555 2853 2608 mortis
2880 2554 2924 2586 ³⁷
2959 2564 3116 2609 vocat
3160 2553 3464 2623 Scriptura,
3502 2554 3586 2608 vel
3614 2565 3723 2608 ter-

2136 2665 2250 2702 ram
2292 2648 2361 2713 ³⁸,
2415 2648 2500 2702 vel
2552 2664 2742 2717 corpus
2791 2648 2979 2701 mortis
3010 2645 3076 2701 ³⁸.
3131 2644 3275 2701 Sane
3332 2645 3510 2715 qualis
3557 2645 3725 2701 fuerit

2136 2741 2560 2812 uniuscujusque
2592 2739 2932 2811 praeparatio'
2960 2741 3013 2793 in
3053 2738 3158 2794 hac
3194 2740 3326 2806 vita,
3372 2738 3494 2793 talis
3536 2739 3643 2793 erit
3667 2747 3725 2793 et

2137 2831 2470 2889 resurrectio
2517 2830 2653 2902 ejus.
2691 2830 2795 2898 Qui
2823 2829 2934 2901 (44)
2965 2830 3180 2885 beatius
3229 2829 3319 2883 hic
3344 2827 3562 2892 vixerit,
3601 2841 3723 2883 cor-

2134 2941 2237 2995 pus
2261 2924 2379 2994 ejus
2429 2926 2484 2979 in
2538 2923 2944 2980 resurrectione
2976 2922 3246 2979 diviniora
3295 2919 3585 2989 Splendore
3619 2916 3723 2973 ful-

2135 3019 2301 3089 gebit,
2337 3028 2393 3086 et
2427 3027 2551 3089 apta
2589 3018 2639 3072 ei
2673 3017 2885 3072 mansio
2930 3016 3218 3071 beatorum
3272 3013 3542 3067 tribuetur
3572 3010 3724 3065 Iono-

2138 3125 2279 3165 rum.
2318 3107 2454 3163 Huic
2488 3122 2614 3163 vero
2653 3106 2747 3177 qui
2784 3107 2838 3161 in
2880 3105 3088 3160 malitia
3137 3101 3480 3170 consumpsit
3511 3109 3723 3169 tempus

2136 3201 2237 3256 sibi
2271 3202 2395 3254 vitae
2442 3200 2729 3270 praesentis
2782 3197 3073 3262 indultum,
3117 3194 3225 3249 tale
3273 3192 3490 3247 dabitur
3526 3203 3724 3258 corpus

2138 3295 2280 3363 quod
2307 3290 2645 3348 sullicereet
2669 3290 2968 3360 perdurare
2998 3287 3112 3359 (45)
3149 3283 3524 3341 tantummodo
3553 3282 3725 3354 possit

2139 3386 2193 3440 in
2222 3384 2415 3455 ptenis.
2469 3383 2537 3438 Et
2581 3384 2819 3438 arbitror
2869 3381 3012 3451 quod
3047 3380 3191 3435 hanc
3229 3376 3589 3433 differentiam
3629 3389 3725 3429 vo-

2137 3478 2254 3532 lens
2300 3477 2593 3532 OStendere
2642 3475 2839 3530 Paulus
2879 3472 3193 3543 apostolus,
3237 3471 3411 3525 dicit:
3444 3469 3566 3522 Alia
3599 3483 3724 3521 curo

2141 3569 2473 3631 animalium,
2510 3568 2616 3621 alia
2646 3565 2938 3629 volucrum,
2970 3564 3079 3618 alia
3100 3562 3322 3632 piscium
3346 3559 3415 3624 “,
3442 3566 3496 3613 et
3525 3565 3725 3612 caetera

2134 3676 2255 3731 quae
2284 3660 2623 3715 enumeravit
2667 3657 2981 3727 Apostolus.
3035 3654 3141 3710 Sed
3187 3654 3329 3708 sicut
3360 3666 3465 3705 non
3509 3656 3593 3704 est
3626 3663 3726 3718 pu-

2134 3753 2359 3808 tandum
2393 3751 2535 3821 quod
2564 3749 2880 3804 animalium
2913 3762 3113 3818 corpus
3144 3754 3469 3815 accepturus
3497 3743 3569 3799 sit
3597 3754 3725 3811 pec-

2136 3856 2309 3907 cator,
2341 3842 2457 3913 (46)
2493 3850 2589 3896 aut
2635 3840 2896 3904 volucris,
2948 3850 3043 3893 aut
3092 3837 3359 3909 piscium;
3414 3835 3495 3890 sic
3548 3846 3726 3903 neque

2138 3936 2292 3999 solis,
2324 3945 2416 3990 aut
2449 3936 2611 3997 lunae,
2655 3943 2749 3988 aut
2776 3932 3060 3988 stellarum
3112 3928 3441 4001 sperandum
3470 3937 3553 3983 est
3581 3926 3725 3982 acci-

2136 4042 2271 4097 pere
2298 4042 2392 4084 eos
2435 4027 2525 4098 qui
2573 4033 2867 4092 resurgunt
2916 4028 2970 4079 in
3024 4024 3295 4091 gloriam:
3353 4019 3448 4074 sed
3487 4016 3725 4087 exempli

2190 4142 2608 4213 “Apocal.xx,
2670 4140 2759 4195 l5.
2872 4138 2917 4171 ³⁷
2965 4137 3109 4194 Psal.
3168 4152 3286 4203 ut,
3334 4132 3421 4189 ιθ.
3518 4129 3723 4187 "Gen.

2142 4338 2235 4392 per
2296 4322 2603 4392 Itujusmodi
2648 4327 3246 4392 consequentium,_post
3301 4333 3471 4386 pauca
3513 4310 3724 4371 uddidi‘

2135 4389 2291 4447 etiam
2320 4389 2451 4446 hinc.
2483 4392 2591 4447 Sed
2624 4389 2823 4445 omnes
2841 4405 2976 4445 mss.
3012 4399 3067 4441 nt
3096 4389 3148 4442 in
3177 4398 3351 4442 textu.

2208 4462 2322 4534 (41)
2357 4463 2430 4517 Ita
2464 4478 2594 4534 mss.
2628 4461 2825 4534 nostri.
2856 4460 2997 4534 Editi
3030 4474 3159 4529 vero
3189 4473 3498 4529 perperam,
3538 4458 3725 4512 etium~

2136 4538 2182 4588 si
2215 4530 2524 4600 corruptum
2558 4532 2717 4601 fuerit
2755 4546 2917 4601 genus
2945 4530 3236 4584 humanum
3353 4538 3724 4584 conservatum

445 4597 825 4674 Vallis-Clara:
848 4642 863 4667 ,
899 4597 1016 4674 Qui
1061 4621 1181 4657 cum
1231 4597 1627 4673 proposuisset:
1662 4604 1843 4659 czeteri
1897 4618 2025 4658 mss.
2064 4619 2105 4674 ι)
2134 4613 2181 4657 et
2211 4597 2567 4674 custoditum,
2596 4616 2703 4656 etc.

449 4670 707 4741 omittunt
740 4671 907 4741 Nam,
938 4673 1020 4726 vel
1052 4674 1179 4739 Qui.
1208 4670 1411 4729 Deinde
1437 4690 1567 4729 mss.
1600 4674 1935 4729 Sorbonicus
1976 4683 2032 4727 et

448 4738 714 4815 Mum-iss
764 4738 1085 4815 Michaelis,
1113 4743 1215 4799 Sed
1240 4747 1378 4799 dicet
1411 4745 1624 4815 aliquis.
1655 4744 1847 4800 Cameri
1878 4758 2028 4810 vero,

447 4820 504 4866 et
535 4812 664 4865 editi
695 4821 754 4865 ul.
779 4814 831 4865 in
861 4823 1033 4867 textu.
1492 4812 1499 4851 ἐ

522 4880 754 4955 (57)_lta
802 4898 932 4955 mss.
968 4883 1213 4952 plerique
1243 4903 1255 4937 :
1284 4893 1339 4939 et
1386 4885 1457 4938 ita
1503 4884 1791 4955 legendum
1817 4883 2035 4938 videtur

445 4950 602 5027 juxta
625 4951 845 5027 Grazcos
869 4950 1163 5027 Seripturie
1189 4970 1360 5027 sacrae
1385 4950 1624 5020 codices,
1651 4970 1883 5027 quorum
1917 4955 2030 5022 ple-

450 5021 610 5095 rique
640 5022 839 5095 habent
868 5021 1371 5095 ἠθέλησεηβωιειὶ
1398 5042 1530 5081 mss.
1574 5036 1630 5079 et
1656 5021 1785 5079 editi
1813 5041 1828 5090 ;
1877 5021 2034 5092 prout

451 5093 584 5162 uult,
617 5093 687 5146 al.
718 5092 906 5148 Graece
933 5092 1096 5149 θέλὲι.
1130 5092 1255 5149 Mox
1301 5097 1431 5150 editi
1453 5137 1467 5162 ,
1502 5095 1636 5150 Cum
1674 5098 1813 5149 enim
1858 5096 2033 5148 mani-

454 5161 803 5236 festissime...
830 5176 874 5217 et
902 5174 1102 5218 certum
1124 5175 1257 5219 esset
1288 5168 1484 5236 quia...
1516 5183 1631 5220 cum
1680 5166 1793 5231 ipso
1819 5181 2035 5234 corpore

452 5234 845 5298 resurrexisset,
875 5246 982 5289 etc.
1014 5236 1119 5288 Sed
1148 5234 1340 5292 omnes
1371 5253 1503 5292 mss.
1530 5247 1587 5291 ut
1616 5235 1670 5289 in
1706 5245 1878 5288 textu.

523 5301 638 5375 (38)
676 5302 828 5369 Quis,
870 5306 1141 5361 omittitur
1193 5309 1245 5361 in
1294 5308 1479 5375 editis,
1526 5318 1581 5363 et
1628 5307 1935 5362 restituitur
1968 5320 2035 5361 ex

449 5373 705 5428 Omnibus
737 5391 866 5430 mss.

521 5442 638 5565 (59)
679 5444 844 5509 Ειιίιί,
900 5462 994 5513 per
1043 5446 1275 5500 divinam
1325 5449 1615 5518 potentium
1671 5457 2036 5514 cooperantem

541 5514 614 5565 mi
639 5514 718 5565 vel
749 5516 907 5565 spica:
934 5529 1276 5565 consumunt.
1324 5519 1423 5565 Ms-
1467 5517 1703 5565 Regius.
1760 5533 1855 5565 per
1903 5518 2036 5565 diui-

451 5514 718 5567 cutmiuel
749 5516 907 5589 spica:
934 5529 1276 5587 consurgunt.
1323 5514 1423 5573 Ms.
1466 5517 1703 5589 Regius,
1760 5533 1855 5589 per
1903 5518 2040 5571 divi-

452 5599 578 5655 nant
603 5586 888 5652 potentiam
918 5589 1288 5655 corpusculum
1314 5593 1395 5643 vel
1419 5586 1576 5654 spicae
1603 5587 1893 5655 consurgit.
1924 5588 2039 5643 Ca:-

455 5653 555 5706 teri
586 5669 718 5708 mss.
750 5667 900 5709 recte
926 5665 984 5709 ut
1010 5653 1072 5710 in
1114 5668 1299 5712 nostro
1333 5653 1504 5714 textu.

462 5791 472 5801 _
524 5723 640 5793 (40)
674 5724 766 5778 Sic
800 5741 904 5779 ms.
951 5741 1109 5779 unus.
1147 5727 1349 5801 Crateri
1380 5742 1511 5801 vero
1542 5744 1698 5801 m_ss.,
1726 5727 1868 5801 quod
1892 5728 2038 5781 cadit

453 5798 513 5846 in
538 5808 714 5848 semen
741 5810 930 5864 corpus
962 5808 1221 5849 nostrum.
1256 5798 1423 5863 Editi,
1458 5799 1600 5866 quod
1651 5802 1789 5852 cadit
1820 5799 1875 5851 in
1933 5808 2039 5851 ter-

455 5880 567 5919 ram
592 5881 781 5937 corpus
835 5874 1097 5920 nostrum.
1150 5868 1350 5923 Deinde
1404 5869 1557 5934 editi,
1617 5866 1684 5922 Et
1716 5870 1929 5924 assertis
1956 5869 2037 5925 his

2207 4673 2318 4748 (42)
2368 4666 2558 4748 Editi,
2612 4675 2677 4726 ab
2727 4672 2868 4728 omni
2917 4670 3033 4725 loco
3080 4670 3135 4724 in
3182 4685 3493 4741 quocunque
3540 4666 3722 4739 fuerit.

2137 4743 2265 4799 Mss.
2300 4743 2358 4797 ut
2387 4744 2438 4797 in
2467 4753 2637 4799 textu.

2209 4814 2323 4886 (45)
2363 4815 2657 4882 Perperam
2703 4810 2859 4877 editi,
2910 4811 3149 4886 infernus
3203 4821 3376 4886 autem
3421 4826 3518 4879 pro
3553 4824 3722 4886 uere;

2135 4880 2276 4939 mors
2304 4880 2424 4939 uero
2471 4880 2565 4953 pro
2609 4892 2795 4953 terra:
2830 4885 2983 4952 quasi
3030 4883 3317 4951 quamdam
3356 4880 3723 4953 cognationem

2139 4954 2231 5027 [aL
2268 4950 2662 5027 cogitationem]
2709 4954 2792 5006 Itis
2837 4950 3067 5027 inter‘se
3121 4954 3345 5027 invicem
3391 4950 3719 5005 habentibus.

2137 5021 2349 5092 Corpus
2362 5026 2499 5079 enim
2531 5021 2794 5091 pulverem
2840 5023 3051 5091 mortis,
3100 5032 3209 5078 etc.
3240 5021 3346 5077 Sed
3372 5034 3562 5077 omnes
3590 5034 3722 5077 mss.

2139 5097 2309 5150 nostri
2348 5106 2405 5149 ut
2439 5095 2492 5147 in
2523 5102 2693 5147 testu.

2209 5166 2322 5238 (44)
2360 5164 2528 5230 Editi,
2580 5162 2788 5220 beatus.
2838 5162 3029 5219 Melius
3078 5178 3207 5219 mss.
3273 5164 3444 5218 nostri
3509 5176 3724 5228 omnes,

2139 5235 2357 5290 beatius.

2210 5307 2323 5378 (45)
2352 5306 2739 5360 Tantummodo
2778 5304 3051 5361 omittitur
3082 5308 3137 5362 in
3185 5304 3364 5370 editis,
3395 5314 3449 5360 et
3481 5302 3725 5360 restitui-

2141 5389 2229 5432 lttr
2250 5394 2314 5429 ex
2343 5393 2471 5430 mss.

2210 5447 2324 5516 (46)
2362 5448 2527 5509 Editi,
2554 5454 2645 5499 aut
2686 5450 2979 5514 uolucrum,
3022 5458 3111 5500 aut
3151 5447 3415 5515 piscium:
3439 5446 3515 5500 sic
3564 5459 3728 5516 neque

2141 5519 2290 5582 solis,
2327 5529 2416 5572 aut
2460 5518 2622 5580 lunae,
2656 5529 2749 5570 aut
2791 5519 3068 5572 stellarum
3118 5517 3346 5585 formam
3401 5518 3724 5584 sperandum

2141 5599 2215 5641 est
2241 5589 2476 5654 accipere
2504 5605 2591 5641 eos
2621 5588 2711 5655 qui
2758 5600 3025 5659 resurgent
3062 5590 3117 5640 in
3153 5589 3322 5655 gloria
3356 5602 3374 5640 :
3398 5590 3497 5659 sed
3556 5599 3728 5638 exem-

2141 5659 2213 5727 pli
2256 5667 2422 5711 ‘causa
2467 5660 2607 5711 dictu
2637 5663 2749 5712 meo
2803 5659 2868 5710 ab
2910 5656 3187 5728 'Apostolo,
3222 5665 3330 5712 elc.
3390 5656 3726 5728 Sedomnes

2143 5726 2276 5782 mss.
2310 5740 2366 5782 ut
2408 5729 2460 5781 in
2487 5743 2673 5783 ttOSlt‘o
2702 5739 2876 5789 textu,
2923 5726 3023 5783 nisi
3057 5731 3202 5796 quod
3256 5743 3361 5783 ms.
3400 5726 3597 5795 Regius
3624 5726 3722 5796 ba:

2144 5798 2306 5863 beat,
2343 5808 2435 5851 aut
2484 5799 2757 5852 stellarum
2782 5793 3103 5867 sperandum
3134 5808 3209 5853 est
3253 5793 3602 5868 accipere—eos
3632 5793 3723 5865 qui

2146 5871 2542 5926 resurrectionis
2568 5868 2791 5941 gloriam
2825 5872 3117 5927 attendunt.
