4162 6432
418 519 591 590 gratia
621 513 766 569 dicta
803 522 923 566 esse
947 509 1065 563 haec
1109 503 1178 557 ab
1203 495 1467 569 Apostolo
1502 491 1846 549 sentiendmn
1898 494 2002 544 est,
2035 488 2079 542 Α

418 622 481 669 ιιι
511 609 826 678 designetur
855 618 952 673 per
1000 603 1118 656 haec
1175 594 1320 665 quod
1349 592 1440 646 alii
1502 602 1599 658 pro
1650 582 1861 639 meritis
1892 581 2006 634 suis

421 677 860 763 honorabiliores
907 703 963 748 et
1011 689 1279 747 clariores
1309 691 1491 746 erunt,
1526 677 1768 734 beatiora
1794 684 2008 742 quoque

424 793 736 854 habitacula
767 788 1014 845 sortituri
1051 801 1064 838 :
1098 783 1328 836 aliorum
1356 792 1487 831 vero
1517 768 1928 842 indignissimus
1955 772 2010 817 et

425 885 830 956 abiectissimus
858 895 958 950 pro
995 886 1273 944 gestorum
1300 870 1508 924 scelere
1554 864 1660 919 erit
1686 870 1879 921 status,
1916 853 2010 925 qui

431 980 594 1036 etiam
623 976 788 1030 mutis
824 969 1150 1026 animalibus
1188 966 1384 1035 dignus
1412 962 1480 1016 sit
1505 953 1832 1023 comparari.
1878 969 1898 1002 ι

498 1070 828 1125 ΡΑιιΡιιιιυε.
857 1062 1040 1117 Pauca
1081 1061 1199 1113 hiec
1228 1058 1294 1110 ad
1340 1049 1708 1108 testimonium
1744 1045 2011 1098 traximus

431 1167 499 1219 e'x
535 1161 720 1216 multis
749 1165 803 1212 et
848 1151 1149 1209 innumeris
1174 1163 1294 1218 qua:
1342 1159 1437 1214 per
1466 1135 1835 1208 hujuscemodi
1882 1148 2010 1189 sen-

434 1270 552 1312 sum
605 1254 657 1306 in
686 1249 816 1320 ipsis
864 1246 1018 1300 libris
1079 1257 1218 1310 quos
1269 1236 1342 1291 De
1394 1230 1773 1288 resurrectione
1801 1225 2011 1288 scribit,

434 1341 842 1418 exposuit.Non
876 1349 1057 1393 autem
1084 1335 1298 1388 videtur
1325 1326 1618 1383 absurdum
1658 1321 1724 1375 ad
1756 1319 2012 1388 majorem

437 1414 862 1494 satisfactionem
888 1428 1052 1484 etiam
1087 1425 1154 1479 de
1175 1420 1402 1489 reliquis
1431 1416 1546 1484 ejus
1571 1414 1723 1468 libris
1746 1421 2017 1464 consonas

438 1531 526 1587 his
559 1528 644 1582 vel
691 1536 897 1596 paucas
951 1516 1211 1580 adhibere
1265 1509 1586 1566 sententias.
1634 1503 1690 1557 In
1757 1500 2016 1555 vicesimo

438 1623 608 1694 igitur
659 1593 714 1674 et
757 1627 952 1674 octavo
1001 1611 1142 1665 libro
1191 1608 1255 1661 de
1311 1604 1445 1659 Isaia
1491 1600 1794 1668 prepheta,
1828 1594 1893 1646 de
1929 1593 2018 1645 illo

436 1686 678 1782 capitulo
703 1709 972 1769 scribens,
1014 1702 1070 1756 in
1123 1713 1234 1768 quo
1263 1697 1462 1751 dicitur
1498 1708 1510 1743 :
1548 1686 2018 1742 Resuscitabuntur

436 1802 656 1870 mortui,
698 1811 746 1856 et
787 1804 1062 1864 resurgent
1091 1793 1146 1846 hi
1171 1790 1260 1861 qui
1289 1789 1344 1842 in
1387 1783 1641 1856 sepulcris
1679 1789 1797 1835 sunt
1823 1778 1899 1844 ";
1943 1777 2015 1829 ita

438 1896 536 1951 ait.

509 2010 797 2068 ORIGBNES.
863 2002 976 2074 (l7)
1025 1997 1256 2052 «Melius
1317 2003 1400 2048 est
1453 2005 1583 2060 ergo
1637 1988 1821 2042 dicere
1875 1981 2017 2052 quod

439 2115 626 2156 omnes
671 2096 889 2168 quidem
927 2101 1272 2159 resurgemus
1303 2085 1373 2151 δ’,
1411 2091 1468 2137 ιιι
1509 2092 1564 2135 et
1610 2078 1759 2148 impii
1800 2075 2020 2128 veniant

445 2194 498 2246 in
541 2191 689 2245 illum
731 2189 906 2242 locum
943 2183 1030 2238 tibi
1056 2180 1212 2234 ﬂetus
1241 2185 1328 2232 est
1357 2186 1410 2230 et
1442 2173 1644 2229 stridor
1673 2170 1914 2224 dentium
1950 2165 2016 2228 ⁸³,

443 2282 557 2351 (48)
586 2289 640 2336 et
669 2278 758 2334 ubi
800 2276 932 2346 justi
968 2272 1228 2340 recipient
1273 2265 1648 2334 unusquisque
1695 2261 1748 2314 in
1794 2273 1893 2314 suo
1924 2272 2020 2310 or-

443 2375 570 2428 dine
599 2369 893 2426 secundum
948 2364 1201 2419 meritum
1248 2361 1515 2414 bonorum
1564 2363 1840 2426 gestorum
1897 2364 2023 2404 suo-

447 2479 584 2529 rum,
630 2477 753 2517 cum
807 2455 1291 2513 transforrnabitur
1338 2464 1535 2514 corpus
1583 2443 1904 2501 humilitatis
1928 2455 2022 2496 eo-

447 2572 589 2620 rum,
623 2564 683 2608 ut
729 2552 801 2606 sit
833 2549 1113 2605 conforme
1173 2542 1420 2613 corporis
1469 2538 1654 2610 gloriae
1697 2535 1902 2591 Christi
1933 2532 2014 2582 ‘3:

446 2647 560 2719 (49)
592 2645 732 2715 quod
778 2641 1107 2699 seminatum
1159 2637 1380 2706 quidem
1422 2642 1508 2687 est
1553 2632 1607 2684 in
1652 2626 2024 2697 corruptione,

444 2747 626 2807 surget
653 2751 781 2790 vero
819 2735 871 2788 in
906 2729 1315 2799 incorruptione
1345 2744 1358 2779 :
1386 2723 1528 2794 quod
1573 2722 1899 2777 seminatum
1945 2726 2028 2772 est

445 2831 499 2884 in
542 2826 859 2898 ignominia,
906 2831 1095 2894 surget
1140 2822 1192 2875 in
1233 2817 1450 2890 gloria:
1501 2816 1644 2884 quod
1699 2814 2025 2869 seminatum

445 2932 530 2978 est
557 2921 609 2974 in
638 2918 978 2979 infirmitate,
1008 2924 1196 2983 surget
1227 2914 1282 2967 in
1315 2910 1522 2965 virtute
1551 2907 1619 2974 ⁸⁸,
1667 2905 2026 2961 resurrectio-

448 3017 532 3070 nis
575 3013 784 3070 scilicet
827 3021 1111 3079 tempore:
1141 3015 1196 3060 et
1239 3005 1382 3074 quod
1422 3001 1749 3058 seminatum
1781 3006 1866 3052 est
1908 3009 2030 3050 cor-

448 3121 551 3178 pus
598 3102 857 3165 animale,
899 3109 1086 3168 surget
1115 3107 1297 3151 autem
1327 3109 1525 3163 corpus
1574 3089 1842 3160 spiritale.
1878 3086 2030 3140 Licet

449 3214 579 3268 ergo
622 3210 812 3251 omnes
847 3201 1153 3262 resurgant,
1205 3199 1261 3244 et
1301 3185 1664 3256 unusquisque
1707 3182 1761 3235 in
1803 3196 1898 3235 suo
1938 3194 2029 3230 or-

2059 3221 2101 3277 C
2138 3247 2276 3302 male
2304 3244 2384 3307 ⁸⁰;
2425 3249 2482 3292 ιιι
2529 3251 2595 3290 ne
2638 3231 2760 3301 quis
2809 3232 3026 3296 putaret
3060 3220 3295 3274 animam
3327 3227 3452 3267 esse
3485 3221 3605 3278 qua:
3631 3220 3720 3258 se-

448 3294 574 3346 dine
605 3291 652 3322 ιθ
679 3297 946 3358 resurgat,
984 3283 1444 3340 considerandum
1472 3288 1556 3334 est
1584 3288 1764 3332 tamen
1811 3281 2032 3344 pr0pter

451 3383 601 3439 illum
629 3394 935 3437 sermonem
967 3376 1196 3431 Joannis
1217 3414 1233 3440 ,
1267 3388 1427 3442 quem
1462 3371 1516 3426 in
1551 3368 1907 3425 Revelatione
1936 3381 2033 3421 sua

453 3475 584 3531 dicit
614 3490 628 3526 :
667 3471 865 3527 Beatus
887 3471 976 3540 qui
1007 3469 1160 3522 habet
1197 3477 1398 3534 partem
1426 3465 1483 3518 in
1524 3461 1902 3516 resurrectione
1927 3459 2036 3527 pri-

452 3585 562 3633 ma,
597 3567 652 3619 in
690 3564 788 3618 hoc
821 3561 1061 3616 secunda
1093 3573 1234 3612 mors
1276 3573 1379 3610 non
1406 3555 1559 3608 habet
1601 3563 1910 3622 potestatem
1940 3550 1983 3580 ⁸⁷
2019 3565 2032 3599 :

455 3677 525 3717 ne
553 3660 690 3714 forte
724 3655 889 3710 dividi
923 3652 1094 3723 possit
1120 3650 1299 3704 omnis
1350 3644 1773 3701 resurrectionis
1803 3643 1943 3696 ratio
1983 3640 2037 3694 in

455 3753 592 3807 duas
619 3758 802 3818 partes
830 3765 842 3800 :
873 3746 924 3800 id
953 3752 1040 3799 est
1090 3743 1142 3796 in
1175 3756 1270 3796 eos
1293 3738 1385 3808 qui
1409 3737 1656 3792 salvaudi
1685 3746 1815 3790 sunt
1838 3735 2037 3802 justos,

457 3853 513 3898 et
544 3843 708 3896 etiam
740 3840 792 3893 in
822 3851 917 3893 eos
945 3835 1038 3904 qui
1077 3831 1358 3887 cruciandi
1413 3839 1542 3884 sunt
1581 3836 1899 3898 peccatores
1935 3843 1949 3878 :
1983 3834 2041 3878 ut

457 3937 532 3992 sit
560 3950 665 3990 uua
717 3931 934 4000 quidem
972 3929 1264 3987 bonormn,
1303 3938 1423 3993 quae
1454 3921 1659 3976 dicitur
1699 3921 1911 3989 prima;
1949 3917 2040 3971 illa

457 4041 589 4081 vero
619 4039 738 4094 quae
767 4028 854 4076 est
884 4018 1232 4080 miserorum,
1264 4012 1501 4069 secunda
1528 4011 1742 4066 dicatur
1768 4027 1781 4064 :
1815 4020 1865 4064 et
1893 4009 2041 4062 illam

460 4120 678 4190 quidem
731 4116 787 4170 in
835 4115 1090 4170 omnibus
1132 4123 1256 4164 esse
1307 4119 1521 4176 puram,
1571 4103 1823 4166 hilarem,
1880 4101 2043 4155 totius

460 4213 678 4284 plenam
712 4206 948 4272 Iustitiae;
980 4204 1127 4257 illaut
1163 4214 1297 4253 vero
1339 4197 1564 4250 alteram
1598 4203 1764 4248 totam
1809 4194 2041 4257 tristem,

463 4315 632 4360 totam
675 4299 930 4357 maeroris
959 4297 1195 4368 plenam,
1244 4301 1299 4346 et
1340 4289 1552 4343 actibus
1605 4302 1670 4340 ac
1703 4286 1823 4339 vitae
1856 4299 2044 4338 eorum

464 4397 683 4468 dignam
718 4392 808 4462 qui
843 4391 896 4445 in
946 4385 1198 4458 praesenti
1232 4385 1340 4437 vita
1393 4381 1487 4434 Dei
1524 4380 1775 4434 mandata
1803 4384 2046 4432 contem-

463 4489 696 4559 pserint,
725 4491 780 4539 et
802 4479 994 4551 judicii
1022 4477 1139 4547 ejus
1171 4476 1366 4529 timore
1400 4471 1672 4541 neglecto,
1717 4469 2047 4539 semetipsos

2113 751 2409 809 secundum
2449 743 2740 799 certiorem
2793 735 3088 802 Scripturie
3128 739 3344 782 sensum
3380 717 3695 788 accipienda

2115 853 2262 910 sunt,
2291 856 2397 898 non
2429 852 2491 892 ea
2519 835 2692 889 solum
2719 843 2841 899 quae
2885 825 2952 880 ad
3001 818 3396 889 depositionem
3439 813 3697 866 humano-

2115 953 2233 993 rum
2258 943 2547 1002 corporum
2573 924 2825 978 videntur
2851 930 2975 973 esse
2996 918 3332 968 constructa,
3359 903 3442 958 vel
3468 905 3518 955 in
3546 901 3694 956 saxis

2114 1029 2323 1091 exitisa,
2369 1031 2463 1076 aut
2495 1021 2548 1072 in
2585 1026 2785 1070 terram
2816 1009 3051 1070 defossa,
3099 1001 3196 1056 sed
3229 996 3405 1054 omnis
3462 995 3613 1048 locus
3640 992 3692 1045 in

2118 1128 2442 1192 quocunque
2480 1109 2566 1164 vel
2595 1109 2868 1173 integrum
2901 1099 3196 1152 humanum
3231 1102 3451 1158 corpus,
3498 1082 3584 1138 vel
3625 1095 3696 1136 ex

2116 1222 2269 1286 parte
2300 1209 2480 1277 aliqua
2526 1203 2704 1273 jacet;
2757 1191 2970 1248 etiamsi
3035 1186 3254 1241 accidat
3289 1189 3346 1234 ut
3375 1191 3545 1234 unum
3571 1187 3697 1228 cor-

2118 1321 2220 1378 pus
2248 1319 2344 1374 per
2390 1299 2508 1352 loca
2561 1291 2728 1348 multa
2762 1289 3068 1355 dispersum
3117 1278 3210 1341 sit,
3254 1271 3546 1328 absurdum
3589 1281 3696 1320 non

2118 1358 2211 1378 r~~
2251 1358 2263 1374 .

2118 1399 2221 1454 erit
2247 1392 2429 1449 omnia
2487 1402 2548 1441 ea
2596 1385 2714 1440 loca
2749 1380 2803 1433 in
2856 1374 3053 1446 quibus
3081 1385 3209 1440 pars
3241 1366 3419 1435 aliqua
3452 1358 3701 1428 corporis

2111 1492 2276 1560 jacet,
2305 1481 2554 1553 sepulcra
2590 1473 2837 1543 corporis
2865 1469 2982 1539 ejus
3041 1463 3170 1519 dici.
3206 1459 3264 1514 Si
3293 1457 3438 1512 enim
3478 1468 3584 1508 non
3622 1451 3699 1504 ita

2121 1580 2449 1649 accipiamus
2486 1581 2770 1638 resurgere
2800 1565 2866 1618 de
2889 1557 3155 1630 sepulcris
3205 1552 3321 1608 suis
3367 1554 3583 1603 mortuo
3620 1543 3700 1596 di-

2121 1676 2250 1730 vina
2277 1671 2498 1732 virtute,
2531 1663 2620 1732 qui
2667 1653 3010 1727 nequaquam
3055 1657 3182 1703 sunt
3210 1641 3503 1713 sepulturae
3545 1649 3700 1690 man-

2124 1767 2255 1830 dati,
2289 1761 2400 1833 (51)
2434 1731 2610 1825 neque
2642 1753 2694 1806 in
2723 1747 2990 1818 sepulcris
3025 1737 3278 1808 depositi,
3307 1733 3402 1789 sed
3430 1731 3542 1788 sive
3569 1742 3702 1782 nau-

2048 1841 2091 1894 Β
2121 1819 2329 1929 fragiis,
2361 1819 2477 1908 sive
2505 1850 2556 1904 in
2581 1843 2814 1902 desertis
2841 1836 3113 1906 aliquibus
3165 1826 3403 1885 defuncti
3436 1830 3562 1878 sunt
3619 1819 3706 1874 lo-

2121 1954 2220 2016 cis,
2275 1950 2348 2003 ita
2376 1954 2436 2000 ut
2463 1940 2759 2012 sepultura:
2813 1927 3062 1987 mandari
3099 1939 3204 1979 non
3258 1916 3554 1991 potuerint,
3593 1927 3703 1966 non

2121 2041 2446 2098 videbuntur
2481 2027 2830 2089 annumerari
2876 2025 3017 2077 inter
3055 2033 3148 2072 eos
3170 2015 3262 2084 qui
3313 2012 3378 2068 de
3436 2003 3703 2077 sepulcris

2120 2129 2478 2194 resuscitandi
2511 2126 2788 2181 dicuntur.
2825 2114 2980 2183 Quod
3010 2111 3198 2179 utique
3233 2104 3385 2159 valde
3407 2096 3702 2154 absurdum

2122 2237 2224 2286 est.
2259 2245 2278 2278 ι

2194 2322 2518 2377 PAMPHILUS.
2567 2303 2928 2364 Nihilominus
2978 2299 3032 2352 in
3079 2309 3145 2349 eo
3191 2293 3310 2361 ipso
3347 2287 3508 2351 libro,
3541 2283 3710 2337 inter-

2119 2413 2281 2485 jectis
2309 2405 2658 2479 quibusdam,
2689 2397 2820 2453 dicit
2853 2409 2868 2448 :

2197 2506 2489 2562 ORIGENES.
2522 2516 2540 2547 ι
2581 2493 2717 2548 Cum
2743 2503 2875 2558 ergo
2905 2481 3106 2540 Paulus
3143 2475 3357 2539 scribit,
3393 2469 3538 2541 quod
3572 2467 3704 2521 sicut

2124 2600 2276 2656 stella
2319 2600 2381 2649 ab
2410 2589 2562 2646 stella
2594 2586 2776 2649 diﬂert
2804 2581 2859 2633 in
2885 2577 3075 2645 gloria,
3099 2571 3171 2624 ita
3198 2569 3295 2621 erit
3327 2573 3376 2619 et
3397 2559 3708 2616 resurrectio

2126 2700 2455 2746 mortuorum
2485 2681 2528 2712 ’⁸⁵
2558 2695 2570 2730 :
2601 2688 2655 2732 et
2697 2671 2838 2744 quod
2891 2667 3022 2722 dicit
3050 2682 3062 2716 :
3095 2662 3403 2717 Seminatur
3439 2657 3497 2708 in
3529 2667 3712 2706 corru-

2126 2786 2328 2854 ptione,
2374 2775 2540 2846 surgit
2585 2772 2641 2824 in
2676 2761 3073 2831 incorruptione
3107 2755 3174 2819 ‘9,
3201 2762 3254 2808 et
3297 2758 3493 2806 cratera
3534 2742 3714 2811 hujus-

3005 2851 3015 2854 -
3441 2841 3472 2854 ..
3501 2839 3535 2854 .,
3597 2833 3709 2854 ,ιη

2129 2833 2226 2854 τνς-
2471 2833 2492 2846 ν

2129 2875 2270 2932 modi
2306 2891 2320 2927 :
2355 2865 2643 2924 manifeste
2684 2861 2798 2914 haec
2824 2856 2890 2910 de
2939 2851 3056 2908 solo
3084 2859 3313 2917 corpore
3348 2839 3562 2898 scribit.
3596 2833 3712 2887 Non

2129 2970 2270 3025 enim
2302 2963 2482 3017 anima
2511 2954 2777 3011 seminata
2811 2955 2895 3001 est
2928 2944 2984 2997 in
3018 2938 3392 3009 corruptione,
3422 2943 3515 2986 aut
3563 2929 3614 2983 in
3641 2927 3716 2979 in-

2258 3060 2407 3118 itate,
2450 3061 2543 3106 aut
2580 3048 2633 3101 in
2664 3037 2977 3114 ignominia.
3031 3033 3274 3101 Denique
3304 3026 3588 3082 evidenter
3617 3020 3712 3071 ad-

2131 3152 2309 3221 juagit
2341 3149 2427 3202 his
2454 3112 2728 3202 omnibus,
2760 3143 2813 3188 et
2847 3129 3016 3186 dicit:
3047 3124 3352 3180 Seminatur
3377 3130 3568 3189 corpus
3595 3112 3715 3164 ani-

2139 3341 2377 3395 minatur
2415 3333 2468 3386 in
2516 3323 2886 3394 corruptione,
2933 3317 3018 3371 vel
3069 3315 3124 3368 in
3167 3304 3489 3380 ignominia,
3531 3299 3615 3354 vel
3663 3296 3722 3352 in

2138 3425 2472 3484 inﬁrmitate.
2519 3439 2539 3468 ι

2210 3479 2539 3573 PAMPHILUS.
2589 3507 2715 3562 “rec
2748 3501 2964 3571 quidem
3015 3509 3082 3550 ex
3131 3491 3214 3545 his
3262 3483 3420 3540 libris
3445 3479 3556 3552 (52)
3583 3489 3727 3546 quos

2141 3613 2194 3668 in
2224 3609 2440 3666 Esaiam
2468 3601 2710 3672 scripsit.
2758 3594 2875 3648 Non
2916 3582 3332 3659 prmteribimus.
3367 3590 3499 3629 vero
3549 3585 3724 3637 neque

2141 3706 2291 3760 illum
2319 3702 2493 3754 locum
2518 3710 2676 3766 quem
2703 3691 2767 3744 de
2794 3687 2970 3757 primo
2999 3678 3205 3750 psalmo
3240 3667 3517 3730 disseruit,
3547 3665 3598 3718 in
3619 3674 3730 3731 quo

2142 3798 2305 3851 etiam
2334 3795 2398 3847 de
2426 3783 2828 3844 resurrectione
2859 3780 2930 3830 ita
2960 3767 3178 3839 scripsit
3205 3783 3219 3818 :

3042 3886 3155 3956 (55)
3183 3882 3392 3948 Ὥσπερ
3425 3875 3481 3928 δὲ
3509 3873 3570 3925 τὸ
3594 3867 3731 3932 εἶδός

2970 3985 3085 4036 ἐστι
3142 3979 3303 4050 μέχρι
3334 3972 3428 4026 τοῦ
3475 3970 3732 4040 πέρατος,

2972 4076 3075 4130 κᾶν
3099 4075 3147 4126 οἱ
3171 4067 3516 4142 χαρακτῆρες
3537 4061 3735 4114 δοκῶσι

2970 4164 3166 4234 πολλὴν
3199 4163 3340 4232 ἔχειν
3358 4153 3732 4228 παραλλαγήν·

2972 4259 3144 4321 οὕτως
3170 4254 3388 4326 νοητέον
3404 4252 3498 4304 καὶ
3527 4248 3620 4301 ἐπὶ
3642 4245 3737 4300 τοῦ

3354 4340 3494 4405 εἶδος
3539 4339 3738 4392 ταυτὸν

2214 3910 2440 3965 OntcEN.
2497 3923 2514 3954 ι
2556 3902 2710 3956 Sicut
2750 3895 2894 3950 enim

2144 4008 2333 4062 eadem
2385 4002 2442 4054 in
2481 3995 2639 4052 nobis
2685 3991 2897 4060 species

2146 4105 2431 4171 permanet
2461 4093 2528 4146 ab
2557 4073 2782 4144 infantia
2809 4097 2898 4136 us-

2147 4206 2252 4262 que
2281 4189 2350 4242 ad
2387 4191 2743 4241 senectutem,
2773 4175 2899 4228 licet

2147 4282 2492 4337 characteres
2544 4270 2764 4328 multam
2820 4265 2899 4318 vi-

2149 4379 2338 4430 deatur
2365 4365 2794 4424 immutationem
2821 4374 2904 4414 re-
2977 4353 3245 4422 παρόντος
3275 4388 3288 4411 ν

2150 4468 2352 4533 cipel‘e,
2388 4463 2459 4514 ita
2498 4452 2906 4524 intelligendum
2980 4446 3116 4502 εἶναι
3160 4443 3238 4515 τῷ
3285 4441 3554 4514 μέλλοντι,
3584 4433 3738 4487 πλεί-

468 4528 696 4559 ιι-ινιη--τ
727 4528 780 4539 ν-
802 4528 994 4551 δ“*-ν--
1028 4528 1134 4547 *Γ*
1177 4528 1187 4529 ί
1471 4528 1500 4541 υ
1658 4528 1668 4536 .

468 4575 794 4633 tradiderint
825 4574 881 4628 in
935 4568 1308 4640 operationem
1363 4564 1530 4620 totius
1592 4528 1952 4616 inmunditia:
1987 4569 2031 4614 et

2149 4551 2911 4622 est'hancspeeiemquaenunc
2987 4559 3118 4612 στης
3158 4541 3290 4605 ὅσης
3337 4531 3601 4604 ἐσομένης
3641 4528 3739 4597 τῆς

2983 4630 2996 4640 .
3051 4628 3062 4640 .
3416 4615 3716 4640 ηηεδε,

468 4668 731 4732 avaritias,
761 4681 860 4722 nec
883 4680 942 4720 se
976 4673 1284 4734 praeparare
1316 4657 1495 4713 conati
1529 4656 1658 4720 sint,
1697 4664 1754 4708 ut
1792 4652 2046 4708 resistere

538 4857 586 4893 “
614 4857 716 4911 lsa.
737 4868 885 4915 xxvi,
907 4849 991 4905 l9.
1070 4849 1114 4880 δ’
1143 4847 1159 4900 l
1184 4845 1310 4900 Cor.
1335 4858 1425 4915 xv,

1613 4834 1658 4866 ⁸³
1689 4832 1821 4886 Luc.
1854 4845 1968 4891 xm,
1995 4829 2088 4884 ‘28.

2152 4657 2234 4703 est
2271 4650 2323 4701 in
2370 4615 2543 4706 nobis,
2575 4640 2744 4708 ipsam
2778 4649 2902 4702 per-
2981 4628 3074 4681 ἐπὶ
3131 4624 3347 4680 κάλλιον
3413 4615 3741 4691 μεταϐολῆς.

2183 4822 2472 4891 “Philipp.
2503 4818 2689 4884 tn,?.l.
2767 4816 2810 4847 ⁸⁵
2832 4814 2847 4867 l
2873 4812 2997 4871 Cor.
3030 4832 3118 4879 xv,
3141 4813 3218 4870 42
3252 4825 3366 4879 seq.
3427 4808 3476 4838 ⁸⁸
3503 4803 3630 4861 ibid.
3651 4800 3742 4855 25.

471 4929 516 4962 δ’
546 4894 716 4999 alii};
741 4894 1042 4989 22,6738
1073 4920 1092 4972 I
1123 4894 1491 4981 (Ξοῖῖὶνζὶι.
1565 4906 1611 4937 ιθ
1645 4905 1776 4958 ibid.
1805 4901 1878 4955 42
1915 4915 2029 4968 seq.
2108 4898 2152 4930 ιο
2183 4897 2313 4950 ibid.
2342 4894 2431 4946 ti.

570 5070 662 5142 47)
686 5070 775 5142 Ειι
805 5068 902 5142 lib.
933 5080 1109 5142 “vin
1225 5059 1451 5142 Isaiam.

2162 5057 2254 5094 nec
2302 5042 2359 5092 in
2389 5035 2646 5106 sepulcris
2690 5029 3106 5106 ntandati._ltls.
3160 5025 3382 5106 Regius,
3418 5021 3506 5106 qui
3557 5031 3750 5106 nequa:

2160 5128 2319 5180 quant
2354 5087 2475 5162 Sttan
2527 5106 2813 5180 sepultura;
2843 5119 2935 5180 nec
2963 5103 3018 5154 iu
3065 5087 3315 5180 sepulcris
3346 5087 3608 5146 mandati.
3641 5087 3749 5140 Sed

569 5130 656 5212 48$
680 5140 926 5212 Editi,_e_t
940 5136 1072 5212 justi
1100 5134 1188 5186 ubi
1213 5130 1486 5212 recipiant,
1514 5131 1617 5212 cui.

1215 5182 1406 5281 nostri
1428 5239 1442 5262 ,
1465 5182 1603 5276 quod
1634 5187 1924 5271 seminatur
1941 5182 2058 5253 qui-

477 5261 594 5343 dem
640 5261 696 5336 in
733 5281 1094 5346 corruptione,
1143 5272 1311 5346 surgit
1362 5261 1434 5322 in,
1471 5261 1952 5346 incorruptiornel..l.
2011 5261 2061 5305 et

482 5326 615 5428 quod
647 5326 1352 5428 seminalurmZe—stvqnimale,
1378 5343 1557 5404 surget
1588 5326 1763 5387 autem
1793 5326 1890 5398 [aL
1911 5326 2066 5378 deest

471 5414 678 5493 {autem}
705 5436 891 5493 corpus
913 5414 1174 5493 spiritale.

555 5464 678 5565 liii)J
703 5464 1240 5565 lifdi'tfsigniliteriet
1291 5481 1346 5533 in
1374 5475 1577 5559 multis.
1618 5471 1725 5528 Sed
1744 5481 1882 5565 mss.
1917 5474 1976 5520 ut
2010 5464 2064 5565 ir:

721 5538 1058 5616 sdr'bbiii'ciis
1113 5564 1291 5608 tamen
1351 5547 1553 5603 omittit
1611 5553 1666 5598 et
1709 5538 1979 5600 similiter,
2014 5541 2068 5588 et

2164 5171 2293 5235 editi
2325 5189 2379 5232 et
2410 5193 2538 5232 mss.
2567 5171 2775 5243 aliquot
2805 5173 3006 5243 rectius
3035 5181 3091 5224 ut
3125 5171 3176 5222 in
3205 5177 3376 5243 testu.

2228 5250 2353 5330 .(52)
2387 5248 2550 5330 Editi,
2578 5233 2823 5330 tqu'osnin.
2873 5241 3078 5295 Isaiam
3120 5237 3372 5330 scribit...
3406 5233 3469 5312 de
3514 5241 3753 5308 resurre-

2168 5301 2350 5376 ctione,
2385 5323 2458 5372 ita
2481 5301 2686 5371 scrillit.
2719 5315 2824 5370 Sed
2854 5327 2987 5367 mss.
3016 5310 3326 5374 utrobique,
3355 5301 3584 5376 scripsit.

2483 5367 3044 5461 enimeniginpsalm.
3070 5367 3403 5461 i_,5."ﬁ_0'.asp
3418 5367 3484 5424 δὲ
3509 5367 3576 5461 td
3595 5368 3759 5461 εἶδός

2173 5439 2355 5527 eos“,
2389 5439 2515 5516 etc:
2534 5439 2729 5512 Graeca
2771 5439 2932 5527 hujus
2987 5439 3115 5527 loci:
3141 5448 3316 5527 verba
3354 5439 3759 5527 esstantlapud

2175 5511 2566 5603 Epiphanium,
2608 5529 2800 5603 meres.
2831 5511 3182 5603 64,_cap.
3224 5515 3449 5603 Vid‘eni'n
3489 5511 3760 5603 psaltp‘q‘m

2175 5579 3126 5728 iniiiiifiiIiiBs'ii-gehujuseliiiibnis
3149 5601 3278 5645 tom.
3309 5583 3444 5646 xui,
3483 5579 3606 5652 pag.
3629 5579 3759 5636 suo.

2226 5679 2311 5728 ide
2335 5684 2496 5727 etiam
2537 5668 2908 5728 Origenianor.
2946 5664 3037 5720 lib.
3093 5678 3156 5728 ιι,
3203 5665 3396 5728 quiest.
3423 5655 3478 5720 9.
3517 5666 3671 5708 num.
3700 5647 3759 5718 7.,

2226 5647 3037 5738 ιὶίἕῖἱίἒιιὶῖόὶῷεῑιὶἷιὰὸνῖιιι).
3093 5678 3156 5729 ιι,
3203 5665 3396 5731 quiest.
3423 5647 3671 5720 9.1mm.
3700 5647 3759 5718 7.,

2178 5746 2267 5802 ubi
2297 5721 2604 5816 hac—Veliam
2620 5721 2965 5795 r’eferunmc.
3143 5721 3154 5729 ’
3221 5721 3239 5731 ’
3765 5721 3768 5725 ’

482 5577 656 5624 textu.

481 5645 824 5787 sf‘ﬁiphls.
871 5695 1207 5784 Sprbonicns
1240 5687 1463 5787 onliittIit,
1493 5699 1668 5787 ἔρημα
1712 5683 1765 5735 in
1811 5675 2066 5787 sepug‘ris

680 5785 686 5787 -
888 5776 902 5787 -
942 5769 1022 5787 ηι
1322 5759 1464 5787 -ιυιη
1623 5752 1848 5787 λιν-...ηις
1884 5764 1910 5787 ει
1989 5763 2066 5787 η...

489 5745 732 5847 depositi.
764 5771 864 5827 Ms.
887 5745 1259 5847 liorbveieusis,
1303 5745 1464 5814 hodie
1493 5756 1550 5812 S.
1582 5745 1848 5847 'G'ermaui
1869 5745 1911 5801 7a
1933 5745 2070 5847 {PI-.3.

491 5817 750 5904 32713133:
764 5817 1288 5914 :“qtiivn-equaquam
1321 5837 1440 5887 sunt
1493 5824 1775 5895 sepultura:
1807 5817 2068 5884 mandati,
