4162 6464
415 371 522 451 599

417 502 730 546 mansuram
778 487 942 544 etiam
990 488 1043 543 iu
1086 487 1173 543 fu-

417 592 564 650 turo,
594 582 827 652 plurima
862 591 1040 637 tamen
1076 581 1177 636 im-

416 676 720 732 mutatione
777 676 831 729 in
872 673 1068 730 melius
1121 682 1177 729 et

417 767 707 839 gloriosius
736 767 895 821 tacta.
940 764 1177 821 Necesse

414 871 499 920 est
526 863 669 917 enim
697 862 1005 918 animamin
1038 862 1174 919 locis

416 959 700 1029 corporeis
724 957 1062 1014 habitantem
1094 960 1171 1013 uti

416 1051 742 1120 carparibus
804 1049 1001 1106 talibus
1054 1060 1175 1119 qua:

416 1152 539 1216 apta
552 1145 660 1202 sint
672 1142 757 1201 his
769 1145 899 1202 locis
914 1147 965 1200 in
980 1147 1174 1215 quibus

415 1239 585 1309 deg‘t.
606 1238 673 1293 Et
701 1238 860 1299 sicut,
878 1239 1027 1294 verbi
1054 1246 1175 1291 cau-

415 1346 499 1395 sa,
534 1330 578 1386 si
612 1332 665 1386 in
693 1330 852 1401 aquis
883 1332 1048 1387 maris
1079 1346 1177 1386 nos

415 1422 686 1491 habitare,
720 1423 806 1480 vel
842 1424 1038 1493 degere
1074 1440 1172 1492 po-

414 1520 632 1584 sceret,
684 1515 804 1571 sine
860 1516 1021 1571 dubio
1075 1531 1176 1587 pro

417 1609 710 1665 habitaculi
765 1611 1026 1679 qualitate
1081 1626 1178 1665 ne-

415 1703 718 1757 cessarium
771 1704 1045 1758 videretur
1073 1703 1172 1756 ha-

417 1798 550 1852 bere
596 1797 758 1852 talem
789 1797 1038 1867 corporis
1068 1807 1175 1851 sta-

417 1898 552 1955 tum,
587 1896 642 1944 et
688 1890 1134 1959 compositionem
1152 1929 1169 1954 ,

415 1983 631 2051 qualem
686 1981 889 2037 habent
923 1981 1011 2036 illa
1056 1982 1172 2035 ani-

416 2068 579 2128 malia
629 2088 751 2143 qua:
797 2072 850 2127 in
899 2074 1055 2143 aquis
1088 2073 1172 2127 vi-

414 2177 587 2223 vunt:
624 2169 695 2223 ita
726 2184 868 2225 nunc
903 2184 1027 2225 cum
1061 2182 1168 2225 ete-

412 2261 591 2319 lorum
633 2260 1001 2317 habitaculum
1049 2276 1177 2332 pro-

414 2363 685 2429 mittatur,
704 2365 1003 2419 secundum
1025 2363 1173 2419 loco-

1621 377 1678 435 S.
1721 374 2047 433 PAMPHILI
2088 368 2450 433 MARTYRIS

3587 383 3693 442 600

1263 490 1584 560 Ἀναγκαῖυν
1597 492 1706 565 γὰρ
1719 492 1817 563 τὴν
1832 490 2004 563 ψυχὴν

2183 489 2477 548 Demens.
2500 490 2614 562 (55)
2654 507 2676 542 ι
2700 489 2962 546 Dominus
2993 489 3152 549 Jesus
3171 493 3419 554 Christus
3462 499 3577 557 hate
3608 503 3692 558 di-

1249 587 1307 640 ὲν
1332 586 1520 651 τόποις
1548 591 1879 659 σωματικοῖς
1901 589 2006 640 ὑπ-

1249 680 1525 753 άρχουσαν
1552 720 1567 746 ,
1704 680 2007 753 κεχρῆσθαι

1252 772 1465 844 σώμασι
1500 774 1856 846 καταλλήλοις
1896 778 2007 840 τοῖς

1243 869 1444 934 τύποις.
1476 871 1588 925 Καὶ
1616 870 1804 944 ὥσπερ
1833 873 1890 924 ὲν
1913 872 2009 927 Θα-

1243 963 1415 1037 λάσσῃ
1450 964 1549 1037 ζῇν
1580 967 1728 1037 ἡμᾶς
1754 966 2009 1038 ἐνύδρους

1243 1056 1570 1127 γενομένους
1594 1060 1641 1111 εἰ
1658 1058 1847 1130 ἐχρῆν,
1874 1058 2010 1112 πάν-

1243 1164 1352 1211 τως
1385 1146 1451 1201 ἂν
1484 1144 1589 1202 ἔδει
1618 1147 2008 1220 παραπλησίαν

1246 1241 1390 1313 ἔχειν
1404 1243 1497 1295 καὶ
1510 1242 1610 1313 τὴν
1623 1241 1789 1312 ἄλλην
1810 1239 2008 1312 ἰχθύων

1247 1339 1613 1392 κατάστασιν·
1661 1336 1835 1402 οὓτως
1878 1336 2009 1408 μέλ-

1246 1430 1439 1495 λοντας
1468 1428 1826 1502 κληρονομεῖν
1855 1429 2010 1500 βασι-

1246 1525 1396 1579 λείαν
1424 1523 1691 1595 οὐρανῶν,
1712 1524 1806 1578 καὶ
1834 1525 1893 1577 ἐν
1922 1524 2010 1577 τό·

1248 1636 1370 1683 ποις
1393 1617 1743 1689 διαφέρουσιν
1767 1615 2007 1681 ἔσεσθαι,

1246 1712 1543 1781 ἀναγκαῖον
1567 1708 1800 1781 χρῆσθαι
1825 1707 2012 1780 σῶμα·

1248 1821 1299 1858 σι
1332 1805 1744 1875 πνευματικοῖς,
1770 1802 1891 1872 οὐχὶ
1914 1800 2007 1855 τοῦ
2038 1844 2081 1901 Β

1244 1894 1419 1960 εἴδους
1444 1892 1537 1948 τοῦ
1572 1892 1839 1965 προτέρου
1862 1894 2005 1962 ἁφαέ

1246 1988 1549 2061 νιζομένου,
1583 1987 1690 2041 κᾶν
1717 1987 1808 2041 ἐπὶ
1839 1986 1899 2040 τὸ
1922 1986 2007 2039 ὲν-

1245 2083 1423 2150 δοξότε
1432 2099 1522 2155 ρον
1541 2079 1765 2151 γένηται
1792 2078 2003 2151 αὐτοῦὴ

1244 2169 1736 2251 τροπὴ.”Ωσπερῆν
1752 2173 1813 2227 τὸ
1829 2168 2002 2245 Ἰησοῦ

1247 2267 1389 2335 εἶδος
1407 2309 1423 2335 ,
1460 2269 1556 2323 καὶ
1594 2266 1876 2330 Μωῡσέως
1910 2265 2006 2320 καὶ

1259 2360 1461 2427 Ἠλίου,
1491 2364 1589 2433 οὐχ
1619 2360 1806 2433 ἕτερον
1840 2360 1898 2413 ὲν
1935 2361 2003 2431 τῇ

413 2472 536 2512 rum
566 2457 793 2529 gloriam
833 2472 1174 2528 consequens
1249 2454 1695 2528 μεταμορφώσει,
1718 2451 1886 2524 παρ’ὅ
1910 2447 2001 2523 ἦν.

412 2560 500 2607 est
538 2552 804 2622 aptandas
845 2566 969 2607 esse
1015 2552 1179 2605 etiam
1209 2564 1494 2619 corporum
1528 2546 1845 2618 qualitates.
1895 2543 2004 2601 Nec

415 2642 540 2698 ideo
580 2652 761 2699 tamen
793 2646 948 2715 prior
983 2643 1099 2699 haac
1133 2642 1345 2711 species
1376 2640 1856 2704 exterminabitur,
1880 2638 2006 2692 licet

413 2732 707 2804 gloriosior
737 2732 857 2802 ejus
890 2731 1083 2789 eli'ecta
1130 2733 1202 2788 sit
1254 2731 1610 2802 permutatio.
1653 2729 1811 2785 Sicut
1856 2728 2003 2783 eniin‘

413 2825 587 2897 ipsius
613 2827 825 2882 Domini
857 2824 1016 2891 Jesu,
1044 2825 1128 2881 vel
1157 2818 1352 2898 Moysi,
1378 2822 1463 2881 vel
1486 2820 1615 2879 Elia:
1649 2822 1860 2894 species
1888 2818 2005 2895 (54)

414 2934 522 2974 non
550 2926 669 2974 erat
690 2919 795 2974 alia
822 2919 875 2974 in
916 2919 1421 2985 transformatione,
1463 2932 1626 2989 quam
1662 2915 1844 2971 fuerat
1876 2924 2005 2969 ante

417 3010 983 3076 transformationem,
1015 3012 1089 3067 ita
1121 3027 1229 3067 non
1253 3012 1360 3067 erit
1396 3010 1505 3065 alia
1538 3017 1853 3066 sanctorum
1882 3020 2005 3076 spc-

414 3105 547 3172 cies,
578 3103 795 3161 etiamsi
850 3103 1022 3162 multo
1060 3104 1352 3178 gloriosior
1383 3103 1500 3158 tiat.
1536 3121 1556 3157 ο

982 3260 1238 3304 ικτειριι.
1270 3260 1433 3303 κοη.

491 3358 564 3410 Ac
588 3356 1033 3427 quemadmodum
1080 3359 1277 3426 species
1303 3358 1419 3427 ipsa
1454 3356 1525 3427 ad
1554 3356 1802 3411 ultimum
1840 3370 2004 3426 usque

418 3425 610 3480 cadent
639 3435 740 3489 est,
768 3428 865 3480 etsi
894 3429 1076 3497 ingens
1110 3425 1453 3497 prapriarum
1485 3425 1801 3495 formarum,
1851 3425 2005 3479 nota-

419 3511 643 3565 rumque
688 3497 931 3551 uideatur
952 3512 1063 3551 esse
1086 3498 1369 3552 diversitas
1402 3513 1421 3550 :
1444 3499 1517 3550 ita
1546 3505 1598 3550 et
1629 3499 1686 3549 in
1710 3513 1770 3550 eo
1796 3497 1860 3549 de
1900 3511 2003 3565 quo

418 3566 650 3648 agimus,
686 3566 1086 3648 intelligendum
1138 3577 1222 3648 est
1254 3577 1565 3637 prresentem
1597 3567 1836 3648 corporis
1885 3581 2004 3648 spe:

418 3637 549 3688 ciem
589 3638 830 3689 eamdem
862 3654 972 3691 esse
1027 3653 1147 3691 cum
1195 3637 1380 3704 futura
1410 3654 1425 3690 :
1457 3651 1575 3690 cum
1606 3649 1666 3690 eo
1699 3646 1896 3696 tamen.
1946 3642 2004 3689 ut

417 3702 744 3759 incredibilis
769 3705 823 3759 in
844 3707 1032 3760 melius
1056 3709 1123 3761 sit
1153 3702 1340 3776 futura
1366 3707 1614 3760 mutatio.
1651 3705 1881 3760 Necesse
1926 3716 2003 3760 est

416 3775 558 3829 enim
589 3778 827 3829 animam
851 3780 1118 3843 corporeis
1149 3775 1203 3831 in
1232 3779 1363 3831 locis
1393 3776 1675 3831 haerentem
1717 3787 2002 3830 consenta-

418 3848 529 3898 neis
568 3845 668 3898 sibi
714 3846 795 3899 uti
847 3849 1182 3917 corporibus.
1215 3847 1384 3913 Atque
1414 3856 1472 3901 ut
1512 3847 1557 3900 si
1598 3849 1653 3900 in
1687 3847 2003 3915 aquatilium

417 3924 667 3969 naturam
696 3930 974 3972 conversos
1001 3920 1163 3972 vitam
1196 3918 1252 3971 in
1284 3919 1420 3971 mari
1450 3932 1543 3971 nos
1572 3918 1759 3986 degere
1789 3924 2001 3985 Oporte-

419 3994 519 4050 ret,
541 3988 899 4057 necessarium
925 3989 1063 4057 [oret
1091 4000 1185 4043 nos
1211 3988 1325 4040 alia
1355 4001 1635 4054 corporum
1666 3988 2002 4041 constitutio-

418 4070 504 4116 ne,
522 4056 848 4127 pisciumque
880 4056 1046 4111 simili
1069 4075 1179 4111 esse
1202 4060 1450 4126 prteditos
1480 4072 1499 4122 ;
1542 4058 1615 4110 ita
1643 4059 1731 4126 qui
1753 4057 2002 4127 calorum

418 4125 566 4194 regni
605 4125 967 4181 hwreditatem
995 4125 1365 4193 aditurisunt,
1392 4145 1454 4182 ac
1477 4125 1694 4181 diversis
1712 4128 1767 4181 in
1789 4126 2003 4181 sedibus

417 4192 739 4261 hdbitaturi,
769 4198 1038 4262 spiritalia
1063 4214 1269 4267 quoque
1297 4214 1519 4267 corpora
1541 4198 1767 4253 habeant
1796 4212 2004 4251 necesse

416 4275 494 4339 es!
520 4284 539 4322 :
565 4283 668 4339 non
695 4268 837 4339 quod
858 4270 1017 4339 prior
1048 4272 1417 4339 esstingu'atur
1439 4268 1660 4339 species,
1704 4268 1913 4339 tametsi
1946 4269 2004 4321 in

416 4335 684 4410 illustrius
708 4335 1005 4410 quiddam,
1028 4335 1430 4410 rgloriosiusque
1464 4335 1762 4410 'mutetur._
1805 4336 2001 4400 Quem-

417 4404 704 4479 admodum
734 4404 885 4472 Jesu,
921 4404 1239 4479 ac'Hoysis,
1278 4421 1325 4462 et
1342 4404 1482 4463 Elite
1516 4409 1714 4468 species
1745 4407 1799 4460 in
1825 4414 2003 4479 trans-

416 4474 737 4542 formatione
766 4492 872 4531 non
899 4480 1007 4533 alia
1058 4474 1219 4549 quam
1254 4496 1374 4551 quia
1400 4479 1554 4533 initio
1581 4490 1719 4542 erat,
1771 4478 1998 4535 exstitit.

2109 584 2209 649 rit,
2235 583 2354 655 (56)
2379 584 2534 655 cujus
2564 585 2799 656 primum
2820 598 2951 639 caro
2979 587 3253 652 requievit
3277 590 3330 644 in
3362 602 3479 661 spe.
3506 594 3694 651 Cruci-

2109 675 2254 732 lixas
2283 678 2432 731 enim
2460 686 2569 742 est,
2604 677 3004 747 primogenitus
3028 690 3097 731 ex
3133 682 3364 736 Mortuis
3393 683 3603 753 factas;
3636 698 3693 743 et

2106 777 2234 837 post
2284 767 2743 823 resurrectionem
2773 777 3088 839 assumptus
3130 770 3186 824 in
3233 773 3458 839 calum,
3506 788 3689 831 secsm

2111 866 2386 914 terrenum
2404 868 2605 930 carpus
2622 860 2824 924 evexit,
2836 861 2915 915 ita
2936 870 2996 914 ut
3017 870 3357 919 terrerentur
3370 874 3424 921 et
3440 863 3694 939 olistupe-

2110 961 2330 1008 soerent
2356 952 2593 1007 virtutes
2618 953 2876 1009 emlestes
2921 956 3174 1011 videmes
3218 969 3437 1013 carnem
3468 959 3691 1031 (Βηθε-

2108 1041 2428 1097 candentem
2459 1042 2512 1097 in
2552 1041 2776 1098 celum.
2808 1041 2885 1101 De
2924 1044 3041 1100 Elia
3074 1048 3229 1102 enim
3272 1048 3538 1117 scriptum
3586 1054 3691 1116 est,

2109 1135 2235 1203 quia
2258 1134 2414 1204 quasi
2444 1135 2503 1189 in
2530 1132 2729 1191 catth
2746 1146 3058 1208 assumptus
3086 1146 3173 1193 est
3195 1139 3276 1194 ”:
3304 1146 3359 1193 et
3388 1141 3454 1195 de
3481 1141 3691 1213 Enocls,

2108 1226 2235 1296 quia
2270 1226 2569 1282 παιδίοισι
2603 1238 2690 1282 est
2717 1228 2766 1260 "
2797 1244 2811 1282 :
2846 1241 2952 1283 non
2993 1238 3172 1285 tamen
3214 1229 3420 1287 dictum
3456 1243 3540 1288 est
3565 1235 3691 1304 quia

2110 1315 2358 1372 ascendit
2407 1316 2463 1371 in
2493 1316 2711 1373 celum.
2760 1316 3079 1375 Dﬂ‘endatur
3106 1321 3197 1390 qui
3246 1320 3361 1375 vult
3392 1332 3459 1376 ex
3500 1332 3694 1381 nostro

2109 1420 2368 1465 sermone
2398 1424 2413 1461 ε
2448 1420 2552 1479 ego
2593 1418 2773 1465 autem
2803 1422 2929 1465 cum
2975 1411 3123 1465 omni
3171 1411 3368 1467 ﬁducia
3404 1426 3691 1485 asserere,

2110 1501 2235 1572 quia
2271 1503 2414 1558 sicut
2467 1501 2866 1573 primogenitum
2915 1518 2984 1559 ex
3034 1505 3267 1560 mortuis
3300 1515 3386 1561 est
3414 1504 3692 1576 Christus,

2113 1592 2187 1645 ita
2223 1593 2431 1662 primus
2457 1596 2896 1667 carnemevexit
2928 1593 2995 1649 ad
3054 1594 3284 1649 caelum.
3321 1595 3568 1665 Denique
3597 1612 3690 1652 no-

2109 1683 2279 1738 vitate
2310 1683 2427 1754 ipsa
2440 1694 2827 1753 perterrentnr
2861 1686 3112 1742 eclestes
3146 1687 3395 1753 virtutes,
3436 1687 3692 1758 {58)qsia

2110 1776 2256 1846 quod
2292 1790 2575 1847 nunquam
2616 1787 2745 1834 ante
2776 1775 3046 1843 viderant,
3100 1792 3248 1835 nunc
3282 1778 3545 1835 videbant
3572 1792 3690 1835 car-

2116 1883 2238 1923 nem
2276 1870 2589 1925 ascendisse
2640 1877 2693 1925 in
2745 1871 2989 1926 caelum:
3024 1879 3079 1927 et
3124 1883 3407 1944 propterea
3464 1875 3693 1931 dicunt:

2110 1959 2248 2026 Quis
2275 1970 2350 2015 est
2371 1962 2468 2015 iste
2497 1963 2587 2032 qui
2607 1963 2751 2016 venit
2779 1979 2843 2018 ea:
2869 1962 3061 2029 Edoni,
3090 1964 3144 2019 id
3174 1973 3260 2022 est
3289 1981 3319 2019 a
3371 1967 3692 2037 terrigenis!

2115 2049 2297 2106 Rubor
2329 2054 2753 2108 vestimentorum
2807 2058 2925 2125 ejus
2979 2072 3045 2110 ex
3098 2054 3270 2111 Bosor
3304 2056 3375 2113 l“.
3428 2056 3693 2114 Videbunt

2113 2145 2258 2200 enim
2294 2147 2348 2200 in
2401 2161 2629 2214 corpore
2677 2147 2797 2217 ejus
2824 2149 3053 2221 vestigia
3088 2148 3372 2206 vulnerum
3396 2165 3465 2208 es
3504 2151 3693 2220 Dosor,

2114 2236 2169 2292 id
2202 2246 2308 2303 est,
2346 2238 2400 2293 in
2428 2253 2597 2293 carne
2619 2248 2892 2309 suscepta.
2922 2260 2945 2295 ι

2183 2370 2515 2432 PAMPHILUS.
2538 2372 2604 2431 Et
2634 2387 2755 2446 post
2782 2388 2985 2448 pauca:

2183 2490 2477 2547 Omcssss.
2520 2509 2538 2543 ι
2589 2488 2715 2548 llaec
2741 2500 2968 2563 propter
2994 2490 3127 2548 illud
3153 2493 3297 2562 quod
3330 2493 3539 2551 dictum
3589 2501 3695 2560 est,

2112 2583 2368 2654 quoniam
2397 2600 2523 2637 caro
2549 2599 2665 2638 mea
2696 2585 2980 2656 requiescet
3009 2586 3063 2640 in
3111 2602 3201 2655 spe
3222 2586 3290 2640 ⁸⁸.
3322 2584 3379 2640 In
3416 2602 3521 2655 qua
3552 2600 3651 2656 spe
3675 2585 3702 2641 ἳ

2113 2670 2230 2729 Non
2261 2675 2436 2730 solum
2461 2675 2590 2747 quia
2631 2690 2696 2730 ex
2735 2677 2966 2731 mortuis
3021 2677 3263 2748 resurgit
3304 2675 3519 2749 (parum
3548 2676 3700 2731 enim

2115 2767 2218 2823 hoc
2248 2766 2378 2836 est),
2419 2767 2514 2822 sed
2551 2766 2606 2821 in
2651 2780 2720 2823 ea
2747 2781 2842 2838 spe
2876 2769 3195 2840 requiescit,
3236 2769 3385 2840 quod
3417 2776 3700 2838 assumpta

2112 2864 2199 2913 est
2222 2858 2277 2912 in
2321 2856 2541 2914 cadum.
2574 2876 2595 2912 ι

2189 2990 2527 3050 Ρηηιιιυε.
2560 2993 2701 3061 Quid
2756 2992 2858 3051 hoc
2911 2994 3224 3053 etridentius
3275 3002 3333 3051 et
3376 2994 3579 3052 clarius
3629 2993 3700 3053 ab

2112 3086 2298 3156 aliquo
2337 3088 2441 3142 dici
2489 3095 2667 3158 potest
2689 3087 3171 3142 deresurreetione
3190 3087 3393 3153 carnis,
3424 3098 3588 3157 quam
3611 3097 3702 3141 aso-

2035 3213 2078 3271 ο
2112 3179 2359 3248 signavit
2386 3193 2497 3233 non
2518 3179 2695 3235 solum
2731 3187 3161 3233 resurrecturam
3179 3193 3211 3232 a
3228 3178 3481 3243 mortuis,
3507 3190 3701 3232 verum

2113 3270 2279 3325 etiam
2322 3272 2377 3325 in
2409 3271 2603 3334 cintus,
2653 3270 2699 3326 si
2748 3285 2855 3340 qua
2903 3280 3086 3325 tamen
3119 3269 3173 3325 id
3225 3269 3512 3334 meruerit,
3545 3281 3701 3323 assu-

2113 3366 2392 3429 mendam,
2432 3364 2748 3420 secuturam
2794 3362 3006 3420 scilicet
3031 3376 3159 3418 eum
3184 3363 3281 3434 qni
3308 3362 3702 3434 primogenitum

2110 3471 2179 3512 ex
2215 3456 2444 3512 mortuis
2470 3455 2663 3520 factus,
2717 3457 2926 3525 primus
2959 3456 3014 3510 in
3045 3454 3251 3510 ccelum
3289 3463 3544 3509 naturam
3571 3467 3698 3508 car-

2113 3550 2197 3606 nis
2225 3548 2475 3604 invexit?
2504 3547 2646 3615 Quid
2688 3556 2867 3601 tamen
2900 3549 2954 3601 in
3001 3556 3200 3602 octavo
3229 3545 3442 3601 decimo
3490 3544 3700 3614 psalmo

2112 3651 2392 3709 exponens
2426 3637 2577 3691 illum
2602 3635 2934 3691 versiculum
2966 3650 2980 3687 :
3014 3634 3084 3689 In
3104 3634 3221 3691 sole
3248 3635 3427 3706 posuit
3451 3635 3702 3689 taberna~

2112 3729 2289 3784 culum
2310 3743 2465 3783 suum
2489 3726 2558 3795 “,
2596 3725 2857 3791 senserit,
2890 3726 3201 3782 audiamus.

2181 3838 2475 3896 ORIGENES.
2514 3836 2628 3911 (59)
2663 3836 2858 3906 (Quid
2888 3844 2970 3893 est
3008 3837 3152 3909 quod
3183 3837 3319 3893 dixit
3342 3856 3356 3889 :
3383 3834 3454 3892 In
3480 3835 3591 3891 sole
3608 3853 3704 3907 pod-

2111 3933 2219 3987 suit
2259 3929 2662 3986 tabernaculum
2695 3936 2853 3984 suum
2879 3930 2904 3984 ?
2927 3927 3157 3997 Quidam
3198 3929 3417 3999 quidem
3449 3929 3703 3983 dicebant

2111 4022 2255 4093 quod
2286 4020 2543 4077 Salvator
2574 4028 2763 4075 noster
2790 4020 3095 4076 ascendens
3124 4034 3157 4075 e
3187 4021 3355 4076 terris
3389 4020 3446 4075 in
3476 4019 3697 4086 cretum,

2113 4125 2169 4169 et
2204 4127 2406 4183 corpus
2438 4126 2599 4166 suum
2637 4124 2946 4180 assumens,
2977 4111 3227 4180 pervenit
3254 4122 3425 4181 usque
3466 4110 3533 4166 ad
3572 4124 3700 4165 eum

2113 4202 2379 4259 circulum
2427 4202 2522 4273 qui
2575 4200 2708 4258 solis
2738 4216 2875 4256 zona
2906 4201 3237 4271 nominatur,
3271 4210 3328 4256 et
3372 4203 3472 4269 ibi,
3519 4201 3696 4269 aiunt,

2112 4293 2294 4364 posuit
2323 4292 2735 4347 tabernaculum
2765 4293 3017 4362 corporis
3059 4292 3143 4347 sui
3178 4307 3192 4343 :
3229 4307 3337 4346 non
3373 4293 3518 4347 enim
3555 4291 3700 4347 ultra

2114 4393 2235 4440 erat
2267 4382 2530 4455 possibile
2566 4383 2619 4438 id
2649 4384 2925 4452 progredi.
2959 4382 3067 4439 Sed
3099 4383 3216 4438 haec
3242 4383 3317 4438 illi
3342 4384 3417 4439 ita
3434 4385 3699 4450 sentiunt,

2114 4492 2218 4550 pro
2263 4492 2328 4533 eo
2357 4478 2503 4547 quod
2546 4476 2867 4549 allegoriam
2902 4475 3096 4532 nolunt
3125 4478 3179 4533 in
3206 4477 3486 4549 Scriptura
3520 4479 3702 4535 divina

487 4563 818 4623 Palicanus.
850 4566 957 4624 Sed
989 4579 1045 4626 et
1077 4573 1129 4625 in
1157 4572 1350 4642 quinto
1367 4570 1585 4626 decimo
1603 4568 1814 4639 psalmo
1836 4576 2006 4636 exp’o-
2036 4582 2081 4643 ι)
2117 4570 2363 4640 recipcre
2399 4586 2415 4623 :
2455 4576 2510 4623 et
2539 4569 2662 4625 ideo
2692 4584 2842 4637 pune
2886 4567 3132 4624 historiae
3178 4569 3574 4638 deservienles,
3600 4573 3704 4627 bu-

416 4670 553 4712 nens
603 4659 754 4714 illum
811 4662 1139 4719 versiculum
1181 4664 1455 4733 :lnsuper
1482 4671 1530 4718 et
1562 4678 1694 4719 caro
1749 4677 1868 4716 mea
1916 4676 2005 4715 re-

416 4749 645 4818 quiescet
669 4753 725 4806 in
757 4769 846 4821 spe
873 4756 919 4787 ’ί
956 4772 967 4805 :
1004 4756 1072 4811 de
1095 4771 1262 4812 carne
1295 4755 1510 4810 Domini
1535 4755 1651 4810 haec
1676 4755 1786 4810 ait:

487 4899 531 4930 ⁸¹
558 4896 706 4971 Psal.
752 4919 842 4970 xv,
876 4902 930 4960 9.
1037 4903 1083 4936 ⁸³
1118 4899 1184 4955 ιν
1223 4900 1357 4971 Reg.
1396 4916 1459 4968 ιι,
1491 4900 1578 4955 ll.

419 4985 578 5035 mu,
612 4970 668 5025 6.

491 5112 607 5185 (54)
630 5110 1132 5185 Mss.A7(-‘.o_rbelensis
1160 5118 1214 5163 et
1240 5107 1445 5185 Regius
1469 5122 1757 5185 perperam
1784 5106 2007 5173 habent,

419 5178 525 5236 non
549 5178 665 5236 erat
699 5183 825 5236 talis
855 5183 913 5236 in
937 5180 1433 5245 transformatione,
1468 5178 1647 5250 quatis
1667 5179 1867 5247 fuerat,
1894 5189 2002 5232 etc.

419 5256 526 5308 Sed
552 5255 731 5307 caeteri
765 5267 900 5307 mss.
926 5262 982 5306 et
1005 5251 1135 5305 editi
1162 5259 1308 5305 recte
1347 5255 1404 5304 ut
1438 5251 1490 5303 in
1529 5259 1700 5303 textu.

491 5323 605 5396 (δὸ)
629 5322 1027 5396 ls‘sComnient.
1053 5321 1109 5396 in
1147 5322 1336 5389 psaltis.
1377 5335 1467 5386 xv,

491 5387 606 5466 (56)
648 5394 813 5466 Editi,
833 5392 986 5460 cujus
1019 5387 1187 5466 primo
1214 5406 1340 5444 caro
1372 5389 1619 5466 requievit
1655 5390 1709 5442 in
1737 5400 1845 5458 spe.
1871 5387 2011 5443 Cru-

419 5460 614 5533 ci/izu's
637 5464 774 5517 enim
816 5463 1223 5531 primogenitus,
1253 5471 1362 5516 etc.
1408 5460 1529 5533 Sed
1556 5475 1752 5533 omnes
1790 5476 1923 5515 mss.
1953 5468 2013 5513 ut

422 5531 478 5589 in
525 5546 716 5588 nostro
763 5542 938 5588 testu.
975 5533 1145 5586 Paulo
1171 5543 1294 5601 post
1326 5547 1459 5585 is.
1499 5531 1835 5586 Sorbonicns
1863 5540 1922 5583 et
1950 5534 2011 5583 5.

423 5602 704 5659 Michaelis
740 5603 795 5657 in
829 5601 1083 5657 Pericula
1113 5604 1286 5657 maris
1310 5641 1326 5665 ,
1357 5611 1540 5668 etpost
1573 5601 2012 5655 resurrectionem

424 5684 731 5742 assumptus
762 5674 821 5726 in
866 5672 1020 5727 castos
1067 5671 1339 5737 calorum,
1385 5688 1560 5725 secum
1585 5684 1872 5742 terrenum,
1900 5676 2008 5726 etc.

424 5741 618 5800 (la-teri
655 5758 786 5798 vero
815 5758 946 5798 mss.
973 5742 1179 5797 habent
1210 5743 1550 5811 simpliciter,
1579 5742 1636 5795 in
1663 5741 1874 5806 emtum,
1901 5754 2010 5795 non

425 5818 479 5871 in
511 5817 664 5869 caelos
693 5815 964 5870 caelorum.
1204 5837 1227 5848 ~

497 5883 611 5959 (5)7)
646 5885 848 5944 Omnes
876 5897 1010 5946 mss.
1054 5882 1436 5940 ascendentem.
1477 5882 1639 5953 Editi,
1683 5881 1996 5937 ascendisse.

1680 4898 1728 4931 ⁸³
1772 4896 1969 4954 Genes.
2014 4912 2071 4967 v,
2104 4898 2199 4953 24.

2111 4663 2347 4734 jusmodi
2378 4661 2590 4717 fabulas
2635 4671 2694 4717 et
2741 4662 2995 4732 ﬁgmenta
3043 4672 3394 4734 componunt.
3425 4663 3535 4719 Nos
3570 4676 3704 4721 vero

2118 4754 2485 4825 deprecamur
2528 4752 2979 4823 omnipotentiam
3035 4753 3151 4818 Dei,
3209 4765 3268 4809 ut
3323 4771 3422 4813 nos
3449 4756 3703 4828 dignetur

2302 4897 2350 4930 ⁵⁸
2398 4896 2501 4952 lsa.
2550 4904 2703 4962 tun,
2738 4895 2788 4950 l.
2911 4897 2958 4928 ”
2984 4895 3129 4952 Psal.
3162 4910 3258 4963 xv,
3293 4895 3347 4953 9.
3484 4899 3530 4931 “
3554 4897 3704 4956 Psai.

2122 5109 2263 5182 Intra
2299 5126 2449 5182 mss.
2474 5110 2659 5181 plures
2681 5118 2989 5180 perperam,
3021 5106 3281 5165 Ostendat
3315 5108 3408 5182 [δί.
3447 5107 3701 5166 Ostendi--

2113 5180 2223 5250 tur}
2247 5184 2337 5250 qui
2366 5180 2494 5243 vnit,
2518 5192 2626 5237 etc.

2645 5251 2773 5321 quia
2800 5249 3407 5323 quondamaiiquidtale
3430 5264 3699 5315 nunquam

2118 5323 2385 5387 viderunt,
2415 5323 2551 5375 sicut
2581 5336 2721 5375 nunc
2748 5323 2959 5388 quando
2994 5322 3233 5374 uidebant
3264 5337 3477 5374 carnem
3517 5334 3673 5376 ascen

2118 5396 2241 5447 dere
2283 5398 2337 5444 in
2381 5393 2636 5448 cadum...
2673 5390 2804 5455 Quis
2852 5400 2928 5442 est
2982 5392 3076 5444 iste
3103 5393 3194 5458 qui
3231 5393 3365 5445 venit
3396 5395 3460 5444 de
3487 5390 3698 5445 Edam?

2120 5463 2509 5519 Genebrardus
2537 5500 2553 5526 ,
2602 5463 2728 5531 quia
2774 5461 2913 5531 quod
2959 5474 3227 5529 nunquam
3278 5461 3529 5531 siderant
3556 5472 3695 5524 ante,

2118 5550 2258 5587 nunc
2295 5533 2507 5585 tandem
2537 5530 3019 5585 videbantcarnem
3047 5531 3348 5585 ascendisse
3369 5534 3422 5584 in
3440 5530 3691 5586 caelum...

2118 5603 2250 5669 Quis
2283 5614 2359 5657 est
2403 5605 2501 5656 iste
2542 5602 2631 5672 qui
2656 5602 2791 5654 renit
2834 5601 2899 5652 de
2932 5600 3148 5672 Edam?
3178 5600 3284 5655 Sed
3319 5616 3510 5655 omnes
3562 5614 3672 5655 mss

2120 5686 2177 5728 ut
2210 5675 2263 5727 in
2299 5685 2489 5736 textu;
2528 5669 2634 5727 nisi
2659 5672 2805 5741 quod
2846 5686 2986 5725 unus
3019 5669 3240 5735 habeat,
3292 5676 3434 5728 nunc
3486 5673 3670 5729 videon

2116 5760 2216 5815 pro
2254 5760 2394 5815 nunc
2417 5744 2684 5815 videbant.

2188 5813 2302 5891 ιβ’»)
2341 5817 2418 5871 Ex
2450 5812 2746 5870 Comment.
2776 5812 2831 5868 in
2864 5810 3001 5884 μοι.
3034 5826 3191 5883 svnt,
3217 5809 3274 5866 6-.
