4162 6434
369 369 469 425 601

1556 369 1901 425 APOLOGIA
1942 366 2079 425 PRO
2119 365 2282 423 OR-iG
2291 366 2373 420 EN
2383 364 2441 419 Et.

3554 364 3660 421 692

378 492 593 559 audire,
628 499 684 548 et
725 502 935 548 secreta
972 493 1130 548 nobis
1172 493 1434 561 spiritalis
1480 494 1855 562 intelligentia:
1884 494 1969 547 di-
1998 498 2046 554 Α
2079 494 2398 546 memoriam
2436 489 2732 559 recipi-ens,
2779 499 3010 557 quorum
3045 487 3098 542 in
3133 503 3190 542 se
3221 488 3372 559 signa
3405 487 3652 558 quaedam

383 594 581 652 gnetur
610 585 848 655 aperire.
883 584 1040 651 Quod
1079 599 1211 654 ergo
1241 601 1271 639 a
1314 586 1474 640 nobis
1513 588 1747 641 sentitur
1787 586 1838 638 in
1864 586 1970 639 hoc

384 677 526 744 loco,
577 678 682 732 hoc
729 686 834 742 est,
882 675 949 730 In
993 680 1105 731 sole
1146 679 1318 746 posuit
1350 678 1750 730 tabernaculum
1785 687 1963 740 suum,

383 782 571 837 quaero
607 767 736 838 quid
782 768 854 822 sit
901 768 1313 822 tabernaculum
1361 768 1591 835 Christi,
1641 776 1699 823 et
1732 781 1853 837 quae
1899 769 1970 823 sit

390 861 656 915 habitatio
681 861 736 914 in
769 876 875 930 qua
933 861 1343 916 tabernaculum
1387 862 1593 917 Christi
1648 861 1966 917 collocatur.

388 952 663 1007 Ilabitatio
711 953 1043 1008 tabernaculi
1092 952 1299 1007 Christi
1333 952 1415 1008 sol
1458 965 1577 1008 eSSe
1610 953 1827 1008 dicitur.
1866 953 1970 1005 Ta-

387 1043 746 1099 bernaeulmn
788 1057 918 1097 vero
949 1043 1154 1098 Christi
1189 1042 1494 1098 Ecclesiam
1537 1053 1662 1099 esse
1702 1043 1966 1114 intelligo.

388 1133 571 1190 Solem
607 1146 787 1189 autem
818 1150 978 1204 quem
1010 1135 1176 1190 alium
1211 1137 1417 1190 sentire
1449 1135 1651 1200 debeo,
1691 1135 1795 1190 nisi
1839 1135 1967 1190 illud

384 1228 561 1281 lumen
585 1231 786 1292 verum,
817 1228 955 1297 quod
1003 1227 1271 1280 illuminat
1320 1239 1526 1280 onmem
1589 1228 1852 1281 hominem
1885 1247 1972 1283 ve-

387 1321 616 1374 nientem
640 1320 694 1373 in
723 1321 862 1373 hunc
885 1320 1138 1373 mundum
1155 1319 1240 1373 ‘7?
1281 1319 1456 1387 Ipsum
1483 1320 1640 1375 video
1691 1320 1881 1386 soietn,
1905 1321 1971 1378 de

388 1426 496 1481 quo
515 1410 720 1464 dictum
741 1420 824 1465 est
857 1425 870 1463 :
899 1409 1038 1473 Quia
1067 1410 1370 1463 timentibus
1401 1411 1516 1479 (60)
1548 1425 1735 1464 nomen
1757 1410 1970 1464 Domini

385 1503 588 1556 orietur
612 1501 708 1557 Sol
729 1501 984 1570 justitiw,
1005 1510 1054 1554 et
1085 1500 1290 1554 sanitas
1321 1501 1376 1554 in
1407 1502 1508 1555 alis
1536 1503 1654 1572 ejus
1675 1502 1742 1556 ⁵⁸.
1771 1501 1826 1556 In
1856 1501 1970 1556 sole

387 1609 516 1667 ergo
545 1594 724 1664 posuit
751 1594 1156 1648 tabernaculum
1217 1609 1398 1658 suum,
1431 1595 1485 1648 id
1525 1604 1610 1649 est
1640 1595 1693 1648 in
1725 1593 1852 1650 Sole
1875 1593 1970 1662 ju-

389 1686 554 1738 stitiae
577 1684 876 1739 Ecclesium
905 1699 1060 1738 suam
1114 1684 1421 1739 collocavit.
1455 1685 1510 1738 In
1538 1685 1630 1738 illo
1657 1685 1800 1738 enim
1857 1684 1970 1739 sole

387 1777 628 1833 Ecclesia
678 1777 943 1832 collocata
995 1789 1102 1842 est,
1163 1777 1256 1846 qui
1316 1777 1462 1833 diem
1501 1787 1767 1832 mternum
1814 1776 1964 1843 facit,

385 1873 527 1926 sicut
558 1873 763 1926 dictum
800 1881 881 1926 est
918 1889 931 1925 :
962 1869 1080 1924 Erit
1120 1873 1216 1926 tibi
1247 1871 1506 1926 Dominus
1542 1871 1638 1926 tua:
1667 1883 1885 1940 wterna,
1919 1882 1965 1928 et

384 1963 525 2017 Deus
557 1962 728 2033 gloria
766 1970 860 2014 tua
879 1961 949 2014 ⁵³.
990 1980 1009 2013 ι

459 2055 791 2110 ΡΑηριιιιυε.
850 2054 1192 2108 Erubescant
1232 2056 1397 2115 etiam
1443 2055 1518 2111 illi
1549 2056 1640 2124 qui
1670 2065 1725 2111 et
1753 2055 1856 2112 hoc
1901 2056 1970 2113 de

383 2163 502 2218 Ipso
533 2163 642 2202 non
676 2145 1062 2200 dubitaverunt
1101 2147 1437 2201 concinnare
1489 2149 1802 2216 ﬁgmentum
1831 2147 1965 2219 (6i),

383 2257 494 2312 quo
522 2240 769 2293 dicerent
802 2237 932 2307 quia
967 2251 1166 2307 corpus
1197 2239 1280 2293 vel
1309 2253 1528 2294 carnem
1557 2241 1760 2295 Christi
1797 2253 1971 2311 usque

385 2333 456 2384 ad
501 2329 672 2383 solem
735 2328 868 2382 dicit
909 2338 1178 2392 evectum,
1231 2340 1288 2384 et
1334 2331 1405 2384 ibi
1457 2345 1580 2386 esse
1628 2331 1965 2386 derelictam.

387 2419 501 2476 [loc
528 2420 673 2475 enim
708 2419 797 2475 ille
848 2420 918 2474 ab
969 2419 1092 2475 aliis
1132 2421 1362 2490 dictum,
1394 2434 1504 2477 non
1566 2434 1716 2479 recte
1762 2425 1966 2479 dictum

384 2530 507 2570 esse
546 2513 813 2570 confutat.
850 2513 958 2569 Sed
987 2515 1345 2577 ostenderunt
1396 2533 1456 2572 se
1506 2533 1573 2572 ne
1606 2519 1720 2574 lucc
1749 2520 1967 2589 quidem

387 2609 690 2680 intelligere
720 2609 968 2677 potuisse
1023 2611 1423 2665 obtrectatores
1468 2611 1586 2679 ejus
1615 2627 1734 2681 quae
1764 2611 1852 2667 ille
1900 2613 1968 2668 ab

383 2704 510 2760 aliis
543 2717 648 2759 n0n
672 2712 818 2759 recte
846 2706 992 2760 dicta
1018 2705 1289 2773 coarguit,
1325 2715 1378 2760 et
1407 2722 1528 2776 quae
1557 2715 1682 2760 sunt
1712 2720 1830 2776 quae
1853 2709 1967 2777 ipsa

383 2800 696 2854 conllrmat.
715 2798 850 2850 Tum
869 2797 1068 2852 deinde
1099 2799 1264 2852 etiam
1292 2798 1369 2852 illi
1399 2799 1784 2868 impudentiam
1816 2811 1966 2855 suam

382 2891 696 2956 retundant,
728 2889 823 2959 qui
845 2892 1032 2945 dicant
1054 2905 1178 2945 cum
1209 2905 1408 2960 corpus
1439 2892 1657 2961 quidem
1680 2907 1968 2963 resurgere

385 2983 655 3044 conliteri,
683 2997 905 3039 carnem
933 2998 1068 3038 vero
1096 3000 1322 3054 negare.
1381 2983 1642 3038 Desinant
1678 2985 1968 3054 aliquando

383 3087 412 3126 a
450 3073 779 3141 maledictis,
823 3075 1074 3130 videntes
1117 3091 1242 3131 eum
1271 3089 1490 3131 earnem
1531 3075 1686 3132 Verbi
1717 3075 1809 3133 Dei
1841 3091 1964 3134 cum

2073 599 2137 639 ae
2167 584 2392 650 formas,
2422 599 2542 637 cum
2562 590 2834 652 peccaret,
2851 592 3220 650 expresserat,
3240 589 3293 636 et
3319 582 3654 652 singulorum

2074 687 2348 748 gestorum
2381 689 2606 729 suorum
2625 689 2745 742 qua:
2761 672 2847 727 vel
2873 673 3014 727 fmde
3037 673 3122 726 vel
3146 674 3371 741 turpiter
3392 683 3656 743 gesserat,

2075 768 2160 821 vel
2192 768 2354 820 etiam
2407 767 2573 834 impie
2612 766 2988 829 commiserat,
3046 765 3327 819 historiam
3361 766 3654 831 quamdam

2076 860 2343 914 scelerum
2375 868 2597 914 'suorum
2650 869 2777 912 ante
2814 857 3002 912 Oculos
3047 871 3174 911 suos
3207 854 3414 910 videbit
3443 855 3651 923 exposl-

2077 959 2208 1002 tam.
2229 947 2382 1003 Tune
2402 957 2458 1002 et
2493 950 2605 1017 ipsa
2631 947 2990 1005 conscientia.
3017 946 3252 1016 propriis
3283 945 3521 999 stimulis
3544 947 3659 1014 agi-

2076 1050 2222 1096 tatur
2249 1050 2411 1110 atque
2433 1041 2837 1111 compungitur,
2857 1049 2912 1094 et
2942 1038 3056 1092 suis
3085 1037 3199 1105 ipsa
3226 1035 3461 1090 eﬂlcitur
3493 1047 3659 1091 accu-

2076 1137 2270 1200 satrix,
2297 1147 2354 1191 et
2385 1137 2558 1190 testis.
2592 1134 2747 1203 Quod
2776 1135 2849 1189 ita
2878 1134 3116 1189 sensisse
3144 1135 3310 1188 etiam
3347 1132 3651 1202 apustolum

2081 1232 2304 1286 Paulum
2335 1240 2486 1299 puto,
2515 1235 2636 1283 cum
2677 1229 2854 1284 dicit:
2893 1227 3046 1282 Ineter
3089 1244 3144 1281 se
3188 1227 3407 1280 int-irem
3454 1226 3657 1296 cogita-

2081 1324 2318 1376 tionibus
2353 1320 2750 1381 acrusantibus,
2788 1329 2878 1374 aut
2928 1320 3089 1373 etiam
3133 1319 3557 1388 defendentibus,
3603 1319 3658 1372 in

2077 1417 2180 1477 die,
2210 1429 2328 1466 cum
2349 1413 2614 1482 judicabit
2643 1411 2782 1465 Deus
2807 1411 3014 1465 occulta
3039 1411 3330 1472 hominum,
3371 1407 3658 1474 secundum

2076 1503 2422 1574 Evangellum
2451 1514 2644 1566 meum,
2681 1515 2771 1570 per
2787 1501 2969 1555 Iesum
2993 1500 3342 1555 Christum“.
3376 1515 3394 1551 ι

2144 1596 2472 1650 PAMPHILUS.
2509 1594 2616 1648 Sed
2638 1604 2690 1650 et
2722 1595 2776 1648 in
2815 1594 3167 1662 sequentibus
3195 1601 3412 1646 rursum
3443 1593 3510 1649 de
3533 1603 3657 1663 pec-

2071 1697 2321 1743 catorum
2360 1686 2536 1756 ptenis
2571 1687 2674 1740 hoc
2698 1685 2858 1739 modo
2884 1685 3072 1740 scribit
3107 1701 3121 1738 :

2147 1778 2440 1834 Ontoeuss.
2489 1795 2508 1828 ι
2553 1776 2718 1830 Multa
2749 1786 2879 1831 sunt
2940 1785 3122 1830 autem
3181 1785 3302 1845 qute
3332 1791 3430 1832 nos
3469 1776 3655 1838 latent,

2075 1885 2194 1940 quae
2226 1871 2299 1924 illi
2330 1871 2428 1926 soli
2455 1871 2670 1941 cognita
2689 1879 2816 1924 sunt
2843 1872 2936 1938 qui
2965 1875 3048 1924 est
3080 1871 3324 1924 medicus
3355 1871 3656 1924 animarum

2070 1971 2404 2019 nostrarum.
2445 1962 2502 2017 Si
2538 1963 2683 2016 enim
2719 1962 2785 2015 ad
2819 1961 3068 2030 corporis
3114 1961 3406 2015 sanitatem
3441 1975 3539 2032 pro
3573 1961 3660 2016 his

2069 2063 2222 2117 vitiis
2245 2076 2366 2132 quae
2393 2075 2489 2130 per
2519 2075 2700 2115 escam
2747 2070 3048 2130 potumque
3080 2055 3420 2124 collegimus,
3463 2075 3644 2115 neces

2073 2153 2276 2208 sariam
2312 2152 2576 2207 habemus
2635 2152 2908 2207 interdum
2952 2150 3272 2205 auSterioris
3325 2161 3389 2205 ac
3443 2152 3655 2208 morda-

2071 2247 2235 2302 cioris
2294 2245 2678 2300 medicamenti
2713 2254 2899 2298 curam
2927 2257 2942 2297 :
2975 2257 3365 2312 nonnunquam
3417 2258 3570 2306 vero,
3611 2252 3656 2300 st

2072 2341 2124 2395 id
2163 2340 2276 2395 vitii
2313 2339 2552 2408 qualitas
2604 2337 3014 2408 depoposcerit,
3059 2338 3238 2406 rigore
3286 2336 3418 2391 ferri
3468 2347 3524 2392 et
3573 2352 3658 2392 se-

2071 2434 2267 2488 etionis
2293 2433 2587 2503 asperitate
2615 2431 2918 2502 indigemus
2949 2449 2963 2485 :
2999 2433 3142 2500 quod
3167 2433 3209 2484 si
3244 2439 3297 2485 et
3328 2431 3443 2484 haec
3470 2446 3660 2499 super-

2071 2540 2290 2595 gressus
2318 2525 2479 2580 fuerit
2508 2525 2681 2579 morbi
2723 2524 2936 2588 modus,
2960 2525 3026 2577 ad
3055 2523 3300 2576 ultimum
3335 2531 3657 2592 conceptum

2071 2619 2260 2673 vitium
2321 2617 2461 2689 ignis
2520 2616 2748 2671 exurit:
2786 2624 2992 2684 quanto
3025 2615 3197 2685 magis
3248 2608 3657 2683 intelligendum

2070 2721 2173 2774 est.
2211 2711 2480 2766 medicum
2501 2720 2743 2765 nostrum
2775 2700 2944 2762 Deum
2975 2713 3246 2762 Volentem
3281 2705 3494 2761 diluere
3525 2707 3658 2760 vitia

2070 2805 2372 2859 animarum
2407 2813 2722 2858 nostrarum
2776 2793 2915 2872 (63),
2953 2815 3073 2870 quin
3111 2815 3176 2855 es
3208 2809 3553 2870 peccatorum
3605 2809 3659 2854 et

2070 2898 2338 2950 scelerum
2389 2893 2708 2949 diversitate
2763 2893 3139 2962 collegerant,
3210 2892 3286 2946 uti
3349 2890 3656 2958 bujusmodi

2069 2987 2374 3058 poenalibus
2403 2987 2575 3053 curis,
2616 2986 2838 3055 insuper
2881 2985 3046 3039 etiam
3092 2983 3229 3053 ignis
3294 2983 3496 3037 inferre
3532 2998 3660 3053 sup-

2069 3079 2287 3152 plicium
2317 3080 2401 3135 his
2431 3080 2522 3150 qui
2555 3079 2842 3134 sanitatem
2877 3074 3074 3131 anima:
3103 3076 3498 3145 perdiderunt?
3530 3095 3548 3126 ι

383 3165 503 3234 ipso
534 3164 713 3222 Verbo
741 3167 852 3223 Deo
884 3168 938 3221 in
977 3169 1140 3235 caelo,
1170 3183 1278 3238 quo
1310 3164 1545 3224 Verbum
1581 3171 1851 3237 ascendit,
1872 3172 1965 3226 im-

2142 3177 2469 3231 PAMPHILUS.
2527 3173 2638 3246 (64)
2698 3173 2830 3228 Item
2865 3179 2990 3242 post
3043 3186 3215 3240 pauca
3246 3170 3453 3225 addidit
3494 3169 3658 3223 etiam

381 3271 602 3325 ponere.

455 3343 550 3400 His
573 3348 858 3421 coniungit
895 3351 962 3406 de
993 3352 1276 3423 suppliciis
1305 3362 1677 3422 peccatorum,
1707 3359 1829 3424 Quae
1868 3370 1967 3410 nos

381 3452 598 3508 quoque
650 3445 1060 3510 consequenter
1091 3445 1158 3498 ad
1189 3459 1252 3497 ea
1273 3459 1394 3514 quae
1430 3459 1594 3514 supra
1643 3447 1788 3500 dicta
1816 3455 1963 3512 sunt,

381 3529 782 3600 conjungimns,
819 3534 1078 3602 quoniam
1103 3533 1160 3589 in
1179 3536 1370 3592 ordlne
1391 3537 1832 3592 criminationum
1860 3537 1966 3594 iste

381 3618 561 3677 fuerat
596 3623 729 3679 ordo
766 3624 818 3679 di
826 3633 1032 3694 gestus.

967 3714 1202 3773 CAPUT
1231 3715 1362 3773 Vill.

455 3823 665 3866 Διτειυι
699 3824 986 3867 ιιεεΡοΝειο
1023 3827 1092 3866 ΑΙ)
1132 3827 1400 3882 SEVPTIMAM
1443 3829 1890 3872 CRIMINATIONEI.

846 3902 919 3957 De
951 3905 1115 3972 poenis
1141 3915 1503 3971 peccatorum.

693 3993 793 4068 (Ex
817 3993 956 4050 libro
992 3995 1234 4050 secundo
1259 3997 1396 4065 Περὶ
1424 3996 1669 4070 ἀρχῶν.)

450 4087 744 4145 Οτιιςεκεε.
781 4086 894 4158 (62)
930 4105 948 4139 ι
985 4086 1097 4156 Ego
1142 4087 1384 4142 arbitror
1412 4092 1556 4158 quod
1588 4091 1728 4146 sicut
1758 4091 1810 4146 in
1843 4106 1968 4148 cor-

383 4191 513 4249 pOre
565 4195 705 4236 escae
762 4179 1121 4245 abundantia,
1179 4184 1234 4232 et
1281 4180 1538 4248 qualitas,
1595 4192 1650 4237 et
1688 4184 1968 4252 quantitas

385 4274 489 4328 cibi
527 4272 828 4338 contraria,
884 4271 1066 4328 febres
1131 4282 1375 4343 generat,
1422 4281 1476 4327 et
1521 4273 1703 4330 febres
1759 4275 1965 4333 diversi

384 4365 468 4420 vel
527 4365 696 4432 modi,
749 4363 836 4420 vel
883 4364 1165 4432 temporis,
1222 4367 1519 4420 secundum
1571 4382 1691 4422 eam
1754 4384 1970 4425 mensu-

384 4467 499 4514 r‘atn
554 4471 659 4529 qua
713 4457 1071 4524 intemperies
1130 4456 1356 4512 collecta
1402 4460 1690 4514 materiam
1725 4464 1968 4533 suggerit

2075 3270 2188 3324 iure
2223 3287 2236 3322 :

2145 3356 2434 3414 ORIGENES.
2465 3376 2483 3408 ‹
2515 3355 2780 3423 Quoniam
2816 3366 2996 3410 autem
3056 3352 3462 3424 pernecessaria
3496 3365 3661 3421 poena

2073 3461 2155 3506 est
2186 3459 2247 3506 ea
2273 3467 2392 3521 quae
2420 3465 2514 3520 per
2539 3450 2719 3518 ignem
2747 3445 2940 3504 referri
2963 3450 3182 3512 dicitur,
3232 3448 3398 3501 Isaias
3429 3445 3659 3507 docens,

2073 3542 2331 3599 delsrael
2358 3543 2576 3613 quidem
2623 3542 2700 3596 sie
2734 3542 2901 3596 dicit:
2941 3541 3128 3596 Abluet
3170 3539 3428 3593 Dominus
3477 3538 3660 3592 sordes

2073 3634 2306 3703 ﬁliorum
2334 3650 2396 3687 ac
2420 3633 2659 3703 ﬁliarum
2683 3631 2835 3694 Sion,
2878 3643 2927 3686 et
2955 3633 3263 3702 sanguinem
3298 3629 3606 3697 expargabil
3633 3645 3659 3682 ε

2073 3721 2245 3781 medio
2272 3729 2504 3796 ipsarum
2529 3725 2719 3792 spiritu
2734 3725 2930 3794 judicii
2947 3735 2994 3778 et
3042 3725 3239 3786 spiritu
3269 3722 3567 3776 adustionis
3591 3721 3658 3774 ⁶¹.

2074 3818 2150 3874 De
2176 3817 2445 3874 Chaldaeis
2469 3827 2648 3872 autem
2687 3819 2770 3872 sic
2797 3819 2926 3871 dicit
2954 3834 2968 3871 :
2996 3817 3172 3871 Habes
3205 3817 3458 3870 carbones
3500 3815 3658 3883 ignis,

2072 3912 2275 3966 sedebis
2295 3927 2554 3979 supereos
2582 3910 2676 3964 :IIi
2697 3920 2848 3963 erunt
2877 3910 2971 3962 tibi
2998 3909 3269 3979 adjutorio
3285 3907 3348 3959 ⁶².
3369 3906 3427 3958 Et
3457 3905 3506 3957 in
3538 3904 3660 3958 aliis

2075 4005 2206 4059 dicit
2236 4022 2248 4057 :
2278 4001 2637 4070 Sanctiﬁcabit
2663 4018 2748 4054 eos
2776 4000 3032 4055 Dominus
3065 4003 3117 4053 in
3141 4002 3260 4070 igne
3281 3996 3567 4051 ardenti“.
3597 3994 3659 4049 Et

2075 4097 2128 4152 in
2164 4095 2427 4150 Malachia
2475 4095 2736 4164 propheta
2773 4095 2904 4149 dicit
2936 4110 2948 4145 :
2983 4093 3185 4148 Sedens
3221 4091 3478 4144 Dominus
3530 4101 3660 4141 con-

2073 4190 2224 4260 flabit
2284 4188 2422 4242 sicut
2473 4203 2663 4240 aurum
2711 4198 2760 4240 et
2813 4193 3092 4256 argentum
3143 4185 3396 4251 populant
3465 4193 3656 4243 suum,

2075 4281 2326 4351 conﬂabit
2364 4289 2412 4333 et
2451 4278 2842 4350 purgabiteos,
2894 4289 2942 4332 et
2985 4276 3166 4346 fundet
3214 4284 3467 4343 purgatos
3518 4271 3660 4341 ﬁlios

2073 4373 2219 4429 Juzla
2243 4372 2310 4426 “.
2353 4390 2371 4424 ι

2146 4465 2476 4524 PAMPHILUS.
2526 4464 2654 4519 Haec
2700 4462 2916 4532 quidem
2965 4475 3032 4514 ex
3077 4461 3232 4514 libris
3260 4457 3396 4528 Περὶ
3434 4455 3657 4527 ἀρχῶν.

383 4566 448 4606 ac
469 4549 710 4606 fomitem
740 4551 972 4604 ίθιπίυηι
1011 4567 1023 4604 ε
1067 4559 1189 4621 (λικε
1238 4551 1483 4605 materia?
1511 4553 1746 4622 qualitas
1785 4572 1851 4609 ex
1888 4557 1968 4610 di-
2000 4551 2050 4607 Ῐ)
2077 4561 2499 4617 Innumerabilia
2531 4575 2662 4614 vero
2693 4557 2938 4628 dispersa
2986 4564 3116 4610 sunt
3147 4569 3242 4624 per
3269 4568 3462 4608 omnes
3495 4552 3661 4606 libros

384 4658 546 4699 versa
577 4643 900 4712 intemperie
930 4651 1284 4713 congregata,
1341 4658 1508 4698 causa
1546 4646 1628 4699 vel
1663 4647 1969 4704 acerbioris

384 4736 580 4799 morbi,
610 4735 695 4790 vel
756 4734 1069 4804 prolixioris
1108 4733 1324 4789 exsistit
1379 4751 1392 4788 :
1456 4734 1530 4788 ita
1576 4736 1783 4803 anima,
1843 4753 1967 4792 cum

386 4825 792 4883 multitudinem
820 4827 1100 4882 malorum
1124 4839 1350 4895 operum
1393 4833 1448 4880 et
1479 4827 1876 4882 abundantiam
1915 4831 1968 4884 in

383 4937 440 4978 se
461 4920 872 4993 cong‘regaverit
919 4930 1292 4991 peccatorum.
1347 4920 1689 4992 Competenti
1727 4930 1971 4994 tempore

380 5015 559 5070 omnis
588 5013 679 5069 illa
707 5014 974 5070 malorum
1003 5013 1356 5085 congregatio
1386 5015 1693 5070 concitatur
1725 5015 1792 5070 ad
1837 5030 1968 5084 sup-

385 5107 624 5175 plieium.
661 5113 824 5176 atque
868 5104 1240 5161 inﬂammatur
1282 5107 1350 5160 ad
1397 5119 1624 5176 poenas:
1655 5111 1776 5162 cum
1812 5120 1968 5164 mens

384 5199 497 5268 ipsa
531 5198 615 5253 vel
648 5199 984 5253 conscientia
1022 5213 1115 5264 per
1143 5198 1387 5252 divinam
1411 5198 1672 5252 virtutem
1703 5199 1882 5254 omnia
1911 5201 1964 5255 in

451 5294 496 5326 ⁸⁷
519 5293 677 5349 Joan.
717 5311 758 5358 ι,
795 5295 847 5350 9.
926 5291 973 5326 ⁸⁸
1004 5295 1234 5350 Malacb.
1261 5305 1336 5356 tv,
1370 5293 1428 5353 2.

385 5364 428 5396 ⁸³
457 5364 556 5418 lsa.
593 5382 646 5429 κ,
682 5365 771 5423 17.
843 5365 888 5398 “
923 5364 1150 5421 Malach.
1191 5381 1272 5428 III,
1302 5365 1354 5420 5.

453 5455 565 5537 (_60_)
608 5461 688 5537 ita
731 5461 1267 5537 o_I_I_1nesAnIs§._Ed_iti
1302 5475 1484 5537 _vero_,_
1521 5477 1709 5537 nomen
1737 5477 1909 5519 meum
1939 5482 1962 5537 ί

383 5541 437 5586 et
467 5531 632 5601 infra,
667 5532 729 5585 In
752 5533 843 5586 illo
864 5535 1002 5587 enim
1031 5533 1157 5588 Sole
1173 5532 1405 5601 justitia:
1437 5531 1699 5598 Ecclesia,
1726 5547 1834 5589 etc.

335 5642 360 5672 μ
383 5572 437 5586 ν’
455 5572 568 5670 (cii
583 5572 1385 5672 ”ἐ‹ἶέἰί’,”ιῖιῖόὲἱ’ἑὶεέἔὶἧ’ἔστρηὲ
1409 5572 1966 5672 ρὲῖὲἆὲἱὶἑῖτῖἓὶινεειί

324 5667 338 5688 ³
384 5667 827 5745 κεσαεάἁβοιεηὶ
851 5685 1054 5727 vectam
1087 5672 1181 5745 [aL
1216 5669 1454 5742 sectari],
1473 5675 1579 5727 etc.
1615 5671 1816 5734 Omnes
1841 5691 1967 5734 vero

387 5761 517 5798 mss.
553 5752 612 5796 ut
645 5744 698 5796 in
720 5755 909 5799 nostro
944 5744 1113 5800 textu.

455 5813 568 5890 (62)
592 5813 682 5890 _F.x
711 5814 807 5868 lib.
839 5829 874 5867 II
912 5814 986 5870 De
1017 5814 1269 5885 princip.,
1291 5831 1411 5890 cap.
1437 5815 1525 5887 10,
1558 5831 1706 5874 num.
1727 5817 1782 5877 4.

457 5885 568 5956 (65)
591 5883 732 5956 Lege
759 5893 934 5942 cattle.

1519 5294 1566 5327 ⁸⁸
1598 5293 1702 5349 Isa.
1737 5310 1830 5364 ιι,
1865 5298 1951 5354 19.
2027 5304 2073 5334 ⁶⁰
2105 5301 2264 5357 Rom.
2301 5309 2360 5366 I1,
2391 5299 2478 5365 15,
2514 5299 2602 5354 16.

2077 4652 2195 4720 ejus
2225 4651 2546 4707 assertionis
2591 4650 2751 4716 hujus
2801 4645 3134 4707 tesdmonia,
3178 4658 3299 4712 qua:
3335 4657 3432 4696 nos
3480 4641 3664 4694 sautio

2076 4746 2359 4802 brevitatis
2386 4743 2715 4808 omittimus,
2744 4747 3238 4796 commemorantes
3256 4736 3319 4789 de
3346 4736 3432 4788 his
3461 4733 3663 4786 solum-

2078 4839 2260 4904 modo,
2294 4852 2415 4907 quaa
2465 4837 2520 4891 in
2552 4845 2706 4891 sexto
2733 4833 2943 4908 psalmo
2981 4831 3048 4886 de
3083 4829 3188 4884 hoc
3215 4829 3332 4898 ipso
3373 4839 3661 4896 [uenarum

2078 4943 2276 5002 genere
2297 4929 2616 5000 disputavit.

2147 5022 2439 5080 Omcenes.
2469 5021 2562 5094 (65
2626 5036 2646 5070 ι
2683 5011 2945 5073 Possibile
2973 5023 3058 5071 est
3103 5013 3449 5069 considerare
3476 5025 3542 5064 ex
3575 5008 3660 5062 bis

2083 5115 2318 5169 maxime
2346 5113 2628 5167 doloribus
2659 5125 2798 5180 quos
2832 5109 2886 5163 in
2923 5108 3023 5162 hoc
3059 5117 3291 5172 corpore
3325 5101 3484 5170 positi
3536 5111 3662 5152 sen-

2083 5207 2266 5268 timus,
2299 5205 2388 5272 qui
2444 5201 2698 5271 quamvis
2749 5198 2925 5268 magni
2960 5197 3094 5261 sint,
3128 5195 3309 5248 brevis
3357 5202 3504 5246 certe
3535 5199 3660 5243 sunt

2681 5295 2725 5328 ⁶¹
2758 5295 2862 5351 ls’a.
2893 5310 2967 5359 Iv,
3005 5293 3059 5350 4.
3137 5292 3183 5323 ⁸²
3229 5291 3328 5346 lsa.
3368 5303 3534 5354 XLV",
3571 5285 3656 5339 14.

2145 5465 2259 5537 (64)
2289 5463 2382 5518 Sic
2409 5477 2598 5537 omnes
2627 5473 2758 5537 mss.
2794 5455 2989 5537 nostri.
3021 5455 3218 5537 Verum
3252 5452 3384 5537 editi
3410 5493 3423 5514 ,
3453 5448 3659 5537 Et'pegt

2071 5516 2483 5606 pauca’aildidit
2519 5535 2677 5606 etiam
2720 5531 2817 5583 hoc
2845 5528 2941 5600 [ab
2991 5526 3263 5605 omittitur
3311 5525 3472 5577 etiam
3512 5516 3658 5606 Itoc].

2073 5595 2366 5664 Oulosues.
2401 5603 2676 5669 Quomodo
2699 5595 2875 5654 autem
2897 5595 3290 5669 pernecessaria
3313 5608 3464 5669 poena
3489 5601 3563 5669 est
3595 5605 3660 5669 ea

2072 5659 2546 5750 insipientem
2575 5672 2734 5740 infert
2787 5659 2947 5734 Deus,
2967 5667 3142 5723 Isaias
3183 5659 3380 5722 docens
3397 5663 3462 5717 de
3485 5659 3660 5716 Israel

2073 5748 2449 5820 ὶμιίμὶςνη-ᾴὶσὶί⁸

2153 5812 2259 5889 (65)
2288 5818 2365 5874 Ex
2390 5817 2684 5872 Comment.
2720 5813 2774 5870 in
2801 5810 2937 5882 psal.
2971 5825 3046 5867 vr.
