4162 6462
472 374 593 434 '605

1689 376 1745 433 S.
1782 374 2110 431 PAMPHILI
2148 373 2503 431 MARTYRIS

3658 377 3764 434 6οι

490 492 776 563 temporis,
809 505 910 561 pro
942 504 1009 546 eo
1042 492 1188 561 quod
1227 490 1271 546 si
1302 490 1466 562 paulo
1502 493 1943 551 vehementiores
1988 511 2086 550 ex-
2113 500 2161 553 Α
2188 494 2410 548 maximi
2455 492 2594 562 signi
2649 491 2977 548 reverentiae
3020 490 3141 565 ejus
3175 506 3240 549 ae
3271 492 3485 549 timoris
3522 493 3574 548 in
3627 486 3764 552 divi'

494 586 763 646 stiterint,
819 583 1078 638 continuo
1131 585 1297 638 etiam
1354 584 1482 640 vitae
1542 585 1773 640 celerem
1829 585 2074 640 inferunt

498 677 682 731 ﬁnem.
715 674 958 744 Denique
1009 676 1189 742 multi,
1226 677 1270 730 si
1301 690 1387 729 res
1420 677 1751 745 poposcerit,
1785 692 1883 747 pro
1914 678 2080 746 pieta-

494 768 566 821 tis
594 767 934 821 confessione
968 767 1021 820 in
1054 767 1185 836 ipsis
1221 768 1504 822 tormentis
1531 766 1763 820 animam
1796 768 1913 835 (66)
1952 767 2077 822 red-

496 858 632 913 dunt
663 876 678 912 :
711 857 799 911 alii
850 872 983 912 vero
1015 858 1066 912 in
1122 859 1242 926 ipso
1288 858 1402 926 jam
1453 871 1671 911 coronae
1721 858 1868 910 aditu
1916 857 2077 925 positi

495 951 763 1020 denegant
789 949 971 1013 ﬁdem,
1006 965 1168 1017 quam
1202 965 1374 1019 usque
1405 949 1473 1003 ad
1505 961 1733 1003 mortem
1778 964 2077 1018 proposue-

496 1053 618 1099 rant
648 1044 919 1098 conﬁteri.
958 1044 1024 1098 Et
1051 1045 1154 1099 hoc
1188 1059 1293 1098 nou
1332 1045 1519 1113 utique
1569 1043 1930 1097 diminutione
1960 1058 2082 1112 pro-

497 1137 655 1206 positi
681 1137 985 1205 patiuntur,
1014 1138 1107 1191 sed
1134 1137 1182 1189 vi
1225 1135 1428 1190 doloris
1466 1135 1633 1190 nimia
1683 1148 1738 1188 et
1777 1134 1890 1206 (6'7)
1931 1136 2076 1190 into-

497 1226 714 1281 lerabili
748 1227 1011 1295 superati.
1042 1227 1101 1282 Si
1127 1243 1257 1297 ergo
1286 1228 1337 1280 in
1379 1227 1483 1280 hac
1526 1227 1777 1295 praesenti
1810 1227 1915 1279 vita
1966 1236 2075 1280 tam

500 1318 871 1374 intolerabiles
893 1329 1016 1372 sunt
1035 1333 1321 1388 poenarum
1347 1319 1587 1383 dolores,
1623 1317 1752 1386 quid
1774 1317 2073 1388 putandum

498 1420 585 1466 est
620 1420 745 1466 tunc
775 1427 895 1464 cum
932 1426 1037 1464 non
1087 1410 1202 1478 jam
1244 1411 1521 1466 crassiore
1564 1411 1744 1463 anima
1788 1418 1969 1463 utetur
2002 1411 2078 1463 in-

500 1507 803 1571 dumento;
845 1505 939 1560 sed
965 1521 1088 1560 cum
1127 1506 1176 1558 id
1229 1505 1475 1573 spiritale
1508 1503 1756 1558 eﬁectum
1784 1517 1851 1557 ex
1896 1518 2077 1557 resur-

501 1598 749 1652 rectione
799 1598 1041 1665 recipiet,
1099 1606 1155 1651 et
1201 1612 1267 1651 eo
1316 1595 1696 1650 vehementius
1723 1595 1930 1662 utique,
1968 1608 2076 1664 quo

503 1686 756 1741 subtilius
783 1694 885 1749 est,
914 1688 1114 1740 sentiet
1151 1686 1258 1739 vim
1289 1684 1534 1740 doloris?
1564 1684 1699 1739 Puto
1754 1684 1898 1739 enim
1931 1684 2074 1752 quod

499 1786 701 1846 quanta
728 1777 1030 1832 differentia
1061 1777 1214 1831 estin
1245 1776 1497 1845 praesenti
1518 1775 1714 1830 saeculo
1734 1776 1930 1829 nudum
1956 1790 2076 1829 ver-

500 1870 686 1925 berari
713 1884 874 1936 quam
910 1868 1201 1933 vestitum,
1254 1868 1323 1922 ad
1364 1867 1806 1937 persentiendum
1860 1865 2074 1921 scilicet

497 1964 837 2027 cruciatum,
890 1977 955 2016 eo
1006 1962 1150 2032 quod
1199 1961 1575 2035 vehementius
1634 1960 1835 2015 nudum
1875 1975 2074 2029 corpus

501 2053 751 2108 crucieut
791 2054 1020 2106 verbera
1060 2066 1221 2120 quam
1262 2051 1519 2104 vestitum
1558 2068 1572 2103 :
1607 2060 1808 2104 tantam
1835 2061 1964 2118 puto
1992 2048 2076 2102 l‘u-

501 2152 679 2197 turam
707 2141 1065 2197 diﬁereutiam
1094 2142 1318 2207 doloris,
1371 2158 1495 2197 cum
1521 2156 1721 2210 corpus
1753 2142 2073 2209 humanum,

501 2231 882 2285 crassitudinis
920 2230 1079 2299 hujus
1121 2230 1437 2285 indumento
1498 2231 1766 2300 deposito,
1799 2232 1947 2285 velut
1973 2247 2075 2285 nu-

506 2323 632 2377 dum
666 2322 896 2388 ceperit
923 2321 1196 2376 sustinere
1229 2328 1521 2374 tormenta.
1556 2338 1576 2372 ι

573 2413 909 2469 PAMPHILUS.
943 2411 1203 2467 Sullicere
1228 2412 1464 2465 arbitror
1484 2411 1647 2465 etiam
1678 2412 1743 2466 ad
1776 2410 1934 2478 hujus
1965 2411 2076 2467 cri-

503 2506 822 2561 minationis
863 2505 1188 2561 calumniam
1233 2504 1686 2573 prepulsandam,
1744 2518 1912 2572 pauca
1964 2504 2078 2557 haec

505 2595 574 2649 de
600 2594 716 2663 ejus
750 2592 904 2648 libris
938 2592 1245 2647 testimonia
1279 2593 1588 2663 protulisse,
1636 2608 1756 2662 quae
1794 2594 2075 2648 innumera

502 2682 732 2753 sparsim
765 2696 865 2751 per
914 2680 1081 2735 libros
1111 2678 1228 2747 ejus
1260 2680 1608 2736 manifestum
1655 2691 1738 2735 est
1783 2680 2076 2736 contineri.

575 2773 729 2829 Nunc
756 2775 822 2828 ad
854 2789 918 2829 ea
951 2773 1113 2827 etiam
1160 2789 1255 2842 per
1285 2788 1383 2828 nos
1417 2775 1562 2842 ipsos
1607 2773 2076 2844 respondebimus,

506 2878 627 2934 quae
656 2864 705 2917 ei
738 2864 806 2918 de
845 2867 1029 2920 anima
1070 2865 1358 2935 objiciunt,
1396 2865 1449 2919 id
1490 2874 1574 2919 est
1604 2866 1745 2934 quod
1775 2876 1901 2922 ante
1961 2882 2080 2921 cor-

505 2971 609 3025 pus
642 2971 762 3010 eam
810 2954 1007 3010 factam
1046 2956 1195 3010 dicat
1241 2956 1532 3012 exsistere.
1590 2956 1780 3012 Sciens
1850 2973 2082 3028 namque

503 3048 668 3102 etiam
698 3048 839 3102 istud
862 3048 1053 3118 dogma
1088 3048 1155 3102 de
1190 3049 1370 3101 anima
1404 3064 1509 3101 non
1544 3058 1731 3117 aperte
1768 3063 1940 3119 neque
1963 3065 2080 3102 ma-

504 3138 707 3193 nifeste
749 3139 938 3193 haberi
990 3140 1043 3193 in
1074 3139 1427 3193 ecclesiastica
1468 3140 1863 3208 prtedicatione,
1906 3140 2080 3196 sicubi

507 3231 850 3284 occasionem
879 3230 1117 3298 aliquam
1150 3229 1233 3283 vel
1264 3230 1636 3299 suspicionem
1671 3233 1851 3302 potius
1889 3232 2075 3303 dispu-

510 3320 660 3373 taudi
697 3319 746 3373 ei
800 3319 1098 3388 Scriptum
1129 3334 1312 3376 sermo
1347 3322 1642 3390 suggessit,
1682 3322 1978 3377 discutiens
2025 3333 2081 3377 et

506 3419 852 3481 pertractans
891 3425 955 3464 ea
986 3425 1108 3479 qua:
1159 3413 1342 3466 sensui
1388 3412 1506 3482 ejus
1558 3422 1936 3481 occurrerant,
1966 3414 2077 3470 dis-

508 3503 784 3557 cernenda
843 3502 961 3556 haec
1017 3502 1324 3570 legentibus
1367 3505 1617 3573 exposuit
1663 3513 1719 3559 et
1763 3505 2077 3574 probanda,

510 3609 619 3649 non
652 3592 943 3648 manifesto
965 3593 1237 3663 dogmate,
1270 3593 1383 3665 (68)
1408 3594 1492 3648 vel
1523 3594 1926 3663 Scripturarum
1956 3613 2080 3653 sen-

507 3684 735 3738 tentiam
767 3698 924 3739 suam
961 3685 1291 3739 auctoritate
1333 3685 1620 3751 deﬁniens,
1674 3686 1994 3757 frequenter
2025 3699 2080 3745 et

512 3776 641 3831 illttd
669 3776 875 3831 addens
905 3796 918 3831 :
976 3796 996 3829 ‹
1042 3777 1099 3831 Si
1137 3786 1314 3831 tamen
1342 3777 1542 3832 habere
1573 3779 1789 3834 videtur
1819 3790 1914 3834 aut
1951 3796 2077 3850 pro-

509 3867 667 3922 batur
692 3867 897 3937 aliquid
920 3868 1325 3936 consequentia
1350 3882 1528 3923 sermo
1558 3869 1602 3923 is
1623 3883 1783 3938 quem
1807 3871 1872 3926 de
1898 3873 2077 3927 anima

506 3960 888 4015 tractavimus.
926 3978 944 4011 ι
995 3959 1236 4027 Denique
1284 3958 1338 4012 in
1380 3968 1488 4012 tam
1543 3960 1728 4014 multis
1755 3971 1806 4015 cl
1836 3971 1942 4016 tam
1992 3964 2077 4018 di-

505 4049 682 4105 versis
725 4051 845 4121 ejus
890 4050 1046 4104 libris
1093 4065 1361 4118 nusquam
1414 4051 1637 4105 omnino
1685 4052 1960 4108 invenitur
2011 4056 2080 4110 ab

505 4152 577 4194 eo
609 4139 748 4193 liber
792 4141 1013 4209 proprie
1071 4138 1142 4193 De
1174 4140 1355 4192 anima
1387 4140 1756 4209 conscriptus,
1803 4143 1942 4198 sicut
1978 4146 2077 4199 ha-

504 4228 598 4284 bet
628 4228 709 4284 vel
735 4228 814 4282 De
844 4231 1118 4300 martyrio,
1158 4229 1244 4282 vel
1285 4228 1362 4283 De
1385 4231 1639 4298 oratione,
1665 4231 1760 4286 vel
1803 4232 1880 4288 De
1904 4251 2080 4288 resur-

506 4321 759 4378 rectione.
788 4319 1062 4390 Nusquam
1089 4335 1311 4390 prorsus
1340 4320 1538 4375 librum
1562 4325 1780 4393 proprie
1808 4325 1876 4379 de
1892 4327 2073 4382 anima

505 4414 767 4483 scriptum
809 4412 1022 4481 edidit;
1073 4414 1169 4468 sed
1204 4414 1254 4467 in
1313 4414 1543 4469 diversis
1593 4415 1750 4483 locis,
1803 4417 1947 4472 sicut
1981 4434 2076 4474 su-

506 4503 690 4573 perius
723 4503 979 4566 diximus,
1014 4504 1356 4559 incurrentes
1382 4505 1485 4561 sibi
1521 4507 1805 4575 opiniones
1837 4523 1902 4562 ex
1937 4509 2079 4565 Scri-

504 4570 680 4664 pturae
730 4594 844 4666 (69)
883 4595 1263 4651 occasionibus
1308 4570 1653 4653 disserebat:
1704 4599 1848 4667 quod
1894 4601 2074 4670 potius
2110 4570 2155 4626 υ

577 4692 625 4725 σε
664 4690 773 4745 Tit.
814 4704 903 4756 ιιι,
942 4689 1029 4743 ιι.
1128 4721 1138 4731 .

580 4787 693 4857 (66)
726 4786 866 4840 Editi
886 4826 902 4849 ,
938 4785 1403 4857 reddunt;omnes
1435 4801 1564 4841 mss.
1595 4789 1805 4855 nostri,
1833 4792 2077 4847 reddide-

507 4856 651 4913 runt.
683 4857 806 4911 Mox
835 4871 959 4911 mss.
985 4856 1162 4924 plures
1181 4870 1491 4924 perperam,
1517 4859 1575 4911 in
1603 4859 1715 4926 ipso
1738 4861 1846 4921 iam
1870 4878 2079 4917 coronce

508 4931 657 4982 aditu
681 4926 936 4995 prepositi
965 4929 1221 4994 denegant
1250 4926 1407 4993 ﬁdem
1435 4945 1454 4982 :
1488 4927 1584 4982 sed
1614 4939 1762 4984 recte
1802 4932 1983 4986 caeteri
2025 4941 2082 4987 et

509 4999 638 5053 editi
671 4998 870 5051 habent
908 4997 1085 5062 positi,
1115 5011 1212 5064 pro
1245 4997 1516 5062 propositi.

582 5067 696 5137 (67)
731 5065 894 5137 Editi,
920 5064 1259 5137 insuperabili
1286 5067 1538 5131 superati.
1565 5065 1682 5121 Mox
1710 5065 1987 5133 Merlinus,
2019 5070 2081 5125 Si

509 5135 727 5210 σῷον...
762 5135 1118 5210 intolerabiles
1169 5143 1290 5186 sunt
1347 5149 1617 5210 poenarum
1672 5137 1902 5203 dolores,
1956 5141 2080 5210 quid

510 5204 804 5274 putandum
835 5215 909 5257 est
942 5220 1058 5257 cum
1081 5204 1196 5273 jam
1220 5205 1467 5257 crassiori
1492 5208 1670 5259 anima
1711 5210 1877 5260 utitur
1922 5204 2083 5263 indu-

515 5286 709 5337 mento,
739 5276 827 5327 sed
854 5283 964 5344 tum
995 5274 1051 5326 id
1073 5273 1450 5344 spirituale....
1477 5291 1578 5344 quo
1623 5277 1871 5331 subtilius
1896 5281 2081 5332 sentiet

515 5345 617 5398 vim
648 5343 868 5398 doloris.
916 5342 1322 5405 Genebrardus,
1366 5341 1425 5398 Si
1473 5341 1685 5413 ergo....
1726 5347 2081 5402 intolerabiles

513 5422 634 5467 sunt
675 5428 943 5478 pmnarum
983 5413 1225 5475 dolores,
1266 5429 1385 5465 cum
1427 5415 1545 5483 jam
1598 5417 1849 5470 crassiori
1902 5420 2083 5471 anima

517 5483 689 5556 utitur
716 5482 1042 5556 indumento,
1084 5482 1211 5550 quid
1240 5482 1534 5556 putandum
1561 5494 1650 5556 est
1693 5501 1811 5556 cum
1842 5487 1895 5539 id
1933 5487 2086 5556 spiri-

516 5551 715 5605 tale....
735 5567 838 5621 quo
862 5553 1107 5605 subtilius
1136 5554 1323 5605 sentiet
1351 5554 1451 5607 vim
1481 5555 1699 5608 doloris.
1727 5554 1836 5609 Sed
1870 5551 2000 5609 mss.
2027 5565 2087 5610 ιιι

519 5623 574 5674 lu
607 5630 782 5684 textu,
816 5622 919 5676 uisi
951 5622 1093 5691 quod
1124 5622 1367 5693 plerique
1400 5624 1586 5677 itidem
1626 5626 1862 5680 habeant
1917 5627 2087 5679 utitur

517 5705 617 5761 pro
637 5701 824 5761 utetur.

593 5759 708 5831 (68)
743 5759 869 5814 Mss.
901 5760 1174 5829 plerique,
1203 5768 1259 5813 et
1298 5759 1632 5831 Genebrardi
1661 5764 1848 5827 editio,
1884 5763 1962 5817 vel
1996 5765 2083 5817 ab-

520 5842 689 5901 rupta:
712 5830 979 5888 sententia:
1010 5833 1321 5886 auctoritate
1340 5830 1612 5898 deﬁniens.
1643 5832 1898 5890 Merlinus
1924 5849 2072 5899 vero,

2184 586 2267 640 nis
2295 585 2640 651 dogmatibus
2670 598 2793 638 esse
2819 584 3067 648 deberet,
3100 585 3244 652 quod
3269 585 3405 641 tanti
3436 602 3630 642 sensus
3657 589 3758 651 vir,

2180 685 2237 730 et
2271 685 2433 729 tanta:
2463 676 2783 745 prudentiae,
2818 690 2941 729 cum
2977 675 3165 744 utique
3197 677 3456 745 magister
3480 688 3626 733 esset
3656 680 3760 735 Ec-

2182 767 2387 831 clesiae,
2426 777 2482 822 et
2517 776 2662 821 tanta
2689 767 2758 820 ab
2787 781 2852 821 eo
2880 766 3024 821 dicta
3065 768 3460 831 scriberentur,
3498 768 3611 840 (70)
3654 784 3760 825 non

2182 862 2267 907 est
2316 868 2483 907 ausus
2513 852 2565 907 id
2598 854 2699 908 sibi
2744 854 3093 908 auctoritatis
3122 870 3424 915 assumere.
3455 866 3513 910 ut
3543 859 3762 925 proprie

2182 947 2262 1002 De
2288 951 2466 1001 anima
2493 947 2693 1001 librum
2725 947 2910 1002 ederet
2936 947 3222 1015 scriptum.
3251 945 3447 1001 Procul
3467 949 3629 1002 dubio
3648 950 3764 1004 haec

2181 1037 2494 1091 observatio
2522 1035 2644 1103 ejus
2673 1035 2805 1090 illud
2838 1036 3065 1100 indicat,
3096 1036 3237 1103 quod
3270 1036 3405 1091 nihil
3436 1037 3672 1093 audebat
3693 1039 3763 1095 de

2180 1128 2284 1183 hac
2309 1141 2368 1184 rc
2396 1127 2685 1184 manifesto
2722 1128 2974 1197 dogmate
3002 1128 3350 1183 conﬁrmare.

2254 1219 2493 1286 Denique
2526 1218 2578 1271 in
2624 1233 2688 1272 eo
2714 1217 2855 1270 libro
2885 1231 3046 1284 quem
3080 1216 3133 1269 in
3188 1215 3483 1285 Epistolam
3517 1215 3760 1287 Apostoli

2180 1311 2248 1365 ad
2278 1310 2459 1365 Titum
2492 1309 2704 1373 scribit,
2741 1308 3053 1362 ltaereticum
3082 1307 3422 1375 describens,
3464 1316 3521 1362 et
3563 1308 3761 1363 animas

2180 1404 2384 1460 faciens
2417 1404 2771 1467 mentionem,
2804 1402 2923 1456 haec
2950 1402 3082 1456 dicit
3114 1421 3128 1457 :

2785 1493 3015 1549 CAPUT
3061 1493 3151 1546 IX.

2403 1602 2690 1643 BESPONSIO
2725 1604 2791 1642 Αι)
2813 1601 3060 1641 OCTAVA]!
3096 1597 3543 1641 CBIIINATIONI'.

2808 1678 2885 1732 De
2918 1681 3117 1731 anima.

2250 1771 2538 1828 ORIGENES.
2571 1771 2685 1841 (7i)
2718 1788 2737 1821 ‹
2775 1772 2913 1825 Sunt
2945 1785 3076 1824 vero
3125 1778 3179 1823 et
3230 1767 3334 1821 alia
3371 1766 3616 1836 quaedam
3664 1767 3763 1822 do-

2108 1842 2150 1896 Β
2188 1874 2395 1935 gmata,
2427 1879 2551 1932 quae
2587 1863 2639 1916 in
2667 1861 2985 1931 apostolicis
3013 1859 3390 1914 traditionibus
3422 1875 3527 1914 non
3557 1857 3758 1914 haben-

2182 1964 2295 2019 tur,
2339 1955 2405 2008 de
2460 1955 2664 2023 quibus
2709 1954 2959 2022 requires
3011 1952 3055 2006 si
3113 1959 3330 2021 Oportet
3372 1966 3467 2006 eos
3511 1951 3602 2021 qui
3644 1949 3757 2022 (7‘2)

2182 2047 2464 2116 quodlibet
2493 2047 2560 2101 de
2594 2046 2681 2100 his
2719 2046 2965 2100 sentiunt
3001 2044 3081 2099 vel
3128 2052 3489 2114 pertractant,
3542 2044 3758 2099 lucreti-

2180 2151 2277 2192 cos
2346 2137 2650 2209 putandos,
2695 2145 2910 2208 utputa,
2980 2136 3132 2191 verbi
3183 2150 3349 2191 causa
3404 2136 3666 2201 dixerim,
3714 2136 3759 2193 si

2184 2230 2307 2299 quis
2338 2229 2606 2284 rationem
2654 2228 2906 2283 humana?
2960 2227 3160 2281 anima:
3210 2226 3487 2296 inquirat,
3533 2242 3654 2282 cum
3696 2229 3763 2285 de

2180 2336 2245 2376 ea
2278 2336 2457 2389 neque
2501 2321 2645 2390 quod
2676 2335 2742 2375 ex
2774 2319 3000 2374 seminis
3026 2319 3250 2374 traduce
3295 2319 3546 2381 ducatur,
3582 2335 3761 2389 neque

2184 2413 2328 2482 quod
2363 2412 2736 2467 bonorabilior
2769 2421 2824 2466 et
2852 2411 3135 2481 antiquior
3168 2426 3461 2481 corporum
3503 2426 3765 2483 compage

2187 2506 2291 2569 sit,
2327 2505 2612 2560 tradiderit
2662 2504 3042 2558 Ecclesiastica
3102 2506 3303 2575 regula.
3354 2503 3584 2572 Propter
3619 2506 3762 2573 quod

2188 2597 2341 2651 multi
2377 2612 2479 2652 nec
2526 2597 2989 2667 comprehendere
3035 2605 3333 2667 potuerunt
3374 2595 3606 2666 qualiter
3638 2611 3763 2651 sen—

2189 2687 2278 2742 tiri
2308 2694 2587 2758 oporteret
2627 2687 2694 2741 de
2737 2686 2932 2742 animae
2984 2689 3238 2743 ratione:
3291 2688 3388 2742 sed
3434 2696 3493 2742 et
3536 2688 3627 2757 qui
3664 2686 3765 2742 ali-

2186 2781 2314 2850 quid
2351 2780 2562 2835 sentire
2590 2779 2677 2834 vel
2707 2779 2977 2834 disserere
3010 2778 3121 2851 (7‘5)
3149 2780 3248 2835 visi
3278 2789 3428 2846 sunt,
3461 2794 3494 2833 a
3535 2777 3765 2834 nonnul-

2186 2871 2255 2926 lis
2302 2871 2356 2925 in
2405 2870 2714 2941 suspicione
2758 2870 3026 2926 habentur
3073 2871 3222 2926 velut
3268 2871 3391 2925 novi
3437 2870 3639 2939 aliquid
3675 2869 3763 2923 in-

2191 2960 2565 3023 troducentes,
2607 2980 2627 3014 ι

2258 3048 2585 3105 ΡΔκῐιιιιιυε.
2627 3048 2835 3104 Deinde
2857 3058 2979 3119 post
3012 3065 3184 3120 pauca
3218 3049 3295 3103 ait
3322 3068 3335 3104 :

2259 3138 2549 3197 (tumemus.
2584 3159 2602 3191 ι
2644 3139 2750 3195 Sed
2784 3151 2839 3195 et
2874 3152 2927 3195 tu
2950 3141 3062 3211 ipse
3108 3140 3245 3210 apud
3277 3140 3617 3210 temetipsum
3649 3140 3760 3196 dis-

2187 3233 2404 3287 cutiens
2474 3231 2761 3287 considera
2827 3232 2875 3287 si
2925 3240 3139 3300 oportet
3203 3247 3326 3287 eum
3377 3232 3471 3302 qui
3525 3231 3766 3301 quolibet

2188 3323 2349 3379 modo
2380 3322 2555 3378 dehis
2588 3324 2850 3394 opinatur
2876 3323 2964 3378 vel
3000 3323 3342 3388 baereticum,
3384 3323 3469 3378 vel
3502 3324 3763 3379 ecclesia-

2187 3412 2384 3467 sticum
2418 3421 2622 3467 temere
2651 3413 2890 3478 deﬁniri,
2921 3424 3015 3468 aut
3045 3414 3091 3468 si
3137 3429 3244 3469 non
3277 3423 3361 3469 est
3392 3413 3763 3483 periculosum

2187 3494 2252 3557 de
2281 3517 2348 3558 eo
2382 3505 2760 3572 pronuntiare,
2803 3506 3059 3573 quoniam
3100 3514 3156 3560 ct
3204 3505 3320 3575 ipse
3367 3511 3650 3576 perversus’
3692 3507 3763 3561 sit

2186 3605 2239 3650 et
2261 3607 2475 3668 peccet,
2499 3604 2555 3651 et
2581 3597 2651 3650 sit
2681 3613 2712 3649 a
2740 3598 3014 3666 semetipso
3051 3597 3337 3652 damnatus
3364 3599 3440 3651 “z
3477 3598 3586 3667 (π)
3615 3600 3763 3667 quod

2186 3689 2253 3743 de
2285 3686 2553 3743 haereticis
2584 3687 2804 3751 dicitur,
2830 3689 2874 3741 si
2902 3688 3025 3756 quis
3060 3687 3201 3742 forte
3225 3702 3290 3743 ex
3334 3688 3421 3742 his
3452 3702 3574 3755 quas
3599 3699 3760 3755 supra

2185 3778 2445 3844 diximus,
2474 3778 2772 3847 quamlibet
2794 3779 3106 3848 opinionem
3131 3779 3259 3834 licet
3284 3794 3477 3832 novam
3496 3789 3546 3833 et
3572 3791 3763 3848 quam-

2186 3872 2434 3941 plurimis
2475 3873 2841 3942 peregrinam,
2888 3871 3139 3926 videatur
3186 3871 3459 3925 inducere.
3491 3888 3509 3920 ι

2262 3961 2593 4018 PAMPHILUS.
2627 3961 2753 4016 Haec
2783 3963 3005 4031 quidem
3042 3964 3156 4031 ipse
3205 3961 3258 4016 in
3305 3975 3370 4016 eo
3409 3961 3550 4015 libro
3601 3973 3763 4030 quem

2193 4068 2359 4122 supra
2416 4053 2654 4107 diximus
2688 4052 2902 4107 scribit.
2962 4051 3072 4108 Nos
3122 4067 3251 4107 vero
3300 4052 3385 4106 his
3421 4051 3766 4122 adiungimus

2189 4145 2351 4198 etiam
2403 4144 2504 4198 ista
2549 4159 2670 4214 quae
2725 4144 2880 4199 nobis
2917 4146 3030 4213 ipsa
3065 4146 3292 4212 aequitas
3337 4145 3551 4196 videtur
3591 4158 3762 4214 expo-

2192 4250 2367 4291 scere.
2401 4235 2458 4291 Si
2503 4235 2789 4291 manifeste
2827 4234 3074 4289 Ecclesia
3122 4236 3361 4288 traderet
3394 4234 3476 4288 vel
3501 4235 3761 4303 praedica-

2191 4339 2272 4383 ret
2304 4329 2577 4383 contraria
2607 4328 2693 4382 his
2717 4342 2837 4397 quae
2870 4326 2961 4382 ille
3006 4328 3200 4392 sensit,
3242 4325 3362 4380 sine
3409 4326 3571 4380 dubio
3618 4324 3765 4381 velut

2185 4422 2493 4476 contrarius
2565 4429 2620 4476 et
2650 4421 2915 4475 resistens
2958 4417 3181 4473 statutis
3224 4417 3613 4472 ecclesiasticis
3643 4432 3760 4472 me-

2186 4515 2291 4569 rito
2321 4513 2650 4584 culparetur.
2693 4511 2849 4567 Nunc
2881 4525 3013 4565 vero
3039 4525 3160 4564 cum
3193 4508 3482 4564 diversitas
3513 4510 3583 4563 sit
3614 4509 3761 4580 apud

2183 4619 2372 4662 omnes
2404 4605 2833 4669 ecclesiasticos,
2863 4614 2917 4658 et
2945 4603 3037 4657 alii
3064 4601 3167 4656 alia
3199 4602 3266 4657 de
3294 4602 3473 4656 anima
3503 4602 3761 4668 sentiant,

2182 4804 2233 4849 et
2297 4796 2519 4860 abrupta
2571 4792 2885 4860 auctoritate
2929 4788 3205 4860 deﬁniens.
3246 4788 3374 4860 Mss.
3426 4788 3761 4860 Sorbonicus

2183 4876 2238 4921 et
2266 4866 2326 4920 S.
2358 4857 2635 4920 Michaelis
2665 4865 2716 4915 in
2744 4859 2990 4915 Periculo
3009 4858 3193 4921 maris,
3224 4859 3302 4913 vel
3339 4857 3434 4931 [al.
3462 4859 3575 4931 sed]
3614 4859 3761 4915 Scri-

2183 4945 2462 5006 pturarum
2476 4932 2801 5006 sententiam
2842 4944 2994 4982 suam
3031 4930 3344 4983 auctoritate
3376 4930 3672 5000 deﬁniens:
3706 4939 3760 4985 et

2188 5003 2261 5060 ita
2298 5004 2584 5068 legendum
2624 5003 2853 5055 videtur.
3416 5048 3423 5058 ί

2261 5067 2371 5145 (69)
2404 5074 2605 5129 Omnes
2638 5085 2768 5125 mss.
2799 5069 3009 5136 nostri,
3039 5067 3425 5124 occasionibus.
3471 5068 3639 5135 Editi,
3668 5084 3759 5124 oc-

2191 5161 2419 5199 εαειοηε.

2261 5212 2372 5285 (70)
2404 5210 2564 5285 Editi,
2598 5226 2701 5285 non
2728 5226 2889 5285 ausus
2920 5209 3171 5285 sitLMss.
3198 5220 3273 5285 υς-
3300 5209 3354 5285 in
3388 5218 3560 5285 textu.
3591 5206 3761 5263 Paulo

2189 5279 2310 5354 post
2342 5279 2471 5354 editi
2506 5280 2761 5354 omittunt
2791 5279 3190 5354 Apost~_li_post
3215 5280 3540 5354 Epistolant.

2259 5352 2370 5422 (7l)
2406 5352 2483 5406 Ex
2524 5348 2814 5422 Comment.
2839 5348 2909 5402 in
2953 5348 3123 5418 Epist.
3155 5351 3223 5403 ad
3260 5348 3456 5422 Titum.

2262 5354 2342 5422 (7l
2406 5352 2483 5406 Ex
2524 5352 2814 5404 Comment.
2855 5352 2909 5402 in
2953 5352 3123 5418 Epist.
3155 5352 3223 5403 ad
3260 5352 3456 5403 Titum.

2262 5352 2374 5494 (Ὶὲ)
2416 5422 2508 5477 Sic
2544 5435 2673 5494 mss.
2709 5420 2851 5474 Editi
2883 5434 3033 5485 vero,
3072 5420 3553 5487 quomodolibet....
3582 5433 3650 5473 ea:
3672 5431 3756 5473 se-

2189 5491 2327 5545 mine
2357 5491 2614 5544 traducis.

2264 5561 2379 5631 (75)
2416 5560 2557 5631 Editi
2579 5600 2595 5624 ,
2618 5560 2721 5631 nisi
2747 5568 2905 5631 sunt;
2933 5573 3062 5614 mss.
3097 5560 3290 5623 nostri,
3326 5559 3422 5614 nisi
3449 5567 3594 5631 sunt.

2266 5628 2381 5701 (74)
2413 5629 2489 5684 lta
2518 5645 2650 5685 mss.
2685 5630 2825 5701 Editi
2861 5638 3041 5683 autem
3076 5641 3385 5701 perperam,
3420 5628 3558 5701 quod
3584 5631 3756 5682 Iners-

2195 5698 2330 5756 ticus
2364 5698 2562 5755 dicitur
2741 5699 2859 5755 licet
2897 5713 3271 5768 nonnunquam
3314 5698 3555 5769 plurimis
3603 5710 3763 5767 pere-

2187 5773 2413 5841 grinam,
2443 5778 2549 5828 etc.
