4162 6448
383 411 492 470 605

1588 411 1934 467 APULOGIA
1971 410 2109 467 PRO
2149 410 2472 468 ORlGENE.

3565 410 3671 468 606

383 537 439 585 et
466 545 662 586 omnes
694 530 932 598 diversa,
962 535 1237 603 quomodo
1267 534 1358 589 hic
1391 533 1566 604 magis
1591 549 1754 602 qnam
1787 533 1969 588 caeteri
2003 537 2044 593 A
2077 543 2306 606 peccat;
2357 537 2582 605 insuper
2623 534 2790 590 etiam
2843 533 2986 605 quod
3030 540 3086 589 et
3133 531 3317 601 ptenis
3375 532 3657 589 subdenda

384 623 720 679 incusandus
762 634 867 690 est,
918 628 1154 682 maxime
1202 643 1325 682 cum
1382 643 1442 683 ea
1500 645 1621 698 quae
1675 644 1702 680 a
1751 627 1974 696 reliquis

389 714 752 780 aﬂirmantur,
788 717 902 788 (75)
933 718 1104 773 multo
1137 719 1310 784 magis
1353 730 1406 775 et
1456 722 1692 776 absurda
1743 721 1972 776 videan-

385 819 494 870 tur,
533 819 586 862 et
617 809 719 862 sibi
769 810 884 878 ipsa
918 811 1242 872 contraria?
1274 810 1504 878 Quidam
1551 814 1694 868 enim
1738 814 1969 882 opinan—

383 911 472 951 tur
503 901 824 969 praeparatis
865 901 976 968 jam
1019 901 1073 956 in
1118 913 1312 958 ventre
1359 903 1646 958 mulierum
1699 905 1972 960 deforma-

385 993 565 1062 tisque
616 993 964 1062 corporibus,
997 1004 1125 1050 tunc
1154 996 1220 1049 ad
1263 1011 1501 1064 praesens
1527 998 1706 1051 creari
1735 999 1968 1064 animas,

383 1093 440 1138 et
471 1083 638 1137 inseri
669 1084 1112 1152 deformatojam
1144 1087 1383 1156 corpori.
1419 1086 1546 1142 l-Izec
1575 1103 1705 1142 vero
1729 1091 1970 1144 sentien-

385 1186 489 1240 tes,
539 1187 740 1244 praeter
789 1179 893 1233 hoc
946 1180 1088 1248 quod
1143 1173 1460 1234 manifestas
1501 1181 1850 1250 probationes
1903 1198 1967 1237 ex

383 1269 597 1322 sanctis
644 1268 947 1338 Scripturis
993 1272 1253 1327 adhibere
1305 1287 1414 1326 non
1467 1283 1718 1341 possunt,
1753 1274 1972 1344 insuper

381 1359 550 1412 etiam
601 1361 925 1428 injustitiam
979 1365 1386 1432 quodammodo
1439 1365 1748 1421 Conditoris
1805 1383 1968 1423 accu-

381 1463 531 1518 sant,
559 1454 702 1521 quod
731 1469 836 1510 non
879 1456 1163 1524 :equaliter
1207 1457 1322 1530 (76)
1374 1472 1568 1513 omnes
1616 1467 1877 1524 utantur,
1917 1461 1970 1515 id

381 1556 504 1610 est,
548 1561 730 1612 aequas
773 1549 894 1602 vita:
944 1551 1385 1606 conversationes
1431 1551 1635 1606 tribuat
1693 1553 1968 1608 omnibus.

385 1638 585 1714 Statim
617 1639 760 1694 enim
793 1649 849 1694 ut
879 1651 1062 1696 creata
1109 1641 1272 1696 fuerit
1298 1645 1499 1708 anima,
1531 1660 1656 1700 cum
1699 1645 1834 1699 nihil
1865 1647 1970 1699 uti-

380 1747 489 1800 que
533 1732 708 1786 adhuc
739 1733 790 1786 in
821 1748 878 1786 se
908 1734 1078 1802 culpae
1114 1736 1470 1802 commiserit,
1507 1737 1769 1792 inseritur
1797 1738 1966 1791 inter-

383 1823 533 1887 dum,
570 1823 613 1876 si
645 1825 714 1876 ita
759 1825 1022 1879 acciderit
1059 1841 1203 1880 creeo
1229 1830 1464 1896 corpori,
1493 1829 1575 1882 vel
1603 1829 1736 1883 alias
1765 1829 1961 1884 debili:

385 1914 504 1968 alite
547 1930 676 1969 vero
715 1918 862 1970 sanis
887 1919 1211 1986 corporibus
1257 1931 1310 1973 et
1361 1921 1694 1975 ﬁrmioribus
1723 1939 1736 1972 :
1769 1933 1822 1976 et
1850 1922 1968 1976 aliis

385 2005 606 2076 quidem
657 2007 884 2061 multum
923 2009 1044 2062 vitae
1091 2019 1305 2079 tempus
1356 2012 1630 2076 tribuitur,
1672 2013 1792 2067 aliis
1836 2030 1968 2068 vero

383 2099 768 2152 brevissimum
803 2115 817 2149 :
867 2101 940 2154 ita
977 2111 1032 2152 ut
1081 2102 1354 2156 interdum
1385 2103 1544 2156 simul
1576 2115 1632 2157 ut
1667 2117 1806 2158 natat
1850 2105 1967 2160 fne-

383 2189 514 2250 rint,
568 2190 930 2244 exturbentur
974 2205 1004 2244 e
1051 2207 1321 2260 corpore:
1365 2200 1418 2246 et
1465 2195 1584 2248 alia:
1630 2197 1848 2264 quidem
1901 2199 1966 2253 ad

385 2283 860 2336 conversationem
909 2295 1178 2352 agrestem
1227 2286 1518 2353 quamdam
1565 2297 1621 2341 et
1659 2289 1965 2356 barbaram,

385 2373 497 2444 (77)
527 2383 580 2427 et
614 2373 702 2428 ubi
748 2391 812 2428 ex
857 2375 1002 2428 nulla
1051 2376 1184 2429 nihil
1218 2378 1440 2432 humani
1476 2389 1566 2432 aut
1609 2381 1822 2436 honesti
1864 2393 1966 2446 est,

386 2471 442 2514 et
473 2477 636 2531 super
681 2466 861 2518 omnia
909 2466 999 2519 ubi
1033 2476 1274 2534 paternae
1318 2469 1726 2538 superstitionis
1771 2472 1968 2540 impie-

385 2564 468 2608 tas
501 2555 730 2618 obtinet,
778 2556 1130 2625 diriguntur:
1177 2558 1299 2613 alia:
1346 2575 1476 2614 vero
1525 2562 1591 2614 ad
1623 2563 1770 2617 viros
1801 2563 1970 2618 hone-

385 2649 520 2706 stos,
551 2644 784 2706 sobrios,
821 2645 1114 2710 humanos,
1167 2649 1258 2702 ubi
1307 2659 1362 2703 et
1396 2650 1756 2704 humanarum
1787 2653 1967 2723 legum

385 2733 696 2790 observatio
723 2737 908 2806 viget:
957 2739 1231 2794 interdum
1279 2742 1444 2796 etiam
1477 2745 1542 2796 ad
1594 2755 1852 2814 parentes
1883 2761 1967 2801 re-

385 2823 627 2896 ligiosos,
657 2827 746 2882 ubi
776 2829 1030 2885 educatio
1079 2832 1274 2887 nobilis
1306 2847 1360 2888 et
1386 2835 1636 2902 honesta,
1667 2837 1756 2890 ubi
1805 2839 1966 2891 etiam

384 2918 620 2972 eruditio
651 2921 1020 2988 rationabilis,
1054 2925 1521 2982 transmittuntur.
1546 2927 1828 2994 Quomodo
1854 2931 1965 3004 (78)

385 3009 550 3079 igitur
594 3021 900 3068 assertores
940 3029 1133 3068 eorum
1181 3016 1234 3070 in
1271 3017 1467 3072 talibus
1501 3019 1740 3074 divinam
1774 3020 1967 3077 Provi-

382 3103 625 3158 dentiam
659 3115 806 3160 recte
834 3107 1016 3160 omnia
1049 3108 1474 3176 dispensantem,
1520 3121 1576 3164 et
1617 3127 1770 3181 aequa
1816 3113 1968 3170 lance

379 3198 780 3265 moderantem,
833 3211 1088 3270 tanquam
1133 3201 1262 3256 boui
1310 3212 1364 3257 et
1391 3203 1520 3272 justi
1569 3203 1664 3258 Dei
1715 3217 1970 3275 poterunt

380 3291 707 3360 assignare?
747 3289 865 3352 Jam
905 3308 1036 3348 vero
1087 3294 1164 3348 illi
1213 3295 1308 3364 qui
1358 3309 1423 3349 ex
1481 3297 1706 3352 traduce
1755 3299 1968 3355 animas

381 3384 577 3438 venire
627 3383 926 3450 aﬂirmaut,
977 3395 1031 3440 et
1078 3386 1238 3440 simul
1287 3402 1407 3440 cum
1449 3391 1716 3459 corporali
1758 3407 1850 3446 eas
1885 3407 1973 3448 se-

381 3477 534 3530 mine
564 3478 820 3531 seminari
854 3497 866 3532 :
907 3477 1174 3546 siquidem
1211 3478 1294 3548 (ut
1330 3479 1551 3549 quidam
1599 3484 1840 3552 ipsorum
1888 3485 1970 3539 af-

379 3566 607 3623 ﬁrmare
639 3568 836 3640 solent)
868 3567 980 3639 (79)
1015 3585 1122 3625 non
1168 3570 1314 3624 aliud
1347 3572 1540 3626 dicunt
1584 3576 1820 3629 animam
1851 3592 1971 3630 esse

379 3677 550 3731 quam
603 3663 1024 3717 insuﬂlationem
1080 3662 1318 3732 Spiritus
1370 3664 1510 3730 Dei,
1567 3667 1711 3720 illam
1761 3669 1972 3724 scilicet

378 3769 550 3824 quam
582 3755 738 3808 initio
783 3755 1010 3809 facturae
1044 3755 1228 3808 mundi
1261 3754 1408 3810 Deus
1436 3755 1639 3810 dicitur
1668 3759 1972 3815 insuﬂlasse

377 3847 440 3901 in
468 3843 640 3897 Adam
675 3843 742 3911 °°,
777 3843 997 3913 (80)-de
1046 3843 1160 3911 ipsa
1205 3841 1298 3896 Dei
1346 3857 1464 3897 esse
1505 3857 1624 3896 eam
1665 3843 1967 3900 substantia

381 3937 740 4008 proﬁtentes:
785 3933 1059 4004 quomodo
1099 3947 1205 3987 non
1243 3942 1298 3986 et
1339 3932 1425 3986 isti
1458 3933 1788 3986 videbuntur
1827 3949 1965 4004 quo-

379 4028 674 4085 dammodo
723 4027 838 4080 haec
882 4035 1078 4096 praeter
1121 4024 1420 4093 Scriptum.
1473 4023 1746 4094 regulam,
1788 4034 1842 4079 et
1887 4041 1972 4082 ra-

377 4121 590 4177 tionem
630 4119 854 4188 pietatis
898 4131 1168 4182 asserere,
1212 4117 1356 4186 quod
1402 4117 1703 4171 substantia
1745 4117 1838 4172 Dei
1884 4127 1971 4173 est

377 4228 505 4284 qua!
543 4222 756 4283 peccat,
800 4213 846 4267 si
885 4211 1067 4265 anima
1112 4225 1232 4278 qua:
1268 4208 1334 4264 de
1377 4207 1682 4264 substantia
1731 4207 1824 4263 Dei
1861 4217 1966 4276 est,

461 4352 507 4384 “
543 4351 680 4407 Gen.
711 4367 774 4416 ll,
798 4351 849 4406 7.

2008 1901 2043 1950 li

2076 629 2147 682 sit
2187 643 2284 698 pro
2323 626 2591 695 peccato?
2634 625 2748 697 (Si)
2796 623 2903 680 Sed
2941 632 2996 680 et
3047 623 3178 679 illud
3218 639 3280 679 se
3323 623 3506 694 (quod
3543 638 3668 694 per-

2075 701 2366 775 absurdum
2395 721 2513 788 est)
2553 721 2840 774 incurrere
2871 731 2984 772 non
3024 716 3232 780 vident,
3272 715 3400 784 quia
3437 731 3662 771 necesse

2074 822 2155 866 est
2184 828 2302 868 eam
2330 811 2491 865 simul
2517 827 2640 866 cum
2667 824 2900 880 corpore
2929 809 3090 874 mori,
3117 817 3172 862 et
3197 823 3322 863 esse
3347 807 3658 872 mortalem,

2075 900 2118 955 si
2151 899 2310 954 simul
2355 913 2478 953 cum
2527 913 2757 968 corpore
2797 898 2882 952 vel
2928 897 3225 962 seminata,
3274 897 3354 952 vel
3388 899 3661 962 formata,

2072 994 2156 1047 vel
2193 1004 2318 1047 nata
2355 1003 2460 1048 est.
2501 993 2639 1047 Tum
2670 993 2865 1047 deinde
2910 992 2986 1046 illi
3024 992 3116 1061 qui
3147 1007 3306 1047 unam
3337 992 3556 1061 quidem
3591 1005 3658 1046 ex

2075 1085 2236 1140 nullis
2278 1085 2656 1139 substantibus
2685 1099 2714 1137 a
2747 1084 2856 1140 Deo
2892 1083 3099 1138 factam
3143 1097 3264 1138 esse
3309 1083 3499 1137 dicunt
3537 1082 3644 1136 ani-

2075 1191 2240 1236 mam,
2280 1176 2332 1228 id
2369 1186 2454 1229 est
2512 1175 2657 1228 illam
2691 1191 2812 1244 qum
2847 1177 3022 1245 prima
3061 1175 3204 1229 facta
3241 1185 3322 1229 est
3355 1174 3408 1228 in
3450 1175 3620 1229 Adam
3644 1215 3659 1240 ,

2074 1279 2128 1324 et
2153 1285 2222 1324 ex
2254 1284 2315 1323 ea
2343 1268 2456 1335 jam
2492 1269 2734 1322 omnium
2781 1269 3065 1323 hominum
3106 1268 3318 1322 animas
3357 1267 3657 1332 exsistere,

2073 1369 2128 1414 et
2167 1362 2466 1415 secundum
2507 1359 2848 1428 corporalem
2887 1360 3006 1414 sine
3053 1359 3215 1414 dubio
3249 1357 3654 1414 successionem

2073 1450 2188 1520 (82)
2225 1450 2509 1504 traducem
2545 1465 2760 1519 quoque
2801 1449 2917 1505 ﬁeri
2955 1451 3299 1518 animarum,
3348 1449 3512 1504 etiam
3557 1450 3657 1518 ipsi

2072 1541 2201 1610 quid
2244 1540 2388 1595 aliud
2422 1541 2748 1607 ostendunt,
2785 1541 2890 1595 nisi
2939 1542 3150 1596 animas
3186 1556 3306 1596 esse
3347 1539 3662 1596 mortales?

2074 1634 2130 1687 Si
2161 1632 2306 1688 enim
2333 1632 2748 1687 sicutanimalia
2779 1641 2976 1688 ctetera
3001 1649 3068 1688 ex
3092 1633 3210 1688 solo
3231 1635 3439 1689 semine
3471 1633 3659 1688 oriun-

2075 1735 2178 1790 tur,
2213 1727 2285 1780 ita
2313 1725 2476 1780 etiam
2509 1726 2578 1780 de
2609 1727 2921 1781 hominibus
2946 1727 3268 1792 sentiamus,
3299 1739 3360 1782 ut
3387 1743 3508 1781 cum
3541 1743 3660 1782 cor-

2073 1836 2202 1891 pore
2234 1821 2394 1875 simul
2437 1821 2488 1875 in
2526 1823 2716 1876 eodem
2765 1821 2974 1876 semine
3023 1823 3186 1876 etiam
3246 1825 3426 1875 anima
3461 1821 3659 1876 diffun-

2072 1913 2251 1975 datur,
2297 1911 2428 1980 quid
2474 1910 2708 1965 dicimus
2746 1912 2812 1967 de
2859 1911 2945 1965 his
2981 1912 3072 1981 qui
3127 1913 3430 1980 imperfecti
3480 1913 3658 1968 adhuc

2071 2013 2126 2056 et
2181 2003 2246 2056 de
2307 2012 2502 2059 ventre
2575 2003 2752 2059 aborsi
2798 2013 2951 2070 sunt,
3030 2015 3083 2060 et
3135 2007 3224 2076 qui
3273 2021 3661 2076 nonnunquam

2071 2095 2236 2149 etiam
2259 2105 2550 2164 antequam
2568 2096 2914 2152 vasculorum
2936 2099 3266 2152 naturalium
3302 2099 3662 2169 receptaculis

2071 2191 2278 2242 semina
2321 2191 2430 2244 sint
2485 2201 2763 2261 suscepta,
2817 2190 3158 2262 depereunt?
3191 2193 3246 2246 ln
3292 2193 3489 2263 quibus
3539 2194 3658 2248 sine

2072 2281 2239 2334 dubio
2271 2280 2614 2348 invenietur,
2658 2284 2803 2352 quod
2845 2283 3010 2338 simul
3046 2285 3210 2338 etiam
3263 2284 3367 2339 illa:
3408 2299 3530 2354 quae
3563 2299 3659 2339 na-

2073 2373 2231 2428 turali
2295 2373 2504 2429 ratione
2553 2376 2857 2430 seminibus
2907 2377 3128 2432 insertae
3175 2377 3392 2432 inerant
3437 2379 3656 2446 animae,

2070 2465 2356 2520 exstinctae
2399 2465 2507 2518 sint
2555 2465 2760 2534 pariter
2805 2475 2860 2520 et
2906 2476 3202 2536 corruptae.
3261 2466 3387 2521 Sive
3427 2482 3558 2538 ergo
3591 2483 3659 2524 ex

2073 2558 2444 2614 insrdilatione
2490 2541 2582 2612 Dei
2619 2559 2758 2622 sint,
2800 2559 2918 2614 sive
2944 2559 3012 2614 ab
3041 2575 3148 2614 una
3199 2561 3288 2613 illa
3331 2575 3454 2629 quae
3481 2561 3660 2630 prima

2071 2650 2216 2706 facta
2245 2661 2350 2714 est,
2379 2651 2699 2706 necessario
2723 2651 2884 2706 simul
2914 2668 3036 2708 cum
3069 2653 3394 2722 corporibus
3419 2669 3662 2707 corrum-

2069 2755 2296 2814 pentur,
2323 2745 2366 2800 si
2394 2744 2643 2801 eamdem
2675 2760 2798 2800 cum
2829 2746 3156 2815 corporibus
3193 2745 3358 2800 etiam
3391 2747 3656 2816 originem

2073 2844 2300 2890 sumunt
2331 2837 2632 2890 secundum
2665 2837 2910 2906 ipsorum
2939 2837 3233 2892 rationem.
3265 2837 3373 2889 Aut
3403 2839 3548 2891 enim
3585 2838 3662 2891 ni-

2070 2927 2144 2982 hil
2173 2927 2396 2982 omnino
2420 2943 2483 2981 ex
2509 2927 2821 2983 rationabili
2845 2937 3007 2996 atque
3031 2927 3326 2982 immortali
3348 2927 3528 2983 anima
3547 2929 3658 2999 (85)

2071 3019 2428 3089 participavit
2463 3017 2594 3072 illud
2625 3019 2767 3089 quod
2813 3018 2996 3073 adhuc
3031 3019 3084 3072 in
3122 3027 3310 3073 ventre
3342 3025 3657 3088 corruptum

2071 3120 2192 3177 est;
2235 3120 2290 3164 et
2329 3111 2542 3179 repulsa
2576 3109 2667 3164 illa
2724 3111 2860 3164 ratio
2913 3119 3146 3181 estquae
3176 3109 3409 3164 aﬂirmat
3438 3127 3559 3166 eam
3608 3112 3660 3166 in

2074 3203 2298 3258 seminis
2333 3203 2560 3258 traduce
2589 3203 2748 3258 simul
2779 3219 2899 3257 cum
2933 3202 3259 3272 corporibus
3292 3204 3615 3258 seminatam
3644 3223 3658 3258 :

2073 3301 2164 3346 aut
2196 3293 2241 3347 si
2271 3294 2595 3364 participat,
2627 3294 2922 3348 necessitas
2953 3293 3202 3349 imminet
3231 3295 3477 3349 conﬁteri
3511 3309 3657 3351 mor-

2073 3385 2235 3439 talem
2268 3400 2390 3441 esse
2428 3385 2708 3440 animam:
2747 3385 2890 3454 quod
2923 3385 3058 3441 ﬁdes
3099 3388 3288 3456 utique
3329 3396 3518 3440 nostra
3556 3402 3660 3441 non

2070 3478 2283 3547 recipit.
2320 3478 2712 3558 Verumtamen
2748 3481 2878 3546 quid
2932 3489 3017 3536 est
3054 3481 3198 3550 quod
3235 3495 3301 3534 ex
3339 3479 3425 3535 his
3476 3480 3660 3534 omni-

2071 3569 2172 3624 bus
2196 3571 2410 3626 ostendi
2441 3571 2736 3627 volumus?
2767 3571 2896 3625 illud
2925 3571 3197 3642 profecto,
3225 3573 3368 3641 quod
3399 3572 3538 3626 sicut
3567 3585 3660 3625 eos

2070 3659 2164 3729 qui
2206 3677 2368 3715 unam
2403 3661 2706 3732 quamlibet
2757 3664 2825 3716 de
2873 3663 2959 3718 his
2996 3678 3134 3734 quas
3180 3677 3346 3732 supra
3399 3662 3660 3729 exposui-

2072 3769 2216 3812 mus.
2255 3754 2567 3822 opinionem
2601 3769 2788 3809 veram
2827 3765 3021 3825 ptttant
3045 3797 3060 3822 ,
3116 3769 3220 3809 non
3263 3765 3412 3811 recta
3447 3755 3656 3812 ratione

2076 3842 2364 3898 haereticos
2393 3845 2514 3912 quis
2553 3845 2813 3915 appellat,
2847 3861 2948 3916 pro
2983 3861 3049 3901 eo
3083 3847 3228 3916 quod
3267 3861 3444 3916 neque
3477 3863 3544 3902 ex
3573 3847 3658 3903 di-

2075 3933 2220 3987 vinis
2249 3933 2550 4002 Scripturis
2574 3937 2721 4016 Ocerti
2755 3937 2962 4007 aliquid
3008 3939 3073 3992 de
3124 3938 3210 3992 his
3245 3938 3330 3994 vel
3374 3939 3660 3994 manifeste

2075 4025 2275 4080 dictum
2316 4041 2436 4082 esse
2483 4028 2767 4094 videatur,
2819 4045 2996 4100 neque
3039 4030 3092 4084 in
3143 4029 3528 4086 Prwdicatione
3577 4049 3662 4085 ec-

2075 4115 2372 4170 ctesiastica
2418 4119 2732 4174 contineri:
2781 4121 2854 4174 ita
2891 4135 3066 4190 neque
3116 4122 3261 4176 hunc
3304 4122 3484 4176 virum
3537 4122 3626 4176 cui

2074 4210 2188 4279 pari
2233 4211 2440 4280 justum
2487 4219 2592 4278 est,
2623 4211 2986 4268 disserentem
3018 4214 3162 4287 quod
3195 4215 3302 4270 sibi
3337 4215 3513 4272 visunt
3542 4225 3657 4284 est,

455 4494 566 4574 (75)
603 4495 786 4574 Ε(1Ῑ1ἰ,¹
810 4493 991 4574 multa
1018 4491 1188 4562 magis
1229 4493 1337 4574 sint
1375 4501 1437 4574 et
1468 4492 1829 4574 absurda_,.et
1871 4492 1970 4574 sibi
2003 4475 2045 4530 ο
2076 4489 2518 4574 Admonitionem
2563 4465 2801 4546 nostram
2853 4489 2906 4543 in
2960 4489 3100 4545 hanc
3138 4488 3404 4559 Pamphili
3457 4489 3658 4560 Apolo-

378 4561 511 4624 τρεῖς
549 4561 844 4619 contraria.
887 4561 991 4614 Sed
1040 4561 1170 4616 mss.
1217 4573 1276 4615 ut
1321 4562 1374 4615 in
1425 4571 1620 4628 textu;
1669 4563 1770 4616 nisi
1823 4564 1966 4630 quod

381 4635 721 4690 Sorbonicus
775 4643 830 4690 et
873 4633 1074 4703 Regius
1125 4631 1509 4702 habeantJet
1567 4633 1668 4686 sibi
1708 4635 1808 4702 ipsi
1841 4649 1968 4687 con-

377 4707 572 4762 traria.

456 4775 570 4844 (76)
622 4775 812 4830 Omnes
863 4783 1102 4828 utantur.
1163 4771 1290 4829 Haec
1354 4773 1462 4828 duo
1499 4773 1662 4828 verba
1702 4776 1967 4829 omittun-

382 4855 475 4900 tur
509 4847 560 4900 in
605 4845 794 4905 editis,
842 4854 897 4899 et
941 4844 1308 4898 restituuntur
1347 4845 1398 4896 in
1441 4859 1598 4910 mss.,
1638 4847 1726 4912 qui
1763 4861 1826 4900 ea
1855 4847 1970 4900 col-

381 4918 568 4973 locant
599 4925 716 4986 post
749 4915 953 4986 tribuat
983 4913 1258 4980 omnibus;
1289 4915 1394 4986 sed
1434 4915 1767 4986 collocanda)
1788 4918 1969 4970 viden-

383 4999 476 5042 tur
505 4985 634 5042 ante
663 4988 717 5040 id
743 4997 840 5039 est.
876 4985 1014 5038 Intra
1047 4999 1175 5036 mss.
1211 4985 1428 5051 quidam
1463 4987 1724 5039 mendose
1751 4985 1959 5050 ferunt,

383 5057 466 5112 vel
493 5059 612 5110 alite
647 5057 826 5112 debili.
867 5055 984 5108 Mox
1019 5056 1257 5120 pessime
1296 5055 1458 5119 editi,
1501 5056 1624 5109 alia:
1657 5072 1744 5109 ver
1821 5057 1968 5111 sanis

383 5127 797 5194 corporibus,.et
841 5126 963 5180 alia:
1007 5123 1416 5194 infirmioribus.

455 5197 567 5269 (77)
601 5197 691 5253 Sic
723 5213 913 5269 omnes
954 5210 1082 5248 mss.
1117 5193 1255 5249 Editi
1290 5211 1444 5258 vero,
1487 5206 1537 5250 et
1574 5198 1660 5250 ubi
1691 5215 1742 5252 nt
1801 5195 1836 5248 il
1873 5197 1967 5250 Ιιιι-

382 5267 530 5323 mani
550 5267 656 5322 aut
703 5267 904 5320 honesti
938 5274 1048 5329 est,
1095 5275 1142 5320 et
1183 5283 1341 5336 super
1374 5269 1552 5321 omnia
1596 5270 1682 5322 ubi
1723 5284 1965 5335 pa.ernte

383 5339 754 5402 institutionis,
787 5347 893 5392 etc.

455 5409 568 5482 (78)
602 5407 800 5482 Igitur.
832 5406 1132 5482 omittitur
1156 5407 1214 5482 _in
1276 5408 1527 5482 omnibus
1573 5424 1704 5463 mss.
1739 5409 1962 5472 nostris,

385 5478 480 5534 sed
510 5489 690 5533 exstat
739 5479 789 5531 in
839 5479 1034 5550 editis,
1075 5478 1170 5550 qui
1217 5479 1374 5550 paulo
1402 5491 1518 5546 post
1551 5495 1834 5550 perperam
1877 5483 1965 5533 ba-

385 5551 556 5618 bent,
583 5559 832 5618 tanquam
864 5549 1048 5602 bonam
1078 5547 1125 5602 et
1143 5547 1278 5616 justi
1314 5549 1434 5614 Dei,
1458 5547 1566 5603 etc;

455 5617 568 5692 (79)
603 5617 726 5692 Non
755 5619 903 5692 aliud
937 5621 1145 5692 dicunt_._
1171 5630 1277 5692 etc.
1311 5618 1388 5673 Ex
1425 5621 1508 5674 his
1546 5620 1728 5675 verbis
1764 5619 1961 5674 l-liero-

386 5689 577 5764 nynttts
629 5690 720 5742 lib.
759 5705 791 5742 tl
823 5691 1083 5764 adversus
1111 5689 1359 5764 Ruﬁnum
1403 5692 1622 5744 videtur
1673 5707 1964 5764 accusasse

391 5758 674 5829 Urigenem
711 5759 894 5829 quasi_
916 5759 1114 5829 dixerit
1167 5758 1428 5826 Spiritum
1469 5771 1716 5815 sanctum
1749 5777 1854 5816 non
1896 5763 1962 5815 de

386 5827 574 5887 eadem
617 5827 796 5886 Patris
855 5827 1085 5900 Filiiquc
1134 5843 1257 5884 esse
1307 5830 1633 5886 substantia.
1685 5829 1792 5886 Sed
1844 5831 1962 5887 vide

2107 4561 2234 4622 iam,
2267 4577 2415 4616 num.
2453 4561 2504 4614 7.

2071 4577 2234 4630 gtam,
2267 4577 2415 4616 num.
2461 4577 2504 4614 ι.

2144 4631 2258 4702 (80)
2297 4630 2426 4685 Mss.
2455 4631 2722 4700 plerique,
2751 4631 2815 4686 de
2847 4632 2967 4701 ipsa
2998 4629 3097 4684 Dei
3127 4647 3238 4685 esse
3265 4645 3380 4684 eam
3410 4630 3655 4685 substan-

2071 4703 2202 4755 tiam
2236 4703 2562 4770 proﬁtentes,
2592 4702 2754 4757 male.
3009 4719 3020 4730 °

2143 4772 2252 4842 (8|)
2299 4769 2374 4825 Ita
2407 4787 2598 4826 omnes
2641 4789 2771 4828 mss.
2823 4771 3016 4825 nostri.
3062 4773 3132 4826 At
3171 4787 3300 4826 vero
3344 4769 3504 4832 editi,
3549 4769 3656 4826 Sed

2070 4853 2118 4896 et
2147 4841 2280 4896 illud
2317 4843 2458 4912 quod
2503 4845 2744 4913 sequitur
2779 4844 2950 4912 (quod
2993 4843 3376 4909 perabsurdum
3413 4845 3524 4913 est)
3574 4842 3658 4894 in-

2071 4930 2284 4966 currere
2317 4929 2418 4966 non
2447 4912 2735 4980 prwtlident
2907 4929 2972 4966 ea:
2996 4914 3156 4966 nullis
3188 4912 3590 4967 subsistentibus
3630 4929 3662 4965 a

2071 4981 2180 5036 Deo
2220 4983 2418 5052 factam
2447 5000 2579 5044 esse,
2621 4993 2732 5038 etc.

2142 5053 2255 5124 (82)
2302 5053 2431 5106 Mss.
2467 5058 2635 5108 nostri
2678 5070 2872 5109 omnes
2908 5054 3132 5119 habent,
3160 5054 3544 5124 initraducem.
3577 5051 3659 5105 In-

2071 5122 2152 5177 fra
2193 5122 2362 5184 editi,
2396 5125 2523 5192 quid
2559 5125 2794 5178 dicemus
2821 5145 2842 5180 :
2883 5140 3003 5178 mox
3038 5140 3168 5179 mss.
3211 5123 3546 5178 Sorbonicus
3593 5132 3651 5176 et

2073 5194 2130 5248 S.
2171 5194 2486 5248 Michaelis.
2531 5199 2594 5247 de
2645 5196 2724 5250 Itis
2762 5197 2852 5265 qui
2899 5194 3162 5263 interfecti
3210 5195 3426 5248 adhuc:
3471 5202 3655 5262 postea

2070 5279 2259 5318 omnes
2285 5281 2440 5334 tuss.,
2468 5276 2514 5320 et
2541 5268 2680 5334 quod
2708 5282 3081 5334 nonnunquam
3111 5267 3268 5319 etiam
3294 5265 3457 5332 (editi
3486 5265 3654 5316 omit-

2073 5346 2191 5388 tunt
2228 5333 2420 5404 etiam)
2456 5333 2738 5402 antequam
2769 5337 3123 5400 vasculorum,
3178 5346 3283 5390 etc.
3331 5335 3436 5388 Sed
3485 5334 3660 5403 legen-

2071 5407 2195 5460 dum
2237 5405 2448 5458 videtur
2485 5418 2541 5459 ut
2582 5406 2636 5458 in
2683 5415 2868 5460 nostro
2909 5416 3082 5460 textu.

2142 5475 2256 5544 (85)
2303 5475 2468 5543 Editi,
2503 5477 2842 5543 participabit
2891 5477 2944 5528 id
2996 5477 3140 5544 quod
3172 5477 3344 5530 adhuc
3387 5479 3444 5530 in
3479 5483 3655 5530 uentre

2068 5559 2332 5614 receptum
2359 5555 2458 5609 est,
2496 5559 2544 5598 et
2575 5549 2782 5612 repulsa
2802 5559 2876 5601 est
2911 5546 3008 5600 illa
3041 5549 3174 5598 ratio
3205 5563 3344 5616 qum,
3379 5559 3488 5601 etc.
3519 5546 3650 5598 Mss.

2070 5617 2405 5670 Sorbonicus
2431 5627 2486 5671 et
2517 5617 2576 5670 S.
2611 5617 2890 5671 Michaelis
2921 5617 2972 5670 in
3024 5616 3272 5672 Periculo
3309 5617 3498 5680 maris,
3529 5631 3658 5685 par-

2067 5689 2302 5750 ticipavit
2340 5687 2394 5738 id
2451 5690 2592 5755 quod
2645 5689 2818 5740 adhuc
2856 5690 2912 5740 in
2961 5699 3134 5742 uentre
3176 5698 3423 5758 corrupto
3472 5697 3570 5746 est,
3605 5693 3658 5738 et
3751 5713 3758 5716 -

2067 5758 2279 5838 repulsa
2319 5767 2394 5811 est
2433 5759 2530 5838 illa
2573 5759 2712 5813 ratio
2759 5774 2910 5830 qum,
2955 5769 3062 5817 etc.
3108 5758 3305 5818 Caneri
3347 5773 3477 5815 vero
3519 5769 3656 5811 mss.

2074 5841 2132 5884 ut
2167 5837 2220 5882 In
2267 5838 2455 5884 nostro
2501 5837 2672 5885 textu.
