4162 6480
449 424 551 479 607

1695 419 1752 473 S.
1795 419 2124 475 PAMPHILI
2165 418 2523 474 MAR'iYRlS

3632 419 3738 477 608

451 544 688 599 maxime
717 556 845 596 eum
875 541 1006 595 illud
1049 540 1325 612 praecipue
1357 542 1670 596 servaverit
1696 544 1838 611 quod
1865 543 1920 598 in
1947 544 2048 599 Ec-
2077 546 2121 603 A
2151 541 2432 597 contrario
2465 540 2574 594 diei
2601 546 2878 608 poterunt,
2910 537 3258 607 disputentur
3288 551 3303 591 :
3351 545 3406 591 et
3443 537 3581 594 hanc
3615 555 3737 595 csse

453 637 619 689 clcsia
683 635 749 690 de
799 634 992 688 anima:
1049 635 1398 689 confessione
1452 634 1662 688 servari
1715 636 2045 691 omnimodis

456 727 642 787 debet,
673 723 725 778 id
760 734 844 777 est
896 739 964 780 ne
993 725 1248 780 diversas
1279 739 1508 779 naturas
1535 739 1656 780 esse
1689 726 1896 781 diceret
1929 727 2046 780 ani-

460 835 718 874 marum:
761 821 1007 888 quinimo
1038 829 1091 873 et
1139 819 1388 874 dicentes
1431 821 1750 890 redarguit,
1783 831 1837 876 et
1877 821 2044 876 velte-

462 909 630 964 menti
653 911 960 964 assertione
980 910 1278 964 convincit.
1314 908 1430 979 Ipse
1454 921 1635 964 autem
1663 911 1864 966 fatetur
1885 911 2046 966 unius

457 1001 777 1057 substantia:
817 1016 1010 1056 omnes
1060 1017 1181 1057 esse
1227 1003 1462 1066 animas,
1514 1012 1572 1057 ct
1605 1003 1948 1059 immortales
1981 1020 2046 1059 ac

459 1091 841 1155 rationabiles,
877 1091 1030 1147 liberi
1070 1094 1285 1148 arbitrii
1318 1110 1385 1149 ac
1420 1095 1758 1150 voluntatis:
1785 1097 2045 1164 judican-

459 1183 556 1238 das
579 1200 794 1254 quoque
816 1201 940 1240 esse
967 1201 1063 1254 pro
1097 1187 1179 1241 bis
1206 1201 1326 1256 qua:
1359 1187 1410 1240 in
1445 1188 1547 1242 liae
1579 1188 1690 1242 vita
1721 1196 2044 1257 gesserunt:

458 1291 579 1332 esse
610 1287 792 1332 tamen
828 1293 922 1332 eas
961 1278 1136 1333 factas
1170 1295 1200 1332 a
1257 1281 1387 1345 Deo,
1419 1281 1508 1349 qui
1551 1283 1807 1335 universa
1843 1281 2050 1335 creavit

458 1378 515 1423 et
543 1369 807 1424 condidit.
839 1371 1068 1437 Quando
1101 1383 1282 1427 autem
1314 1373 1473 1427 facta:
1516 1373 1646 1436 sint,
1685 1373 1813 1427 olim
1864 1374 2047 1436 simul,

460 1471 557 1514 aut
608 1475 749 1514 nunc
786 1475 882 1530 per
930 1462 1176 1531 singulos
1217 1464 1566 1517 nascentium
1592 1505 1607 1529 ,
1647 1463 1776 1532 quid
1824 1464 2049 1533 periculi

457 1563 544 1606 est
573 1551 804 1606 alterum
853 1567 885 1606 e
917 1554 1126 1608 duobus
1152 1555 1412 1622 opinari?
1459 1554 1571 1625 (84)
1616 1555 1722 1610 Sed
1772 1555 1931 1610 aliter
1962 1572 2049 1610 re-

462 1643 733 1710 spondere
773 1643 1032 1710 possibile
1065 1652 1170 1708 est,
1203 1654 1263 1697 ut
1306 1645 1486 1698 omnis
1536 1646 1751 1714 penitus
1799 1646 2049 1714 culpandi

463 1730 644 1784 aditus
668 1731 1013 1786 excludatur.
1044 1731 1196 1786 Sicut
1237 1733 1383 1787 enim
1423 1733 1491 1788 de
1525 1735 1888 1789 Iuminaribus
1928 1736 2052 1790 caeli

464 1822 680 1877 diversa
716 1823 938 1892 singuli,
989 1827 1152 1880 etiam
1204 1826 1308 1896 ipsi
1359 1827 1452 1895 qui
1489 1837 1620 1881 sunt
1668 1827 1721 1880 in
1758 1826 2050 1892 Ecclesiis,

2149 643 2322 688 artem
2359 632 2668 701 disputandi
2722 647 2829 685 non
2865 631 3234 694 advertenies,
3278 630 3542 700 objiciunt
3591 631 3736 686 cide

2148 726 2252 780 hoc
2295 724 2567 793 dogmate,
2599 723 2744 793 quod
2776 721 2930 791 quasi
2972 722 3086 790 ipse
3124 721 3361 775 senserit
3403 737 3465 775 ea
3499 737 3621 791 qum
3669 739 3736 777 ex

2149 817 2496 872 adversantis
2523 830 2754 885 persona
2791 814 3072 871 disseruit.
3111 814 3354 883 Denique
3381 814 3525 884 quod
3555 814 3738 869 discu-

2152 911 2317 966 tiendi
2355 909 2472 964 [nec
2503 916 2557 964 et
2606 923 2712 964 non
2755 909 3112 963 conllrmandi
3149 908 3351 962 dixerit
3402 923 3592 973 causa,
3627 909 3739 976 ipse

2150 1017 2244 1072 per
2283 1017 2345 1056 ea
2381 1016 2502 1070 qua:
2550 1011 2671 1070 post
2707 1010 3001 1054 tractatum
3040 1000 3118 1056 rei
3158 1000 3330 1069 ipsius
3379 999 3598 1070 adjecit,
3643 1014 3737 1055 os-

2153 1093 2324 1147 tendit
2374 1093 2479 1146 boe
2525 1092 2688 1146 modo
2729 1089 2959 1146 dicens:

2221 1186 2512 1242 Omesses.
2558 1185 2670 1256 (88)
2708 1204 2726 1236 ι
2766 1185 2873 1240 Sed
2909 1185 3044 1246 lucc,
3093 1193 3355 1252 quantum
3389 1183 3455 1237 ad
3488 1198 3588 1238 nos
3617 1198 3740 1254 pcr-

2154 1279 2324 1344 t.inet,
2367 1295 2472 1332 nou
2529 1279 2636 1333 sint
2687 1278 2979 1348 dogmata;
3031 1276 3124 1331 sed
3164 1276 3522 1330 discussionis
3565 1277 3737 1346 gratia

2152 1374 2297 1428 dicta
2339 1373 2467 1434 sint,
2505 1380 2560 1425 et
2589 1371 2937 1438 abjiciantur.
2973 1370 3078 1424 Pro
3127 1385 3193 1424 eo
3227 1379 3404 1423 autem
3443 1369 3561 1423 Solo
3597 1369 3739 1423 dicta

2152 1476 2299 1527 sunt,
2325 1479 2391 1517 ne
2417 1464 2669 1516 videatur
2691 1463 2924 1532 quaesﬁo
2954 1473 3121 1526 mota,
3149 1477 3251 1516 non
3279 1477 3398 1516 esse
3425 1463 3691 1516 discussa.
3717 1481 3735 1513 ι

2225 1558 2560 1613 PAMPHILUS.
2596 1555 2704 1612 Sed
2736 1557 2850 1612 bare
2891 1557 2943 1610 in
2981 1571 3046 1611 eo
3081 1556 3199 1610 loco
3247 1557 3408 1622 dixit,
3453 1556 3504 1609 in
3545 1571 3651 1625 quo
3679 1559 3744 1611 de

2153 1648 2442 1703 animabus
2470 1647 2795 1702 animalium
2831 1647 3165 1716 requirebat,
3196 1645 3308 1716 (89)
3337 1661 3441 1699 non
3472 1647 3536 1701 de
3572 1657 3746 1702 trans-

2157 1741 2458 1796 mutatione
2509 1741 2842 1796 animarum.
2899 1739 2976 1794 De
3040 1740 3343 1793 animarum
3396 1753 3525 1793 vero
3571 1749 3744 1792 trans-

2160 1834 2465 1888 mutatione
2514 1833 2566 1886 in
2611 1834 2847 1902 septimo
2881 1833 3022 1887 libro
3071 1832 3123 1886 in
3179 1831 3523 1902 Evangelium
3557 1848 3746 1886 secun-

467 1917 708 1972 sentiunt
739 1933 755 1981 ;
804 1907 924 1972 aliis
967 1917 1188 1987 quidem
1243 1919 1599 1987 epinantibus
1637 1931 1760 1973 esse
1797 1920 2052 1973 animan-
2085 1899 2127 1955 Β
2157 1929 2280 1981 dum
2317 1925 2630 1980 Matthwum
2670 1899 2745 1980 ita
2781 1926 2978 1980 scribit
3020 1939 3035 1979 :

464 2010 564 2072 tia,
627 2019 684 2064 et
731 2009 1141 2064 rationabilium
1193 2011 1594 2078 animantium;
1633 2012 1758 2067 aliis
1799 2025 1930 2066 vero
1957 2028 2056 2081 puo

471 2099 713 2154 tantibus
743 2100 886 2168 quod
940 2100 1342 2156 irrationabilia
1393 2103 1526 2167 sint,
1581 2104 1692 2158 imo
1735 2119 1866 2159 vero
1911 2104 2055 2174 quod

465 2204 572 2244 non
616 2192 791 2243 solum
825 2190 1032 2256 anima,
1085 2190 1181 2246 sed
1231 2200 1285 2244 et
1333 2191 1480 2246 omni
1515 2207 1678 2246 sensu
1716 2191 1932 2260 penitus
1957 2205 2053 2245 ca-

463 2288 656 2344 reant,
693 2288 748 2334 et
779 2279 892 2335 sola
925 2283 1042 2335 sine
1085 2281 1280 2350 spiritu
1327 2298 1390 2336 ac
1440 2299 1603 2336 sensu
1641 2283 1750 2337 sint
1779 2296 2051 2351 corpora:

464 2387 632 2428 nemo
655 2383 836 2428 tamen
868 2374 1064 2428 merito
1104 2373 1336 2428 alterum
1364 2389 1556 2429 eorum
1590 2375 1680 2444 qui
1714 2375 1830 2429 haec
1870 2375 1942 2428 ita
1973 2374 2056 2428 di-

463 2480 624 2520 verse
662 2468 925 2531 sentiunt,
961 2467 1278 2522 ltaareticum
1316 2468 1548 2531 dixerit,
1585 2477 1874 2536 propterea
1908 2468 2054 2537 quod

465 2571 572 2612 non
605 2565 794 2626 aperte
829 2559 895 2610 de
941 2558 1027 2614 his
1077 2559 1335 2613 traditum
1371 2568 1456 2614 est
1510 2557 1623 2630 (85)
1665 2561 1720 2613 in
1755 2560 2053 2626 apostolica

462 2651 849 2721 praedicatione
879 2669 891 2704 :
932 2653 1003 2706 ita
1048 2653 1214 2707 etiam
1242 2667 1338 2708 eos
1371 2652 1464 2722 qui
1501 2654 1566 2707 de
1607 2653 1846 2707 humana
1875 2653 2054 2708 anima

463 2744 735 2810 dubitant,
776 2756 831 2800 et
857 2746 923 2800 de
956 2746 1108 2800 initio
1138 2746 1254 2816 ejus
1294 2745 1376 2800 vel
1415 2746 1628 2815 origine
1674 2746 1888 2801 diversa
1926 2745 2048 2814 opi-

464 2846 686 2903 nautur,
730 2851 836 2891 non
869 2845 953 2892 est
984 2846 1192 2891 rectum
1219 2837 1504 2893 haereticos
1528 2837 1908 2906 pronuntiare,
1941 2852 2056 2890 ma-

463 2927 610 2982 xime
643 2943 767 2982 cum
805 2927 858 2981 in
900 2927 1124 2998 reliquis
1169 2927 1563 2984 ecclesiasticae
1595 2929 1862 2983 doctrinas
1897 2942 2058 2997 regu-

465 3017 534 3072 lis
565 3018 706 3086 quod
743 3029 948 3074 rectum
979 3032 1063 3075 est
1091 3028 1146 3076 et
1167 3021 1496 3076 catholicum
1529 3028 1774 3075 teneant.

537 3104 842 3166 Novissima
879 3111 1191 3166 criminatio
1219 3120 1305 3167 est
1333 3111 1443 3182 (86)
1483 3109 2052 3183 μετενσωματώσεως,

464 3201 568 3257 hoc
596 3212 682 3258 est
728 3204 1207 3258 transmutationis
1238 3203 1573 3257 animarum.
1600 3204 1681 3258 Ad
1718 3203 1888 3273 quod,
1909 3203 2057 3256 sicut

2778 2016 3008 2072 CAPUT
3049 2017 3118 2072 X.

2406 2125 2691 2166 ιιιεΡοΝειο
2730 2125 2798 2165 ΔΙ)
2836 2126 3016 2165 NONAM
3054 2123 3504 2166 CBI‘IIXATIONEI.

2530 2202 2606 2258 De
2629 2204 3074 2257 transmutatione
3097 2205 3415 2256 animorum.

2228 2296 2522 2354 ORIGENES.
2571 2315 2590 2348 ι
2624 2296 2738 2367 (90)
2771 2296 3000 2363 Quidam
3023 2296 3239 2365 quidem
3261 2295 3373 2366 (9|)
3399 2295 3602 2365 opinati
3625 2303 3749 2351 sunt

2160 2401 2226 2439 ex
2259 2401 2326 2440 eo
2360 2387 2508 2456 quod
2535 2386 2738 2441 dictum
2763 2395 2849 2440 est
2885 2401 2898 2437 :
2933 2383 3052 2454 Ipse
3077 2395 3154 2440 est
3185 2383 3335 2439 Elius
3361 2388 3452 2455 qui
3498 2396 3751 2440 venturus

2157 2486 2235 2531 est
2262 2477 2306 2509 ⁸⁷
2335 2493 2350 2532 :
2376 2479 2612 2532 animam
2644 2476 2778 2531 Elite
2826 2479 3070 2531 eamdem
3103 2476 3271 2532 fuisse
3302 2492 3462 2546 quam
3502 2475 3747 2534 Joannis.

2158 2566 2314 2634 Quod
2345 2568 2490 2622 enim
2519 2568 2656 2622 dixit
2698 2588 2711 2622 :
2743 2567 2865 2636 Ipse
2884 2578 2959 2621 est
2989 2565 3164 2635 Elius,
3215 2585 3320 2623 non
3362 2570 3427 2622 ad
3461 2569 3622 2635 aliud,
3655 2569 3750 2625 sed

2159 2655 2225 2710 ad
2254 2655 2495 2710 animam
2532 2655 2881 2710 referendum
2942 2665 3227 2725 putarunt,
3259 2666 3312 2712 et
3361 2673 3425 2712 ex
3469 2659 3572 2713 hoc
3614 2675 3752 2729 pene

2158 2748 2271 2804 solo
2295 2765 2550 2805 sermone
2593 2748 2789 2818 dogma
2838 2749 3257 2804 introduxerunt
3321 2753 3750 2822 μετενσωματώ-

2159 2855 2319 2902 σεως,
2346 2839 2395 2892 id
2425 2851 2531 2900 εει,
2561 2837 3036 2893 transmutationis
3057 2840 3385 2905 animarum,
3411 2842 3565 2910 quasi
3585 2842 3748 2896 etiam

2159 2927 2277 2998 ipso
2305 2927 2408 2980 hoc
2431 2925 2559 2982 Jesu
2599 2928 2982 2983 contirmante.
3033 2926 3140 2981 Sed
3169 2936 3484 2998 oportuerat
3531 2932 3752 2995 intueri,

2158 3017 2285 3084 quia
2308 3015 2352 3069 si
2392 3016 2496 3070 hoc
2528 3030 2719 3069 verum
2744 3026 2912 3082 esset,
2951 3017 3006 3070 in
3058 3017 3243 3072 multis
3269 3019 3457 3088 utique
3513 3019 3753 3089 prophe-

2161 3115 2339 3160 tarum
2405 3107 2491 3162 vel
2552 3105 2974 3178 Evangeliorum
3030 3109 3248 3178 scriptis
3312 3111 3491 3166 simile
3548 3111 3750 3182 aliquid

2163 3198 2657 3253 iuvenirideberet.
2682 3199 2818 3253 Tum
2844 3201 3037 3255 deinde
3067 3201 3231 3255 etiam
3289 3203 3379 3257 ille
3432 3219 3613 3260 sermo
3659 3209 3752 3275 qui

467 3295 520 3348 in
546 3295 757 3350 caeteris
786 3293 1034 3358 fecimus,
1079 3295 1252 3363 ipsius
1289 3297 1383 3365 qui
1417 3303 1707 3348 accusatur
1751 3293 2050 3360 responde-
2082 3270 2123 3325 (ἶ
2162 3291 2290 3345 huic
2314 3290 2652 3359 adjungitur,
2687 3289 2928 3346 osiL'ndit
2981 3295 3335 3349 secretiorem
3367 3298 3660 3364 quemdam
3697 3308 3754 3352 et

467 3385 645 3441 bimus
687 3385 906 3441 verbis:
949 3384 1083 3440 illud
1135 3387 1314 3456 primo
1366 3387 1779 3456 pernecessario
1814 3398 2055 3439 commo-

467 3486 674 3540 nentes,
705 3477 832 3546 quia
858 3484 1210 3532 accusatores
1235 3475 1352 3544 ejus
1389 3492 1496 3532 non
1534 3476 1899 3546 intelligentes
1927 3490 2056 3544 qua-

467 3567 596 3622 liter
643 3569 714 3623 ab
753 3584 819 3624 eo
858 3570 927 3625 de
963 3569 1064 3623 ista
1120 3570 1425 3638 quaestione
1472 3577 1761 3622 tractatum
1812 3567 1917 3632 sit,
1971 3565 2056 3620 vel

470 3661 613 3731 quod
651 3662 788 3715 ratio
814 3661 1202 3731 disputationis
1233 3661 1305 3715 ita
1337 3676 1396 3716 se
1434 3660 1657 3721 habeat,
1696 3659 1808 3731 (87)
1843 3668 1899 3712 ut
1945 3675 2052 3713 non

469 3767 688 3822 semper
726 3753 838 3808 sola
865 3754 1014 3808 velut
1060 3767 1127 3808 ex
1171 3768 1403 3824 persona
1449 3752 1795 3823 pronuntiari
1841 3752 2058 3806 videan-

471 3854 557 3899 tur
586 3860 706 3917 quze
745 3847 1023 3911 dicuntur,
1072 3847 1166 3902 sed
1213 3845 1486 3901 interdum
1532 3847 1700 3899 etiam
1748 3859 1811 3899 ea
1861 3858 1982 3913 quae
2026 3860 2056 3899 e

540 4022 582 4054 ⁸⁷
609 4023 802 4079 Matth.
834 4040 911 4091 xi,
948 4025 1035 4079 14.
1114 4025 1159 4060 ⁸⁸
1191 4025 1322 4082 ibid.
1355 4025 1444 4083 15.

540 4226 656 4301 (84)
698 4229 828 4284 Mss.
869 4231 1088 4301 quidam
1112 4273 1128 4294 ,
1171 4229 1282 4286 Sed
1319 4231 1473 4284 aliter
1505 4228 1815 4297 respondere
1864 4229 2052 4296 impos-

471 4300 621 4353 sibile
655 4311 752 4353 est.
799 4300 989 4355 (laetari
1037 4317 1164 4356 vero
1212 4318 1341 4355 mss.
1390 4313 1446 4355 et
1492 4302 1620 4356 editi
1663 4311 1721 4355 ut
1762 4303 1814 4353 in
1862 4309 2050 4366 textu,

471 4371 574 4424 nisi
614 4371 756 4434 quod
802 4373 931 4425 editi
974 4374 1231 4425 omittaut
1268 4371 1445 4425 aliter.

548 4441 659 4510 (85)
703 4441 826 4494 Mss.
859 4443 987 4505 duo,
1025 4442 1224 4511 Regius
1248 4443 1456 4496 scilicet
1497 4449 1550 4494 et
1585 4440 1959 4501 Corbeiensis,
1997 4440 2053 4511 in

474 4511 764 4579 apostolica
806 4510 1130 4566 traditione}
1178 4513 1366 4567 caeteri
1421 4527 1555 4567 mss.
1612 4521 1670 4564 et
1708 4512 1841 4566 editi
1891 4523 1951 4565 ut
1996 4510 2052 4564 in

474 4591 662 4636 DOSU‘O
702 4591 870 4634 textu.

549 4651 662 4720 (86)
707 4651 780 4704 Ita
819 4667 1010 4706 omnes
1051 4668 1182 4709 mss.
1214 4661 1270 4705 et
1309 4650 1647 4706 Genebrardi
1694 4650 1882 4705 editlo.
1919 4649 2057 4704 Mer—
2093 4652 2134 4706 D

475 4719 618 4775 limis
671 4738 835 4794 vero,
882 4721 1390 4794 μεταμορφώσεως,
1436 4724 1534 4774 hoc
1585 4729 1660 4774 est
1703 4721 2056 4791 transforma-

473 4793 629 4846 tionis
663 4793 984 4845 animarum.

546 4855 658 4929 (87)
695 4862 836 4916 Editi
861 4902 876 4926 ,
914 4871 971 4916 ut
1012 4881 1117 4918 non
1157 4879 1360 4929 semper
1402 4862 1542 4916 velut
1576 4877 1640 4915 ea:
1684 4877 1789 4914 una
1835 4875 2060 4928 persona

473 4933 816 4986 pronuntiari
987 4937 1077 4988 sed
1115 4935 1383 4993 interdum
1412 4935 1570 4986 etiam
1604 4949 1666 4985 ea
1697 4948 1815 5000 quia
1842 4942 2062 4984 contru-

477 5008 558 5054 ria
604 5004 708 5055 dici
736 5013 1044 5070 potuerunt,
1077 5006 1430 5072 disputentur.
1471 5002 1600 5055 Mss.
1634 5003 1830 5063 nostri.
1867 5011 1922 5054 ut
1957 5018 2062 5054 non

474 5087 679 5138 seniper
707 5077 821 5126 sola
853 5073 1021 5142 (tttss.
1067 5071 1443 5137 Sorbouicus,
1500 5072 1712 5143 omnia)
1755 5071 1893 5126 velut
1940 5088 2062 5139 pro-

477 5144 714 5196 nuntiari
885 5147 976 5198 sed
1010 5145 1275 5198 interdum
1308 5146 1467 5196 etiam
1502 5160 1563 5196 ea
1592 5160 1710 5211 qua:
1737 5159 1764 5196 e
1790 5143 2061 5196 contraria

476 5213 583 5292 dici
619 5223 884 5284 poterunt,
919 5216 1276 5284 disputentur.
1310 5214 1418 5270 Sed
1441 5216 1730 5285 legendum
1763 5213 1981 5268 videtur
2003 5223 2062 5265 ut

475 5299 532 5337 ΙΙΙ
580 5294 753 5336 textu.

547 5353 673 5425 (88)”
700 5353 831 5408 Vide
871 5365 1027 5410 notas
1059 5356 1152 5410 lib.
1183 5373 1196 5410 ι
1226 5355 1298 5409 De
1330 5356 1579 5425 princip.,
1611 5367 1731 5423 cap.
1770 5353 1824 5421 8,
1858 5363 1970 5408 not.
2006 5353 2054 5406 1.

476 5419 604 5476 Haec
640 5419 892 5494 ()rigenis
932 5428 1096 5481 verba
1137 5419 1382 5481 addenda
1429 5419 1572 5482 sunt
1603 5419 1824 5480 in'line
1867 5425 2061 5492 capitis

475 5494 531 5552 8.
575 5494 701 5548 libri
728 5510 768 5559 ι,
808 5497 884 5548 De
929 5499 1230 5565 principiis,
1266 5498 1352 5551 ubi
1389 5499 1719 5551 omittuntur
1755 5505 1809 5548 et
1840 5496 1927 5548 ubi
1963 5509 2060 5561 pro

476 5565 564 5617 bis
593 5567 873 5621 transtulit
914 5567 1174 5623 Ruﬁnus:
1215 5572 1360 5632 Quas
1391 5585 1485 5620 nos
1514 5584 1618 5620 non
1637 5569 1808 5620 solum
1834 5582 1936 5619 non
1964 5582 2059 5619 su-

474 5635 751 5700 scipimus,
795 5636 884 5690 sed
911 5647 960 5689 et
989 5654 1165 5691 omnes
1194 5639 1290 5691 ltus
1317 5639 1632 5691 assertianes
1663 5652 1846 5691 eorum
1877 5649 2060 5690 contra

474 5704 634 5776 [idem
667 5714 904 5758 nostram
935 5709 1193 5762 uenientes
1231 5709 1529 5776 refutamus
1562 5718 1717 5772 atque
1746 5707 2055 5775 respuimus.

489 5773 615 5828 Vide
649 5776 1075 5832 Observationes
1111 5773 1329 5832 nostras
1370 5779 1422 5831 in
1445 5773 1834 5838 hunelocum,
1857 5786 1910 5828 et
1935 5776 2061 5828 Ori-

474 5847 752 5912 geniunor.
788 5847 881 5900 lib.
917 5863 972 5913 ιι,
1007 5859 1198 5915 quaest.
1235 5849 1289 5908 ϐ,
1329 5863 1478 5901 ntnn.
1517 5849 1697 5906 17.18
1735 5846 1896 5901 ει19.
1939 5845 2062 5899 Hice

474 5921 660 5972 eaJem
713 5919 964 5988 Origenis
1013 5920 1178 5973 verba
1240 5918 1317 5974 sic
1371 5919 1538 5973 refert
1591 5917 1956 5987 Hieronymus
2006 5917 2060 5972 in

2162 3397 2422 3438 arcanum
2453 3399 2672 3439 sensum
2701 3385 2752 3437 in
2783 3385 2868 3440 bis
2917 3401 3038 3455 qna:
3063 3387 3211 3441 dicta
3275 3398 3402 3444 sunt
3464 3391 3751 3457 requiren-

2163 3475 2313 3540 dum,
2338 3476 2508 3546 magis
2538 3476 2651 3547 (92)
2677 3492 2839 3547 quam
2867 3493 2930 3531 ea
2952 3493 3071 3547 qua:
3111 3479 3185 3533 illi
3226 3481 3527 3535 secundum
3563 3481 3754 3537 littera.-

2165 3568 2332 3623 solius
2364 3567 2776 3639 intelligentiam
2826 3581 3205 3639 susceperunt.
3235 3586 3358 3626 eum
3413 3573 3547 3626 dicit
3585 3589 3597 3624 :
3649 3573 3754 3639 Qui

2164 3662 2313 3716 habet
2351 3677 2506 3716 aures
2531 3663 2805 3726 audiendi,
2827 3663 3010 3716 audiat
3041 3663 3106 3717 ⁸⁸.
3138 3663 3458 3719 Addendum
3490 3674 3672 3720 autem
3697 3671 3754 3719 et

2167 3754 2318 3817 illud,
2353 3754 2403 3807 id
2434 3763 2540 3820 est,
2583 3755 2708 3824 quia
2745 3756 2791 3810 si
2822 3771 2919 3825 pro
2954 3756 3211 3826 peccatis,
3263 3757 3559 3812 secundum
3610 3757 3756 3828 quod

2168 3843 2268 3913 ipsi
2296 3844 2562 3912 sentiunt,
2592 3847 2980 3902 transmutatio
3015 3846 3110 3902 ﬁat
3153 3848 3485 3913 animarum,
3534 3859 3756 3918 propter

2158 4223 2383 4295 epistola
2419 4225 2485 4281 ad
2529 4225 2747 4280 Avitum
2772 4241 2785 4276 :
2810 4225 2891 4278 Ad
2915 4235 3203 4279 extremum
3231 4241 3294 4278 ne
3317 4221 3750 4292 teneretur(0rio

2159 4297 2358 4366 gentes)
2393 4295 2733 4366 Pythagorici
2766 4298 3030 4366 dogmatis
3058 4312 3179 4348 reus
3203 4296 3294 4364 qui
3321 4298 3511 4347 asserit
3542 4311 3747 4366 μετεμ-

2156 4365 2403 4437 ψύχωσιν
2430 4365 2548 4434 post
2586 4375 2694 4437 tam
2749 4365 3034 4437 nefandam
3079 4365 3491 4437 disputationem
3526 4381 3629 4432 qua
3672 4365 3750 4417 le-

2161 4434 2317 4491 nam.
2337 4440 2571 4490 animum
2588 4436 2902 4490 vulneravit.
2925 4454 2942 4484 ι
2963 4434 3111 4500 Ηωο,
3131 4436 3320 4503 inquit,
3338 4434 3495 4502 juxta
3516 4445 3750 4487 nostram

2161 4510 2504 4566 sententiam,
2545 4522 2649 4559 non
2691 4508 2796 4559 sint
2833 4505 3106 4572 dogmata,
3147 4509 3236 4558 sed
3279 4505 3501 4573 qua’sita
3541 4512 3752 4556 tantum

2166 4585 2322 4645 atque
2363 4579 2624 4646 projecta,
2652 4591 2715 4629 ne
2739 4578 2962 4646 penitus
2985 4575 3189 4627 intacta
3227 4575 3546 4628 viderentur.
3581 4592 3600 4624 ι

2231 4643 2347 4718 (89)
2375 4643 2514 4700 Editi
2552 4656 2673 4718 post
2706 4647 2822 4718 haec
2842 4645 3042 4718 verba,
3071 4660 3182 4718 non
3209 4646 3273 4718 de
3305 4643 3749 4718 transmutatione

2165 4712 2488 4787 animarum,
2519 4712 2672 4787 quasi
2719 4717 2772 4768 iu
2816 4715 3395 4787 titulojmoxﬂltabcnt,
3435 4712 3502 4787 In
3530 4715 3752 4787 septimo

2165 4789 2300 4841 libro
2331 4790 2385 4840 in
2414 4783 2758 4856 Evangelium
2794 4785 3084 4838 secundum
3115 4783 3428 4856 Matthazum
3461 4786 3533 4836 ita
3558 4783 3749 4856 scribit

2163 4860 2227 4912 de
2270 4860 2715 4911 transmutatione
2753 4857 3076 4908 animarum.
3125 4855 3231 4909 Sed
3275 4868 3410 4907 mss.
3456 4863 3515 4906 ut
3556 4855 3608 4906 in
3647 4869 3749 4906 no-

2164 4941 2277 4983 SIro
2297 4939 2468 4993 textu,
2492 4927 2592 4981 nisi
2619 4927 2764 4995 quod
2787 4926 3006 4993 quidam
3033 4925 3290 4979 omittam
3313 4939 3452 4988 vero,
3480 4935 3535 4977 et
3558 4938 3749 4978 onttnes

2166 5001 2426 5063 habeant,
2471 5001 2526 5051 in
2576 4994 2900 5064 Etutngetio;
2945 4997 3040 5049 sed
3101 4995 3450 5050 seribendutu
3491 4994 3750 5048 duximus

2163 5085 2286 5122 cum
2320 5071 2505 5133 editis,
2540 5067 2593 5120 in
2645 5065 3012 5135 Evtmgelium.
3054 5065 3255 5120 Deinde
3311 5065 3526 5119 titulum
3572 5065 3746 5135 hunc,

2167 5137 2451 5205 Responsio
2493 5132 2577 5190 ad
2625 5132 2821 5189 nouam
2867 5137 3315 5190 criminationem.
3361 5134 3526 5202 Caput
3558 5132 3632 5198 Χ,
3672 5133 3750 5187 De

2166 5209 2604 5262 transmutatione
2661 5209 3008 5272 animarum,
3068 5209 3133 5261 de
3189 5216 3378 5260 nostro
3445 5206 3756 5259 addidimus

2165 5283 2231 5334 ad
2267 5280 2552 5334 clariorem
2582 5277 2743 5330 libelli
2771 5277 3098 5332 divisionem
3131 5294 3147 5330 :
3182 5293 3282 5332 nec
3321 5277 3466 5330 enim
3501 5277 3554 5328 in
3583 5275 3743 5329 editis

2165 5365 2267 5405 nec
2317 5351 2367 5402 iu
2410 5365 2538 5402 mss.
2586 5356 2882 5416 comparet.

2235 5419 2350 5489 (90)
2374 5420 2450 5474 Ex
2482 5421 2575 5473 ltl).
2602 5433 2676 5471 vn
2709 5414 3000 5472 Comment.
3024 5419 3078 5472 in
3104 5416 3436 5472 Matthaaum.

2234 5486 2348 5562 (9t)
2381 5492 2458 5545 Ita
2493 5503 2693 5562 omnes
2715 5503 2846 5542 mss.
2880 5490 3074 5562 nostri.
3118 5489 3257 5543 Editi
3285 5499 3502 5562 autem,
3529 5486 3750 5554 opinanr

2163 5557 2316 5615 tur...
2332 5557 2578 5614 animam
2608 5557 2743 5613 Elia:
2769 5560 3005 5612 eamdem
3028 5576 3140 5613 esse
3160 5575 3279 5628 quae
3302 5557 3550 5621 Joannis,
3585 5566 3692 5628 etc.

2237 5633 2348 5702 (9'2)
2380 5632 2544 5696 Editi,
2571 5645 2728 5702 quam
2758 5631 2899 5696 quod
2925 5630 3042 5691 illi;
3073 5639 3127 5684 et
3172 5626 3334 5702 paulo
3355 5637 3498 5702 post,
3539 5626 3754 5679 Adden-

2121 5707 2125 5711 ’
2164 5699 2290 5755 dum
2324 5699 2499 5756 autem
2526 5711 2574 5754 et
2600 5701 2732 5769 illud
2768 5711 2864 5761 est,
2891 5702 3038 5769 quia,
3067 5712 3176 5755 etc.
3199 5699 3325 5753 Mss.
3352 5699 3747 5769 plures,qquam

2163 5790 2282 5839 qun:
2314 5773 2396 5824 illi
2421 5776 2544 5839 (ms.
2583 5773 2643 5824 S.
2672 5766 2941 5838 Remigii,
2975 5787 3130 5838 quam
3161 5785 3312 5839 quem
3337 5766 3748 5839 illi)...Adden-

2165 5838 2291 5896 dum
2318 5838 2490 5896 autem
2526 5853 2572 5894 et
2608 5841 2741 5893 illud
2772 5852 2868 5904 est,
2903 5841 3051 5908 quia,
3088 5838 3196 5896 etc.
3256 5839 3362 5895 Sed
3415 5838 3607 5894 melius
3649 5851 3753 5890 ms.

2169 5915 2504 5971 Sorbouicus
2540 5921 2597 5969 ut
2630 5913 2680 5966 in
2723 5919 2898 5966 textu.
