4162 6462
395 431 499 488 615

1548 431 1556 446 '
1607 424 1954 481 APOLOGIA
1989 423 2130 479 PRO
2169 420 2494 480 ORlGENE.

3576 428 3681 484 6H

385 549 496 604 τοῦ
529 547 867 618 ἀνθρώπου,
898 546 1144 614 εὑρήσει
1172 545 1284 614 τὴν
1312 545 1524 599 πίστιν
1547 543 1646 596 ἐπὶ
1674 541 1784 610 τῆς
1834 541 1971 612 γῆς,

2089 555 2244 595 usum
2278 554 2590 610 corporum,
2625 549 2675 595 et
2705 555 2802 610 per
2821 540 2925 597 hoc
2955 540 3116 598 finem
3139 544 3400 598 mundum
3435 546 3682 616 recipere

383 641 460 703 ὡς
496 637 731 710 εὕρομεν
795 637 947 708 παρὰ
990 636 1069 708 τῷ
1113 635 1382 706 Ματθαιῳ
1442 633 1616 696 οὕτως
1651 633 1977 708 εἰρημένον-

386 731 610 799 Ὤσπερ
640 730 710 782 δὲ
746 734 806 784 αἱ
855 728 1067 798 ἡμέραι
1117 727 1228 780 τοῦ
1279 726 1442 790 Νῶε,
1501 723 1916 790 οὔτως-,ἕσται
1941 724 1980 787 ’ἡ

382 824 686 892 παρουσία
712 822 820 877 τοῦ
852 822 990 876 Υιοῦ
1028 819 1132 874 τοῦ
1162 819 1498 888 ἀνθρώπου.

382 919 654 974 indicatur
681 919 826 988 quod
891 919 944 972 in
1005 917 1300 985 Evangelio
1358 917 1622 984 scriptum
1653 921 1798 970 est:

2051 667 2060 676 -
2090 647 2154 686 ac
2178 631 2399 686 resolvi.
2425 631 2540 686 Non
2575 641 2752 686 tamen
2785 633 2858 687 ita
2903 635 3119 688 videtur
3164 645 3367 690 sanctae
3427 636 3680 708 Scriptu-

2093 739 2184 789 rte,
2209 739 2332 794 qua:
2363 724 2496 778 dicit
2527 725 2931 778 multitudinem
2985 729 3322 794 peccantium
3367 729 3682 798 relinquen-

2095 817 2215 870 dam
2238 831 2361 871 esse
2393 816 2446 870 in
2482 815 2588 872 fine
2619 817 2823 870 smculi.
2855 817 3006 884 Quod
3033 833 3100 873 ex
3137 835 3202 872 eo
3235 821 3680 874 manifestissime

1873 912 2244 967 Verumtamen
2301 925 2457 978 putas
2515 913 2726 966 ueniens
2763 911 2936 966 Filius
2981 913 3210 966 hominis
3249 915 3470 968 inveniet
3521 913 3681 982 ﬁdem

380 1026 538 1081 super
558 1023 751 1066 terram
777 1010 867 1063 "7
897 1009 1050 1064 Sicut
1079 1010 1216 1063 enim
1237 1007 1295 1061 in
1317 1005 1504 1060 diebus
1533 1005 1672 1068 Noe,
1691 1005 1768 1058 ita
1795 1005 1898 1058 erit
1924 1015 1970 1057 et
2009 1004 2262 1056 adventus
2290 1000 2417 1055 Filii
2448 1001 2676 1055 hominis
2705 1001 2785 1054 ⁸²ἳ
2816 1020 2834 1052 ι

1620 1117 2186 1177 INTERPRETATIO
2225 1117 2486 1174 HUETII.

379 1223 606 1278 inveniet
637 1220 794 1288 ﬁdem
823 1220 878 1272 in
909 1232 1049 1272 terra
1077 1220 1103 1272 ?
1154 1227 1209 1271 et
1253 1217 1712 1288 quemadmodum
1758 1213 1900 1284 apud
1930 1211 2240 1266 Mattlneum
2283 1213 2359 1266 ita
2387 1225 2707 1281 expressum
2748 1212 3058 1270 invenimus
3105 1229 3121 1268 :

379 1296 561 1350 diebus
595 1286 731 1356 Noe,
760 1291 838 1343 ita
859 1291 956 1343 erit
978 1301 1024 1343 et
1057 1289 1312 1341 adventus
1342 1286 1476 1341 Filii
1515 1287 1765 1341 hominis.

3196 1215 3342 1270 Sicut
3386 1227 3560 1272 autem
3615 1221 3670 1273 in

450 1436 778 1492 PAMPHILUS.
806 1433 882 1506 (8)
908 1434 972 1487 Et
996 1443 1350 1502 posteaquam
1377 1431 1442 1486 de
1465 1429 1764 1500 Scripturis
1793 1427 1957 1482 multa
1979 1427 2262 1492 disseruit,
2293 1425 2534 1496 ipseiam
2561 1441 2713 1482 suam
2742 1427 3072 1483 sententiam
3093 1428 3196 1483 hoc
3220 1430 3380 1485 modo
3403 1431 3663 1487 declarat.

452 1551 646 1602 Ἔσται
674 1548 730 1602 δὲ
746 1549 859 1608 τοῖς
883 1547 1004 1600 τότε
1029 1547 1062 1617 ὴ
1083 1546 1191 1600 τῶν
1216 1545 1631 1617 ἁμαρτημάτων
1666 1543 1973 1616 εἷσπραξις,

377 1642 478 1694 οὐκ
523 1642 582 1694 ἐν
641 1637 1164 1711 μετενσωματώσει·
1205 1639 1254 1690 εἰ
1295 1637 1404 1708 γὰρ
1454 1638 1532 1691 ἔτι
1574 1639 1975 1709 ἁμαρτάνοντες

377 1733 920 1806 παραλαμϐάνονται,
971 1733 1090 1804 ἦτοι
1121 1731 1266 1802 ἄλλῳ
1317 1731 1506 1802 τρόπῳ
1541 1730 1814 1794 κολάσεως
1839 1730 1976 1800 μετά

2156 1541 2257 1614 ('2‘)
2285 1541 2578 1598 ORIGENES.
2609 1542 2688 1614 (3)
2722 1560 2742 1595 σ
2781 1543 2899 1598 Erit
2932 1553 3108 1598 autem
3135 1545 3220 1599 his
3237 1545 3326 1614 qui
3357 1555 3484 1602 tunc
3513 1559 3676 1604 erunt

2085 1633 2440 1705 vindicta,(4)
2479 1648 2586 1687 non
2615 1648 2682 1688 ex
2709 1635 3164 1689 transmutatione
3189 1638 3493 1692 animarum
3522 1656 3536 1693 :
3565 1655 3672 1695 non

2082 1724 2225 1778 enim
2256 1723 2367 1794 jam
2389 1723 2456 1777 ad
2481 1723 2817 1794 peccandum
2846 1723 2998 1780 locus
3034 1725 3288 1782 eritzsed
3325 1728 3426 1782 alia
3472 1746 3674 1800 genera

375 1825 536 1880 τοῦτο
566 1823 1012 1895 κολασθήσονται,
1046 1824 1140 1876 καὶ
1181 1822 1324 1876 κατὰ
1359 1822 1516 1874 τοῦτο
1545 1823 1662 1893 ἦτοι
1699 1821 1792 1874 δύο
1819 1823 1971 1876 τόποι

2077 1825 2236 1872 erunt
2285 1833 2480 1886 poena}.
2516 1816 2928 1873 Transmutatio
2960 1834 3196 1888 namque
3237 1837 3524 1891 corporum
3552 1838 3672 1894 p03-

379 1919 653 1973 κολάσεων
691 1917 904 1970 ἔσονται
927 1916 1204 1985 γενικοίοὸ
1236 1915 1336 1985 μὲν
1363 1917 1420 1967 ἐν
1450 1915 1968 1986 μετενσωματὼσευ

377 2009 488 2064 sas
513 2008 616 2072 ἔξω
653 2007 745 2062 τοῦ
778 2007 1020 2062 τοιούτου
1061 2005 1344 2076 σώματος·
1384 2006 1480 2060 καὶ
1529 2006 1836 2075 λεγέτωσαν
1874 2007 1975 2070 τὰς

376 2101 584 2156 τοὼτων
617 2100 824 2164 αἰτίας,
855 2101 950 2152 καὶ
989 2097 1253 2170 διαφοράς
1279 2115 1290 2127 ·
1325 2098 1357 2169 ἢ
1407 2098 1468 2150 οὐ
1522 2097 1971 2170 κολασθήσονται,

375 2192 454 2258 ὡς
483 2193 548 2247 se
558 2194 692 2266 ρόως
719 2191 1084 2253 ἀποϐαλόντες
1108 2189 1176 2242 τά
1199 2191 1572 2262 ἁμαρτήματα
1601 2192 1646 2244 oi
1677 2191 1770 2243 ἐπὶ
1792 2207 1976 2243 συντε-

377 2287 499 2357 λείᾳ
523 2284 972 2354 καταλειφθέντες
1002 2302 1015 2316 ·
1057 2284 1112 2355 ἢ,
1149 2285 1286 2354 ὅπερ
1327 2281 1554 2351 βέλτιον,
1586 2279 1665 2346 εἷς
1705 2284 1819 2336 ἐστι
1845 2283 1974 2353 τρό-

379 2396 481 2441 πος
521 2377 796 2440 κολάσεως
839 2377 952 2438 τοῖς
998 2373 1376 2446 ἡμαρτηκόσιν
1416 2373 1474 2424 ὲν
1519 2371 1753 2444 σώματι,
1783 2372 1844 2424 τὸ
1871 2372 1976 2435 ἔξω

375 2469 541 2524 αὐτοῦ
565 2469 668 2538 τῆς
704 2466 1096 2530 καταστάσεως
1123 2464 1216 2518 τοῦ
1254 2464 1369 2534 βίου
1401 2463 1592 2516 τούτου
1620 2464 1680 2516 τὺ
1713 2463 1975 2531 καταξίαν

372 2559 486 2615 τῶν
535 2558 940 2630 ἡμαρτημένων
995 2557 1188 2611 παθεῖν
1217 2574 1229 2586 ·
1266 2556 1496 2609 ἕκαστον
1539 2555 1598 2608 δὲ
1643 2556 1848 2610 τούτων
1897 2555 1976 2628 τῷ

373 2653 568 2726 ὲνορᾷν
610 2649 896 2720 δυναμένῳ
932 2653 1044 2714 τοῖς
1082 2649 1400 2721 πράγμασιν
1439 2648 1830 2718 ἀνατρεπτικόν
1860 2649 1976 2701 ἐστι

373 2740 1065 2815 τῆς.μετενσωματώσεως.
1103 2741 1166 2794 Εἰ
1210 2740 1265 2792 δὲ
1286 2739 1598 2807 ἀναγκαίως
1628 2741 1679 2792 οἱ
1707 2740 1806 2810 τὴν
1850 2759 1976 2810 μετ-

373 2833 762 2905 ενσωμάτωσιν
792 2833 1104 2900 εἰσάγοντες
1137 2831 1418 2904 Ἕλληνες,
1467 2830 1542 2894 ὡς
1572 2831 1840 2884 ἀκόλουθα
1879 2834 1978 2886 αὐ-

373 2929 488 2990 τοῖς
510 2926 772 2990 τιθέντες,
807 2925 928 2978 οὐδὲ
960 2924 1279 2996 φθείρεσθαι
1311 2924 1591 2996 βούλονται
1621 2926 1713 2978 τὸν
1748 2925 1972 2996 κόσμον,

373 3019 495 3092 ὥρα
533 3020 627 3072 καὶ
679 3018 902 3081 τούτους
943 3017 1372 3088 ἀντιϐλέψαντας
1425 3020 1545 3082 ταῖς
1585 3017 1974 3086 ἐκφαινούσαις

373 3111 618 3182 Γραφαῖς
649 3109 1026 3181 φθαρήσεσθαι
1053 3109 1144 3162 τὸν
1183 3109 1418 3180 κόσμον,
1465 3109 1498 3180 ἢ
1536 3108 1836 3179 ἀπιστῆσαι
1877 3109 1975 3162 αὐ-

2077 1927 2200 1964 natn
2231 1926 2338 1963 non
2367 1909 2530 1965 faciet
2555 1921 2926 1980 peccatorum,
2956 1913 3026 1966 ita
3065 1925 3122 1966 ut
3150 1913 3294 1966 nulla
3331 1915 3674 1972 extrinsecus

2075 2009 2333 2074 putentur
2369 2003 2558 2058 inferri
2595 2004 2862 2074 supplicia
2888 2045 2902 2070 ,
2932 2009 3064 2073 quin
3097 2006 3279 2075 potius
3305 2015 3387 2059 est
3419 2015 3674 2075 peccatoo

2079 2096 2229 2148 ribus
2263 2110 2547 2164 poenarum
2575 2096 2790 2160 modus,
2823 2095 2873 2148 id
2905 2104 2990 2148 est
3021 2104 3080 2148 ut
3115 2111 3213 2164 pro
3247 2096 3330 2150 his
3367 2095 3443 2168 (5)
3473 2112 3592 2167 qua:
3619 2097 3674 2152 in

2077 2185 2179 2240 hoc
2207 2186 2406 2240 mundo
2436 2195 2743 2256 gesserunt,
2788 2201 3004 2256 ptenam
3035 2189 3301 2257 recipiant
3325 2189 3670 2245 delictorum.

2076 2276 2422 2332 Manifestum
2447 2289 2626 2332 tamen
2654 2289 2735 2333 est
2756 2279 2900 2348 quod
2933 2280 3051 2334 istae
3075 2281 3299 2350 singula:
3327 2283 3566 2336 rationes
3588 2282 3672 2338 his

2076 2369 2165 2439 qui
2201 2379 2424 2438 possunt
2451 2369 2526 2424 rei
2556 2372 3006 2440 consequentiam
3035 2371 3326 2442 diligenter
3358 2374 3668 2442 advertere,

2076 2464 2368 2518 contraria:
2406 2471 2531 2518 sunt
2579 2463 2708 2516 huic
2739 2465 2976 2534 dOgmati
3018 2480 3126 2534 quo
3158 2464 3517 2534 perhibentur
3547 2468 3670 2519 ani-

2077 2569 2178 2608 ma:
2215 2554 2593 2609 transmutari.
2633 2553 2783 2621 Quod
2829 2557 2872 2610 si
2903 2557 3182 2627 gentilium
3222 2567 3474 2610 auctores
3517 2557 3672 2626 sequi

2077 2645 2262 2698 volunt
2287 2647 2379 2713 qui
2405 2645 2716 2714 opinionem
2745 2647 2898 2700 istam
2924 2664 2988 2704 ex
3022 2649 3410 2718 principiorum
3440 2663 3664 2702 suorum

2047 2739 2467 2810 ,consequentia
2495 2740 2764 2808 persecuti
2791 2752 2938 2806 sunt,
2957 2742 3200 2796 dicentes
3224 2757 3348 2798 cum
3379 2743 3492 2796 haec
3517 2743 3670 2808 fiant,

2077 2829 2196 2884 sine
2228 2829 2392 2884 dubio
2441 2847 2718 2901 nunquam
2784 2835 3046 2887 nmndum
3103 2834 3266 2888 istum
3303 2850 3462 2904 posse
3489 2833 3670 2902 finiri,

2077 2937 2420 2994 consequens
2453 2933 2536 2978 est
2562 2941 2655 2980 eos
2680 2925 2756 2996 (6)
2795 2927 2887 2996 qui
2935 2927 3048 2981 lucc
3081 2928 3344 2990 sentiunt,
3373 2927 3674 2996 Scriptura:

2079 3021 2282 3067 nostra:
2337 3029 2444 3068 non
2495 3017 2757 3078 credere,
2791 3032 2912 3085 quae
2955 3017 3398 3070 manifestissime
3431 3031 3674 3086 pronun-

2080 3107 2179 3159 tiat
2203 3105 2366 3161 ﬁnem
2398 3109 2584 3162 mundi
2621 3106 2886 3172 futurum,
2919 3117 2974 3162 et
2998 3125 3100 3162 non
3138 3109 3432 3176 exquirere
3455 3108 3508 3160 in
3541 3107 3674 3176 ipsis

373 3203 516 3266 ταῖς,
546 3201 578 3271 ἢ
623 3201 992 3273 εὑρεσιλογεῖν
1030 3201 1157 3272 περὶ
1209 3201 1516 3272 διηγήσεως
1546 3198 1656 3252 τῶν
1689 3199 1830 3252 κατὰ
1872 3199 1971 3270 τὴν

2080 3197 2384 3268 Scripturis
2421 3199 2814 3269 expositiones,
2843 3202 2959 3255 sive
2993 3200 3326 3254 assertiones
3374 3201 3586 3269 ineptas
3617 3208 3674 3254 et

376 3293 707 3358 συντέλειαν,
743 3294 881 3365 ὅπερ
938 3293 1038 3347 κᾶν
1071 3292 1368 3363 βούλωνται
1409 3292 1656 3362 ποιῆσαι,
1708 3293 1769 3345 οὐ
1812 3292 1971 3364 δυνή-

377 3401 536 3440 σοντα
543 3403 559 3438 ι
567 3429 581 3442 .

2077 3289 2559 3362 inconsequentes,
2592 3309 2657 3348 ex
2691 3294 2890 3363 quilms
2919 3293 3066 3348 nullo
3099 3305 3300 3362 genere
3322 3292 3536 3348 ostendi
3575 3307 3648 3362 po

2074 3391 2176 3439 test
2219 3386 2362 3454 quod
2416 3387 2714 3441 secundum
2774 3386 3090 3456 Scripturas
3139 3397 3356 3442 nostras
3389 3400 3672 3458 nunquam

2069 3476 2252 3531 szeculi
2299 3477 2424 3532 linis
2472 3477 2689 3533 futurus
2736 3479 2826 3533 sit.
2868 3497 2886 3530 ι

1621 3591 2190 3647 ΙΝΤΕΒΡΒΕΤΔΤΙΟ
2231 3591 2494 3647 HUETII.

447 3688 748 3743 Punientur
779 3697 960 3744 autem
989 3701 1179 3742 eorum
1205 3688 1703 3758 peccataquitunc
1728 3697 1886 3740 erunt
1923 3725 1936 3746 ,
1963 3699 2068 3738 non
2099 3699 2194 3754 per
2225 3686 2602 3754 migrationem
2639 3701 2668 3740 e
2691 3703 2920 3757 corpore
2953 3688 3005 3741 in
3037 3704 3234 3758 corpus
3276 3707 3290 3744 :
3325 3707 3448 3746 nam
3494 3693 3540 3745 si
3576 3693 3645 3746 ad

377 3761 484 3815 huc
509 3769 798 3827 peccantes
830 3756 1448 3830 (leprelieiiduiittir,_vel
1495 3757 1605 3810 alio
1643 3770 1822 3830 poena:
1868 3770 2068 3824 genere
2102 3766 2290 3830 postea
2344 3756 2796 3830 punientur-iac
2823 3761 2940 3813 dna:
2982 3756 3209 3827 proin—de
3249 3763 3534 3830 generales
3567 3777 3674 3830 pu-

373 3826 557 3883 niendi
600 3831 842 3884 rationes
874 3839 1070 3899 erunt;
1115 3829 1202 3880 illa
1221 3826 1449 3899 quidem
1485 3841 1583 3895 per
1612 3827 1902 3899 transitum
1929 3841 1958 3880 e
1989 3841 2222 3899 corpore
2253 3826 2306 3879 in
2359 3841 2559 3896 corpus
2599 3843 2611 3892 ;
2649 3829 2738 3881 illa
2764 3845 2892 3883 vero
2923 3826 3076 3883 extra
3131 3826 3299 3884 hocce
3338 3849 3534 3899 corpus
3555 3826 3581 3896 ς’
3607 3848 3673 3888 ac

375 3901 592 3953 illarum
625 3915 823 3954 causas
851 3911 905 3954 et
953 3898 1300 3970 differentias
1360 3907 1705 3970 exponant:
1744 3897 1832 3970 vel
1876 3911 1982 3948 non
2023 3897 2360 3970 punientur,
2412 3899 2566 3965 quasi
2613 3912 2836 3968 peccata
2885 3917 2980 3952 sua
3031 3902 3315 3954 confestim
3374 3897 3676 3970 adiecerint

373 3971 471 4038 qui
506 3973 558 4023 in
599 3972 1070 4025 consummatione
1095 3965 1716 4042 [tterittt_ti_epreliensi;
1751 3965 2036 4042 ve|,_quod
2097 3967 2288 4042 melius
2315 3975 2575 4042 esAt,_una
2613 3965 2830 4022 tantum
2881 3973 3093 4024 ratione
3127 3965 3456 4038 plectuntur;
3491 3975 3580 4042 qui
3614 3975 3668 4027 in

375 4035 606 4109 corpore
637 4049 1025 4108 peccaverunt,
1059 4053 1254 4108 pinnas
1289 4037 1542 4109 videlicet
1565 4047 1722 4092 extra
1751 4035 1990 4109 illud,pet
2017 4045 2187 4109 extra
2211 4039 2338 4109 vita:
2369 4037 2530 4109 hujus
2573 4047 2774 4092 statum
2805 4055 2872 4093 ex
2920 4035 3275 4107 peccator-mn
3307 4035 3528 4094 suorum
3561 4059 3674 4095 me-

375 4105 486 4164 rito
513 4105 730 4165 dantes.
769 4105 1206 4180 Unumquodque
1227 4119 1408 4161 autem
1447 4108 1690 4180 illorum,
1727 4119 1784 4160 ut
1820 4105 2273 4180 facileintelfigit
2303 4108 2556 4180 quisquis
2583 4125 2670 4163 res
2703 4105 3066 4178 introspicere
3101 4123 3298 4179 potest,
3340 4112 3672 4166 sententiam

373 4181 446 4234 de
481 4181 805 4250 migratione
841 4175 1144 4234 animarum
1186 4194 1220 4250 re
1263 4193 1500 4250 corpore
1551 4179 1603 4232 in
1638 4191 1838 4246 corpus
1873 4175 2116 4250 funditus
2171 4177 2667 4250 lahef'actat.Quod
2706 4183 2750 4234 si
2803 4175 2892 4248 qui
2940 4175 3224 4234 transitum
3262 4184 3567 4234 animarum
3617 4185 3672 4235 in

373 4252 528 4304 varia
562 4247 792 4318 corpora
832 4252 1094 4305 invehunt
1122 4249 1352 4312 ethnici,
1405 4257 1593 4317 utpote
1639 4257 2006 4318 consentanea
2047 4247 2310 4318 doctrina:
2355 4249 2481 4302 huic
2529 4247 2858 4312 astruentes,
2907 4253 3088 4304 mundi
3144 4253 3422 4304 interitum
3477 4267 3670 4305 neces-

375 4325 521 4376 sario
547 4315 1262 4387 non-admittunt,superest
1287 4328 1354 4391 _ut
1377 4315 1668 4388 postquam
1701 4315 2007 4391 scripturis
2043 4317 2230 4370 mundi
2261 4331 2515 4391 occasum
2541 4323 2920 4376 asserentihus
2945 4323 3119 4388 palam
3159 4323 3416 4391 refragati
3445 4321 3666 4383 fuerint,

372 4391 460 4445 vel
495 4391 656 4446 fidem
689 4393 756 4446 iis
795 4407 900 4462 neu
935 4391 1190 4462 habeant,
1219 4389 1302 4442 vel
1351 4391 1518 4442 verba
1557 4389 1837 4462 reperiant
1859 4388 2058 4462 quibus
2103 4401 2167 4442 ea
2199 4402 2322 4457 qua:
2368 4388 2436 4442 ad
2472 4393 3008 4446 consummationem
3065 4388 3339 4461 pertinent
3361 4435 3374 4458 ,
3401 4393 3673 4462 eXplicare

373 4466 601 4532 possint,
629 4464 772 4530 quod
801 4461 984 4516 facere
1015 4461 1330 4529 neutiquam
1359 4469 1638 4528 poterunt,
1672 4459 1892 4512 etiamsi
1919 4457 2114 4512 velint.

445 4575 774 4631 PAMPHILUS.
809 4577 884 4631 De
913 4576 1102 4632 eadem
1153 4591 1230 4644 re,
1280 4591 1345 4630 ex
1371 4576 1508 4632 libro
1552 4575 1630 4630 De
1665 4575 1967 4630 Proverbiis
2001 4579 2045 4634 D
2075 4585 2248 4648 plura:
2275 4587 2480 4632 sancta:
2522 4579 2906 4634 occasionibus
2931 4620 2945 4644 ,
2991 4594 3097 4634 non
3137 4580 3504 4651 intelligentes
3539 4597 3675 4652 quo-

374 4667 700 4723 Salomonis.

445 4761 737 4816 ORIGENES.
765 4759 842 4832 (7)
871 4777 888 4811 σ
919 4761 1146 4816 Videtur
1165 4773 1344 4816 autem
1371 4761 1502 4815 mihi
1526 4771 1580 4816 et
1609 4761 1697 4815 illa
1731 4762 1966 4817 assertio

373 4867 494 4920 quae
528 4851 910 4906 transformari
935 4853 1150 4908 animus
1179 4854 1244 4908 de
1275 4854 1599 4922 corporibus
1627 4853 1678 4906 in
1712 4853 1816 4907 alia
1841 4869 1964 4908 cor-

371 4957 502 5011 pora
537 4951 830 5008 asseverat,
864 4944 1178 5014 pervenisse
1215 4946 1380 4999 etiam
1432 4945 1486 4998 in
1519 4945 1728 5014 aliquos
1768 4961 1960 5001 eorum

371 5033 464 5103 qui
517 5031 736 5089 Christo
765 5035 992 5090 credere
1043 5034 1318 5099 videntur,
1349 5049 1416 5089 ex
1445 5033 1768 5103 quibusdam
1805 5035 1960 5090 Scri-

441 5149 486 5181 ⁸¹
511 5149 645 5205 Luc.
675 5165 831 5215 xvm,
865 5148 920 5204 8.
995 5149 1041 5181 ⁸⁵
1065 5147 1257 5202 Matth.
1287 5163 1434 5212 xxiv,
1468 5148 1558 5203 57.

445 5244 632 5318 (2)-Ει
661 5246 1100 5318 posteaquamAde
1136 5245 1430 5315 Srripturis
1472 5245 1662 5318 multo
1685 5245 1959 5318 disseruit,

371 5315 477 5372 etc.
521 5315 682 5371 Certe
726 5329 960 5386 sequens
1005 5315 1258 5387 Origenis
1299 5326 1603 5387 contextus
1652 5316 1968 5373 immediate

373 5391 607 5458 priorem
636 5385 882 5456 sequitur
917 5387 971 5441 in
995 5385 1214 5443 Graeco:
1242 5385 1484 5458 adeoque
1511 5386 1654 5441 inter
1679 5395 1968 5458 utrumque

371 5455 508 5512 nihil
543 5459 610 5510 de
635 5455 934 5526 Scripturis
965 5459 1224 5512 disseruit
1251 5455 1534 5525 Origenes.

448 5528 551 5597 (Ψ)
593 5527 776 5580 Rufini
811 5529 1216 5597 interpretatio.

469 5594 540 5660 5i
567 5598 645 5651 Ex
673 5598 767 5652 lib.
803 5612 906 5650 xm
930 5594 1225 5652 Comment.
1248 5597 1302 5649 in
1339 5594 1674 5660 Matt/ticum,
1709 5613 1860 5654 num.
1903 5597 1956 5656 1.

469 5603 501 5652 5
567 5603 645 5651 Ex
673 5603 767 5652 lib.
803 5612 906 5650 xm
930 5603 1225 5652 Comment.
1248 5603 1302 5649 in
1339 5603 1674 5660 Mattha'um,
1709 5613 1860 5654 num.
1903 5603 1956 5656 1.

443 5603 523 5750 ω
564 5667 656 5749 Sic
679 5682 871 5723 omnes
918 5683 1049 5722 mss.
1083 5670 1152 5747 A_t
1187 5681 1316 5750 vero
1342 5667 1470 5750 editi
1499 5705 1513 5727 ,
1556 5683 1658 5720 non
1678 5677 1961 5750 transmu-

373 5737 509 5791 tatio
526 5740 826 5792 animarum
861 5755 879 5791 :
917 5754 1020 5791 non
1042 5739 1180 5791 enim
1206 5741 1324 5806 jam
1360 5737 1428 5806 ad
1458 5743 1780 5805 peccandum
1817 5739 1963 5792 locus

371 5809 492 5872 erit,
527 5819 634 5863 etc.
663 5807 904 5862 Notanda
935 5809 1113 5862 ltufini
1147 5805 1460 5875 interpretis
1493 5807 1714 5874 perfidia
1749 5808 1840 5875 qui
1875 5807 1964 5862 hic

373 5881 640 5947 reddidit,
672 5893 774 5934 non
807 5881 943 5936 enim
1004 5879 1109 5940 iam
1144 5877 1212 5932 ad
1252 5883 1578 5946 peccantium
1633 5887 1779 5930 locus
1832 5879 1961 5948 erit,

2080 4669 2242 4722 modo
2267 4667 2494 4740 intelligi
2525 4668 2760 4724 debeant
2797 4685 2918 4739 qua:
2957 4673 3160 4742 scripta
3195 4681 3342 4726 sunt.
3374 4673 3491 4727 Non
3526 4675 3673 4728 enim

2077 4759 2368 4813 advertunt
2395 4761 2667 4829 quomodo
2701 4761 2862 4815 homo
2912 4761 3181 4816 efﬁciatur
3210 4763 3287 4833 (8)
3323 4773 3415 4816 aut
3460 4764 3670 4832 pullus,

2075 4859 2169 4902 aut
2209 4865 2401 4918 equus,
2448 4860 2542 4904 aut
2590 4851 2888 4918 mulus;et
2935 4864 3268 4922 putaverunt
3320 4855 3676 4910 transmutari

2070 4939 2366 4996 humanam
2397 4945 2636 4997 animam
2672 4945 2726 4998 in
2756 4947 3022 5014 pecudum
3055 4961 3310 5014 corpora,
3345 4955 3404 4999 ut
3433 4945 3674 5000 mstima-

2070 5037 2360 5106 rentquod
2391 5036 2684 5106 aliquando
2733 5039 3008 5109 serpentis
3045 5039 3278 5107 suscipit
3331 5053 3552 5108 corpus,
3589 5017 3677 5092 vel

2074 5265 2198 5304 cum
2230 5251 2496 5305 habeatur
2523 5252 2577 5306 in
2631 5252 2846 5316 Graeco,
2890 5252 2940 5303 εἰ
2981 5249 3090 5321 γὰρ
3135 5248 3214 5302 ἔτι
3266 5245 3678 5321 ἁμαρτάνοντες

2073 5322 2620 5443 ἑταράλαμϐάνονται,
2658 5341 2778 5377 nam
2815 5325 2860 5376 si
2888 5319 3355 5388 adhuc'peccantes
3389 5319 3676 5372 deurchen‘

2114 5407 2296 5444 untur.

2114 5409 2419 5532 “(girl-idid,
2449 5478 2568 5533 qua:
2597 5464 2652 5517 in
2675 5463 2774 5516 hoc
2801 5477 2991 5530 corpus
3026 5469 3322 5529 gesserunt.
3366 5455 3490 5513 Mss.
3524 5467 3584 5510 ut
3613 5458 3674 5512 in

2073 5539 2336 5672 ιεῖθιςθιιτι
2367 5617 2500 5672 mss.
2531 5602 2725 5656 nostri.
2755 5602 2896 5656 Eiliti
2926 5614 3086 5672 vero,
3135 5597 3227 5672 qui
3254 5603 3363 5651 hare
3393 5595 3598 5672 uolunt.

2142 5669 2218 5740 (7)
2251 5673 2321 5725 Ex
2357 5671 2652 5724 Comment.
2703 5672 2760 5725 in
2811 5669 3096 5724 Proverbia
3131 5669 3454 5721 Salomonis.

2142 5731 2465 5812 (8)70mnes
2501 5756 2642 5812 mss.
2661 5744 2834 5796 nostri
2863 5741 3082 5812 habent,
3109 5747 3204 5789 aut
3231 5741 3432 5812 pulvis;
3457 5731 3551 5786 sed
3585 5741 3674 5786 ta:-

2073 5805 2211 5868 me'n'
2234 5810 2522 5882 legendum
2557 5811 2776 5867 videtur
2807 5825 2930 5868 cum
2955 5805 3142 5872 editis,
3175 5805 3268 5862 aut
3301 5805 3498 5862 vultus.
