4162 6440
519 375 629 436 MS

1771 365 1831 420 Β.
1872 361 2198 420 PAlﬂ’lliLl
2239 359 2593 426 MARTYLIS

3702 358 3810 415 616

520 494 745 562 vipera,
775 484 1071 558 aliquando
1104 484 1253 556 equi,
1277 481 1363 539 vel
1395 481 1727 552 reliquorum
1766 480 2105 535 animalium.
2138 486 2183 547 Α
2214 488 2323 543 tam
2346 478 2654 532 dmmonum
2701 481 2933 539 naturae.
2966 487 3134 546 quam
3162 473 3404 533 humano
3439 473 3654 559 generi,
3681 489 3811 545 pec-

521 584 643 640 .lam
663 598 791 652 ergo
821 592 1167 648 consequens
1188 585 1277 632 est
1314 585 1371 631 et
1403 576 1505 630 hoc
1527 574 1649 630 iiios
1676 573 1864 628 dicere
1887 572 2111 638 debere,
2146 618 2153 623 .

521 676 664 747 quod
682 673 949 733 diabolus,
968 671 1059 739 qui
1078 671 1160 725 leo
1174 670 1227 725 in
1247 667 1545 737 Scriptnris
1556 666 1755 721 dicitur
1771 664 1841 730 ⁸³,
1855 678 2107 734 corpore,

522 769 694 824 leonis
723 775 927 826 utatur,
956 774 1050 818 aut
1078 762 1329 817 draconis
1351 759 1632 822 carnibus,
1669 772 1790 813 cum
1816 757 1983 811 draco
2006 770 2110 811 ηοη

521 861 760 914 minatur
786 858 853 912 “.
889 858 964 911 lts
1005 854 1113 910 erit
1138 863 1203 907 ut
1228 852 1527 908 secundum
1565 850 1685 906 illos
1718 849 2108 905 transmutatio

523 951 625 1005 ista
647 951 953 1005 animarum
975 945 1327 1016 perveniatet
1352 945 1404 998 in
1426 944 1733 999 demortua)
1750 952 2022 1006 naturam,
2049 950 2111 994 ut

519 1041 902 1110 sitaliqnando
946 1038 1027 1093 vel
1078 1038 1161 1092 leo
1191 1034 1276 1090 vel
1310 1036 1475 1091 draco
1516 1034 1758 1090 animata
1794 1031 2107 1105 babens{9)

517 1131 817 1195 diabolum.
862 1148 882 1187 ι

590 1222 920 1276 ΡΑκριιιιυε.
943 1220 1015 1276 Et
1047 1220 1210 1289 paulo
1241 1228 1394 1290 post:

590 1311 883 1367 ORIGENES.
907 1329 925 1362 c
966 1311 1072 1365 Sed
1096 1310 1380 1379 superﬂua:
1412 1317 1542 1365 sunt
1572 1308 1691 1365 ista
1719 1320 1912 1362 omnes
1946 1304 2102 1359 adin-

517 1405 825 1460 ventiones.
875 1402 1218 1458 Manifestum
1266 1411 1355 1457 est
1400 1403 1545 1455 enim
1581 1401 1728 1470 quod
1780 1411 1889 1452 una
1936 1409 2104 1467 perna

2219 578 2466 627 satorum
2502 582 2535 623 s
2565 565 2796 623 Domino
2818 565 3085 637 praefinita
3107 565 3205 633 sit,
3225 566 3316 621 illa
3351 554 3519 637 quam
3548 566 3811 627 Dominus

2217 662 2332 733 ipse
2364 675 2461 725 sua
2492 661 2766 723 sententia
2800 659 3110 729 designavit
3147 660 3337 715 dicens
3369 675 3385 713 :
3424 657 3508 723 Its
3540 659 3597 713 in
3635 660 3812 728 igneus

2214 764 2494 817 internum,
2525 751 2639 821 (10)
2672 768 2826 824 quem
2849 752 3169 821 preparavit
3209 749 3352 807 Deus
3392 750 3606 811 diabolo
3629 761 3679 805 et
3708 767 3811 807 an-

2211 844 2341 915 gelis
2367 845 2484 914 ejus
2506 841 2633 885 ⁸⁵-⁸⁶
2660 858 2676 895 :
2708 842 3002 898 ostendens
3031 841 3159 912 quia
3174 840 3363 896 eadem
3381 840 3597 911 species
3622 854 3814 913 poena-

2209 951 2330 995 rum
2362 934 2746 1005 peccatoribus
2776 933 3112 1000 hominibus,
3142 940 3198 999 et
3243 932 3483 998 diabolo,
3517 941 3571 986 et
3599 930 3810 1005 angelis

2209 1028 2330 1099 eius
2358 1035 2664 1099 praeparata
2686 1026 2779 1089 sit,
2804 1024 2932 1079 licet
2957 1023 3016 1079 in
3061 1024 3254 1079 eadem
3292 1038 3455 1093 poena
3492 1023 3708 1079 diversa
3740 1023 3813 1077 sit

2210 1118 2490 1188 quantitas
2518 1130 2717 1186 paenae.
2757 1116 2917 1171 Alius
2959 1116 3105 1171 enim
3155 1115 3378 1186 gravius
3417 1129 3483 1169 ac
3515 1118 3811 1170 vehemen-

2210 1209 2319 1264 tius
2364 1208 2649 1267 cruciatur
2695 1221 2793 1276 pro
2832 1206 3205 1279 magnitudine
3248 1214 3637 1277 peccatorum,
3670 1206 3811 1260 alius

2213 1310 2394 1357 autem
2424 1301 2731 1367 remissius,
2765 1299 2877 1370 (11)
2905 1299 3062 1371 cujus
3102 1299 3304 1355 leviora
3334 1307 3389 1353 et
3418 1298 3665 1354 faciliora
3686 1312 3807 1367 pec-

2213 1404 2334 1451 cata
2359 1402 2508 1450 sunt.
2545 1412 2565 1445 1

1593 1758 2031 1850 RUFlNI
2111 1751 2721 1845 EPILOGUS

1129 1953 1199 2008 IN
1235 1949 1779 2013 APODOGETICUM
1818 1949 1879 2006 s.
1916 1945 2245 2005 rauenna
2285 1920 2647 2010 inmitius
2683 1944 2775 2009 AD
2813 1942 3205 2013 MACABIUM,

2117 2119 2213 2159 SEU

1202 2264 1426 2341 LIBER
1470 2261 1567 2319 DE
1604 2257 2108 2321 ADULTERATIC

2209 2258 2240 2314 Ε
2280 2256 2683 2314 LIBRORUH
2721 2255 3110 2315 θιησεΝιδ.

582 2558 642 2625 In
670 2561 756 2625 his
777 2573 899 2630 quae
930 2559 983 2614 in
1024 2557 1291 2626 superiori
1314 2557 1455 2613 libro
1502 2558 1799 2617 secundum
1833 2546 2101 2631 Apologé-
2134 2566 2177 2623 Β
2206 2558 2492 2615 audientes
2524 2557 2580 2614 id
2635 2557 2780 2629 quod
2814 2572 3004 2617 verum
3050 2564 3175 2624 est,
3209 2566 3266 2615 et
3310 2558 3454 2629 quod
3503 2559 3620 2629 ipsa
3666 2559 3809 2616 ratio

513 2654 680 2719 ticum
708 2653 883 2715 sancti
911 2652 1170 2724 martyris
1199 2649 1500 2723 Pamphili,
1530 2665 1689 2719 quem
1738 2666 1838 2723 pro
1871 2652 2104 2722 Origene

513 2744 706 2805 Graeco
738 2757 993 2801 sermone
1024 2741 1218 2805 edidit,
1250 2750 1412 2810 prout
1447 2742 1742 2812 pctuimus,
1763 2742 1846 2798 vel
1894 2758 1982 2798 res
2010 2757 2104 2813 po-

510 2837 709 2908 poscit,
765 2833 959 2891 Latino
991 2847 1245 2889 sermone
1297 2832 1641 2904 digessimus,
1691 2834 1806 2906 (1%)
1843 2834 1970 2894 illud
2020 2846 2106 2890 est

510 2925 656 2996 quod
682 2935 750 2990 te,
783 2924 1175 2981 desideriorum
1208 2922 1313 2987 vir,
1348 2922 1574 2991 Macari,
1608 2924 1947 2987 admonitum
1984 2938 2104 2989 esse

511 3018 654 3083 volo,
687 3027 750 3073 ut
796 3016 942 3073 scias
982 3017 1124 3072 hanc
1177 3016 1394 3085 quidem
1433 3016 1554 3075 lidei
1618 3015 1897 3087 regulam,
1939 3031 2102 3083 quam

509 3111 578 3167 de
602 3108 757 3167 libris
788 3106 907 3175 ejus
936 3120 1101 3177 supra
1158 3105 1539 3179 exposuimus,
1576 3120 1698 3165 esse
1732 3121 1855 3175 quae
1893 3115 1952 3161 et
1981 3121 2101 3161 am.

513 3199 799 3271 plectenda
830 3201 908 3257 sit
938 3209 994 3256 et
1018 3199 1274 3259 tenenda.
1316 3197 1376 3255 ln
1407 3198 1662 3262 omnibus
1705 3199 1850 3259 enim
1886 3198 1974 3257 his
2011 3213 2106 3254 ea,

512 3288 773 3349 .tholicum
793 3290 974 3346 inesse
1003 3304 1221 3345 sensum
1246 3288 1528 3347 evidenter
1557 3290 1839 3357 probatur.
1869 3287 2101 3349 luveniri

506 3380 769 3436 tamenin
809 3380 926 3448 ejus
955 3379 1111 3434 libris
1150 3377 1398 3448 quaedam
1432 3377 1499 3432 ab
1541 3377 1625 3441 his
1656 3393 1763 3430 nun
1814 3375 1991 3432 solum
2023 3376 2105 3429 di-

507 3485 688 3534 versa,
712 3470 805 3525 sed
829 3484 1221 3539 nonnunquam
1254 3468 1417 3522 etiam
1468 3466 1768 3531 contraria,
1794 3475 1849 3521 et
1880 3482 1943 3521 ea
1983 3481 2103 3537 quae

507 3562 761 3619 veritatis
809 3561 998 3633 regula
1051 3576 1157 3616 non
1212 3560 1451 3614 admittit
1490 3559 1599 3630 (l5)
1655 3573 1923 3628 agnosce,
1981 3574 2103 3628 quae

509 3669 613 3710 uos
642 3668 856 3724 quoque
890 3667 991 3708 nec
1016 3652 1333 3721 recipimus,
1371 3664 1470 3705 nec
1510 3651 1821 3721 probamus.
1851 3648 1961 3705 Sed
2002 3651 2102 3705 hoc

510 3749 654 3809 unde
701 3746 996 3810 acciderit,
1030 3745 1342 3816 opinionem
1374 3759 1494 3813 quae
1533 3746 1599 3799 ad
1633 3760 1732 3805 nos
1772 3760 1945 3819 usque
1970 3759 2098 3813 per-

515 3841 682 3906 venit,
714 3855 783 3896 ne
805 3855 834 3893 a
868 3850 918 3894 te
946 3839 1188 3909 quidem,
1223 3838 1310 3892 vel
1354 3839 1424 3895 ab
1471 3839 1557 3899 bis
1602 3839 1694 3908 qui
1733 3838 1878 3906 quod
1912 3853 2099 3891 verum

2206 2648 2436 2715 indicat,
2468 2651 2848 2720 acquiescant,
2885 2659 2944 2708 et
2984 2649 3327 2709 obtrectandi
3356 2653 3536 2706 studio
3563 2651 3675 2722 (li)
3699 2668 3806 2708 non

2205 2741 2438 2819 quodvis
2487 2742 2680 2796 malint
2726 2757 2915 2796 verum
2957 2755 3081 2797 esse
3113 2758 3277 2815 quam
3326 2743 3379 2797 id
3409 2744 3551 2813 quod
3586 2745 3667 2798 eis
3709 2744 3809 2798 ob-

2204 2830 2475 2885 trectandi
2505 2832 2791 2890 materiam
2818 2832 3068 2903 perimat.
3094 2833 3336 2897 Dubitari
3373 2849 3478 2887 non
3504 2843 3635 2902 puto
3658 2833 3807 2903 (ιιιοὰ

2206 2923 2310 2978 hoc
2350 2922 2498 2977 nullo
2526 2936 2729 2993 genere
2772 2923 2887 2977 fieri
2921 2925 3114 2995 potuit,
3162 2933 3221 2978 ut
3267 2926 3353 2979 vir
3386 2934 3494 2990 tam
3536 2925 3807 2995 eruditus,

2209 3022 2316 3068 tam
2355 3015 2615 3084 prudens,
2644 3023 2700 3073 et
2729 3022 2874 3070 certe
2911 3015 3075 3086 (quod
3130 3016 3414 3089 indulgere
3434 3017 3599 3073 etiam
3642 3031 3809 3071 accu-

2207 3114 2416 3160 satores
2455 3109 2572 3176 ejus
2617 3104 2863 3177 possunt)
2899 3109 2983 3163 vir
3030 3106 3121 3177 qui
3154 3122 3329 3177 neque
3360 3107 3591 3171 stultus,
3630 3120 3809 3176 neque

2207 3197 2435 3253 insanus
2493 3198 2676 3266 fuerit,
2714 3199 2829 3269 ipse
2876 3199 2983 3253 sibi
3031 3201 3306 3259 contraria
3337 3210 3392 3256 et
3448 3200 3806 3269 repugnantia

2207 3289 2320 3343 suis
2354 3289 2640 3345 sententiis
2688 3292 2975 3349 scriberet.
3013 3292 3123 3346 Aut
3166 3293 3329 3347 etiam
3376 3292 3421 3347 si
3463 3292 3569 3348 ullo
3605 3306 3807 3363 genere

2205 3383 2571 3439 concedamus
2615 3384 2719 3440 hoc
2786 3385 3038 3441 accidere
3099 3386 3343 3454 potuisse
3394 3384 3508 3458 (l5)
3559 3385 3810 3440 fortassis

2205 3474 2349 3527 enim
2378 3473 2509 3528 dicit
2539 3474 2758 3544 aliquis,
2789 3475 2915 3546 quia
2949 3489 3013 3530 ea
3042 3490 3162 3546 quae
3190 3477 3241 3530 in
3271 3476 3445 3545 prima
3474 3485 3636 3531 aetate
3670 3489 3805 3531 con-

2207 3565 2449 3634 scripsit,
2478 3574 2656 3635 potest
2686 3565 2801 3621 fieri
2844 3576 2904 3621 ut
2945 3566 3364 3621 oblivisceretur
3397 3567 3450 3622 in
3496 3576 3657 3621 aetate
3690 3581 3814 3623 ver-

2204 3658 2377 3723 genti,
2411 3666 2465 3711 et
2491 3657 2652 3711 aliter
2682 3672 2848 3726 quam
2880 3658 3173 3727 aliquando
3198 3667 3469 3722 senserat,
3506 3667 3631 3727 post
3680 3673 3803 3727 pro-

2205 3747 2395 3818 ferret)
2414 3748 2543 3818 quid
2566 3749 2828 3807 faciemus
2854 3750 3004 3819 quod
3033 3750 3304 3807 interdum
3329 3750 3384 3804 in
3412 3750 3617 3804 eisdem
3650 3749 3804 3817 locis,

2204 3849 2386 3910 atque,
2404 3850 2465 3895 ut
2485 3840 2560 3895 ita
2578 3842 2833 3907 dixerim,
2848 3843 2900 3897 in
2930 3843 3283 3913 consequenti
3303 3858 3443 3912 pene
3459 3843 3659 3911 capite,
3677 3856 3799 3897 sen-

508 3939 594 3989 est
619 3931 765 3987 scire
793 3932 1045 4001 cupiunt,
1072 3929 1237 3985 celari
1270 3929 1413 3997 volo,
1445 3930 1491 3985 si
1518 3930 1610 3999 qui
1639 3937 1816 3985 tamen
1843 3938 1975 3984 sunt
2007 3929 2099 3999 qui
2129 3924 2172 3980 C
2208 3933 2376 3987 tentia
2393 3932 3158 3990 contrariisensusinvenitur
3172 3931 3539 4004 inserta?(l6)
3557 3930 3807 4003 Nunquid

581 4073 629 4108 ⁸⁸
659 4071 805 4131 Psal.
837 4087 929 4139 xc,
957 4073 1059 4140 l3;
1092 4069 1283 4127 lPetr.
1315 4087 1371 4140 ν,
1403 4071 1458 4128 8.
1531 4070 1579 4105 “
1602 4070 1743 4135 Psai.
1775 4086 1895 4136 cm,
1933 4070 2002 4128 16
2037 4086 2053 4138 ;
2089 4071 2108 4125 i

2209 4087 2258 4127 c.
2301 4075 2447 4141 xu,5
2473 4083 2527 4131 et
2560 4089 2683 4145 seq.
2742 4074 2866 4118 ⁸⁸ο⁸⁶
2905 4074 3096 4131 Matth.
3124 4089 3251 4140 xxv,
3277 4073 3369 4130 41.

581 4193 663 4264 (9)
696 4190 794 4246 bis.
848 4187 1194 4264 Corbeiensis
1226 4228 1242 4252 ,
1274 4197 1328 4243 et
1386 4187 1546 4252 editi,
1597 4187 1998 4264 diabolunt;_et
2026 4189 2103 4243 ita

510 4260 798 4336 legendum
854 4261 1067 4315 videtur
1106 4275 1123 4326 ;
1160 4271 1404 4314 attamen
1450 4260 1633 4313 caueri
1678 4274 1809 4313 mss.
1851 4260 2058 4313 habent
2087 4298 2103 4323 ,

509 4335 777 4388 diabolus.

584 4403 697 4475 (l0)
739 4399 1019 4473 Editi,qui
1063 4410 1286 4471 paratus
1330 4408 1406 4454 est
1452 4397 1689 4452 diabolo.
1721 4396 1854 4453 Mss.
1890 4412 2020 4454 vero
2046 4408 2107 4455 ut

511 4474 567 4529 in
596 4474 776 4528 textu.

585 4545 631 4616 (1
647 4543 699 4616 1)
739 4541 882 4616 Mss._
907 4557 1152 4613 quorum,
1191 4540 1354 4616 male.

585 4608 698 4686 (12)
737 4612 883 4686 illud
919 4608 1005 4666 ἐει
1063 4614 1201 4686 quod
1241 4625 1325 4677 te,
1365 4610 1750 4686 desideriorum
1771 4609 1871 4674 uir,
1906 4608 2103 4686 alaea-

513 4678 712 4752 ἠίθιᾲ
750 4678 1111 4754 Hieronymus
1144 4683 1216 4735 lib
1265 4683 1579 4754 tt‘adversus
1607 4678 1863 4754 Rufinum
1891 4681 2106 4754 iubare

512 4750 678 4812 verba
731 4756 813 4808 sic
869 4750 1181 4806 invehitur:
1231 4771 1249 4802 ι
1289 4751 1547 4819 Quamvis
1591 4752 1654 4805 de
1706 4750 1923 4806 Eusebii
1967 4751 2111 4805 libro‘

517 4826 684 4880 multa
738 4823 1096 4885 subtraxerit,
1125 4834 1178 4875 et
1210 4822 1262 4875 in
1297 4823 1491 4875 bonam
1521 4833 1729 4888 partem
1770 4822 1838 4875 de
1880 4819 2017 4874 Filio
2051 4830 2108 4874 et

516 4896 719 4965 Spiritu
750 4903 940 4949 sancto
967 4895 1118 4965 nisus
1151 4894 1220 4946 sit
1247 4901 1604 4965 commutare,
1634 4901 1815 4965 tamen
1848 4892 2029 4965 multa
2051 4893 2108 4946 in

512 4960 605 5023 illo
622 4965 876 5021 scandala
899 4964 1258 5032 reperiuntur,
1276 4970 1330 5015 et
1347 4963 1704 5028 apertissima)
1732 4960 2105 5031 blasphemiae,

514 5052 637 5106 quae
663 5041 763 5090 iste
785 5051 881 5089 sua
913 5048 1110 5106 negare
1137 5048 1240 5106 non
1268 5040 1489 5106 poterit,
1526 5032 1946 5106 catho_lica_esse
1971 5048 2104 5106 pro-

515 5100 791 5161 nuntians.
826 5105 964 5159 Dicit
987 5100 1296 5165 Eusebius,
1321 5103 1450 5165 imo,
1483 5112 1539 5155 ut
1564 5114 1616 5155 tu
1648 5102 1750 5164 vis,
1799 5100 2110 5172 Pamphilus

518 5159 574 5230 in
608 5178 709 5230 isto
730 5175 1020 5235 volumine.
1044 5173 1235 5227 Filium
1258 5159 1806 5239 Patris'miuistrutn;
1840 5159 2107 5241 Spiritum
2140 5159 2187 5221 D

513 5256 763 5302 sanctum
806 5260 911 5301 non
947 5246 1013 5300 de
1050 5244 1240 5298 eadem
1275 5244 1452 5298 Patris
1484 5243 1715 5311 Filiique
1755 5244 2057 5297 substantia
2087 5260 2103 5308 ;

519 5317 727 5370 animas
756 5317 1033 5370 hominum
1064 5315 1244 5383 lapsas
1269 5329 1390 5368 esse
1412 5317 1476 5368 de
1504 5315 1665 5380 coelo,
1691 5323 1745 5367 et
1775 5314 1826 5367 in
1848 5314 1949 5367 hoc
1965 5315 2107 5381 quod

514 5402 702 5441 sumus
725 5387 792 5440 de
809 5386 1012 5453 angelis
1041 5386 1355 5441 commutati
1376 5424 1392 5449 ,
1422 5385 1474 5439 itt
1501 5385 1844 5439 restitutione
1866 5385 2105 5439 omnium

516 5461 750 5525 aequales
782 5467 835 5510 et
868 5456 1088 5525 angelos
1109 5497 1122 5520 ,
1157 5466 1210 5509 et
1249 5456 1544 5519 dmmones,
1577 5465 1631 5508 et
1671 5456 1915 5508 homines
1951 5456 2105 5521 iure;

515 5537 569 5581 et
593 5528 754 5579 multa
790 5527 895 5580 alia
922 5536 1043 5580 tam
1082 5526 1244 5594 impia
1291 5535 1347 5580 et
1380 5526 1622 5593 nefaria,
1653 5540 1771 5593 qua:
1814 5529 1976 5579 etiam
2014 5541 2103 5579 re-

518 5597 721 5667 plicare
751 5598 823 5651 sit
866 5596 1132 5667 criminis.
1168 5594 1307 5661 Quid
1361 5596 1523 5651 faciet
1572 5609 1812 5649 assertor
1850 5595 2102 5665 Origenis

515 5666 571 5721 et
604 5669 871 5736 interpres
920 5666 1236 5736 Pamphili?
1293 5667 1352 5720 Si
1393 5667 1447 5721 in
1498 5666 1583 5721 his
1627 5680 1747 5734 quae
1788 5674 2104 5721 eitiendavrt

518 5747 665 5791 tanta
706 5737 1041 5806 blaSphetuia
1073 5747 1177 5799 est,
1211 5739 1263 5791 in
1299 5736 1404 5797 illis
1436 5752 1555 5806 qua:
1589 5737 1656 5790 ab
1694 5738 1977 5806 haereticis
2002 5736 2108 5788 fal-

517 5818 634 5862 sata
669 5805 951 5877 contingit,
974 5818 1177 5876 quattta
1207 5805 1493 5877 sacrilegia
1525 5806 1871 5862 continentur
1900 5806 1912 5859 l
1942 5805 2108 5876 Cujus

2212 4188 2485 4258 opinionis
2514 4204 2739 4251 causam
2771 4192 2912 4252 hanc
2951 4190 3262 4259 suspicatur
3282 4229 3303 4257 .
3337 4188 3484 4260 quod
3512 4187 3807 4261 virneque

2212 4262 2435 4341 statuis,
2470 4276 2648 4341 neque
2688 4264 2914 4341 insanus
2943 4258 3127 4316 dicere
3161 4261 3265 4318 sibi
3300 4258 3658 4341 repugnantia
3698 4258 3805 4317 non

2212 4331 2468 4398 potuerit.
2518 4331 2585 4387 Et
2625 4347 2693 4387 ne
2745 4332 2975 4387 forsitan
3035 4330 3375 4400 putaremus
3403 4330 3635 4400 diversis
3679 4343 3807 4382 eum

2211 4403 2366 4457 varia
2395 4401 2687 4471 scripsisse
2709 4399 3068 4469 temporibus,
3093 4412 3148 4459 et
3169 4416 3266 4471 pro
3287 4402 3537 4459 aetatibus
3570 4399 3809 4471 edidisse

2212 4469 2523 4535 contraria,
2556 4471 2763 4531 addidit
2793 4488 2806 4523 :
2837 4471 2978 4536 Quid
3014 4469 3245 4540 [acinius
3281 4473 3421 4539 quod
3462 4470 3729 4523 interdum
3751 4469 3809 4540 in

2209 4541 2404 4594 eisdem
2451 4541 2605 4606 locis,
2633 4551 2810 4607 atque,
2838 4552 2897 4595 stt
2942 4538 3021 4593 ita
3069 4542 3295 4596 dixerim
3319 4579 3336 4602 ,
3375 4543 3431 4594 in
3474 4538 3809 4609 consequenti

2209 4626 2340 4678 pene
2381 4614 2581 4720 gapite,
2614 4611 2882 4666 sententia
2929 4614 3187 4667 contrarii
3233 4626 3391 4666 sensu
3429 4611 3811 4673 inuen‘iturin—

2210 4692 2350 4720 uss-In
2447 4700 2467 4720 ι

2210 4692 2350 4739 serta
2378 4692 2403 4737 ἵ
2447 4700 2467 4734 s

2286 4751 2399 4824 (l5)
2439 4751 2697 4822 Agnosce.
2746 4752 2906 4808 Deest
2958 4752 3012 4807 in
3062 4753 3247 4820 editis,
3286 4760 3342 4808 et
3396 4749 3704 4808 restituitur
3739 4764 3810 4805 ex

2212 4840 2346 4880 mss.

2287 4894 2401 4964 (14»)
2428 4892 2503 4948 ita
2530 4894 2682 4961 editi,
2702 4902 2758 4947 et
2776 4894 2858 4948 sic
2881 4893 3160 4961 legendum
3180 4894 3413 4951 videtur.
3439 4893 3581 4964 Mss.
3618 4901 3802 4946 tamen

2210 4963 2389 5032 nostri
2413 4966 2675 5019 omittunt
2702 4981 2828 5027 non,
2856 4976 2912 5017 et
2936 4966 3025 5017 alii
3052 4966 3253 5021 habent
3273 4965 3515 5034 quodvis,
3538 4963 3630 5017 alii
3658 4964 3810 5034 quid-

2212 5039 2311 5091 vis.
2351 5034 2518 5088 Paulo
2538 5045 2660 5104 post
2694 5050 2822 5089 mss.
2854 5036 3118 5103 plerique,
3148 5044 3203 5089 et
3249 5033 3377 5089 editi
3409 5050 3602 5089 omnes
3642 5033 3808 5086 Otltit-

2217 5115 2336 5161 tunt
2359 5113 2408 5158 et
2436 5113 2563 5159 ante
2597 5116 2757 5166 certe,
2795 5108 2888 5159 sed
2923 5118 3073 5160 recte
3118 5105 3422 5160 restituitur
3450 5119 3516 5161 ex
3553 5119 3661 5159 uno
3695 5117 3803 5156 tus.

2287 5174 2399 5248 (15)
2442 5174 2570 5232 Mss.
2609 5178 2779 5248 nostri
2801 5215 2829 5248 ,Α
2848 5175 3095 5244 fortassis
3136 5178 3296 5248 etiarn
3330 5192 3348 5229 :
3383 5177 3481 5248 sed
3516 5174 3801 5248 legendum

2213 5244 2427 5302 videtur
2458 5261 2579 5299 cum
2606 5246 2787 5309 editis,
2806 5245 3048 5314 fortassis
3078 5248 3237 5303 enim.
3264 5245 3434 5300 Paulo
3462 5256 3579 5313 post
3623 5244 3809 5298 Hiero-

2217 5332 2414 5388 nymus
2438 5315 2562 5388 __lib.
2601 5331 2639 5371 ιι
2681 5320 2930 5370 adversus
2969 5316 3266 5386 Ruﬁnum;
3300 5318 3426 5388 quid
3454 5317 3680 5388 [osinius
3701 5323 3808 5388 ,ﬁet

2217 5385 2357 5441 infra
2385 5385 2536 5449 editi,
2562 5390 2830 5442 sententia:
2857 5385 3110 5442 conrarii
3133 5403 3315 5444 sensus
3350 5387 3691 5441 inveniuntur
3714 5387 3802 5438 in-

2216 5458 2343 5512 serti
2376 5471 2396 5510 :
2427 5460 2520 5510 sed
2549 5472 2737 5510 omnes
2768 5473 2894 5512 mss.
2938 5470 2996 5510 ut
3022 5459 3075 5513 in
3113 5468 3279 5514 textu.

2287 5527 2399 5595 (16)
2442 5524 2699 5597 Nunquid
2730 5527 2787 5580 in
2813 5530 2990 5589 eodem
3036 5544 3209 5598 opere,
3235 5539 3366 5595 etc.,
3396 5543 3566 5596 usque
3597 5524 3665 5598 ad
3697 5527 3805 5580 ista

2212 5599 2401 5663 verba,
2432 5596 2591 5667 quem
2631 5600 2790 5667 paulo
2845 5611 2965 5652 ante
3012 5596 3076 5651 de
3117 5600 3230 5663 ipsa
3267 5610 3458 5653 natura
3490 5599 3583 5652 Dei
3622 5596 3806 5650 Patris

2208 5675 2924 5741 pronuntiaveratnatumt
2961 5670 3315 5741 Hieronymus
3350 5670 3445 5723 lib.
3479 5684 3515 5726 tt
3548 5668 3805 5724 adversus

2208 5736 2462 5805 lin/iitum
2495 5753 2513 5791 :
2547 5755 2567 5787 ι
2620 5736 2768 5809 Haec
2790 5739 2958 5805 ipsius
3004 5736 3230 5809 (liulini)
3275 5744 3440 5795 verba
3481 5754 3619 5806 sunt,
3648 5754 3664 5798 ;
3698 5752 3802 5791 nu-

2207 5823 2337 5879 gare
2369 5824 2478 5865 nou
2525 5817 2725 5879 potest.
2750 5807 2882 5865 Nolo
2904 5807 3076 5874 dicas,
3098 5807 3249 5865 verbi
3271 5824 3432 5868 causa
3453 5849 3469 5879 ,
3505 5817 3562 5863 ut
3589 5809 3680 5880 qui
3701 5824 3797 5864 su-
