4162 6440
514 353 619 414 619

1884 359 2115 419 RUFINI
2155 365 2352 420 LIBER

3656 380 3766 436 620

511 489 635 534 ctus
668 479 750 534 vel
788 489 1002 536 creatus
1037 496 1156 536 esse
1182 481 1476 550 dlccrctur,
1500 486 1612 556 (Π)
1639 487 1895 542 continuo
1923 489 2092 556 subji-
2123 497 2168 552 Α
2198 494 2274 545 vit
2304 493 2579 562 angustias
2611 498 2622 549 !
2665 498 2751 549 Ait
2777 499 2918 550 enim
2954 518 2965 552 :
3001 499 3136 566 Quid
3163 513 3236 556 est
3270 505 3410 572 quod
3434 505 3565 558 dixit
3593 505 3767 574 Deus,

511 581 661 626 ceret
699 573 838 627 inter
861 583 1084 628 caeteras
1119 584 1404 630 creaturas
1435 577 1639 632 factum
1671 594 1790 634 esse
1820 579 2084 649 Spiritum

508 673 754 716 sanctum
778 663 801 716 ?
825 673 916 718 aut
948 665 1141 719 iterum
1184 667 1275 735 qui
1316 667 1532 722 Patrem
1581 679 1639 724 et
1693 671 1889 724 Filium
1921 676 2080 730 unius

507 755 840 818 substantia,
867 757 1010 824 quod
1035 755 1223 810 Graece
1255 758 1537 828 ὀμοούσιον
1559 760 1776 826 dicitur,
1827 764 2082 832 designa-

505 846 606 912 vit,
636 846 688 900 in
713 851 1171 918 consequentibus
1203 852 1387 904 statim
1422 852 1681 922 capitulis
1715 853 1940 908 alterius
1963 871 2082 910 esse

502 938 843 1006 substantiae,
888 949 943 994 et
994 951 1234 996 creatum
1269 951 1482 1012 poterat
1530 945 1713 1000 dicere
1760 961 1883 1000 eum
1916 962 2079 1016 quem

501 1035 664 1105 paulo
691 1044 818 1090 ante
842 1035 907 1090 de
938 1035 1052 1103 ipsa
1085 1046 1276 1090 natura
1302 1037 1390 1092 Dei
1417 1037 1593 1092 Patris
1633 1039 2080 1107 pronuntiaverat

500 1128 738 1183 natum?
790 1126 887 1183 Vel
920 1128 1114 1182 iterum
1163 1127 1229 1182 de
1295 1131 1700 1185 resurrectione
1741 1131 1943 1198 carnis,
1985 1133 2076 1201 qui

498 1237 611 1277 tam
651 1220 932 1277 evidenter
958 1221 1328 1290 pronuntiavit
1370 1231 1616 1275 naturam
1659 1223 1842 1278 carnis
1877 1224 1929 1278 in
1960 1239 2076 1279 ca:-

498 1313 609 1367 lum
641 1312 954 1367 ascendisse
1004 1328 1125 1367 cum
1164 1311 1336 1367 Verbo
1369 1313 1484 1378 Dei,
1543 1323 1702 1383 atque
1737 1315 1869 1369 inibi
1906 1316 2078 1372 cale-

497 1407 674 1462 stibus
702 1406 1023 1476 apparuisse
1059 1405 1354 1461 virtutibus
1387 1421 1582 1460 novum
1606 1416 1660 1462 et
1697 1407 2072 1462 admirandum

487 1498 580 1554 eis
631 1498 713 1554 sui
762 1499 934 1552 visum
975 1498 1329 1567 praebentem,
1375 1497 1487 1570 (18)
1535 1499 1790 1569 possibile
1843 1509 1961 1556 erat
2014 1506 2074 1556 ut

493 1594 643 1648 hanc
687 1593 883 1648 iterum
931 1593 1142 1648 diceret
1187 1609 1291 1648 non
1352 1609 1475 1649 esse
1539 1595 1889 1651 salvandam?
1935 1597 2068 1665 Quia

495 1694 626 1748 ergo
653 1678 768 1733 haec
797 1679 1040 1735 incidere
1071 1696 1140 1735 ne
1188 1681 1242 1736 in
1284 1697 1408 1737 eum
1437 1684 1655 1754 quidem
1697 1694 1948 1754 poterant
1977 1686 2068 1756 qui

494 1768 582 1824 vel
634 1776 826 1823 mente
865 1779 1064 1838 motus,
1101 1770 1183 1824 vel
1217 1773 1447 1827 cerebro
1481 1781 1627 1828 esset
1669 1775 1910 1840 insanus,
1940 1777 2068 1846 quid

2189 595 2243 637 ut
2279 603 2343 638 ea:
2371 587 2512 638 omni
2543 589 2684 655 ligno
2733 593 2968 658 paradisi
3020 611 3122 646 non
3173 600 3502 652 manducetis
3523 599 3608 654 Il'1'
3643 599 3770 668 Quo

2185 679 2392 731 scilicet
2431 695 2524 746 per
2567 681 2668 735 hoc
2705 699 2867 750 grave
2915 699 3037 738 esse
3089 703 3413 757 pra-ceptum
3468 691 3560 745 Dei
3616 695 3757 762 apud

2186 770 2458 825 hominem
2518 788 2881 843 conquerens,
2954 779 3452 845 praevaricationem
3507 787 3766 854 praecepti

2183 858 2398 915 facilius
2442 864 2817 927 persuaderet.
2868 865 2993 920 ll:ec
3030 870 3274 938 exempla
3327 872 3494 940 patris
3524 874 3630 940 sui,
3676 885 3800 930 at-'

2181 965 2286 1019 que
2319 953 2458 1006 hanc
2483 961 2655 1006 artem
2692 955 2931 1024 magistri
2975 957 3058 1010 sui
3090 958 3260 1012 secuti
3294 959 3558 1026 haeretici,
3590 977 3756 1032 quos-

2181 1056 2392 1111 cunque
2424 1053 2665 1098 veterum
2707 1047 2964 1100 nobilium
3021 1058 3374 1105 tractatorum
3431 1054 3763 1111 invenerunt

2178 1133 2246 1187 de
2281 1134 2384 1200 his,
2413 1149 2534 1204 quae
2565 1137 2630 1190 ad
2663 1136 2888 1207 gloriam
2937 1139 3029 1193 Dei
3080 1142 3378 1209 pertinent,
3423 1144 3580 1214 plene
3606 1155 3661 1202 et
3698 1147 3758 1202 tia

2178 1223 2369 1280 deliter
2398 1226 2723 1295 disputasse,
2753 1228 2824 1282 ita
2848 1237 2906 1282 ut
2932 1243 2997 1282 ex
3033 1227 3264 1286 lectione
3305 1233 3544 1303 ipsorum
3580 1252 3750 1294 unus-

2176 1317 2404 1386 quisque
2435 1317 2669 1373 fidelium
2696 1319 2960 1389 proiicere
2993 1323 3164 1390 possit
3191 1333 3245 1377 et
3270 1324 3484 1393 instrui,
3517 1343 3622 1382 non
3654 1344 3753 1398 pe-

2175 1418 2469 1477 percerunt
2516 1410 2740 1476 scriptis
2784 1426 2970 1466 eorum
3017 1414 3130 1486 (l9)
3184 1417 3491 1482 dogmatum
3526 1435 3749 1477 suorum

2175 1515 2499 1558 venenatum
2531 1503 2681 1560 virus
2715 1504 3018 1571 infundere,
3063 1509 3178 1564 sive
3219 1511 3595 1581 interpolando
3627 1530 3748 1584 qua:

2173 1596 2441 1661 dixerant,
2471 1596 2585 1653 sive
2610 1612 2731 1667 quae
2761 1614 2864 1653 non
2897 1601 3146 1656 dixerant
3173 1603 3478 1666 inserendo.
3523 1623 3632 1676 quo
3663 1607 3747 1662 fa-

2170 1685 2331 1740 cilius
2363 1686 2616 1742 videlicet
2658 1689 2761 1743 sub
2813 1691 3031 1744 nomine
3079 1692 3377 1750 doctissimi
3409 1695 3666 1768 cujusque
3689 1710 3746 1755 et

2172 1775 2367 1831 nobilis
2406 1776 2548 1831 inter
2580 1779 2872 1848 scriptorcs
2918 1782 3319 1839 ecclesiasticos
3369 1789 3471 1841 viri
3521 1791 3745 1847 haeresis

493 1861 567 1914 sit
593 1860 645 1914 in
665 1875 851 1927 causa,
877 1876 1038 1932 quam
1061 1876 1280 1930 possum
1310 1863 1548 1918 breviter
1566 1865 1826 1921 edocebo.
1853 1867 2062 1934 Quanta
2101 1841 2143 1896 Β
2177 1883 2288 1922 sua:
2331 1875 2666 1923 astrueretnr
2706 1874 2955 1938 assertio,
2995 1889 3060 1928 cx
3093 1890 3158 1929 eo
3202 1880 3341 1945 quod
3384 1879 3455 1933 ita
3508 1883 3746 1940 sensisse

493 1950 565 2005 sit
597 1950 979 2007 haereticorum
1029 1953 1333 2020 temeritas,
1377 1969 1537 2023 quam
1589 1957 1724 2012 nihil
1754 1957 1838 2012 his
1865 1959 2062 2023 sancti,

493 2042 630 2097 nihil
653 2044 805 2113 pensi
835 2044 926 2111 sit,
963 2043 1123 2100 facile
1163 2045 1385 2116 intelligi
1413 2045 1576 2102 datur
1603 2063 1670 2102 ex
1709 2048 1791 2102 his
1810 2063 1929 2117 quae
1952 2047 2060 2104 fre-

491 2145 725 2203 quenter
754 2143 809 2190 et
847 2135 967 2189 ausi
999 2145 1126 2190 sunt
1165 2146 1218 2191 et
1254 2138 1507 2192 convicti.
1558 2136 1690 2191 Nam
1749 2138 1889 2193 sicut
1927 2139 2064 2208 patri

487 2225 732 2294 ipsorum
786 2226 994 2282 diabolo
1044 2228 1111 2283 ab
1141 2228 1298 2282 initio
1339 2228 1532 2284 falsare
1582 2229 1743 2284 verba
1791 2230 1920 2294 Dei,
1973 2241 2060 2284 at-

485 2332 594 2386 que
622 2316 892 2372 inflectere
922 2334 951 2372 a
982 2335 1082 2374 suo
1107 2321 1316 2384 ordine,
1363 2330 1417 2374 et
1457 2319 1542 2374 sui
1587 2319 1786 2374 veneni
1821 2318 2051 2373 interse-

483 2423 611 2464 rere
637 2410 788 2464 virus
814 2411 1051 2465 studium
1109 2411 1210 2466 fuit
1239 2431 1253 2479 ;
1312 2414 1381 2466 ita
1425 2423 1481 2468 et
1515 2413 1631 2468 istis
1654 2412 2062 2468 successoribus

483 2500 600 2555 suis
631 2501 770 2554 hanc
805 2516 915 2555 sua:
951 2503 1085 2557 artis
1111 2503 1478 2558 luereditatem
1537 2503 1774 2572 reliquit.
1822 2504 2060 2574 Denique

474 2607 605 2647 cum
635 2591 856 2647 dixisset
890 2593 1030 2647 Deus
1057 2596 1121 2648 ad
1163 2595 1372 2650 Adam:
1409 2595 1494 2649 Ex
1537 2600 1676 2650 omni
1715 2596 1858 2666 ligno
1893 2614 2057 2664 para-

480 2678 586 2737 disi
612 2685 998 2738 manducabitis
1021 2686 1064 2717 ⁸⁷
1094 2704 1106 2738 :
1138 2685 1227 2740 ille
1250 2702 1374 2740 cum
1403 2686 1565 2741 vellet
1589 2687 1754 2741 Evam
1783 2687 2050 2753 decipere,

469 2771 862 2833 1iberalitalem
912 2777 1000 2832 Dei
1050 2779 1230 2833 omnia
1270 2778 1429 2833 edere
1477 2780 1900 2848 pertnittentem,
1949 2797 2054 2835 una

480 2871 858 2927 tantummodo
898 2871 1180 2942 interjccta
1209 2873 1435 2943 syllaba,
1464 2874 1516 2926 in
1552 2885 1781 2942 quantas
1811 2882 2056 2929 coarcta-

553 2993 596 3024 ⁸⁷
624 2992 820 3049 Genes.
854 3009 914 3056 tt,
944 2992 1033 3048 16.
1107 2993 1153 3024 ⁸⁸
1179 2994 1380 3050 Genes.
1410 3010 1498 3059 ιιι,
1528 2995 1580 3049 l.

477 3112 542 3165 de
569 3109 874 3177 sagelorum
920 3108 1098 3171 ruina,
1127 3109 1192 3161 de
1217 3111 1514 3163 animarum
1549 3110 1725 3176 lapsu,
1772 3112 1836 3166 de
1872 3129 2044 3168 resur-
2073 3119 2114 3175 ο
2149 3110 2392 3173 plurimis
2440 3116 2736 3174 exponatur
2772 3121 2790 3158 :

467 3181 724 3252 'rectienis
748 3178 1053 3252 priestigiis,
1084 3179 1148 3232 de
1179 3182 1396 3252 mundo,
1424 3179 1499 3233 vel
1526 3181 1880 3252 intermundia
1911 3181 2043 3252 Epi-

477 3268 616 3311 curi,
640 3250 704 3302 de
727 3247 1054 3302 restitutione
1087 3252 1318 3302 omnium
1352 3250 1406 3302 in
1445 3251 1700 3317 atqualem
1739 3247 1968 3316 statum,
1997 3263 2046 3305 et

477 3321 645 3375 multo
675 3319 757 3371 his
791 3319 1074 3389 deteriora,
1101 3335 1216 3389 qua:
1243 3319 1457 3388 longum
1499 3333 1632 3372 esset
1677 3333 1924 3387 retexere,
1970 3322 2048 3376 vel

475 3391 553 3443 ita
585 3391 734 3443 vertit
771 3400 824 3440 ut
857 3390 911 3440 in
941 3387 1126 3442 (ἐττει-ὸ
1157 3387 1446 3452 invenerat,
1485 3391 1562 3441 vel
1601 3391 1666 3443 de
1708 3391 2048 3444 Commenta-

476 3460 633 3514 riolis
666 3459 900 3527 Didymi,
927 3460 1016 3524 qui
1049 3457 1292 3530 Origenis
1335 3460 1699 3524 apertissiinus
1737 3477 2043 3530 propugna-

478 3541 566 3583 tor
600 3538 703 3593 est,
744 3539 1061 3598 exaggerata
1106 3541 1154 3582 et
1188 3528 1428 3596 ﬁrmiora
1467 3531 1664 3597 posuit.
1703 3531 1742 3584 E
1773 3528 2046 3586 contrario

477 3614 782 3670 anonymns
822 3607 1012 3670 auctor
1068 3599 1338 3670 Apologia:
1376 3611 1486 3670 pro
1529 3598 1756 3669 Origene
1813 3616 1932 3670 qua:
1979 3603 2046 3656 de

474 3666 746 3723 T'rini't'ate
801 3670 852 3722 in
899 3666 1155 3738 'Origenis
1199 3669 1418 3736 scriptis
1450 3666 1680 3738 legebat,
1729 3684 1790 3724 ea
1831 3666 1946 3726 'non
1977 3673 2046 3726 ab

475 3741 751 3795 ha‘reticis
805 3740 1008 3793 inserta
1067 3754 1209 3810 esse,
1260 3740 1350 3792 sed
1413 3740 1740 3794 catholicum
1803 3741 2048 3810 recipere

460 3825 636 3880 posse
666 3823 883 3864 sensum
910 3809 1304 3874 contendebat;
1339 3820 1531 3863 cmtera
1557 3821 1736 3863 autem
1781 3811 1899 3879 ejus
1921 3809 1929 3810 7
1950 3813 2046 3865 do-

477 3891 662 3950 gmata
692 3881 780 3934 ubi
816 3880 1066 3934 excusari
1096 3895 1201 3933 non
1237 3889 1506 3948 poterant,
1528 3890 1618 3932 aut
1639 3882 2046 3936 exercitationis

475 3966 638 4005 causa
688 3951 757 4004 ab
802 3965 866 4003 eo
913 3950 1122 4020 prolata
1177 3965 1318 4016 esse,
1358 3950 1442 4020 vel
1491 3965 1641 4004 certe
1676 3951 1744 4004 ab
1776 3951 2044 4006 luereticis

475 4021 649 4075 fuisse
681 4023 880 4075 inserta
918 4019 1324 4090 ’pr0pngnabat.
1381 4019 1611 4073 Rufinus
1657 4035 1786 4088 ergo
1824 4023 1892 4074 ab
1941 4023 2045 4075 isto

479 4107 752 4160 anonymo
786 4101 1030 4154 auctore,
1071 4102 1297 4158 uterque
1331 4104 1459 4143 vero
1487 4106 1516 4143 a
1551 4091 1852 4160 Pamphilo,
1878 4092 2046 4146 Euse-

479 4108 620 4146 anon
668 4108 752 4145 lllO
786 4108 1030 4154 aucmre,
1071 4108 1297 4158 uterque
1331 4108 1459 4143 vero
1487 4108 1516 4143 a
1551 4108 1852 4160 rampnuo,
1878 4108 2046 4146 Luse-

476 4163 588 4228 hio,
618 4108 844 4232 gitlymo
867 4172 921 4214 et
946 4160 1278 4231 Hieronymo
1312 4160 1595 4232 refellitur,
1631 4163 1826 4230 quibus
1866 4165 2046 4217 haecce

470 4231 733 4288 librorum
759 4232 1010 4301 Origenis
1039 4231 1366 4285 adulteratio
1386 4246 1450 4284 ne
1481 4231 1531 4284 in
1559 4241 1789 4284 mentem
1825 4233 2043 4299 quidem

466 4305 643 4356 venit.
681 4303 836 4370 Quod
893 4305 968 4354 ait
1019 4315 1323 4371 anonymus
1376 4311 1567 4355 auctor
1621 4303 1892 4370 Apologiw
1946 4318 2043 4370 pro

468 4372 717 4442 Origene,
741 4389 887 4437 eum,
907 4371 1030 4424 dum
1050 4373 1279 4434 viveret,
1299 4371 1560 4438 ejusmodi
1592 4373 2042 4426 adulterationem

465 4442 730 4497 librorum
775 4457 998 4498 suorum
1037 4442 1475 4510 deprehendisse,
1509 4442 1560 4494 id
1588 4442 1857 4509 respicere
1887 4443 2036 4495 vide-

464 4522 556 4566 tur
613 4511 978 4594 Origenisv‘ad
1028 4514 1231 4594 amicos
1287 4511 2037 4594 Alexandrinos;epistolam
2072 4539 2116 4594 Β

462 4599 626 4650 quam
678 4580 836 4652 paulo
890 4581 1030 4636 infra
1083 4582 1287 4650 profert
1346 4581 1590 4634 Rufinus.
1638 4580 1770 4635 Vide
1813 4582 1942 4650 quid
1985 4583 2036 4636 ei

461 4657 790 4721 respondeat
817 4653 1179 4719 Hieronymus
1209 4662 1320 4704 not.
1351 4653 1403 4704 in
1436 4654 1579 4704 hunc
1611 4652 1804 4705 locum.

535 4720 648 4792 (Π)
692 4725 763 4776 Ita
813 4723 964 4784 editi,
1005 4733 1060 4774 et
1112 4722 1471 4790 Hieronymus
1528 4721 1622 4774 lib.
1656 4737 1713 4792 νιι
1785 4720 2035 4792 adversus

455 4786 736 4862 Ruﬁnum.
792 4795 927 4847 Mss.
976 4806 1105 4845 vero
1153 4786 1345 4856 nostri,
1397 4807 1581 4845 rursus
1629 4791 1846 4854 diceret,
1898 4791 2034 4847 alias

456 4862 691 4934 proxime
717 4866 929 4917 diceret.

535 4934 647 5005 (18)
702 4935 834 4988 Mss.
881 4933 1168 5002 plerique,
1221 4931 1542 4997 impossibile
1591 4943 1722 4997 erat,
1773 4939 1878 4985 etc.
1925 4930 2031 4986 Sed

459 5006 616 5064 editi,
653 5016 705 5058 et
735 5020 866 5059 mss.
895 5006 1111 5070 quidam
1149 5005 1344 5056 rectius
1373 5014 1430 5055 ut
1458 5005 1508 5054 in
1548 5011 1716 5055 textu.

527 5075 640 5146 (l9)
687 5077 998 5143 Dogmatum
1050 5090 1289 5126 suorum.
1342 5071 1468 5126 Hzec
1524 5075 1687 5126 verba
1736 5072 1931 5128 desunt
1975 5075 2027 5128 in

434 5147 638 5210 'editis,
668 5156 721 5199 et
756 5147 1116 5200 restituuntur
1147 5160 1214 5197 ex
1249 5159 1384 5197 mss.

525 5215 637 5286 (20)
679 5215 919 5270 Clemens
952 5213 1308 5281 apostolorum
1343 5213 1658 5286 discipulus,
1685 5221 1818 5278 etc.,
1852 5229 2026 5283 usque

449 5285 653 5340 ad'ista
686 5305 700 5340 :
739 5302 801 5339 ne
821 5286 984 5341 simili
1018 5301 1194 5337 causa:
1230 5285 1422 5337 similis
1462 5286 1690 5352 sufﬁciat
1730 5287 2021 5338 excusatio.

447 5355 812 5428 Hieronymus
872 5357 966 5428 lib.
1005 5371 1044 5409 ιι
1107 5355 1353 5408 adversus
1400 5352 1715 5428 diutinum:
1761 5373 1779 5405 ‹
1831 5354 2024 5428 \lidea—

446 5442 571 5480 mus
624 5424 804 5496 tamen
862 5427 1059 5496 quibus
1104 5425 1444 5496 argumentis
1529 5424 1760 5493 probare
1804 5425 2020 5496 nitatur

447 5496 724 5566 (Rufinus)
772 5495 1024 5564 Origenis
1066 5495 1134 5551 ab
1190 5496 1461 5550 tuereticis
1505 5497 1713 5563 scripta
1766 5495 1950 5548 vitiata
2003 5513 2018 5550 :

443 5567 706 5630 Clemens,
763 5570 957 5636 inquit,
1007 5569 1362 5634 apostolorum
1407 5567 1720 5632 discipulus,
1765 5568 1854 5634 qui
1913 5566 2020 5618 Ro-

445 5654 620 5690 mana‘
658 5641 908 5692 Ecclesia:
956 5649 1067 5704 post
1107 5639 1371 5706 apostolos
1400 5639 1673 5706 episcopus
1722 5645 1769 5688 et
1814 5647 2021 5705 martyr

445 5709 572 5777 fuit,
639 5711 796 5762 libros
843 5711 1031 5771 edidit,
1095 5705 1181 5776 qui
1253 5705 1589 5775 appellantur
1663 5705 2017 5774 Ἀναγνωρι-

439 5781 620 5847 agitor,
648 5781 698 5830 id
735 5791 830 5847 est,
869 5779 1184 5847 lieeognitio
1211 5797 1222 5830 :
1261 5780 1316 5829 in
1339 5777 1526 5844 quibus
1552 5791 1669 5827 cum
1696 5793 1761 5830 ea:
1792 5793 2016 5843 persona

431 5844 593 5903 eam
621 5844 842 5920 apostoli
864 5844 1108 5904 doctrina
1132 5849 1282 5922 quasi
1303 5861 1422 5902 vere
1437 5847 2011 5923 apostolicajnjquam-
2055 5918 2095 5925 Ὅ

2168 1961 2334 2015 etiam
2366 1959 2530 2029 aliqui
2564 1961 2630 2017 de
2663 1963 2826 2019 claris
2859 1965 2989 2019 viris
3017 1980 3072 2021 et
3095 1970 3378 2026 catholicis
3400 1972 3738 2031 viderentur.

2169 2052 2234 2106 Et
2265 2053 2458 2106 horum
2489 2053 2962 2111 manifestissimas
3012 2057 3156 2112 inter
3202 2059 3419 2117 Graecos
3449 2064 3738 2133 scriptores

2165 2142 2562 2200 ecclesiasticos
2616 2147 2969 2214 probationes
3032 2156 3296 2207 tenemus.
3366 2153 3433 2207 Et
3490 2157 3740 2224 quamvis

2167 2235 2550 2303 quamplurimi
2601 2236 2711 2290 sint
2757 2253 2823 2292 ex
2875 2242 3151 2297 veteribus
3203 2243 3255 2296 in
3317 2259 3544 2314 quorum
3583 2246 3738 2302 libris

2163 2325 2534 2393 hujuscemodi
2582 2327 3006 2398 deprehenditur
3058 2332 3404 2399 adulterium,
3440 2351 3735 2405 paucorum

2164 2428 2344 2473 tamen
2390 2417 2588 2473 sullicit
2621 2420 2880 2476 adbibere
2914 2422 3247 2489 testimonia,
3277 2440 3345 2480 ex
3375 2429 3568 2494 quibus
3603 2428 3736 2486 faci-

2160 2507 2264 2564 lius
2298 2511 2426 2581 quid
2454 2511 2614 2566 etiam
2646 2511 2894 2585 Origenis
2937 2515 3090 2572 libris
3144 2518 3425 2582 acciderit,
3465 2535 3734 2592 agnosca:

2159 2608 2262 2653 tur.

2235 2691 2350 2762 (20)
2400 2692 2651 2751 Clemens
2695 2695 3059 2766 apostolorum
3113 2700 3429 2769 discipulus,
3475 2704 3565 2773 qui
3619 2706 3732 2759 Ro-

2165 2799 2337 2839 manae
2365 2785 2622 2842 Ecclesia:
2656 2800 2777 2856 post
2812 2792 3084 2860 apostolos
3110 2803 3164 2847 et
3193 2795 3476 2865 episcopus
3507 2805 3561 2850 et
3587 2813 3730 2850 mar-

2165 2885 2253 2947 tyr
2285 2874 2407 2945 fuit,
2437 2876 2603 2934 libros
2620 2880 2808 2949 edidit,
2834 2883 2959 2952 quia
2980 2883 3166 2938 Graece
3189 2885 3532 2956 appellantur
3567 2889 3727 2945 ’Ara-

2839 3111 2891 3163 in
2923 3109 3186 3179 aliquibus
3226 3111 3300 3163 ita
3351 3111 3597 3165 Eunomii
3629 3115 3728 3168 do-

2152 3198 2272 3250 gma
2299 3180 2570 3240 inseritur,
2615 3187 2669 3230 ut
2715 3179 2845 3250 ni_lii_l
2885 3181 3034 3233 aliud
3074 3196 3229 3249 quant
3275 3181 3384 3247 ipse
3429 3182 3725 3239 Eunomius

2151 3246 2420 3315 disputare
2447 3250 2714 3310 credatur,
2743 3246 2944 3302 Filium
2975 3250 3067 3303 Dei
3086 3246 3333 3303 'creatum
3361 3254 3425 3305 de
3450 3253 3606 3306 nullis
3631 3272 3726 3307 ea-

2150 3320 2412 3374 stantibus
2471 3333 2795 3390 asseverans.
2838 3319 2904 3372 Et
2959 3329 3083 3390 post
3136 3321 3262 3386 alia,
3303 3337 3422 3388 qua:
3451 3324 3723 3390 prolixum

2149 3398 2234 3444 est
2262 3390 2502 3442 scribere
2537 3407 2551 3442 :
2599 3387 2761 3452 Quid,
2796 3406 2993 3458 quwso,
3037 3389 3137 3453 ait,
3189 3393 3251 3443 de
3283 3387 3365 3446 liis
3395 3387 3722 3448 sentiendum

2149 3460 2266 3514 est?
2297 3458 2450 3524 Quod
2477 3459 2797 3524 apostolicus
2828 3461 2908 3512 vir
2939 3461 3185 3514 lucretica
3213 3464 3526 3528 scripserit?
3555 3466 3638 3518 An
3664 3465 3720 3518 id

2149 3531 2324 3598 potius
2352 3531 2688 3590 credendum,
2717 3531 2857 3598 quod
2896 3532 3124 3598 perversi
3168 3532 3408 3586 homines
3440 3533 3512 3585 ad
3541 3551 3720 3588 asser-

2150 3601 2342 3652 tionem
2380 3600 2688 3667 dogmatum
2732 3615 2950 3652 suorum
2989 3602 3082 3654 sub
3142 3602 3374 3654 virorum
3412 3613 3719 3658 sanctorum

2150 3670 2376 3730 nomine,
2404 3677 2654 3738 tanquant
2678 3668 2884 3736 [acilius
2916 3671 3197 3732 credenda,
3227 3671 3621 3727 interseruerint
3652 3691 3716 3728 ea

2148 3755 2265 3808 qua:
2290 3739 2368 3791 illi
2397 3755 2489 3792 nec
2521 3739 2744 3791 sensisse
2794 3756 2886 3792 nec
2931 3743 3205 3808 scripsisse
3257 3744 3503 3796 credendi
3543 3755 3664 3798 sunt
3689 3749 3715 3799 l‘

2149 3810 2478 3886 Clementem
2515 3824 2732 3886 quoque
2741 3809 3157 3886 _Alexandrinar
3190 3810 3444 3886 Ecclesiae
3470 3817 3678 3886 presby
3691 3845 3712 3858 ο

2152 3889 2324 3932 termn
2352 3880 2522 3931 virum
2557 3879 2882 3933 catholicum
2922 3879 3115 3934 scribit
3149 3882 3198 3934 in
3226 3881 3376 3937 libris
3399 3879 3512 3937 suis
3545 3879 3714 3938 inter-

2152 3950 2276 4024 dum
2332 3949 2439 4024 Dei
2480 3948 2702 4024 Filiun_1_
2732 3951 2910 4024 dicere
2961 3961 3261 4024 creatum:
3307 3963 3361 4006 et
3396 3955 3709 4024 Dionysium

2147 4020 2530 4072 Alexandrina:
2587 4019 2737 4074 urbis
2784 4021 3116 4088 episcopum,
3172 4022 3343 4074 virum
3404 4019 3710 4079 eruditissi-

2150 4105 2318 4157 mum,
2372 4100 2560 4143 contra
2614 4089 2905 4144 Sabellium
2939 4100 3180 4158 quatuor
3207 4093 3569 4147 voluminibus
3593 4095 3708 4150 dis-

2150 4171 2448 4229 putantem,
2499 4160 2550 4212 in
2587 4160 2847 4213 Arianum
2891 4160 3081 4228 dogma
3134 4161 3332 4216 delabi.
3379 4163 3446 4216 Et
3491 4166 3590 4217 sub
3619 4166 3708 4219 his

2148 4230 2407 4298 esetnplis
2434 4230 2560 4282 illud
2591 4231 2718 4297 agit,
2754 4241 2808 4282 ιιι
2851 4245 2956 4282 non
2998 4231 3398 4287 θροιθπιειδιίοοε
3431 4245 3483 4286 et
3512 4235 3705 4290 catho-

2150 4300 2280 4354 licos
2327 4301 2472 4353 viros
2516 4301 2654 4353 male
2688 4300 2946 4360 sensisse,
2997 4301 3092 4354 sed
3121 4306 3188 4353 ab
3217 4302 3484 4357 haereticis
3517 4320 3704 4359 eorum

2147 4372 2347 4438 scripta
2374 4379 2632 4438 corrupta
2665 4384 2784 4422 esse
2819 4380 3086 4436 testetur;
3117 4380 3172 4424 et
3204 4374 3490 4426 concludat
3512 4376 3578 4427 ad
3607 4391 3706 4429 ett-

2150 4450 2378 4494 tremum
2411 4441 2634 4492 dicens:
2670 4439 2747 4492 De
2778 4440 3002 4508 Origene
3031 4456 3254 4508 quoque,
3294 4444 3346 4495 in
3381 4460 3482 4507 quo
3515 4445 3706 4497 simili-

2146 4521 2243 4576 ter,
2273 4511 2406 4562 utin
2449 4510 2530 4563 Itis
2559 4526 2687 4578 quos
2726 4526 2887 4576 supra
2922 4511 3177 4576 diximus,
3205 4513 3447 4578 qutedam
3478 4516 3700 4568 diversi-

2145 4591 2226 4632 tas
2266 4580 2566 4653 _invenit_ur,
2609 4582 2744 4632 istud
2792 4597 2896 4653 non
2932 4582 3172 4653 su/ﬁciqt
3215 4586 3426 4648 sentire,
3468 4586 3604 4653 quod
3635 4587 3704 4640 de

2143 4650 2504 4723 prwjudicatis
2539 4650 2656 4723 jam
2695 4650 2966 4723 catholicis
3010 4652 3349 4723 sentiturrivel
3385 4650 3705 4723 intelligitur

2143 4723 2287 4784 viris,
2330 4737 2421 4772 nec
2459 4721 2646 4773 similis
2685 4736 2858 4773 causa:
2908 4721 3098 4773 similis
3158 4722 3378 4790 su/ﬁciat
3406 4721 3700 4782 excusatio.

2143 4791 2198 4844 Si
2230 4792 2566 4862 conceditur,
2607 4800 2663 4843 ut
2698 4791 2957 4857 quidquid
2979 4791 3036 4862 in
3071 4793 3222 4846 libris
3268 4795 3508 4848 omnium
3545 4811 3701 4862 repe-

2141 4862 2304 4925 ritur,
2353 4861 2419 4914 ab
2461 4860 2583 4932 aliis
2609 4869 2918 4928 corruptum
2945 4861 3032 4925 sit,
3059 4863 3190 4916 nihil
3212 4877 3397 4916 eorum
3423 4867 3526 4918 erit
3555 4860 3699 4932 quo-

2141 4947 2257 5004 rum
2286 4931 2458 5004 fertur
2490 4930 2796 5004 hominibus
2823 4945 2838 4992 ;
2872 4932 2967 4984 sed
2997 4933 3084 5004 his
3110 4934 3476 5000 deputabitur,
3507 4951 3536 4988 θ
3568 4930 3695 5004 qui-

2137 5001 2240 5055 bus
2283 5002 2484 5055 dicitur
2525 5016 2645 5054 esse
2686 5003 2952 5056 vitiatum.
3005 5003 3324 5070 Quanquam
3372 5015 3428 5058 et
3482 5001 3697 5062 illorum

2136 5087 2244 5144 non
2281 5073 2671 5144 erit,gquorum
2709 5072 2912 5144 incerta
2950 5083 3076 5144 sunt
3131 5074 3387 5129 nomina:
3424 5086 3587 5144 atque
3619 5078 3695 5132 ita

2135 5141 2249 5216 fiet,
2278 5152 2363 5216 ut,
2403 5142 2536 5216 dum
2578 5143 2817 5216 omnium
2849 5143 3033 5216 omnia
3071 5153 3219 5216 sunt,
3272 5144 3406 5199 nihil
3434 5215 3439 5216 ί
3466 5141 3695 5216 alicujus

2134 5212 2224 5264 sit.
2276 5211 2390 5266 Hac
2440 5209 2771 5266 defensionis
2830 5213 3236 5280 perturbatione
3278 5229 3378 5269 nec
3428 5209 3691 5280 Marcion,

2132 5297 2234 5336 nec
2263 5282 2610 5346 Maniclneus,
2643 5296 2743 5335 nec
2770 5281 2952 5349 Arius,
2985 5297 3088 5337 nec
3115 5282 3413 5338 Eunomius
3445 5290 3690 5342 accusari

2131 5362 2422 5425 poterunt;
2454 5353 2590 5425 quia
2611 5352 2871 5425 quidquid
2918 5365 3018 5407 nos
3049 5355 3239 5425 abhis
3288 5355 3451 5425 impie
3484 5361 3687 5411 dictum

2129 5423 2511 5498 objecerimus,
2543 5422 2796 5498 discipuli
2851 5423 3275 5498 respondebunt,
3306 5422 3414 5480 non
3448 5443 3476 5480 a
3517 5429 3690 5498 magi-

2133 5493 2263 5547 stris
2287 5493 2399 5547 suis
2434 5495 2505 5547 ita
2527 5494 2750 5556 editum,
2770 5493 2865 5546 sed
2896 5495 2963 5547 ab
2991 5494 3226 5549 inimicis
3253 5509 3375 5550 esse
3405 5493 3685 5552 violatuin.

2129 5561 2240 5618 Hoc
2272 5579 2468 5631 genere
2511 5573 2567 5616 et
2599 5564 2714 5625 iste
2755 5565 2866 5631 ipse
2893 5573 3016 5617 tuus
3047 5565 3204 5629 liber,
3243 5576 3367 5621 tuus
3410 5583 3516 5622 non
3557 5569 3684 5634 erit,

2127 5636 2220 5688 sed
2249 5634 2472 5686 forsitan
2503 5647 2654 5687 meus
2681 5651 2696 5700 ;
2725 5644 2788 5705 et
2811 5649 2964 5688 meus
2987 5634 3148 5698 liber,
3181 5651 3292 5705 quo
3326 5638 3419 5691 tibi
3452 5652 3686 5691 accusa-

2129 5714 2216 5758 tus
2239 5707 2565 5774 resliondeo,
2601 5705 2727 5759 siiin
2760 5704 2851 5758 illo
2879 5705 3084 5774 aliquid
3109 5704 3544 5773 reprehenderis,
3575 5722 3684 5763 non

2124 5777 2230 5830 erit
2262 5791 2433 5839 meus,
2479 5776 2573 5829 sed
2623 5785 2750 5830 tuus
2783 5789 2813 5828 a
2843 5788 2951 5844 quo
2979 5776 3410 5844 reprehenditur.
3455 5777 3519 5830 Et
3558 5778 3686 5832 dum

2122 5849 2306 5905 omnia
2335 5851 2418 5921 ad
2461 5845 2748 5905 haereticos
2777 5843 2976 5915 refers,
3013 5843 3144 5916 quid
3169 5846 3561 5906 ecclesiasticis
3595 5849 3688 5906 tri-
