4162 6390
378 416 479 472 621

1257 411 1347 467 DE
1386 409 1974 468 ADULTERATIONE
2009 405 2366 467 LIBRORUM
2405 407 2743 467 ORIGENIS.

3518 403 3653 463 621'

382 532 741 603 τνωρισμὸς,
793 531 846 587 id
888 541 991 596 est,
1045 531 1347 602 Recognitio
1377 547 1396 585 :
1427 532 1479 586 in
1511 532 1709 602 quibus
1736 547 1856 587 cum
1887 547 1950 586 ex
1985 542 2032 600 Α
2064 538 2238 585 turam
2277 531 2427 586 dicit.
2480 528 2732 600 Nunquid
2768 526 3053 590 credibilef
3074 535 3159 582 est
3188 526 3253 581 de
3283 532 3434 580 tanto
3481 524 3624 591 viro,

382 639 616 694 persona
647 623 792 680 Petri
821 622 1056 693 apostoli
1095 623 1344 678 doctrina
1375 625 1531 694 quasi
1565 639 1692 679 vere
1739 633 1952 692 aposto-

381 718 484 773 lica
531 717 585 772 in
618 715 1037 786 quamplurimis
1079 725 1407 784 exponatur,
1455 717 1509 770 iu
1563 715 1832 787 aliquibus
1878 717 1953 771 ita

383 809 631 865 Eunomii
657 809 851 878 dogma
883 807 1162 873 inseritur,
1196 817 1254 862 ut
1287 807 1419 863 nihil
1472 807 1620 864 aliud
1676 824 1840 878 quam
1873 809 1954 878 ip-

382 918 441 959 se
472 902 772 958 Eunomius
799 902 1078 971 disputare
1098 901 1377 963 credatur,
1411 899 1612 955 Filium
1661 900 1758 956 Dei
1797 915 1952 956 crea-

383 1004 498 1050 tum
533 996 602 1050 de
629 994 791 1048 nullis
827 993 1170 1049 exstantibus
1194 1007 1541 1048 asseverans.
1596 992 1732 1046 Tum
1759 991 1954 1047 deinde

381 1089 548 1144 etiam
587 1087 718 1142 illud
770 1084 1021 1140 adulterii
1073 1084 1334 1140 inseritur
1389 1099 1579 1155 geuus,
1611 1092 1670 1138 ut
1703 1093 1952 1138 naturam

381 1179 578 1235 diaboli
611 1187 1041 1247 ceterorumque
1089 1177 1396 1232 daemonum
1425 1191 1532 1233 non
1567 1175 1828 1246 propositi
1861 1191 1954 1230 vo-

384 1271 716 1340 luntatisque
745 1267 971 1333 malitia,
995 1269 1089 1324 sed
1127 1277 1356 1338 excepta
1397 1283 1462 1324 ac
1513 1276 1767 1339 separata
1799 1281 1955 1324 crea-

383 1373 520 1417 turae
562 1361 884 1432 produxerit
930 1359 1186 1430 qualitas,
1233 1361 1329 1431 qui
1377 1362 1566 1432 utique
1623 1363 1678 1417 in
1743 1361 1956 1418 ceteris

382 1470 600 1510 omnem
629 1453 1012 1510 rationabilem
1047 1460 1354 1508 creaturam
1407 1453 1653 1510 docuerit
1685 1453 1839 1508 liberi
1868 1467 1956 1507 ar-

384 1547 533 1603 bitrii
565 1546 824 1603 facultate
850 1547 1132 1604 donatam.
1167 1547 1306 1603 Sunt
1334 1548 1501 1601 etiam
1546 1545 1649 1600 alia
1687 1545 1950 1600 nonnulla

384 1640 539 1694 libris
583 1638 701 1707 ejus
745 1638 975 1701 inserta,
1021 1653 1141 1708 quae
1187 1637 1558 1692 ecclesiastica
1613 1637 1798 1707 regula
1837 1651 1954 1692 om-

385 1732 514 1786 nino
541 1746 648 1786 non
677 1730 896 1800 recipit.
925 1730 1089 1798 Quid,
1129 1743 1333 1799 quaeso,
1385 1729 1451 1784 de
1491 1729 1574 1783 his
1607 1727 1953 1784 sentiendum

385 1822 519 1879 est?
558 1822 713 1890 Quod
757 1821 1087 1892 apostolicus
1132 1823 1239 1884 vir,
1295 1820 1405 1875 imo
1450 1833 1588 1888 pene
1642 1819 1953 1888 Apostolus,

386 1915 536 1986 (nam
567 1929 633 1970 ea
669 1915 859 1969 scribit
915 1928 1037 1983 quae
1078 1911 1307 1982 apostoli
1371 1910 1578 1982 dicunt)
1625 1911 1709 1966 cui
1759 1909 1960 1967 Paulus
1992 1897 2034 1956 Β

386 2005 657 2075 apostolus
676 2005 1043 2060 testimonium
1071 2003 1238 2068 dedit,
1261 2002 1447 2058 dicens
1473 2020 1487 2056 :
1515 2000 1646 2057 Cum
1673 2001 1955 2066 Clemente,

385 2097 659 2152 etcazteris
707 2096 1042 2166 adjutoribus
1089 2097 1239 2158 meis,
1289 2109 1516 2164 quorum
1563 2095 1776 2147 nomina
1821 2102 1946 2147 sunt

387 2184 443 2236 in
487 2181 620 2236 libro
653 2184 776 2238 vim:
824 2182 908 2236 ⁸⁹ε
963 2181 1237 2237 scribebat
1289 2181 1392 2237 hoc
1447 2179 1591 2250 quod
1634 2181 1788 2236 libris
1835 2182 1958 2236 vita:

385 2274 722 2330 contrarium
753 2275 884 2330 est?
913 2274 996 2328 An
1029 2275 1083 2328 id
1111 2274 1294 2345 potius
1332 2274 1657 2329 credendum
1699 2283 1784 2328 est
1814 2274 1959 2342 quod

387 2381 552 2437 supra
577 2366 835 2432 diximus,
871 2367 1012 2436 quod
1038 2370 1284 2436 perversi
1312 2367 1560 2423 homines
1599 2366 1665 2421 ad
1695 2367 1958 2442 assertio-,-

387 2473 510 2514 nem
567 2459 873 2531 dogmatum
923 2474 1143 2514 suorum
1191 2460 1294 2515 sub
1351 2461 1592 2514 virorum
1647 2469 1958 2514 sanctorum

387 2549 627 2613 nomine,
667 2558 923 2620 tanquam
979 2547 1193 2603 facilius
1263 2549 1574 2614 credenda,
1631 2549 1962 2606 interserue-

389 2652 517 2696 runt
561 2655 623 2696 ea
669 2655 790 2711 qua:
834 2641 909 2695 illi
952 2656 1052 2696 nec
1096 2643 1334 2698 sensisse
1365 2657 1466 2697 nec
1512 2641 1801 2712 scripsisse
1839 2656 1960 2697 cre-

389 2732 549 2788 dendi
584 2742 709 2786 sunt
729 2733 752 2785 ?

458 2823 708 2878 Clemens
736 2838 952 2893 quoque
991 2825 1152 2891 alius,
1198 2824 1604 2881 Alexandrinus
1652 2825 1959 2895 presbyter,

387 2924 445 2970 et
481 2915 740 2985 magister
775 2915 919 2971 illius
948 2915 1226 2982 Ecclesiae,
1266 2917 1322 2971 in
1357 2917 1612 2971 omnibus
1646 2929 1785 2984 pene
1809 2914 1961 2970 libris

391 3011 506 3066 suis
551 3009 840 3065 Trinitatis
883 3010 1108 3080 gloriam
1164 3021 1327 3082 atque
1374 3009 1732 3065 aeternitatem
1798 3023 1960 3064 unam

393 3103 747 3173 eamdemque
771 3104 1042 3174 designat,
1071 3113 1119 3158 et
1143 3103 1411 3157 interdum
1448 3103 1753 3159 invenimus
1778 3101 1961 3172 aliqua

393 3195 448 3248 in
473 3193 629 3248 libris
662 3193 779 3262 ejus
811 3194 1072 3264 capitula,
1117 3195 1170 3248 in
1207 3193 1402 3264 quibus
1449 3191 1646 3247 Filium
1683 3192 1773 3248 Dei
1808 3207 1962 3249 crea-

464 3289 511 3322 ⁸⁸
541 3289 738 3359 Philip.
763 3288 910 3370 ἰνῶ.
1941 3287 1945 3290 ’

2056 631 2166 676 tam
2195 623 2247 677 in
2277 623 2527 678 omnibus
2560 620 2854 685 catholico,
2889 628 2994 674 tam
3027 619 3264 683 erudito,
3314 628 3374 672 ut
3407 616 3492 671 vel
3521 617 3626 672 sibi

2055 716 2330 770 contraria
2370 715 2624 780 senserit,
2662 711 2744 767 vel
2777 726 2841 767 ea
2870 726 2988 780 quae
3037 711 3105 765 de
3150 710 3282 775 Deo,
3311 724 3416 764 non
3443 708 3624 764 dicam

2057 807 2300 873 credere,
2327 807 2420 862 sed
2458 806 2540 861 vel
2575 805 2767 860 audire
2789 804 3005 875 quidem
3037 803 3258 874 impium
3284 811 3387 869 est,
3423 801 3627 872 scripta

2055 897 2372 966 reliquerit?

2127 990 2416 1061 Dionysius
2453 1002 2668 1060 quoque
2703 987 3106 1042 Alexandrinus
3133 988 3440 1056 episcopus,
3493 997 3624 1039 eru-

2057 1081 2363 1137 ditissimus
2410 1091 2655 1136 assertor
2712 1079 3102 1135 ecclesiasticte
3168 1079 3313 1144 fidei,
3383 1093 3505 1134 cum
3572 1076 3629 1132 in

2056 1174 2474 1243 quamplurimis
2505 1174 2556 1228 in
2592 1182 2798 1228 tantum
2849 1173 3111 1228 unitatem
3156 1181 3318 1242 atque
3349 1173 3629 1243 aequalita-

2057 1277 2163 1321 tem
2191 1265 2476 1321 Trinitatis
2519 1264 2796 1330 defendat,
2846 1273 2907 1319 ut
2943 1263 3370 1333 imperitioribus
3407 1264 3631 1335 quibus-

2058 1374 2165 1429 que
2217 1358 2380 1412 etiam
2430 1359 2728 1414 secundum
2797 1356 3094 1412 Sabellium
3159 1357 3397 1412 sensisse
3444 1355 3629 1411 videa-

2055 1461 2150 1506 tur
2193 1469 2207 1505 :
2261 1448 2375 1521 (2i)
2419 1449 2472 1504 in
2508 1449 2592 1505 his
2630 1458 2810 1505 tamen
2842 1449 2996 1504 libris
3032 1447 3146 1503 suis
3175 1461 3312 1517 quos
3343 1449 3630 1504 adversum

2057 1543 2281 1600 Sabellii
2309 1543 2556 1598 haaresim
2581 1541 2822 1612 scripsit,
2859 1540 2987 1595 talia
3019 1539 3370 1594 inveniuntur
3399 1539 3628 1605 inserta,

2057 1645 2119 1692 ut
2162 1635 2480 1706 frequenter
2515 1631 2705 1688 Ariani
2744 1633 3074 1688 auctoritate
3117 1631 3284 1701 ipsius
3333 1645 3392 1686 se
3440 1631 3627 1687 defen-

2059 1729 2187 1784 dere
2238 1734 2527 1784 conentur.
2572 1723 2802 1796 Propter
2833 1725 2977 1796 quod
3015 1732 3072 1779 et
3111 1733 3332 1779 sanctus
3349 1723 3633 1793 episcopus

2057 1819 2386 1876 Athanasius
2416 1818 2727 1889 compulsus
2771 1828 2855 1874 est
2883 1818 3279 1890 Apologeticum
3332 1832 3433 1888 pro
3468 1816 3628 1873 libris

2059 1913 2178 1985 ejus
2217 1913 2480 1977 scribere,
2531 1927 2631 1982 pro
2662 1926 2730 1968 eo
2769 1912 2914 1980 quod
2954 1921 3137 1964 certus
3173 1919 3291 1966 erat
3324 1927 3431 1965 non
3481 1909 3633 1964 illum

2059 2005 2271 2061 diverse
2322 2005 2575 2074 potuisse
2646 2005 2875 2066 sentire,
2927 2003 3142 2073 sibique
3197 2003 3302 2073 ipsi
3355 2002 3631 2057 contraria

2059 2097 2319 2163 scribere,
2364 2095 2479 2168 (22)
2524 2098 2618 2152 sed
2670 2095 2815 2165 quod
2855 2095 3057 2150 inserta
3106 2095 3221 2150 haec
3268 2109 3299 2148 a
3352 2093 3636 2148 malevolis

2059 2197 2260 2244 “0888!.

2129 2278 2196 2333 Et
2223 2279 2338 2333 hinc
2368 2277 2583 2348 quidem
2617 2290 2712 2330 nos
2741 2276 2887 2332 ducti
2909 2275 2984 2331 rei
3009 2276 3180 2346 ipsius
3215 2276 3631 2344 consequentia,

2059 2370 2127 2425 de
2176 2369 2534 2426 sanctissimis
2568 2367 2700 2422 viris
2729 2378 2784 2423 et
2828 2367 3083 2423 Ecclesiae
3115 2368 3428 2422 doctoribus
3453 2367 3632 2422 sensi»

2066 2475 2206 2526 mus,
2257 2476 2363 2530 quo
2391 2460 2599 2516 scilicet
2631 2476 2736 2515 non
2776 2467 3026 2530 putemus
3055 2472 3148 2513 eos
3179 2465 3396 2512 sanctos
3428 2457 3518 2528 qui
3547 2473 3636 2514 re-

2061 2561 2205 2605 ctam
2227 2562 2281 2606 et
2310 2551 2727 2607 ecclesiasticam
2760 2549 2919 2604 ﬁdem
2949 2551 3002 2604 in
3026 2549 3438 2619 quamplurimis
3467 2558 3638 2604 astru-

2060 2653 2277 2706 xerunt.
2314 2645 2370 2700 in
2411 2645 2679 2716 aliquibus
2724 2644 3081 2715 sibimetipsis
3121 2645 3348 2700 adversa
3375 2644 3634 2700 sensisse.

2063 2735 2140 2790 De
2189 2734 2419 2807 Origene
2464 2749 2613 2801 vero,
2670 2735 2721 2789 in
2749 2749 2856 2804 que
2881 2732 3151 2801 similiter,
3194 2745 3253 2789 ut
3280 2736 3334 2790 in
3361 2736 3444 2792 ltis
3497 2747 3640 2806 quos

2063 2842 2224 2897 supra
2245 2828 2498 2892 diximus,
2529 2827 2705 2897 aliqua
2734 2827 3020 2883 diversitas
3050 2828 3343 2893 invenitur,
3363 2827 3500 2882 istud
3530 2841 3641 2883 non

2064 2917 2295 2973 sufﬁciat
2323 2918 2527 2973 sentire
2559 2917 2701 2988 quod
2733 2917 2800 2972 de
2833 2910 3197 2988 praeiudicatis
3220 2919 3332 2988 jam
3355 2918 3641 2976 catlioh'cis

2064 3010 2293 3065 sentitur
2339 3009 2422 3063 vel
2481 3009 2800 3080 intelligitur
2853 3010 3020 3074 viris;
3074 3025 3172 3065 nec
3217 3010 3412 3065 similis
3459 3025 3640 3066 causa:

2066 3099 2259 3156 similis
2305 3100 2535 3156 suﬂiciat
2580 3100 2884 3166 excusatio,
2937 3100 3052 3173 (25)
3093 3101 3196 3156 nisi
3241 3111 3297 3156 et
3334 3102 3503 3172 ipsius
3537 3101 3641 3158 hoc

2068 3192 2446 3260 conquerentis
2493 3201 2541 3244 et
2611 3190 2940 3259 deplorantis
2985 3192 3202 3262 scriptis
3260 3200 3421 3261 atque
3489 3193 3640 3249 voci-

391 3387 552 3446 bues,
570 3383 765 3452 quibus
785 3387 1060 3453 proprium
1087 3382 1217 3438 nihil
1255 3381 1546 3452 relinquis?
1576 3381 1640 3436 Et
1659 3381 1954 3451 quomodo,

395 3455 625 3507 inauies.
669 3453 721 3506 in
749 3453 902 3507 libris
930 3469 1116 3507 eorum
1150 3453 1344 3507 vitiosa
1393 3451 1645 3507 nonnulla
1677 3453 1848 3507 sunt?
1897 3453 1955 3507 Si

2066 3382 2224 3453 στολῇ
2269 3382 2358 3436 τὸν
2404 3383 2643 3454 μακαρίτ
2685 3401 2712 3436 ν
2766 3381 3033 3435 Διονύσιον
3079 3381 3378 3464 εἰρηκέναι,
3432 3383 3643 3455 ποίημα

2063 3454 2158 3506 καὶ
2183 3452 2407 3507 γενητὸν
2455 3449 2594 3506 εἶναι
2637 3400 2728 3507 ’λιι
2778 3454 2906 3506 Υὶὸν
2947 3451 3041 3506 τοῦ
3075 3453 3232 3507 Bson.
3273 3455 3408 3507 μήτε
3442 3453 3498 3506 δὲ
3534 3454 3642 3507 φύ-

2637 3471 2728 3506 τον

395 3451 625 3522 inquies,
669 3453 721 3506 in
749 3451 902 3508 libris
930 3469 1116 3508 eorum
1150 3453 1344 3508 vitiosa
1393 3451 1645 3508 nonnulla
1677 3453 1848 3507 sunt?
1897 3453 1955 3508 Si

391 3539 480 3580 me
509 3537 700 3578 causas
725 3524 983 3577 vitiorum
1015 3524 1224 3578 nescire
1257 3525 1610 3590 respondero,
1641 3537 1744 3577 non
1771 3525 1954 3577 statim

391 3595 516 3648 illos
546 3593 829 3648 haireticos
859 3593 1134 3661 indicabo.
1182 3593 1325 3648 Fieri
1356 3594 1501 3647 enim
1538 3601 1741 3662 potest,
1773 3606 1832 3646 ut
1866 3594 1950 3647 vel

394 3663 715 3732 simpliciter
750 3665 1076 3725 erraverint,
1133 3663 1213 3717 vel
1263 3662 1369 3717 alio
1402 3678 1564 3718 sensu
1606 3663 1951 3731 scripserint,

394 3734 480 3789 vel
530 3750 558 3786 a
607 3733 848 3788 librariis
888 3735 1151 3803 imperitis
1199 3748 1386 3788 eorum
1444 3732 1701 3803 paulatim
1751 3734 1953 3800 scripta

395 3813 650 3872 corrupta
681 3803 827 3868 sint;
871 3802 1137 3859 vel’certe
1201 3812 1487 3872 antequam
1523 3802 1578 3856 in
1627 3802 1957 3856 Alexandria

394 3875 548 3943 quasi
599 3874 924 3927 damonium
979 3873 1342 3928 meridianum
1390 3874 1553 3943 Arius
1599 3883 1956 3937 nasceretur,

395 3942 720 3999 innocenter
749 3943 994 4013 quaedam
1023 3953 1079 3999 et
1113 3945 1292 3997 minus
1340 3952 1501 3997 caute
1537 3942 1709 4013 locuti
1743 3945 1872 4006 sint,
1897 3952 1958 3998 et

396 4029 518 4082 qua:
546 4028 650 4068 non
685 4011 899 4081 possint
925 4027 1301 4083 perversorum
1325 4013 1603 4067 hominum
1630 4011 1956 4066 calumniam

395 4083 696 4138 declinare.
733 4082 1080 4151 Objiciuntur
1121 4082 1340 4152 Origeni
1381 4083 1634 4148 crimina,
1676 4092 1729 4136 et
1758 4093 1812 4136 tu
1847 4099 1954 4136 non

397 4154 550 4209 illum
573 4153 858 4218 defendis;
891 4157 985 4207 sed
1012 4155 1148 4208 alios
1178 4168 1400 4208 accusas
1430 4171 1443 4206 :
1476 4167 1574 4206 nec
1605 4153 1811 4206 crimen
1863 4167 1954 4206 re-

397 4224 542 4290 nuis,
561 4226 656 4279 sed
675 4223 1090 4278 criminosorum
1118 4223 1330 4277 turbam
1365 4223 1618 4292 requiris.
1650 4220 1708 4276 Si
1743 4223 1837 4277 tibi
1869 4223 1954 4276 di-

397 4305 651 4349 ceretur:
680 4293 827 4359 Quos
868 4294 1034 4348 habet
1088 4293 1348 4362 Origenes
1395 4295 1449 4347 in
1504 4293 1692 4347 hairesi
1743 4293 1958 4347 socios?

397 4376 548 4418 recte
576 4365 676 4417 ista
715 4363 1006 4431 proferres.
1046 4363 1198 4418 Nunc
1231 4379 1261 4416 a
1295 4375 1345 4418 te
1376 4364 1659 4432 quaeritur,
1692 4363 1806 4417 haec
1837 4378 1957 4431 qua:

401 4435 456 4487 in
487 4433 935 4504 Origenis_|ibris
980 4436 1184 4503 scripta
1232 4437 1611 4504 reperiuntur,
1653 4435 1793 4487 bona
1848 4433 1958 4488 sint

401 4519 469 4556 an
503 4502 686 4557 maia?
721 4502 912 4567 Taces,
944 4512 999 4557 et
1029 4502 1126 4574 pro
1159 4505 1243 4557 his
1270 4505 1374 4556 alia
1411 4503 1682 4572 loqueris:
1709 4503 1958 4557 Clemens

401 4574 505 4628 hoc
537 4576 646 4640 ait;
675 4575 964 4642 Dionysius
1011 4575 1066 4628 in
1108 4575 1212 4628 ἱειο
1257 4588 1443 4628 errore
1488 4574 1955 4640 deprehenditur:

397 4645 728 4699 Athanasius
781 4645 1069 4712 episcopus
1114 4645 1196 4699 sic
1243 4644 1482 4713 Dionysii
1529 4643 1771 4697 defendit
1809 4658 1962 4696 erro-

400 4722 547 4779 rem;
580 4715 948 4783 apostolorum
981 4715 1180 4785 scripta
1205 4714 1458 4768 similiter
1479 4715 1774 4782 depravata
1800 4723 1926 4767 sunt
1952 4731 1966 4767 :

398 4788 674 4852 quomodo
726 4794 780 4838 et
827 4799 972 4838 nunc
1023 4786 1090 4838 ab
1134 4785 1257 4839 aliis
1302 4785 1400 4838 tibi
1449 4786 1716 4838 haereseos
1761 4785 1968 4838 crimen

398 4856 737 4923 impingitur,
756 4865 812 4908 et
836 4865 888 4908 tu
919 4869 1016 4922 pro
1042 4865 1093 4908 te
1125 4863 1367 4916 taces,et
1392 4868 1591 4922 prome
1613 4854 1908 4919 confiteris,
1937 4872 1957 4906 ι

397 4936 506 4979 etc.
562 4927 828 4978 Casterum
867 4925 1146 4979 observari
1194 4925 1356 4978 velim
1409 4925 1575 4979 libros
1616 4923 1692 4977 De
1739 4925 1969 4992 recogni-

396 4996 628 5049 tionibus
657 4997 759 5049 sub
794 4996 1012 5048 nomine
1033 4995 1324 5048 Clementis
1366 4997 1662 5049 etiamnmn
1691 5003 1909 5048 exstare
1935 5008 1966 5047 a

399 5065 597 5188 ﬂéilin'o
620 5065 812 5146 Latine
847 5067 1268 5134 interpretatos;
1304 5066 1397 5120 sed
1425 5063 1690 5119 Clementi
1726 5063 1968 5118 llomano

399 5149 430 5188 ι
472 5149 543 5188 IIII
569 5151 722 5188 Icart.

396 5136 722 5188 abiudicari.

783 5205 976 5270 nostri,
1005 5206 1061 5259 in
1092 5205 1171 5258 liis
1203 5213 1376 5259 tamen
1395 5204 1544 5258 libris
1571 5203 1734 5269 ipsius
1761 5217 1962 5271 quos...

397 5277 633 5344 scripsit.
668 5277 808 5330 Editi
844 5286 902 5330 ut
944 5277 998 5330 in
1047 5286 1215 5342 textu,
1257 5284 1454 5346 preter
1492 5274 1674 5328 scribit
1702 5288 1801 5343 pro
1833 5277 1968 5327 scri-

393 5350 520 5414 psit.

473 5416 586 5489 (22)
621 5415 725 5472 Sed
750 5416 888 5488 quod
923 5417 1122 5489 inserta
1151 5415 1325 5489 haece
1364 5413 1644 5489 malevolis
1666 5424 1860 5489 nosset.
1910 5413 1967 5469 Id

399 5485 770 5542 falsissimum
792 5498 893 5543 est.
923 5487 1184 5555 Superest
1215 5487 1510 5541 etiamnum
1561 5485 1793 5554 epistola
1831 5499 1964 5554 apo-

396 5556 629 5625 logetica
660 5558 942 5613 Athanasii
965 5557 1032 5611 de
1061 5557 1330 5611 sententia
1366 5555 1633 5624 Dionysii,
1669 5556 1724 5610 in
1753 5570 1858 5624 qua
1895 5569 1966 5609 ne

397 5628 506 5698 τρὺ
536 5629 752 5697 quidem
782 5628 850 5682 de
879 5626 1570 5698 ejusmodiadulteratione
1590 5639 1685 5698 seu
1719 5626 1966 5698 interpo-

398 5696 606 5767 latione
652 5696 919 5753 librorum
953 5697 1192 5767 Dionysii
1234 5698 1302 5750 ab
1330 5696 1598 5767 haereticis
1631 5696 1773 5767 facta
1801 5696 1966 5767 ;Aim_o

396 5766 604 5822 fatetur
631 5769 962 5834 Athanasius
1011 5764 1347 5836 quaecunque
1377 5780 1444 5819 ex
1474 5764 1714 5836 Dionysii
1745 5765 1965 5832 scriptis

396 5836 763 5894 obtrudebant
792 5837 1000 5904 Ariani,
1029 5835 1095 5893 ea
1123 5835 1274 5892 illum
1304 5835 1609 5904 scripsisse,
1650 5845 1705 5888 at
1749 5849 1854 5889 non
1899 5848 1965 5887 eo

397 5915 564 5964 scusu
595 5923 752 5979 quem
798 5909 900 5979 ipsi
959 5908 1299 5978 allingebant.
1341 5905 1478 5959 Φασὶ
1522 5905 1698 5958 τοίνυν
1726 5906 1802 5979 ,ὲν
1843 5905 1965 5956 ἐπι-
2007 5974 2022 5980 -

2063 3454 2158 3506 καὶ
2183 3439 2416 3524 few;er
2455 3439 2607 3524 εῖνάι
2637 3439 2728 3507 τδν
2778 3454 2906 3506 Υὶὸν
2947 3451 3041 3506 τοῦ
3075 3439 3232 3517 Θὲοῢ,
3273 3439 3426 3524 μήτίεῳ
3442 3453 3498 3506 δὲ
3534 3439 3642 3523 ἀξύ-

2065 3540 2147 3576 σει
2209 3523 2360 3586 ἴδιον,
2410 3523 2547 3576 ἀλλὰ
2593 3523 2742 3590 ξένον
2785 3525 2900 3576 κατ’
2929 3524 3112 3576 οὐσίαν
3170 3520 3344 3577 αὐτὸν
3376 3520 3513 3577 εἶναι
3546 3520 3641 3577 ἷτοῦ

2054 3593 2284 3666 Πατρὸς.
2320 3593 2506 3666 ὥσπερ
2537 3595 2684 3666 ἐστιν
2711 3596 2738 3646 ὁ
2765 3595 3010 3666 γεωργὸς
3045 3594 3182 3665 πρὸς
3226 3594 3350 3666 τὴν
3375 3593 3640 3666 ἄμπελον.

2055 3665 2152 3736 διαὶ
2177 3663 2510 3736 ὖᾼνανπηγὸς
2553 3664 2690 3736 πρὸς
2724 3666 2783 3718 τὸ
2811 3663 3034 3732 σκάφος
3063 3663 3156 3718 διαὶ
3186 3663 3295 3736 γὰρ
3323 3663 3398 3728 ὠς
3418 3663 3644 3736 ποίημα

2058 3733 2281 3806 ὢνιούκ
2309 3730 2378 3805 ἦν
2399 3730 2530 3806 ίιέρὶν
2565 3730 2811 3806 γενηται.
2840 3730 2998 3788 Aiunt
3029 3730 3480 3806 beatis—memoria:
3511 3730 3642 3789 Dio-

2061 3805 2273 3875 nysium
2320 3810 2376 3858 in
2413 3805 2641 3875 epistola
2681 3805 2777 3859 sua
2819 3805 3013 3859 dixisse
3052 3822 3180 3871 opus
3213 3815 3262 3859 et
3306 3821 3413 3857 rem
3441 3805 3642 3872 factam

2060 3872 2171 3928 esse
2225 3872 2593 3937 Filium'Dei,
2645 3876 2736 3929 sed
2787 3875 3020 3928 alienum
3071 3892 3103 3928 a
3150 3875 3312 3927 Patre
3355 3875 3642 3928 secundum

2060 3945 2434 4014 substantiam,
2473 3945 2647 4013 qualis
2686 3955 2761 3999 est
2808 3945 3044 4014 agricola
3091 3962 3124 3998 a
3167 3947 3288 4008 vite,
3339 3952 3391 3997 et
3432 3944 3581 4012 faber
3607 3961 3641 3997 a

2060 4016 2292 4082 scaplia.'.
2328 4012 2535 4067 Etenim
2585 4031 2704 4069 cum
2739 4017 2807 4068 sit
2844 4012 2933 4068 res
2970 4015 3134 4082 facta,
3181 4031 3285 4067 non
3327 4025 3439 4067 erat
3494 4025 3642 4067 ante-

2097 4100 2218 4136 nam
2247 4084 2417 4155 ﬁeret.
2449 4085 2586 4150 Quid
2620 4085 2914 4152 respondet
2943 4084 3317 4155 Athanasius?
3348 4083 3456 4138 Ναὶ
3483 4083 3641 4155 ἐγρα-

2097 4100 2218 4136 uam
2247 4100 2417 4150 perat.
2449 4100 2586 4150 Qllld
2620 4100 2914 4152 respondet
2943 4100 3272 4138 Atnanasms
3297 4100 3317 4136 ι
3348 4100 3456 4138 nat.
3483 4100 3641 4155 εγρα-

2058 4100 2158 4243 ξεν
2181 4170 2195 4183 ⁸
2231 4153 2614 4243 ,ὁμρλογρνξμεον
2660 4155 2756 4208 καὶ
2793 4155 2954 4238 ἡμεῖς
2989 4151 3398 4243 sil/amomum}
3424 4156 3643 4243 Emesa:

2057 4223 2154 4295 λὴν
2184 4223 2369 4295 αὐτοῦέ
2413 4223 2527 4278 ἀλλ’
2573 4225 2761 4294 ὥσπερ
2803 4223 3005 4294 ταύτην
3036 4224 3295 4295 ἔγραψεν,
3331 4223 3504 4295 οὕτως
3543 4224 3640 4277 καὶ

2057 4294 2252 4366 ἑτέρας
2311 4294 2572 4358 πλείστας
2636 4295 2923 4357 ἐπιστολὰς
2968 4294 3192 4366 ἔγραψε,
3247 4295 3343 4366 xei.
3390 4294 3497 4346 ἔδει
3543 4295 3640 4366 καὶ

2057 4365 2295 4436 ταύταις
2343 4366 2586 4436 ἐντυχεῖν
2637 4367 2856 4428 αὐτοὺς.
2918 4367 3002 4418 ἵνα
3039 4364 3375 4436 ⁷ὲκ’πασῶνε
3418 4366 3512 4436 και
3563 4365 3639 4436 μὴ

2060 4382 2280 4428 saturat;
2343 4382 2586 4436 εντυχειν
2637 4382 2856 4428 αυτους.
2921 4383 3002 4418 ινα
3047 4382 3112 4419 εκ
3153 4382 3364 4424 πασων,
3418 4382 3512 4417 και
3603 4382 3634 4435 η

2060 4435 2228 4507 μόνης
2285 4435 2349 4488 ὲκ
2413 4438 2511 4507 τῆς
2557 4437 2686 4505 μιᾶς
2742 4437 2775 4507 ἡ
2833 4436 3014 4499 πίστις
3054 4436 3236 4507 δειχθῇ
3285 4435 3379 4488 τοῦ
3422 4382 3634 4505 ἀνδρὲξ.

2058 4505 2232 4557 Etiam
2263 4505 2476 4572 scripsit
2511 4506 2768 4574 ejusmodi
2802 4507 2950 4559 illius
2977 4505 3250 4575 epistolam
3281 4523 3411 4567 esse,
3454 4518 3501 4557 et
3545 4521 3639 4558 nos

1995 4612 2039 4664 Β
2068 4578 2208 4656 ultro
2238 4575 2487 4656 fatemur_.
2535 4575 2638 4658 Sed
2664 4587 2718 4656 ut
2745 4577 2881 4664 It'anc
2905 4574 3137 4658 scripsit,
3172 4581 3244 4628 ita
3272 4589 3320 4664 et
3341 4577 3499 4664 alias.
3522 4574 3642 4642 plu-

2072 4647 2234 4698 rimas
2271 4647 2577 4713 conscripsit
2602 4646 2872 4712 epistolas,
2902 4663 3032 4714 quas
3061 4649 3215 4700 etiam
3243 4648 3306 4698 ab
3334 4646 3442 4698 illis
3482 4645 3642 4698 lectas

2070 4715 2319 4782 aportuit,
2347 4727 2401 4768 ut
2431 4732 2494 4769 ea:
2516 4717 2776 4776 omnibus,
2809 4733 2911 4768 non
2944 4733 3007 4769 ea:
3051 4719 3208 4770 unica
3247 4717 3505 4768 duntaxat
3547 4731 3642 4767 ex-

2068 4787 2276 4854 plorata
2302 4786 2398 4838 viri
2433 4786 2565 4854 ﬁdes
2593 4797 2744 4840 esset.
2778 4784 2897 4840 Mox
2938 4789 2988 4839 in
3021 4787 3477 4854 c0nsequentibns
3515 4801 3642 4853 pro--

2069 4855 2162 4908 bat
2207 4865 2317 4907 tum
2347 4871 2412 4909 ex
2446 4864 2767 4925 argumento
2809 4857 3054 4925 epistolae
3095 4855 3357 4926 Dionysii,
3399 4865 3516 4926 tum
3573 4869 3639 4908 ex

2067 4926 2353 4980 occasione
2396 4924 2616 4994 qua’ad
2657 4927 2802 4979 illam
2844 4924 3210 4980 scribendam
3236 4924 3507 4994 impulsus
3536 4935 3642 4989 est,

2071 5003 2182 5048 tum
2227 5010 2293 5050 ex
2339 4996 2566 5050 aliarum
2617 4996 2967 5065 epistolarum
3006 4995 3316 5056 collatione,
3373 4995 3644 5047 catholica

2067 5079 2191 5118 esse
2221 5067 2381 5120 verba
2441 5082 2562 5134 qua!
2611 5068 2784 5136 prima
2838 5067 3017 5120 fronte
3049 5069 3254 5120 Ariano
3291 5067 3528 5134 dogmati
3563 5067 3644 5117 fa-

2068 5147 2195 5189 vere
2222 5137 2562 5194 videbantur.

2138 5205 2256 5275 (23)
2298 5205 2419 5259 Nisi
2449 5216 2499 5260 et
2536 5207 2700 5274 ipsius
2729 5206 2838 5276 Itan:
2872 5207 3274 5276 conquerentis,
3308 5212 3416 5260 etc.
3452 5203 3646 5276 Hiero-

2066 5273 2262 5344 nymus
2284 5275 2420 5329 libro
2450 5291 2486 5328 ll
2513 5273 2761 5330 adversus
2793 5273 3084 5343 Ruﬁnum:
3118 5295 3137 5326 ι
3161 5275 3449 5331 Prtemissa
3476 5273 3644 5344 falsa.

2069 5342 2221 5400 tione
2253 5346 2320 5399 ab
2349 5345 2619 5399 haereticis
2667 5342 3058 5414 apostolOrum,
3105 5357 3160 5414 et
3205 5345 3490 5412 utriusque
3523 5342 3648 5414 Cle-

2068 5416 2264 5487 mentis
2297 5424 2474 5487 _atque
2517 5413 2784 5487 Dionysii,
2823 5416 2969 5487 venit
2995 5418 3063 5470 ad
3093 5413 3405 5487 Origeuetn,
3458 5424 3513 5487 et
3560 5413 3646 5487 his

2066 5485 2250 5540 verbis
2295 5484 2576 5552 loquitur:
2619 5484 2792 5550 Ipsius
2838 5484 2935 5537 hoc
2969 5484 3330 5554 conquerentis
3372 5493 3423 5537 et
3463 5485 3644 5552 deplo-

2068 5556 2233 5609 rantis
2270 5555 2475 5622 scriptis
2495 5570 2556 5606 ac
2580 5556 2783 5608 vocibus
2804 5556 3154 5622 probavimus;
3187 5554 3328 5619 Quid
3366 5556 3502 5606 enim
3536 5558 3646 5621 ipse

2066 5641 2184 5678 cum
2211 5624 2382 5677 adhuc
2411 5625 2464 5678 in
2494 5639 2648 5677 carne
2690 5625 2877 5688 vivens,
2909 5628 3155 5687 sentiens,
3209 5626 3486 5693 eidemque
3521 5640 3644 5688 per-

2065 5711 2243 5762 pessus
2264 5698 2332 5747 sit
2359 5696 2424 5746 de
2453 5694 2703 5745 librorum
2735 5709 2950 5746 suorum
3002 5697 3081 5748 vel
3117 5709 3419 5746 sermonum
3456 5708 3645 5746 corru-

2066 5761 2345 5831 ptionibus,
2363 5763 2440 5816 vel
2462 5761 2772 5816 adulterinis
2790 5764 3125 5826 editionibus,
3144 5779 3208 5815 ea;
3228 5764 3392 5831 ipsius
3404 5763 3647 5829 epistola,

2065 5849 2223 5902 quam
2255 5835 2434 5887 scribit
2471 5833 2538 5884 ad
2570 5833 2824 5901 quosdam
2858 5833 3044 5887 charos
3082 5833 3646 5902 suosAlezandriam,

2067 5897 2330 5960 evidenter
2355 5897 2592 5978 docetur"
2625 5914 2642 5953 :
2670 5903 2966 5972 statimque
3017 5897 3327 5968 exemplum
3373 5901 3651 5970 subiungit
