4162 6458
490 414 600 470 i323

1866 407 2100 466 RUFINI
2134 405 2341 464 LIBER

3636 411 3741 469 626

494 533 596 588 bus
620 527 730 600 (94)
758 527 1063 599 probemus.
1095 527 1231 594 Quid
1260 527 1403 583 enim
1431 529 1544 598 ipse
1570 530 1697 584 dum
1725 529 1900 585 adhuc
1927 537 2070 585 esset
2099 534 2145 591 Α
2175 529 2452 600 (Epistolce
2491 530 2699 598 scriptte
2722 534 2789 583 ad
2817 529 3286 603 quosdamcharos
3315 545 3437 584 suos
3472 527 3587 603 (95)
3617 531 3742 587 Ale-

494 623 549 677 in
573 637 736 680 carne
765 621 972 682 vivens.
1003 622 1239 675 sentiens
1267 620 1559 692 vidensque
1591 637 1874 692 perpessus
1907 624 1977 677 sit
2003 623 2066 676 de

491 715 757 772 librorum
781 726 1025 777 suorum,
1055 712 1139 766 vel
1161 728 1469 768 sermonum
1501 713 2064 784 corruptionibus,vcl

493 803 811 859 adulterinis
853 803 1203 870 editionibus,
1263 819 1328 860 ex
1379 805 1548 876 ipsius
1602 805 1853 876 epistola,
1905 821 2064 874 quam

493 897 683 952 scribit
721 896 787 949 ad
816 896 1076 965 quosdam
1115 897 1312 952 charos
1348 914 1476 953 suos
1507 897 1909 960 Alexandriam,
1951 897 2065 952 evi-

494 989 686 1042 denter
741 989 967 1043 docetur
1008 1008 1021 1043 :
1076 998 1128 1042 et
1151 1004 1246 1058 per
1271 993 1371 1045 hoc
1403 1005 1522 1059 quae
1552 990 1622 1043 sit
1650 1004 1810 1044 causa
1839 989 1980 1058 quod
2012 989 2063 1043 in

493 1079 665 1148 ipsius
693 1080 910 1150 scriptis
960 1083 1206 1150 quasdam
1251 1081 1350 1136 sibi
1395 1081 1670 1136 contraria
1702 1081 2062 1148 inveniantur,

495 1184 778 1240 agnosces.

494 1320 575 1377 De
619 1323 1010 1378 adulteratione
1070 1324 1150 1377 vel
1201 1325 1531 1391 corruptione
1563 1325 1813 1380 librorum
1851 1343 2062 1382 suorum

731 1409 797 1447 ea:
819 1394 952 1448 libro
977 1394 1317 1462 epistolarum
1359 1395 1600 1467 Origenis
1625 1409 1835 1468 quarto.

571 1593 619 1626 ’°
654 1591 672 1627 ³
698 1589 828 1649 Cor.
854 1611 930 1658 vr,
959 1591 1045 1649 ll).

491 1798 758 1872 epistolre.
803 1797 876 1872 _Et
921 1798 1010 1866 qni
1088 1796 1376 1872 falsitatem
1403 1867 1415 1872 _
1446 1795 1769 1872 scriptorum
1815 1795 2064 1872 Origenis

2777 600 3103 668 xandriam.)

2236 753 2524 812 Ontcsaes.
2560 773 2580 807 ‹
2615 755 2845 824 Quidam
2878 769 3066 810 eorum
3119 755 3211 824 qui
3262 754 3495 810 libenter
3540 756 3744 811 habent

2166 848 2440 903 criminari
2461 847 2736 916 proximos
2757 862 2904 912 suos,
2923 847 3206 902 ascribunt
3231 847 3387 902 nobis
3405 857 3457 902 et
3481 848 3743 904 doctrinae

2166 948 2364 994 nostra:
2391 939 2593 995 crimen
2627 939 2994 1009 blasphemiae,
3028 939 3170 1007 quod
3205 953 3234 992 a
3268 939 3423 994 nobis
3460 953 3738 1009 nunquam

2166 1031 2454 1084 audierunt
2485 1048 2497 1084 :
2531 1029 2596 1085 de
2624 1045 2730 1100 quo
2758 1030 2856 1099 ipsi
2889 1029 3146 1093 viderint,
3177 1029 3418 1085 nolentes
3445 1031 3741 1085 observare

2165 1122 2472 1176 mandatum
2529 1121 2656 1176 illud
2691 1121 2832 1189 quod
2867 1120 3021 1186 dicit,
3061 1121 3186 1190 quia
3237 1122 3480 1175 maledici
3523 1137 3739 1190 regnum

2166 1213 2263 1268 Dei
2291 1229 2394 1266 non
2430 1213 2766 1280 possidebunt
2785 1213 2853 1276 ",
2880 1214 3124 1268 dicentes
3147 1226 3254 1276 me,
3281 1221 3484 1282 patrem
3523 1213 3740 1267 malitiae

2163 1316 2228 1356 ac
2257 1303 2597 1372 perditionis,
2614 1312 2667 1357 et
2690 1317 2876 1357 eorum
2895 1303 2986 1371 qui
3017 1303 3083 1356 de
3106 1317 3268 1372 regno
3301 1302 3394 1356 Dei
3425 1303 3736 1372 ejiciuntnr,

2163 1394 2219 1450 id
2242 1403 2328 1450 est
2386 1393 2675 1457 diabolum,
2726 1393 2907 1449 dicere
2947 1407 3069 1448 esse
3102 1392 3416 1448 salvandum
3441 1406 3458 1445 :
3488 1392 3629 1461 quod
3670 1407 3738 1448 ne

2163 1815 2326 1855 ausus
2364 1798 2626 1869 judicium
2664 1795 2866 1869 inferre
2898 1795 3252 1869 blasphemia,
3282 1794 3493 1869 s__qu_od
3535 1793 3738 1869 dicitur

493 1863 766 1926 haereticis
802 1863 1050 1936 imputat,
1075 1868 1216 1939 ipse
1254 1867 1444 1939 incipit
1477 1880 1507 1920 a
1549 1863 1816 1922 falsitate;
1846 1863 1952 1939 non
1990 1870 2063 1924 ita
2094 1881 2137 1939 Β
2164 1873 2230 1926 de
2268 1863 2521 1925 Michaele
2547 1863 2729 1939 contra
2755 1864 3060 1939 diabolum;
3092 1875 3139 1939 et
3171 1867 3228 1939 in
3266 1863 3374 1918 alio
3406 1864 3561 1939 loco;
3589 1883 3608 1915 ο
3640 1863 3737 1939 Do-

488 1942 861 2008 interpretans
899 1948 957 2008 ut
1001 1936 1230 1992 liabetur
1274 1939 1326 1991 in
1350 1937 1587 2008 Graeco;
1624 1953 1722 2008 nec
1753 1939 1806 1992 id
1849 1937 2061 2008 Latinis

491 2007 795 2073 insinuans,
819 2007 958 2078 quod
985 2009 1097 2077 ipse
1131 2008 1182 2078 in
1213 2009 1324 2062 suis
1349 2007 1874 2078 litterisprofltetur.
1900 2007 2061 2063 Cum-

491 2097 598 2152 que
627 2079 714 2152 i|_la
741 2076 963 2152 epistola
1001 2076 1111 2132 tota
1145 2077 1471 2152 Demetrium
1507 2076 1886 2152 .‘\lexand_rinte
1911 2079 2060 2135 urbis

489 2147 801 2221 pontificem
849 2147 1068 2221 laceret,
1105 2159 1160 2202 et
1198 2149 1251 2221 in
1285 2147 1449 2202 totius
1487 2147 1641 2221 orbis
1668 2149 1960 2221 episcOpos
2004 2159 2062 2205 et

490 2215 720 2275 clericos
764 2220 1088 2282 invehatur;
1121 2227 1176 2271 et
1214 2217 1414 2271 frustra
1451 2215 1520 2270 ab
1557 2216 1814 2272 Ecclesiis
1835 2215 2058 2274 excom-

491 2291 822 2346 municatum
846 2303 967 2343 esse
998 2303 1057 2342 se
1084 2288 1246 2353 dicat,
1282 2302 1380 2341 nec
1404 2287 1542 2341 velle
1561 2287 1612 2340 in
1642 2287 1943 2343 maledictis
1973 2305 2059 2344 re—

489 2362 636 2415 ferre
650 2358 844 2422 vicem,
861 2374 930 2412 ne
952 2358 1159 2412 scilicet
1175 2356 1466 2412 maledicus
1481 2357 1726 2412 videatur
1743 2373 1862 2414 esse
1877 2358 2056 2424 homo,

532 2433 581 2484 ui
612 2431 663 2483 in
696 2436 903 2482 tantum
940 2437 1134 2482 cautus
1177 2428 1247 2481 sit
1297 2428 1365 2481 ad
1408 2426 1862 2492 maledicendum,
1892 2440 1950 2483 ut
1993 2444 2058 2484 ne

532 2447 581 2484 Ill
613 2447 663 2483 In
696 2447 903 2482 lanllﬂll
940 2447 1134 2482 CEIIIUS
1177 2447 1247 2481 BIL
1297 2447 1365 2481 Ill
1408 2447 1862 2492 malentcenuum,
1892 2447 1950 2483 υι
1993 2447 2058 2484 ne

490 2447 706 2555 diabolo
731 2499 951 2566 quidem
982 2499 1184 2551 audeat
1214 2496 1535 2552 maledicere
1573 2514 1587 2550 :
1619 2500 1761 2552 unde
1788 2509 1842 2553 et
1869 2498 2060 2553 Candi-

492 2573 563 2624 do
594 2568 956 2638 Valentiniani
991 2567 1255 2638 dogmatis
1287 2566 1568 2638 sectatieri,
1609 2567 1970 2623 calumniandi
1999 2585 2058 2624 se

490 2639 833 2695 occasionem
857 2636 1082 2702 dederit,
1125 2639 1265 2707 quod
1293 2636 1569 2707 diabolum
1609 2638 1875 2692 salvandae
1907 2639 2058 2694 dixe-

490 2711 562 2765 rit
591 2724 710 2764 esse
727 2718 954 2778 naturae,
975 2707 1060 2762 hic
1083 2706 1425 2778 diSsimgulato
1453 2709 2053 2778 argumentoiepistolaa,

492 2780 647 2864 lingit
676 2795 774 2864 pro
797 2777 1452 2864 Origenequod.illle‘non
1486 2777 1922 2864 loquiturhunde
1941 2781 2058 2847 cpi-

476 2847 642 2906 stolae
675 2847 844 2919 ipsius
867 2857 1070 2919 partem
1096 2847 1367 2919 paululum
1392 2863 1457 2902 ex
1485 2848 1852 2919 superioribus
1883 2857 2061 2904 trans-

486 2921 618 2986 tuli;
665 2917 720 2974 et
754 2920 838 2974 his
866 2917 1041 2987 iunxi,
1073 2931 1193 2986 qua:
1228 2918 1296 2970 ab
1329 2920 1446 2986 ipso
1493 2918 1817 2973 commatice
1848 2921 2059 2974 dolose-

488 3005 598 3062 que
629 2989 906 3062 translata
956 2997 1107 3051 sunt;
1161 2996 1220 3040 ut
1250 2987 1628 3062 quo__consi|io
1662 2990 1935 3062 superiora
1973 3000 2055 3044 ta-

489 3057 688 3130 cuerit,
722 3061 838 3128 ipse
862 3057 1329 3130 lectoragnoscat.
1366 3058 1564 3112 Contra
1592 3057 1898 3113 sacerdotes
1930 3075 2057 3130 ergo

490 3129 749 3184 Ecclesia:
803 3128 1125 3198 generaliter
1171 3128 1474 3198 disputans,
1517 3143 1546 3180 a
1585 3130 1780 3197 quibus
1807 3128 2059 3195 indignus

489 3197 868 3255 communione
888 3198 1004 3266 ejus
1033 3197 1514 3264 lueratjudicatus,
1543 3199 1658 3252 hasc
1685 3199 1860 3254 intulit
1883 3199 2054 3265 :Quid

490 3245 703 3324 ἷιὲἓὲἓῖἕ
711 3245 881 3322 ἓὲῐῖίὶ
893 3245 1277 3341 sagacius";
1289 3245 1860 3341 fiéﬁai'ﬁiiﬁ'd'i'c'éie,‘
1872 3245 2055 3341 ista“.
2081 3245 2126 3304 (ἶ

488 3341 772 3408 sa'pissime
793 3339 1092 3403 pastoribus
1119 3348 1165 3389 et
1200 3336 1493 3404 majoribus
1525 3348 1675 3402 natu,
1703 3348 1752 3391 et
1779 3336 2060 3394 sacerdoti-

489 3412 608 3472 bus,
651 3425 714 3480 ac
747 3409 1065 3476 principibus
1098 3409 1287 3480 populi
1325 3409 1730 3480 comminantur,
1756 3421 1802 3463 et
1828 3419 2059 3480 arguunt

488 3481 615 3534 eos?
642 3475 774 3544 Quae
803 3480 991 3546 absque
1018 3478 1165 3529 nobis
1210 3483 1273 3530 de
1311 3476 1508 3548 sanctis
1560 3475 1846 3548 Scripturis
1877 3475 2060 3534 e'licere

487 3551 723 3618 potestis,
745 3558 791 3601 et
806 3548 1000 3616 liquido
1027 3548 1291 3620 pervidere
1310 3547 1448 3616 quod
1466 3546 1698 3620 forsitan
1729 3551 1826 3604 hoc
1863 3562 2060 3620 tempus

478 3615 578 3685 sit,
609 3621 673 3673 de
697 3633 800 3688 quo
829 3615 1022 3670 dicitur
1048 3634 1066 3669 :
1101 3633 1123 3688 i_
1145 3615 1329 3688 nam
1354 3619 1560 3688 credere
1589 3619 1794 3687 amicis,
1826 3637 1918 3674 nec
1944 3615 2056 3686 spe-

488 3691 615 3745 retis
658 3686 717 3741 in'
744 3689 1062 3756 principibus
1107 3686 1297 3756 (illich.
1340 3701 1444 3751 vn,
1477 3687 1533 3756 5)
1567 3704 1582 3740 :
1631 3706 1651 3740 ι
1680 3701 1727 3742 et
1783 3686 1922 3744 nunc
1962 3693 2060 3744 im-

488 3755 1073 3830 pleaturruaticinium:
1119 3775 1137 3807 ι
1169 3755 1338 3810 Duces
1383 3755 1562 3826 populi
1598 3760 1699 3811 mei
1731 3776 1810 3814 ine
1860 3763 2058 3815 nescie-

489 3828 642 3892 runt,
686 3829 788 3898 ﬁlii
833 3828 982 3881 stulti
1021 3837 1174 3893 sunt,
1220 3834 1269 3879 et
1317 3843 1419 3898 non
1465 3839 1584 3898 sunt
1636 3832 1910 3898 sapientes.
1959 3831 2060 3885 Sa-

486 3897 693 3970 pientes
731 3907 853 3970 sunt
901 3907 954 3950 ut
1001 3898 1204 3970 faciant
1255 3897 1431 3962 mala,
1491 3897 1618 3952 bene
1661 3897 1833 3953 autem
1888 3901 2060 3968 {acere

488 3966 726 4025 nesciunt
774 3967 916 4037 (λετ.
952 3983 1026 4032 iv,
1067 3966 1210 4034 22);
1245 3984 1264 4017 ι
1313 3983 1533 4037 quorum
1579 3970 1745 4038 magis
1792 3966 2056 4036 misereri,

485 4057 642 4110 quant
681 4056 767 4093 eos
806 4041 974 4092 odisse
1005 4039 1283 4101 debemus;
1309 4047 1356 4091 et
1399 4041 1551 4110 orare
1601 4055 1698 4110 pro
1732 4039 1857 4104 illis,
1900 4057 2058 4110 quam

485 4109 560 4164 eis
613 4110 944 4162 maledicere.
972 4110 1054 4159 Ad
1108 4109 1508 4160 benedicendum
1554 4109 1691 4161 enim
1735 4117 1784 4161 et
1841 4109 1943 4163 non
1985 4113 2055 4164 ad

484 4180 900 4233 maledicendum
941 4180 1100 4230 creati
1133 4193 1331 4230 sumus.
1373 4175 1522 4230 Unde
1549 4187 1596 4230 et
1631 4195 1649 4228 ε
1678 4177 1906 4233 Michael
1940 4197 2058 4234 cum

483 4252 754 4303 diabolum
783 4251 1070 4316 disputaret
1101 4250 1173 4320 de
1203 4247 1370 4320 Moysi
1409 4263 1647 4320 corpore,
1676 4265 1745 4320 ne
1764 4259 1910 4320 tanto
1941 4254 2057 4320 qui-

481 4323 602 4373 dem
641 4320 782 4372 malo
829 4335 990 4388 ausus
1030 4327 1105 4370 est
1146 4317 1406 4388 judicium
1459 4316 1654 4388 inferre
1695 4316 2055 4388 blasphemiae,

484 4391 575 4444 sed
617 4391 751 4443 dixit
791 4403 806 4440 :
843 4387 1082 4455 lncrepet
1133 4388 1223 4459 ii_bi
1265 4387 1744 4459 .Dominnsllud.
1786 4389 1862 4459 9).
1890 4407 1910 4440 ι
1959 4387 2058 4446 Cui

485 4462 612 4529 quid
650 4460 821 4512 simile
853 4460 1012 4510 etiam
1051 4460 1104 4510 in
1146 4455 1406 4510 Zacliaria
1455 4455 1678 4529 legimus
1711 4473 1729 4510 :
1767 4476 1785 4510 ι
1821 4455 2058 4529 Increpet

486 4527 580 4583 tibi
617 4529 872 4583 Dominus
899 4571 913 4595 ,
940 4529 1144 4580 diabole
1179 4539 1198 4577 :
1227 4538 1274 4579 et
1314 4529 1539 4595 increpet
1584 4527 1842 4582 Dominus
1893 4529 1946 4582 in
1977 4527 2053 4594 te,

2163 1941 2477 1996 minationes
2504 1936 2712 2004 arrident
2743 1936 3042 2002 reprobant,
3073 1935 3268 2005 glorias
3298 1944 3471 1988 autem
3505 1934 3738 2002 blasphe-

2162 2021 2305 2066 mant
2337 2007 2393 2081 (1
2400 2009 2489 2062 ud.
2516 2007 2594 2081 8).
2633 2024 2652 2058 ι
2697 2006 2922 2081 Quidam
2947 2022 3124 2081 eorum
3155 2007 3243 2076 qui
3275 2005 3736 2081 libenter_cont_en-

2161 2075 2650 2147 tiones'reperiunt,
2680 2077 2947 2131 ascribunt
2991 2075 3138 2147 nobis
3169 2075 3215 2129 et
3263 2086 3453 2128 nostrw
3481 2076 3735 2147 doctrinae

2166 2143 2566 2217 blasphemiam,
2597 2163 2750 2215 super
2782 2162 2884 2216 qua
2913 2147 3014 2216 ipsi
3042 2146 3288 2209 uiderint,
3317 2145 3574 2214 quomodo
3598 2143 3734 2217 illud

2161 2212 2382 2276 audiant
2405 2234 2424 2272 :
2452 2237 2470 2268 ι
2499 2212 2680 2286 Neque
2708 2212 2916 2281 ebriosi,
2935 2212 3103 2286 neque
3128 2212 3370 2286 maledici
3400 2230 3611 2282 regnum
3637 2212 3734 2266 Dei

2156 2289 2521 2359 possidebunt:
2545 2285 2917 2359 silicetpatrem
2930 2285 3147 2341 malitia:
3173 2295 3221 2340 et
3238 2285 3732 2359 perditioniseoruni

2156 2353 2243 2433 qui
2280 2364 2344 2414 de
2372 2374 2524 2433 regno
2553 2358 2643 2411 Dei
2672 2353 3172 2433 ej'icicntur,_dicant
3197 2353 3344 2433 posse
3358 2353 3734 2433 salvari:quod

2157 2426 2220 2484 ne
2232 2426 2601 2498 mentequidem
2611 2426 2725 2495 quis
2741 2439 2921 2496 captus
2932 2430 3098 2482 dicere
3113 2427 3502 2498 potest.C:eter_a
3515 2426 3732 2498 quidem

2155 2516 2222 2556 ex
2245 2495 2431 2554 eadem
2460 2499 2687 2566 epistola
2718 2499 2988 2553 transtulit
3016 2513 3112 2567 pro
3155 2497 3286 2561 hoc,
3337 2496 3490 2567 quod
3530 2497 3582 2548 in
3628 2495 3736 2548 fine

2157 2570 2445 2625 verborum
2494 2562 2750 2638 Origenis
2782 2562 3119 2638 interpretati
3162 2562 3403 2620 sumus:
3445 2562 3588 2632 Ergo
3615 2579 3733 2638 cum

2156 2651 2366 2710 propter
2382 2639 2623 2710 timorem,
2638 2637 2735 2692 Dei
2753 2636 3024 2710 caveamus
3053 2640 3123 2710 in,
3136 2639 3428 2706 quempiam
3453 2636 3734 2710 maledicta

2156 2706 2414 2778 conferre,
2444 2717 2500 2763 et
2530 2709 2757 2778 reliqua.
2783 2707 2890 2762 Iste
2918 2706 3608 2778 fraudulenteramputatis
3641 2720 3735 2778 su-

2157 2775 2485 2851 perioribus,
2512 2793 2579 2851 es
2597 2775 2799 2851 quibus
2822 2779 3079 2851 inferiora
3113 2776 3435 2845 dependent,
3463 2775 3541 2851 sic
3568 2777 3732 2842 erepit

2160 2845 2796 2920 transferre'epis't'olam,
2825 2849 2988 2920 quasi
3017 2849 3120 2902 hoc
3143 2845 3566 2920 sensusuperius
3587 2852 3732 2920 esset

2156 2921 2461 2986 exordium,
2493 2913 2548 2973 et
2577 2920 2652 2974 sit
2685 2937 2700 2976 :
2731 2913 2960 2985 Quidam
2990 2934 3168 2971 eorum
3195 2918 3282 2987 qui
3300 2913 3516 2968 libenter
3541 2913 3730 2987 habent

2157 2991 2426 3045 criminari
2442 2984 2702 3058 proximos
2731 2984 2876 3054 suos,
2917 2987 3183 3058 ascribunt
3205 2984 3394 3058 nobis,
3407 2995 3453 3036 et
3477 2984 3732 3036 doctrina:

2159 3071 2350 3114 nostra:
2381 3056 2577 3113 crimen
2623 3059 2974 3128 blasphemiw,
3013 3057 3152 3126 quod
3196 3075 3227 3109 a
3270 3056 3423 3128 nobis
3476 3068 3730 3128 nusquam

2157 3133 2480 3183 audierunt:
2529 3131 2593 3182 de
2622 3123 2865 3199 quo'ipsi
2899 3123 3142 3199 uiderint,
3191 3123 3733 3199 nolentesobservare

2159 3204 2466 3254 mandatum
2516 3196 2648 3253 illud
2675 3201 2814 3270 quod
2845 3199 2973 3252 dicit
2999 3214 3016 3250 :
3042 3198 3168 3266 quia
3203 3196 3450 3250 maledici
3503 3208 3732 3263 regnum

2165 3272 2253 3324 Dei
2303 3285 2408 3324 non
2453 3271 2828 3338 possidebunt,
2864 3270 3088 3322 dicentes
3119 3270 3348 3321 asserere
3396 3280 3476 3319 ms
3514 3271 3731 3338 patrem

2160 3342 2379 3393 malitia:
2406 3332 2792 3410 et'perditionis
2835 3355 3015 3393 eorum
3060 3342 3148 3406 qui
3180 3342 3260 3410 Vde
3305 3351 3460 3410 regno
3504 3332 3600 3387 Dei
3620 3333 3732 3410 eji-

2161 3413 2394 3472 ciuntur,
2433 3404 2492 3462 id
2515 3420 2611 3474 est,
2650 3410 2915 3462 diabolum
2951 3404 3079 3462 esset
3107 3404 3416 3461 saluandam
3451 3404 3629 3475 :quod
3659 3418 3728 3455 ne

2159 3481 2350 3550 aliquis
2386 3481 2592 3549 quidem
2624 3489 2794 3532 mente
2842 3489 3032 3550 motus,
3070 3489 3118 3550 et
3158 3477 3436 3547 manifeste
3463 3475 3731 3528 insaniens

2159 3548 2329 3604 dicere
2362 3548 2544 3616 potest.
2600 3549 2852 3604 Conferte
2881 3548 3130 3618 Origenis
3159 3550 3345 3608 verba,
3399 3561 3518 3616 qua:
3567 3557 3732 3612 supra

2161 3622 2228 3674 ad
2263 3620 2485 3676 verbum
2514 3619 2788 3684 transtuli,
2814 3617 3027 3688 hisqua:
3049 3617 3116 3672 ab
3148 3620 3251 3672 isto
3279 3629 3384 3670 non
3404 3631 3556 3688 versa
3579 3622 3730 3688 sunt,

2161 3691 2256 3744 sed
2292 3705 2511 3756 eversa;
2548 3699 2602 3745 et
2624 3702 2880 3757 quantam
2928 3686 3071 3744 inter
3102 3705 3160 3744 se
3194 3703 3298 3741 non
3341 3687 3512 3741 solum
3544 3686 3731 3757 verbo-

2161 3775 2302 3824 rum,
2331 3762 2422 3814 sed
2447 3773 2498 3815 et
2534 3756 2789 3814 senSuum
2821 3761 3053 3813 habeant
3081 3760 3495 3822 dissonantiam,
3522 3756 3730 3825 perspiu

2161 3830 2337 3885 cietis.
2369 3832 2631 3893 Obsecro,
2687 3843 2753 3883 ne
2808 3831 3033 3884 molesta
3059 3832 3130 3883 sit
3174 3829 3327 3884 vobis
3356 3827 3615 3896 prolixior
3641 3828 3730 3878 in—

2163 3903 2502 3968 terpretatio.
2540 3900 2746 3955 Idcirco
2785 3905 2926 3955 enim
2955 3901 3134 3954 omnia
3176 3900 3454 3962 vertimus,
3489 3905 3566 3968 _ut
3617 3909 3731 3965 quo

2160 3965 2386 4054 consilio
2421 3973 2702 4054 superiora
2763 3971 3014 4054 tacuerit,
3064 3969 3452 4054 probalreiims.
3488 3965 3730 4054 {latretur

2161 4041 2404 4113 dialogus
2435 4035 2577 4110 apud
2607 4039 2824 4113 Griecos
2859 4035 3111 4111 Origenis
3139 4049 3196 4093 et
3225 4039 3453 4113 Candidi
3488 4035 3730 4113 valenti-

2159 4107 2333 4166 nianaé
2367 4107 2634 4166 haereseos
2668 4107 2994 4173 defensoris,
3037 4112 3092 4164 in
3119 4124 3226 4178 quo
3259 4112 3397 4163 duos
3420 4107 3730 4178 andabatas

2159 4183 2516 4252 digladiames
2540 4182 2687 4252 inter
2703 4195 2760 4236 se
2785 4177 3172 4252 spectassegnie
3195 4180 3389 4252 fateor.
3416 4177 3557 4231 Dicit
3577 4177 3726 4252 Can-

2159 4246 2315 4306 didus
2351 4251 2545 4305 Filium
2582 4252 2647 4305 de
2669 4246 2840 4305 Patris
2860 4265 2978 4305 esse
3000 4249 3322 4311 substantia,
3349 4263 3542 4303 errans
3577 4246 3629 4298 in
3662 4261 3730 4300 eo

2159 4324 2301 4388 quod
2324 4320 2611 4392 προϐολὴν,
2640 4321 2690 4374 id
2711 4321 3174 4392 estprolationem,
3201 4319 3412 4372 asserit.
3442 4317 3485 4371 E
3514 4317 3729 4384 regione

2159 4389 2419 4462 Origenes
2441 4389 2595 4461 juxta
2628 4389 2814 4444 Arium
2839 4401 2893 4446 et
2923 4389 3242 4462 Eunomiuni
3279 4398 3573 4462 repugnat,
3601 4401 3728 4462 eum

2157 4463 2238 4514 vel
2260 4457 2534 4543 'prolatiim
2561 4474 2702 4523 esse,
2730 4462 2820 4543 _ve_l
2842 4471 3145 4543 natuane
3176 4459 3320 4513 Deus
3342 4457 3504 4543 Pater
3526 4457 3730 4536 divida-

2162 4543 2250 4585 tur
2272 4528 2334 4584 in
2381 4539 2562 4599 partes
2586 4548 2600 4585 :
2651 4531 2742 4586 sed
2771 4531 2904 4584 dicit
2939 4530 3223 4584 sublimem
3251 4543 3303 4582 et
3331 4528 3730 4583 excellentissi-

443 4623 451 4634 ι
482 4602 572 4670 qui
600 4601 748 4668 elegit
778 4588 1078 4670 Jerusalem
1108 4595 1355 4670 (Z_achar.
1382 4588 1468 4661 ιιι,⁷
1491 4595 1566 4666 2).
1596 4617 1614 4649 ι
1653 4597 1839 4670 Itaque
1878 4611 1924 4652 et
1961 4588 2055 4653 nos
2089 4588 2132 4643 D
2161 4617 2302 4654 mam
2330 4588 2638 4656 creaturam
2665 4601 2938 4655 voluntate
2959 4600 3231 4654 exstitisse
3261 4599 3459 4665 l’atris,
3485 4599 3626 4670 sicut
3671 4606 3729 4651 et

467 4667 721 4738 icupimus
769 4667 1032 4735 increpari
1075 4684 1106 4738 a
1148 4667 1376 4738 Domino
1423 4683 1542 4738 eos,
1586 4669 1675 4737 qui
1715 4672 1899 4722 nolunt
1941 4685 2059 4738 cum

466 4736 780 4793 humilitate
806 4754 837 4789 a
867 4737 1120 4805 proximis
1165 4736 1449 4804 increpari.
1477 4736 1689 4791 Dicente
1730 4748 1905 4792 autem
1950 4737 2005 4791 Μ
2015 4742 2060 4791 i-

467 4810 662 4863 ‘cliaele
691 4825 709 4863 :
743 4826 763 4861 ι
797 4806 1034 4876 lncrepet
1085 4807 1176 4858 tibi
1223 4805 1496 4872 Dominus,
1540 4807 1778 4872 diabole;
1807 4826 1826 4859 ο
1861 4817 1912 4862 et
1950 4807 2059 4861 Za-

480 4882 664 4932 cliaria
703 4879 950 4932 similiter
996 4892 1014 4929 :
1057 4887 1232 4928 utrum
1276 4879 1534 4947 increpet,
1578 4894 1646 4930 an
1679 4894 1780 4930 non
1833 4880 2058 4947 increpet

478 4951 622 5003 Deus
644 4949 934 5010 diabolum,
962 4949 1070 5015 ipse
1099 4948 1300 5000 viderit.
1334 4945 1401 4998 Et
1440 4949 1485 4998 si
1509 4949 1761 5014 increpat,
1798 4945 2056 5015 quomodo

480 5023 729 5088 increpet,
762 5020 871 5086 ipse
896 5018 1255 5088 agnoscatJﬂt
1282 5028 1401 5087 post
1424 5024 1610 5080 multa,
1642 5033 1760 5085 qua:
1791 5021 2056 5088 prolixum

481 5099 567 5144 est
603 5087 862 5153 scribere,
907 5089 1054 5140 addit
1095 5087 1261 5158 :VNos
1307 5088 1404 5140 lioc
1452 5090 1728 5149 sentimus,
1772 5087 1910 5158 quod
1956 5089 2055 5158 eji-

475 5160 690 5212 cientur
731 5161 793 5212 de
842 5173 999 5227 regno
1051 5157 1314 5218 (telorum,
1367 5173 1467 5209 non
1508 5160 1674 5210 solum
1709 5157 1796 5227 qui
1834 5157 2059 5225 grandia

478 5227 840 5296 peccauerunt,
868 5230 1006 5282 uerbi
1044 5230 1215 5297 gratia
1249 5228 1617 5296 fornicatores,
1644 5239 1693 5281 et
1725 5231 1976 5292 adulteri,
2006 5240 2055 5282 et

480 5301 832 5351 musculorum
889 5299 1276 5359 concubitores,
1322 5307 1369 5350 et
1409 5299 1571 5365 fures,
1606 5302 1693 5352 sed
1735 5309 1782 5351 et
1820 5303 2055 5368 quinti-

482 5384 614 5440 noru
651 5371 1001 5435 deliquerunt,
1033 5385 1096 5440 ea:
1123 5385 1183 5421 eo
1219 5369 1358 5437 quod
1389 5369 1638 5440 scriptum
1673 5381 1747 5421 est
1775 5384 1791 5421 :
1823 5367 1844 5420 ἀ
1875 5367 2058 5440 Neque

475 5439 693 5502 ebriosi,
731 5453 894 5508 neque
945 5439 1191 5491 maledici
1237 5454 1450 5507 regnum
1494 5439 1588 5490 Dei
1629 5439 2055 5508 possidebuntll

481 5507 605 5579 Cor.
632 5523 705 5572 γι,
743 5507 831 5579 107)
859 5526 872 5562 :
915 5526 933 5558 ι
968 5520 1016 5562 et
1050 5520 1158 5579 tam
1196 5510 1249 5561 in
1281 5511 1509 5562 bonitate
1528 5525 1684 5578 quam
1717 5511 1769 5563 in
1791 5507 2058 5563 seueritate

478 5577 578 5650 Dei
617 5594 726 5631 esse
761 5577 1082 5634 mensuram.
1117 5578 1266 5632 Unde
1293 5589 1480 5631 cuncta
1506 5577 1722 5633 nitimur
1748 5596 1902 5650 agere
1930 5594 2057 5633 con-

479 5648 622 5713 silio,
667 5652 723 5702 in
765 5652 870 5702 uini
905 5665 1107 5719 quoque
1146 5659 1310 5715 potu,
1350 5657 1400 5702 et
1446 5652 1500 5703 in
1542 5648 1900 5704 moderatione
1944 5665 2056 5704 ser-

477 5719 678 5781 monis,
730 5727 788 5771 ut
837 5721 969 5773 nulli
1020 5723 1308 5772 audeamus
1362 5721 1691 5773 maledicere.
1749 5720 1887 5790 Ergo
1936 5735 2054 5774 cum

477 5800 686 5857 propter
722 5789 818 5842 Dei
861 5795 1098 5842 timorem
1134 5804 1404 5843 caveamus
1444 5791 1498 5842 in
1541 5789 1838 5858 quempiam
1888 5791 2054 5844 male-

471 5861 621 5915 dicta
654 5861 914 5929 conferre,
959 5859 1288 5919 recordantes
1328 5860 1479 5931 illius,
1515 5861 1690 5917 dicti:
1731 5880 1749 5916 ι
1785 5860 1907 5918 Non
1949 5860 2054 5930 luit

2161 4681 2386 4725 caeteras
2436 4680 2734 4725 creaturas.
2793 4671 3003 4725 Rursus
3048 4674 3116 4723 ad
3163 4670 3452 4724 secundam
3503 4669 3730 4722 veniunt

2160 4743 2536 4809 quaestionem.
2582 4741 2793 4796 Asserit
2830 4741 3105 4795 Candidus
3153 4741 3424 4795 diabolum
3480 4739 3729 4808 pessima:

2158 4826 2279 4866 esse
2308 4821 2533 4876 naturae,
2564 4822 2617 4865 et
2644 4825 2764 4880 quas
2785 4811 2977 4865 salvari
3009 4825 3280 4879 nunquam
3310 4810 3494 4877 possit.
3519 4810 3727 4864 Contra

2161 4881 2263 4935 hoc
2293 4892 2438 4935 recte
2461 4881 2725 4947 Origenes
2743 4883 3037 4951 respondit,
3061 4897 3163 4935 non
3179 4895 3300 4937 eum
3329 4883 3582 4948 peritura:
3606 4895 3730 4934 esse

2159 4953 2497 5014 Substantiar,
2518 4956 2610 5006 sed
2637 4953 2913 5006 voluntate
2935 4953 3150 5021 propria
3172 4957 3465 5014 corruisse,
3498 4962 3552 5004 et
3569 4965 3730 5021 posse

2158 5023 2376 5076 salvari.
2426 5021 2540 5076 lloc
2573 5022 2847 5076 Candidus
2886 5019 3050 5076 vertit
3097 5023 3149 5074 in
3179 5023 3535 5087 calumniam,
3566 5019 3730 5089 quasi

2158 5090 2420 5162 Origenes
2455 5094 2674 5155 dixerit,
2721 5092 2919 5146 diaboli
2953 5101 3200 5145 naturam
3231 5108 3351 5148 esse
3383 5091 3726 5162 salvanuani.

2158 5161 2310 5229 Qudd
2345 5163 2436 5215 ille
2482 5163 2616 5216 falso
2661 5163 2956 5231 olijecerat,
3009 5163 3096 5216 hic
3137 5164 3351 5218 refutat.
3379 5162 3445 5215 Et
3473 5161 3728 5228 intelligi-

2161 5247 2280 5286 mus
2313 5233 2369 5304 in
2400 5234 2501 5286 hoc
2525 5242 2730 5286 tantum
2766 5233 2976 5302 dialogo
3003 5237 3072 5286 ab
3099 5233 3332 5304 Origene
3367 5233 3517 5302 argui
3564 5232 3730 5284 luere-

2160 5304 2323 5356 ticam
2352 5303 2665 5368 falsitatem,
2693 5312 2748 5358 et
2773 5320 2878 5357 non
2907 5307 2960 5356 in
2985 5303 3406 5366 casterisilibris,
3431 5305 3499 5356 de
3525 5304 3730 5370 quibus

2158 5388 2431 5443 nunquam
2458 5375 2686 5442 quaestio
2714 5375 2832 5427 fuit.
2861 5375 3072 5444 Alioqui
3103 5377 3147 5430 si
3174 5375 3358 5430 omnia
3397 5388 3516 5442 quas
3549 5377 3727 5425 hiare-

2158 5445 2259 5496 tica
2301 5453 2449 5508 sunt,
2486 5461 2590 5498 uon
2643 5454 2802 5498 erunt
2843 5446 3112 5513 Origeuis,
3149 5446 3244 5500 sed
3296 5445 3672 5500 haereticorum
3708 5458 3724 5495 :

2156 5527 2346 5584 omnes
2377 5525 2556 5569 autem
2579 5515 2966 5584 propemodum
3001 5515 3143 5569 illius
3171 5516 3300 5570 torni
3344 5518 3428 5569 his
3445 5513 3728 5569 erroribus

2156 5583 2302 5651 pleni
2344 5594 2492 5650 sunt,
2535 5583 2672 5639 nihil
2715 5585 2966 5655 Origeuis
3012 5587 3138 5652 erit,
3171 5587 3266 5641 sed
3289 5599 3477 5641 eorum
3498 5595 3729 5654 quorum

2157 5655 2466 5724 ignoramus
2499 5655 2783 5710 vocabula.
2822 5672 2842 5707 ι

2227 5724 2344 5794 {25)
2373 5725 2522 5792 Mss.,
2550 5726 2911 5789 probaremus.
2946 5724 3165 5782 Rectius
3181 5724 3332 5789 editi,
3355 5723 3652 5793 probemus.

2152 5795 2342 5920 minii)
2404 5796 2571 5866 Editi,
2632 5794 2990 5853 Alexandria.
3049 5797 3178 5855 Mss.
3235 5797 3437 5864 nostri,
3496 5795 3729 5852 Alexan-

2194 5880 2342 5924 nam.
