4162 6396
389 378 502 438 ως)

1281 374 1369 429 DE
1403 372 1980 430 ADULTEBATIONE
2016 370 2372 428 LIBRORUM
2413 368 2755 426 ORIGENIS.

3549 369 3655 426 69.6

394 497 592 566 aliquis
621 496 837 569 quidem
867 502 1049 551 mente
1078 500 1280 562 motus,
1306 503 1362 549 et
1382 493 1670 551 manifeste
1700 494 1976 552 insaniens
2001 500 2051 556 Α
2078 493 2314 548 nonnulli
2341 494 2666 548 conturbare
2711 488 2953 544 volentes
3000 489 3290 546 Ecclesias.
3321 487 3566 557 Denique
3597 491 3652 544 in

394 591 579 646 dicere
603 596 804 657 potest.
823 587 931 642 Sed
955 583 1090 641 nihil
1114 587 1309 641 mirum
1333 585 1468 642 mihi
1491 587 1726 651 videtur,
1748 581 1805 643 "si
1827 587 1974 641 adul.

399 693 603 740 teretur
648 685 892 740 doctrina
921 698 1038 738 mea
1067 683 1134 737 ab
1165 681 1404 737 inimicis
1430 683 1584 747 meis,
1611 692 1666 738 et
1691 683 1785 736 tali
1815 682 1970 737 adul-

397 777 533 830 terio
593 786 995 846 corrumpatur,
1051 773 1200 842 quali
1255 773 1526 828 adulterio
1584 781 1838 844 corrupta
1891 782 1974 828 est

395 867 636 936 Epistula
678 866 828 921 Pauli
894 866 1140 936 apostoli.
1165 866 1392 932 Quidam
1432 866 1576 921 enim
1617 867 1719 922 sub
1755 866 1974 921 nomine

394 957 546 1012 Pauli
582 957 773 1014 falsam
804 957 1089 1026 epistolam
1115 955 1572 1027 conscripserunt,
1603 966 1661 1012 ut
1681 956 1974 1012 conturba-

395 1057 518 1101 rent
557 1045 1090 1112 Thessalonicenses,
1131 1047 1286 1118 quasi
1335 1048 1562 1102 instaret
1595 1047 1711 1102 dies
1738 1045 1972 1111 Domini,

387 1149 451 1195 et
469 1143 794 1195 seducerent
821 1153 934 1193 eos.
963 1138 1188 1208 Propter
1211 1140 1347 1194 hanc
1366 1138 1479 1209 ('26)
1510 1153 1641 1210 ergo
1677 1139 1972 1209 Epistulam

393 1234 452 1289 in
485 1232 721 1290 secunda
754 1230 994 1301 Epistula
1025 1246 1184 1300 quam
1212 1233 1277 1285 ad
1302 1231 1816 1286 Thessalonicenses
1839 1231 1976 1286 scri-

394 1327 494 1390 bit,
519 1326 634 1380 hac
658 1324 795 1378 dixit
821 1342 835 1375 ε
866 1323 1130 1393 Rogamus
1153 1332 1327 1378 autem
1367 1340 1476 1389 vos,
1501 1322 1720 1390 fratres,
1751 1338 1844 1392 per
1876 1323 1976 1376 ad-

391 1429 598 1472 uentum
629 1415 842 1470 Domini
879 1415 1043 1468 nostri
1065 1415 1192 1469 .Iesu
1215 1413 1434 1480 Christi,
1459 1428 1504 1468 et
1534 1426 1723 1469 nostra:
1751 1430 1974 1484 congre-

392 1509 617 1578 gationis
655 1509 711 1562 in
735 1509 928 1576 ipsum,
955 1516 1011 1560 ut
1037 1522 1142 1560 non
1178 1508 1490 1562 moveamini
1514 1509 1616 1561 cito
1641 1524 1672 1560 a
1703 1523 1857 1561 sensu
1884 1523 1970 1561 ve-

389 1613 528 1664 stro,
551 1616 713 1670 neque
735 1599 1060 1664 terreamini,
1080 1615 1244 1670 neque
1280 1616 1373 1668 per
1396 1601 1664 1668 spiritum,
1697 1616 1862 1669 neque
1881 1615 1973 1666 per

393 1694 626 1758 uerbum,
672 1706 832 1761 neque
863 1706 953 1758 per
989 1691 1263 1760 epistolam
1296 1699 1548 1759 tanquam
1585 1707 1677 1760 per
1712 1707 1805 1744 nos
1848 1691 1972 1743 mit-

391 1798 530 1847 -sam,
554 1783 707 1852 quasi
731 1784 884 1836 instet
906 1783 1018 1836 dies
1049 1781 1280 1836 Domini.
1316 1782 1485 1836 Nemo
1513 1800 1599 1837 nos
1620 1783 1834 1837 seducat
1863 1782 1969 1836 ulla

2075 584 2287 654 Epheso
2322 598 2446 637 cum
2482 583 2708 637 vidisset
2749 597 2834 636 me
2867 581 3087 651 quidam
3125 581 3433 647 haereticus,
3464 580 3577 650 (3|)
3601 591 3657 636 et

2074 673 2328 744 congredi
2355 673 2639 736 noluisset,
2675 686 2850 742 neque
2883 673 3102 727 omnino
3129 687 3191 727 os
3222 686 3378 727 suum
3407 671 3658 741 aperuis~

2074 775 2158 821 set
2181 766 2322 837 apud
2353 780 2460 830 me,
2487 764 2581 820 sed
2607 766 2792 820 nescio
2828 780 2934 834 qua
2975 778 3039 819 ex
3069 779 3233 819 causa
3264 763 3316 818 id
3364 763 3544 819 facere
3571 763 3654 816 vi-

2075 867 2262 921 tasset,
2318 867 2506 927 postea
2543 871 2612 912 ex
2668 858 2888 911 nomine
2932 872 3052 912 meo
3097 866 3152 911 et
3184 872 3281 912 suo
3329 855 3656 926 conscripsit

2073 949 2290 1020 qualem
2324 949 2494 1003 voluit
2523 948 2968 1016 disputationem,
3005 956 3061 1001 et
3096 947 3243 1002 misit
3273 949 3338 1001 ad
3363 948 3656 1018 discipulos

2073 1056 2220 1106 suos,
2249 1049 2306 1094 ut
2333 1054 2434 1109 ego
2459 1039 2678 1109 quidem
2704 1039 2929 1108 cognovi
2949 1038 3015 1091 ad
3038 1053 3131 1094 eos
3159 1040 3251 1109 qui
3286 1038 3472 1094 Romae
3497 1048 3657 1094 erant

2073 1131 2380 1203 pervenisse
2412 1149 2427 1185 :
2460 1131 2553 1186 sed
2584 1145 2688 1185 non
2729 1131 2912 1185 dubito
2933 1131 3062 1200 quin
3092 1140 3149 1186 et
3170 1133 3237 1186 ad
3267 1131 3404 1186 alios
3429 1132 3520 1202 qui
3557 1147 3656 1202 per

2073 1221 2286 1276 diversa
2309 1219 2426 1274 loca
2459 1228 2608 1274 sunt.
2646 1219 2950 1274 lnsultabat
2990 1232 3172 1276 autem
3199 1230 3256 1276 et
3288 1223 3430 1292 apud
3465 1223 3657 1278 Antio-

2071 1311 2270 1375 chiam,
2296 1312 2611 1381 priusquam
2654 1326 2756 1380 ego
2802 1311 2932 1368 illuc
2962 1313 3205 1368 venirem
3243 1329 3256 1366 :
3289 1315 3360 1369 ita
3406 1323 3546 1369 utet
3585 1314 3656 1370 ad

2071 1409 2498 1478 quamplurimos
2523 1414 2834 1462 nostrorum
2873 1407 3185 1476 perveniret
3211 1407 3327 1476 ipsa
3355 1407 3656 1478 disputatio

2070 1515 2229 1571 quam
2257 1499 2372 1571 ('52)
2399 1501 2671 1570 portabat.
2705 1499 2811 1554 Sed
2837 1501 2924 1554 ubi
2953 1499 3122 1567 adfui,
3155 1501 3338 1556 multis
3367 1516 3491 1555 eum
3521 1516 3658 1570 pra:-

2071 1590 2314 1645 sentibus
2341 1588 2519 1661 argui.
2558 1588 2801 1660 Cumque
2819 1590 2932 1658 jam
2979 1591 3097 1644 sine
3141 1590 3249 1645 illo
3294 1591 3500 1660 pudore
3529 1605 3656 1663 per-

2068 1681 2316 1735 tenderet
2343 1680 2688 1750 impudenter
2709 1695 2954 1736 asserere
2983 1679 3300 1747 falsitatem,
3357 1683 3576 1751 peposci
3600 1690 3659 1740 ut

2068 1773 2205 1827 liber
2229 1771 2535 1828 deferretur
2561 1773 2614 1826 in
2647 1773 2902 1837 medium,
2943 1783 3000 1826 et
3031 1772 3201 1844 stylus
3230 1786 3661 1843 meusagnosce—

389 1875 550 1930 modo
576 1876 643 1930 ²¹.
680 1875 831 1929 Talia
865 1890 995 1946 ergo
1019 1875 1265 1945 quaedam
1299 1875 1455 1929 video
1483 1875 1644 1929 etiam
1695 1875 1850 1930 nobis
1875 1889 1972 1929 ac.
2007 1861 2048 1921 Β
2078 1875 2227 1922 retur
2268 1880 2298 1920 a
2343 1865 2628 1932 fratribus,
2663 1866 2756 1936 qui
2791 1866 2981 1936 utique
3004 1876 3480 1936 coguoscuntquze
3509 1866 3659 1922 soleo

391 1969 597 2023 cidere.
623 1967 741 2039 (27)
768 1967 900 2022 Nam
923 1968 1144 2038 quidam
1169 1977 1360 2023 auctor
1391 1969 1681 2034 haereseos,
1717 1982 1837 2021 cum
1873 1965 1973 2022 sub

393 2061 684 2130 praesentia
737 2059 1028 2114 multorum
1067 2059 1250 2114 habita
1280 2060 1422 2114 inter
1449 2075 1546 2116 nos
1573 2059 1762 2113 fuisset
1792 2059 1974 2129 dispu-

394 2155 550 2216 tatio,
582 2162 640 2208 et
660 2152 952 2220 descripta,
978 2151 1247 2221 accipiens
1268 2151 1336 2205 ab
1355 2150 1440 2204 his
1459 2150 1548 2220 qui
1577 2151 1974 2219 descripserant

390 2247 652 2309 codicem,
689 2245 1004 2315 quasyoluit
1027 2244 1252 2309 addidit,
1279 2251 1335 2298 et
1371 2258 1490 2311 qua:
1511 2243 1681 2298 voluit
1724 2241 1972 2307 abstulit,

389 2346 449 2392 et
478 2337 621 2407 quod
642 2337 690 2392 ei
733 2336 913 2392 visum
945 2345 1028 2391 est
1061 2335 1404 2404 permutavit,
1436 2333 1831 2389 circumferens
1855 2345 1973 2389 tan-

392 2443 647 2497 quamex
678 2430 896 2484 nomine
923 2437 1131 2492 nostro,
1177 2427 1442 2482 insultans
1486 2436 1542 2481 et
1576 2429 1867 2482 ostendens
1911 2442 1974 2483 ea

391 2535 512 2600 qua:
541 2521 655 2589 ipse
679 2520 1021 2590 conscripsit.
1053 2519 1155 2574 Pro
1177 2518 1372 2588 quibus
1399 2519 1739 2590 indignantes
1773 2521 1976 2576 fratres

389 2615 486 2684 qui
522 2614 574 2668 in
602 2613 888 2668 Palmsdna
921 2622 1069 2679 sunt,
1108 2613 1374 2666 miserunt
1400 2614 1466 2666 ad
1497 2627 1581 2667 me
1612 2613 1852 2668 Athenas
1878 2615 1979 2670 ho-

394 2710 592 2784 minem
637 2707 731 2777 qui
757 2705 1026 2775 acciperet
1074 2721 1104 2760 a
1131 2720 1215 2761 me
1241 2706 1357 2777 (28)
1391 2705 1562 2774 ipsum
1601 2706 1975 2760 authenticum

391 2797 696 2867 exemplar,
720 2798 862 2866 quod
904 2812 972 2851 ne
1003 2796 1262 2852 relectum
1291 2797 1510 2865 quidem
1540 2795 1620 2850 vel
1647 2797 1976 2852 recensitum

392 2906 425 2944 a
459 2906 544 2944 me
564 2900 721 2944 antea
747 2890 942 2951 fuerat.
975 2891 1068 2944 sed
1099 2890 1171 2944 ita
1213 2889 1516 2960 neglectum
1537 2888 1775 2958 jacebat,
1800 2898 1860 2944 ut
1890 2890 1978 2944 vix

393 2983 626 3038 inveniri
677 2985 933 3053 potuerit.
968 2982 1086 3038 Misi
1116 2992 1318 3046 tamen,
1362 2991 1416 3036 et
1454 2981 1558 3036 sub
1595 2981 1704 3038 Deo
1737 2991 1873 3038 teste
1901 2981 1981 3036 lo—

391 3090 552 3144 quor,
600 3075 876 3144 quoniam,
911 3090 1032 3129 cum
1085 3073 1454 3128 convenissem
1479 3073 1626 3127 illum
1663 3074 1840 3142 ipsum
1876 3073 1973 3143 qui

393 3164 794 3219 adulteraverat
811 3163 1148 3234 librum,(29)
1174 3178 1404 3234 arguens
1417 3178 1584 3230 quare
1601 3164 1701 3217 hoc
1717 3161 1954 3228 fecisset,

393 3257 541 3310 velut
556 3255 901 3311 satisfaciens
923 3255 1053 3309 mihi
1081 3255 1390 3325 respondit:
1413 3253 1681 3320 Quoniam
1703 3254 1872 3324 magis
1887 3268 1975 3309 or-

395 3363 527 3405 nare
549 3348 690 3403 volui
714 3347 1130 3416 disputationem
1159 3346 1495 3415 illam,atque
1522 3343 1974 3415 purgare.Videte

395 3440 539 3507 quali
577 3440 895 3510 purgatione
929 3438 1352 3507 disputationem
1405 3445 1645 3491 nostram
1700 3437 1968 3507 purgavit.

393 3531 510 3587 Tali
545 3546 759 3600 nempe,
823 3530 964 3599 quali
1022 3528 1345 3599 purgatione
1385 3527 1498 3598 (50)
1525 3526 1760 3582 Marcion
1798 3525 1975 3582 Evan-

395 3622 533 3696 gelia
551 3621 820 3694 purgavit,
869 3621 954 3678 vel
1002 3619 1348 3692 Apostolum;
1382 3619 1467 3674 vel
1505 3619 1652 3690 quali
1693 3634 1975 3675 successor

394 3719 512 3786 eius
550 3725 673 3787 post
705 3717 876 3785 ipsum
919 3715 1187 3786 Appelles.
1233 3713 1367 3769 Nam
1409 3713 1552 3769 sicut
1598 3713 1676 3768 illi
1710 3714 1984 3769 subverte-

397 3817 524 3864 runt
562 3808 962 3878 Scripturarum
1013 3807 1294 3861 veritatem
1327 3823 1340 3859 :
1378 3807 1459 3860 sic
1489 3813 1545 3860 et
1573 3805 1696 3870 iste,
1753 3804 1983 3860 sublatis

396 3916 518 3971 qua:
532 3915 662 3956 vere
679 3899 818 3956 dicta
837 3906 985 3966 sunt,
1011 3897 1087 3954 ob
1111 3897 1283 3952 nostri
1306 3897 1738 3952 criminationem
1759 3896 1988 3952 inseruit

396 4007 518 4062 qua:
541 3990 678 4047 falsa
707 4001 855 4047 sunt.
882 3990 991 4046 Sed
1037 3989 1170 4046 licet
1195 3987 1445 4044 homines
1471 3987 1717 4043 haeretici
1753 3999 1808 4042 et
1831 3988 1984 4058 impii

391 4085 621 4154 sintqui
677 4085 793 4141 haec
827 4085 1008 4140 facere
1054 4083 1170 4137 ausi
1203 4091 1349 4148 sunt,
1386 4091 1570 4136 tamen
1609 4081 1886 4137 habebunt
1927 4090 1984 4138 et

401 4175 477 4232 illi
504 4175 742 4244 judicem
771 4177 961 4241 Deum,
997 4175 1088 4246 qui
1120 4173 1319 4230 talibus
1351 4173 1638 4228 adversum
1666 4187 1765 4228 nos
1793 4173 1976 4228 crimi-

395 4269 710 4328 nationibus
731 4269 1145 4325 accommodant
1179 4267 1361 4323 fidem.
1387 4263 1776 4322 Fecerunthoc
1803 4274 1858 4321 et
1890 4264 1980 4320 alii

470 4384 516 4416 ’ί
549 4382 589 4439 ll
616 4383 862 4442 Thessal.
892 4401 955 4452 ll,
991 4385 1111 4441 1-5.

2073 1955 2374 2026 disputare,
2421 1956 2506 2010 vel
2554 1955 2700 2026 quali
2743 1955 2892 2012 soleo
2937 1957 3015 2011 uti
3063 1956 3338 2012 doctrina.
3391 1957 3656 2023 Quicum

2075 2065 2239 2106 ausus
2265 2064 2372 2104 non
2400 2057 2548 2104 esset
2581 2047 2828 2119 proferre
2868 2049 3087 2113 librum,
3128 2051 3410 2106 convictus
3446 2051 3512 2105 ab
3539 2067 3659 2106 om-

2077 2143 2236 2200 nibus
2273 2152 2329 2197 ct
2369 2141 2680 2198 confutatus
2711 2152 2798 2198 est
2821 2141 3079 2198 falsitatis
3107 2159 3120 2195 :
3146 2151 3201 2198 et
3231 2143 3306 2198 ita
3339 2157 3657 2213 persuasum

2075 2245 2160 2291 est
2209 2235 2468 2291 fratribus
2506 2250 2577 2292 ne
2601 2250 2787 2290 aurem
2831 2235 3301 2291 criminationibus
3334 2236 3654 2305 praeberent.

2077 2331 2135 2386 Si
2169 2331 2290 2400 quis
2319 2344 2451 2400 ergo
2479 2329 2595 2383 vult
2623 2329 2848 2384 credere
2886 2328 3016 2385 mihi
3041 2329 3094 2384 in
3124 2337 3418 2397 conspectu
3448 2327 3542 2382 Dei
3573 2326 3656 2382 Io-

2077 2423 2287 2493 quenti,
2339 2424 2503 2476 etiam
2536 2423 2604 2476 de
2633 2422 2717 2478 his
2756 2435 2876 2490 quat
2915 2421 2967 2476 in
3002 2420 3232 2490 epistola
3272 2436 3394 2474 mea
3422 2419 3657 2476 conficta

2077 2523 2203 2570 sunt
2239 2522 2296 2569 et
2340 2515 2540 2569 inserta
2589 2514 2795 2567 credat.
2834 2512 2928 2566 Sin
2957 2523 3135 2567 autem
3177 2513 3301 2582 quis
3323 2526 3427 2566 non
3462 2512 3656 2574 credit,

2083 2604 2174 2660 sed
2208 2608 2317 2658 vult
2341 2605 2408 2659 de
2438 2619 2521 2658 me
2553 2603 2692 2657 male
2722 2603 2891 2672 loqui,
2918 2602 3047 2657 mihi
3079 2602 3294 2672 quidem
3317 2601 3449 2655 nihil
3475 2602 3659 2655 damni

2083 2698 2294 2754 confert
2328 2715 2343 2752 :
2383 2697 2489 2752 erit
2526 2706 2702 2751 autem
2751 2697 2862 2766 ipse
2893 2696 3060 2750 falsus
3095 2695 3250 2750 testis
3298 2694 3439 2763 apud
3464 2693 3656 2758 Deum,

2082 2792 2341 2846 adversus
2381 2789 2686 2860 proximum
2734 2804 2891 2844 suum
2927 2787 3294 2843 testimonium
3325 2785 3522 2841 falsum
3574 2784 3659 2841 vel

2079 2885 2284 2951 dicens,
2323 2883 2405 2938 vel
2441 2881 2745 2936 dicentibus
2780 2881 3031 2936 credens.
3071 2899 3100 2932 ι.
3605 2889 3608 2893 '

2145 2975 2408 3032 Romans.
2447 2974 2570 3030 Haec
2596 2975 2712 3044 ipse
2743 2973 2920 3029 adhuc
2970 2982 3246 3044 superstes
3275 2970 3658 3041 conqueritur,

2080 3081 2201 3138 quae
2247 3067 2451 3122 scilicet
2500 3081 2598 3136 per
2641 3066 2992 3136 semetipsum
3045 3066 3450 3136 deprehendere
3483 3065 3661 3136 potuit

2084 3159 2386 3222 adulterata
2433 3174 2553 3215 esse
2583 3158 2635 3212 in
2665 3159 2819 3214 libris
2857 3157 2970 3213 suis
3017 3168 3182 3229 atque
3229 3159 3448 3214 falsata.
3473 3157 3661 3214 Memi-

2083 3253 2262 3307 nimus
2287 3265 2419 3307 sane
2451 3250 2616 3306 etiam
2650 3250 2703 3304 in
2734 3249 2840 3304 alia
2871 3249 2990 3320 ejus
3014 3249 3240 3320 epistola
3279 3249 3510 3305 similem
3563 3264 3661 3306 nos

2083 3347 2148 3400 de
2171 3344 2433 3399 librorum
2467 3358 2690 3399 suorum
2717 3342 2955 3397 falsitate
2980 3342 3175 3414 legisse
3212 3344 3612 3414 querimoniam
3640 3358 3658 3397 :

2081 3438 2234 3506 cujus
2253 3435 2493 3506 epistolae
2512 3435 2788 3506 exemplar
2809 3437 2861 3490 in
2893 3437 3143 3505 praesenti
3171 3436 3286 3508 (35)
3313 3451 3416 3492 non
3447 3435 3658 3504 habuit,

2083 3533 2335 3588 utetiam
2371 3533 2542 3604 ipsius
2582 3535 2952 3589 testimonium
2998 3534 3085 3588 his
3136 3548 3233 3604 pro
3281 3533 3387 3590 fide
3415 3533 3662 3588 veritatis

2083 3623 2449 3694 adjungerem.
2475 3623 2581 3680 Sed
2598 3623 2846 3681 sufﬁcere
2864 3625 3102 3681 arbitror
3129 3626 3195 3680 ad
3219 3623 3660 3681 satisfaciendum

2088 3715 2172 3771 his
2199 3718 2291 3786 qui
2317 3733 2421 3774 non
2441 3718 2804 3774 contentionis
2829 3727 2990 3787 atque
3012 3718 3428 3774 obtrectationis
3453 3713 3658 3782 studio.

2086 3810 2179 3865 sed
2211 3824 2396 3865 amore
2421 3811 2535 3866 veri
2569 3811 2798 3865 audiunt
2851 3826 2974 3881 quae
3025 3811 3300 3866 dicuntur.
3334 3810 3471 3866 Nam
3518 3809 3662 3880 quod

2085 3897 2140 3952 in
2173 3896 2444 3953 veteribus
2467 3897 2675 3955 sanctis
2699 3913 2761 3954 ac
2786 3897 3153 3968 praeiudicatis
3197 3900 3476 3958 catholicis
3505 3902 3659 3966 viris,

2084 4003 2310 4058 quorum
2331 3990 2579 4060 superius
2597 3989 2824 4045 fecimus
2841 3991 3192 4057 mentionem,
3211 3991 3324 4047 solo
3344 3999 3662 4060 argumento

2085 4094 2149 4135 ex
2187 4096 2366 4136 rerum
2431 4083 2839 4152 consequentia,
2867 4081 2982 4152 (54)
3006 4099 3070 4139 ac
3102 4084 3236 4139 recti
3291 4092 3476 4140 tenore
3518 4097 3663 4155 prte-

2086 4183 2304 4245 sumpto
2322 4177 2628 4231 ostenditur
2644 4192 2708 4231 ac
2734 4178 3022 4247 probatur,
3044 4177 3188 4247 quod
3207 4177 3250 4231 si
3268 4177 3397 4247 quid
3429 4177 3482 4231 in
3511 4175 3664 4232 libris

2085 4280 2275 4320 eorum
2313 4274 2500 4322 contra
2525 4267 2952 4325 ecclesiasticam
2980 4269 3145 4324 fidem.
3174 4269 3465 4335 invenitur,
3495 4268 3551 4324 id
3576 4268 3662 4323 i-

471 4497 588 4568 (26)
627 4496 788 4568 Ergo.
835 4497 1114 4554 Omittitur
1143 4495 1197 4550 in
1241 4494 1424 4560 editis,
1456 4503 1512 4548 et
1557 4493 1867 4568 restituitur
1906 4509 1975 4547 ex
2009 4507 2052 4562 ι)
2084 4494 2249 4550 maris
2285 4495 2506 4558 habent,
2537 4506 2584 4548 et
2603 4494 3146 4568 congredivoluisset,
3191 4494 3400 4568 reliqua
3436 4511 3567 4552 vero
3604 4507 3664 4554 ut

401 4589 533 4630 mss.
563 4566 729 4624 Paulo
757 4582 877 4638 post
906 4569 1068 4632 editi,
1097 4576 1142 4620 et
1159 4580 1249 4635 per
1264 4575 1480 4620 vestram
1499 4566 1974 4635 congregationem.

396 4645 508 4700 Sed
543 4655 731 4694 omnes
773 4655 902 4694 mss.
927 4649 984 4692 ut
1011 4638 1064 4690 in
1089 4647 1256 4690 textu.

473 4711 588 4785 (‘27)
625 4709 768 4763 Nam
792 4711 1009 4785 quidam
1051 4708 1564 4785 auctor_h_tereseos,_
1584 4717 1691 4785 etc.
1723 4703 1856 4785 Vide
1883 4704 1980 4785 ad-

400 4774 736 4839 noiationetn
798 4774 1027 4849 primam
1077 4777 1144 4830 ad
1180 4777 1787 4849 _Africanj_epissolatn.
1837 4774 1978 4849 Infra

397 4853 566 4914 editi,
617 4861 667 4904 et
716 4845 1032 4918 descriptum
1078 4847 1359 4914 accipiens.
1413 4845 1536 4901 Mox
1584 4863 1715 4918 mss.
1771 4847 1976 4911 nostri,

397 4935 448 4980 et
471 4937 588 4993 qua:
609 4922 659 4993 ei
697 4921 866 4976 uisum
886 4916 979 4993 est
992 4917 1334 4993 permutavit,
1369 4926 1419 4970 et
1442 4916 1768 4993 circumfert,
1795 4925 1905 4993 etc.

474 4987 590 5064 (‘28)
626 4991 701 5045 Ita
732 5001 890 5064 recte_
914 4988 1066 5064 editi.
1105 4987 1231 5064 blss.
1272 5003 1400 5042 vero
1431 4988 1606 5064 nostri
1630 5026 1645 5049 ,
1685 5005 1716 5037 a
1747 5001 1826 5064 me
1869 4987 1980 5052 ipso

402 5057 583 5136 [ulla
627 5078 706 5116 me
754 5059 892 5133 ipsa]
910 5057 1240 5136 “authentica
1281 5060 1625 5136 exemplaria,
1666 5059 1836 5136 quod,
1871 5067 1978 5110 etc.

475 5126 1182 5204 (29)Arguensfomittitur
1229 5126 1474 5204 ineditis
1511 5139 1566 5182 et
1608 5129 1672 5204 in
1709 5126 1982 5204 plerisque

401 5197 1019 5270 ms‘s.,'sed'restituitur
1054 5213 1118 5270 ex
1149 5212 1249 5270 ms.
1298 5197 1486 5268 Regio,
1531 5199 1622 5268 qui
1658 5198 1980 5270 lt_a_bet,‘ar-

400 5264 564 5346 gneus
594 5289 756 5344 quare
783 5272 879 5324 hoc
907 5264 1503 5346 [ecerit._sntisfacieits,
1542 5264 1648 5346 etc.
1841 5264 1980 5320 Cor-

399 5337 642 5399 beiensi's
663 5383 680 5406 ,
714 5358 878 5413 quare
908 5337 1010 5413 hoc
1032 5338 1218 5413 fecisse
1257 5339 1426 5413 vellet,
1455 5337 1828 5413 satisfaciens,
1873 5345 1978 5390 etc.

402 5417 596 5470 Caneri
638 5407 768 5468 mss.
811 5423 867 5468 et
915 5407 1081 5473 editi,
1123 5424 1283 5477 quare
1318 5407 1413 5461 hoc
1442 5408 1670 5476 fecisset,
1702 5407 1838 5460 velut
1889 5421 1981 5459 sa-

403 5484 695 5552 tisfaciens.
737 5493 868 5545 etc.,
895 5482 1372 5552 absquenrguens.

478 5545 593 5626 (50)
629 5552 884 5626 Marcion,
929 5545 1035 5604 etc.
1057 5545 1466 5626 Vide—JIOMSPQ
1499 5547 1779 5619 Dialogum
1801 5556 1984 5626 contra

410 5616 795 5679 Mrirciom'stas
825 5624 890 5676 de
927 5631 1075 5674 recta
1103 5618 1156 5670 in
1194 5616 1359 5672 Deum
1388 5619 1512 5680 lide.
1536 5616 1674 5672 sect:
1703 5633 1740 5673 ι,
1771 5631 1824 5685 p.
1855 5617 1982 5677 806,

401 5695 531 5758 807,
559 5694 686 5752 808,
711 5701 766 5748 et
788 5692 915 5746 alibi
943 5688 1174 5760 passim;
1203 5698 1256 5741 et
1277 5687 1344 5741 ad
1369 5685 1566 5742 librum
1597 5704 1634 5742 ιι
1658 5699 1841 5741 contra
1861 5685 1983 5740 Cel-

403 5782 546 5824 sum,
579 5779 724 5818 num.
749 5763 840 5816 ‘37.

484 5834 601 5907 (51)
635 5833 760 5891 Mss.
799 5829 1126 5888 Sorbonicus
1159 5838 1208 5886 et
1239 5827 1295 5886 S.
1339 5825 1616 5886 Michaelis
1655 5829 1707 5886 in
1738 5828 1986 5889 Pcriculo

2083 4571 2134 4618 in
2177 4577 2360 4620 nostro
2395 4575 2564 4620 textu.
2593 4569 2662 4619 At
2687 4566 2865 4620 caeteri
2901 4580 3034 4621 mss.
3056 4577 3110 4620 et
3135 4567 3298 4633 editi,
3338 4577 3383 4622 et
3417 4569 3666 4631 congredi

2082 4635 2401 4691 noluisset...
2442 4648 2497 4688 ut
2538 4652 2631 4704 ego
2655 4635 2867 4708 quidem
2907 4637 3125 4705 cognovi
3155 4637 3223 4690 ad
3253 4652 3341 4692 eos
3369 4640 3457 4708 qui
3485 4636 3666 4693 Romae

2078 4717 2225 4778 erant
2250 4721 2268 4759 :
2295 4709 2383 4758 sed
2415 4721 2516 4778 non
2547 4707 2727 4759 dubito
2749 4708 2875 4774 quin
2899 4708 3054 4778 (mss.
3088 4721 3298 4773 omnes,
3335 4708 3494 4778 quod)
3517 4719 3565 4762 et
3595 4709 3665 4762 ad

2082 4776 2213 4850 alios
2231 4779 2318 4844 qui
2347 4793 2438 4846 per
2457 4777 2664 4830 diversa
2691 4785 2845 4841 sunt;
2867 4777 3087 4834 omissis
3111 4778 3332 4834 vocibus
3345 4776 3663 4850 pervenisse,

2084 4857 2136 4899 et
2161 4849 2296 4900 loca.

2154 4917 2268 4988 (52)
2301 4916 2392 4972 Sic
2418 4933 2606 4988 omnes
2654 4933 2786 4977 mss.
2831 4920 2973 4976 Editi
3013 4933 3164 4984 vero,
3198 4930 3501 4988 paraverat.
3540 4919 3662 4976 Mox

2086 4987 2220 5044 mss.
2249 4992 2337 5041 sed
2369 4987 2458 5041 ubi
2478 4989 2665 5060 raafui,
2699 5001 2746 5042 et
2776 4993 3018 5045 multis...
3051 5007 3104 5044 tu
3134 4987 3266 5046 liber
3293 4989 3586 5060 deferretur
3608 4991 3664 5044 in

2084 5060 2331 5133 medium,
2382 5059 2547 5130 stylus
2595 5075 2740 5133 meus
2783 5060 2874 5133 [ιιι.
2925 5070 3002 5126 ut,
3051 5062 3118 5114 al.
3176 5073 3223 5116 et
3270 5059 3440 5133 stglus
3483 5078 3661 5125 mens;

2084 5130 2236 5204 editi,
2263 5142 2319 5181 ut
2349 5137 2518 5182 scelus
2544 5129 2740 5204 meum]
2784 5129 3154 5204 agnosceretur
3182 5150 3213 5186 a
3253 5129 3531 5204 fratribus,
3571 5133 3661 5198 qui

2084 5202 2261 5272 tuique
2284 5210 2603 5272 cognoscunt
2645 5197 2740 5272 Sall
2795 5197 3171 5271 agnoscerent;
3213 5197 3664 5270 editi,cognosee-

2085 5269 2366 5342 rentjrqute
2408 5270 2622 5342 soleo...
2647 5269 2850 5342 'quique
2879 5288 2997 5324 cum
3023 5288 3184 5326 ausus
3235 5289 3337 5326 non
3362 5269 3516 5337 esset,
3553 5282 3661 5328 etc.

2087 5340 2514 5406 Sed’legendum
2544 5340 2841 5395 videtur‘ut
2866 5345 2920 5395 in
2945 5351 3132 5394 nOstro
3168 5352 3335 5396 textu.

2158 5410 2270 5480 (55)
2296 5409 2423 5464 Mss.
2470 5410 2802 5467 Sorbonicus
2833 5422 2889 5466 et
2924 5409 2980 5464 S.
3008 5412 3305 5474 Michaelis,
3340 5429 3445 5467 non
3474 5413 3661 5468 habeo.

2085 5480 2280 5552 Caneri
2318 5495 2452 5534 mss.
2493 5490 2548 5533 et
2593 5481 2744 5546 editi,
2783 5498 2885 5536 non
2932 5482 3111 5537 habui.
3169 5483 3334 5538 Paulo
3375 5493 3496 5552 post
3529 5498 3661 5536 mss.

2086 5551 2566 5623 uostriomittuut,
2600 5561 2754 5620 atque
2783 5553 3192 5615 obtrectationis,
3225 5567 3344 5623 quae
3371 5551 3532 5608 verba
3567 5567 3666 5606 ex-

2087 5630 2238 5676 stant
2273 5621 2324 5673 in
2355 5620 2515 5673 editis

2159 5690 2271 5761 (54)
2300 5691 2470 5752 Alias,
2500 5704 2562 5740 ac
2597 5699 2733 5742 recto
2763 5704 2938 5747 tenore
2965 5704 3304 5760 pra'suntpto.
3348 5691 3668 5761 Paulopost

2089 5758 2220 5884 te‘tlliti
2243 5774 2544 5882 periperam,
2567 5773 2669 5811 non
2699 5758 3005 5833 arguiitent‘o
3032 5761 3142 5814 solo
3169 5758 3330 5818 simili
3363 5763 3437 5816 uti
3467 5758 3562 5830 (al.
3582 5761 3669 5830 ut}

2089 5849 2104 5884 ι
2152 5847 2219 5884 ts.
2255 5847 2322 5884 set
2348 5869 2362 5884 .
2402 5839 2506 5884 etc.

2089 5832 2219 5897 illis,
2255 5833 2362 5897 sed,
2402 5839 2506 5884 etc.
