4162 6418
452 382 556 449 6§9

1340 385 1418 442 DE
1458 381 2046 441 ADULTERATIONE
2080 379 2431 438 LIBRORUM
2469 378 2808 438 ORIGENIS‘.

3583 383 3684 438 630

451 509 600 563 dices
627 507 694 563 de
722 507 918 564 talibus
945 504 1061 578 (42)
1093 503 1440 573 exemplariis
1463 504 1885 566 conscribentes,
1921 518 2017 572 per
2047 507 2093 565 Α
2122 501 2251 572 ipsis
2279 502 2366 570 qui
2401 501 2692 556 novitatem
2727 498 2992 555 sermonis
3017 499 3403 564 causabantur,
3431 500 3686 553 ostende-

451 608 616 656 totam
665 599 1189 668 Constantinopolim
1231 599 1419 651 urbem
1455 595 1747 649 maximam
1790 594 2018 648 distrahi

448 686 624 755 pretio
655 685 830 739 viliori
865 686 1133 750 fecerunt,
1163 694 1226 738 ut
1253 684 1550 752 exiguitate
1581 683 1738 752 pretii
1771 684 2017 740 homines

447 760 610 832 illecti
663 777 873 845 ignotos
909 787 963 831 et
1014 779 1241 832 latentes
1285 777 1453 832 dolos-
1486 775 1697 829 facilius
1741 790 2018 844 compara-

447 879 592 936 rent,
649 869 762 939 (45)
795 883 902 936 quo
927 884 1024 937 per
1057 871 1159 923 hoc
1185 869 1490 923 invenirent
1522 866 1756 922 haeretici
1783 868 2016 936 perﬁdiae

445 975 559 1016 suae
586 939 749 1015 fidem
782 961 918 1014 tanti
946 961 1050 1015 viri
1083 963 1406 1017 auctoritate
1433 959 1771 1027 conquirere.
1804 959 2016 1014 Accidit

448 1058 627 1104 tamen
676 1058 734 1103 ut
777 1051 981 1105 recenti
1021 1053 1197 1107 adhuc
1242 1052 1388 1110 facto
1431 1054 1650 1125 quidam
1707 1067 1776 1106 ex
1810 1052 2013 1106 nostris

445 1141 704 1199 fratribus
759 1143 1044 1198 catholicis
1123 1144 1328 1201 inventi
1383 1148 1596 1202 admissi
1642 1145 1860 1202 sceleris
1900 1144 2010 1216 (44)

444 1244 752 1290 commenta
783 1244 1109 1304 retegerent,
1163 1244 1216 1289 et
1266 1251 1330 1292 ex
1381 1248 1535 1308 parte
1565 1237 1766 1308 aliqua,
1801 1236 1845 1290 si
1876 1250 2012 1304 quos

441 1333 686 1394 possent,
711 1326 776 1381 ab
805 1328 1009 1382 erroris
1030 1326 1190 1396 hujus
1212 1328 1416 1397 laqueis
1442 1337 1782 1383 revocarent.
1817 1327 2008 1394 Quam-

440 1418 690 1486 plurimis
720 1428 898 1474 tamen
940 1419 994 1474 in
1025 1421 1131 1475 illis
1151 1421 1396 1490 partibus
1424 1431 1668 1476 sanctqu
1708 1428 1998 1491 martyrem

441 1507 774 1579 Cyprianum
807 1511 967 1581 hujus
998 1512 1148 1578 ﬁdei,
1175 1528 1294 1582 quae
1316 1528 1346 1567 a
1376 1513 1713 1568 Tertulliano
1737 1527 1840 1565 non
1867 1520 2012 1565 recte

438 1603 640 1670 scripta
674 1613 777 1670 est,
815 1604 1004 1670 fuisse,
1035 1620 1354 1676 persuasum
1388 1615 1491 1661 est.

512 1692 780 1762 Atljiciam
815 1696 994 1752 adhuc
1031 1697 1192 1753 unius
1220 1698 1346 1752 facti
1368 1697 1487 1752 talis
1517 1697 1842 1766 exemplum,
1868 1697 2009 1766 quod

439 1786 722 1842 memoriae
743 1787 962 1857 quidem
998 1790 1318 1847 recentioris
1356 1799 1440 1844 est
1471 1789 1794 1864 (commissa
1827 1799 2006 1842 autem

2129 605 2212 648 ret
2247 595 2358 665 (48)
2390 595 2443 648 in
2475 593 2655 648 libello
2693 592 2973 647 Athanasii
3004 592 3238 662 episcopi
3272 591 3533 660 scriptum
3565 605 3686 644 esse

2120 700 2425 740 sermonem
2459 687 2526 740 de
2551 700 2657 755 quo
2693 685 2919 752 quaestio
2953 685 3266 739 habebatur.
3294 684 3455 750 Quasi
3491 698 3684 738 suasus

2115 780 2224 846 jam
2255 778 2344 832 ille
2381 777 2465 832 cui
2502 777 2603 830 hoc
2633 777 2916 844 probatum
2963 776 3161 837 fuerat,
3200 773 3405 843 rogavit
3432 773 3548 826 dari
3578 771 3681 825 sibi

2118 870 2379 932 codicem,
2416 883 2524 936 quo
2549 879 2603 922 et
2629 869 2747 923 aliis
2777 866 3150 939 ignorantibus
3181 876 3233 920 et
3261 863 3683 920 contradicenti-

2119 963 2218 1016 bus
2245 961 2604 1015 satisfaceret.
2655 961 2895 1029 Accepto
2943 961 3150 1024 codice,
3183 958 3482 1012 inauditum
3515 971 3681 1012 exco-

2119 1053 2746 1125 gitavitadulterationis
2774 1053 3206 1130 genus._Locum
3251 1052 3422 1116 ipsum
3469 1051 3522 1104 in
3573 1065 3687 1120 quo.

2120 1163 2299 1204 sermo
2330 1148 2434 1201 iste
2464 1147 2698 1217 scriptus
2721 1157 2858 1211 erat,
2890 1148 3045 1210 rasit,
3077 1145 3189 1215 (49)
3239 1155 3292 1199 et
3338 1146 3511 1213 ipsum
3538 1143 3681 1213 ιδεμ

2122 1253 2333 1293 monem
2373 1254 2584 1292 rursum
2621 1236 2901 1306 rescripsit
2926 1249 3084 1304 quem
3117 1243 3343 1287 raserat.
3363 1231 3537 1286 Codex
3561 1231 3682 1285 red-

2114 1331 2259 1386 ditus
2289 1330 2609 1402 simpliciter
2639 1337 2891 1396 receptus
2919 1334 3024 1381 est.
3057 1323 3308 1379 Movetur
3336 1323 3532 1378 iterum
3583 1337 3682 1391 pro

2111 1424 2301 1476 eodem
2359 1435 2611 1476 sermone
2657 1419 2930 1490 quaestio:
2982 1419 3048 1472 ad
3093 1415 3468 1485 probationem
3506 1414 3680 1468 codex

2112 1514 2424 1584 profertur;
2454 1513 2724 1567 invenitur
2754 1525 2935 1568 sermo
2962 1511 3026 1565 de
3055 1523 3162 1579 quo
3195 1517 3313 1562 erat
3341 1508 3590 1577 qumstio,
3612 1522 3680 1562 ex

2113 1605 2270 1659 litura
2304 1606 2357 1659 in
2387 1605 2576 1661 codice
2596 1605 2838 1673 positus;
2873 1601 3007 1656 ﬁdes
3052 1599 3346 1671 prolerenti
3383 1599 3543 1653 talem
3581 1613 3678 1653 co-

2111 1698 2286 1752 dicem
2324 1698 2633 1768 derogatur,
2672 1710 2736 1750 eo
2781 1695 2924 1764 quod
2972 1694 3135 1748 litura
3185 1692 3272 1746 illa
3308 1693 3681 1760 corruptionis

2114 1803 2177 1844 ac
2203 1789 2456 1844 falsitatis
2504 1789 2778 1844 videretur
2828 1786 3111 1841 indicium.
3159 1784 3262 1840 Sed
3299 1786 3553 1856 quoniam
3599 1783 3681 1856 (ut

437 1879 695 1948 nequitia:
743 1880 1024 1949 antiquum
1065 1883 1243 1951 satis),
1281 1893 1334 1937 et
1360 1882 1502 1952 quod
1550 1896 1740 1936 omnes
1767 1888 2010 1935 veterum
2042 1895 2084 1950 Β
2114 1882 2308 1937 iterum
2344 1883 2531 1938 eadem
2557 1878 2754 1951 dicam)
2791 1879 2993 1934 viventi
3025 1881 3136 1933 haec
3166 1878 3308 1933 facta
3342 1889 3469 1934 sunt
3501 1877 3614 1948 (50)
3648 1892 3678 1933 a

439 1968 648 2026 fabulas
687 1971 889 2027 vincat.

510 2059 623 2132 (45)
662 2063 929 2119 Damasus
983 2065 1312 2135 episcopus,
1371 2080 1492 2121 cum
1560 2067 1627 2122 de
1684 2065 2008 2137 recipiendis

437 2153 862 2222 Apollinarianis
925 2155 1242 2211 deliberatio
1308 2156 1654 2224 haberetur,
1714 2156 2006 2211 editionem

436 2243 822 2299 ecclesiasticae
854 2246 997 2310 ﬁdei,
1026 2245 1138 2317 (46)
1163 2246 1250 2301 cui
1280 2245 1440 2301 iidem
1473 2247 1720 2314 editioni,
1747 2247 1790 2302 si
1823 2247 2008 2302 Eccle-

436 2335 534 2390 sia:
580 2335 734 2405 jungi
811 2336 997 2401 velint,
1051 2338 1394 2393 subscribere
1443 2339 1720 2404 deberent,
1769 2339 2011 2394 conscri-

433 2427 669 2481 bendam
722 2429 1002 2484 mandavit
1052 2430 1226 2484 amico
1275 2444 1375 2484 suo
1426 2431 1640 2484 cuidam
1691 2431 2008 2501 presbytero

436 2519 556 2573 viro
585 2519 962 2587 disertissimo,
987 2520 1080 2590 qui
1105 2522 1206 2576 hoc
1227 2517 1393 2576 illi'ex
1428 2536 1575 2574 more
1599 2521 1869 2590 negotium
1891 2536 2008 2588 pro-

433 2613 680 2668 curabat.
736 2611 1113 2671 Necessarium
1165 2616 1339 2669 visum
1381 2622 1465 2669 est
1503 2614 1727 2668 dictanti
1780 2614 1834 2670 in
1889 2615 2003 2683 ipsa

433 2705 672 2759 editione
699 2703 778 2758 De
804 2703 1182 2761 Incarnatione
1218 2706 1451 2771 Domini,
1513 2707 1787 2762 hominem
1825 2707 2008 2762 Domi-

435 2796 621 2850 nicnm
653 2796 780 2852 dici.
812 2793 1014 2853 Oilensi
1059 2808 1187 2854 sunt
1217 2799 1268 2852 iu
1304 2801 1406 2855 hoc
1438 2813 1692 2855 sermone
1721 2798 2005 2868 Apollina-

437 2887 624 2943 ristaa:
676 2893 972 2944 novitatem
1032 2894 1304 2945 sermonis
1376 2893 1629 2946 incusare
1695 2898 2002 2960 coeperunt.

436 2979 638 3035 Adesse
667 2981 768 3035 sibi
796 2981 961 3051 coepit
987 2982 1080 3052 qui
1117 2982 1449 3049 dictaverat,
1493 2992 1550 3037 et
1590 2995 1657 3036 ex
1683 2982 2006 3038 auctoritate

435 3070 550 3141 (47)
603 3082 846 3126 veterum
927 3074 1255 3145 scriptorum
1313 3075 1713 3130 catholicorum
1762 3074 2004 3128 virorum

435 3162 717 3228 confutare
746 3180 842 3220 eos
865 3165 954 3234 qui
990 3166 1398 3239 impugnabant.
1433 3169 1641 3224 Decidit
1687 3177 1744 3222 ut
1793 3169 1884 3222 uni
1937 3182 2004 3221 ex

500 3344 614 3417 (ﬂ)
641 3345 1018 3418 Exemplariis.
1040 3349 1202 3405 Deest
1226 3349 1280 3404 in
1302 3349 1485 3415 editis,
1518 3359 1573 3405 et
1608 3349 1914 3404 restituitur
1939 3363 2005 3404 ex
2034 3357 2076 3416 ο

432 3430 563 3470 mss.

510 3487 621 3559 (45)
652 3486 814 3559 Editi,
842 3504 943 3558 quo
983 3504 1074 3557 per
1119 3489 1214 3542 hoc
1251 3498 1597 3544 commentum
1631 3489 1865 3544 haeretici
1891 3506 2004 3559 per-

436 3554 579 3631 ﬁdia:
604 3554 718 3612 sua:
747 3554 902 3626 ﬁdem
938 3554 1069 3631 tanti
1101 3560 1200 3613 viri
1246 3563 1557 3615 auctoritate
1609 3554 1996 3631 conquirerent.

433 3623 544 3681 Sed
565 3623 757 3682 omnes
789 3643 919 3683 mss.
952 3639 1010 3683 ut
1031 3629 1084 3682 in
1115 3639 1300 3683 nostro
1336 3639 1504 3684 textu.

533 3697 625 3756 44)
658 3695 984 3754 Commenta.
1021 3699 1182 3763 Editi,
1220 3702 1521 3766 commissa,
1549 3701 1709 3757 male.

535 3767 626 3841 45)
657 3766 923 3841 Damasus
953 3769 1246 3841 episcopus,
1271 3787 1389 3824 cum
1411 3772 1475 3825 de
1498 3766 1809 3841 recipiendis
1837 3769 2000 3840 Apol-

435 3837 716 3912 linarianis
768 3838 1076 3912 deliberatio
1127 3837 1430 3912 haberetur,
1481 3837 2001 3912 etcfllieronyinus

436 3907 531 3964 .ih.
561 3923 601 3982 tt
633 3917 814 3982 contra
844 3908 1093 3982 Ruﬁnum
1115 3922 1134 3960 :
1171 3927 1192 3960 ί
1220 3910 1283 3963 Ει
1317 3911 1642 3980 superﬂuum
1681 3923 1809 3982 puto
1839 3907 1999 3979 aper-

437 3987 524 4052 tas
562 3978 811 4052 ineptias
853 3979 1155 4052 confutare,
1201 3994 1322 4034 cum
1368 3978 1499 4035 mihi
1553 3978 1999 4052 mea'ingeratur

437 4046 707 4122 fab_ella,_a
736 4049 940 4122 synodo
965 4048 1234 4112 videlicet,
1267 4059 1318 4122 et
1349 4052 1448 4105 sub
1474 4053 1689 4106 nomine
1719 4046 1999 4122 cujusdam

436 4117 603 4191 amici
634 4117 1149 4191 Damasikomanze
1197 4121 1349 4191 urbis
1389 4122 1628 4191 episcopi
1669 4117 1994 4191 ego’petar;

437 4189 522 4243 cui
554 4186 642 4264 ille
666 4188 1076 4264 ecclesiasticas
1125 4186 1994 4264 epistolas;'dictandas'tradiditl;

437 4256 1001 4331 etApollinariorum
1061 4256 1316 4331 versutia:
1379 4261 1794 4326 describantur;
1855 4256 1996 4331 quod

435 4328 715 4402 Athanasii
794 4330 989 4402 librum
1046 4329 1134 4383 ubi
1195 4328 1502 4386 Dominicus
1550 4332 1707 4394 horno.
1762 4328 1998 4402 scriptus

437 4409 544 4470 est,
577 4398 641 4470 ad
666 4398 962 4470 legendum
1009 4407 1310 4469 acceptum,
1348 4403 1419 4454 ita
1444 4403 1810 4470 corruperint,
1847 4398 1902 4455 ιιί
1935 4404 1987 4456 in

437 4467 601 4522 litura
631 4467 684 4522 id
718 4469 861 4537 quod
887 4467 1154 4536 raserint,‘
1185 4485 1372 4525 rursus
1403 4467 1727 4535 scriberent,
1759 4467 1816 4527 ut
1842 4471 1991 4527 scili-

439 4547 527 4592 cet
555 4553 670 4612 ηοηΔ
692 4540 759 4592 ab
789 4539 894 4593 illis
939 4538 1215 4612 falsatum,
1257 4541 1352 4596 sed
1384 4557 1413 4594 a
1449 4557 1533 4596 me
1563 4544 1804 4597 additum
1842 4552 1998 4612 puta-

439 4617 611 4663 retur.
637 4608 832 4675 Quatso
855 4620 926 4672 te,
955 4610 1128 4664 amice
1168 4613 1512 4675 charissime,
1555 4622 1613 4667 ut
1645 4613 1698 4666 in
1735 4608 1996 4668 ecclesia-

440 4679 595 4734 Sticis
620 4679 957 4752 tractatibus,
993 4680 1077 4752 ubi
1108 4679 1174 4735 de
1205 4682 1430 4736 veritate
1453 4683 1767 4751 dogmatnm
1795 4684 1993 4752 quzeri-

440 4757 552 4824 tur.
580 4759 633 4804 et
654 4750 720 4803 de
743 4749 914 4824 salute
939 4735 1240 4824 animarum
1268 4735 1995 4824 nostrarui’n’majoruinila-
2027 4735 2071 4789 D

438 4820 642 4888 gitatur
671 4821 991 4884 auctoritas,
1029 4822 1396 4888 hujuscemodi
1421 4820 1772 4877 deliramenta
1818 4824 1995 4876 dimit-

439 4899 548 4954 tas,
575 4897 630 4943 et
659 4891 1003 4960 prandiorum
1030 4906 1415 4963 ccenarumque
1447 4891 1657 4947 fabulas
1697 4909 1794 4963 pro
1835 4909 1994 4961 argu-

437 4970 624 5033 mento
641 4974 754 5033 non
785 4970 968 5014 teneas
1001 4963 1264 5019 veritatis.
1309 4963 1450 5017 Fieri
1497 4966 1640 5017 enim
1689 4972 1866 5033 potest
1915 4972 1990 5028 ut,

439 5030 654 5102 etiamsi
688 5045 718 5083 a
752 5045 838 5084 me
871 5046 1060 5085 verum
1113 5033 1328 5100 audisti,
1387 5033 1526 5087 alius
1573 5036 1660 5102 qui
1689 5030 1868 5102 'hujus
1917 5038 1992 5087 rei

440 5099 662 5174 ignarus
693 5101 966 5174 est,dicat
1001 5117 1038 5174 Aa
1083 5111 1136 5156 te
1176 5099 1727 5174 essecomposit'um;
1760 5099 1814 5156 et
1842 5105 1995 5172 quasi

439 5170 664 5224 mimum
711 5171 1065 5235 Philistionis,
1106 5171 1186 5226 vel
1234 5170 1474 5227 Lentuli'
1513 5190 1578 5228 ac
1607 5175 1828 5240 Marulli
1855 5170 1995 5229 Stro-

439 5239 600 5311 pbam
641 5240 867 5311 eleganti
902 5257 1151 5297 sermone
1193 5247 1498 5298 conﬁctam.
1549 5265 1571 5295 ν

511 5308 626 5380 (46)
686 5308 759 5365 Ita
813 5321 958 5382 recte
997 5312 1149 5382 editi.
1190 5311 1323 5368 Mss.
1379 5329 1506 5370 vero
1560 5315 1746 5379 nostri,
1801 5315 1856 5368 id
1903 5327 1999 5382 est,

439 5379 692 5448 eattioni,
737 5384 782 5435 si
823 5379 1074 5437 Ecclesiae
1125 5381 1217 5454 [ιιι.
1269 5385 1354 5438 cui
1401 5389 1447 5439 si
1492 5383 1767 5457 Ecclesiw]
1812 5379 2000 5457 jungi,

440 5460 546 5504 CIC.

502 5519 616 5590 (47)
655 5517 890 5574 Veterum
949 5521 1091 5576 Editi
1146 5537 1450 5592 perperam,
1501 5543 1639 5580 vera.
1698 5525 1821 5581 Mox
1871 5543 2001 5584 mss.

443 5588 772 5663 SDl'bDnlCllS
792 5601 846 5646 et
865 5593 924 5663 S.
953 5588 1229 5647 Michaelis
1247 5588 1308 5647 in
1328 5588 1570 5651 Periculo
1593 5599 1758 5652 maris
1782 5598 2004 5663 habent,

443 5661 589 5714 nisus
636 5672 708 5714 est
759 5661 1035 5731 confutare
1078 5679 1185 5726 eos,
1231 5673 1334 5716 etc.
1388 5665 1492 5718 Sed
1544 5669 1718 5720 caeteri
1772 5683 1904 5721 mss.
1953 5661 2007 5722 et

441 5731 574 5784 editi
631 5733 889 5786 omittunt
945 5732 1089 5786 nisus
1143 5743 1244 5789 est.
1309 5734 1514 5790 Deinde
1567 5736 1744 5801 editi,
1797 5739 2002 5792 Accidit

444 5811 496 5922 illi
543 5809 596 5923 ft
647 5818 674 5855 ι
722 5833 757 5869 .,
828 5810 932 5860 etc.
992 5803 1099 5860 Sed
1160 5818 1352 5861 omnes
1420 5820 1550 5863 mss.
1610 5807 1775 5862 nostri
1841 5819 1895 5863 ut
1953 5809 2005 5864 in

471 5885 538 5923 ex
566 5887 618 5923 tl.

471 5885 618 5927 ειιυ.

2111 1975 2342 2040 vivente,
2393 1973 2650 2029 continuo
2698 1972 2809 2041 egit
2855 1972 3035 2026 omnia
3085 1981 3144 2025 ut
3193 1970 3345 2026 fraus
3394 1971 3675 2025 commissi

2111 2063 2333 2119 sceleris
2363 2063 2678 2126 nudaretur,
2709 2073 2763 2116 et
2795 2061 3050 2132 nequitia:
3105 2062 3314 2116 macula
3375 2078 3476 2115 non
3520 2065 3677 2115 inno-

2110 2156 2252 2210 centi
2288 2155 2426 2220 viro,
2458 2154 2548 2222 qui
2584 2154 2720 2208 nihil
2770 2153 2877 2208 tale
2920 2164 3191 2223 gesserat,
3229 2154 3550 2218 adha-reret,
3584 2155 3677 2210 sed

2110 2247 2161 2300 in
2186 2256 2460 2302 auctorem
2487 2245 2616 2301 facti
2666 2257 2826 2316 atque
2848 2247 2900 2300 in
2931 2246 3237 2302 uberiorem
3263 2246 3376 2315 ejus
3399 2248 3676 2303 infamiam

2111 2339 2456 2391 redundaret.

2181 2428 2237 2483 Si
2291 2443 2418 2500 ergo
2452 2435 2507 2480 et
2550 2426 2817 2498 Origenes.
2857 2429 2978 2483 talia
3020 2431 3088 2484 ab
3122 2430 3392 2486 bzereticis
3421 2441 3475 2485 et
3513 2432 3676 2486 male-

2109 2520 2242 2572 volis
2270 2534 2326 2572 se
2349 2533 2468 2573 esse
2504 2533 2818 2588 perpessum
2851 2519 2902 2573 in
2933 2519 3156 2588 epistola
3175 2535 3268 2574 sua
3295 2521 3510 2588 propria
3546 2536 3678 2576 voce

2106 2609 2476 2679 conqueritur,
2515 2619 2572 2665 et
2623 2609 2809 2664 multis
2872 2609 2994 2664 aliis
3045 2611 3176 2665 viris
3226 2611 3512 2666 catholicis
3566 2622 3676 2666 tam

2106 2703 2246 2758 vivis
2290 2717 2449 2772 quam
2487 2703 2715 2758 mortuis
2743 2704 2932 2758 eadem
2969 2704 3306 2770 acciderunt,
3360 2705 3678 2776 similesque

2106 2795 2323 2850 fraudes
2351 2797 2564 2864 scriptis
2596 2795 2709 2867 (51)
2746 2798 3104 2866 quorumdam
3144 2797 3442 2867 probantur
3483 2797 3670 2861 illatw.

2107 2902 2227 2958 quae
2251 2887 2462 2942 tandem
2501 2888 2666 2942 animi
2704 2888 3001 2944 obstinatio
3038 2898 3140 2956 est,
3188 2888 3241 2942 in
3285 2888 3478 2958 aequali
3511 2904 3676 2943 causa

2107 2993 2212 3034 non
2249 2978 2438 3049 aequali
2469 2979 2544 3032 uti
2581 2978 2772 3046 venia;
2813 2980 2907 3034 sed
2957 2993 3024 3034 ex
3070 2979 3258 3033 iisdem
3304 2979 3675 3034 accidentibus

2108 3073 2231 3129 aliis
2256 3073 2620 3128 excusationis
2667 3071 3026 3127 reverentiam
3053 3113 3067 3139 ,
3111 3071 3232 3127 aliis
3273 3072 3675 3132 criminationis

2108 3164 2388 3221 infamiam
2423 3163 2746 3219 intendere?
2769 3163 2882 3235 (52)
2906 3163 3045 3232 Quin
3069 3164 3248 3235 potius
3275 3164 3566 3234 aperienda
3593 3176 3675 3220 est

2185 3347 2299 3419 (48)
2326 3346 2400 3419 In
2421 3346 2927 3419 (ἱὸειιογᾼΑιΙιιιηαεὶἰ,Δ
2943 3356 3047 3402 etc.
3108 3349 3188 3401 An
3221 3347 3439 3403 libellus
3470 3350 3575 3405 iste
3602 3349 3674 3405 sit

2107 3416 2346 3487 ejusdem
2379 3418 2556 3472 Patris
2581 3417 2851 3483 Expositio
2892 3416 3185 3487 ﬁdei,aqtt:£
3227 3429 3404 3474 exsmt
3451 3430 3581 3473 tom.
3630 3420 3673 3483 Ι,

2104 3498 2248 3557 part.
2285 3503 2324 3552 1,
2355 3488 2472 3558 ejus
2500 3487 2865 3558 operum,ubi
2907 3503 3030 3558 pag.
3069 3488 3174 3542 100
3197 3498 3251 3542 et
3281 3488 3404 3554 l0l,
3438 3491 3672 3548 humana

2103 3558 2304 3614 Christi
2335 3557 2526 3630 natura
2555 3557 2863 3630 Dominicus
2907 3557 3061 3630 homo
3089 3561 3285 3630 sazpjus
3333 3560 3668 3630 appellatur;

2104 3643 2171 3682 an
2195 3643 2324 3684 vero
2350 3628 2452 3682 alia
2482 3627 2674 3698 major,
2702 3641 2768 3680 ex
2801 3643 2927 3698 qua
2953 3627 3157 3696 aliquot
3186 3627 3491 3698 fragmenta
3517 3628 3672 3686 affert

2103 3698 2476 3770 Theodoretus
2493 3695 2771 3770 Diatoggsb',
2786 3695 2874 3752 ubi
2890 3695 3139 3770 Christus
3155 3708 3208 3752 et
3241 3695 3420 3770 homo,
3466 3701 3672 3770 Κυρια-

2101 3769 2196 3833 κὺς
2238 3768 2520 3840 ἄνθρωπος
2572 3767 2823 3823 similiter
2861 3769 3075 3839 dicitur,
3106 3777 3254 3826 certo
3277 3768 3530 3825 allirmari
3558 3767 3671 3826 non

2138 3848 2296 3895 otest.

2101 3854 2482 3981 Ροξῗῖὔξᾼ-Ιίτιε,
2527 3918 2573 3963 et
2602 3909 2761 3981 istum
2795 3925 3104 3981 sermonem,
3136 3920 3242 3966 etc.

2171 3978 2282 4049 (⁷50)
2319 3978 2446 4034 Mss.
2474 3995 2536 4032 ac
2570 3979 2780 4049 vigenti.
2811 3979 2917 4035 Sed
2943 3983 3134 4036 melius
3176 3981 3382 4038 habere
3409 3981 3669 4043 videntur

2098 4051 2253 4114 editi,
2294 4065 2326 4103 α
2372 4051 2591 4104 vivente.

2172 4120 2286 4202 (51.)
2309 4121 2479 4202 Alias,
2514 4135 2762 4202 eorum...
2800 4136 2917 4189 qua:
2951 4120 3162 4202 tandem
3213 4122 3510 4180 animorum
3563 4119 3664 4193 [al.

2099 4189 2287 4260 animi]
2319 4189 2584 4260 obstrictio
2617 4199 2691 4242 est
2725 4191 2779 4244 in
2818 4193 3005 4260 mquali
3040 4208 3188 4255 casu,
3219 4201 3324 4245 etc.

2170 4259 2283 4332 (52)
2311 4259 2451 4326 Quin
2473 4260 2644 4332 potius
2685 4259 2971 4332 aperienda
3005 4272 3078 4315 est
3119 4261 3214 4316 hoc
3248 4263 3302 4315 in
3335 4261 3448 4332 loco
3474 4263 3667 4319 veritas

2097 4328 2284 4395 latens,
2329 4341 2435 4384 etc.
2475 4328 3006 4401 Hieronymusglib.
3053 4347 3091 4388 tl
3141 4343 3320 4386 contra
3365 4331 3618 4400 Ruﬁnum
3645 4348 3666 4385 :

2103 4419 2121 4450 ‹
2151 4404 2264 4466 Quo
2289 4414 2392 4453 non
2422 4399 3670 4482 perveniat'se'rnel_ellrenata,temeritasiPost

2097 4470 2716 4543 excommunicationem
2743 4470 2962 4543 _l_1_ilarii,
3020 4482 3143 4542 post
3189 4473 3449 4543 Cypriani
3500 4472 3664 4543 ψευδ-

2098 4542 2406 4613 επίγραφον
2438 4540 2721 4613 ha:reseos_
2743 4541 2955 4613 librum,
2977 4540 3099 4613 post
3123 4540 3404 4598 Athanasii
3426 4540 3525 4597 me
3540 4546 3667 4597 dor-

2099 4611 2340 4664 mitante
2370 4611 2622 4674 lituram,
2681 4611 2841 4665 simul
2883 4621 2939 4664 et
2979 4611 3433 4680 inscriptionem,
3486 4616 3666 4680 erupit

2101 4681 2387 4752 aliquando
2436 4691 2643 4752 contra
2670 4696 2860 4752 papam
2914 4683 3292 4751 Epiphaniam,
3332 4685 3665 4752 etgtlolorem

2100 4751 2340 4820 pectoris
2376 4751 2480 4814 sui,
2509 4751 2785 4819 quodcum
2805 4753 2854 4803 in
2875 4755 3098 4819 epistola
3117 4769 3276 4822 quam
3298 4754 3362 4807 ad
3387 4751 3663 4810 Joannem

2101 4823 2410 4894 episcopum
2436 4823 2752 4890 scripserat,
2781 4822 3092 4877 lttBrelicum
3116 4825 3317 4894 arguit,
3343 4824 3396 4877 in
3412 4824 3666 4894 Apologia

2101 4909 2194 4959 pro
2228 4890 2452 4960 Origene
2488 4893 2700 4961 digerit,
2734 4903 2786 4947 et
2815 4895 2899 4946 his
2929 4908 2988 4947 se
3027 4890 3367 4949 sermonibus
3418 4890 3667 4949 consola-e

2105 4974 2189 5032 tur
2223 4977 2236 5014 :
2275 4962 2414 5026 Quin
2460 4967 2632 5029 potius
2667 4963 2946 5032 aperienda
3004 4977 3075 5018 est
3101 4965 3269 5017 hocin
3308 4963 3422 5017 loco
3473 4965 3664 5020 veritas

2101 5031 2285 5104 latens.
2318 5032 2756 5104 i_'l‘um_prolatis
2802 5033 2884 5087 his
2914 5049 3032 5102 qua:
3061 5045 3358 5104 sequuntur
3389 5051 3563 5104 usque
3598 5036 3666 5091 ad

2105 5101 2205 5155 ista
2258 5101 2418 5156 verba
2451 5122 2462 5156 :
2495 5101 2767 5166 Quomodo
2821 5101 2942 5173 ergo
2994 5105 3090 5157 iste
3136 5101 3319 5158 merito
3367 5101 3663 5160 audiendus

2105 5182 2200 5236 est,
2230 5189 2347 5244 cum
2385 5190 2471 5226 eos
2500 5173 2672 5240 culpat
2715 5175 2804 5244 qui
2826 5173 3184 5229 instructionis
3213 5190 3322 5227 sure
3352 5191 3513 5227 causa
3546 5192 3664 5242 per-

2104 5259 2273 5313 pauca
2297 5242 2431 5313 citis,
2469 5244 2610 5297 salva
2645 5242 2766 5313 ﬁdei
2798 5245 2974 5313 regula
3006 5257 3160 5312 atque
3204 5247 3405 5312 integra
3448 5248 3660 5312 pietate,

2106 5311 2378 5384 (egerunt?
2405 5314 2576 5384 pergit
2602 5311 2992 5384 Hieronymus:
3025 5334 3044 5365 ι
3070 5311 3170 5381 Qui
3195 5311 3323 5368 sunt
3340 5311 3455 5380 isti,
3481 5317 3570 5384 qui
3607 5317 3659 5369 in

2108 5381 2346 5436 Ecclesia
2369 5381 2642 5452 disputare
2661 5381 2818 5439 latius
2836 5385 3046 5440 solent?
3068 5386 3165 5450 Qui
3195 5385 3361 5440 libros
3387 5381 3662 5440 scribere?

2109 5452 2211 5517 Qui
2248 5460 2415 5506 totum
2443 5457 2508 5524 de
2546 5454 2779 5523 Origene
2826 5455 3117 5524 loquuntur
3143 5465 3197 5509 et
3235 5457 3521 5509 scribunt?
3554 5454 3656 5520 Qui

2108 5524 2356 5596 dum_sua
2393 5523 2586 5596 nolunt
2618 5524 2760 5579 furta
2792 5523 3065 5596 cognosci,
3096 5527 3376 5596 etingrati
3430 5535 3556 5579 sunt
3606 5529 3658 5578 in

2109 5591 2448 5664 magistrum,
2483 5593 2688 5664 idcirco
2717 5591 2988 5664 simplices
3015 5598 3079 5649 ab
3123 5591 3267 5650 illius
3305 5596 3535 5650 lectione
3561 5601 3660 5651 de-

2114 5661 2354 5735 terrent?
2374 5661 2696 5735 Nominatim
2713 5661 2891 5735 debes
2921 5666 3122 5728 dicere,
3154 5674 3209 5717 et
3239 5667 3383 5735 ipsos
3412 5667 3662 5720 homines

2110 5731 2386 5803 denotare.
2412 5731 2552 5803 Ergo
2584 5733 2724 5803 beati
2753 5737 2990 5803 episcopi
3019 5731 3362 5803 AnaStasius,
3398 5745 3450 5789 et
3479 5735 3659 5788 Theo-

2112 5801 2312 5867 philus,
2348 5812 2401 5855 et
2432 5800 2712 5861 Venerius,
2747 5800 2806 5856 ei.
2834 5800 3201 5863 Chromatius,
3247 5815 3300 5856 et
3348 5805 3522 5857 omnis
3549 5813 3660 5855 tam

2114 5870 2348 5929 Orientis
2382 5885 2544 5942 quam
2589 5868 3360 5950 Occidentis_Catltolicorum
3408 5874 3662 5943 synodus,
