4162 6428
507 333 607 391 651

1136 332 1367 390 RUFINI
1406 332 1609 389 usus
1644 332 1733 389 ne
1771 329 2356 390 ADULTEBATIONE
2389 327 2746 386 LIBRORUM
2781 316 3123 387 ontcENIS.

3635 332 3739 390 632

515 451 618 504 hoc
649 449 700 502 in
727 446 846 502 loco
877 445 1078 501 veritas
1122 445 1322 525 latens.
1361 446 1476 502 Non
1521 449 1661 503 enim
1709 448 1967 519 possibile
1997 455 2080 502 est
2108 451 2152 508 Α
2189 446 2306 514 ejus
2333 445 2481 502 salva
2510 443 2633 500 ﬁdei
2665 444 2868 517 regula,
2898 454 3060 517 atque
3090 446 3297 518 integra
3341 447 3543 518 pietate
3594 449 3738 522 lege-

509 551 620 596 tam
652 537 1057 610 iniquojudicio
1106 539 1182 592 uti
1227 553 1552 612 quemquam
1581 542 1880 608 hominum,
1919 551 1976 594 ut
2011 541 2077 595 de

507 645 671 686 causa
701 627 892 698 aequaii
924 644 1028 683 non
1059 629 1342 699 aequaliter
1377 632 1598 686 sentiat.
1653 633 1757 686 Sed
1788 631 1929 701 quod
1975 647 2074 685 au-

507 732 686 777 ctores
719 722 1147 776 obtrectatorum
1177 722 1294 794 ejus
1326 723 1362 779 ii
1391 733 1516 780 sunt
1541 725 1630 794 qui
1659 724 1738 779 vel
1757 724 1809 779 in
1837 724 2074 782 Ecclesia

509 814 784 883 disputare
829 810 990 868 latius
1039 814 1234 882 solent,
1277 815 1359 870 vel
1399 816 1562 870 etiam
1595 816 1761 872 libros
1809 817 2070 883 scribere,

509 906 602 975 qui
637 917 808 960 totum
838 906 904 962 de
937 905 1168 977 Origene
1216 907 1301 962 vel
1347 907 1640 978 loquuntur
1673 909 1757 964 vel
1804 911 2070 975 scribunt,

509 995 624 1067 (55)
671 1012 738 1052 ne
771 1013 898 1067 ergo
921 998 1099 1066 plures
1131 999 1366 1068 ipsorum
1417 999 1557 1053 furta
1580 1011 1928 1071 cognoscant.
1953 1017 2074 1073 quae

505 1087 714 1156 'utique,
755 1088 798 1140 si
835 1087 1030 1158 ingrati
1061 1088 1112 1140 in
1144 1088 1462 1158 magistrum
1493 1104 1596 1142 non
1626 1099 1826 1154 essent,
1867 1104 2071 1160 nequa-

505 1193 668 1248 quam
692 1180 981 1233 criminosa
1007 1179 1335 1244 viderentur,
1364 1179 1720 1250 simpliciores
1744 1196 1983 1253 quosque
2005 1181 2073 1237 ab

505 1268 624 1340 ejus
651 1268 890 1325 lectione
923 1271 1216 1328 deterrent.

579 1360 694 1432 (54)
723 1360 967 1432 Denique
995 1363 1216 1432 quidam
1242 1378 1309 1418 ex
1339 1363 1490 1434 ipsis,
1526 1367 1617 1436 qui
1648 1381 1708 1421 se
1735 1364 1881 1420 velut
1905 1379 2071 1419 evan-

505 1449 797 1521 gelizandi,
827 1451 1201 1507 necessitatem
1247 1468 1347 1523 per
1400 1469 1589 1512 omnes
1637 1465 1826 1522 gentes
1875 1463 1931 1509 et
1975 1469 2072 1524 per

505 1555 694 1596 omnes
729 1541 937 1612 linguas
969 1541 1167 1597 habere
1227 1553 1379 1614 putat
1412 1547 1480 1602 de
1515 1546 1746 1617 Origene
1777 1547 1918 1602 male
1943 1546 2063 1620 (55)

507 1633 779 1702 loquendi,
808 1649 899 1688 sex
933 1634 1100 1688 millia
1128 1625 1390 1691 librorum
1423 1636 1538 1707 ejus
1559 1654 1617 1694 se
1642 1638 1856 1710 legisse,
1887 1654 2073 1709 quam-

505 1725 733 1794 plurima
785 1725 1012 1780 fratrum
1067 1726 1416 1783 multitudine
1463 1729 1735 1795 audiente,
1785 1730 2068 1786 confessus

507 1823 608 1871 est.
644 1815 745 1883 Qui
779 1815 824 1870 si
853 1815 1058 1886 utique,
1089 1824 1150 1871 ut
1198 1816 1312 1888 ipse
1357 1817 1536 1873 dicere
1563 1819 1718 1885 solet,
1748 1833 1846 1888 pro
1867 1833 2069 1889 cogno-
2106 1805 2148 1860 Β

507 1907 722 1964 scendis
760 1909 916 1963 malis
945 1907 1062 1978 ejus
1097 1907 1328 1979 legebat,
1351 1910 1599 1965 suﬂicere
1632 1919 1876 1980 poterant
1900 1910 1948 1964 ei
1979 1910 2076 1963 de-

505 2014 620 2055 cem
644 1999 766 2055 libri
799 2001 864 2056 ad
898 2003 1358 2072 cognoscendum,
1411 2012 1506 2057 aut
1551 2002 1742 2072 viginti
1775 2013 1946 2070 certe,
1990 2002 2075 2056 vel

505 2100 563 2145 ut
593 2092 884 2162 plurimum
939 2095 1178 2162 triginta.
1223 2094 1327 2150 Sex
1381 2095 1544 2149 millia
1579 2106 1763 2149 autem
1794 2095 1960 2150 libros
1993 2095 2072 2150 le-

504 2197 651 2252 gere,
683 2183 792 2253 jam
825 2199 929 2238 non
965 2184 1100 2240 velle
1127 2199 1458 2256 cognoscere
1485 2194 1589 2250 est,
1617 2186 1711 2240 sed
1746 2192 1913 2239 totam
1937 2199 2074 2254 pene

505 2275 668 2330 vitam
735 2290 886 2331 suam
936 2275 1232 2347 disciplinis
1295 2276 1412 2348 ejus
1489 2285 1541 2332 et
1611 2276 1802 2331 studiis
1855 2276 2068 2330 dedere.

503 2364 780 2433 Quomodo
834 2382 964 2437 ergo
1021 2368 1214 2423 merito
1258 2369 1362 2423 iste
1409 2367 1709 2423 audiendus
1768 2376 1890 2432 est,
1947 2381 2070 2421 cum

503 2472 596 2513 eos
650 2458 830 2527 culpat
871 2460 961 2528 qui
1014 2459 1388 2514 instructionis
1444 2473 1555 2514 sua:
1597 2473 1758 2513 causa
1802 2474 2068 2528 perpauca

570 2648 616 2679 "
645 2647 664 2700 ι
695 2645 882 2702 Thess.
913 2663 967 2711 v,
995 2649 1085 2702 Eli.

501 2805 625 2874 quia
674 2806 788 2873 pari
832 2806 1118 2868 sententia,
1151 2805 1276 2871 quia
1322 2803 1437 2872 pari
1511 2814 1561 2858 et
1618 2803 1844 2872 spiritu,
1908 2802 2065 2874 illum

500 2873 816 2929 bmrettcum
847 2877 1168 2929 denuntiant
1193 2876 1423 2943 populis,
1453 2874 1601 2928 fures
1627 2875 1882 2928 librorum
1917 2873 2062 2927 illius

501 2945 772 3016 iudicandi
805 2953 934 2999 sunt
966 2963 979 2998 :
1030 2955 1086 3002 et
1131 2949 1346 3016 quando
1380 2947 1432 2999 in
1473 2945 1715 3016 ecclesiis
1753 2945 2068 3016 praedicant,

505 3031 614 3070 non
671 3015 1076 3086 Scripturarum
1131 3012 1420 3086 mysteria,
1478 3017 1574 3070 sed
1625 3013 1874 3082 Origenis
1927 3012 2070 3067 furta

505 3081 972 3139 commemorant?
1000 3084 1113 3139 Non
1150 3081 1248 3139 tibi
1277 3086 1469 3139 sullicit
1495 3087 1698 3154 passim
1728 3081 1917 3139 contra
1947 3099 2064 3136 om-
2098 3081 2139 3138 C

506 3171 606 3209 nes
645 3157 989 3219 detrectatio,
1030 3157 1132 3212 nisi
1179 3156 1486 3224 specialiter
1517 3164 1706 3209 contra
1751 3155 1968 3207 beatum
2006 3163 2060 3206 et

510 3227 778 3293 insignem
830 3225 1085 3280 Ecclesiae
1140 3227 1473 3280 sacerdotem
1513 3227 1637 3295 styli
1692 3227 1766 3277 tui
1822 3225 2066 3277 lanceam

509 3294 748 3364 dirigas?
780 3295 909 3362 Quis
941 3305 1023 3350 est
1060 3295 1167 3362 ille,
1210 3296 1301 3364 qui
1329 3295 1473 3349 velut
1506 3294 1885 3349 necessitatem
1909 3308 2067 3346 evan-

2177 537 2342 592 runt?

2251 629 2362 702 (56)
2391 629 2671 685 Suliiciant
2701 629 2816 685 haec
2858 629 2925 684 ad
2967 629 3362 684 ostendendum
3408 630 3641 700 qualiter
3674 634 3739 689 de

2178 720 2430 791 Orlgenis
2455 721 2609 779 libris
2631 722 2970 777 sentiendum
3006 721 3096 777 sit.
3132 719 3198 775 Et
3222 731 3353 792 puto
3375 724 3525 793 quod
3559 724 3740 780 omnis

2177 815 2267 885 qui
2301 830 2407 870 non
2435 813 2821 880 contentionis,
2874 814 2968 868 sed
3009 812 3257 869 veritatis
3297 815 3531 872 studium
3577 818 3739 887 gerit,

2176 908 2336 964 facile
2364 907 2448 962 his
2479 917 2590 961 tam
2621 905 2956 962 evidentibus
2983 905 3376 961 assertionibus
3408 909 3739 978 acquie‘scat.

2175 999 2326 1064 Quod
2361 999 2404 1052 si
2445 999 2565 1067 quis
2592 997 2644 1051 in
2674 997 3020 1052 contentione
3064 1010 3160 1050 sua
3204 1007 3502 1066 permanet,
3531 1014 3629 1056 nos
3660 1009 3740 1055 ta-

2175 1093 2278 1144 1cm
2317 1089 2772 1146 consuetudinem
2801 1103 2907 1144 non
2940 1089 3224 1145 habemus.
3263 1089 3548 1144 Deﬁnitum
3594 1091 3740 1146 enim

2174 1190 2259 1236 est
2305 1181 2442 1251 apud
2489 1195 2608 1246 nos,
2657 1178 2927 1250 siquando
2969 1193 3092 1234 eum
3147 1179 3396 1250 legimus,
3447 1182 3740 1238 secundum

2174 1275 2348 1330 sancti
2379 1273 2624 1344 Apostoli
2665 1273 3142 1330 commonitionem
3202 1283 3387 1329 tenere
3437 1289 3556 1344 qua:
3601 1275 3740 1331 bona

2174 1365 2388 1422 sunt".
2424 1365 2480 1420 Si
2509 1365 2635 1435 quid
2670 1375 2850 1419 autem
2888 1366 3163 1421 inventum
3204 1365 3369 1421 fuerit
3409 1367 3460 1420 in
3493 1367 3577 1422 bis
3599 1368 3740 1441 quod

2176 1473 2298 1513 cum
2332 1457 2437 1511 ﬁde
2465 1456 2732 1510 catholica
2765 1471 2871 1510 non
2895 1467 3176 1521 consonat,
3218 1457 3319 1511 hoc
3362 1466 3417 1511 et
3460 1456 3528 1511 ab
3569 1457 3741 1522 hatre-

2178 1548 2300 1603 ticis
2325 1547 2666 1618 suspicamur
2700 1548 2987 1614 insertum,
3013 1557 3067 1602 et
3103 1559 3209 1602 tam
3264 1549 3332 1604 ab
3370 1549 3516 1604 illius
3553 1564 3740 1614 sensu,

2173 1655 2333 1711 quam
2369 1656 2400 1695 a
2434 1649 2616 1696 nostra
2640 1639 2742 1695 ﬁde
2779 1639 3023 1695 ducimus
3064 1639 3324 1694 alienum.
3357 1639 3411 1693 ιη
3442 1655 3549 1711 quo
3575 1625 3742 1696 etiam

2173 1731 2215 1784 si
2239 1729 2492 1796 lallimur,
2524 1729 2696 1795 nihil,
2725 1740 2784 1784 ut
2817 1731 3028 1800 opinor,
3075 1731 3299 1800 periculi
3339 1730 3454 1800 (57)
3495 1731 3742 1802 hujusce-

2179 1819 2321 1872 modi
2349 1833 2534 1872 errore
2559 1817 2910 1872 incurrimus.
2948 1817 3081 1871 Nam
3107 1827 3160 1872 et
3187 1817 3312 1888 ipsi,
3349 1819 3458 1872 Deo
3491 1815 3741 1886 juvante,

2177 1924 2556 1985 permanemus
2597 1908 2777 1973 illaesi,
2809 1908 3030 1963 vitando
3059 1923 3122 1964 ea
3151 1925 3270 1980 qua:
3301 1918 3549 1978 suspecta
3577 1901 3742 1965 habe—

2179 2018 2318 2068 mus,
2343 2011 2398 2056 et
2431 2001 2829 2071 improbamus,
2873 2010 2926 2056 et
2969 2011 3314 2056 accusatores
3357 2000 3584 2056 fratrum
3632 2017 3740 2058 non

2177 2091 2516 2146 inveniemur
2563 2092 2704 2161 apud
2756 2091 2953 2156 Deum,
3025 2092 3149 2161 quia
3200 2091 3400 2147 diaboli
3463 2092 3740 2162 proprium

2176 2183 2279 2238 hoc
2332 2197 2467 2252 opus
2524 2197 2642 2238 esse
2692 2182 2891 2238 dicitur
2947 2182 3245 2238 accusandi
3301 2182 3552 2239 fratres:
3601 2184 3740 2240 unde

2179 2287 2233 2330 et
2280 2276 2395 2345 (58)
2441 2275 2686 2330 diabolus
2725 2289 2754 2328 a
2802 2274 3140 2331 criminando
3172 2291 3370 2331 nomen
3420 2277 3739 2347 accepit”:

2177 2367 2336 2422 simul
2385 2375 2442 2420 et
2502 2366 2889 2422 maledicorum
2946 2367 3270 2423 sententiam
3325 2382 3445 2436 quas
3492 2382 3521 2422 a
3577 2383 3742 2440 regno

2177 2457 2272 2512 Dei
2326 2456 2543 2527 separat
2599 2473 2694 2514 eos
2757 2459 2856 2528 qui
2927 2458 3062 2513 tales
3135 2466 3263 2513 sunt
3311 2458 3357 2490 ’⁸
3399 2499 3414 2524 ,
3483 2457 3740 2515 declina-

2175 2564 2313 2604 mus.

1164 2649 1208 2679 ’³
1242 2647 1407 2717 Apoc.
1464 2664 1567 2712 xu,
1625 2648 1706 2706 l0.
1785 2649 1828 2679 ⁹⁶
1874 2649 1888 2701 l
1929 2647 2052 2703 Cor.
2083 2664 2156 2713 vt,
2196 2646 2283 2701 10.

2174 2799 2468 2872 criminosi]
2500 2801 2821 2867 viderentur,
2863 2818 3024 2872 neque
3050 2802 3392 2868 simpliciores
3415 2817 3648 2872 quosque
3673 2803 3738 2855 ab

2171 2873 2288 2942 ejus
2335 2871 2557 2926 lectione
2590 2871 2943 2926 deterrerent.
2985 2871 3090 2942 sed
3125 2887 3316 2926 onines
3362 2887 3490 2924 mss.
3524 2871 3578 2925 et
3612 2872 3739 2925 Hie-

2180 2941 2440 3014 ronymus
2483 2943 2581 2998 lib.
2637 2959 2679 2998 tt
2729 2947 2980 2997 adversus
3013 2941 3283 3011 Ruﬁnum,
3337 2951 3393 2995 ut
3443 2942 3497 2995 in
3555 2951 3740 2997 nostro

2183 3023 2351 3067 lCXlll.

2246 3083 2359 3154 (54)
2399 3084 2630 3154 Denique
2655 3083 2869 3154 quidam
2900 3099 2966 3135 ea:
2990 3082 3140 3154 ipsis,
3156 3081 3252 3154 qui
3275 3097 3328 3134 se
3353 3080 3740 3154 pelug_evange~

2172 3150 2395 3218 liznndi,
2455 3150 2560 3208 etc.
2604 3150 2985 3208 Genebrardus
3020 3151 3327 3222 crediderat
3352 3151 3438 3204 hic
3468 3150 3740 3222 l-lieronyA

2165 3239 2310 3276 mum
2349 3226 2522 3278 notari
2566 3242 2580 3278 :
2619 3239 2739 3293 qua:
2765 3233 2944 3276 tanien
2977 3225 3139 3276 verba
3171 3221 3235 3293 ad
3266 3222 3480 3274 beatum
3508 3221 3740 3290 Epipha-

2165 3293 2312 3346 nium
2343 3303 2611 3363 spectant,
2639 3292 2804 3363 ’sicut
2831 3293 2884 3346 in
2927 3292 3193 3362 superiori
3246 3301 3406 3363 nota_
3426 3294 3739 3363 ostenditur

507 3359 777 3436 geliiandi
804 3359 910 3434 'per
934 3380 1124 3420 omnes
1153 3359 1340 3436 gentes
1381 3373 1437 3419 et
1480 3380 1578 3434 per
1619 3379 1810 3436 omnes
1857 3365 2066 3436 linguas
2163 3377 2227 3436 ex
2263 3359 2387 3432 ipso
2405 3363 2734 3436 Hieronymo
2759 3362 2866 3436 _|_i_b.
2917 3377 2954 3415 tt
2995 3359 3252 3436 aduersus
3288 3359 3561 3436 Ruﬁnum.
3594 3361 3740 3436 Idem

504 3431 711 3489 habere
741 3431 1006 3504 se‘putat,
1063 3436 1127 3490 de
1156 3431 1404 3504 'Origene
1457 3431 1596 3489 male
1646 3433 1942 3502 loquendi?
1971 3434 2063 3502 qui
2163 3431 2522 3503 Hieronymus
2545 3431 2728 3504 eodem
2759 3432 2853 3504 lib.
2882 3447 2959 3504 tt,
2980 3433 3138 3500 paulo
3164 3446 3324 3504 supra
3348 3432 3593 3504 dixerat:
3621 3449 3641 3504 ς
3665 3431 3741 3486 Ne

507 3520 602 3576 sex
636 3505 800 3560 millia
834 3507 1096 3576 librorum
1125 3507 1243 3575 ejus
1288 3522 1346 3560 se
1400 3504 1610 3576 legisse,
1663 3505 2060 3576 quamplurima

506 3573 737 3629 fratrum
788 3575 1129 3630 multitudine
1156 3573 1474 3641 audiente;
1509 3573 1791 3630 confeSsus
1828 3573 1956 3628 est?
2001 3573 2058 3626 In

507 3654 613 3714 qua
644 3645 985 3700 multitudine
1019 3654 1072 3700 et
1105 3656 1321 3702 caterva
1351 3645 1579 3698 fratrum
1616 3655 1670 3699 tu
1705 3659 1918 3713 quoque
1949 3659 2060 3697 me-

508 3715 630 3784 dius
659 3730 799 3777 eras,
833 3716 1157 3784 quandoille
1181 3717 1232 3771 in
1256 3731 1350 3770 sua
1386 3716 1618 3784 Epistola
1655 3717 1917 3784 queritur,
1964 3729 2062 3784 pro

506 3783 758 3855 Origenis
779 3782 970 3840 haeresi
999 3785 1202 3841 nefaria
1235 3802 1265 3841 a
1295 3798 1344 3840 te
1373 3782 1624 3854 dogmata
1654 3782 1772 3840 esse
1810 3782 2064 3852 prolata?

508 3855 730 3926 Qrimini
763 3857 810 3912 ei
843 3857 1076 3910 dandum
1117 3868 1200 3912 est
1246 3871 1410 3923 quare
1441 3857 1708 3924 Graecam,
1757 3855 1979 3926 Syram,
2011 3863 2066 3908 et

509 3923 810 3997 llebraaam,
838 3936 892 3980 et
920 3925 1291 3997 Egyptiacam
1320 3928 1579 3997 linguam,
1603 3942 1668 3981 ex
1694 3923 1852 3997 parte
1881 3936 1934 3997 et
1960 3925 2064 3979 La-

511 3996 678 4068 tinam
712 3996 961 4068 noverit?
993 3995 1134 4068 Ergo
1162 4007 1216 4052 et
1239 3995 1490 4065 apostoli,
1530 4007 1586 4053 et
1627 3995 1903 4066 apostolici
1938 3997 2064 4058 viri,

507 4065 621 4136 qui
647 4065 842 4136 linguis
890 4065 1263 4136 loquebantur,
1321 4069 1373 4121 in
1426 4065 1859 4122 erimine’sunt:
1897 4075 1950 4121 et
1979 4080 2064 4119 me

512 4135 844 4208 trilinguem,
878 4137 1136 4208 bilinguis
1165 4138 1281 4208 ipse
1317 4137 1556 4192 ridebis?
1596 4138 1668 4192 De
1701 4153 1796 4192 sex
1825 4136 2066 4208 millibus

509 4214 688 4277 autem
722 4207 979 4261 librorum
1005 4207 1033 4274 ,⁷
1057 4207 1199 4277 quos
1225 4208 1292 4261 ab
1326 4223 1390 4262 eo
1430 4209 1596 4262 lectos
1627 4223 1749 4262 esse
1782 4207 2064 4274 contingis,

508 4275 630 4344 quis
654 4279 840 4330 credet
887 4287 977 4330 aut
1023 4275 1090 4332 ιε’
1117 4293 1304 4333 verum
1347 4280 1605 4342 dicerem,
1654 4287 1745 4330 aut
1785 4277 1931 4330 illum
1963 4292 2064 4345 po-

508 4347 678 4418 tuisse
705 4346 1053 4418 mentiri?Si
1097 4349 1235 4403 enim
1267 4349 1528 4418 Origenes
1577 4362 1671 4401 sex
1715 4349 1878 4414 millia
1932 4347 2070 4401 scri-

509 4416 703 4488 psisset
736 4417 1017 4488 librorum,
1037 4427 1286 4488 potuerat
1312 4416 1428 4472 lieri
1461 4427 1518 4470 ut
1544 4417 1627 4471 vir
1651 4418 2067 4488 eruditissimus,

509 4494 565 4538 et
595 4487 662 4541 ab
698 4485 922 4541 infantia
962 4485 1133 4543 sacris
1162 4489 1356 4543 litteris
1384 4489 1685 4552 institutus,
1717 4504 1813 4556 pro
1835 4487 2070 4542 curiosi-

511 4563 624 4628 tate
649 4565 702 4628 et
735 4556 961 4611 scientia
996 4557 1213 4628 legisset
1239 4561 1435 4611 aliena.
1467 4557 1618 4628 Quod
1650 4572 1782 4628 vero
1833 4558 1922 4611 ille
1962 4572 2066 4611 non

508 4625 751 4698 scripsit,
800 4625 1073 4698 quomodo
1122 4627 1221 4683 iste
1251 4628 1428 4698 legere
1459 4627 1665 4698 potuit?
1712 4626 1946 4698 Numera
1986 4628 2072 4698 ign-7-

509 4694 658 4768 dices
684 4694 946 4768 librorum
972 4697 1108 4765 ejus,
1145 4699 1235 4768 qui
1267 4694 1328 4750 in'
1361 4694 1520 4752 tertio
1551 4697 1820 4752 volumine
1855 4697 2072 4752 Eusebii

508 4765 563 4817 in
609 4780 716 4838 quo
756 4767 977 4835 scripsit
1021 4765 1184 4838 vitam
1238 4768 1552 4838 Pamphili,
1600 4769 1985 4823 continentur:
2018 4773 2074 4821 et

509 4848 617 4907 non
653 4836 774 4890 dico
809 4851 904 4890 sex
936 4837 1124 4902 millia,
1149 4837 1242 4891 sed
1272 4836 1484 4892 tertiam
1512 4847 1720 4906 partem
1766 4852 1871 4892 non
1920 4851 2073 4907 repe-

506 4905 646 4978 ries.
691 4907 962 4964 Habemus
1007 4908 1285 4978 epistolam
1321 4905 1614 4977 supradicti
1662 4905 1994 4978 pontiﬁcis,
2024 4909 2078 4962 in

508 4988 613 5042 qua
635 4977 758 5032 huic
771 4977 1056 5033 calumniae
1073 4988 1197 5045 tuas,
1217 4979 1342 5034 dum
1364 4979 1544 5034 adhuc
1580 4991 1730 5032 esses
1755 4979 1808 5032 in
1825 4977 2071 5040 Oriente,

508 5049 822 5121 respondet,
849 5059 903 5104 et
932 5049 1333 5121 apertissimum
1368 5048 1706 5104 mendacium
1739 5047 1907 5104 libera
1930 5050 2073 5102 veri-

508 5118 636 5169 tatis
669 5117 846 5174 fronte
874 5117 1138 5174 confutat.
1169 5138 1188 5170 ι

578 5185 692 5261 (55)
719 5190 899 5261 Editi,
913 5205 975 5245 ne
998 5206 1120 5261 ergo
1147 5190 1304 5260 plura
1331 5205 1514 5244 eorum
1533 5188 1681 5259 furta
1703 5197 2078 5261 cognoscantur

505 5272 622 5329 qua:
654 5257 753 5332 [aL
791 5260 905 5332 qui]
938 5257 1235 5332 utique..."
1281 5257 1611 5332 nequaquam
1647 5257 1928 5318 criminosa
1977 5257 2072 5332 [al.

2168 3517 2256 3555 me
2284 3501 2462 3557 mittas
2493 3503 2557 3556 ad
2590 3517 2682 3557 sex
2716 3503 2880 3556 millia
2909 3502 3166 3557 librorum
3207 3501 3344 3569 ejus,
3369 3517 3506 3570 quos
3535 3501 3740 3572 legisse

2171 3573 2387 3626 beatum
2419 3574 2778 3643 Epiphanium
2813 3574 3147 3627 criminaris:
3197 3572 3290 3643 sed
3333 3573 3447 3642 ipsa
3481 3573 3594 3626 loca
3641 3587 3741 3627 no—

2171 3644 2340 3706 mina,
2369 3663 2388 3696 ›
2410 3642 2598 3698 ειείΕι
2635 3643 2726 3697 lib.
2751 3658 2808 3696 Ill
2837 3661 2849 3695 :
2875 3662 2892 3694 ι
2922 3643 3203 3712 Simulque
3224 3642 3390 3695 risum
3418 3651 3599 3697 tenere
3625 3657 3733 3697 non

2209 3727 2412 3778 ossum,
2447 3715 2589 3782 quod
2638 3729 2668 3766 a
2694 3715 2929 3784 quodam
2971 3715 3234 3784 prudente
3265 3713 3647 3784 commonitus,
3679 3714 3736 3767 in

2193 3785 2360 3838 audes
2415 3782 2727 3855 Epiphanii'
2760 3799 3078 3855 personas,
3111 3783 3340 3855 Hic_est
3391 3782 3479 3855 ille
3535 3783 3742 3855 delirus

2172 3867 2334 3907 senex
2355 3871 2370 3914 ;
2391 3852 2479 3908 hic
2500 3852 2583 3909 est
2600 3854 3190 3923 anthropomorphites,
3221 3852 3310 3906 hic
3330 3854 3420 3918 qui
3447 3867 3540 3923 sex
3571 3852 3740 3923 millia

2172 3923 2425 3993 Origenis
2459 3924 2627 3980 libros
2657 3934 2710 3979 te
2738 3922 3006 3994 praesente
3045 3924 3318 3994 cantavit;
3373 3922 3463 3991 qui
3494 3922 3738 3994 omnium

2172 3992 2410 4079 gentium
2447 3995 2640 4079 linguis
2675 3992 3114 4079 priedicationem
3164 3993 3266 4047 sibi
3283 3995 3290 4079 ’ν
3309 3992 3740 4079 contraOrige-

2173 4063 2294 4119 tiem
2326 4066 2618 4135 injunctam
2661 4073 2846 4134 putat;
2891 4065 2983 4129 qui
3035 4064 3155 4118 ideo
3179 4078 3300 4117 eum
3327 4063 3428 4132 legi
3463 4065 3741 4131 prohibet,

2172 4151 2240 4190 ne
2269 4135 2357 4188 alii
2389 4139 2503 4200 ejus
2527 4136 2666 4190 furta
2697 4142 3048 4200 cognoscant,
3099 4151 3118 4185 ι
3152 4144 3256 4188 etc.

2244 4203 2355 4275 (55)
2389 4205 2553 4270 Editi,
2580 4205 2718 4258 male
2761 4201 3004 4275 loquens.
3035 4201 3203 4257 Paulo
3229 4210 3368 4272 post,
3415 4219 3510 4275 pro
3547 4219 3746 4273 cogno-

2179 4273 2386 4329 scendis
2420 4276 2574 4329 malis
2601 4277 2718 4344 ejus
2751 4275 2891 4343 ipsos
2929 4273 3218 4343 legebat....
3244 4289 3336 4326 sex
3363 4274 3532 4326 millia
3548 4283 3745 4344 iuutem

2175 4346 2429 4416 librorum
2459 4343 2644 4416 legere.
2669 4345 2870 4400 Omnes
2901 4358 3028 4416 vero
3067 4357 3197 4398 mss.
3232 4344 3427 4416 nostri,
3461 4353 3516 4397 et
3545 4343 3742 4416 Hiero-3

2178 4429 2374 4484 uymus
2407 4412 2567 4470 libftt
2601 4415 2849 4468 adversus
2893 4412 3164 4482 Ruﬁnum,
3201 4421 3260 4466 ut
3298 4413 3350 4464 in
3409 4423 3580 4484 textu,
3638 4414 3745 4468 nisi

2101 4488 2150 4548 Ι)
2177 4483 2320 4554 quod
2354 4486 2712 4554 Hieronymus
2742 4485 2941 4554 habeat
2965 4485 3161 4554 etiam,
3209 4498 3301 4536 sea:
3348 4483 3520 4537 millia
3566 4495 3746 4538 autent

2177 4546 2430 4608 librorum
2461 4546 2650 4626 legere.
2683 4556 2753 4608 At
2779 4546 2888 4609 lib.’
2914 4551 2999 4626 ut,
3027 4546 3367 4626 incontextu
3392 4567 3554 4623 quem
3580 4569 3745 4625 supra

2178 4626 2480 4694 attulimus,
2511 4623 2703 4690 habet,
2733 4639 2826 4677 sea:
2858 4623 3032 4694 millia
3069 4623 3250 4677 libros.

2245 4694 2358 4766 (56)
2389 4694 2466 4750 lta
2493 4711 2594 4750 ms.
2626 4694 2844 4764 Regius.
2869 4693 3209 4766 Caeterivero
3239 4708 3370 4750 mss.
3393 4695 3554 4762 alius,
3594 4696 3747 4766 διιπε-

2175 4763 2309 4820 ceret
2331 4763 2440 4820 haec
2465 4767 2534 4820 ad
2561 4763 3006 4820 ostendendum...
3025 4763 3093 4817 Et
3113 4774 3238 4832 puto
3272 4767 3434 4835 quod,
3460 4777 3566 4822 etc.
3599 4763 3702 4821 Alii
3729 4809 3746 4833 ,

2177 4837 2423 4905 Sufﬁcere
2462 4839 2574 4889 lucc
2610 4837 2872 4906 credimus
2904 4835 2972 4886 ad
3003 4836 3492 4906 ostendendum"...
3527 4836 3591 4890 Et
3618 4849 3748 4906 puto

2175 4902 2335 4976 quod,
2368 4917 2475 4960 etc.
2506 4906 2643 4960 Editi
2666 4946 2681 4971 ,
2715 4902 2959 4975 Suﬂicere
2983 4911 3093 4959 lucc
3140 4905 3209 4958 ad
3251 4902 3745 4966 ostendendum"...

2176 4985 2302 5045 puto
2337 4993 2355 5030 :
2388 4978 2553 5046 quod,
2584 4987 2690 5032 etc.

2238 5046 2358 5171 357)
2386 5045 2514 5103 Mss.
2554 5046 2756 5112 nostri,
2787 5045 3144 5116 hujuscemodi
3172 5049 3369 5103 erroris
3389 5049 3704 5104 incurrimus
3727 5066 3748 5116 ;

2305 5118 2588 5171 legendum
2631 5117 2845 5171 videtur
2878 5132 3001 5171 cum
3033 5116 3196 5171 editis
3223 5127 3283 5171 ut
3308 5119 3365 5171 in
3397 5129 3574 5171 textu.

2178 5116 2272 5174 sed
2305 5116 2588 5188 legendum
2631 5117 2845 5174 videtur
2878 5132 3009 5188 cum
3033 5116 3196 5188 editis
3223 5127 3283 5172 ut
3308 5119 3365 5174 in
3397 5129 3574 5174 textu.

2235 5186 2642 5269 ,(58)“Διάϐολος
2669 5228 2684 5258 ,
2742 5205 2774 5246 a
2826 5187 3149 5258 Διαὸάλλω,
3204 5189 3491 5259 criminor,
3545 5189 3748 5246 calum-

2185 5273 2322 5315 mor.
