4162 6390
317 356 422 417 637

1364 349 1932 409 ORIGENIANORUM
1968 348 2096 405 LIB.
2135 347 2179 414 I,
2214 346 2369 402 CAP.
2410 346 2450 401 I.

3435 336 3537 391 658

319 488 513 533 contra
545 490 742 534 nomen
771 475 840 532 ab
866 489 933 533 eo
966 475 1218 540 traxisse,
1248 484 1304 530 et
1329 483 1562 544 quatuor
1589 473 1716 528 anni
1751 484 1883 527 tem-
1907 476 1956 534 Α
1985 471 2442 543 Etymologiarum
2505 475 2692 520 auctor
2757 461 2901 517 aliud
2966 475 3087 516 esse
3107 501 3122 527 ,
3194 455 3540 530 Ὀρειγενής,

320 576 560 638 pestates
599 566 751 638 ὥρας
795 565 1032 621 indidem
1075 565 1271 630 dictas,
1313 572 1370 618 et
1401 578 1622 627 annum,
1651 573 1705 616 et
1737 562 1885 616 Οτιε·

321 669 510 710 corum
555 654 796 718 annales,
841 662 897 707 et
941 667 1130 708 eorum
1166 652 1458 721 scriptores
1505 650 1882 722 ὡρογράφους,

326 745 551 801 tradunt
585 744 893 801 Macrobius
922 745 1017 799 lib.
1045 760 1062 798 ι
1095 743 1341 805 8ηιιινη..
1372 758 1491 811 cap.
1521 741 1584 796 2t
1611 757 1626 804 ;
1661 751 1715 794 et
1746 740 1886 795 Cen-

328 838 544 894 sorinus
579 852 701 905 cap.
731 835 817 892 l9.
850 835 1052 904 Inepte
1091 833 1271 888 Horus
1321 833 1513 901 Apollo
1546 850 1561 886 :
1593 832 1748 902 Ἐμοὶ
1790 831 1888 901 μὲν

328 925 422 984 οὖν
465 927 758 997 Αἰγύπτιον
830 927 1110 998 φαίνεται,
1158 927 1250 980 καὶ
1301 924 1547 996 οὐδαμῶς
1587 922 1888 992 Ἑλληνικὸν

330 1019 501 1090 ὄνομα
526 1015 693 1090 Ὦρος
739 1013 912 1081 εἶναι,
964 1017 1139 1086 inquit
1189 1016 1483 1069 Pausanias
1532 1015 1585 1068 in
1640 1013 1887 1068 Corinth.

332 1123 480 1164 vere.
530 1108 859 1172 Salmasius,
902 1107 1063 1177 epist.
1105 1106 1194 1168 78,
1235 1105 1399 1160 Orum
1444 1120 1640 1159 nomen
1695 1105 1891 1158 habere

305 1208 519 1281 gcensct
555 1216 586 1254 a
614 1201 813 1254 veteris
848 1199 1040 1270 linguae
1070 1198 1336 1270 A'ngptize
1374 1197 1638 1252 vocabulo
1681 1195 1888 1268 πιουρό,

332 1292 418 1348 vel
470 1293 674 1361 absque
706 1291 935 1345 articulo
979 1290 1126 1362 οὐρό,
1173 1290 1316 1359 quod
1370 1305 1538 1358 regem
1600 1297 1774 1342 sonat.
1815 1291 1891 1338 lta

333 1393 482 1439 certe
525 1384 741 1452 quidem
785 1397 926 1453 saepe
971 1383 1194 1450 exponit
1245 1380 1377 1437 Ibno
1418 1381 1590 1434 Cabar
1638 1379 1689 1432 in
1734 1376 1892 1432 Scala

334 1489 549 1543 magna,
584 1489 745 1542 quam
776 1474 944 1528 edidit
985 1473 1297 1528 Kircberus.
1348 1472 1486 1526 Sunt
1511 1471 1600 1540 qui
1650 1470 1896 1524 derivent

335 1575 537 1632 aDTl,
571 1565 622 1619 id
661 1575 746 1619 est
796 1563 923 1627 Sol,
971 1565 1039 1619 ad
1082 1579 1217 1634 quos
1258 1564 1480 1616 minime
1515 1561 1731 1632 quidem
1775 1575 1896 1629 pos-

335 1670 456 1711 sum
487 1656 745 1710 accedere
773 1673 786 1708 :
815 1651 980 1724 Ὦρος
1012 1656 1154 1708 enim
1188 1653 1385 1708 factum
1417 1662 1498 1706 est
1543 1667 1608 1705 ex
1644 1648 1897 1719 Egyptio

336 1748 431 1811 Or,
463 1747 549 1802 cui
585 1762 615 1800 a
651 1746 853 1802 Graecis
899 1748 1081 1802 addita
1127 1745 1435 1799 terminatio
1464 1753 1547 1796 est
1603 1741 1672 1796 0r
1702 1756 1894 1794 nomen

1983 563 2146 627 aliud,
2189 561 2488 633 Ὠριγένης.
2513 557 2589 630 (9)
2613 560 2690 612 Ac
2712 556 2818 612 alio
2843 556 3026 610 itidem
3051 554 3170 622 loco
3195 551 3408 605 nomina
3433 547 3544 609 illa,

1997 653 2292 724 Ὧριγένης,
2317 663 2373 707 et
2408 650 2618 722 Ὠρίων,
2653 647 3021 718 patronymica
3059 659 3180 699 esse
3229 643 3406 705 docet,
3449 655 3546 693 nec

1986 746 2209 815 proinde
2239 741 2461 797 ἀπὸτοῦ
2495 741 2687 813 ὥρους,
2725 741 2816 794 sed
2859 739 2966 793 ἀπὸ
3004 737 3096 791 τοῦ
3127 733 3269 806 ὥρου
3309 733 3371 785 τὸ
3408 732 3547 802 Ὠρι-

1986 836 2147 907 γένης
2177 835 2429 889 derivari.
2469 833 2659 904 Ὠρίων
2688 842 2870 886 autem
2905 831 3165 883 usitatum
3211 828 3350 879 inter
3382 821 3550 891 Egy-

1988 930 2126 996 ptios
2171 926 2454 980 multorum
2488 941 2682 979 nomen
2726 923 2847 978 fuit.
2878 920 3115 976 Duorum
3149 918 3263 983 eius
3315 915 3548 969 nominis

1988 1020 2459 1090 grammaticorum
2509 1017 2754 1072 meminit
2786 1015 3001 1076 Suidas,
3048 1011 3264 1066 Thebaai
3305 1006 3546 1067 alterius,

1989 1111 2210 1166 alterius
2247 1108 2616 1164 Alexandrini.
2661 1107 2744 1161 Ab
2790 1104 2898 1161 Oro
2938 1104 3174 1168 scilicet,
3226 1115 3335 1170 quo
3385 1099 3548 1152 etiam

1991 1202 2208 1258 nomine
2250 1200 2576 1270 complures,
2604 1207 2664 1252 ut
2706 1197 2852 1263 dixi,
2895 1195 3062 1265 gavisi
3107 1201 3252 1247 sunt.
3297 1191 3417 1258 Ipse
3457 1203 3551 1240 ve-

1991 1304 2153 1350 nator
2181 1292 2366 1356 Orion,
2413 1296 2504 1360 qui
2541 1291 2678 1344 inter
2710 1299 2852 1344 astra
2890 1288 3092 1342 relalus
3121 1295 3221 1346 est,
3255 1299 3360 1337 non
3393 1278 3548 1348 quasi

1999 1385 2230 1457 Οὐρίων,
2275 1383 2416 1452 quod
2465 1392 2680 1453 etymon
2731 1379 2933 1434 Gramia
2981 1377 3206 1431 mendax
3252 1372 3548 1436 conﬁnxit,

1994 1478 2086 1531 sed
2119 1477 2187 1530 ab
2234 1473 2456 1528 Hebraeo
2487 1473 2660 1541 potius
2700 1480 2836 1534 om,
2888 1470 3039 1538 quasi
3083 1469 3256 1531 dicas,
3297 1464 3552 1526 Lucidus,

1995 1582 2186 1622 nomen
2239 1565 2454 1629 habuit;
2493 1565 2578 1617 hic
2607 1573 2690 1616 est
2729 1564 2872 1615 enim
2919 1576 3056 1614 unus
3091 1559 3406 1613 asterismus
3440 1569 3556 1608 orn-

1996 1659 2142 1711 ninm
2197 1657 2582 1710 lucidissimus.
2631 1654 2953 1708 Ilebraicum
2989 1662 3169 1705 autem
3221 1664 3412 1703 nomen
3459 1647 3557 1698 ha-

1998 1750 2180 1805 buisse
2223 1751 2394 1818 ipsum
2443 1763 2509 1803 eo
2552 1747 2864 1802 credibilius
2910 1753 3021 1810 est,
3051 1744 3192 1814 quod
3246 1743 3300 1795 in
3350 1738 3558 1792 Boeotia

338 1838 439 1892 fuit
490 1837 690 1909 pastori
735 1838 947 1892 cuidam
993 1836 1244 1907 Egyptio
1287 1835 1541 1904 Telegoni
1589 1834 1762 1902 patri,
1805 1833 1895 1900 qui

2018 1843 2155 1906 vixit,
2180 1843 2362 1896 itidem
2393 1851 2451 1894 ut
2495 1841 2731 1894 Cadmus
2764 1839 2980 1892 Orionis
3032 1844 3188 1890 aetate
3239 1848 3342 1886 non
3394 1828 3561 1883 multo

337 1932 598 2000 septimus
627 1930 696 1984 ab
744 1929 942 1984 Inacho
975 1928 1192 1999 Egypti
1239 1942 1458 1996 regnum
1513 1926 1700 1978 tenuit.
1731 1923 1900 1993 Ilujus

339 2023 584 2077 meminit
633 2020 996 2092 Hieronymus
1041 2021 1094 2074 in
1145 2019 1390 2074 Chronici
1433 2017 1718 2072 Eusebiani
1768 2016 1903 2070 lihro

341 2115 660 2185 posteriore,
687 2123 742 2169 et
771 2113 994 2167 alterius
1021 2110 1097 2165 Or
1132 2112 1186 2164 in
1224 2109 1449 2178 epistola
1483 2109 1547 2160 ad
1583 2107 1904 2175 Ctesiphon-

342 2215 450 2261 teni
494 2207 754 2260 adversus
785 2203 1093 2274 Pelagium,
1138 2201 1351 2269 cap..2,
1388 2199 1763 2269 Egyptiorum
1813 2199 1908 2253 ab-

340 2298 527 2352 batum
567 2299 792 2351 duorum
819 2296 988 2349 vitam
1039 2294 1259 2361 scripsit
1290 2291 1558 2346 Palladius
1591 2290 1643 2343 in
1679 2288 1904 2343 Lausia-

343 2389 442 2457 eis,
469 2404 696 2460 quorum
729 2387 884 2441 alteri
919 2386 992 2442 Or
1027 2401 1221 2441 nomen
1255 2385 1376 2448 fuit,
1409 2383 1565 2437 alteri
1598 2382 1742 2446 Pior,
1778 2396 1909 2450 prte-

343 2480 454 2536 ﬁxo
479 2480 730 2535 nimirum
755 2478 1006 2550 Egyptio
1034 2477 1259 2532 articulo
1287 2475 1604 2530 masculino.
1632 2472 1774 2528 Idem
1803 2473 1909 2527 alio

344 2571 464 2628 loco
519 2573 765 2627 meminit
827 2570 1050 2640 virginis
1100 2569 1244 2624 Taor
1313 2565 1516 2620 nomini
1570 2565 1644 2620 Or
1692 2565 1910 2634 praeﬁxo

347 2664 535 2720 itidem
590 2664 819 2718 articulo
871 2662 1129 2716 feminino
1175 2659 1448 2729 Egyptio.
1494 2655 1569 2711 Or
1616 2656 1907 2727 genuinum

346 2765 436 2813 est
474 2756 560 2810 dei
607 2753 768 2824 hujus
818 2753 1115 2825 Egyptiaci
1150 2766 1365 2814 nomen,
1398 2753 1538 2803 unde
1562 2743 1729 2819 Ὦρος
1771 2744 1915 2800 Grat-

347 2862 494 2914 cum,
522 2847 730 2917 adjecta
775 2844 1174 2900 terminatione.
1222 2839 1689 2908 Quemadmodum
1732 2847 1910 2892 autem

349 2941 408 2996 in
467 2939 728 2993 honorem
808 2936 890 2992 dei
954 2935 1096 2990 illius
1158 2950 1264 2990 non
1343 2947 1483 2987 unus
1560 2929 1915 3001 appellatione

351 3029 663 3088 Gmcanica
683 3025 849 3100 Ὦρος
874 3027 1046 3083 dictus
1071 3025 1204 3093 fuit;
1237 3025 1307 3078 ita
1332 3033 1386 3080 et
1412 3021 1788 3092 Egyptiacum
1809 3015 1916 3091 Ὦρ

351 3123 509 3177 multi
557 3122 610 3176 in
641 3135 837 3175 nomen
871 3119 1197 3174 asciverunt.
1227 3115 1379 3182 Quod
1413 3115 1459 3169 si
1493 3101 1614 3183 quis
1672 3128 1799 3181 ergo
1843 3112 1912 3166 ita

354 3217 530 3271 dictus
560 3212 880 3283 reperiatur,
909 3225 1012 3264 non
1058 3225 1154 3279 per
1184 3205 1592 3277 metaplasmum
1625 3220 1720 3275 pro
1748 3200 1913 3275 Ὦρος

356 3308 428 3360 ita
466 3316 682 3373 putetur
718 3313 1076 3374 nuncupatus,
1105 3310 1162 3354 ut
1203 3299 1473 3368 coniectat
1514 3295 1782 3366 Scaliger;
1821 3295 1914 3350 sed

355 3393 521 3469 Ὦρος
545 3412 574 3451 e
610 3395 883 3451 contrario
908 3409 936 3446 a
975 3392 1294 3462 primigenio
1327 3390 1427 3460 Ὧρ
1456 3388 1666 3442 inducta
1707 3385 1920 3441 Graeca-

358 3491 482 3545 nica
514 3488 684 3542 forma
713 3473 982 3541 deiortum
1009 3483 1366 3538 existimetur.
1388 3481 1489 3552 ὀρ
1515 3489 1695 3533 autem
1727 3493 1918 3548 purum

359 3592 546 3652 putum
571 3577 896 3634 Hebraicum
925 3585 1008 3632 est
1039 3584 1155 3641 11st,
1175 3573 1316 3644 quod
1345 3572 1510 3626 lucem
1549 3569 1836 3641 signiﬁcat,
1866 3579 1922 3624 et

363 3688 461 3744 pro
488 3673 604 3743 ipso
630 3671 791 3726 etiam
820 3668 931 3724 sole
961 3677 1249 3736 usurpatur
1273 3663 1392 3720 Jobi
1422 3680 1575 3728 xxxi,
1596 3663 1686 3726 26,
1714 3677 1920 3718 necnon

362 3774 448 3820 est
496 3763 617 3819 Jobi
666 3777 858 3826 xxxvt,
909 3759 1013 3825 50;
1060 3769 1114 3813 et
1162 3757 1310 3812 Isaiae
1351 3771 1403 3822 v,
1438 3755 1544 3820 '50,
1593 3757 1742 3825 juxta
1785 3769 1922 3824 quo-

365 3855 612 3911 rumdam
639 3854 998 3923 interpretum
1027 3848 1444 3920 expositionem.
1480 3845 1595 3902 lam
1624 3861 1754 3900 vero
1786 3847 1928 3900 unde

365 3946 602 4002 manarit
644 3944 891 4015 Origenis
935 3957 1128 3998 nomen
1177 3941 1229 3994 in
1268 3947 1517 4008 promptu
1549 3947 1670 4004 est;
1713 3937 1782 3991 ab
1827 3937 1929 4009 Ὠρ

366 4040 625 4094 nimirum
691 4037 807 4092 ﬁeri
857 4035 1041 4090 debuit
1081 4031 1398 4106 Ὠριγένης,
1453 4045 1557 4085 non
1607 4027 1926 4100 Ὧρογένης,

368 4129 818 4202 quemadmodum
847 4128 914 4182 ab
951 4121 1046 4197 ἦρ,
1093 4123 1373 4196 ἠριγένεια
1409 4119 1542 4192 ἠώς,
1589 4136 1692 4175 non
1737 4119 1932 4190 ὴρογέ-

369 4239 522 4280 νεια·
570 4237 600 4275 a
636 4220 766 4292 πῦρ,
829 4218 1156 4290 πυριγενής,
1209 4215 1406 4270 Bacchi
1465 4213 1744 4283 epitheton
1793 4211 1932 4281 apud

373 4314 646 4368 Nomium.
687 4310 948 4382 Origenes
994 4309 1155 4378 igitur
1196 4307 1338 4362 idem
1383 4305 1544 4360 fuerit
1587 4304 1728 4375 quod
1777 4300 1934 4356 Pha-

373 4406 576 4473 biqena,
609 4417 713 4458 non
744 4401 884 4470 quod
917 4399 1244 4469 Montigena.
1287 4397 1591 4461 Erasmum,
1621 4395 1930 4460 Caninium,

1999 1935 2263 2003 superior,
2300 1933 2390 2002 qui
2435 1930 2751 1986 thnicum
2804 1928 3042 1996 linguam
3087 1925 3139 1978 in
3179 1922 3442 1978 Graeciam
3475 1920 3563 1970 in-

2001 2024 2140 2079 tulit.
2165 2025 2324 2078 Addit
2355 2023 2688 2078 llceschelius
2717 2021 2769 2074 in
2799 2019 3018 2088 Origcn.
3062 2025 3244 2069 contra
3272 2012 3434 2075 (1218.,
3467 2009 3560 2063 lib.

2001 2133 2043 2180 ι,
2071 2132 2168 2186 pro
2205 2114 2485 2186 Ὀριγενής
2530 2111 2728 2166 factum
2772 2108 3070 2180 Ὠριγενής,
3113 2101 3562 2174 quemadmodum

2002 2224 2098 2278 pro
2143 2207 2518 2279 Ὀρεσίτροφος
2563 2213 2734 2271 poetae
2784 2201 3158 2272 Ὧρεσίτρτνῃος
3201 2196 3474 2250 dixerunt.
3510 2191 3565 2246 Id

2003 2301 2196 2355 nollem
2241 2299 2455 2352 erudito
2499 2297 2614 2350 viro
2658 2294 2959 2357 excidisse;
3015 2290 3154 2361 quod
3209 2287 3349 2342 enim
3405 2285 3566 2339 metri

2006 2391 2324 2447 necessitate
2371 2387 2585 2442 adducti
2633 2387 2749 2440 ausi
2796 2394 2921 2440 sunt
2969 2391 3139 2452 poeta:
3170 2377 3478 2448 aliquando,
3513 2375 3568 2430 id

2008 2484 2060 2538 in
2108 2483 2279 2550 legem
2325 2489 2416 2534 aut
2449 2478 2753 2546 exemplum
2791 2477 3006 2530 trahere
3051 2489 3156 2528 non
3215 2471 3414 2525 debuit.
3457 2466 3570 2522 Nec

2009 2574 2216 2629 felicior
2275 2572 2503 2625 aliorum
2565 2570 2908 2638 conjectura,
2957 2565 3048 2634 qui
3103 2562 3319 2632 Origeni
3369 2573 3566 2614 nomen

1999 2662 2206 2721 laetum
2239 2665 2443 2726 volunt,
2491 2662 2634 2731 quod
2685 2658 3001 2729 tempestive
3034 2655 3244 2721 genitus
3292 2653 3393 2716 sit;
3445 2664 3569 2703 nam

2010 2757 2088 2812 sic
2116 2757 2462 2816 scriberetur,
2499 2751 2814 2822 Harigenes,
2852 2763 2957 2803 non
2994 2746 3266 2814 Origenes.
3297 2743 3461 2796 luane
3491 2747 3573 2793 est

2012 2855 2188 2901 autem
2221 2847 2360 2915 quod
2389 2843 2506 2913 ejus
2536 2843 2817 2898 sententiae
2861 2838 3243 2895 conﬁrmandae
3273 2833 3444 2904 gratia
3474 2833 3569 2885 ad-

2007 2938 2140 3010 jecit
2172 2937 2255 2992 vir
2277 2936 2540 3001 eruditus,
2569 2948 2628 2988 se
2659 2934 2713 2986 in
2747 2931 2974 2986 vetustis
3018 2927 3294 2983 codicibus
3323 2924 3572 2994 Origenis

2013 3044 2209 3085 nomen
2244 3043 2364 3082 cum
2404 3026 2730 3096 aspiratione
2773 3023 3030 3092 scriptum
3059 3019 3352 3088 saepissime
3385 3031 3508 3084 repe
3552 3045 3579 3060 ι-

2021 3122 2157 3176 risse
2187 3143 2198 3176 :
2227 3130 2430 3175 certum
2473 3118 2667 3186 quippe
2705 3124 2786 3169 est
2830 3114 2984 3184 longe
3031 3112 3193 3167 etiam
3243 3108 3579 3177 frequentius

2017 3213 2342 3281 aspiratione
2367 3223 2552 3264 carere
2579 3227 2593 3262 :
2618 3208 2684 3261 ab
2709 3206 2848 3261 Horo
2878 3205 3132 3259 nimirum
3159 3200 3444 3271 appellatio
3473 3209 3578 3260 est,

2019 3306 2108 3374 qui
2164 3303 2544 3372 aspirationem
2597 3298 2696 3354 sibi
2756 3296 2994 3350 vindicat
3046 3291 3355 3363 aliquando,
3387 3290 3584 3359 saepius

2020 3399 2180 3452 etiam
2211 3393 2430 3462 respuit.

2093 3487 2175 3541 ill.
2212 3485 2267 3539 Id
2296 3500 2426 3554 ergo
2459 3481 2691 3538 nominis
2719 3496 2747 3534 a
2784 3492 2948 3548 puero
2978 3476 3159 3531 habuit
3190 3475 3490 3544 Origenes;
3528 3479 3587 3524 at

2023 3582 2178 3634 annis
2212 3576 2436 3632 subinde
2475 3573 2862 3645 prodeuntibus
2903 3567 3255 3622 Adamantius
3301 3562 3584 3634 cognomi—

2025 3682 2184 3725 natus
2226 3678 2330 3729 est,
2384 3667 2465 3720 ὅτι
2527 3661 2930 3733 Ἀδαμαντίνοις
2959 3659 3174 3729 δεσμοῖς
3208 3655 3448 3727 ἐῴκεσαν
3491 3651 3590 3718 οὓς

2025 3761 2090 3816 ἂν
2117 3762 2292 3831 δήσειε
2323 3758 2531 3825 λόγους,
2563 3755 2738 3824 inquit
2761 3753 2986 3808 Photius
3017 3753 3139 3805 cod.
3169 3751 3294 3812 118,
3335 3746 3417 3801 vel
3463 3762 3590 3815 pro-

2026 3863 2144 3922 pter
2179 3850 2374 3904 mentis
2394 3845 2798 3902 adamantinum
2825 3843 3005 3903 robur,
3035 3854 3153 3908 quae
3184 3837 3344 3891 nullis
3370 3837 3422 3889 in
3461 3834 3586 3887 illu-

2029 3942 2247 3997 stranda
2280 3939 2585 4009 Scriptura,
2615 3947 2670 3992 et
2703 3935 2756 3990 iu
2784 3931 3069 3990 scribendo
3091 3929 3366 3984 laboribus
3395 3925 3593 3981 delati-

2029 4039 2265 4102 garetur,
2295 4026 2747 4099 quemadmodum
2789 4024 2842 4078 in
2894 4022 3123 4093 epistola
3168 4020 3234 4073 ad
3284 4015 3590 4071 Marcellano

2030 4122 2206 4193 prodit
2255 4119 2653 4187 Hieronymus;
2714 4114 2800 4171 vel
2857 4115 2999 4184 quod
3049 4121 3308 4180 tanquam
3362 4109 3600 4162 invictus

2031 4214 2251 4270 adamas
2278 4209 2492 4264 fortiter
2525 4221 2667 4262 verae
2707 4204 2832 4260 ﬁdei
2877 4218 3033 4274 opem
3075 4200 3263 4264 ferret,
3301 4195 3596 4262 omniaque

2033 4308 2088 4360 in
2113 4319 2171 4360 se
2196 4303 2361 4358 missa
2396 4300 2774 4356 haereticorum
2806 4297 2912 4352 tela
2943 4295 3174 4350 veritate
3204 4291 3316 4360 ipsa
3340 4288 3600 4343 retunde-

2037 4407 2132 4451 ret.
2166 4395 2340 4463 Atque
2367 4392 2420 4446 id
2458 4400 2876 4461 cognomentum
2920 4386 3021 4442 sibi
3067 4386 3209 4440 hunc
3247 4378 3594 4452 ipsunt‘_asci-

373 4467 706 4564 caeterosque
751 4467 804 4546 in
849 4467 1105 4546 fraudem
1138 4490 1427 4545 illexerunt
1472 4489 1584 4543 haec
1639 4484 1934 4556 Elymologi
1965 4516 2009 4570 Β
2038 4488 2178 4541 visse
2223 4483 2386 4538 tradit
2415 4481 2743 4552 Epiphanius
2783 4480 2918 4534 baer.
2952 4477 3042 4542 64,
3087 4491 3136 4531 c.
3183 4474 3271 4529 75.
3303 4469 3415 4543 (10)
3463 4467 3600 4522 Hine

373 4587 590 4640 verba:
639 4584 736 4654 (8)
799 4585 858 4637 Et
917 4584 1012 4654 μὲν
1079 4583 1290 4652 φωνῆεν
1363 4580 1722 4650 ἐπιφέρηται,
1785 4576 1817 4648 ἢ
1878 4575 1936 4631 ἓν

377 4677 582 4735 ἁπλοῦν
654 4676 971 4746 σύμφωνον,
1044 4675 1364 4743 φυλάττεται
1419 4675 1452 4743 ἡ
1513 4689 1566 4725 ει
1628 4669 1934 4739 δίφθογγος.

380 4764 528 4837 Οἴον,
563 4769 674 4840 ὄρει
694 4808 708 4833 ,
741 4767 1036 4840 ὀρείαυλος,
1069 4765 1369 4837 ὀρειγενὴς,
1403 4766 1430 4816 ὁ
1467 4764 1524 4815 ὲν
1554 4761 1632 4833 τῷ
1664 4762 1779 4834 ὄρει
1819 4777 1940 4830 γεν-

376 4863 580 4934 νηθείς.
632 4860 754 4914 Haec
789 4860 988 4914 rectius
1014 4857 1406 4912 intellexissent
1463 4855 1724 4920 profecto,
1778 4855 1821 4908 si
1871 4853 1938 4907 ad

378 4953 658 5023 sequentia
695 4952 1049 5006 attendissent
1082 4968 1097 5003 :
1133 4949 1205 5001 Τὸ
1250 4948 1356 5020 γὰρ
1407 4947 1591 5018 κύριον
1637 4946 1807 5016 ὄνομα
1851 4944 1944 4998 καὶ⁵

381 5044 702 5118 βαρύνεται,
749 5044 844 5096 καὶ
882 5041 970 5095 διὰ
995 5040 1090 5093 τοῦ
1128 5060 1172 5093 ω
1217 5041 1450 5111 μεγάλου
1503 5039 1803 5112 γράφεται,
1853 5036 1947 5090 καὶ

379 5143 470 5202 διὰ
520 5141 614 5195 τοῦ
661 5158 711 5194 ι·
749 5155 849 5195 nec
898 5138 1041 5193 enim
1094 5141 1336 5208 apertius
1388 5136 1693 5206 signiﬁcare
1741 5141 1952 5203 poterat

456 5301 534 5373 (8)
563 5299 794 5373 Etymol.
819 5316 994 5373 magn.
1121 5294 1420 5365 Ὀρίγανον.

459 5367 712 5443 (9)_Idert_t
754 5372 806 5423 in
853 5367 1146 5443 ’ᾼερείδηςζ

458 5428 571 5512 (11))
637 5439 776 5512 Hinc
811 5428 1385 5512 ιἰξίἐιὶὶιιιτ·’Ενίιειηιιεἶ
1441 5430 1699 5512 Equidem
1733 5428 1950 5512 _i_n.hoc

385 5499 576 5567 errore
605 5499 948 5571 versabatur,
1000 5523 1122 5561 cum
1171 5506 1419 5576 Origcnis
1450 5502 1614 5554 vitam
1640 5499 1945 5576 scribebat;

391 5585 484 5636 sed
515 5580 661 5634 aliud
713 5581 866 5632 docet
921 5568 973 5630 in
1030 5568 1504 5642 Adagiiafdictum
1553 5583 1745 5642 nempe
1785 5568 1950 5621 fuisse

388 5651 770 5712 Adamantium
818 5647 887 5700 ob
931 5638 1303 5702 incredibilem
1351 5655 1637 5698 numerum
1688 5638 1948 5693 librorum

391 5736 528 5792 quos
556 5719 835 5792 scripsisse
861 5716 1076 5792 dicitur.

439 5793 489 5864 (1
505 5778 682 5865 ι)8ἱυὲ
703 5787 1104 5858 συντιακτήριος,
1126 5787 1227 5844 sive
1251 5779 1599 5844 συντακτικὸς
1623 5778 1722 5835 dici
1745 5778 1949 5834 meruit.

2041 4577 2305 4633 refellitur
2336 4575 2598 4629 Erasmus
2629 4573 2682 4628 in
2726 4569 2843 4625 Vita
2885 4569 3126 4639 Origenis
3150 4608 3166 4631 ,
3199 4565 3324 4620 illud
3367 4563 3464 4632 ipsi
3486 4561 3599 4631 jam

2042 4684 2071 4723 a
2097 4668 2220 4721 vitae
2249 4674 2466 4727 exortu,
2501 4677 2606 4716 non
2637 4677 2702 4716 ex
2736 4662 2976 4714 moribus
3004 4658 3228 4712 inditum
3261 4653 3602 4708 existimans.

2041 4760 2123 4812 Ab
2147 4754 2542 4825 ingenti-etiam
2569 4751 2855 4816 librorum,
2887 4763 3022 4818 quos
3050 4744 3268 4800 assidue
3312 4741 3603 4805 scribebat,

2045 4852 2194 4919 copia
2232 4849 2554 4920 συντάκτης,
2593 4844 2704 4917 (ll)
2735 4845 2850 4897 sive
2880 4841 3269 4909 συντακτήριος
3288 4873 3302 4900 ,
3336 4837 3452 4889 sive
3479 4847 3606 4884 συν-

2047 4943 2299 5007 τακτικός
2323 4942 2428 4996 dici
2463 4940 2679 4998 meruit.
2714 4935 3056 4992 Chalcenteri
3093 4935 3256 4986 etiam
3290 4926 3607 4982 attributum

2053 5043 2135 5088 est
2164 5037 2211 5088 ei
2240 5037 2304 5088 ab
2326 5035 2653 5104 Hieronymo
2673 5037 3112 5098 cognomentum,
3139 5023 3204 5078 ad
3229 5019 3440 5092 Didymi
3469 5017 3612 5070 illius

2054 5127 2405 5182 Alexandrini
2437 5121 2776 5196 grammatici
2815 5117 3156 5189 exemplum,
3199 5113 3290 5183 qui
3339 5111 3409 5166 ob
3456 5107 3611 5162 inde‘

2053 5281 2462 5346 Συντάττεσθαι,
2493 5278 2696 5335 Graecis
2715 5283 2800 5331 est
2816 5272 3139 5346 ualedicere.
3164 5267 3464 5346 Hesychius
3492 5280 3614 5346 63v-

2364 5333 2758 5403 Ῠάἇπᾶσασθαι.
2811 5343 2945 5397 IIinc
2993 5341 3179 5397 Oratio
3219 5333 3462 5418 Gregorii
3517 5333 3615 5386 Na-

2053 5407 2338 5478 zia'uzeni'.
2377 5421 2560 5473 habita
2595 5422 2645 5470 in
2675 5429 2941 5469 consensu
2992 5422 3206 5465 centum
3257 5417 3311 5460 et
3351 5407 3616 5478 quinqua-

2053 5471 2206 5560 ginta
2217 5471 2624 5560 episcoporum,
2665 5484 3053 5560 συντακτήριος
3094 5479 3251 5560 λόγος,
3283 5471 3614 5560 inscribitur,

2054 5551 2195 5633 quod
2255 5551 2530 5633 idern-Est
2573 5571 2636 5608 ac
2675 5551 3045 5633 συνεακτικός.
3089 5551 3466 5633 Quamobrem4
3487 5559 3617 5612 eum

2060 5612 2383 5687 aitwsuidas
2435 5625 2721 5694 Origeuem
2772 5625 2978 5694 dictum
3007 5612 3152 5694 esse
3201 5612 3611 5694 συντακτήριον,

2061 5705 2214 5771 longe
2272 5687 2846 5771 1’ίιιιὶιιιι’;ἷςυντάκτῃς
2888 5690 3030 5743 enim
3084 5688 3259 5740 dictus
3309 5693 3428 5742 est,
3469 5687 3620 5771 Ileste

2062 5749 2376 5846 I'inzphauio,
2405 5749 2511 5823 noxi
2532 5749 2938 5833 συντακτήριος,
2970 5772 3144 5826 neque
3176 5749 3541 5810 συντακτικύς.
