4162 6392
608 346 712 404 653

1871 352 1932 409 P.
1969 349 2282 408 DAMELIS
2317 351 2548 410 HUETII

3742 358 3849 416 640

611 466 814 520 fessum
846 466 1113 521 scribendi
1146 467 1405 531 studium,
1443 477 1496 523 et
1533 469 1808 524 assrduam
1839 473 1984 528 circa
2009 474 2180 529 libros
2208 477 2254 534 Α
2284 475 2572 529 maximam
2603 473 2767 529 etiam
2797 472 3075 544 colligeret
3112 475 3426 529 memoriam
3468 477 3803 548 antiquitatis
3827 523 3845 548 ,

610 573 860 625 moram,
919 560 1164 614 eamdem
1207 562 1628 631 appellationem
1681 577 2012 621 consecutus
2054 577 2177 633 est;

609 663 769 720 supra
815 651 915 705 tria
963 652 1224 721 siquidem
1264 653 1527 710 librorum
1559 655 1728 710 millia
1773 667 1828 712 et
1859 661 2180 728 quingentos

607 741 962 811 conscripsit,
995 760 1115 797 cum
1153 745 1322 799 multo
1359 746 1543 813 plures
1571 749 1861 816 Origenem
1896 751 2180 819 scripsisse

604 832 878 899 proditum
913 836 1007 900 sit,
1036 837 1259 891 minime
1285 847 1463 891 autem
1497 839 1624 892 dum
1662 839 1865 893 viveret
1911 841 2179 894 Adaman-

608 927 715 981 tius
756 938 942 983 noster
994 929 1344 984 Chalcenteri
1395 945 1586 986 nomen
1639 932 1821 1002 gessit.
1863 931 2087 986 Paribus
2110 935 2178 988 de

604 1022 786 1076 causis
831 1022 1003 1092 Apion
1042 1023 1430 1093 grammaticus
1457 1063 1474 1087 ,
1522 1038 1585 1076 ac
1632 1024 1816 1077 itidem
1857 1022 2173 1094 Egyptius,

603 1124 832 1183 propter
864 1115 1178 1168 inusitatam
1218 1115 1269 1168 in
1307 1114 1587 1170 litterariis
1614 1115 1890 1170 laboribus
1921 1127 2176 1171 constan-

604 1206 757 1274 tiam,
803 1207 999 1279 μόχθος
1032 1208 1357 1280 cognomine
1401 1211 1579 1264 dictus
1617 1219 1719 1264 est.
1754 1209 1861 1265 Sed
1893 1209 2173 1266 redeamus

601 1299 668 1354 ad
695 1301 1050 1370 propositum.

674 1391 765 1446 IV.
802 1393 915 1464 (12)
937 1392 1040 1447 Sex
1058 1393 1549 1465 praeterOrigenem
1567 1393 1702 1448 ﬁlios
1715 1395 1948 1464 suscepit
1972 1395 2171 1450 Leoni-

597 1485 695 1540 des
729 1500 746 1538 :
779 1495 833 1539 at
895 1503 1015 1540 cum
1067 1487 1116 1540 in
1167 1487 1261 1541 illo
1305 1488 1595 1542 admodum
1636 1487 1797 1542 etiam
1838 1498 1948 1542 tum
2003 1504 2172 1558 puero

595 1589 790 1645 magna
823 1577 890 1631 ad
928 1577 1181 1634 virtutem
1230 1577 1468 1634 eluceret
1506 1579 1714 1634 indoles
1741 1618 1757 1644 ,
1796 1594 2015 1634 omnem
2057 1581 2170 1637 fere

594 1668 768 1736 patris
804 1683 1047 1724 amorem
1098 1685 1163 1724 ac
1207 1672 1449 1726 studium
1486 1672 1553 1726 ad
1597 1686 1655 1727 se
1691 1673 1975 1744 convertit.
2015 1672 2168 1730 Hunc

593 1757 780 1828 itaque
812 1761 915 1814 sibi
947 1761 1241 1816 domestica
1275 1763 1635 1828 institutione,
1669 1765 2011 1835 assiduisque
2036 1781 2168 1835 prae-

2285 575 2338 622 et
2366 567 2784 622 mathematicas
2811 566 2878 619 ad
2911 567 3028 620 hare
3087 575 3232 622 artes
3261 567 3685 640 facultatemque
3717 588 3846 626 ora-

2283 656 2476 711 toriam
2529 656 2866 726 adjungeret.
2904 654 3209 726 Applicavit
3237 655 3433 711 deinde
3459 671 3582 711 sese
3615 659 3682 712 ad
3715 660 3849 714 Am-

2280 749 2542 816 monium,
2580 757 2937 820 cognomento
2988 748 3242 812 Saccam,
3284 758 3337 803 et
3370 752 3422 803 in
3449 749 3565 820 ejus
3590 752 3849 808 exhedris

2282 844 2549 913 insignem
2607 841 2960 912 philosophiae
3011 843 3264 912 peritiam
3316 845 3679 912 comparavit,
3748 846 3843 900 sed

2285 934 2581 990 Platonica:
2611 935 2936 1002 praesertim,
2967 947 3086 1005 qua:
3113 942 3221 987 tam
3257 933 3395 989 altas
3422 933 3475 988 in
3505 935 3623 1004 ejus
3661 935 3846 990 animo

2279 1027 2491 1080 radices
2520 1027 2650 1095 egit,
2684 1036 2744 1082 ut
2774 1035 3186 1082 succresceutes
3225 1025 3553 1081 Christianae
3580 1028 3844 1083 doctrinae

2275 1116 2458 1189 fruges
2495 1118 2862 1184 interliceret;
2913 1134 3035 1173 nam
3061 1117 3324 1173 Ecclesia:
3350 1119 3486 1173 scita
3520 1118 3630 1174 fere
3656 1120 3847 1188 exige-

2272 1210 2369 1267 bat
2403 1212 2470 1266 ad
2503 1226 2746 1266 normam
2773 1211 3036 1276 Platonis,
3057 1220 3110 1265 et
3129 1212 3342 1266 sincera
3365 1209 3565 1265 Christi
3589 1213 3843 1281 dogmata

2273 1301 2590 1370 Platonicis,
2622 1315 2678 1358 ut
2709 1305 2780 1358 ita
2813 1304 2988 1357 dicam
3011 1344 3026 1368 ,
3076 1301 3351 1359 coloribus
3397 1303 3694 1358 obliucbat.
3741 1304 3842 1360 Est

2272 1397 2410 1466 apud
2436 1396 2758 1453 Wernerum
2791 1399 2843 1452 in
2883 1395 3160 1451 Fasciculo
3193 1407 3511 1465 temporum,
3545 1397 3838 1453 Alexandri

2272 1485 2327 1540 in
2353 1485 2806 1559 Jerosolymitano
2827 1487 3138 1557 episcopatu
3164 1487 3499 1540 decessorem
3520 1485 3831 1541 Narcissum

2270 1581 2520 1652 Origenis
2543 1581 2711 1636 fuisse
2740 1581 3077 1650 magistrum.
3111 1580 3242 1635 Tale
3263 1581 3481 1650 quidem
3512 1581 3642 1634 nihil
3674 1581 3840 1636 habet

2270 1672 2531 1731 Eusebius
2552 1691 2568 1735 ς
2599 1687 2769 1743 neque
2793 1682 2942 1728 certe
2963 1674 3103 1728 unde
3128 1673 3179 1727 id
3201 1673 3493 1742 sumpserit
3519 1673 3840 1740 Wernerus,

2268 1763 2608 1820 comminisci
2676 1777 2916 1832 possum.
2972 1761 3248 1816 llalloxius
3299 1761 3586 1832 Origenem
3645 1762 3842 1817 scribit

591 1852 765 1920 ceptis
799 1851 1138 1908 formandum
1182 1856 1421 1923 suscepit
1442 1922 1446 1926 ι
1469 1854 1738 1911 Leonides
1762 1898 1776 1918 .
1816 1857 2168 1926 aninmmque
2195 1839 2239 1893 Β
2269 1857 2586 1912 Pantaenum
2625 1869 2841 1926 quoque
2868 1864 3254 1927 prteceptorem
3281 1855 3550 1910 audivisse
3584 1870 3597 1920 ;
3635 1855 3720 1909 cui
3756 1855 3838 1908 uti

590 1944 779 1999 rudem
820 1947 1009 2015 primis
1043 1947 1237 2001 imbuit
1283 1947 1610 2005 Christiana:
1667 1952 1907 2019 pietatis,
1953 1951 2164 2005 divina-

589 2052 819 2106 rumque
849 2038 1092 2092 simulet
1132 2040 1473 2095 exoticarum
1521 2042 1887 2097 doctrinarum
1925 2047 2165 2098 elemen-

591 2128 658 2181 tis
689 2147 701 2181 :
733 2130 826 2182 sed
858 2129 928 2182 ita
971 2138 1146 2182 tamen
1176 2139 1234 2184 ut
1273 2132 1324 2185 in
1377 2133 1709 2201 quotidiauis
1754 2134 2162 2188 exercitationi-

585 2221 712 2286 bus,
736 2222 1095 2276 humanarum
1124 2222 1428 2278 litterarum
1451 2225 1646 2281 studiis
1670 2241 1839 2282 sacra:
1866 2229 2163 2298 disciplina:

583 2314 863 2386 praeirent.
899 2315 1030 2370 Erat
1058 2316 1286 2371 omnino
1315 2316 1368 2370 in
1402 2332 1574 2386 puero
1624 2318 1897 2389 ingenium
1937 2337 2164 2392 peracre

583 2415 640 2460 et
672 2405 959 2469 fervidum,
998 2407 1289 2476 singularis
1314 2409 1602 2473 memoria,
1630 2409 1870 2481 ﬂagrans
1895 2421 1950 2468 et
1977 2414 2155 2469 incre-

583 2496 752 2551 dibile
787 2498 1069 2565 studium,
1120 2507 1179 2552 ut
1227 2499 1490 2570 quidquid
1529 2501 1637 2557 sibi
1678 2502 1985 2574 impositum
2016 2515 2162 2561 esset

583 2590 653 2642 ad
681 2589 1000 2644 discendum
1039 2605 1144 2644 non
1182 2599 1287 2645 tam
1322 2593 1636 2662 exciperet,
1671 2609 1832 2665 quam
1869 2599 2154 2664 arriperet,

581 2681 980 2752 docentemque
1002 2693 1222 2752 patrem
1253 2684 1510 2739 discendo
1553 2695 1607 2740 et
1646 2689 1940 2756 quaerendo
1967 2689 2159 2745 defati-

581 2784 756 2842 garet.
806 2774 939 2830 Cum
980 2777 1124 2831 enim
1182 2777 1373 2832 selecti
1407 2793 1437 2832 e
1480 2777 1765 2850 Scriptura
1810 2793 1996 2837 sancta
2053 2784 2154 2840 loci

580 2866 808 2938 singulis
845 2867 1155 2938 quibusque
1191 2870 1386 2926 diebus
1425 2873 1703 2927 memoria:
1735 2876 2155 2931 commendandi

579 2957 680 3026 ipsi
709 2969 1178 3028 proponerentur,
1224 2962 1446 3030 proclivi
1495 2965 1782 3019 verborum
1839 2981 1999 3020 sensu
2049 2981 2155 3020 non

579 3058 889 3116 contentus,
920 3052 1208 3119 satagebat
1240 3052 1428 3106 subire
1464 3052 1531 3106 ad
1563 3053 1849 3118 interiora,
1882 3066 1937 3108 et
1972 3070 2157 3109 recon-

579 3140 722 3194 ditas
752 3142 1054 3195 sententias
1091 3142 1369 3208 evolvere,
1408 3152 1734 3214 patremque
1779 3146 2000 3200 assidua
2030 3161 2153 3218 per-

579 3233 887 3289 contatione
924 3235 1242 3290 lacessebat.
1269 3237 1348 3289 Ac
1376 3250 1605 3304 puerum
1645 3238 1860 3306 quidem
1891 3241 2153 3295 immode-

578 3335 696 3378 rata
727 3328 957 3395 quadam
1003 3327 1202 3396 ingenii
1235 3326 1482 3380 ubertate
1520 3328 1954 3396 superﬂuentem
1993 3346 2150 3386 coer-

577 3417 754 3481 cebat,
786 3417 1078 3488 palamque
1117 3419 1454 3490 castigabat;
1485 3422 1580 3477 sed
1617 3421 1826 3476 felicem
1872 3422 2152 3478 nihilomi-

577 3525 680 3566 nus
700 3511 866 3565 animi
908 3513 1144 3568 calorem
1178 3514 1377 3568 tacitus
1414 3515 1690 3570 admirans
1719 3515 1957 3571 futurum
1985 3534 2152 3588 augu-

577 3603 804 3657 rabatur
832 3613 892 3658 ut
930 3608 998 3659 ad
1033 3603 1239 3673 majora
1270 3607 1542 3676 aspiraret
1565 3607 1859 3678 aliquando
1885 3650 1900 3675 ,
1933 3609 2154 3680 ﬁlioque

577 3695 812 3750 nondum
846 3695 1033 3766 puberi
1066 3711 1278 3752 summa
1304 3700 1484 3752 omnia
1504 3699 1710 3770 judicio
1737 3716 1836 3757 suo
1863 3703 2148 3759 tribuebat.

575 3783 682 3840 Sed
711 3802 847 3856 quas
884 3789 1116 3842 interdiu
1145 3788 1440 3845 blanditias
1483 3791 1778 3861 prudentia
1816 3804 1872 3849 et
1912 3797 2151 3863 gravitas

575 3879 980 3946 continuerant,
1014 3897 1108 3936 eas
1145 3891 1304 3937 noctu
1338 3883 1547 3952 patrius
1581 3898 1738 3938 amor
1766 3886 2146 3954 exprimebat;

574 3968 761 4026 ferunt
804 3973 1067 4042 siquidem
1102 3974 1428 4032 dormientis
1461 3976 1767 4031 cubiculum
1804 3977 1956 4046 pueri
2005 3995 2149 4051 saepe

574 4061 878 4133 ingressum
911 4065 1152 4131 Patrem,
1206 4069 1466 4122 nudatum
1509 4067 1605 4121 ﬁlii
1643 4077 1863 4138 pectus,
1895 4071 1975 4125 sic
2023 4081 2148 4126 tan-

577 4167 740 4224 quam
783 4157 1002 4224 aliquod
1061 4157 1301 4228 Spiritus
1347 4157 1520 4214 sancti
1574 4159 1909 4214 domiciliqu
1974 4161 2145 4218 fuisse

579 4246 985 4316 exosculatum,
1036 4250 1254 4323 Deoque
1299 4263 1479 4326 grates
1533 4256 1730 4327 egisse,
1786 4260 1876 4331 qui
1927 4275 1986 4315 se
2036 4271 2144 4316 tam

575 4345 724 4402 felici
750 4349 902 4417 prole
930 4350 1194 4406 auxisset.

645 4437 712 4494 γ.
785 4438 896 4511 (15)
948 4439 1241 4511 Postquam
1300 4443 1622 4502 domesticis
1681 4448 2139 4518 praaceptionibus

563 4509 1112 4588 roboratus—animus
1153 4533 1425 4603 publicam
1459 4536 1633 4592 lucem
1673 4509 1917 4608 quaerere
1954 4544 2137 4612 coepit,
2170 4509 2216 4566 Β

565 4621 685 4691 ,(14)
736 4621 999 4677 Clementi
1045 4615 1438 4692 Alexandrino,
1484 4629 1574 4698 qui
1611 4627 1856 4686 Pantzeni
1897 4633 2139 4688 scholam

568 4714 856 4784 regendam
889 4725 1234 4786 susceperat,
1288 4717 1341 4771 in
1385 4718 1725 4788 disciplinam
1770 4723 2001 4779 traditus
2034 4736 2138 4790 est,

561 4819 676 4874 quo
702 4806 963 4876 magistro
992 4815 1201 4862 tantum
1248 4809 1420 4864 valuit
1457 4810 1724 4881 ingeniosi
1771 4813 2135 4871 adolescentis

565 4897 914 4964 exercitatio,
961 4907 1023 4953 ut
1069 4907 1266 4967 praeter
1306 4901 1506 4956 artium
1559 4918 1842 4959 sacrarum
1891 4905 2132 4976 discipli-

561 5005 714 5057 nam,
758 4991 827 5046 ad
856 5005 1017 5062 quam
1053 4990 1439 5049 meditationes
1465 4991 1580 5050 fere
1609 4994 1882 5051 referebat
1920 5013 2127 5063 omnes,

631 5149 748 5363 ἕω)
779 5149 999 5218 Euseb.,
1022 5151 1166 5209 Hist.
1190 5157 1399 5218 eccles.,
1423 5154 1519 5212 lib.
1555 5172 1634 5224 v1,
1662 5171 1785 5229 cap.
1819 5157 1845 5212 1
1879 5167 1934 5214 et
1957 5160 2012 5216 2.

659 5221 746 5363 l5;
787 5223 950 5289 Idem,
976 5225 1070 5307 lib.
1103 5241 1180 5288 vt,
1219 5241 1337 5296 cap.
1701 5298 1714 5310 ο
1921 5301 1934 5314 ο

660 5291 724 5344 14
791 5293 1044 5348 Clement:
1089 5296 1474 5362 Alexandrino,
1514 5304 1621 5353 etc.
1651 5295 1880 5354 Videtur
1919 5318 1975 5358 tn

659 5221 746 5364 l5;
787 5223 950 5289 Idem,
976 5225 1070 5279 lib.
1103 5241 1180 5288 vt,
1219 5241 1337 5296 cap.
1369 5228 1422 5286 6.
1620 5221 1628 5224 ’
1731 5221 1748 5229 ’

660 5291 724 5344 14
791 5293 1044 5348 Clementi
1089 5296 1474 5362 Alexandrino,
1514 5304 1621 5353 etc.
1651 5295 1880 5354 Videtur
1919 5301 1934 5356 i

660 5291 746 5362 14)
791 5293 1044 5348 Clementi
1089 5291 1474 5362 Alexandrino,
1514 5304 1621 5353 etc.
1651 5295 1880 5354 Videtur
1919 5301 1975 5358 in
2027 5304 2130 5360 hac

2269 1947 2631 2002 assentiamur
2664 1947 2806 2000 nulla
2849 1961 2948 2001 nos
2992 1947 3268 2002 adducunt
3299 1954 3542 1999 veterum
3591 1944 3838 1999 testimo-

2266 2040 2389 2104 nia;
2437 2037 2547 2094 imo
2578 2053 2706 2092 vero
2743 2036 3006 2108 refragari
3055 2036 3218 2091 etiam
3242 2036 3492 2091 videntur
3520 2053 3531 2088 :
3562 2034 3841 2089 memoria:

2266 2131 2464 2201 quippe
2502 2131 2683 2199 prodit
2731 2130 2996 2185 Eusebius
3036 2128 3328 2199 Origenem
3353 2129 3515 2182 etiam
3550 2136 3658 2180 tum
3705 2141 3836 2194 pue-

2264 2239 2384 2278 rum
2429 2223 2724 2280 Clementis
2763 2223 3065 2278 auditorem
3112 2222 3310 2286 fuisse;
3359 2230 3481 2292 post
3519 2220 3833 2274 Panaetium

2265 2327 2444 2371 autem
2475 2317 2862 2371 Alexandrina:
2904 2315 3107 2371 schola:
3158 2313 3498 2369 Clementem
3531 2313 3832 2381 praefuisse.

2263 2410 2497 2465 Docendi
2528 2411 2691 2479 igitur
2714 2423 2898 2464 curam
2930 2416 3060 2463 tunc
3088 2407 3348 2478 abjecerit
3371 2406 3676 2470 Pantaenus,
3708 2419 3832 2459 cum

2260 2503 2492 2572 primum
2524 2501 2798 2571 magistris
2825 2515 2958 2556 usus
2978 2510 3062 2556 est
3093 2499 3378 2570 Origenes.
3423 2498 3658 2552 Narrant
3685 2514 3826 2562 quo-

2261 2607 2365 2664 que
2395 2591 2885 2664 Magdeburgenses
2917 2590 3065 2645 Cent.
3094 2605 3175 2657 ιιι,
3210 2604 3260 2644 c.
3303 2588 3389 2653 10,
3444 2589 3589 2642 inter
3630 2603 3837 2658 praece-

2259 2695 2444 2757 ptores
2487 2682 2736 2754 Origenis
2797 2682 3027 2736 lluillum
3077 2683 3348 2737 recenseri
3391 2682 3459 2736 ab
3501 2679 3834 2751 Hieronymo

2260 2779 2312 2832 in
2357 2776 2610 2846 Apologia
2638 2777 2689 2829 in
2724 2775 2990 2844 Ruﬁnum.
3025 2774 3106 2828 Ab
3129 2773 3304 2828 lluillo
3332 2773 3548 2843 quidem
3571 2771 3830 2826 nonnulla

2258 2869 2522 2923 monitum
2549 2867 2716 2921 fuisse
2773 2867 3090 2934 Origenem,
3121 2880 3242 2935 qua:
3282 2865 3348 2918 ad
3373 2864 3638 2918 veriorem
3686 2863 3836 2919 Scri-

2257 2970 2433 3030 pturae
2485 2959 2993 3028 interpretationem
3028 2957 3384 3027 pertinerent,
3415 2967 3601 3010 narrat
3635 2953 3830 3011 Hiero-

2256 3067 2454 3124 nymus
2485 3053 2578 3107 lib.
2613 3068 2653 3119 ι,
2685 3067 2806 3122 cap.
2838 3035 2899 3106 δέ
2940 3049 3096 3118 Quod
3149 3051 3192 3106 si
3226 3059 3524 3120 praeceptor
3567 3050 3835 3104 dicendus

2255 3153 2377 3210 est,
2434 3144 2525 3214 qui
2577 3153 2855 3198 errantem
2907 3142 3131 3196 meliora
3183 3155 3283 3210 pro
3338 3148 3580 3208 tempore
3652 3139 3830 3195 amice

2257 3237 2586 3301 submonet,
2661 3233 2908 3303 profecto
2981 3234 3293 3302 quicunque
3359 3231 3555 3286 litteris
3631 3230 3831 3287 damus

2255 3343 2476 3399 operam
2516 3327 2686 3382 nostri
2717 3325 2948 3380 invicem
2989 3333 3353 3395 praeceptores
3381 3338 3589 3386 sumus,
3627 3323 3830 3393 quippe

2255 3421 2347 3491 qui
2397 3435 2495 3476 nos
2534 3421 2764 3477 invicem
2817 3418 3037 3472 monitis
3076 3416 3331 3485 juvamus
3361 3420 3415 3470 et
3455 3414 3723 3480 consiliis,
3771 3423 3831 3469 et

2315 3515 2457 3565 Hanc
2477 3511 2667 3565 ueniam
2686 3509 3002 3576 petimusque,
3025 3508 3290 3573 damusque
3317 3504 3530 3557 uicissim
3559 3504 3680 3568 (15).

2326 3609 2413 3664 VI.
2438 3608 2553 3662 Duo
2583 3619 2743 3676 porro
2771 3603 2858 3658 hic
2886 3602 3115 3658 videnda
3159 3609 3317 3666 sunt,
3369 3609 3547 3655 utrum
3599 3599 3829 3655 Ammo-

2255 3702 2401 3756 nium
2427 3697 2699 3754 audiverit
2719 3695 3016 3766 Origenes;
3047 3704 3158 3749 tum
3183 3694 3434 3764 pluresne
3457 3691 3618 3760 hujus
3649 3693 3830 3745 nomi-

2252 3793 2341 3848 nis
2395 3805 2462 3846 ex
2509 3788 2787 3846 Ammonii
2831 3787 3016 3842 schola
3056 3784 3546 3856 prodieriutzhaec
3598 3783 3746 3836 enim
3795 3798 3829 3837 a

2251 3883 2388 3939 viris
2417 3881 2648 3939 eruditis
2675 3881 2729 3935 in
2774 3889 3067 3947 utramque
3112 3886 3323 3948 partem
3361 3874 3632 3945 disputata
3675 3883 3826 3928 sunt.

2253 3979 2495 4035 Priorem
2545 3974 2901 4045 quaestionem
2958 3973 3129 4042 agitat
3176 3967 3444 4026 Batonius
3493 3969 3563 4024 ad
3617 3983 3826 4022 annum

2250 4070 2453 4127 Christi
2477 4067 2605 4132 254,
2639 4066 2942 4136 mirarique
2971 4078 3031 4118 se
3070 4063 3201 4117 dicit
3229 4061 3321 4132 qui
3365 4061 3554 4116 audire
3591 4061 3822 4115 Ammo-

2249 4164 2398 4218 nium
2416 4160 2652 4231 potuerit
2677 4158 2938 4227 Origenes
2958 4155 3246 4210 Ammonio
3267 4153 3380 4209 l’ere
3403 4162 3562 4208 aetate
3591 4167 3816 4221 suppa-2,

2247 4265 2305 4311 et
2333 4254 2560 4308 aliorum
2593 4250 2711 4321 ipse
2742 4247 3072 4304 institutioni
3120 4254 3250 4300 ante
3281 4259 3480 4298 annum
3514 4245 3687 4298 aetatis
3719 4244 3824 4298 tri-

2246 4345 2513 4404 cesimum
2544 4340 2851 4412 praefectus.
2893 4337 3060 4405 Quasi
3107 4351 3215 4392 non
3261 4336 3346 4391 bis
3389 4350 3531 4406 saepe
3565 4335 3828 4404 tempori-

2248 4439 2368 4503 bus,
2417 4445 2478 4491 ut
2521 4433 2766 4505 pluribus
2807 4430 3158 4501 probabimus
3201 4429 3372 4493 inira,
3418 4427 3533 4495 jam
3581 4429 3825 4496 grandes

2245 4539 2375 4586 natu
2407 4528 2508 4582 viri
2539 4525 2751 4582 scholas
2780 4521 3206 4592 frequentarint;
3229 4528 3284 4574 et
3313 4518 3472 4588 hujus
3495 4521 3661 4589 ipsius
3683 4521 3823 4576 Am-

2245 4620 2416 4676 monii
2452 4617 2749 4688 discipulus
2787 4614 3054 4678 Plotinus,
3086 4611 3152 4667 ad
3187 4624 3311 4667 eum
3353 4611 3680 4666 audiendum
3719 4625 3824 4664 an-

2243 4729 2342 4770 nos
2374 4712 2561 4783 viginti
2594 4720 2718 4766 octo
2772 4719 2934 4763 natus
2991 4721 3098 4762 non
3154 4710 3467 4770 accesserit,
3524 4721 3818 4776 annosque

2242 4821 2365 4861 eum
2398 4804 2644 4859 undecim
2697 4801 2964 4856 audiverit
2997 4817 3010 4852 :
3051 4800 3208 4868 quasi
3241 4798 3652 4854 catechumeuis
3679 4797 3813 4854 ﬁdei

2240 4898 2561 4953 Christiana:
2618 4894 2921 4948 rudimenta
2982 4893 3228 4959 tradere,
3293 4900 3350 4946 et
3394 4890 3813 4960 grammaticam

2247 4993 2464 5066 publice
2487 4985 2729 5060 proliteri
2758 4999 2863 5039 non
2888 4986 3127 5054 potuerit
3156 4981 3451 5052 Origenes;
3492 4983 3607 5052 ipse
3639 4983 3820 5038 succi-

2237 5152 2832 5230 seqnunturPannum.
2879 5149 2960 5230 Ad
2988 5149 3252 5230 id'aut’em
3295 5149 3436 5216 quod
3481 5146 3667 5230 objicit
3696 5146 3817 5230 cla-

2235 5217 2488 5288 rissimus
2524 5223 2748 5279 Huetius
2780 5235 2847 5274 ex
2883 5219 3117 5274 Eusebio
3158 5217 3445 5288 Origenem
3497 5221 3660 5288 etiam
3693 5229 3808 5270 tum

2236 5287 2466 5373 puerum
2507 5292 2800 5373 Clementis
2841 5290 3138 5373 auditorem
3183 5287 3392 5373 fuisse;
3446 5296 3565 5373 post
3603 5287 3816 5340 Paula:—

563 5359 857 5442 Clementis
897 5365 1080 5442 schola
1109 5359 1542 5437 condiscipulum
1581 5367 1839 5442 habuisse
1893 5359 2132 5428 AlexanQ
2229 5359 2356 5442 {tum
2403 5378 2581 5420 autem
2631 5361 3012 5442 Alexandrina:
3046 5359 3249 5442 scholae
3292 5359 3809 5442 ςιευιθιιιθιιιιξνω-

564 5431 1275 5509 drum,Jerosolymitanum
1325 5428 1512 5506 postea
1560 5439 1873 5509 episcopum
1900 5480 1914 5506 ,
1949 5445 2130 5498 virum

2257 5443 2419 5504 uisse,
2470 5433 2760 5509 reSpon_det
2795 5431 3177 5509 Tillemon_tius
3211 5428 3524 5509 Pantaentuu
3563 5428 3700 5509 quid
3715 5442 3805 5509 erit

563 5503 989 5568 sanctissimum,
1020 5521 1180 5576 quem
1215 5503 1545 5562 acerrimum
1586 5503 1783 5563 deinde
1827 5503 1910 5566 sui
1937 5514 2125 5569 defen-

563 5586 740 5648 sorem
788 5584 1042 5648 expertus
1085 5585 1189 5648 est.
1219 5579 1396 5634 Ambo
1439 5578 1601 5648 enim
1638 5580 1779 5648 apud
1833 5580 2124 5638 Eusebium

563 5590 740 5626 sarem
788 5590 1042 5695 expertus
1085 5590 1189 5631 eat.
1219 5590 1396 5634 Ambo
1439 5592 1585 5634 enim
1638 5590 1779 5648 apud
1835 5590 2124 5638 Eusebium

562 5640 710 5696 Hist.
763 5658 848 5697 ccc
872 5645 1050 5700 esiast.
1103 5645 1194 5717 lib.
1248 5663 1324 5712 vr,
1366 5662 1487 5717 eap.
1543 5647 1632 5702 14.
1692 5649 2026 5708 Clementem
2071 5663 2132 5708 ut

565 5721 884 5780 parentem,
921 5724 974 5769 et
1007 5716 1308 5773 conciliata:
1355 5716 1499 5771 inter
1536 5732 1596 5772 se
1645 5721 1901 5774 amicitia:
1940 5733 2131 5778 aucto-

563 5798 678 5839 rem
715 5795 1027 5855 agnoscunt.
1062 5786 1259 5843 Eodem
1288 5787 1492 5844 honore
1543 5796 1598 5842 ut
1632 5791 1951 5856 magistrum
2009 5810 2129 5851 uro-

2237 5512 2292 5565 in
2324 5498 2525 5564 Indiam
2554 5498 2856 5574 proiectum
2881 5515 3005 5556 esse
3030 5501 3179 5574 circa
3209 5515 3409 5574 annum
3448 5498 3648 5574 Christi
3679 5498 3805 5565 189,

2235 5595 2356 5636 cum
2395 5568 2712 5649 quadrimus
2740 5572 2918 5649 adhuc
2958 5579 3095 5649 _e_rat
3144 5568 3584 5649 Ot'igenes,__sed
3629 5568 3808 5632 ipsum

2235 5637 2426 5721 postea
2461 5643 2844 5721 Alexandriam
2881 5641 3126 5721 rediisse,
3161 5648 3219 5691 ut
3245 5642 3405 5721 docet
3441 5637 3808 5709 Hieronymus

2241 5709 2292 5776 in
2329 5717 2568 5786 Catalog.
2609 5715 2789 5786 script.
2812 5711 3126 5772 ecclesiast.,
3153 5723 3285 5786 cap._
3307 5709 3396 5786 S6.

2312 5789 2424 5855 (Ιὸ)
2457 5779 2643 5844 Horat.
2684 5784 2757 5839 De
2788 5793 2866 5838 art
2892 5791 3054 5851 poet.,
3086 5794 3226 5836 vers.
3267 5779 3351 5832 11.
