4162 6422
367 376 471 432 6M

1396 372 1970 431 ORIGENIANORUM
2009 371 2137 429 LIB.
2180 375 2219 444 Ι,
2260 375 2410 432 CAP.
2455 375 2498 430 l.

3519 377 3623 432 642

373 495 509 551 sivis
557 494 710 549 horis
750 493 1048 562 sepositum
1103 491 1171 546 ad
1218 493 1549 547 audiendum
1597 495 1945 548 Ammoninm
1979 498 2024 555 Α
2053 495 2378 565 simpliciter
2410 495 2542 550 dicti
2569 513 2583 560 ;
2613 494 2846 551 alterum
2879 494 3338 568 Origenistarum,
3369 495 3462 565 qui
3494 496 3623 551 findi

283 593 286 595 λ
376 597 587 655 tempus
611 586 834 640 habere.
859 584 1046 654 Neque
1073 598 1202 639 vero
1227 595 1346 654 post
1371 584 1676 657 Porphyrii,
1708 586 1947 649 Eusebii,

371 679 662 749 Nicephori
705 687 760 733 et
798 679 980 734 Suidze
1023 678 1418 744 testimonium,
1485 680 1616 750 quin
1660 680 1947 734 Amtnonio

373 770 638 839 magistro
673 784 802 824 usus
825 769 916 836 sit,
946 777 1127 838 potest
1148 768 1403 826 dubitari.

443 862 557 918 VII.
614 863 858 933 Spissior
905 871 990 918 est
1035 871 1088 918 et
1126 861 1466 916 reconditior
1494 861 1663 916 altera
1693 861 1942 930 quaestio,

369 954 527 1024 cujus
547 963 802 1009 accurate
824 953 1191 1024 pertractandi
1213 954 1554 1008 commodum
1577 955 1722 1008 nacti
1745 954 1941 1019 locum,

371 1060 479 1102 non
543 1045 948 1115 disputabimus
1004 1053 1212 1098 tantum
1256 1043 1516 1113 pluresne
1566 1045 1826 1115 Origenes
1875 1061 1942 1101 ex

347 1137 642 1194 Ammonii
688 1137 869 1193 schola
900 1136 1006 1191 orti
1057 1135 1188 1200 sint,
1229 1137 1324 1190 sed
1368 1137 1435 1190 ab
1481 1151 1661 1190 unone
1693 1138 1854 1191 etiam
1890 1146 1943 1193 et

366 1231 560 1285 eodem
595 1229 830 1300 Origene
859 1229 1058 1298 duplex
1087 1226 1520 1298 Origenistarum
1558 1229 1940 1285 haereticorum

367 1331 516 1378 secta
573 1322 816 1390 profecta
867 1323 966 1387 sit;
1012 1329 1127 1375 tum
1167 1322 1326 1375 etiam
1371 1320 1725 1390 multiplexne
1781 1322 1942 1376 fuerit

365 1412 751 1466 Adamantius.
778 1409 885 1466 Per
911 1410 1043 1464 mihi
1085 1422 1216 1464 sane
1259 1407 1435 1477 placet
1481 1408 1696 1463 Henrici
1742 1407 1938 1464 Valesii

365 1503 658 1568 sententia,
685 1503 788 1559 viri
816 1503 1380 1574 ecclesiasticaejuxta
1415 1513 1472 1556 et
1504 1501 1750 1571 profana}
1794 1503 1937 1556 anti-

364 1595 590 1666 quitatis
618 1595 855 1651 litterate
877 1597 1061 1667 periti.
1107 1596 1158 1652 Is
1196 1600 1248 1652 in
1277 1596 1569 1653 luculentis
1607 1597 1673 1650 ad
1720 1597 1936 1651 Eusebii

364 1684 666 1739 Historiam
694 1687 1136 1743 adnotationibus
1165 1690 1442 1758 geminum
1481 1687 1776 1757 Origenem
1805 1689 1937 1742 Am-

363 1777 547 1834 tnonio
565 1793 782 1847 operam
807 1780 874 1834 ad
892 1781 1219 1836 audiendum
1239 1782 1452 1836 dedisse
1469 1782 1684 1847 scribit.
1709 1782 1934 1838 alterum

363 1869 747 1924 Adamantium
803 1883 1084 1940 nostrum;
1142 1873 1378 1929 alterum
1457 1874 1609 1928 illum
1665 1875 1756 1945 qui
1813 1891 1934 1929 cum

363 1958 636 2017 Herennio
651 1961 932 2029 et,Plotino
955 1977 984 2016 a
1012 1963 1442 2036 condiscipulatu
1471 1965 1759 2033 conjuncta
1785 1967 1934 2030 vixit,

359 2060 416 2107 et
441 2051 595 2122 cujus
631 2054 886 2123 frequens
930 2056 1171 2110 occurrit
1201 2059 1408 2110 mentio
1449 2058 1503 2111 in
1571 2056 1689 2110 Vita
1730 2057 1937 2111 Plotini

360 2159 389 2198 a
415 2143 721 2216 Porphyrio
742 2147 1075 2217 conscripta,
1099 2157 1155 2202 et
1175 2148 1228 2202 in
1257 2148 1382 2204 libri
1412 2149 1488 2203 De
1510 2149 1613 2218 ﬁne
1633 2164 1661 2202 a
1691 2149 1936 2220 Longino

361 2235 628 2292 lucubrati
657 2237 982 2308 fragmento,
1032 2239 1176 2308 quod
1207 2240 1332 2295 huic
1374 2240 1474 2310 ipsi
1525 2238 1659 2294 Vita:
1692 2239 1935 2312 Porphy-

359 2329 476 2386 rius
507 2331 760 2386 intexuit.
790 2331 1052 2388 Rationes
1076 2331 1274 2403 quibus
1305 2333 1360 2388 id
1389 2334 1584 2388 astruit
1620 2334 1705 2388 vir
1743 2334 1935 2390 doctus

357 2421 510 2480 brevi
549 2424 902 2495 complectar.
925 2425 1310 2480 Adamantium
1337 2425 1626 2496 Origenem
1655 2427 1932 2483 Ammonii

355 2515 660 2572 auditorem
682 2517 903 2572 multam
926 2534 990 2572 ex
1024 2519 1244 2588 scriptis
1267 2519 1408 2588 apud
1434 2527 1683 2587 posteros
1703 2519 1931 2590 gloriam

353 2607 528 2665 fuisse
548 2619 903 2668 consecutum
933 2629 962 2667 a
995 2610 1300 2683 Porphyrio
1337 2619 1479 2682 apud
1529 2616 1727 2672 Euseb.
1784 2615 1924 2674 Hist.

352 2699 452 2756 lib.
484 2715 558 2766 Vl,
592 2715 713 2772 cap.
745 2703 834 2769 l9,
873 2705 1132 2760 traditum
1155 2714 1239 2761 est
1270 2723 1286 2775 ;
1313 2715 1369 2761 at
1395 2706 1680 2778 Origenem
1704 2708 1930 2766 alterum

352 2792 552 2850 Plotini
583 2796 827 2852 sodalem
879 2798 1016 2852 nihil
1048 2807 1248 2868 praeter
1276 2799 1515 2856 libellum
1571 2802 1647 2857 De
1682 2805 1932 2859 dwmoni-

353 2885 450 2939 ltus
471 2886 734 2956 scriptum
775 2888 1061 2958 reliquisse
1086 2889 1282 2946 docent
1311 2891 1474 2947 iidem
1502 2893 1831 2966 Porphyrius
1877 2906 1932 2953 et

348 2972 651 3048 Longinus.
706 2979 1112 3050 lmperautibus
1150 2993 1420 3052 praeterea
1472 2984 1631 3041 Gallo
1674 2997 1728 3041 et
1771 2988 1930 3043 Volu-

350 3079 508 3132 siano
536 3076 822 3147 Origenem
859 3091 980 3132 eum
1004 3118 1020 3145 ,
1057 3079 1147 3149 qui
1207 3072 1562 3136 Adamantius
1613 3093 1923 3153 usurpatur,

2049 587 2414 656 cognominati
2470 596 2631 651 sunt,
2662 587 2964 656 principem
2992 597 3048 642 et
3082 588 3525 654 antesignanum.
3560 585 3620 640 ld

2047 678 2220 733 miror
2255 689 2469 734 temere
2493 679 2783 735 nonnullos
2820 679 3125 748 allirmare,
3182 680 3326 750 quod
3370 679 3624 749 ignorare

2047 784 2108 826 se
2140 779 2371 826 testatur
2401 771 2736 842 Epiphanius
2761 773 2998 839 scriptor
3032 772 3526 842 locupletissimus,
3568 779 3624 825 ct

2046 865 2328 934 proximus
2363 874 2668 933 temporum
2712 863 2949 918 illorum.
2995 864 3282 934 Epiphanii
3325 865 3493 918 verba
3523 877 3620 932 pa-

2046 973 2166 1010 rum
2199 955 2415 1010 sincere
2449 956 2682 1010 reddidit
2727 956 3109 1026 Augustinus.:
3143 969 3266 1008 cum
3317 954 3460 1007 enim
3494 969 3623 1007 con-

2045 1049 2217 1120 ceptis
2251 1050 2430 1104 verbis
2462 1050 2676 1104 nescire
2720 1063 2778 1102 se
2813 1048 3090 1116 professus
3137 1048 3335 1103 fuisset
3380 1047 3619 1117 Epipha-

2043 1141 2169 1196 nius
2212 1141 2346 1197 haar.
2374 1141 2465 1204 65,
2498 1155 2616 1210 cap.
2658 1140 2712 1203 l,
2757 1149 2810 1194 et
2846 1141 2975 1194 haer.
3022 1140 3111 1202 64,
3161 1155 3282 1208 cap.
3317 1141 3372 1203 '5,
3429 1155 3498 1194 an
3551 1141 3621 1196 ab

2041 1234 2368 1288 Adamantio
2392 1233 2649 1304 Origene,
2700 1247 2770 1285 an
2811 1231 2880 1286 ab
2913 1231 3020 1286 alio
3062 1232 3257 1301 impuri
3301 1231 3621 1303 Origenistae

2043 1327 2322 1396 propagati
2373 1327 2505 1390 sint,
2555 1326 2669 1380 haec
2705 1329 2777 1380 ita
2828 1325 3064 1381 reddidit
3118 1325 3478 1396 Augustinus,
3517 1325 3614 1380 lib.

2044 1416 2122 1471 De
2171 1420 2326 1482 luet,
2388 1433 2508 1488 cap.
2553 1418 2646 1482 Η,
2694 1419 3000 1489 Origeniani
3038 1435 3072 1472 a
3117 1417 3346 1488 quodam
3395 1417 3620 1490 Origene

2041 1511 2174 1564 dicti
2203 1521 2323 1564 sunt
2346 1551 2362 1575 ,
2403 1527 2506 1564 non
2540 1511 2604 1564 ab
2650 1511 2744 1564 illo
2774 1511 2865 1581 qui
2898 1510 3006 1579 fere
3043 1511 3284 1564 omnibus
3328 1519 3483 1564 notus
3516 1521 3616 1574 est,

2040 1603 2131 1656 sed
2159 1602 2224 1655 ab
2252 1601 2361 1656 alio
2393 1603 2566 1657 nescio
2603 1619 2727 1674 quo,
2756 1604 2820 1657 de
2866 1619 2971 1672 quo
3008 1601 3085 1656 vel
3119 1602 3468 1656 sectatoribus
3503 1601 3617 1671 ejus

2041 1693 2373 1762 Epiphanius
2430 1694 2672 1764 loquens,
2705 1707 2814 1750 etc.
2875 1694 3132 1748 Vitiatatn
3189 1695 3259 1747 ab
3314 1693 3618 1764 Augustino

2040 1781 2375 1835 sententiam
2455 1797 2592 1836 nova
2662 1781 2980 1837 accessione
3043 1781 3268 1838 fcedavit
3331 1782 3616 1852 Augustini

2040 1873 2232 1929 simius
2261 1871 2637 1928 Praedestinati
2675 1883 2888 1938 auctor,
2937 1889 3096 1942 quem
3153 1873 3325 1928 edidit
3368 1873 3616 1928 Sirmon-

2039 1969 2138 2022 dus
2164 1984 2179 2032 ;
2208 1969 2287 2022 sic
2315 1969 2458 2023 enim
2491 1969 2731 2036 scripsit,
2762 1967 2894 2024 haar.
2928 1968 2999 2022 42
3023 1986 3037 2022 :
3066 1967 3540 2036 Quadragesimam
3563 1974 3614 2018 et

2037 2059 2321 2113 secundum
2357 2060 2596 2112 haeresim
2634 2057 2942 2128 Origeniani
2975 2057 3372 2120 inchoaveram,
3408 2072 3441 2108 a
3477 2069 3614 2125 quo-

2037 2151 2164 2205 dam
2215 2148 2462 2220 Origene,
2509 2167 2614 2204 non
2639 2150 2731 2203 illo
2779 2150 2870 2220 qui
2903 2149 3012 2219 fere
3044 2148 3287 2202 omnibus
3313 2157 3468 2201 notus
3514 2155 3611 2209 est,

2034 2244 2126 2298 sed
2179 2243 2286 2297 alio
2320 2242 2465 2313 Syro
2501 2245 2734 2313 quodam
2779 2243 3208 2296 sceleratissimo.
3264 2240 3442 2295 Verba
3502 2239 3617 2294 haec

2033 2335 2342 2404 Augustini,
2375 2333 2482 2389 Sed
2511 2335 2575 2387 ab
2605 2334 2715 2388 alio
2740 2336 2915 2388 nescio
2939 2351 3065 2404 quo,
3107 2333 3323 2388 videtur
3352 2331 3484 2386 falsa
3513 2331 3616 2385 hac

2033 2427 2272 2482 lectione
2299 2427 2626 2496 depravasse
2660 2445 2673 2480 :
2705 2425 2813 2482 Sed
2847 2427 2953 2480 alio
2993 2426 3131 2496 Syro
3167 2425 3414 2493 quodam.
3467 2422 3612 2478 idem

2033 2519 2213 2589 capite
2260 2500 2511 2589 sequenti
2557 2517 2724 2573 alium
2763 2517 2921 2573 nobis
2947 2516 3188 2572 obtrudit
3211 2513 3502 2584 Origenem
3545 2511 3616 2566 ab

2031 2609 2355 2664 Adamantio
2389 2617 2580 2663 nostro
2612 2607 2908 2672 diversum,
2961 2607 3272 2674 dogmatum
3298 2616 3485 2656 eorum
3519 2614 3616 2652 au-

2031 2711 2236 2756 ctorem
2261 2714 2494 2769 quorum
2521 2698 2897 2752 Adamantium
2939 2693 3270 2764 Epiphanius
3313 2688 3613 2747 accusavit.

2032 2789 2376 2860 Sophronius
2402 2787 2894 2856 Jerosolymitanus
2917 2785 2986 2840 ab
3013 2784 3317 2854 Epiphanio
3336 2782 3613 2846 inductus,

2031 2883 2305 2955 geminum
2341 2896 2559 2952 quoque
2593 2879 2924 2950 Origenem‘,
2960 2877 3193 2931 alterum
3223 2873 3612 2944 antiquiorem.

2028 2971 2420 3025 Adamantium
2449 2971 2682 3025 alterum
2731 2975 3128 3023 commemorat
3179 2967 3232 3020 in
3277 2963 3508 3035 epistola
3544 2963 3614 3019 ad

2032 3063 2286 3134 Sergium
2326 3082 2340 3118 :
2383 3063 2528 3133 quod
2559 3062 2940 3117 observatione
2980 3075 3078 3116 sua
3111 3059 3332 3128 dignum
3378 3055 3605 3110 Photius

347 3145 656 3223 extremum
689 3167 956 3225 clausisse
985 3145 1130 3225 diem
1164 3171 1345 3240 prodi;
1375 3171 1684 3240 Eusebius;
1737 3145 1928 3246 brige,
1957 3193 1999 3252 Ο
2032 3155 2370 3210 existimavit
2399 3155 2520 3210 cod.
2558 3154 2687 3208 251.
2737 3151 2794 3206 In
2847 3153 3035 3208 eadem
3071 3166 3232 3205 causa
3262 3159 3345 3203 est
3369 3145 3610 3202 Joannes

350 3285 476 3325 nem
507 3284 636 3324 vero
676 3269 907 3324 alterum
951 3270 1056 3324 sub
1097 3267 1350 3324 Gallieno
1391 3269 1589 3324 librum
1639 3275 1928 3341 quemdam

347 3362 659 3416 elaborasse
685 3361 737 3414 in
769 3361 958 3414 eadem
998 3357 1202 3414 Plotini
1222 3359 1365 3431 ,Vita
1392 3361 1652 3432 scriptum
1683 3361 1930 3436 Porphy-

346 3450 465 3504 rius
523 3448 766 3519 reliquit.
817 3448 1027 3514 Quibus
1083 3450 1302 3504 tertium
1372 3449 1502 3505 illud
1550 3461 1926 3521 argumentum

347 3541 507 3596 addo.
540 3538 829 3612 Origenem
862 3539 1245 3596 Adamantium
1274 3541 1560 3596 sibi-valde
1597 3543 1926 3599 adolescenti

348 3636 628 3707 cognitum
682 3636 978 3706 aliquando
1045 3634 1216 3690 fuisse
1277 3634 1613 3707 Porphyrius
1667 3638 1922 3704 tradidit;

345 3729 492 3800 quod
534 3743 640 3783 non
675 3729 907 3783 dixisset
949 3727 1214 3798 profecto,
1271 3727 1317 3782 si
1369 3728 1623 3782 diuturna
1661 3729 1762 3784 sibi
1802 3744 1924 3784 cum

341 3821 439 3878 ilo
463 3829 518 3877 et
557 3830 817 3876 constans
860 3817 1270 3872 intercessisset
1314 3817 1656 3872 necessitudo
1690 3831 1703 3868 :
1738 3815 1930 3887 Orige-

348 3913 438 3970 nis
463 3922 650 3967 autem
690 3911 918 3965 alterius
955 3909 1146 3964 Romae
1190 3907 1619 3978 condiscipulum
1658 3919 1714 3963 et
1744 3923 1926 3976 aequa-

343 4007 450 4064 lem
474 4007 644 4062 fuisse
668 4005 1031 4078 Porphyrium
1058 4002 1332 4058 memoriae
1363 4001 1600 4073 prodidit
1625 4000 1920 4071 Eunapius.

343 4099 489 4155 Sane
519 4098 810 4170 imperium
855 4104 1072 4153 tenente
1115 4095 1368 4165 Philippo
1400 4095 1505 4150 iter
1529 4093 1758 4149 Romam
1790 4109 1918 4148 neu-

345 4191 554 4262 tiquam
589 4191 897 4261 suscepisse
925 4187 1212 4260 Origenem
1238 4187 1644 4255 Adamantium,
1665 4195 1720 4240 et
1753 4186 1921 4242 Roma

341 4285 568 4341 omnino
599 4300 697 4355 per
742 4285 795 4338 id
843 4293 1054 4353 tempus
1096 4280 1336 4337 abfuisse
1389 4281 1753 4337 certissimum
1789 4287 1919 4346 est;

339 4393 444 4433 nec
468 4379 613 4433 enim
649 4385 756 4430 tam
782 4374 998 4445 longam
1033 4373 1527 4444 peregrinationem
1552 4369 1812 4427 credibile
1839 4378 1922 4426 est

336 4470 560 4526 silentio
604 4467 774 4524 fuisse
803 4467 1269 4537 praetermissurus
1301 4464 1595 4520 Eusebium
1631 4473 1686 4520 et
1713 4461 1906 4519 Hiero-

2035 3247 2403 3302 Damascenus
2435 3248 2489 3301 in
2525 3246 2650 3302 libr.
2695 3245 2770 3299 De
2805 3243 3045 3298 Itwresib.
3097 3242 3368 3312 geminum
3401 3241 3611 3307 ﬁngens

2033 3340 2349 3411 Origenem,
2375 3342 2521 3396 unde
2551 3340 2796 3410 duplices
2825 3338 2931 3393 orti
2965 3337 3074 3390 sint
3107 3335 3430 3404 Origenistae
3457 3333 3607 3397 frudi,

2029 3443 2085 3488 et
2121 3433 2433 3489 Adamantii
2467 3440 2788 3487 sectatores.
2818 3428 2998 3498 Atque
3021 3427 3151 3481 item
3196 3424 3372 3480 Guido
3398 3435 3611 3477 carme-

2029 3528 2149 3591 lita,
2177 3527 2427 3581 Elnensis
2449 3525 2760 3593 episcopus,
2788 3521 2880 3591 qui
2915 3521 3230 3590 ﬁgmentum
3267 3517 3410 3571 idem
3459 3513 3601 3568 arri-

2027 3621 2146 3692 puit
2171 3621 2222 3675 in
2257 3619 2480 3675 Summa
2507 3619 2570 3672 de
2590 3618 2778 3671 laceres.
2825 3618 3006 3685 Atque
3039 3613 3113 3666 ita
3160 3611 3338 3669 duone
3373 3609 3608 3663 exstite-

2027 3715 2140 3768 rint
2169 3711 2438 3782 Origenes
2479 3709 2916 3780 Origenistarum
2948 3704 3226 3775 principes
3271 3696 3609 3755 addubitavit

2026 3802 2395 3872 Epiphanius;
2438 3807 2828 3856 asseverarnnt
2868 3795 3225 3866 Augustinus,
3269 3788 3606 3860 Sephronius

2023 3905 2080 3951 et
2119 3895 2357 3950 Joannes
2397 3893 2816 3959 Damascenns;
2860 3899 2972 3944 tres
3009 3897 3189 3942 autem
3231 3884 3389 3939 ﬁnxit
3412 3892 3606 3938 auctor

2025 3985 2428 4052 Prwdestinati,
2464 3986 2705 4052 scriptor
2737 3998 3008 4052 nequam,
3045 3991 3104 4033 ut
3129 3979 3209 4032 vel
3233 3993 3298 4032 ex
3325 3990 3389 4031 eo
3426 3973 3602 4044 conji-

2023 4082 2137 4137 cias
2191 4082 2335 4150 quod
2396 4079 2585 4133 eodem
2640 4077 2817 4146 capite
2869 4070 3209 4140 Pamphilum
3266 4079 3597 4139 martyrem.

2021 4175 2336 4245 episcopum
2402 4171 2693 4241 aliquando
2739 4169 2906 4222 fuisse
2964 4165 3147 4220 tradit.
3199 4162 3353 4230 Quod
3409 4169 3596 4214 autem

2000 4266 2360 4324 asseveravit
2385 4263 2742 4335 Augustinus,
2776 4259 2994 4332 negavit
3024 4259 3076 4312 id
3105 4258 3307 4312 diserte
3330 4253 3597 4308 Baronius

2021 4361 2089 4416 ad
2140 4376 2230 4414 an.
2273 4358 2402 4421 256,
2437 4366 2495 4412 et
2537 4371 2736 4411 causas
2764 4370 2860 4407 cur
2888 4351 3083 4422 duplex
3125 4350 3416 4420 ﬁngeretur
3475 4347 3599 4400 Ori-

2021 4467 2187 4524 genes
2244 4459 2403 4505 acute
2454 4446 2863 4518 pervestigavit.
2920 4443 3250 4496 Memoratus
3307 4452 3469 4508 porro
3527 4435 3596 4489 ab

333 4578 560 4635 nymum
595 4580 610 4618 :
643 4570 699 4615 at
724 4529 1015 4626 Origenem
1043 4557 1276 4614 alterum
1322 4560 1387 4613 ad
1419 4557 1688 4614 Plotinum
1729 4555 1914 4611 Romae
1944 4553 1990 4610 D
2019 4544 2264 4613 Eullaplo
2295 4543 2348 4595 ill
2392 4539 2509 4635 Vlia
2543 4535 2836 4635 Ρογρίιέζζξί
2863 4535 3126 4635 ονῖξθηξδε
3149 4533 3238 4635 ille
3273 4545 3434 4635 {1'me
3456 4529 3598 4635 dm:

335 4664 453 4709 tum
513 4652 568 4708 in
628 4651 832 4709 scholis
901 4651 1113 4720 publice
1189 4651 1549 4706 disserentem
1613 4647 1914 4702 accessisse

332 4753 529 4801 auctor
566 4752 651 4800 est
684 4743 825 4798 idem
851 4740 1212 4812 Porphyrius.
1264 4739 1320 4794 Id
1360 4740 1404 4794 si
1439 4735 1913 4793 animadvertisset

331 4838 604 4894 Barouius
629 4835 764 4910 (16),
800 4849 976 4906 neque
1018 4847 1210 4891 contra
1259 4830 1479 4889 Eusebii
1510 4829 1674 4885 ﬁdem
1715 4827 1910 4898 Orige-

329 4945 459 4986 nem
505 4927 913 4992 Adamantium,
965 4939 1124 4994 quem
1178 4924 1246 4978 ab
1298 4923 1405 4978 alio
1465 4935 1572 4977 non
1641 4920 1908 4986 distinxit,

325 5023 576 5080 secundo
611 5021 842 5076 Romam
872 5018 1075 5074 abiisse
1109 5017 1176 5073 ad
1208 5016 1511 5072 Fabianum
1553 5028 1749 5085 papam
1781 5028 1911 5083 pur-

329 5115 495 5186 gandi
527 5115 610 5170 sui
645 5127 810 5168 causa
855 5110 1244 5183 excogitasset,
1300 5121 1476 5179 neque
1513 5106 1808 5161 Possevino
1854 5112 1910 5158 et

328 5204 577 5262 llatloxio
623 5205 764 5260 idem
817 5212 876 5260 ut
935 5202 1226 5259 crederent
1272 5213 1497 5256 causam
1540 5197 1907 5269 praebuisset:

330 5301 437 5355 hoc
489 5298 637 5354 enim
666 5311 806 5352 unus
854 5296 947 5352 ille
1003 5293 1290 5365 Porphyrii
1345 5293 1498 5347 locus
1541 5290 1660 5344 viro
1713 5301 1907 5356 magno

324 5389 617 5461 persuasit.
645 5385 1114 5454 Quemadmodum
1164 5391 1344 5438 autem
1374 5382 1510 5436 duos
1551 5379 1813 5450 Origenes
1847 5376 1903 5432 in

326 5499 497 5539 unum
529 5480 891 5537 confuderunt
918 5477 1188 5544 nonnulli,
1249 5476 1324 5530 ita
1374 5489 1440 5529 ex
1475 5487 1583 5528 uno
1615 5482 1671 5528 et
1713 5470 1904 5527 eodem

323 5577 567 5650 Origene
606 5573 866 5631 Leonidae
914 5572 1026 5628 ﬁlio
1059 5572 1196 5627 duos
1246 5568 1506 5638 Origenes
1547 5565 1638 5620 alii
1684 5563 1905 5619 eﬂinxe-

324 5650 474 5737 runt,
501 5678 692 5725 verum
723 5665 986 5730 alterum,
1023 5678 1055 5718 a
1106 5675 1218 5735 quo
1263 5660 1369 5718 orti
1413 5667 1540 5716 sunt
1581 5655 1904 5727 Origenistte

408 5845 512 5923 ,16)
549 5846 746 5905 Barou.
781 5845 846 5902 ad
875 5859 964 5901 an.
992 5841 1136 5917 248.-

2020 4651 2164 4700 mus,
2196 4631 2480 4704 Porphyrii
2522 4641 2578 4684 ct
2607 4627 2801 4684 Amelii
2830 4624 3259 4694 condiscipulus,
3283 4623 3498 4678 idemne
3524 4621 3596 4676 sit

2019 4743 2084 4784 ac
2125 4725 2329 4782 sodalis
2374 4723 2468 4778 ille
2492 4721 2718 4787 Plotini,
2770 4735 2838 4774 an
2864 4720 3020 4784 alius,
3050 4732 3157 4772 non
3189 4716 3326 4772 satis
3373 4723 3592 4781 exstat;

1998 4835 2143 4875 nam
2179 4817 2273 4888 qui
2303 4831 2428 4871 cum
2465 4812 2677 4868 Plotino
2701 4810 3050 4866 Ammonlum
3078 4808 3284 4863 audivit
3305 4806 3591 4876 Origenes,

2021 4910 2218 4967 Plotini
2257 4907 2481 4979 aequalis
2513 4904 2617 4960 fuit
2661 4914 2716 4960 et
2748 4903 2976 4967 amicus,
3023 4917 3124 4955 nec
3165 4899 3410 4954 doctrina
3455 4896 3595 4952 infe.

2022 5004 2149 5068 rior,
2181 5011 2241 5057 ut
2265 5002 2313 5056 ei
2341 5000 2406 5054 ad
2425 5013 2484 5054 se
2506 4997 2835 5052 audiendum
2855 4996 2993 5049 forte
3011 4992 3247 5048 venienti
3264 4991 3593 5046 erubescens

2015 5103 2324 5162 assurgeret
2375 5091 2641 5158 Plotinus,
2705 5103 2805 5143 nec
2841 5101 3023 5141 coram
3075 5099 3139 5138 eo
3193 5084 3358 5136 verba
3410 5079 3592 5136 facere

2015 5185 2316 5241 sustineret
2352 5202 2366 5237 :
2396 5191 2455 5238 at
2490 5181 2741 5238 laudatus
2772 5179 2845 5233 ab
2873 5175 3119 5245 Eunapio
3167 5172 3431 5242 Origenes
3456 5169 3592 5226 alter

2015 5277 2211 5332 Plotini
2249 5275 2491 5330 scholam
2531 5273 2747 5328 videtur
2794 5270 3176 5341 frequentasse
3202 5304 3218 5330 ,
3258 5262 3458 5333 quippe
3497 5261 3590 5332 qui

2012 5366 2306 5440 Porphyrii
2358 5377 2412 5421 et
2467 5365 2664 5420 Amelii
2719 5361 2905 5417 Romae
2942 5353 3347 5424 condiscip‘ulus
3404 5352 3586 5413 fuerit,

2014 5475 2247 5530 quorum
2271 5467 2564 5527 utrumque
2589 5454 2787 5510 Plotini
2816 5450 3124 5507 doctrinam
3153 5445 3340 5500 Romae
3357 5443 3591 5512 capessi-

2011 5553 2159 5609 visse
2191 5558 2428 5608 constat.
2458 5530 2585 5604 ld'si
2621 5548 2711 5608 sit,
2746 5544 3013 5614 Origenes
3050 5540 3188 5595 duos
3216 5536 3406 5592 iisdem
3451 5543 3560 5586 tem

2011 5644 2236 5719 poribus
2272 5656 2396 5701 cum
2433 5639 2648 5698 Plotiuo
2673 5637 2861 5696 Roma:
2905 5629 3349 5704 coniunctissime
3385 5624 3588 5681 vixisse
