4162 6392
624 345 726 403 6L7

1892 353 1954 410 P.
1994 351 2311 410 DANIELIS
2351 357 2586 416 llUE'l'll

3771 372 3876 430 3l8

624 464 870 535 potuisse
902 463 1199 527 occultari,
1255 480 1361 520 non
1408 479 1534 522 vero
1583 468 1964 527 Alexandrinis
2012 473 2207 528 tinibus
2234 481 2281 534 Α
2309 477 2432 532 liinc
2464 481 2778 540 imminutos
2817 485 2891 540 rei
2937 486 3219 544 familiaris
3263 487 3474 545 fructus
3503 499 3559 544 ut
3606 493 3877 562 sarciret,

621 558 941 612 excessisse.
979 557 1112 611 Tum
1147 561 1407 615 continuo
1443 561 1660 630 subjicit
1699 572 1776 618 tot
1808 563 1924 633 ejus
1950 566 2200 636 exemplo

621 651 688 702 ad
723 647 924 703 Christi
973 660 1151 719 partes
1183 650 1352 707 fuisse
1388 654 1651 708 adductos
1679 695 1694 719 ,
1727 665 1785 709 ut
1829 670 2112 716 crescente
2144 659 2198 713 in

621 741 743 796 dies
776 742 1290 798 catechumenorutn
1322 760 1570 810 numero,
1604 761 1740 815 quos
1777 748 1875 818 ipsi
1907 751 2005 804 soli
2045 751 2200 806 insti-

615 835 844 890 tuendos
874 837 1221 890 commiserat
1271 839 1574 893 Demetrius
1630 840 2030 898 Alexandrinus
2077 845 2197 910 epi-

616 940 813 995 sc0pus
841 967 856 989 ,
891 927 1261 996 grammatica:
1293 927 1426 982 artis
1459 928 1794 998 professione
1823 948 1882 988 se
1909 935 2194 991 abdicave-

615 1017 708 1072 rit.
759 1017 964 1084 Quibus
1018 1020 1090 1073 ita
1142 1019 1210 1074 ab
1262 1019 1498 1075 Eusebio
1541 1023 1883 1091 conjunctis,
1937 1027 2058 1094 quis
2086 1038 2192 1082 tam

613 1105 987 1180 longinquum,
1029 1123 1246 1180 tamque
1274 1112 1586 1166 dittturnum
1623 1113 1726 1167 iter
1755 1125 1904 1184 putet
1931 1116 2191 1172 interces-

613 1203 798 1259 sisse?
833 1204 966 1259 Cum
1016 1204 1144 1258 illud
1179 1219 1310 1275 ergo
1347 1205 1573 1274 tempori
1625 1205 1755 1261 huic
1806 1207 2030 1262 minime
2062 1228 2190 1281 pos-

611 1294 686 1349 sit
737 1296 952 1366 aptari,
1003 1297 1342 1353 commodius
1368 1296 1512 1352 aliud
1546 1295 1684 1353 intra
1717 1299 1954 1370 reperire
1979 1304 2192 1360 conabi-

614 1401 759 1444 mur.

679 1543 775 1600 XI.
813 1545 928 1615 (23)
961 1544 1278 1601 Conlluente
1308 1545 1358 1600 in
1387 1546 1501 1600 dies
1530 1547 1594 1599 ad
1626 1547 1935 1618 Origenem,
1972 1560 2028 1604 ut
2054 1551 2183 1620 dixi,

609 1640 920 1696 auditorum
978 1653 1208 1694 numero
1231 1680 1244 1700 ,
1273 1654 1408 1708 quos
1441 1641 1639 1708 partim
1672 1644 2041 1711 grammaticae
2073 1655 2185 1700 stu-

608 1732 779 1796 dium,
813 1733 1008 1801 partim
1044 1730 1372 1785 Christiana:
1405 1731 1666 1785 doctrinae
1702 1734 2058 1804 percipienda!
2085 1752 2183 1790 cu-

2303 569 2635 637 prol'essorio
2687 576 2896 630 muneri
2931 577 3088 630 utiles
3140 577 3345 643 libros,
3379 594 3606 648 qnormn
3637 581 3876 649 pretiosa

2303 659 2401 729 ipsi
2435 661 2673 730 supellex
2704 674 2840 728 erat,
2872 666 3126 720 distraxit
3154 682 3367 732 omnes,
3397 683 3460 722 ac
3486 667 3694 722 diurna:
3733 684 3875 735 qus-

2301 759 2426 804 tuor
2472 752 2756 808 obolorum
2796 757 3071 823 pensionis
3105 757 3279 824 pretio
3331 757 3591 820 vendidit,
3643 758 3758 829 (24)
3808 773 3874 815 ne

2297 842 2448 912 operi
2479 859 2575 898 suo
2603 844 2934 901 destinatum
2967 847 3280 904 domestica:
3325 849 3400 904 rei
3449 849 3755 904 sollicitudo
3783 863 3873 905 re-

2299 935 2562 992 traheret.

2368 1071 2478 1125 xu.
2508 1071 2622 1140 (25)
2668 1071 2748 1126 Ad
2783 1088 2966 1127 rerum
3015 1070 3320 1127 divinarum
3366 1073 3603 1129 studium
3636 1077 3870 1134 accessit

2293 1164 2457 1218 etiam
2489 1165 2750 1218 virtutum
2780 1167 3048 1233 omnium,
3074 1183 3194 1237 qua!
3223 1177 3408 1222 essent
3440 1167 3754 1224 Christiano
3783 1173 3869 1227 die

2293 1269 2415 1324 gnte
2437 1294 2451 1318 ,
2480 1270 2610 1309 usus
2635 1257 2908 1312 assiduus.
2945 1257 3072 1312 Dies
3096 1258 3338 1313 docendo
3363 1298 3379 1323 ,
3412 1272 3599 1316 noctes
3641 1261 3865 1331 legendo

2293 1346 2626 1402 conterebat.
2655 1346 2865 1417 Jejunia
2902 1349 3081 1420 longa,
3101 1353 3272 1404 somni
3307 1350 3520 1417 breves,
3554 1368 3691 1423 quos
3713 1355 3862 1412 hutni

2293 1447 2498 1491 tantum
2524 1475 2542 1502 ,
2584 1439 2668 1492 vel
2715 1441 2768 1493 in
2806 1450 2985 1494 storea
3037 1441 3280 1510 abjectus
3309 1444 3577 1512 capiebat.
3618 1443 3864 1516 Frigoris

2289 1531 2356 1583 ad
2388 1531 2501 1585 haec
2535 1532 2997 1600 patientissimus;
3039 1534 3149 1588 vini
3176 1575 3190 1598 ,
3221 1534 3324 1590 olei
3351 1579 3366 1603 ,
3399 1535 3739 1607 aliarumque
3768 1553 3860 1592 re-

2287 1637 2427 1687 rum,
2458 1623 2654 1692 quibus
2684 1625 2928 1678 irritatur
2960 1628 3103 1696 gula,
3135 1638 3189 1682 et
3215 1629 3282 1680 ad
3307 1627 3546 1682 laborem
3576 1628 3857 1685 ferendum

2287 1715 2673 1770 remollescunt
2731 1717 3021 1781 homines,
3081 1718 3626 1785 abstinentissimus,
3689 1737 3860 1791 usque

605 1826 806 1895 viduas
857 1823 1130 1878 alliciebat
1158 1864 1173 1887 ν
1225 1840 1416 1894 parum
1467 1823 1568 1878 sibi
1621 1826 1911 1879 convenire
1957 1828 2185 1883 credidi,
2213 1821 2256 1876 Β
2285 1805 2418 1858 adeo
2450 1816 2506 1860 ut
2541 1817 2839 1862 tentaretur
2893 1809 3235 1875 valetudine,
3281 1820 3337 1865 et
3383 1813 3666 1867 stomacho
3709 1812 3857 1867 labo-

605 1919 823 1972 tradere
867 1916 1129 1971 elementa
1163 1915 1512 1980 litterarum,
1540 1917 1631 1985 qui
1675 1921 1840 1972 verbo
1875 1917 1967 1972 Dei
2003 1921 2178 1975 homi-

606 2024 732 2062 num
767 2017 976 2063 mentes
1025 2017 1207 2078 posset
1255 2007 1517 2063 imbuere.
1557 2007 1916 2075 Quamobrem
1945 2013 2180 2081 abroga-

601 2101 681 2154 vit
707 2100 808 2155 sibi
854 2101 1124 2155 tradendae
1173 2100 1542 2171 grammatica:
1574 2116 1769 2156 munus
1794 2141 1810 2165 ,
1849 2113 1904 2157 et
1941 2105 2006 2157 ad
2037 2105 2178 2158 cele-

599 2188 836 2246 brandas
893 2190 1144 2246 meliores
1214 2189 1491 2246 doctrinas
1543 2205 1602 2247 se
1659 2194 1944 2248 convertit.
1997 2195 2179 2265 Atque

670 2520 783 2588 (23)
809 2522 1030 2582 musci»,
1053 2519 1192 2574 Ilist.
1219 2519 1344 2574 eccl.
1382 2519 1476 2574 lib.
1508 2533 1584 2584 Vt,
1614 2536 1735 2589 cap.
1769 2522 1822 2577 '5.

672 2591 786 2662 (‘14)
825 2590 906 2643 Ne
926 2592 1067 2657 operi
1101 2608 1196 2662 su_o
1241 2592 1557 2644 destinatum
1582 2594 1880 2646 domestica?
1908 2593 1985 2646 rei
2027 2592 2175 2646 solli-

599 2660 776 2733 citudo
802 2662 1107 2733 retraheret.
1139 2660 1524 2733 Eusebiusait
1560 2664 1638 2714 sic
1668 2665 1846 2728 egisse
1877 2663 2170 2733 Origenem

594 2731 838 2802 prudenti
851 2731 1065 2782 consilio
1083 2747 1258 2794 usum,
1280 2747 1342 2784 ne
1360 2730 1532 2784 alieno
1550 2733 1780 2785 subsidio
1795 2749 1922 2799 opus
1939 2730 2167 2788 haberet.

609 2841 615 2849 .
671 2801 786 2872 (25)
813 2802 892 2852 Ad
928 2817 1104 2854 rerum
1144 2803 1440 2853 diuinarum
1465 2803 1698 2872 studium
1725 2842 1740 2863 ,
1767 2806 1980 2855 accessit
2012 2804 2170 2856 etiam

597 2870 853 2926 uirtutum
896 2873 1149 2931 omnium,
1175 2887 1290 2940 qute
1325 2882 1492 2924 essent
1517 2870 1816 2925 Christiano
1849 2875 2039 2941 digna',
2062 2885 2169 2926 etc.

595 2941 934 2994 Christianas
978 2942 1232 3008 Origenis
1264 2942 1495 2995 virtutes
1545 2944 1736 2994 leviter
1764 2943 2048 2995 admodum
2082 2943 2169 2996 hic

593 3011 812 3081 attingit
841 3009 1086 3072 Iluetius,
1129 3026 1268 3081 quas
1303 3020 1481 3065 tamen
1510 3011 1776 3066 Eusebius
1808 3021 1864 3065 et
1892 3012 1982 3064 alii
2012 3012 2170 3079 longe

592 3078 766 3150 fusius
793 3081 1122 3134 describunt.
1156 3078 1480 3149 liujusmodi
1507 3082 1785 3149 disciplina
1811 3121 1825 3143 ,
1869 3083 2042 3150 inquit
2072 3078 2170 3135 Ett-

591 3149 776 3204 seltius
806 3152 899 3206 lib.
934 3166 984 3204 νι
1005 3191 1020 3214 ,
1053 3165 1172 3218 cap.
1202 3151 1235 3204 5
1257 3189 1272 3214 ,
1306 3162 1352 3203 et
1379 3153 1532 3218 plane
1568 3151 1925 3219 philosOphica
1946 3149 2168 3205 ratione

591 3222 818 3286 uiuendi,
858 3219 1092 3287 pluribus
1115 3221 1352 3289 deinceps
1377 3223 1528 3274 annis
1560 3222 1638 3273 uti
1667 3222 2029 3289 perseveravit,
2061 3238 2166 3274 om-

591 3305 682 3343 nes
731 3290 1042 3357 juvenilium
1085 3291 1428 3358 cupiditatum
1472 3291 1740 3344 illecebras
1777 3293 2004 3358 undique
2049 3296 2166 3344 sub-

589 3372 816 3413 mouens.
841 3359 914 3412 Ac
940 3361 1128 3412 diurno
1151 3360 1359 3429 quidem
1374 3373 1610 3430 tempore
1631 3362 1963 3430 grauissimos
1986 3362 2165 3430 cujus-

588 3431 831 3497 quemodi
878 3431 1313 3482 exercitationum
1363 3429 1566 3483 labores
1630 3429 1888 3484 tolerabat
1929 3446 1948 3483 .'
1997 3429 2163 3486 nectis

590 3513 708 3551 uero
738 3500 1024 3551 maximam
1048 3510 1249 3566 partem
1282 3500 1583 3553 divinarum
1628 3500 2025 3567 Scripturarum
2056 3514 2165 3554 stu-

587 3567 694 3639 diis
725 3569 1054 3639 impendebat
1080 3609 1094 3634 ,
1123 3569 1462 3622 severissima:
1489 3572 1659 3638 quoad
1690 3582 1891 3636 po:eiat
1937 3572 2164 3639 philoso-

585 3637 724 3708 phice
793 3637 992 3708 legibus
1058 3640 1419 3706 institutisque
1490 3637 1820 3708 semetipsum
1897 3637 2158 3695 coercens.

590 3706 791 3779 Quippe
820 3706 1051 3761 interdiu
1093 3710 1307 3779 quidem
1340 3706 1679 3779 Ῐεῂιηὶονυηί
1699 3713 2160 3765 exercitationibus

585 3776 867 3830 insudabat
902 3795 918 3832 :
954 3776 1114 3831 noctu
1140 3795 1257 3832 vero
1296 3776 1463 3831 somni
1504 3783 1733 3847 spatium
1769 3782 2159 3846 dimetiebatur,

584 3862 806 3916 eumque
841 3864 941 3918 non
965 3849 1019 3900 in
1040 3859 1228 3913 strato,
1247 3856 1337 3902 sed
1370 3865 1526 3918 super
1547 3853 1686 3902 nudo
1717 3849 1826 3903 solo
1851 3867 2033 3916 capere
2053 3865 2162 3904 sat-

584 3919 788 3984 agebat.
842 3917 1074 3972 Maxime
1097 3935 1214 3972 vero
1262 3917 1559 3988 evangelica
1587 3920 1679 3971 illa
1713 3920 2008 3975 Servatoris
2060 3938 2156 3974 no—

582 3990 681 4039 stri
710 3997 968 4056 pracepta
999 3990 1322 4043 obseruanda
1355 4007 1464 4042 esse
1488 3990 1708 4042 ducebat
1735 4031 1750 4054 ,
1773 3992 1960 4059 quibus
1991 4009 2158 4045 mone-

583 4073 720 4117 mur,
768 4069 879 4110 tum
917 4075 980 4113 ne
1033 4065 1158 4113 duas
1202 4059 1406 4112 tunicas
1440 4063 1751 4126 habeamus,
1795 4077 1917 4114 neve
1963 4065 2159 4114 calcea-

581 4127 770 4180 mentis
798 4137 1039 4193 utamur;
1071 4141 1194 4182 tunc
1225 4147 1287 4183 ne
1317 4130 1380 4182 de
1407 4131 1641 4183 crastino
1689 4133 1910 4184 nimium
1941 4133 2156 4184 solliciti

582 4203 925 4268 nosmetipsos
954 4202 1332 4252 excruciemus.
1377 4198 1479 4254 Sed
1513 4209 1564 4252 et
1585 4200 1809 4268 majore,
1843 4217 2002 4268 quant
2027 4213 2155 4256 wtas

582 4265 986 4332 ferebat,animi
1013 4269 1223 4333 ardore,
1247 4271 1302 4322 in
1330 4269 1525 4338 frigore
1555 4287 1616 4322 ac
1644 4265 1878 4323 nuditate
1893 4282 2150 4338 perstans,

580 4345 630 4408 et
654 4338 1006 4408 adsumutum
1029 4339 1336 4408 euangelica:
1361 4343 1684 4407 paupertatis
1703 4342 1904 4393 culmen
1927 4352 2152 4408 evectus,

584 4405 879 4470 familiares
938 4425 1062 4462 suos
1114 4405 1310 4477 ingenti
1362 4405 1717 4463 admiratione
1775 4411 2014 4476 perculit.
2077 4405 2153 4465 Ac

579 4476 771 4549 multos
792 4479 1006 4547 quidem
1032 4495 1096 4532 ea:
1123 4476 1251 4546 ipsis
1279 4479 1574 4532 incredibili
1612 4481 1791 4532 dolore
1820 4479 1994 4546 a/fecit
2012 4520 2026 4545 ,
2061 4483 2151 4549 qui

2285 1905 2452 1950 raret.
2481 1895 2841 1951 Christianum
2863 1900 3238 1969 philos0phum
3272 1916 3398 1955 vere
3417 1901 3672 1956 dixisses.
3691 1901 3857 1969 Cujus

2284 1997 2430 2042 tanta
2485 1986 2585 2042 fuit
2622 1989 2760 2043 inter
2797 1991 3024 2060 gentiles
3075 1993 3426 2062 philosophos
3481 2004 3537 2049 et
3593 1994 3856 2048 Christia-

2282 2097 2379 2134 nos
2409 2081 2806 2154 admirabilitas
2833 2122 2850 2143 .
2886 2095 2944 2137 ut
2967 2087 3033 2138 ad
3079 2085 3198 2154 ejus
3239 2086 3590 2141 imitationem
3623 2098 3764 2142 lotos
3793 2103 3854 2141 se

2283 2152 2714 2244 componerent,
2777 2177 3055 2247 ipsiusque
3115 2179 3582 2234 adhortationibus
3645 2179 3851 2234 incensi

2275 2518 2474 2586 primas
2499 2516 2654 2586 robis
2690 2515 2979 2586 relinquere
3022 2515 3111 2585 qui
3149 2525 3360 2583 propter
3409 2515 3500 2568 Dei
3539 2517 3590 2570 in
3636 2515 3848 2570 Christo

2275 2585 2604 2647 charitatem,
2630 2585 2869 2652 fallacem
2901 2596 2946 2637 et
2971 2586 3241 2646 quwsitam
3273 2603 3304 2638 a
3325 2587 3583 2655 plerisque
3599 2587 3846 2655 gloriam,

2274 2668 2323 2711 et
2356 2659 2706 2724 possessiones
2741 2665 2918 2708 tantas
2941 2667 2987 2708 et
3011 2656 3304 2708 naturalem
3328 2659 3382 2708 in
3405 2657 3594 2709 liberos
3615 2673 3845 2709 amorem

2274 2727 2616 2780 conculcatis.
2665 2726 2771 2778 Sed
2820 2727 3068 2792 quamvis
3093 2727 3160 2779 ad
3207 2742 3476 2780 summum
3521 2728 3846 2794 evangelicae

2275 2798 2606 2866 paupertatis
2631 2836 2645 2858 ,
2683 2795 2734 2848 in
2771 2811 2872 2860 qua
2911 2806 3155 2848 mortuus
3191 2806 3271 2848 est
3297 2835 3312 2858 ,
3349 2797 3560 2849 culmen
3598 2808 3844 2862 evectus,

2276 2869 2502 2920 necdum
2530 2875 2708 2918 tamen
2741 2880 2800 2917 se
2833 2866 2965 2917 satis
2991 2882 3281 2933 pauperem
3315 2867 3617 2935 reperiebat
3649 2881 3664 2918 :
3695 2866 3847 2920 Chri-

2273 2949 2356 2990 tus
2403 2935 2658 2989 Dominus
2705 2947 2903 2998 noster,
2935 2937 3104 3004 inquit
3161 2937 3345 2988 homil.
3401 2938 3466 2990 16
3522 2938 3576 2990 in
3627 2936 3843 3001 Genes.,

2274 3022 2397 3076 pag.
2433 3005 2554 3076 104,
2576 3005 2698 3067 105,
2735 3007 3090 3058 sacerdotibus
3115 3008 3223 3059 suis
3241 3008 3365 3074 quid
3390 3008 3627 3075 praecepit
3644 3009 3841 3060 audia-

2273 3075 2410 3130 mus.
2432 3096 2448 3125 ι
2474 3075 2579 3140 Qui
2610 3093 2710 3128 non
2749 3078 3213 3148 abrenuntiarerit,
3245 3079 3432 3148 inquit,
3467 3079 3704 3131 omnibus
3721 3095 3845 3148 qua

2271 3148 2522 3216 possidet,
2552 3163 2653 3198 non
2679 3156 2838 3213 potest
2871 3163 3014 3198 meus
3031 3148 3140 3199 esse
3161 3147 3454 3216 dissipa/us
3479 3167 3518 3199 ι.
3545 3147 3692 3216 \Luc.
3726 3166 3840 3216 xw,

2269 3214 2793 3286 35).:"Contremisco
2817 3218 2926 3269 lucc
2955 3217 3155 3270 dicens.
3180 3215 3329 3268 Meus
3361 3219 3496 3270 enim
3521 3214 3691 3285 primo
3721 3214 3840 3274 om;

2267 3287 2412 3340 nium
2435 3303 2630 3350 ;meus,
2654 3288 2890 3352 inquant,
2906 3289 3012 3354 ipse
3029 3296 3306 3339 accusator
3323 3291 3534 3350 exsisto,
3549 3305 3692 3342 meas
3715 3307 3846 3344 con-

2264 3357 2832 3424 demnationesloquor.
2849 3355 3024 3427 _1\'egat
3049 3355 3287 3410 Christus
3304 3374 3457 3411 suum
3474 3375 3584 3412 esse
3605 3361 3844 3427 discipu-

2265 3427 2395 3489 lum,
2417 3442 2565 3495 quem
2596 3427 2781 3479 uiderit
2804 3424 3006 3494 aliquid
3031 3428 3396 3494 possidentem,
3419 3441 3466 3480 et
3485 3444 3600 3480 eum
3620 3433 3710 3496 qui
3737 3424 3844 3483 non

2263 3497 2530 3568 renuntiat
2559 3497 2798 3548 omnibus
2830 3512 2946 3564 qua:
2971 3499 3219 3563 possidet.
3289 3497 3356 3549 Et
3409 3499 3537 3566 quid
3583 3503 3790 3568 agimus
3815 3503 3843 3555 .’

2267 3566 2538 3632 Quomodo
2577 3568 2686 3618 lucc
2708 3578 2796 3618 aut
2840 3568 2941 3630 ipsi
2970 3568 3208 3636 legimus,
3240 3578 3333 3620 aut
3369 3569 3576 3635 pupulis
3614 3566 3841 3633 exponi—

2264 3655 2397 3697 mus,
2421 3637 2518 3707 qui
2539 3651 2638 3688 non
2657 3637 2824 3688 solum
2853 3652 2952 3690 non
2977 3649 3336 3691 renuntiamus
3364 3639 3445 3692 his
3469 3655 3586 3707 quia
3605 3643 3844 3706 possiae-

2262 3722 2400 3770 mus,
2430 3706 2520 3759 sed
2551 3717 2599 3759 et
2640 3707 2906 3775 acquirere
2934 3708 3174 3760 volumus
3215 3724 3274 3761 ea
3301 3724 3418 3777 quis
3441 3706 3706 3777 nunquam
3739 3713 3841 3763 lia-

2263 3777 2468 3829 baimus
2514 3787 2793 3844 antequam
2845 3780 3135 3830 reniremus
3195 3783 3262 3830 ad
3317 3778 3630 3832 Christum?
3683 3777 3842 3832 Nun-

2262 3849 2533 3913 quidnam,
2587 3847 2714 3913 quia
2752 3861 2844 3899 nos
2884 3847 3152 3916 redarguit
3188 3849 3534 3911 conscientia,
3569 3860 3742 3918 tegere
3787 3863 3837 3903 et

2262 3933 2365 3970 non
2401 3919 2632 3984 proferre
2668 3932 2785 3986 qua!
2819 3920 3010 3984 scripta
3048 3930 3167 3970 sunt
3197 3921 3516 3982 possumus?
3561 3919 3700 3973 Nolo
3728 3923 3836 3972 du-

2257 3987 2439 4054 plicati
2461 3987 2695 4039 criminis
2718 3986 2833 4058 ﬁeri
2865 4003 3002 4040 reus.
3051 3986 3334 4056 Conﬁteor,
3360 3999 3406 4042 et
3441 3989 3614 4055 palam
3639 3991 3836 4058 populo

2259 4059 2508 4109 audiente
2533 4058 2781 4124 conﬁteor
2810 4057 2920 4110 lucc
2966 4060 3162 4124 scripta
3191 4075 3326 4120 esse,
3353 4060 3558 4111 etiamsi
3599 4057 3837 4113 nondum

2256 4126 2500 4194 implesse
2524 4142 2601 4198 me
2633 4127 2769 4179 noui.
2799 4129 2905 4180 Sed
2929 4144 2992 4181 ea;
3011 4129 3106 4180 hoc
3137 4130 3323 4181 saltem
3353 4133 3658 4182 commoniti
3690 4130 3838 4198 festi-

2259 4212 2437 4265 nemus
2469 4197 2704 4260 implere,
2771 4198 3072 4265 festinemus
3123 4201 3359 4252 transire
3398 4216 3431 4251 a
3468 4197 3835 4254 sacerdotibus

2257 4262 2781 4336 Pharaonis,quibus
2801 4278 3008 4321 terrena
3040 4273 3293 4336 possessio
3314 4281 3410 4334 est,
3435 4273 3503 4320 ad
3534 4272 3834 4324 sacerdotes

2256 4335 2488 4408 Domini,
2526 4340 2710 4401 quibus
2750 4341 2803 4390 in
2840 4348 2982 4389 terra
3008 4335 3130 4408 pars
3171 4355 3274 4392 non
3299 4351 3396 4404 est,
3444 4339 3632 4408 quibus
3657 4345 3833 4404 portio

2258 4404 2514 4460 Dominus
2541 4420 2632 4460 est.
2663 4407 2944 4467 Eusebius.
2972 4407 3136 4470 Hist.,
3168 4410 3259 4462 lih.
3289 4425 3361 4470 vt,
3384 4404 3498 4475 cap.
3530 4409 3596 4462 ὃς
3631 4410 3834 4465 .llultos

2255 4477 2380 4528 item
2423 4493 2515 4544 per
2563 4494 2756 4540 annos,
2807 4480 2962 4530 nudis
2999 4480 3568 4548 vestigiisﬁambulasse
3605 4481 3831 4547 dicitur,

581 4546 716 4598 bona
738 4546 834 4599 sua
867 4563 984 4600 cum
1014 4551 1124 4616 ipso
1155 4551 1346 4617 partiri
1378 4550 1646 4616 optabunt,
1685 4566 1802 4601 cum
1844 4554 1995 4602 itlum
2019 4546 2152 4604 divi-
2184 4551 2227 4609 I)
2255 4548 2400 4618 nullo
2429 4549 2632 4613 penitus
2662 4551 3014 4600 calceamento
3045 4546 3189 4603 usus.
3222 4547 3354 4602 Vino
3384 4565 3606 4618 quoque,
3646 4546 3833 4604 omni;

579 4629 665 4686 nte
705 4619 1094 4686 prtedicatioiiis
1136 4621 1311 4686 gratia
1352 4628 1525 4671 tantos
1555 4618 1756 4672 labores
1811 4633 2149 4674 sustinentem

578 4684 830 4740 uiderent.
869 4684 1232 4741 Verumtamen
1261 4690 1324 4741 de
1349 4691 1519 4758 uigore
1564 4690 1858 4742 tolerantia:
1893 4691 2021 4742 nihil
2053 4707 2148 4743 un-

579 4770 737 4828 quam
774 4758 994 4811 remisit.
1050 4759 1304 4828 Triginta
1346 4769 1530 4827 postea
1561 4760 1718 4812 annis
1748 4775 1868 4813 sese
1903 4775 2018 4828 ipse
2053 4762 2148 4812 ad-

579 4823 686 4898 huc
703 4827 755 4879 in
781 4841 1075 4898 pauperum
1092 4823 1372 4883 nu'tnerum
1398 4823 2146 4898 rel'erebat,quemadinodum

576 4891 848 4968 liquere:
877 4891 1258 4968 Emhortatjone
1295 4915 1390 4952 sua
1427 4901 1490 4949 ad
1521 4891 1858 4968 martyrium,
1893 4901 1979 4968 ubi
2024 4915 2142 4967 pag.

573 4963 704 5038 ζει,
732 4966 808 5019 ait
839 4983 853 5020 :
894 4967 1076 5032 ’Ἄξιον
1099 4964 1191 5021 οὖν
1220 4967 1408 5038 ὥσπερ
1434 4971 1545 5032 τοῖς
1582 4963 2057 5038 μὴ⁷ὲξετασοεἶτιζρ
2085 4963 2146 5022 ἕν

576 5034 826 5110 {iactitng
850 5038 1146 5110 stativovmc
1169 5034 1515 5110 παραχώρεῖν
1549 5034 1828 5110 τίρὼτείων
1853 5039 1990 5109 πρὸς
2020 5042 2146 5104 τοὺς

575 5105 632 5156 ἐν
669 5105 1060 5180 ᾁρθρεμὸόλοις
1115 5109 1209 5162 καὶ
1249 5105 1508 5171 notitiam;
1559 5105 2007 5180 σλτρεὸλωτηρίοις
2054 5111 2145 5162 καὶ

575 5175 717 5257 napi.
754 5175 1196 5262 ξπιδειξαειένους
1231 5175 1681 5262 τὴνιὺπομονήῇχ
1705 5175 1993 5262 φῦτωβεαὶη
2012 5182 2144 5262 ᾐῌηῖν

573 5245 685 5322 fait;
708 5249 921 5322 πένῃσι,
969 5245 1070 5304 κᾶν
1115 5245 1570 5322 μαρτύρήσωμεν,
1603 5245 1633 5305 ὂ
1666 5251 1819 5318 λόγος
1856 5245 2143 5305 ὑποϐάῖξλει

574 5313 1208 5394 ὲξίςςτεσβὰιςπρωτείὶυί
1241 5313 1389 5394 iapix},
1416 5313 1660 5394 τὸίςίδιὰ
1705 5313 1809 5394 τὴν
1835 5322 2142 5394 ὲνλΧριστῴ

573 5361 710 5464 πξθὸς
723 5361 1123 5464 Θςρν-ἀγὲτςην,
1144 5361 1814 5462 πατοῖσίτὴνᾜπατηλῆν
1843 5361 2007 5457 δόξαδ
2047 5373 2142 5445 καλ

573 5459 681 5533 τῷν
715 5459 920 5533 abolitth
936 5459 1394 5533 καθικνουμένην,
1419 5459 1513 5516 xa‘t
1528 5465 1625 5532 τὴν
1641 5459 1914 5533 scaeam
1933 5464 2138 5533 κτῆσιν,

574 5526 669 5578 καὶ
693 5529 792 5599 τὴν
827 5532 960 5601 πρὸς
987 5533 1152 5586 τέκνα
1195 5526 1596 5603 ᾧιλοὰτοργίανξ
1635 5531 1698 5585 Ut
1739 5526 1904 5602 igitur
1936 5526 2141 5597 aquam

569 5604 654 5673 est
671 5612 760 5652 eos
783 5617 871 5673 qui
898 5606 1165 5658 tormentis
1205 5614 1254 5657 et
1309 5604 1573 5657 laboribus
1601 5605 1807 5673 probati
1846 5619 1948 5655 non
1977 5615 2094 5656 sunt
2123 5643 2139 5669 ,

571 5670 769 5736 primas
798 5671 1095 5744 eishcedere
1132 5678 1222 5742 qui
1261 5674 1494 5744 equuleis
1562 5670 1610 5728 et
1658 5675 1817 5726 variis
1857 5683 2143 5726 tormento-

514 5771 518 5774 -
569 5753 687 5791 rum
716 5742 1024 5808 generibus,
1055 5755 1102 5796 et
1141 5760 1260 5813 igne
1299 5742 1611 5812 patientiam
1637 5745 1983 5796 exhibuerunt
2015 5759 2034 5797 :
2065 5746 2140 5796 sic

567 5821 615 5864 et
655 5826 748 5865 nos
775 5827 1051 5881 pauperes,
1090 5817 1187 5867 etsi
1250 5825 1505 5878 martyres
1535 5816 1750 5881 erimus,
1783 5815 1919 5866 ratio
1953 5820 2138 5868 suadet

2258 4616 2360 4668 bus
2396 4620 2668 4682 animatis,
2701 4630 2745 4670 et
2781 4622 2904 4669 aliis
2948 4621 3098 4672 rebus
3148 4635 3263 4688 qua:
3303 4621 3370 4671 ad
3396 4616 3607 4672 rictum
3652 4623 3833 4676 minus

2255 4689 2567 4740 necessaria’
2595 4698 2740 4750 sunt,
2766 4689 3059 4742 diutissime
3087 4690 3338 4742 abstinuit
3361 4704 3378 4738 .'
3412 4705 3576 4757 usque
3604 4695 3738 4743 adeo
3769 4706 3832 4746 us

2254 4767 2432 4819 pectus
2488 4758 2649 4826 ipsius
2711 4760 2765 4809 in
2837 4759 3202 4825 grauissimam
3267 4760 3617 4814 subversionis
3664 4761 3834 4815 labis-

2256 4841 2356 4892 que
2419 4829 2700 4880 discrimen
2770 4827 3037 4900 incideret
3089 4829 3274 4900 (Gteg.
3361 4830 3615 4896 'l‘haum.,
3667 4830 3826 4886 Orat.

2252 4913 2526 4971 panegyr.,
2565 4908 2715 4971 part.
2763 4899 2868 4967 tn.)
2902 4897 3322 4971 Discipulos—ad
3379 4900 3632 4955 virtutem
3697 4918 3832 4971 ope-

2255 4967 2404 5040 ribus
2435 4969 2627 5036 magis,
2674 4984 2834 5036 quant
2878 4967 3059 5040 verbis
3091 4970 3368 5034 incitabat,
3423 4971 3694 5040 talemque
3735 4967 3832 5027 se-

2254 5036 2426 5106 ipsum
2465 5037 3061 5112 pra:bere_cunabatttr,
3095 5045 3308 5108 qualem
3361 5042 3544 5096 verbis
3571 5036 3695 5096 eum
3730 5046 3827 5112 qui

2253 5120 2402 5182 recte
2425 5111 2664 5182 victurus
2685 5107 2773 5182 sit,
2808 5110 3167 5172 describebat,
3185 5114 3487 5182 exemplum
3517 5107 3831 5182 proponens

2251 5178 2528 5252 sapientis.
2562 5177 3052 5252 Exitniaejuscrat
3083 5177 3364 5252 sanctitas,
3396 5177 3534 5236 teste
3561 5177 3676 5251 ipso
3697 5183 3832 5252 Epi-

2253 5248 2470 5319 phanio,
2508 5249 2698 5303 haeres.
2723 5247 2810 5308 64.
2840 5264 2892 5317 p.
2925 5249 3047 5303 525.
3101 5251 3365 5305 Eusebius
3399 5247 3656 5319 pra-terea
3694 5247 3773 5307 ait
3811 5272 3827 5308 :

2253 5318 2579 5392 Quotidiani
2599 5319 2713 5392 ejus
2736 5332 2930 5392 actus,
2953 5321 3235 5392 verissima:
3271 5318 3548 5390 cujusdam
3598 5324 3833 5392 philoso-

2249 5390 2385 5454 phia:
2430 5399 2478 5442 et
2514 5389 2845 5441 admirabilis
2880 5391 3171 5457 disciplina:
3214 5389 3611 5444 absolutissima
3661 5410 3830 5458 opera

2250 5457 2572 5530 videbantur.
2616 5459 2898 5530 Atque,ut
2948 5464 3100 5530 uulgo
3157 5461 3354 5514 dicitur
3399 5463 3575 5516 asalts
3625 5457 3828 5527 oratio,

2249 5529 2371 5579 talis
2403 5531 2516 5598 ejus
2542 5529 2872 5598 rita:qualis
2909 5529 3046 5595 vita,
3094 5533 3210 5601 talis
3258 5532 3424 5585 oratio
3451 5532 3564 5600 ejus
3599 5536 3722 5601 fuit.
3760 5535 3830 5587 Et.

2247 5590 2557 5672 paulo'post
2610 5590 2751 5654 idem
2791 5590 3071 5672 Eusebius.
3111 5590 3277 5664 Hist.,
3317 5590 3504 5666 lib.v1',
3533 5590 3824 5672 capia-5:

2250 5667 2573 5736 Hujusmodi
2609 5686 2730 5740 ergo
2745 5671 3114 5740 philosophiae
3140 5672 3258 5724 vita:
3291 5674 3522 5740 exempla
3560 5667 3825 5741 prwbens,

2248 5756 2362 5791 cum
2385 5743 2559 5792 divina
2590 5742 2750 5794 virtus
2787 5757 2902 5794 eum
2927 5747 3225 5809 adjuvaret,
3249 5743 3421 5807 plures
3446 5758 3509 5794 ea:
3546 5746 3826 5809 discipulis

2249 5814 2316 5863 ad
2344 5813 2688 5867 imitationem
2726 5814 2809 5866 sui
2850 5816 3032 5866 merito
3075 5815 3366 5880 provocavit
3400 5829 3418 5868 :
3459 5816 3531 5865 ita
3578 5824 3632 5866 ut
3667 5813 3824 5869 multi
