4162 6414
397 314 503 374 649

1463 313 2043 374 ORiGENlA-NORUM
2081 316 2213 375 LIB.
2257 318 2298 382 l,
2335 317 2488 373 CAP.
2530 315 2573 370 ι.

3565 326 3670 382 650

396 437 632 510 palmam
691 433 938 506 martyrii
989 441 1475 502 consequerentur.
1539 433 1652 506 (26)
1717 433 1857 490 Hinc
1912 437 1986 490 illi
2019 443 2064 499 Α
2165 437 2356 493 Causae
2381 451 2480 491 cur
2520 434 2573 488 id
2609 435 2841 500 faceret,
2885 436 3192 508 complures
3241 437 3460 508 Origeni
3497 439 3667 495 fuere.

397 525 699 589 Plutarchi,
732 523 1068 588 Heraclides,
1112 523 1306 578 Seren-i
1336 565 1352 592 ,
1409 523 1674 582 Heraides
1726 535 1782 580 et
1814 526 1987 582 Hero-

397 634 493 674 nes
519 660 536 684 ,
561 634 794 690 quorum
824 627 999 673 morte
1040 615 1351 674 Christiana
1394 632 1482 673 res
1513 617 1669 674 valde
1714 618 1984 676 illustrata

397 727 454 768 es
463 722 499 768 ι.

468 803 607 860 Xili.
661 804 870 858 Interea
917 803 1043 858 dum
1101 802 1215 857 haec
1261 812 1521 872 geruntur
1571 817 1772 873 corpus
1822 820 1982 858 suum

397 900 612 954 evirare
642 896 910 968 Origenes
939 911 1106 952 ausus
1148 905 1252 962 est,
1280 895 1395 951 sive
1440 895 1587 952 ferro
1625 895 1866 952 exsectis
1891 913 1986 966 ge-

397 992 684 1055 nitalibus.
724 1001 783 1044 ut
833 990 1184 1044 crediderunt
1223 987 1590 1059 Hieronymus
1621 987 1735 1060 (9.7)
1788 998 1843 1044 et
1889 987 1987 1043 Ni-

397 1085 666 1153 cephorus
691 1080 833 1149 (28),
863 1082 980 1138 sive
1020 1081 1420 1136 medicamento
1447 1079 1756 1145 exsiccatis,
1783 1091 1842 1136 ut
1861 1081 1986 1136 aliis

397 1191 719 1246 persuasum
771 1185 898 1230 est:
937 1190 1052 1230 rem
1093 1173 1241 1228 enim
1297 1173 1634 1243 Epiphanius
1680 1174 1732 1228 in
1773 1173 1984 1230 incerto

399 1269 621 1338 reliquit
665 1268 799 1322 hair.
830 1267 922 1330 64,
956 1279 1082 1334 cap.
1112 1264 1171 1318 5.
1204 1264 1316 1335 (29)
1353 1264 1676 1334 Quanquam
1705 1265 1981 1320 verisimiv

406 1361 518 1414 lius
545 1369 630 1414 est
661 1359 1022 1414 medicamine
1043 1356 1296 1425 imposito
1339 1355 1666 1412 exslinxisse
1695 1357 1982 1427 genitalem

396 1453 526 1517 vim,
561 1466 721 1520 quam
779 1449 960 1520 gladio
1006 1450 1241 1505 verenda
1297 1457 1608 1519 amputasse
1640 1467 1656 1505 :
1685 1464 1792 1504 non
1839 1448 1983 1518 quod

396 1544 722 1608 existimem,
747 1542 798 1596 id
833 1542 879 1597 si
911 1541 1148 1608 fecisset,
1179 1541 1468 1596 laevitatem
1506 1541 1619 1597 oris
1646 1541 1982 1610 proditurant

397 1636 566 1692 fuisse
599 1634 824 1698 factum,
871 1635 1016 1704 quod
1065 1649 1274 1689 summa
1306 1648 1438 1689 cura
1465 1632 1736 1689 occultum
1772 1632 1976 1689 habere

397 1729 606 1796 voluit;
644 1737 851 1783 certum
883 1737 967 1782 est
997 1729 1143 1782 enim
1174 1728 1399 1782 barbam
1431 1727 1478 1781 ei
1510 1741 1616 1780 non
1651 1725 1904 1792 deﬂuere,
1933 1726 1981 1780 si

393 1821 517 1890 quis
558 1820 668 1891 jam
702 1819 976 1889 vesticeps
1029 1828 1123 1873 aut
1174 1819 1435 1873 barbatus
1485 1817 1852 1874 essectionem
1893 1833 1982 1888 pa-

395 1913 562 1965 tiatur
593 1928 607 1966 :
636 1909 730 1964 sed
770 1919 992 1980 pr0pter
1021 1911 1304 1963 horrorem
1339 1907 1512 1975 facti;
1566 1925 1689 1964 nam
1733 1909 1860 1978 quis
1904 1911 1980 1964 ita

395 2001 450 2056 in
501 2018 561 2056 se
594 2003 812 2058 saevisse
863 2012 1017 2070 putet
1051 2003 1324 2056 hominem
1380 2017 1486 2057 non
1537 2001 1808 2067 insanum,
1856 2015 1980 2056 cum

393 2095 731 2150 mollioribus
759 2095 834 2149 uti
863 2104 1042 2164 posset
1075 2094 1350 2158 remediis,
1385 2094 1526 2148 unde
1565 2093 1706 2148 idem
1731 2107 1978 2148 commo-

391 2188 518 2242 dum
553 2186 843 2256 capiebat?
881 2185 1043 2241 Certe
1083 2186 1128 2240 si
1190 2185 1321 2254 quid
1367 2183 1980 2254 ampliuseconjecturte

391 2280 739 2336 tribuendum
773 2289 878 2343 est,
902 2279 1139 2333 cicutam
1175 2277 1503 2346 genitalibus
1531 2275 1772 2332 iilevisse
1803 2277 1980 2332 credi-

388 2373 604 2438 derim,-
637 2386 799 2441 quam
846 2370 1211 2424 Athenienses
1263 2367 1654 2436 hierophantas
1711 2367 1779 2422 ad
1827 2382 1978 2422 com-

390 2465 714 2534 pescendam
756 2461 1035 2516 libidinem
1062 2459 1326 2515 adhibere
1354 2459 1544 2515 solitos
1576 2460 1693 2529 ipse
1742 2460 1980 2529 prodidit

387 2557 512 2611 libr.
578 2571 651 2610 vn
698 2566 864 2609 contr.
913 2553 1074 2617 Cels.,
1104 2569 1252 2607 num.
1297 2553 1367 2608 48
1404 2571 1419 2608 :
1450 2552 1562 2606 Καὶ
1607 2547 1688 2616 εἷς
1719 2553 1818 2623 μέν
1842 2556 1974 2615 ⁸που,

388 2648 593 2718 inquit,
623 2648 751 2718 παρ’
794 2646 1098 2718 Ἀθηναίοις
1130 2645 1473 2716 ἱεροφάντης,
1505 2645 1627 2698 οὐδὲ
1673 2662 1975 2698 πεπιστευ-

389 2735 550 2807 μένος
577 2733 769 2789 ὲαυτοῦ
794 2735 896 2799 τὰς
918 2735 1210 2806 ἀρσενικὰς
1237 2735 1465 2807 ὀρέξεις,
1483 2733 1559 2797 ὡς
1575 2734 1766 2804 κύριος
1795 2735 1975 2788 αὐτῶν

385 2823 525 2882 εἶναι
552 2828 868 2898 δυνάμενος,
887 2827 981 2881 καὶ
1010 2830 1232 2897 κρατεῖν
1255 2826 1434 2881 αὐτῶν
1460 2830 1517 2890 ἐς
1551 2827 1674 2880 ὅσον
1705 2825 1970 2896 βούλεται,

385 2921 738 2984 κωνειασθεὶς
795 2919 866 2973 τὰ
933 2919 1199 2990 ἀρσενικὰ
1274 2919 1414 2990 μέρη
1437 2958 1452 2983 ,
1524 2919 1762 2991 καθαρὸς
1832 2915 1971 2973 εἶναι

385 3008 666 3080 νομίζεται
743 3010 881 3083 πρὸς
959 3010 1059 3082 τὴν
1146 3011 1537 3082 νενομισμένην
1626 3013 1758 3080 παρ’
1809 3009 1969 3080 Ἀθη-

2091 531 2440 585 Ventitabant
2475 529 2543 584 ad
2565 543 2688 584 enm
2721 526 2932 597 puellae,
2963 528 3087 585 ﬁdei
3136 529 3462 585 Christianae
3487 541 3540 585 et
3560 542 3670 586 slu-

2088 622 2301 676 diorum
2331 619 2505 689 gratia
2544 633 2745 688 :quam
2784 619 3061 674 hominum
3093 631 3270 674 autem
3318 621 3592 690 ingenium
3638 639 3664 676 ε

2091 713 2278 768 labore
2320 711 2561 782 proclive
2589 721 2736 765 esset
2763 712 2829 764 ad
2859 710 3136 766 libidinem
3164 713 3369 782 optime
3410 713 3654 782 intellige

2088 806 2201 868 bat,
2237 801 2641 873 verebaturque
2689 816 2756 856 ne
2788 816 2855 858 ex
2899 801 3174 872 frequenti
3222 805 3493 874 virginum
3541 821 3643 860 con
3678 844 3686 868 .

2088 895 2259 951 sortio
2291 909 2490 964 corpus
2516 895 2570 948 in
2601 897 2720 965 ipso
2742 893 3052 962 iuventutis
3077 894 3216 949 ﬂexu
3243 898 3383 950 male
3412 897 3494 952 sui
3523 911 3668 951 com.

2088 1002 2186 1057 pos
2225 988 2293 1042 ad
2324 986 2651 1054 voluptatem
2695 986 3090 1056 impelleretur.
3123 986 3576 1044 Commovebatur
3603 989 3672 1045 ad

2089 1081 2206 1133 haec
2235 1076 2399 1132 eﬂ‘ato
2423 1077 2650 1142 Christi,
2682 1091 2792 1146 quo
2821 1091 2880 1132 se
2911 1079 3058 1146 ipsos
3088 1089 3311 1148 propter
3332 1079 3553 1136 caeleste
3586 1095 3672 1135 re-

2086 1186 2252 1241 gnum
2280 1171 2522 1226 evirasse
2556 1169 2844 1227 nonnullos
2881 1172 3326 1238 pronuntiaverat
3359 1173 3402 1230 ⁸.
3451 1173 3507 1228 id
3545 1187 3669 1228 cum

2087 1271 2286 1333 praeter
2317 1277 2634 1332 germanam
2659 1263 2984 1317 sententiam
3017 1263 3340 1332 accepisset,
3374 1264 3582 1334 pravis,
3611 1273 3672 1320 ut

2087 1356 2302 1425 opinor,
2333 1355 2600 1424 deceptus
2622 1353 2963 1410 Valesiorum
3022 1355 3405 1411 haereticorum
3446 1359 3668 1428 exposi-

2087 1447 2349 1510 tionibus,
2376 1445 2467 1516 qui
2487 1454 2702 1500 tetatem
2729 1445 2847 1516 ejus
2868 1459 3280 1518 pmcesserant,
3297 1449 3506 1520 sibique
3525 1449 3669 1506 soliti

2086 1537 2301 1594 fuerant
2343 1537 2521 1592 virilia
2559 1551 2839 1603 exsecare,
2884 1554 3020 1594 nova
3070 1541 3260 1596 istbzec
3283 1542 3335 1596 in
3376 1558 3440 1597 eo
3480 1544 3668 1614 religio

2086 1628 2331 1684 incessit.
2365 1627 2434 1682 Et
2465 1627 2578 1696 jam
2614 1627 2735 1682 aliis
2779 1629 3032 1686 inductus
3053 1630 3253 1688 Christi
3284 1635 3487 1703 verbis,
3523 1651 3553 1689 a
3588 1636 3667 1691 le-

2085 1721 2278 1792 gitimo
2311 1736 2474 1776 sensu
2509 1720 2757 1786 detortis,
2787 1721 3002 1777 unicam
3050 1725 3152 1780 sibi
3193 1735 3400 1780 tantum
3435 1728 3667 1784 habebat

2087 1815 2347 1880 tunicam,
2369 1814 2598 1886 abjectis
2639 1814 3048 1884 calceamentis,
3083 1819 3243 1874 nudis
3273 1819 3554 1876 incedebat
3581 1837 3669 1892 pe-

2093 1904 2271 1968 dibus,
2309 1919 2412 1960 nec
2445 1905 2557 1960 ullo
2585 1905 2748 1961 modo
2787 1906 2872 1961 vel
2902 1895 3300 1977 in'crastinum,
3339 1911 3424 1967 vel
3461 1913 3512 1967 in
3553 1913 3668 1968 lon-

2091 1995 2393 2064 gitudinem
2447 1995 2786 2054 consulebat.
2831 1999 3009 2052 Aliam
3059 2010 3320 2070 prasterea
3364 2003 3432 2059 de
3473 2005 3573 2059 hac
3605 2019 3667 2062 re

2081 2084 2302 2156 Origeni
2353 2085 2517 2143 fuisse
2552 2103 2777 2144 causam
2848 2090 3044 2147 scribit
3106 2092 3392 2159 Eusebius,
3444 2097 3539 2152 lib.
3577 2114 3654 2164 vr,

2080 2192 2204 2247 cap.
2237 2177 2291 2244 8,
2324 2193 2392 2235 ne
2439 2181 2649 2236 scilicet
2686 2196 2754 2237 ex
2791 2185 3001 2240 crebris
3026 2186 3332 2254 puellarum
3360 2189 3426 2242 ad
3460 2205 3517 2244 se
3542 2191 3665 2245 itio-

2083 2269 2248 2325 nibus
2273 2280 2330 2325 et
2361 2271 2615 2342 alloquiis
2665 2274 3009 2330 obtrectandi
3048 2278 3388 2332 occasionem
3438 2279 3664 2336 haberet

2082 2360 2480 2419 malevolentia.
2527 2363 2600 2417 At
2667 2374 2935 2434 repugnat
2990 2367 3134 2436 quod
3186 2383 3312 2424 mox
3359 2371 3661 2442 subiungit,

2077 2466 2298 2521 operam
2327 2455 2548 2510 dedisse
2577 2454 2890 2528 Origenem,
2947 2468 3018 2514 ut'
3054 2459 3259 2515 factum
3307 2461 3437 2516 illud
3474 2465 3660 2518 occul-

2081 2553 2330 2598 taretur:
2369 2561 2492 2600 nant
2527 2548 2571 2602 si
2610 2549 2924 2617 occultavit,
2985 2539 3256 2620 quomodo
3284 2568 3531 2610 rumores
3564 2556 3661 2610 ho-

2077 2636 2283 2689 minum
2309 2636 2612 2706 ignorabile
2645 2639 2852 2696 factum
2885 2642 3065 2711 sopire
3098 2642 3294 2711 potuit,
3337 2646 3481 2714 quod
3511 2648 3661 2701 evul-

2080 2729 2319 2797 gandutn
2352 2741 2471 2784 erat
2499 2731 2567 2784 ad
2601 2731 3033 2789 maledicentiam
3083 2743 3138 2789 et
3181 2735 3446 2792 obscenos
3479 2753 3661 2795 ruino-

2075 2834 2164 2876 res
2207 2824 2671 2892 compescendos?
2742 2825 2828 2880 Ad
2881 2840 3083 2880 annum
3144 2825 3330 2883 Severi
3385 2831 3657 2888 decimum

2074 2922 2328 2984 quartum
2375 2917 2650 2986 pertinere
2682 2917 2800 2972 haec
2851 2916 3161 2986 suspicatur
3194 2918 3494 2977 Baronius:
3527 2939 3660 2994 quo-

2074 3021 2194 3060 rum
2229 3016 2440 3076 tempus
2470 3010 2788 3079 neutiquam
2823 3009 3094 3067 Eusebius
3133 3012 3454 3084 designavit.
3509 3015 3564 3071 id
3607 3019 3654 3073 si

385 3099 556 3163 valor;
609 3100 886 3169 ἀγιστείαν
921 3117 932 3128 ·
968 3103 1019 3154 id
1077 3111 1198 3166 est,
1247 3101 1422 3154 oblitis
1476 3101 1652 3151 cicuta
1715 3099 2034 3174 masculis“
2071 3095 2164 3162 sit,
2199 3111 2402 3151 annum
2453 3105 2582 3153 tunc
2629 3099 2804 3169 egerit
2846 3096 3108 3167 Origenes
3163 3103 3485 3158 vicesimum
3540 3105 3652 3174 pri-

385 3192 620 3258 partibus
645 3233 662 3258 ,
713 3192 1030 3248 cohibenda:
1057 3192 1254 3262 quippe
1285 3193 1497 3246 veneris
1526 3193 1698 3260 gratia
1727 3190 1963 3244 cicutam
1994 3190 2035 3209 ν
2067 3202 2237 3241 mum.

383 3283 516 3340 locis
569 3283 674 3337 illis
710 3283 988 3338 admoveri
1053 3283 1274 3338 tradunt
1325 3281 1702 3348 Dioscorides,
1759 3279 1851 3335 lib.
1891 3295 1966 3342 tv,

2138 3277 2336 3351 Magna
2364 3295 2497 3336 vero
2545 3281 2635 3336 hic
2665 3281 2954 3338 doctorum
2989 3286 3270 3341 hominum
3317 3287 3654 3343 concertatio

381 3389 510 3443 cap.
572 3373 642 3428 79
680 3383 735 3429 et
778 3372 1001 3440 Plinius,
1045 3373 1140 3427 lib.
1168 3387 1292 3435 xxv,
1325 3387 1444 3441 cap.
1481 3372 1566 3435 l5,
1601 3387 1706 3427 non
1735 3370 1964 3438 sorberi,
2063 3371 2420 3436 est,laudene
2443 3371 2712 3441 ejusmodi
2740 3373 2974 3443 facinus,
3001 3377 3116 3449 (50)
3156 3392 3223 3432 an
3254 3380 3655 3449 vituperatione

383 3467 460 3519 uti
491 3465 690 3519 factum
741 3464 809 3520 ab
842 3463 1218 3534 hierophantis
1267 3473 1532 3519 memorat
1577 3461 1961 3534 Hieronymus,

380 3555 505 3610 libr.
535 3572 552 3610 ι
586 3557 706 3610 adv.
729 3555 1086 3610 Iovinianum.

453 3649 476 3681 ⁸
509 3648 699 3704 Matth.
737 3665 846 3714 six,
876 3649 967 3705 12.

375 3761 440 3800 ex
467 3746 742 3815 gentilibus
769 3753 878 3800 tum
907 3747 960 3799 in
986 3744 1130 3799 omni
1171 3760 1357 3814 genere
1402 3744 1687 3810 doctrinae,
1733 3753 1843 3796 tum
1893 3745 1950 3798 in

375 3817 703 3884 philosophia
749 3815 1347 3886 prastantissimi,ejus
1390 3831 1443 3867 se
1481 3815 1782 3881 magisterio
1821 3815 1948 3886 sub-

376 3887 656 3939 mitterent.
683 3885 785 3952 Qui
816 3903 936 3940 cum
963 3885 1121 3952 ﬁdem
1165 3885 1361 3938 Christi
1394 3885 1596 3938 sincere
1623 3895 1780 3953 atque
1817 3885 1950 3937 inti-

378 3973 462 4008 mo
499 3958 684 4010 mentis
711 3957 906 4026 a/fectu
939 3959 1002 4008 ab
1037 3957 1147 4022 ipso
1182 3955 1553 4026 accepissent,
1573 3955 1950 4026 persecutionis

374 4026 518 4079 illius
563 4036 789 4094 tempore
829 4027 1189 4080 inclaruerunt
1224 4038 1245 4078 τ
1286 4041 1449 4094 usque
1486 4025 1616 4077 adeo
1647 4034 1702 4076 ut
1731 4025 1950 4094 quidam

372 4112 438 4148 ea:
459 4098 586 4166 ipsis
611 4092 984 4164 comprehensi,
1012 4096 1267 4166 martyrio
1301 4092 1561 4166 perfuncti
1585 4095 1709 4148 sint.
1745 4092 1952 4166 Horum

371 4162 572 4234 primus
607 4169 706 4235 fuit
727 4162 1074 4221 Plutarchus.
1126 4162 1265 4219 Huic
1302 4165 1370 4216 ad
1402 4175 1616 4216 mortem
1645 4164 1810 4235 eunti,
1837 4162 1954 4235 Ori-

370 4253 522 4305 genes
555 4234 623 4290 ad
661 4247 948 4290 extremum
982 4253 1144 4305 usque
1170 4236 1288 4290 vita:
1318 4235 1598 4305 terminum
1645 4234 1951 4287 individuus

372 4304 668 4370 ted/uerens,
692 4324 880 4377 parum
906 4304 1075 4373 abfuit
1109 4307 1234 4375 quin
1251 4307 1315 4358 ab
1335 4305 1475 4377 illius
1493 4304 1952 4377 occidereturqui-

371 4378 486 4442 bus,
510 4371 790 4446 utpote'qui
820 4379 956 4430 necis
976 4371 1129 4429 illius
1137 4385 1323 4428 auctor
1341 4376 1548 4441 fuisset.
1567 4371 1756 4446 Verum
1775 4373 1952 4446 diuina

372 4441 863 4502 Providentia-tunc
891 4463 1094 4516 quoque
1122 4446 1271 4498 illum
1288 4445 1628 4516 conservavit.
1661 4442 1789 4497 Post
1821 4441 1951 4516 Plu-

372 4493 989 4572 I.‘.2i.1.".;.";.2.;;;i.1.’.:
998 4493 1270 4585 ⁷ῡῦρἕἱῖ
1290 4493 1580 4585 agnita;
1590 4493 1808 4583 ’ἧιᾶίιξίν
1836 4493 1948 4585 fuit
1982 4493 2026 4546 ῐ)

372 4588 620 4651 Serenus,
648 4590 739 4660 qui
778 4590 960 4657 ﬁdem,
995 4584 1152 4660 quam
1207 4593 1500 4660 acceperat,
1525 4584 1647 4660 igne
1672 4584 1946 4660 examina-

369 4665 478 4710 tam
521 4675 582 4711 ac
615 4653 890 4726 probatam
927 4653 1183 4711 exhibuit.
1224 4654 1432 4726 Tertius
1463 4670 1530 4708 ea;
1551 4656 1731 4706 eadem
1754 4653 1945 4726 schola

368 4739 572 4798 martyr
593 4723 792 4783 exstitit
825 4727 1161 4792 Heraclides,
1190 4742 1252 4779 ac
1269 4725 1712 4798 deindequartus
1744 4723 1943 4790 Heron,

367 4797 523 4850 ambo
561 4803 734 4853 securi
772 4799 1047 4866 percussi:
1073 4799 1220 4864 prior
1249 4797 1375 4848 dum
1403 4797 1583 4866 adhuc
1622 4801 1753 4866 esset
1796 4803 1943 4866 cate-

365 4870 670 4934 cltumenus,
707 4863 840 4922 alter
867 4883 986 4921 vero
1025 4863 1354 4936 neophytus.
1394 4863 1708 4936 Prteterihos
1727 4865 1944 4936 quintus

363 4953 428 4989 ex
454 4940 632 4991 eodem
657 4933 922 4992 auditorio
950 4933 1265 4990 Christianae
1306 4935 1512 5000 pietatis
1541 4933 1756 4996 atltleta,
1784 4935 1946 4986 uictor

366 5011 699 5062 renuntiatus
732 5017 807 5062 est
849 5006 1077 5062 Serenus
1121 5007 1288 5075 priori
1341 5006 1423 5058 illi
1457 5003 1824 5074 cognominis:
1852 5003 1943 5073 qui

363 5091 485 5146 cum
521 5079 777 5146 plurimos
825 5080 1086 5131 cruciatus
1131 5076 1422 5144 fortissime
1479 5075 1793 5146 pertulisset,
1831 5085 1944 5146 ton-

362 5145 480 5198 dent
519 5143 688 5217 capite
721 5159 998 5202 truncatus
1035 5143 1200 5212 fuisse
1232 5147 1450 5217 dicitur.
1482 5143 1613 5201 'Sed
1659 5159 1723 5196 ea:
1757 5143 1944 5196 mulie-

363 5230 489 5269 rum
527 5215 742 5273 numero
789 5218 981 5272 Herais
1021 5219 1264 5286 quiedam
1318 5215 1490 5269 adhuc
1539 5217 1939 5286 catecltumena,

361 5301 453 5350 per
481 5291 672 5358 ignem,
702 5301 756 5342 ut
806 5291 916 5358 ipse
952 5285 1163 5358 alicubi
1188 5287 1341 5358 dicit,
1374 5289 1685 5358 baptismum
1720 5285 1937 5350 adepta,

362 5370 426 5426 ea:
456 5356 553 5411 hac
580 5359 694 5412 luce
732 5356 991 5426 migravit.
1021 5356 1301 5426 Septimus
1321 5356 1576 5426 inter‘hos
1610 5363 1943 5426 recensentur

360 5421 641 5493 Basilides,
662 5431 706 5482 is
721 5421 1224 5499 qui-celeberrimam
1265 5425 1414 5478 illam
1444 5421 1830 5478 Potamia'nam
1868 5422 1938 5475 ad

361 5500 674 5563 supplicium
709 5501 953 5552 abduxit.

432 5566 544 5703 ἓῆϐ)
574 5569 797 5634 Euseb.,
817 5567 960 5622 Hist.
988 5567 1142 5633 eccl.,
1163 5566 1255 5621 lib.
1290 5579 1363 5629 νι,
1395 5579 1517 5634 cap.
1547 5565 1604 5630 4,
1637 5564 1688 5617 8.

456 5637 545 5703 27)
572 5639 818 5702 Hieron,
851 5654 937 5703 ep.
962 5637 1048 5692 65.

456 5637 545 5706 27)
572 5639 818 5702 Hieron,
851 5654 937 5706 ep.
962 5637 1048 5692 65.

435 5705 546 5782 (‘21s)
584 5709 830 5782 lfliccph.,
861 5705 953 5760 lib.
987 5725 1033 5782 γ,
1066 5723 1193 5782 ςτειρ.Δ
1216 5705 1268 5760 8.
1724 5772 1736 5782 ,

438 5771 542 5851 ((29)
580 5771 895 5846 Quanquam
928 5771 1257 5829 verisimilius
1291 5785 1388 5840 est,
1446 5784 1552 5830 etc.
1611 5771 1753 5840 Mlhi_
1780 5785 1936 5828 secus

556 5873 827 5934 Ριτειοι.
870 5870 987 5930 (in.
1036 5870 1238 5931 XVII.

2064 3463 2290 3532 dignum
2331 3465 2424 3519 sit.
2453 3467 2656 3535 Aperte
2705 3469 2929 3524 damnat
2967 3469 3252 3534 Baronius,
3285 3472 3353 3525 ad
3387 3487 3479 3526 an.
3521 3471 3650 3536 230,

2062 3552 2353 3624 multisque
2387 3555 2717 3610 sententiam
2757 3571 2911 3612 suam
2937 3560 3278 3628 argumentis
3325 3571 3526 3625 tuetur,
3555 3557 3652 3616 sed

2057 3743 2274 3798 videtur
2295 3743 2366 3800 ob
2391 3743 2608 3799 Eusebii
2651 3744 2950 3810 silentium,
2971 3747 3062 3815 qui
3091 3755 3243 3802 certe
3268 3747 3650 3804 medicaminis
3715 3799 3724 3806 .

2057 3829 2236 3876 usuin,
2293 3816 2338 3868 si
2400 3830 2586 3869 revera
2661 3815 2936 3888 adhibitus
2991 3816 3365 3888 ab70rigene
3429 3819 3646 3886 fuisset,

2056 3896 2564 3957 commemorasset,
2585 3898 2693 3957 quo
2725 3885 2926 3939 factum
2963 3887 3136 3957 magis
3165 3885 3473 3942 excusaret.

2130 3953 2242 4024 (50)
2276 3956 2359 4026 An
2383 3953 2764 4022 vituperatione
2787 3957 3004 4026 dignum
3027 3953 3116 4010 sit.
3139 3957 3372 4024 Legibus
3393 3958 3644 4014 civilibus

2061 4025 2114 4078 id
2146 4025 2477 4092 prohibitum
2511 4036 2653 4090 erat,
2712 4025 2857 4080 tester
2899 4025 3164 4082 Suetonio
3217 4027 3272 4079 in
3313 4026 3642 4095 Domitiano,

2060 4095 2234 4167 Dione
2271 4095 2494 4167 Cassio,
2533 4096 2630 4167 lib.
2657 4111 2822 4161 uvu,
2877 4105 2932 4151 et
2975 4095 3187 4167 Justino
3233 4095 3492 4167 Martyre,
3549 4101 3643 4164 qui

2060 4164 2316 4233 Apologia
2349 4165 2403 4219 i.
2428 4181 2574 4220 num.
2609 4165 2698 4223 29.
2751 4167 2890 4221 banc
2945 4166 3111 4221 refert
3150 4164 3431 4222 historiam
3465 4185 3478 4221 :
3532 4169 3644 4222 Καὶ

2058 4233 2161 4308 ἤδη
2187 4251 2290 4308 ῌτις
2334 4233 2451 4308 τῷν
2485 4235 2785 4306 ἡμετέρων,
2828 4236 2965 4308 ὑπὲρ
2997 4236 3091 4308 τοῦ
3129 4240 3311 4308 πεῖσαι
3368 4236 3641 4308 ὑμᾶς-,ὄτι

2057 4303 2329 4396 οὐκβέσῖιν
2350 4307 2482 4396 ἡξίν
2507 4303 2816 4396 ’ξιῇσῖήρξον
2840 4309 2899 4396 ’ἡ
2934 4303 3140 4396 ’ἕνεδην
3173 4307 3338 4396 μξξις.
3387 4303 3640 4393 βιϐλίδιον

2059 4374 2327 4457 ᾁνέδωκεν
2373 4374 2380 4376 ⁷
2405 4376 2464 4457 εν
2519 4374 2935 4457 ᾊλεξςνδρειᾳί
2955 4374 3148 4457 «ξιῄλικι
3175 4374 3185 4378 ⁷
3216 4374 3600 4457 ἡγεμονεύονξι
3621 4419 3637 4441 ,

2057 4444 2224 4526 ᾀξιῶν
2245 4445 2730 4526 iungebat-iactati:
2749 4444 3162 4526 fobéﬁtotipod;
3191 4444 3354 4526 αἰρξοῦ
3384 4449 3604 4526 ἀφελεῖν
3620 4467 3634 4480 ο

2053 4515 2178 4590 ᾇνευ
2203 4516 2312 4590 γὰρ
2344 4514 2452 4590 τῆς-
2473 4514 2566 4590 τοῦ
2583 4514 3178 4590 γήῨεμὸνος-Δὲπιτροπῆς
3199 4514 3638 4590 τοῦτογπράτριειν

2051 4584 2456 4668 ᾲπξιρῆσθεξιιοι
2487 4584 2808 4668 Excitat—'90).
2833 4584 3069 4668 ελεγον..
3100 4584 3210 4668 Kal.
3243 4584 3487 4668 μηδόλὼς
3512 4589 3636 4668 βουτ

2050 4653 2303 4730 ληθέντος
2331 4653 2949 4730 Φήλικοςχὸποὴράψαιί
2986 4660 3070 4726 ἐφ’
3121 4653 3315 4730 suntsi
3376 4653 3566 4730 μίνὰς
3607 4661 3637 4712 ὁ

2048 4725 2346 4790 νεανίσκος,
2384 4725 2628 4850 liful-fch
2663 4730 2728 4799 τῇ
2748 4725 2952 4782 ’ἑαύτοῦ
2987 4725 3080 4782 καὶ
3109 4728 3219 4781 τῶν
3240 4725 3636 4800 ὁμογνωμόνων

2050 4796 2372 4850 συνειδήσει.
2437 4813 2622 4850 amaue
2651 4807 2950 4850 nostrorum
2981 4801 3218 4850 auidum.
3256 4811 3310 4850 ut
3343 4802 3482 4850 vobis
3513 4817 3634 4850 ver-

2050 4796 2372 4869 συνειδήσει.
2397 4796 2626 4867 Jamque
2651 4796 2950 4853 nostrorum
2981 4801 3218 4869 quidant,
3256 4796 3310 4851 ut
3343 4796 3482 4853 uobis
3511 4817 3634 4868 per-

2046 4867 2292 4919 suaderet
2339 4882 2442 4920 non
2474 4883 2587 4919 esse
2635 4869 2943 4936 mysterium
2974 4867 3116 4935 apud
3148 4887 3240 4922 nos
3273 4867 3632 4937 promiscuum

2048 4939 2402 5010 concubitum,
2438 4938 2621 4990 obtulit
2677 4937 2911 5010 libellum
2937 4937 3107 4992 Felici
3130 4941 3471 5010 Alexandria;
3493 4956 3634 5010 pra:-

2047 5005 2202 5074 fecto,
2244 5023 2437 5078 rogans
2472 5018 2524 5059 ut
2570 5010 2769 5061 medico
2819 5008 3086 5062 licentiam
3128 5009 3280 5062 daret
3327 5005 3502 5063 testes'
3528 5012 3633 5078 ipsi

2046 5080 2340 5130 resecandi.
2383 5076 2452 5130 1d
2485 5078 2622 5131 enim
2659 5079 2772 5131 sine
2805 5079 3042 5147 praefecti
3079 5078 3292 5132 licentia
3343 5080 3518 5146 facere
3548 5076 3630 5132 in-

2045 5147 2327 5215 terdictum
2396 5149 2494 5201 sibi
2550 5149 2696 5201 illius
2755 5148 2902 5215 urbis
2952 5149 3141 5201 ntedici
3191 5149 3454 5202 dicebant.
3521 5147 3628 5202 Sed

2045 5231 2164 5268 cum
2199 5214 2360 5269 Felix
2389 5219 2604 5271 omnino
2649 5214 2876 5272 scribere
2917 5219 3190 5281 noluisset,
3239 5219 3543 5272 adolescens
3573 5236 3626 5272 m

2043 5286 2366 5340 continentia
2411 5297 2460 5340 et
2514 5289 2817 5356 virginitate
2859 5303 3193 5354 permanens,
3228 5305 3327 5341 sua
3361 5296 3409 5340 et
3444 5304 3626 5342 eorum

2040 5357 2131 5423 qui
2173 5357 2310 5410 idem
2351 5373 2413 5410 ac
2466 5357 2574 5423 ipse
2607 5359 2918 5423 sentiebant,
2977 5358 3298 5411 conscientia
3354 5367 3626 5410 contentus

2039 5425 2164 5547 (uit.
2199 5425 2333 5480 Cum
2383 5427 2454 5479 ita
2486 5440 2546 5479 se
2585 5440 2673 5479 res
2709 5427 2979 5488 habuerit,
3035 5441 3134 5480 nec
3176 5427 3316 5480 ullus
3343 5428 3625 5482 dubitandi

2060 5510 2192 5547 ocus
2229 5495 2320 5547 sit.
2359 5497 2490 5547 quin
2532 5496 2577 5547 is
2615 5506 2799 5547 peccet
2825 5497 2918 5547 aui
2957 5498 3128 5547 legem
3157 5497 3372 5547 civilem
3424 5496 3624 5547 iustam

2060 5510 2192 5550 ocus
2229 5495 2320 5555 sit,
2359 5497 2490 5564 quin
2532 5496 2577 5548 is
2615 5506 2799 5563 peccet
2825 5497 2918 5566 qui
2957 5498 3128 5564 legem
3157 5497 3372 5550 civilem
3411 5496 3624 5618 q’ustam

2060 5575 2231 5618 monte
2273 5565 2460 5618 violat.
2505 5564 2898 5618 vituperatione
2940 5566 3161 5618 dignum
3198 5565 3368 5618 fuisse
3435 5565 3624 5618 acinus

2039 5575 2231 5633 sponte
2273 5565 2460 5628 violat,
2505 5564 2898 5633 vituperatione
2940 5566 3161 5633 dignum
3198 5565 3368 5620 fuisse
3411 5564 3626 5618 facinus

2039 5632 2292 5705 Origenis
2323 5634 2492 5705 libere
2540 5632 2818 5689 fatendum
2865 5648 2970 5698 est,
3000 5632 3130 5688 licet
3170 5637 3312 5691 forte
3357 5634 3626 5702 ejusmodi

1979 5733 1988 5768 λ
2038 5703 2427 5758 ΙοιἘεοΙεείίε
2455 5715 2674 5768 quoque
2737 5707 3037 5757 canonibns
3081 5707 3318 5758 nonduin
3357 5720 3418 5758 ea
3464 5709 3632 5753 aitate

1975 5755 1988 5772 η

1991 5797 1994 5800 ~
2040 5774 2206 5830 fuerit
2230 5773 2572 5838 continuata,
2608 5780 2664 5824 ut
2693 5773 2872 5845 colligi
2911 5785 3069 5842 posse
3106 5774 3318 5832 videtur
3349 5789 3416 5828 ex
3448 5769 3633 5826 histu-

3282 5865 3354 5922 21
