4162 6394
504 284 600 340 651
1774 289 1835 343 Ρ.
1897 289 2072 344 DANIl

2177 291 2215 347 S
2256 291 2489 350 HUETII
3661 305 3770 364 652

505 423 625 476 qua:
654 409 719 462 ad
751 421 869 462 eam
903 406 1052 472 fere,’
1078 423 1200 478 qua:
1232 407 1376 463 ferro
1424 408 1514 474 lit,
1537 409 1891 465 evirationem
1920 413 2083 482 perti-
2112 418 2156 474 Α
2185 429 2310 484 que,
2346 431 2411 469 ne
2459 416 2635 472 simile
2689 418 2816 486 quid
2869 417 2923 472 in
2969 433 3027 474 se
3062 419 3350 488 aliquando
3393 421 3764 490 conciperent,

504 512 652 556 nent.
684 501 883 557 Contra
931 515 994 554 ea
1043 501 1343 567 Halloxius,
1377 517 1481 557 non
1518 517 1742 558 excusat
1776 505 1958 568 modo,
1993 506 2086 560 scd
2188 507 2538 562 vehementer
2565 511 2880 577 absterruit,
2916 528 3038 566 cum
3071 513 3191 567 aliis
3221 512 3374 575 locis,
3400 523 3513 568 tum
3535 530 3766 583 preser-

505 594 766 659 dilaudat,
818 593 912 650 lib.
953 610 1004 647 tv
1037 592 1187 664 Orig.
1211 593 1347 663 (ἰείη
1394 605 1587 664 quaest.
1627 596 1681 650 5.
1714 595 1827 665 Ego
1874 595 2086 666 singula
2189 597 2282 652 tim
2309 599 2420 654 suis
2448 600 2501 654 in
2526 599 2838 655 Matthwum
2871 603 3300 658 Commentariis.
3335 603 3509 660 Locus
3536 606 3767 662 habetur

504 689 575 742 ab
602 696 833 756 utraque
875 697 1026 755 parte
1067 687 1293 742 collecta
1329 702 1432 741 non
1473 688 1746 753 referam;
1779 688 1922 757 quod
1969 689 2086 754 ipse
2190 699 2320 743 tom.
2376 705 2473 757 xv,
2499 707 2646 746 num.
2688 693 2739 759 I,
2763 692 2818 759 2,
2858 695 2914 758 ‘5,
2946 694 2980 748 4
3017 703 3070 749 et
3099 695 3155 762 5,
3195 709 3355 765 quem
3385 696 3608 752 omnino
3634 713 3766 754 con-

504 777 699 839 sentio,
723 776 910 844 paucis
929 790 1215 844 exponam.
1247 776 1466 830 Certum
1499 784 1584 831 est
1613 778 1972 831 voluntariam
2001 779 2082 832 sui

504 866 674 935 ipsius
706 865 1094 930 exsectionem,
1149 880 1269 919 eam
1301 865 1423 920 dico
1451 879 1570 934 quae
1610 865 1670 918 fit
1711 865 1910 936 gladio,
1951 866 2084 920 veti-

500 969 614 1013 tam
649 973 772 1014 esse
796 959 1111 1029 apcstolicis
1145 960 1448 1014 canonibus
1473 959 1543 1012 22
1572 969 1628 1013 et
1658 958 1750 1012 24.
1781 960 1855 1013 At
1891 974 2080 1013 eorum

502 1051 662 1107 dubia
691 1062 775 1106 est
809 1053 1127 1116 auctoritas,
1170 1060 1225 1106 et
1245 1051 1461 1120 penitus
1489 1050 1558 1104 ab
1597 1050 1842 1105 Halloxio
1875 1051 2083 1120 respui-

501 1152 612 1200 tur.
666 1141 922 1197 Eamdem
975 1141 1252 1196 damnavit
1301 1143 1570 1197 exstincto
1603 1143 1806 1212 jamdiu
1852 1142 2083 1212 Origene

497 1231 775 1286 Nicaauum
800 1231 1114 1296 concilium,
1140 1247 1264 1288 can.
1285 1232 1338 1298 I,
1368 1233 1642 1287 damnavit
1663 1243 1713 1288 et
1741 1233 2078 1300 Arelatense,

500 1341 624 1378 can.
669 1325 719 1379 7.
755 1323 861 1396 Ipsi
914 1339 1129 1396 quoque
1187 1325 1442 1388 Eusebio,
1489 1336 1749 1396 perpetuo
1793 1325 1920 1381 licet
1959 1324 2080 1380 Or‘i-

500 1421 653 1490 genis
691 1419 988 1484 laudatori,
1019 1421 1286 1475 vecordia:
1327 1419 1486 1488 hujus
1508 1420 1960 1488 vituperationem
1998 1419 2078 1474 vis

497 1509 743 1564 veritatis
777 1509 1066 1578 expressit.
1142 1509 1249 1564 Sed
1288 1510 1416 1579 quid
1467 1510 1642 1563 aliena
1684 1509 2074 1578 conquirimus,

499 1615 622 1654 cum
651 1601 948 1657 domestica
998 1601 1345 1671 suppeditent
1392 1601 1744 1656 testimonia?
1782 1603 2078 1671 Utramque

496 1693 909 1756 castrationem,
955 1703 1008 1747 et
1053 1708 1173 1762 qum
1205 1693 1535 1756 exsectione,
1575 1701 1630 1746 et
1669 1707 1789 1760 qua:
1834 1694 2078 1746 exsicca-

2185 780 2287 836 suli
2320 781 2501 836 velim.

2256 869 2561 940 Discipulos
2593 888 2722 928 suos
2747 883 2802 929 et
2853 875 3148 930 familiares
3179 877 3386 934 facinus
3419 895 3576 934 suum
3617 879 3762 937 cela-

2184 973 2337 1018 verat
2376 962 2659 1033 Origenes,
2695 967 2890 1022 dubius
2920 969 3089 1024 animi
3122 970 3339 1026 laudiue
3384 971 3510 1037 sibi,
3541 987 3610 1026 an
3639 988 3761 1043 pro-

2183 1053 2283 1108 bro
2315 1055 2615 1110 ducendum
2657 1056 2816 1113 foret.
2862 1058 2997 1113 Rem
3043 1068 3222 1116 tamen
3258 1064 3523 1132 comperit
3567 1064 3760 1118 Deme-

2185 1150 2339 1213 trius,
2387 1165 2549 1219 quam
2589 1150 2940 1206 vehementer
2993 1152 3291 1208 admiratus
3330 1155 3586 1224 primum,
3645 1165 3757 1210 tum

2184 1238 2431 1296 laudibus
2461 1242 2626 1296 etiam
2677 1253 3019 1311 prosecutus,
3066 1246 3411 1301 confirmavit
3446 1246 3756 1317 Origenem,

2181 1340 2506 1402 strenueque
2539 1344 2848 1404 susceptum
2877 1350 3073 1389 munus
3101 1335 3265 1404 jussit
3297 1337 3601 1392 traducere.
3621 1337 3756 1392 Tum

2183 1423 2269 1476 hic
2303 1424 2535 1493 denique
2566 1425 2787 1480 remutis
2827 1426 3243 1495 impedimentis,
3281 1430 3562 1483 universos
3606 1429 3674 1482 ad
3698 1443 3758 1483 se

2178 1516 2463 1570 erudiendi
2518 1531 2681 1571 causa
2722 1517 2998 1573 venientes
3044 1519 3190 1572 nullo
3241 1535 3405 1575 sexus
3442 1520 3758 1576 discrimine

2178 1604 2417 1659 admisit.
2478 1603 2534 1658 In
2568 1620 2756 1661 eorum
2808 1615 2988 1659 autem
3045 1606 3386 1662 institutione
3435 1621 3645 1661 summa
3699 1621 3759 1662 se

2181 1695 2443 1750 tractavit
2467 1696 2765 1767 diligentia,
2815 1711 3081 1767 omneque
3104 1712 3257 1753 suum
3282 1698 3453 1752 otium
3475 1697 3543 1751 ad
3568 1711 3756 1753 eorum

497 1790 642 1845 tione
671 1789 970 1860 perficitur,
1019 1787 1297 1843 damnavit
1338 1787 1552 1842 demum
1591 1786 1876 1858 Origenes,
1912 1787 2077 1842 slios-
2109 1773 2153 1829 Β
2183 1788 2457 1857 negotium
2485 1789 2735 1844 contulit.

1826 2070 2206 2161 CAPUT
2281 2073 2414 2158 II.

493 2262 548 2320 L-
573 2261 750 2321 Severi
778 2266 1114 2333 imperatoris
1151 2267 1344 2321 obitus.
1389 2266 1644 2335 Origenes
1681 2264 1904 2319 Romam
1949 2262 2417 2335 proﬁcisciturJI.
2465 2264 2843 2318 Alexandriam
2879 2264 3032 2318 redit.
3065 2262 3150 2318 III.
3184 2261 3500 2335 Hebraicam
3521 2261 3757 2335 litigarem

564 2336 839 2391 condiscit.
871 2337 958 2392 IV.
983 2336 1322 2391 Ambrosium
1351 2339 1418 2390 ad
1444 2336 1643 2390 Christi
1675 2337 1711 2403 ﬁ

1717 2339 1832 2387 dem
1882 2330 2156 2388 convertit.
2198 2335 2258 2386 V.
2309 2334 2614 2387 Accersitur
2658 2335 2713 2388 in
2751 2335 3021 2398 Arabiam,
3063 2335 3197 2387 redit
3239 2330 3640 2386 Alexandriam.
3669 2330 3756 2385 VI.

565 2405 906 2460 Palazstinam
929 2407 1078 2475 petit,
1111 2408 1490 2460 Alexandriam
1520 2409 1671 2460 redit.
1705 2405 1792 2458 VII
1874 2407 1913 2459 A
1961 2403 2244 2458 Mammaea
2277 2405 2564 2475 accersitur
2596 2404 2978 2475 Antiochiam;
3029 2405 3405 2475 Alexandriam
3459 2406 3752 2475 revertitur.

568 2475 706 2529 VIII.
755 2471 1085 2543 Scripturam
1133 2494 1338 2530 sacram
1381 2477 1769 2530 commentariis
1803 2475 2069 2527 illustrare
2099 2475 2421 2543 aggreditur.
2467 2473 2555 2526 IX.
2590 2474 3010 2528 Commentarios
3054 2474 3107 2526 in
3131 2473 3516 2543 Joannemtet
3538 2471 3591 2523 in
3623 2472 3757 2525 alios

563 2543 850 2614 Scriptura!
873 2541 1040 2599 libros
1071 2548 1304 2601 inchoat.
1337 2545 1405 2601 X.
1440 2547 1502 2599 In
1539 2546 1792 2599 Achaiam
1823 2562 1914 2612 per
1955 2541 2298 2597 Palaestinam
2329 2543 2703 2614 proﬁciscitur.
2739 2544 2832 2598 XI.
2862 2544 3089 2614 Athenis
3111 2544 3380 2614 discedens
3414 2541 3620 2614 Epheso
3658 2543 3760 2594 iter

559 2611 736 2670 habet.
779 2615 893 2668 XII.
925 2615 1184 2670 Ca’sarea:
1216 2619 1484 2685 presbyter
1527 2617 1644 2684 jam
1671 2626 1792 2670 ante
1808 2614 2004 2739 (ἔμεναι
2050 2615 2326 2666 ordinatus
2355 2630 2374 2677 ;
2404 2613 2729 2666 Alexandria
2765 2613 3004 2682 pellitur.
3029 2612 3162 2667 XIII.
3214 2613 3368 2675 Cum,
3399 2628 3460 2664 ne
3483 2611 3761 2664 uitiaretur

560 2689 628 2739 ab
657 2685 929 2739 Aithioue.
970 2687 1131 2739 idolis
1175 2687 1548 2739 sacriﬁcasset.
1612 2685 1753 2739 XIV.
1854 2699 2106 2737 wsaream
2145 2681 2456 2738 Palaestinis
2511 2685 2768 2739 concedit.
2816 2681 2930 2738 XV.
2975 2682 3330 2739 Confutantur
3373 2681 3638 2739 nonnulli,
3669 2682 3757 2739 qui

560 2689 628 2740 ab
657 2685 929 2753 Aithiope,
970 2687 1131 2740 idolis
1175 2687 1548 2753 sacriﬁcasset,
1612 2685 1753 2739 XIV.

1854 2699 2106 2737 wsaream
2145 2681 2456 2738 Palaestinae
2511 2681 2774 2752 concedit.
2816 2681 2930 2738 XV.
2975 2682 3330 2752 Confutantur
3373 2681 3638 2745 nonnulli,
3669 2682 3757 2745 qui

559 2750 934 2825 Origeneniab
984 2755 1211 2810 Heracla
1251 2750 1575 2810 Alexandria
1613 2757 1892 2822 depulsum
1917 2754 2081 2820 fuisse
2105 2754 2450 2825 scripserunt.
2518 2750 2654 2825 XVI.
2690 2753 3062 2825 Ecclesiastica
3090 2750 3297 2825 imunig
3329 2752 3476 2825 obit;
3520 2767 3552 2802 a
3578 2752 3757 2825 multis

564 2819 771 2893 fovétur
817 2823 1090 2881 Ecclesiis.
1120 2826 1279 2880 XVII.
1343 2819 1690 2880 Palmstinam
1746 2819 2054 2893 perlustrat.
2129 2821 2316 2875 XVIII.
2351 2822 2545 2876 Utrum
2578 2823 2763 2892 uiginti
2790 2831 2840 2875 et
2886 2833 3002 2875 octo
3051 2838 3218 2893 annos
3255 2819 3380 2893 Tyri
3421 2822 3754 2893 transegerit.

557 2890 700 2949 XIX.
741 2894 1053 2964 Gregorium
1080 2896 1535 2963 'I’haumaturgum
1577 2905 1624 2946 et
1660 2890 2051 2948 Athenodorum
2096 2893 2314 2962 fratres,
2347 2895 2582 2961 aliosque
2628 2890 2685 2948 in
2728 2893 2915 2948 litteris
2944 2892 3117 2947 sacris
3155 2902 3202 2946 et
3243 2890 3482 2961 profanis
3508 2891 3755 2944 instituit.

560 2965 763 3020 Isaiam
785 2980 833 3020 et
864 2964 1193 3022 Esechielem
1215 2965 1608 3021 commentariis
1652 2966 1885 3035 exponit.

2096 3107 2162 3123 κ

558 3233 602 3289 I.
622 3234 735 3305 (3!)
759 3234 1016 3290 Severum
1038 3235 1276 3302 interim,
1296 3249 1417 3290 cum
1440 3236 1549 3306 jam
1571 3235 1858 3307 aliquoties
1887 3237 2058 3292 inter-
2085 3251 2130 3310 ο
2166 3235 2420 3290 tiochiam
2449 3235 2547 3289 ivit
2583 3233 2890 3298 Mammaea,
2915 3245 3077 3300 quam
3097 3245 3221 3288 cum
3258 3229 3455 3285 Persas
3503 3227 3758 3287 Romanis

490 3324 655 3380 licere
717 3325 940 3380 adortus
989 3335 1133 3380 esset
1195 3324 1474 3381 Caraealla
1529 3326 1714 3391 ﬁlius,
1791 3341 1937 3382 mors
1998 3342 2065 3380 ex

487 3416 809 3486 cgritudine
856 3427 1148 3472 consecuta
1198 3426 1300 3482 est,
1336 3418 1552 3488 expleto
1595 3419 1804 3488 imperii
1861 3419 2071 3474 decimo

487 3517 680 3564 octavo
722 3522 886 3573 anno,
927 3507 1101 3563 aetatis
1134 3508 1451 3564 vicesimum
1479 3519 1693 3563 sextum
1730 3521 1925 3580 agente
1945 3509 2068 3564 Ori-

485 3615 649 3672 gene.
698 3599 798 3654 Hic
826 3610 950 3670 post
1018 3599 1223 3669 aliquot
1274 3599 1466 3656 deinde
1505 3615 1674 3655 annos
1723 3600 1948 3655 Bonnam
1992 3601 2072 3655 ire

483 3691 787 3755 contendit,
843 3689 1099 3744 Romanae
1143 3689 1405 3745 Ecclesiae
1456 3691 1693 3746 visenda:
1735 3691 1938 3757 studio,
1981 3694 2068 3747 cui

483 3793 618 3840 tunc
648 3792 881 3853 praeerat
921 3782 1259 3854 Zephyrinus
1295 3797 1453 3853 papa.
1490 3783 1725 3854 Tempus
1765 3784 1975 3839 itineris
2002 3786 2070 3840 ab

486 3873 725 3929 Eusebio
743 3873 1169 3942 praetermissum
1194 3872 1507 3942 conjectura
1531 3875 1744 3943 assequi
1772 3875 1954 3929 studet
1977 3874 2073 3927 Ba-

490 3967 696 4030 ronius,
731 3975 786 4020 et
823 3967 876 4020 in
921 3967 1156 4036 primum
1185 3966 1457 4033 Elagabali
1502 3966 1680 4034 rejicit
1722 3982 1948 4032 annum,
1978 3969 2070 4036 qui

488 4053 778 4126 Zephyrini
804 4055 1045 4111 decimus
1065 4065 1316 4121 octavus,
1355 4069 1409 4112 et
1441 4067 1746 4127 postremus
1774 4059 1907 4126 fuit;
1938 4074 2072 4114 cau-

487 4161 716 4218 samque
757 4146 1078 4216 profectioni
1124 4146 1458 4202 Mammaaam
1495 4149 1787 4204 Alexandri
1843 4161 2069 4204 matrem

487 4242 702 4297 dedisse
738 4242 1067 4312 suspicatur,
1127 4257 1248 4297 cum
1280 4251 1400 4312 post
1438 4243 1762 4298 accersitum
1787 4242 1855 4297 ad
1883 4258 1942 4297 se
1968 4243 2072 4296 An-

488 4330 746 4386 tiochiam
766 4329 1078 4402 Origenem,
1105 4331 1452 4403 Elagabalum
1487 4333 1769 4400 imperium
1795 4333 2068 4388 ineuntem

487 4419 720 4476 Romam
767 4433 910 4477 esset
947 4424 1225 4478 comitata.
1252 4423 1363 4493 (52)
1395 4423 1592 4477 Verum
1623 4423 1740 4477 haec
1773 4423 1931 4478 aliter
1957 4422 2069 4476 Eu-

488 4515 640 4570 sebio
663 4516 996 4585 temporibus
1031 4517 1199 4570 divisa
1223 4527 1352 4571 sunt
1375 4534 1388 4568 :
1410 4527 1537 4570 tunc
1556 4516 1700 4570 enim
1732 4530 1761 4569 a
1793 4515 2070 4571 Mammaea

487 4608 833 4662 Antiochiam
887 4609 1117 4663 accitum
1171 4607 1338 4663 fuisse
1371 4607 1661 4678 Origenem
1708 4608 1840 4663 satis
1883 4618 2066 4676 aperte
2103 4645 2144 4698 ο

488 4703 763 4774 signiﬁcat
783 4744 798 4768 ,
827 4713 881 4758 et
921 4704 1141 4759 disertis
1172 4719 1386 4773 quoque
1411 4705 1593 4757 verbis
1619 4711 1734 4771 post
1765 4701 1912 4754 illum
1939 4701 2064 4755 Sui-

436 4872 443 4881 _
489 4793 737 4866 das(53),
758 4812 880 4850 cum
904 4811 1084 4850 rerum
1120 4796 1382 4864 potiretur
1413 4795 1558 4849 filius
1580 4793 1696 4862 ejus
1727 4793 2058 4847 Alexander.

490 4889 592 4956 Qui
619 4901 902 4958 postquam
940 4889 1224 4959 imperium
1261 4889 1484 4955 adeptus
1515 4898 1617 4941 est.
1647 4902 1753 4941 non
1785 4885 1918 4940 alias
1951 4886 2064 4937 An-

491 5071 574 5125 ria
601 5085 728 5124 mox
780 5084 808 5122 a
865 5069 1078 5123 .tustmo
1115 5066 1347 5136 Martyre
1388 5072 1835 5136 commemorata.
1881 5061 2063 5136 Neque

493 5141 636 5194 enim
696 5139 988 5193 verisimile
1062 5138 1193 5191 mihi
1255 5135 1336 5191 est
1365 5136 1615 5204 juvenem
1671 5135 1832 5187 istum
1883 5135 1933 5186 id
1997 5135 2063 5187 ab

490 5210 834 5264 Alexandriae
865 5208 1094 5278 praeside
1125 5209 1520 5275 postulaturum
1573 5205 1761 5278 fuisse,
1803 5205 1949 5278 quod
1961 5218 2064 5278 ca-

493 5295 634 5333 none
653 5273 1021 5334 ecclesiastico
1054 5273 1276 5331 vetitum
1311 5279 1573 5331 novisset.
1631 5275 1897 5328 Caeterum
1937 5273 2063 5326 Ilie-

495 5364 774 5419 ronymns,
810 5350 973 5403 etiam
1017 5349 1234 5416 quando
1279 5347 1517 5419 omnium
1577 5343 1842 5419 acerrime
1874 5342 2066 5411 Orige-

493 5411 618 5473 ηειιῖ
651 5411 970 5484 insectatur,
989 5411 1146 5487 epist.
1164 5419 1233 5472 65
1250 5420 1313 5472 ad
1349 5416 1660 5487 Pammach.
1681 5422 1734 5487 et
1764 5411 2061 5487 Oceanum,

495 5491 562 5543 de
607 5489 722 5556 ipso
779 5482 965 5542 tamen
992 5482 1106 5542 hinc
1143 5488 1259 5542 ait:
1294 5487 1417 5540 Vult
1453 5485 1643 5555 aliquis
1687 5484 1904 5556 laudare
1934 5482 2067 5556 Ori-

496 5553 698 5629 genein,
732 5558 906 5612 laudet
931 5568 986 5611 ut
1011 5559 1191 5611 laudo.
1249 5557 1474 5626 Magnus
1514 5553 1591 5629 uir
1643 5555 1709 5629 ab
1748 5553 1996 5629 ξηῘαιιιὶα⁸
2019 5562 2066 5604 et

492 5623 607 5682 itere
633 5630 876 5697 martyris
905 5629 1068 5696 ﬁlius,
1097 5623 1436 5681 Alexandriw
1472 5623 1879 5697 ecclesiasticam
1919 5623 2071 5697 scho-_

494 5701 601 5752 lum
661 5691 846 5757 tenuit,
905 5691 1196 5750 succedens
1244 5696 1600 5749 eruditissimo
1652 5696 1764 5745 viro
1817 5691 2068 5744 Clementi

492 5769 812 5837 presbytero.
857 5767 1158 5836 Voluptates
1204 5768 1256 5820 in
1285 5776 1489 5821 tantum
1515 5765 1672 5833 fugit,
1723 5772 1776 5816 ut
1805 5763 1916 5815 zelo
1952 5760 2071 5826 Dei,

2173 3328 2371 3383 ﬁnibus
2395 3326 2739 3380 imminentes
2763 3325 2901 3380 bello
2930 3324 3168 3380 refutare
3190 3337 3478 3395 aggressus
3501 3332 3608 3382 est.
3629 3320 3756 3378 Haec

2172 3419 2356 3474 multis
2379 3427 2499 3489 post
2521 3417 2816 3488 Zephyrini
2845 3416 3052 3472 obitum
3079 3414 3237 3469 annis
3271 3415 3593 3470 inciderunt.
3621 3415 3755 3469 Cum

2171 3521 2350 3565 autem
2380 3510 2678 3579 imperator
2706 3510 3048 3562 renuntiatus
3070 3514 3156 3562 est
3188 3505 3528 3576 Elagabalus,
3548 3505 3758 3560 Emesa:

2172 3601 2616 3659 commorabatur
2669 3600 2983 3664 Mammaea,
3035 3615 3215 3669 neque
3269 3600 3324 3654 in
3377 3609 3524 3656 tanta
3571 3614 3754 3654 rerum

2172 3694 2526 3750 conversione
2573 3693 2805 3747 curiosis
2833 3691 3202 3747 auditionibus
3241 3704 3463 3762 operam
3496 3691 3626 3745 dare
3661 3706 3760 3760 po-

2175 3787 2341 3842 tuisse
2365 3785 2660 3840 verisimile
2693 3792 2797 3838 est.
2835 3783 3163 3852 Ecqutenam
3199 3798 3366 3852 porro
3395 3797 3561 3838 causa
3597 3782 3754 3836 fuerit

2174 3877 2427 3942 Baronio,
2462 3889 2562 3931 cur
2584 3875 2849 3929 incertam
2902 3872 3244 3943 Origenianaa
3290 3873 3345 3928 in
3381 3873 3586 3928 Italiam
3631 3886 3757 3941 pro-

2171 3969 2422 4024 fectionis
2468 3968 2807 4022 occasionem
2856 3967 3403 4030 comminisceretur,
3450 3963 3747 4020 Mammaea

2174 4076 2366 4128 nempe
2412 4058 2744 4114 assectaudte
2771 4057 3032 4121 studium,
3058 4072 3181 4112 cum
3218 4072 3400 4112 veram
3431 4056 3759 4126 expresserit

2173 4152 2459 4219 Eusebius,
2485 4150 2629 4207 Hist.
2669 4150 2765 4204 lib.
2789 4165 2866 4214 vt,
2921 4164 3042 4218 cap.
3077 4149 3167 4212 14,
3207 4149 3461 4203 Romanas
3499 4147 3756 4202 nimirum

2173 4244 2449 4308 Ecclesiae,
2500 4244 2771 4308 omnium,
2821 4251 2880 4296 ut
2937 4243 3051 4312 ipse
3085 4241 3298 4306 scribit,
3344 4240 3757 4309 antiquissima,

2172 4336 2389 4406 penitus
2421 4335 2812 4406 cognoscendas
2861 4335 3210 4401 desiderium,
3270 4349 3376 4388 non
3409 4332 3588 4391 video.
3644 4330 3758 4387 Hoc

2174 4444 2302 4499 ergo
2349 4431 2449 4483 iter
2493 4427 2680 4483 Severi
2725 4427 2868 4480 inter
2899 4426 3126 4492 obitum,
3161 4426 3251 4494 qui
3285 4439 3425 4479 anno
3464 4422 3756 4494 Zephyrini

2176 4521 2462 4574 undecimo
2508 4519 2768 4587 contigit,
2823 4518 3095 4587 ipsiusque
3149 4516 3438 4588 Zephyrini
3498 4524 3754 4582 mortem,

2175 4625 2295 4678 quae
2322 4608 2385 4662 ad
2418 4605 2953 4678 alterum'Elagabali
2983 4623 3180 4661 annum
3223 4606 3480 4675 pertinet,
3510 4603 3758 4660 conferre

2177 4701 2310 4756 satis
2367 4702 2705 4755 habeamus:
2736 4715 2767 4753 a
2817 4708 3059 4770 tempore
3097 4706 3276 4752 autem
3325 4696 3555 4765 praecise
3611 4694 3756 4749 desi-

2175 4792 2406 4862 gnando,
2457 4807 2578 4845 cum
2621 4807 2689 4846 ne
2743 4791 3073 4858 coniecturae
3102 4789 3323 4858 quidem
3374 4787 3544 4842 locum
3599 4785 3756 4839 nobis

2174 4896 2420 4941 veterum
2450 4891 2794 4940 monumenta
2830 4883 3130 4951 praebeant,
3161 4881 3555 4936 abstineamus.
3588 4876 3642 4930 Id
3703 4876 3754 4930 in

2171 5060 2260 5115 sed
2298 5071 2468 5113 tamen
2521 5077 2622 5114 non
2648 5059 2929 5112 secundum
2978 5059 3270 5121 scientiam,
3303 5058 3445 5125 ferro
3487 5063 3754 5108 truncaret

2169 5131 2444 5199 genitalia.
2499 5130 2634 5193 Ubi,
2666 5139 2725 5182 ut
2758 5130 2928 5199 vides,
2986 5128 3194 5199 facinus
3247 5142 3352 5199 non
3396 5127 3620 5199 _|audat,_
3661 5127 3754 5199 sed

2168 5195 2313 5264 eum,
2345 5215 2452 5268 quo
2487 5200 2554 5255 ad
2600 5199 2655 5255 id
2699 5197 2964 5268 impulsus
3015 5197 3212 5259 fuerat,
3246 5196 3458 5251 eximite
3503 5195 3758 5265 puritatis

2170 5286 2433 5324 amorem.

2241 5339 2354 5412 (ξιξ)
2391 5339 2739 5412 E_useb.,lib.
2764 5355 2843 5412 vi,
2871 5338 3077 5412 cap._8,
3107 5337 3196 5412 Ib,
3222 5337 3312 5391 21.

2241 5402 2354 5480 (52)
2399 5402 2735 5480 νεῃᾳηιίιιιιισ
2771 5402 3200 5480 aliter-Eusebio
3244 5402 3754 5480 temporibu_s__divisa

2173 5473 2448 5541 suntfetc.
2486 5479 2620 5533 Vide
2646 5481 2804 5548 paulo
2829 5478 2968 5531 infra
3012 5487 3193 5531 notam
3226 5477 3288 5531 ad
3323 5492 3470 5548 num.
3503 5473 3612 5536 VII,
3663 5473 3753 5526 ubi

2168 5550 2428 5603 refellitur
2461 5544 2841 5618 Huetii'Opinio
2875 5549 2942 5604 de
2969 5559 3212 5618 tempore
3260 5561 3369 5616 quo
3415 5544 3752 5600 Matutttwam

2171 5620 2303 5674 adiit
2329 5619 2607 5687 Origenes.

2240 5691 2352 5758 (35)
2400 5691 2578 5754 Suid.,
2603 5687 2783 5744 Lexic.
2811 5689 2874 5742 Ω.
