4162 6392
421 321 524 377 655

1431 323 1999 382 ORIGENIANOHUH
2040 325 2167 382 LIB.
2207 327 2246 391 I,
2287 329 2446 384 CAP.
2489 331 2532 384 ll

3548 343 3649 398 654

419 442 629 498 decimo
687 443 844 499 tertio
899 443 1188 516 Zephyrini
1263 460 1406 500 anno
1467 446 1708 501 historici
1763 447 1980 516 quidam
2015 453 2060 505 A
2089 445 2337 518 Origenis
2369 450 2537 519 ipsius
2577 457 2822 503 naturam
2867 453 3136 522 interpres
3179 457 3412 521 pessime
3446 457 3648 515 retulit.

419 535 776 598 constituunt,
802 537 944 604 quod
966 538 1032 590 ab
1058 537 1278 591 Eusebii
1312 537 1611 592 rationibus
1642 553 1749 592 non
1780 538 1984 594 discre-

417 633 530 691 pat,
551 631 605 678 et
637 625 770 678 mihi
811 627 946 681 satis
978 627 1259 696 probatur.

485 716 548 770 ll.
575 715 685 787 (54)
710 716 940 786 Propere
961 719 1282 787 perlustrata
1319 721 1508 786 Roma,
1538 722 1718 776 statim
1748 721 1986 776 Alexan-

415 808 588 862 driam
624 807 884 876 Origenes
916 810 1158 878 repetiit,
1189 811 1488 880 traditaque
1517 813 1565 866 ei
1594 828 1808 867 rursum
1840 825 1925 866 est
1954 829 1982 866 a

418 903 690 958 Demetrio
755 905 1266 959 cateclmmenorum
1331 904 1652 960 Christianis
1721 905 1984 976 dogmatis

417 996 822 1051 imbuendorum
848 1011 1000 1050 cura.
1024 997 1144 1063 Quo
1187 1013 1308 1052 cum
1347 999 1400 1052 in
1435 999 1852 1067 opere,omissis
1876 1014 1984 1054 caa-

417 1086 551 1140 teris
581 1086 792 1151 studiis,
823 1088 938 1142 dies
969 1103 1032 1142 ac
1065 1097 1254 1142 noctes
1293 1097 1598 1156 urgeretur,
1641 1102 1738 1142 nec
1784 1088 1885 1142 sibi
1915 1087 1984 1142 ad

418 1176 709 1246 Scriptura:
763 1178 1175 1247 divinarumque
1243 1193 1422 1232 rerum
1474 1179 1982 1248 pervestigationem

415 1266 608 1334 reliqui
652 1267 944 1335 quidquam
1005 1266 1182 1321 facere
1233 1279 1448 1335 posset,
1502 1268 1725 1322 docendi
1791 1283 1983 1323 munus

415 1373 539 1412 cmn
580 1356 832 1428 Heraela,
881 1358 971 1426 qui
1005 1368 1113 1412 tum
1157 1359 1368 1413 caeteris
1419 1359 1534 1428 ejus
1588 1357 1876 1426 prtestabat
1904 1359 1982 1412 di-

416 1449 657 1518 scipulis,
708 1450 778 1502 ita
820 1449 1050 1518 partitus
1092 1458 1197 1516 est,
1228 1460 1288 1504 ut
1339 1452 1644 1507 rudioribus
1677 1452 1846 1520 prima
1887 1453 1982 1507 do-

415 1539 604 1594 ctrina:
635 1538 952 1594 Christiana:
981 1541 1248 1595 elementa
1284 1541 1373 1595 hic
1407 1542 1665 1606 traderet,
1721 1542 1980 1597 maturio-

417 1645 506 1685 res
540 1632 630 1686 ille
677 1641 732 1686 et
780 1632 892 1702 jam
948 1647 1048 1686 usu
1096 1633 1302 1702 peritos
1366 1632 1659 1688 reconditis
1714 1633 1980 1703 dogmatis

416 1721 728 1775 instrueret.

486 1811 569 1865 Ill.
620 1811 756 1866 Hinc
795 1811 1127 1881 aliquantum
1188 1812 1427 1866 lucratus
1474 1812 1590 1877 otii,
1623 1826 1690 1866 eo
1725 1812 1793 1866 ad
1842 1827 1974 1866 eno-

415 1904 619 1957 dandas
658 1903 953 1972 Scriptura;
1001 1904 1346 1957 obscuriores
1423 1902 1804 1973 intelligentias
1851 1918 1977 1958 usus

414 2006 517 2058 est,
547 2009 773 2065 seseque
815 1995 868 2049 in
891 2009 956 2050 eo
979 1995 1160 2050 studio
1197 1994 1527 2063 quotidianis
1563 1995 1977 2049 commentatio-

415 2088 572 2142 nibus
603 2087 888 2155 diligenter
919 2086 1148 2155 subegit.
1192 2084 1390 2140 Verum
1431 2101 1552 2140 cum
1581 2099 1798 2155 operam
1822 2100 1974 2140 suam

418 2177 622 2244 absque
650 2175 924 2230 Hebraicac
949 2176 1142 2245 lingua:
1167 2176 1354 2231 notitia
1391 2174 1590 2230 frustra
1619 2176 1861 2230 consumi
1890 2176 1974 2229 in-

421 2265 734 2329 tellexisset,
772 2267 824 2320 id
852 2281 1064 2335 quoque
1103 2276 1481 2322 ornamentum
1519 2266 1584 2321 ad
1618 2266 1850 2336 reliquas
1881 2267 1975 2321 doc

418 2356 608 2410 ctrinte
636 2371 746 2411 sua:
787 2357 967 2412 laudes
989 2357 1251 2427 adjunxit.
1291 2355 1524 2412 Joannes
1561 2355 1889 2411 Tritbemius
1920 2360 1974 2411 in

416 2449 554 2504 libro
590 2449 663 2503 De
705 2449 1044 2518 scriptoribus
1085 2449 1447 2504 ecclesiasticis
1483 2465 1569 2504 res
1603 2447 1852 2518 Origenis
1881 2448 1973 2503 lit-

416 2541 544 2595 teris
576 2553 926 2608 prosequens,
951 2540 1124 2609 ipsum
1157 2541 1233 2594 ait
1259 2541 1375 2610 jam
1401 2557 1573 2594 senem
1619 2551 1800 2593 contra
1823 2557 1972 2594 suam

412 2641 620 2684 artatem
677 2629 910 2699 linguam
984 2629 1300 2684 Hebraicam
1371 2630 1636 2684 didicisse.
1688 2631 1972 2698 Perperam

414 2735 610 2791 nempe
672 2721 878 2790 accepit
932 2721 1034 2775 ista
1086 2720 1398 2792 Hieronymi
1440 2720 1549 2791 (55)
1597 2738 1610 2774 :
1656 2719 1882 2774 Tantum
1917 2723 1974 2776 in

415 2813 703 2882 Scripturis
749 2814 938 2866 divinis
967 2814 1146 2867 habuit
1180 2814 1361 2878 studii,
1392 2825 1448 2867 ut
1497 2815 1655 2867 etiam
1699 2815 1971 2868 llebrwam

409 2905 646 2974 linguam
699 2915 884 2958 contra
915 2905 1084 2959 wtatis
1135 2905 1400 2975 gentisque
1443 2922 1552 2961 sua:
1586 2917 1831 2960 naturam
1862 2908 1974 2961 edi-

408 3008 590 3054 sceret.
646 2997 777 3065 Qute
842 3000 924 3054 sic
985 2999 1250 3070 intelligo,
1319 2999 1428 3067 jam
1496 3001 1703 3055 virilem
1759 3011 1972 3056 aetatem

2011 1784 2052 1837 Β

2091 541 2242 596 Unde
2281 541 2428 596 fraus
2469 541 2646 596 Suidte
2675 558 2738 596 ac
2766 541 3316 613 Magdeburgensibus
3343 549 3503 604 facta.

2156 627 2243 682 IV.
2275 629 2388 700 (56)
2419 629 2550 682 Erat
2580 644 2678 698 per
2711 629 2762 683 id
2797 638 3004 698 tempus
3031 630 3376 690 Alexandriae
3418 635 3501 688 vir
3535 637 3652 706 opi-

2086 719 2188 773 bus
2216 735 2280 774 ac
2312 720 2575 790 dignitate
2604 719 2820 786 ﬂorens,
2855 721 3072 790 ingenio
3099 725 3261 778 etiam
3292 735 3566 794 spectatus
3595 737 3651 782 et

2087 809 2357 864 doctrina.
2391 808 2543 864 Hunc
2572 807 2843 862 Valentini
2872 824 3078 873 errore,
3109 813 3200 881 qui
3231 822 3357 869 tunc
3388 814 3440 868 in
3475 815 3647 888 .lEgy-

2083 906 2175 965 pto
2198 898 2435 967 vigebat,
2464 897 2756 952 Marcionis
2786 897 2878 951 alii
2905 937 2921 965 ,
2949 899 3265 967 implicitum
3298 901 3466 960 fuisse
3511 908 3649 961 scri-

2083 995 2238 1050 bunt.
2268 995 2562 1050 Commode
2591 996 2808 1064 utrique
2841 1014 2854 1051 :
2890 999 3120 1053 maxima
3152 1002 3413 1070 siquidem
3449 1007 3647 1061 utrius-

2083 1101 2190 1155 que
2225 1087 2490 1141 baareseos
2520 1087 2754 1142 aliinitas
2781 1086 2919 1152 fuit,
2951 1088 3367 1161 dogmatumque
3415 1110 3646 1150 conseno

2083 1191 2198 1230 sus.
2237 1175 2597 1231 Sabellianum
2630 1176 2797 1232 fuisse
2824 1178 3042 1246 quidam
3077 1181 3236 1235 etiam
3263 1185 3641 1254 prodiderunt,

2083 1264 2187 1320 hoc
2218 1274 2300 1320 est
2326 1262 2644 1319 Noetianum
2676 1286 2689 1318 :
2727 1265 2998 1322 Sabellius
3047 1270 3243 1339 quippe
3289 1275 3469 1327 statim
3521 1286 3644 1345 post

2083 1354 2328 1427 Origenis
2353 1357 2558 1411 obitum
2589 1356 2743 1412 Nocti
2771 1361 3122 1428 prmceptoris
3165 1362 3248 1416 sui
3288 1364 3640 1421 deliramenta

2082 1449 2381 1503 renovavit.
2413 1449 2617 1504 Crebro
2647 1450 2712 1503 ad
2753 1449 3041 1518 Origenem
3075 1455 3371 1510 ventitabat
3410 1460 3639 1513 Ambro-

2081 1539 2192 1594 sius
2229 1554 2351 1593 cum
2395 1539 2515 1594 aliis
2561 1540 2757 1608 partim
2793 1540 3094 1607 haereticis,
3154 1547 3351 1612 partim
3407 1549 3642 1603 ethnicis

2079 1630 2428 1698 philosophis,
2463 1631 2552 1699 qui
2585 1631 2684 1684 viri
2716 1631 2937 1686 nomine
2968 1647 3031 1688 ac
3060 1634 3304 1690 doctrina
3355 1638 3639 1706 pertrahe-

2082 1724 2297 1778 bantur.
2331 1722 2463 1778 Nam
2493 1739 2671 1778 rerum
2699 1725 3002 1780 divinarum
3037 1729 3375 1785 documentis
3406 1733 3642 1800 philoso-

2081 1814 2219 1884 phite
2279 1828 2532 1882 quoque,
2588 1815 3086 1870 mathematicorum
3160 1829 3215 1874 et
3281 1821 3638 1878 humanarum

2081 1906 2486 1976 disciplinarum
2540 1915 2803 1976 praecepta
2837 1922 3129 1978 aspergens
3156 1950 3171 1975 ,
3213 1913 3486 1968 auditores
3515 1930 3641 1970 eru-

2083 1998 2263 2053 diebat
2320 2013 2419 2068 pro
2463 1998 2885 2068 uniuscujusque
2928 2009 3081 2068 captu
3136 2021 3149 2056 :
3200 2018 3299 2058 nec
3341 2021 3526 2073 parum
3572 2009 3639 2063 iis

2078 2088 2341 2143 doctrinis
2371 2087 2549 2143 inesse
2575 2091 2838 2144 censebat
2867 2092 2934 2146 ad
2966 2106 3124 2146 sacra
3159 2097 3504 2164 percipienda
3537 2101 3636 2153 ad-

2072 2165 2328 2235 iumenti.
2359 2179 2633 2234 Adversus
2660 2182 2803 2236 hunc
2838 2181 2910 2235 ita
2937 2181 3157 2239 affectus
3189 2197 3272 2242 est
3300 2190 3632 2260 Ambrosius,

2075 2279 2136 2324 ut
2165 2269 2388 2339 ejuratis
2420 2273 2697 2326 erroribus
2728 2275 2932 2329 saniori
2967 2275 3212 2332 doctrina
3248 2279 3634 2336 instituendum

2074 2362 2121 2415 ei
2151 2377 2210 2416 se
2246 2362 2500 2429 traderet,
2537 2364 2602 2416 ad
2633 2365 2858 2435 ejusque
2891 2368 3207 2423 societatem
3257 2385 3376 2427 sese
3417 2376 3630 2440 penitus

2075 2451 2388 2520 applicaret.
2452 2453 2601 2508 Tunc
2658 2454 2952 2524 imperasse
3001 2457 3336 2514 Caracallam
3386 2465 3635 2533 agnoscit

2075 2538 2334 2596 Baronius
2363 2541 2498 2612 (57),
2527 2559 2651 2597 cum
2683 2546 2748 2599 ad
2781 2543 2986 2601 Christi
3028 2550 3182 2604 tidem
3225 2567 3518 2608 conversus
3551 2566 3634 2610 est

2074 2631 2410 2686 Ambrosius.
2457 2633 2598 2688 ldem
2651 2643 2831 2690 tamen
2863 2637 3150 2708 Origenem
3200 2640 3368 2695 Roma
3394 2645 3632 2699 Alexan-

2074 2720 2244 2776 driam
2293 2722 2518 2778 rediisse
2560 2724 2718 2780 docet
2761 2729 3048 2796 postremis
3101 2730 3389 2803 Zephyrini
3426 2743 3633 2804 tempo-

2074 2813 2265 2880 ribus,
2304 2831 2494 2870 recens
2551 2819 2745 2888 adepto
2800 2822 3085 2891 imperium
3138 2824 3422 2893 Elagabalo
3457 2843 3469 2876 :
3508 2845 3628 2882 cum

2072 2904 2348 2961 Ambrosii
2397 2911 2807 2965 conversionem
2862 2915 3203 2982 praecesserit
3241 2916 3352 2972 haec
3382 2917 3629 2989 Origenie

2072 2997 2286 3052 reditio.
2327 2997 2492 3055 Plane
2518 3013 2616 3054 suo
2644 3002 2745 3056 sibi
2779 3003 2956 3070 gladio
2979 3003 3276 3076 jugulatur.

409 3092 660 3160 adeptum
691 3092 1090 3158 Adamantium,
1111 3107 1230 3161 qua:
1250 3101 1382 3146 mtas
1403 3093 1784 3164 grammaticas
1809 3095 1970 3150 tricas
1996 3111 2038 3170 α
2142 3085 2209 3143 V.
2253 3086 2446 3142 Iisdem
2495 3088 2611 3143 fere
2665 3094 2996 3162 temporibus
3044 3095 3327 3150 militarem
3352 3078 3624 3152 hominem

409 3197 475 3237 ac
507 3183 829 3252 quisquilias
871 3183 1152 3252 aspernari
1183 3182 1340 3249 solet,
1391 3194 1444 3239 et
1506 3185 1840 3252 gravioribus
1861 3196 1970 3240 stu-

407 3273 510 3329 diis
539 3273 815 3340 delectari,
838 3287 903 3328 eo
919 3283 1094 3328 tamen
1117 3273 1397 3330 demisisse
1420 3276 1680 3338 animum,
1699 3285 1755 3328 ut
1788 3276 1840 3329 in
1865 3275 1968 3332 hac

407 3376 526 3420 arte
566 3379 623 3420 se
653 3374 952 3421 exerceret.
983 3363 1138 3419 Nulla
1164 3365 1273 3421 illic
1299 3367 1593 3421 senectutis
1621 3366 1961 3436 signiﬁcatio.

408 3456 892 3526 Magdeburgenses
922 3472 1070 3520 vero,
1111 3467 1256 3512 cent.
1299 3459 1354 3522 3,
1381 3472 1498 3527 cap.
1539 3457 1626 3521 10,
1659 3459 1796 3512 idem
1834 3474 1963 3512 nar-

404 3558 525 3602 rant
554 3548 637 3602 .his
665 3549 843 3603 verbis
875 3564 889 3601 :
922 3547 1012 3602 lla
1039 3549 1198 3618 igitur
1227 3550 1319 3602 otii
1341 3549 1720 3619 aliquantulum
1757 3559 1960 3614 nactus,

403 3643 469 3690 ad
486 3639 784 3692 discendam
812 3637 1042 3708 linguam
1071 3637 1369 3704 Hebraeum,
1393 3656 1502 3693 sure
1533 3639 1726 3708 alioqui
1756 3649 1962 3693 natura:

400 3730 690 3792 adversam,
716 3739 773 3781 ut
813 3728 1009 3784 Suidas
1035 3729 1133 3795 ait,
1159 3731 1396 3782 animum
1440 3731 1651 3794 adiecit.
1685 3730 1815 3796 Qua:
1853 3731 1964 3785 illic

403 3823 562 3876 habet
600 3821 829 3886 Suidas,
871 3835 901 3874 e
950 3819 1134 3874 Grteca
1190 3820 1462 3874 transtulit
1515 3821 1961 3890 interpretatione

401 3911 804 3982 Hicronymiani
846 3912 1024 3980 aperis
1072 3910 1148 3964 De
1189 3911 1528 3979 scriptoribus
1568 3910 1955 3980 ecclesiasticis,

400 4003 488 4058 ubi
535 4003 782 4071 proxime
814 4003 1042 4058 adducta
1092 4002 1404 4072 Hieronymi
1433 4002 1597 4056 verba
1635 4002 1714 4056 sic
1748 4004 1958 4058 reddita

397 4106 522 4151 sunt
547 4115 559 4150 :
582 4097 740 4149 Ὥστε
759 4096 852 4149 καὶ
866 4097 964 4168 τὴν
1001 4094 1092 4148 Ἑὸ
1100 4093 1290 4166 ραῖκὴν
1303 4091 1531 4157 διάλεξιν
1545 4093 1958 4164 ἐναντιουμένην

393 4191 460 4258 τῇ
494 4206 551 4241 τε
588 4189 789 4260 ἡλικίᾳ,
821 4190 913 4242 καὶ
939 4192 1005 4259 τῇ
1048 4188 1222 4258 οἰκείᾳ
1270 4186 1427 4256 φύσει
1466 4184 1742 4255 ἐκμαθεῖν.
1804 4184 1955 4251 Quod

393 4275 464 4328 de
500 4276 884 4331 Alexandrinte
923 4277 1097 4346 gentis
1152 4285 1345 4330 natura
1391 4275 1526 4329 dixit
1571 4275 1952 4345 Hieronymus,

391 4380 512 4434 qua:
535 4367 686 4436 juxta
738 4365 1046 4421 Griecorum
1098 4367 1340 4422 omnium
1376 4366 1819 4421 consuetudinem
1855 4367 1954 4420 lin-

2069 3179 2449 3235 Alexandriam
2482 3181 2646 3236 mittit
2671 3183 2883 3238 Arabia:
2921 3199 3147 3254 praeses,
3181 3201 3303 3241 cum
3333 3187 3531 3244 litteris
3558 3192 3629 3244 ad

2067 3269 2400 3324 Demetrium
2431 3271 2738 3340 episcopum
2765 3314 2781 3338 ,
2821 3284 2878 3327 et
2919 3275 2984 3328 ad
3027 3273 3244 3345 .lEgypti
3290 3279 3624 3348 praelectum,

2067 3362 2262 3432 quibus
2289 3363 2638 3418 vehementer
2667 3364 2858 3420 orabat
2901 3365 3188 3436 Origenem
3239 3370 3306 3421 ad
3355 3384 3415 3424 se
3444 3370 3627 3425 conle-

2065 3454 2188 3507 stim
2228 3455 2546 3520 mitterent;
2601 3455 2738 3512 velle
2783 3472 2844 3512 se
2872 3459 2940 3512 de
2988 3457 3150 3514 rebus
3175 3459 3380 3515 divinis
3405 3478 3525 3516 cum
3561 3478 3627 3516 eo

2064 3548 2485 3611 communicare,
2539 3548 2760 3618 ejusque
2819 3550 3078 3605 doctrina:
3134 3552 3248 3607 fieri
3283 3555 3623 3624 participem.

2063 3635 2407 3704 Equissimte
2433 3637 2781 3706 postulationi
2823 3641 3012 3694 annuit
3044 3651 3294 3711 uterque.
3328 3644 3624 3714 Ablegatus

2063 3728 2130 3781 ad
2162 3743 2284 3782 eum
2315 3729 2571 3783 continuo
2596 3727 2878 3797 Origenes,
2911 3741 2964 3784 et
2989 3746 3047 3784 re
3073 3730 3304 3786 feliciter
3333 3736 3619 3804 explicata,

2060 3817 2444 3872 Alexandriam
2476 3819 2593 3874 sine
2621 3835 2769 3872 mora
2804 3835 3055 3876 reversus
3098 3831 3203 3876 est.
3241 3822 3393 3887 Quod
3441 3837 3621 3879 autem

2061 3908 2254 3962 asserit
2311 3907 2610 3972 Halloxius,
2672 3908 2896 3964 minime
2952 3909 3176 3965 dubium
3231 3927 3350 3967 esse
3388 3917 3514 3982 quin
3553 3919 3620 3970 ad

2059 4001 2381 4056 audiendum
2429 4001 2769 4072 Hippolytum
2824 4004 2878 4059 in
2930 4005 3155 4058 ecclesia
3180 4006 3408 4074 quadam
3451 4008 3616 4062 verba

2058 4091 2342 4148 facientem
2363 4107 2460 4161 per
2481 4092 2533 4145 id
2555 4101 2764 4161 tempus
2790 4091 3056 4148 accedens
3075 4092 3352 4164 Origenes,
3378 4096 3622 4164 designa-
3665 4144 3670 4149 .

2057 4192 2144 4239 tus
2172 4184 2240 4239 ab
2268 4200 2352 4249 eo,
2379 4195 2433 4240 et
2461 4184 2684 4239 honoris
2713 4186 2888 4254 gratia
2928 4187 3230 4240 astantibus
3261 4187 3422 4241 fuerit
3461 4204 3616 4242 mon-

2056 4285 2285 4344 stratus,
2336 4285 2393 4329 ut
2437 4276 2632 4330 factum
2683 4274 2849 4331 refert
2909 4276 3266 4346 Hieronymus
3343 4279 3466 4333 libr.
3541 4279 3617 4334 De

2055 4368 2236 4434 script.
2263 4367 2444 4436 eqcles.
2482 4369 2532 4420 in
2559 4367 2879 4439 Hippolyto,
2916 4369 3116 4436 indiget
3159 4370 3208 4423 id
3238 4371 3453 4439 quidem
3489 4386 3616 4440 pro-

391 4474 615 4525 guarum
654 4461 989 4515 exoticarum
1044 4460 1293 4515 notitiam
1342 4460 1745 4524 contemnebat,
1795 4461 1848 4514 id
1882 4462 1948 4516 ad
1982 4457 2025 4512 D
2054 4463 2271 4516 batione
2303 4475 2316 4511 :
2354 4459 2466 4530 (58)
2499 4475 2620 4514 cum
2663 4462 2804 4515 enim
2830 4476 2894 4514 ex
2923 4463 3120 4516 Arabia
3155 4463 3446 4516 excesserit
3490 4463 3616 4531 Hip-

461 4571 574 4642 (54)
601 4574 818 4636 Euseb.,
847 4573 986 4627 Hist.
1018 4573 1165 4637 ercl.,
1191 4574 1282 4626 lib.
1303 4589 1376 4632 vr,
1409 4589 1524 4643 t-ap.
1552 4573 1734 4628 14-16.

484 4645 573 4702 35)
605 4645 846 4707 Hieron.,
881 4645 973 4696 lib.
1023 4643 1098 4696 De
1120 4643 1492 4706 script.eccles.

484 4647 573 4702 35)
605 4647 846 4707 Hieron.,
881 4647 973 4696 lib.
1023 4647 1098 4696 De
1120 4647 1492 4706 script.eccles.

459 4647 570 4782 2'56)
607 4715 824 4775 Euseb,
865 4713 1005 4766 Hist.
1044 4716 1192 4770 εδει..
1227 4713 1316 4765 lib.
1349 4729 1418 4772 vt,
1447 4728 1569 4782 cap.
1599 4711 1688 4776 18,
1721 4713 1809 4768 l9.

459 4785 569 4852 (57)
595 4783 789 4836 Baron.
824 4787 886 4834 ad
923 4800 1010 4836 an.
1039 4786 1166 4844 2:20,
1198 4799 1346 4836 num.
1375 4784 1407 4834 6
1438 4791 1490 4834 et
1524 4781 1606 4834 1'2.

457 4851 726 4922 (738)7Cum
759 4854 898 4906 enim
940 4869 1002 4906 ea:
1037 4853 1235 4905 Arabia
1275 4853 1548 4904 excesserit
1603 4851 1940 4921 Hippolytus,

383 4934 435 4980 et
468 4925 523 4976 in
561 4921 725 4976 Italia
747 4925 953 4976 demum
986 4924 1294 4991 martyrium
1313 4922 1526 4991 abierit,
1554 4931 1672 4991 etc.
1694 4923 1947 4991 §eqttitor

384 4994 608 5049 Huetius
639 4991 929 5045 Baronium
961 4993 1050 5059 qui
1085 4989 1150 5045 ad
1186 5006 1384 5044 annum
1414 4990 1611 5044 Christi
1651 4989 1756 5042 229
1795 5001 1946 5058 putat

383 5078 635 5132 magnum
666 5061 1006 5131 Hippolytum
1033 5061 1099 5113 de
1127 5077 1230 5128 quo
1264 5061 1352 5114 hic
1387 5060 1594 5132 agitur,
1630 5074 1696 5112 ex
1731 5059 1930 5132 Arabia

379 5129 696 5194 excessisse,
738 5129 974 5184 Romam
1019 5132 1250 5195 venisse,
1297 5139 1350 5183 et
1393 5147 1423 5182 a
1462 5129 1670 5182 Calixto
1695 5144 1827 5198 papa
1863 5131 1928 5182 ad

379 5205 746 5272 episcopatum
800 5202 1147 5272 Portuensem
1201 5211 1443 5272 evectum
1481 5199 1690 5272 fuisse,
1749 5199 1930 5272 ibique

380 5267 702 5340 martyrium
750 5271 968 5325 obiisse.
1033 5271 1230 5340 verum
1279 5269 1432 5336 cujus
1481 5267 1581 5340 loci
1612 5267 1926 5340 Hippolytus

380 5338 544 5396 fuerit.
590 5343 878 5409 episc0pus
934 5355 1031 5394 nec
1082 5339 1438 5406 Hieronymus
1491 5338 1668 5409 scivit,
1704 5348 1760 5390 ut
1813 5340 1926 5403 ipse

378 5406 638 5480 agttoscit'
670 5413 732 5480 in
782 5406 1041 5480 Catalogo
1099 5409 1407 5480 scriptorum
1449 5406 1933 5480 ecclesiasticarum,

378 5474 499 5549 cap.
536 5481 623 5533 6|.
654 5479 899 5549 Gelasitts
932 5474 1024 5532 lib.
1062 5493 1078 5531 ι
1125 5474 1310 5549 contra
1342 5474 1615 5544 Eutychen
1633 5476 1937 5549 ,_Hippoly-

379 5545 491 5603 tum
540 5560 698 5603 vocat
752 5548 990 5602 Arabum
1035 5545 1528 5615 metropolitanum.
1563 5545 1932 5615 AtEusebius,

379 5619 474 5671 lib.
517 5635 569 5672 vr
606 5619 746 5672 llist.
773 5620 1067 5686 eccl.,cap.
1091 5614 1220 5678 20,7
1244 5614 1402 5686 simul
1446 5615 1514 5686 de
1556 5614 1842 5686 Hippolyto
1880 5625 1935 5669 et

378 5690 445 5742 de
473 5688 680 5758 Beryllo
706 5684 1027 5741 Bostrorum
1069 5687 1320 5753 episcopo
1354 5684 1618 5758 loquitur.
1677 5684 1933 5758 BoStreiia

380 5760 508 5813 urbs
540 5753 749 5813 Arabiae
787 5772 910 5812 tunc
946 5769 1061 5810 erat
1109 5753 1438 5822 metropolis.
1491 5753 1627 5823 Ergo
1658 5769 1778 5808 cum
1815 5754 1929 5821 epi-

2059 4588 2278 4643 scopum
2306 4573 2550 4627 habuerit
2574 4573 2860 4642 Beryllum,
2887 4575 2986 4627 alia
3011 4575 3291 4643 quaerenda
3319 4571 3613 4642 estHippo-

2051 4646 2160 4714 lyto
2187 4644 2496 4711 metropolis
2519 4659 2677 4714 quam
2732 4659 2828 4714 nec
2871 4643 3226 4714 Hieronymus
3281 4646 3466 4706 novit,
3514 4660 3612 4699 nec

2050 4713 2335 4774 Eusebius,
2373 4729 2542 4781 neque
2579 4713 2967 4767 Tbeodoretus.
3015 4713 3143 4779 Qum
3193 4730 3312 4766 cum
3373 4715 3441 4766 ita
3480 4717 3608 4779 sint,

2048 4800 2233 4852 arquos
2265 4798 2441 4835 rerum
2477 4783 2774 4835 aestimator
2817 4782 3025 4852 judicet
3067 4800 3310 4851 qutcnam
3361 4782 3608 4837 habenda

2049 4851 2272 4908 sitlides
2324 4851 2712 4921 recentioribus
2756 4851 3149 4921 scriptoribus,
3205 4852 3436 4920 Georgio
3481 4865 3606 4919 puta

2049 4922 2296 4992 Syncello
2321 4921 2371 4973 in
2405 4920 2680 4992 Chronico,
2724 4920 3024 4992 Nicephorp
3070 4923 3292 4992 Callisto
3323 4961 3339 4984 ,
3381 4921 3610 4992 Zonara:

2051 4989 2105 5044 et
2148 4992 2429 5044 Anastasio
2454 4989 2866 5045 Bibliothecario
2890 4993 2941 5043 in
2970 4989 3330 5060 Collectaneis,
3355 4993 3444 5058 qui
3476 4990 3605 5060 Ilip-

2049 5061 2284 5130 polytmn
2306 5061 2656 5130 Portuensem
2675 5061 2983 5129 episcopum
3003 5059 3169 5114 fuisse
3187 5061 3446 5113 scribunt.
3467 5059 3607 5127 Quid

2038 5129 2166 5184 item
2193 5131 2279 5182 ﬁet
2304 5133 2369 5183 de
2391 5132 2445 5183 ὃ.
2469 5129 2740 5183 Germano
2759 5130 3346 5197 Constantinopolitano
3378 5133 3608 5185 mentio-

2036 5215 2157 5254 nem
2180 5201 2408 5253 faciente
2423 5199 2694 5268 Hippolyti
2710 5201 2771 5251 de
2790 5199 2952 5252 Roma
2973 5200 2998 5252 .9
3016 5199 3150 5264 Quid
3176 5201 3240 5253 de
3263 5199 3486 5252 Leontio
3506 5202 3606 5268 By-

2034 5270 2213 5322 zantio
2237 5284 2327 5338 qut
2356 5279 2485 5322 tom.
2510 5267 2844 5320 X‘lBiblioth.
2865 5268 3042 5330 Patr.,
3064 5284 3182 5337 pag.
3212 5269 3337 5331 505,
3357 5267 3602 5338 sanctum

2032 5336 2358 5409 Clementem
2409 5345 2464 5391 et
2520 5338 2858 5409 Hippolytum
2919 5336 3200 5409 episcopos
3253 5338 3350 5407 τῆς
3386 5336 3603 5409 Ῥώμης

2039 5408 2231 5461 vocat?
2265 5408 2422 5461 Certe
2450 5409 2638 5459 horum
2665 5408 2905 5459 omnimn
2931 5421 3083 5460 error
3116 5407 3238 5460 inde
3265 5419 3423 5460 natus
3459 5407 3604 5461 vide-

2040 5487 2146 5541 tur,
2181 5476 2320 5545 quod
2353 5490 2604 5543 magnum
2645 5474 2993 5542 Hippolytum
3029 5477 3338 5545 episcOpum
3370 5487 3425 5530 et
3457 5493 3600 5528 inar-

2038 5543 2210 5616 lyretti
2230 5585 2243 5609 ,
2280 5546 2357 5616 de
2390 5559 2493 5616 quo
2522 5545 2808 5609 Eusebius,
2833 5615 2837 5616 γ
2861 5543 3226 5616 Ηίειᾭειγιιιιρς
3253 5543 3600 5616 ‘éthheodo-

2038 5613 2208 5678 retiis,
2235 5613 2566 5668 confundunt
2619 5629 2740 5666 cum
2795 5615 2966 5667 altero
2996 5614 3280 5682 Hippolyto
3313 5615 3598 5668 Portuensi

2038 5699 2274 5757 martyre
2304 5687 2368 5740 de
2389 5698 2495 5749 quo
2523 5683 2844 5738 Prudentius
2875 5684 2945 5736 De
2971 5687 3268 5749 martyrib.,
3302 5686 3482 5753 bymn.
3512 5683 3597 5737 Η.
