4162 6386
515 326 621 380 655

1773 317 1832 370 P.
1876 316 2192 373 DAMELIS
2227 317 2460 375 HUETII

3656 325 3762 381 656

517 449 751 514 polytus,
782 451 837 497 et
861 442 913 496 in
947 439 1096 494 Italia
1125 439 1341 494 demum
1372 437 1688 508 martyrium
1717 438 2092 499 obierit,huic
2121 441 2164 498 A
2193 455 2286 496 sas
2347 441 2483 496 bello
2510 481 2526 506 ,
2582 439 2925 496 Antiochiam
2978 441 3129 496 venit
3173 440 3482 498 Alexander
3525 442 3761 500 Severus

519 537 649 593 alibi
678 537 878 605 passim
910 545 1200 588 occurrere
1234 531 1413 603 potuit
1446 529 1709 600 Origenes
1731 569 1747 596 ,
1783 542 1836 586 et
1867 534 2087 588 concio—

517 627 722 682 cinanti
755 626 966 678 adesse.

590 716 680 771 Vi.
711 717 826 771 Non
860 713 1030 768 multo
1061 721 1182 781 post
1211 711 1538 767 Alexandria
1564 712 1702 779 clam
1743 713 1898 777 exiit,
1935 729 2085 769 arma

516 811 682 877 Impia
739 805 1034 862 Caracallze
1098 805 1342 874 fugiens,
1396 804 1593 872 quibus
1662 802 2086 860 funestissimam

519 897 905 955 Alexandrinis
979 897 1184 951 cladem
1258 895 1460 951 intulit.
1518 896 1709 951 Annus
1770 898 2089 952 trahebatur

519 991 719 1046 Christi
746 989 873 1053 215,
901 987 1196 1044 Caracallaa
1229 988 1453 1057 quintus
1475 1027 1490 1052 ,
1525 990 1700 1044 aetatis
1729 989 1952 1044 circiter
1985 990 2084 1044 tri-

517 1086 776 1140 cesimum
827 1092 1020 1152 agente
1051 1077 1306 1148 Origene.
1341 1079 1576 1135 Secessit
1625 1082 1715 1135 ille
1751 1081 1802 1134 in
1845 1079 2088 1136 Palmsti-

517 1191 664 1238 nam,
706 1184 761 1228 ct
806 1173 1067 1227 Caesareae
1093 1171 1278 1224 sedem
1335 1171 1514 1240 posuit
1544 1189 1557 1225 :
1600 1173 1686 1227 ubi
1722 1183 1901 1227 tantus
1933 1173 1981 1225 ei
2018 1173 2086 1226 ab

516 1267 784 1337 episcopis
807 1265 978 1319 honos
1005 1261 1222 1317 habitus
1244 1269 1348 1325 est,
1375 1272 1433 1315 ut
1458 1263 1696 1316 nondum
1721 1263 1845 1318 licet
1865 1262 2087 1332 presby-

519 1369 658 1421 tero,
712 1357 808 1410 sed
867 1355 1007 1408 laico
1060 1352 1225 1406 etiam
1287 1361 1400 1406 tum
1456 1354 1759 1408 deferretur
1813 1354 2082 1423 negotium

515 1448 813 1516 Scriptura:
843 1445 1058 1515 publice
1094 1445 1148 1498 in
1173 1443 1404 1499 ecclesia
1425 1445 1805 1513 explananda,
1839 1461 2082 1515 praesen-

516 1541 656 1595 tibus
694 1538 984 1609 episcopis.
1019 1535 1189 1605 Egre
1223 1535 1344 1590 tulit
1369 1535 1695 1603 Demetrius,
1728 1547 1783 1592 et
1826 1546 2082 1606 tanquam

513 1645 712 1704 prater
767 1633 849 1686 fas
905 1632 972 1685 ab
1022 1629 1293 1699 episcopis
1341 1639 1395 1682 et
1446 1628 1682 1695 Origene
1759 1637 2083 1684 attentatum

515 1725 732 1793 scriptis
762 1723 824 1778 ad
857 1739 950 1778 eos
982 1721 1225 1790 epistolis
1255 1721 1549 1774 damnavit.
1580 1719 1804 1774 Factum
1854 1719 2082 1774 rationi.

517 1821 642 1881 bus,
675 1819 1011 1885 aliorumque
1036 1815 1415 1885 episcoporum
1446 1814 1768 1868 auctoritate
1797 1822 1855 1866 et
1892 1827 2083 1867 exem-

515 1910 606 1980 plo
632 1917 965 1963 excusarunt
1004 1905 1353 1960 Theoctistus
1398 1903 1827 1975 (Thcotechnum
1857 1903 2084 1959 Photius

516 2001 771 2072 appellat,
802 2000 924 2056 cod.
959 1996 1061 2051 H8
1088 2006 1142 2052 et
1176 1997 1298 2065 152)
1327 1996 1588 2052 Caesarea:
1645 1996 1930 2064 episcopus
1952 2035 1967 2059 ,
2006 1993 2084 2050 le-

516 2094 804 2164 rcsolyma:
832 2091 1160 2147 Alexander.
1194 2091 1306 2145 Nec
1335 2089 1409 2142 ita
1442 2098 1622 2142 tamen
1658 2087 1942 2156 placarent
1977 2089 2084 2143 De-

517 2184 776 2239 metrium
797 2223 814 2248 ,
854 2192 916 2236 ut
947 2198 1054 2237 non
1082 2180 1372 2252 Origenem
1403 2193 1499 2247 per
1527 2177 1758 2241 litteras,
1780 2177 2086 2246 missosque

515 2276 778 2330 diaconos
806 2281 1118 2328 revocaret.
1156 2268 1342 2324 Paruit
1367 2268 1456 2322 ille
1479 2267 1780 2331 mandatis,
1819 2277 1870 2322 et
1901 2282 2086 2322 rever-

515 2383 608 2422 sus
660 2367 712 2420 in
777 2366 1010 2435 patriam
1076 2373 1338 2418 consueto
1392 2377 1514 2416 sese
1563 2359 1776 2414 muneri
1825 2359 2082 2416 restituit.

518 2458 839 2529 Castiganda
886 2457 975 2511 hic
1033 2454 1292 2522 lialloxii,
1349 2453 1690 2521 aliorumque
1725 2451 2083 2521 indiligentia,

517 2549 606 2618 qui
641 2548 792 2619 prius
818 2547 924 2602 hoc
953 2545 1204 2614 Origenis
1233 2544 1285 2598 in
1323 2541 1668 2597 Palaestinam
1702 2541 1807 2594 iter
1829 2539 2088 2594 confude-

514 2649 644 2696 runt
673 2655 798 2694 cum
839 2636 1010 2691 altero
1039 2634 1199 2706 paulo
1230 2642 1353 2703 post
1383 2647 1412 2686 a
1459 2633 1616 2686 nobis
1651 2634 1920 2686 narrando
1945 2631 2089 2701 quod

517 2733 586 2787 ad
617 2729 836 2787 Achaia:
870 2728 1160 2799 episcOpos
1193 2725 1540 2796 proficiscens
1578 2738 1674 2792 per
1721 2738 1782 2778 ea
1831 2722 1945 2777 loca
1988 2723 2087 2776 ha-

515 2823 632 2877 buit
663 2840 678 2876 :
710 2831 996 2890 utramque
1027 2819 1172 2872 enim
1201 2816 1592 2888 profectionem
1634 2822 1795 2869 caute
1840 2811 2090 2868 distinxit

517 2913 805 2979 Eusebius,
836 2910 1185 2980 prioremque
1218 2916 1344 2962 ante
1375 2904 1671 2962 Caracallae
1708 2903 1990 2959 interitum
2021 2902 2090 2956 ab

515 3006 749 3076 Origene
797 3011 1103 3071 susceptam
1147 3007 1334 3054 narrat
1379 2997 1474 3052 lib.
1514 3012 1567 3051 vt
1610 2995 1776 3059 Hist.,
1844 3009 1965 3062 cap.
1999 2993 2086 3058 19,

514 3095 874 3166 posteriorem
906 3092 1248 3163 temporibus
1278 3091 1347 3146 iis
1364 3091 1584 3158 deputat
1604 3128 1619 3152 ,
1653 3087 1846 3157 quibus
1882 3085 2089 3140 Phileto

515 3188 855 3242 Antiocheuo
905 3185 1164 3256 episcopo
1210 3181 1473 3238 successit
1503 3179 1766 3243 Zebinus;
1803 3179 1954 3232 locus
1994 3193 2090 3232 ex-

514 3289 625 3335 stat
674 3279 765 3334 lib.
802 3294 854 3331 νι
889 3277 1057 3343 Ηίιι..
1085 3292 1204 3347 cap.
1234 3276 1336 3342 ‘23;
1382 3276 1748 3344 episcopatum
1777 3280 1954 3324 autem
1983 3271 2088 3325 Ze-

514 3372 678 3426 binus
723 3370 845 3424 iniit
871 3369 972 3423 sub
1019 3369 1331 3422 Alexandro
1357 3367 1558 3420 Severo
1586 3405 1600 3427 .
1631 3375 1688 3418 ut
1717 3373 1799 3417 est
1831 3365 1882 3415 in
1921 3362 2090 3416 Euse-

514 3463 678 3517 biano
717 3460 1007 3516 Chronico.
1047 3458 1106 3513 Id
1129 3459 1278 3530 quod
1321 3457 1430 3514 alio
1490 3457 1604 3525 ipse
1650 3454 1770 3510 loco
1809 3451 2087 3509 Halloxius

520 3551 924 3608 animadvertit.

585 3644 696 3698 VII.
723 3643 837 3714 (59)
885 3642 1083 3696 Coerto
1122 3641 1327 3695 interea
1383 3638 1656 3694 Romanos
1691 3637 1834 3695 inter
1863 3646 1917 3694 et
1956 3635 2085 3693 Per-

591 3858 700 3931 (39)
725 3857 878 3931 An":
905 3853 1031 3931 39?:

591 3917 703 3998 (ωδ
724 3923 1120 3998 Εῡεεὺηῄηἱβι.
1156 3921 1307 3998 ccci”
1341 3921 1551 3998 lib.__vt,
1576 3934 1695 3998 cap.
1724 3917 1817 3970 2|.

587 3986 701 4077 (At),
733 3998 820 4077 At_
847 3986 996 4076 nobis
1033 3995 1205 4077 fovent
1256 3990 1469 4077 ἐξειρεὸἱὶ
1517 3986 2081 4077 νέπιλςγςξρμριλέξς.

516 4056 636 4125 Non
664 4056 948 4130 Eusebius,
978 4056 1074 4120 sed
1105 4065 1261 4117 divus
1287 4061 1648 4132 Hieronymus
1675 4059 1870 4132 bellum
1909 4056 2087 4132 [ferai-

514 4157 637 4196 cunt
689 4152 832 4192 anno
897 4125 1134 4189 secundo
1193 4125 1509 4186 Alexandri'
1554 4129 1848 4197 c0pulavit.
1891 4125 2086 4197 γει-ιη

515 4195 679 4272 enim,
722 4221 839 4278 qtae
867 4204 1213 4278 itt_Cht-onico
1243 4201 1544 4278 Eusebiano
1591 4195 1657 4252 de
1679 4199 1787 4278 hoc
1817 4195 1960 4278 bello
2003 4210 2088 4278 re:

514 4265 774 4342 citantur,
803 4277 858 4330 iu
889 4276 1078 4328 ultimo
1118 4273 1256 4326 libro
1289 4270 1574 4342 Eutropii,_
1600 4268 1690 4336 qui
1714 4276 1833 4336 post
1865 4265 2085 4342 Eusebii

515 4360 746 4404 mortem
762 4335 923 4400 suam
956 4344 1251 4399 Historiam
1285 4335 1524 4410 scripsit,
1552 4335 1832 4410 leguntur.
1862 4335 1939 4388 Ex
1979 4350 2087 4410 quo

515 4403 706 4489 iiquet,
751 4433 854 4470 non
887 4427 1093 4468 tantum
1117 4429 1179 4468 ea
1197 4413 1360 4489 verba
1396 4403 1639 4489 Eusebii
1665 4422 1770 4489 rion
1798 4419 1954 4485 esse;
1990 4403 2087 4489 sed

2189 533 2464 588 Mammaea
2520 544 2691 588 matre
2740 533 3058 599 comitatus,
3105 548 3226 604 quae
3288 545 3349 589 ut
3387 543 3510 591 erat
3540 537 3763 592 natione

2189 616 2345 695 Syra,
2375 634 2429 678 et
2454 640 2636 680 rerum
2677 622 3030 680 Judaicarum
3060 638 3126 681 ac
3172 625 3608 682 Christianarum
3661 627 3764 682 alio

2188 731 2346 785 quem
2374 723 2687 786 perceperat
2712 729 2867 771 usum
2894 754 2910 780 ,
2943 714 3228 787 Origenem
3273 717 3406 786 (ιο),
3437 717 3591 785 cujus
3635 727 3764 774 tunc

2187 809 2388 880 passim
2421 808 2794 865 celebrabatur
2825 824 3043 874 nomen,
3071 810 3238 864 misso
3260 809 3478 864 militari
3509 808 3764 866 satellitio

2188 902 2254 956 ad
2295 915 2414 957 sese
2456 901 2738 956 accersivit
2790 901 3133 972 exploranda!
3185 901 3418 956 hominis
3476 901 3762 967 doctrinae,

2187 993 2516 1064 maiorisque
2547 993 2747 1050 Christi
2781 995 2984 1050 notitiae
3015 994 3372 1064 adipiscenda:
3400 1010 3582 1050 causa.
3625 995 3762 1049 Mul-

2190 1087 2258 1139 tis
2296 1085 2434 1154 apud
2463 1085 2607 1138 illam
2640 1085 2707 1140 de
2737 1085 2845 1140 Deo
2900 1087 3241 1142 sermonibus
3293 1085 3512 1150 habitis,
3569 1096 3764 1141 exacto

2187 1172 2297 1227 illic
2329 1187 2432 1226 non
2462 1173 2674 1227 modico
2705 1180 2966 1241 tempore,
2994 1175 3063 1228 ad
3089 1173 3393 1229 intermissa
3420 1176 3594 1230 studia
3633 1177 3760 1231 Ale-

2186 1263 2466 1318 xandriam
2496 1262 2823 1332 properavit.
2880 1262 3032 1328 Hanc
3076 1261 3324 1334 Origenis
3368 1265 3762 1334 peregrinatio-

2186 1367 2310 1407 nem
2344 1353 2674 1421 temporibus
2715 1352 2820 1409 illis
2847 1355 3200 1425 conjungens,
3223 1355 3336 1409 scio
3364 1369 3450 1409 me
3478 1355 3764 1410 chronolo-

2185 1458 2374 1513 gorum
2401 1444 2606 1515 aliquot
2640 1445 2940 1500 rationibus
2976 1460 3274 1515 repugnare
3296 1484 3310 1506 .
3341 1447 3430 1515 qui
3464 1447 3530 1500 ad
3578 1457 3762 1501 extre-

2185 1550 2303 1591 mos
2329 1536 2618 1592 Alexandri
2651 1536 2838 1592 Severi
2871 1553 3041 1593 annos
3064 1538 3335 1594 Persicam
3363 1537 3761 1607 expeditionem

2185 1626 2452 1692 referunt,
2477 1643 2601 1683 cum
2630 1630 2797 1683 multo
2821 1638 2947 1683 ante
2993 1629 3198 1684 exitum
3242 1629 3537 1684 Alexandri
3589 1629 3765 1683 visere

2187 1719 2252 1772 ad
2280 1719 2612 1774 Mammas-am
2649 1719 2938 1788 Origenem
2969 1721 3133 1777 ivisse
3154 1731 3359 1775 certum
3408 1720 3498 1776 sit.
3533 1720 3645 1792 (Μ)
3694 1723 3765 1776 At

2188 1813 2339 1866 nobis
2387 1810 2566 1866 favent
2626 1810 2840 1866 Eusebii
2892 1811 3260 1883 ὲπιλογισμοί,
3311 1812 3509 1883 quibus
3556 1814 3608 1866 in
3663 1813 3767 1868 hac

2190 1905 2412 1958 historia
2453 1912 2718 1973 perpetuo
2756 1905 3091 1959 adhmremus
3127 1922 3140 1958 :
3179 1919 3300 1957 nam
3343 1903 3619 1960 Persicum
3652 1905 3765 1960 belo

2185 1991 2292 2045 lum
2321 1991 2559 2047 secundo
2590 1993 2885 2048 Alexandri
2913 2008 3057 2048 anno
3092 1993 3334 2060 assignat
3365 1993 3415 2048 iu
3471 1992 3762 2060 Chronico;

2185 2082 2237 2136 in
2303 2081 2544 2136 Historia
2605 2095 2786 2139 autem
2845 2083 2939 2138 lib.
3000 2099 3072 2146 vt.
3130 2099 3250 2154 cap.
3309 2083 3402 2149 2i,
3464 2094 3753 2154 postquam

2185 2175 2548 2230 Alexandrum
2613 2176 3014 2246 imperatoriam
3074 2177 3395 2247 dignitatem
3445 2187 3755 2232 assecutum

2185 2267 2507 2336 significavit
2530 2267 2662 2339 (Η),
2676 2265 2924 2338 Origenis
2942 2268 3160 2322 itionem
3189 2269 3255 2322 ad
3273 2267 3610 2323 Mammaaam
3631 2283 3764 2323 con-

2187 2360 2336 2414 tinuo
2366 2360 2642 2430 subjuuxit
2675 2374 2689 2412 :
2725 2359 3109 2414 Caesariensem
3139 2374 3269 2414 vero
3303 2358 3552 2430 Origenis
3583 2374 3761 2415 seces-

2188 2467 2334 2516 sum,
2366 2468 2526 2522 quem
2566 2452 2778 2508 decimo
2801 2451 3101 2507 Alexandri
3143 2466 3287 2505 anno
3332 2451 3629 2521 contigisse
3678 2454 3768 2506 do-

2187 2553 2294 2605 cet,
2321 2542 2478 2612 louge
2526 2541 2756 2597 inferius
2809 2542 3100 2596 recensuit.
3138 2539 3239 2606 Qui
3271 2555 3403 2595 vero
3433 2540 3630 2595 bellqu
3661 2541 3767 2596 hoc

2189 2635 2493 2704 rejecerunt
2554 2635 2607 2690 in
2663 2644 2963 2704 postremos
2999 2632 3293 2688 Alexandri
3348 2647 3556 2699 annos,
3607 2633 3755 2688 nullo

2187 2738 2411 2782 auctore
2441 2727 2727 2794 fecerunt;
2764 2741 2887 2780 nam
2915 2725 3006 2793 qui
3039 2725 3215 2779 aetatis
3260 2723 3404 2779 illius
3452 2739 3542 2779 res
3581 2734 3765 2795 gestas

2187 2819 2452 2889 complexi
2483 2828 2612 2875 sunt
2637 2817 2994 2882 Herodianus,
3040 2815 3289 2872 Zosimus
3310 2856 3325 2883 ,
3353 2816 3664 2889 Xipbilinus
3702 2825 3759 2872 et

2188 2907 2554 2976 Lampridius.
2591 2908 2704 2980 (45)
2753 2907 2991 2964 Persica:
3039 2907 3402 2975 expeditionis
3448 2908 3760 2978 neutiquam

2189 3009 2580 3069 expresserunt
2614 3008 2825 3070 tempus
2871 3016 2884 3052 :
2928 2998 3075 3054 solus
3110 2999 3238 3053 illud
3269 2999 3584 3054 adnotatum
3634 3001 3763 3055 reli-

2191 3090 2310 3160 quit
2336 3087 2632 3154 Eusebius,
2660 3104 2820 3158 quem
2849 3089 3152 3158 sequimur.
3195 3089 3293 3144 Sin
3321 3089 3434 3144 haec
3477 3101 3603 3144 ante
3628 3105 3760 3145 con-

2194 3179 2381 3250 tigisse
2418 3180 2757 3251 pertenderis
2787 3195 2949 3250 quam
2991 3179 3218 3234 Romam
3249 3180 3434 3235 ivisset
3461 3179 3763 3248 Mammma,

2195 3281 2256 3328 ut.
2304 3273 2420 3328 vult
2461 3273 2730 3328 Baronius
2779 3272 2846 3326 ad
2876 3288 2968 3326 an.
3007 3271 3135 3337 2‘20,
3167 3289 3315 3326 num.
3361 3273 3411 3337 6,
3441 3274 3760 3334 alterutrum

2195 3364 2338 3418 enim
2361 3364 2648 3419 dicendum
2674 3371 2777 3429 est,
2810 3377 2909 3418 nec
2940 3377 3060 3417 eam
3082 3364 3278 3434 quippe
3305 3363 3438 3419 alias
3466 3365 3764 3421 Antiochia

2193 3457 2362 3510 fuisse
2414 3464 2670 3525 apparet,
2727 3458 3054 3512 sententiam
3124 3454 3265 3511 hanc
3313 3471 3472 3527 supra
3522 3471 3554 3510 a
3611 3458 3766 3513 nobis

2193 3547 2447 3602 obtritam
2479 3547 2734 3614 reperies.

2263 3633 2396 3689 Vlll.
2420 3634 2534 3706 (M)
2561 3633 2828 3691 Caeterum
2854 3635 2978 3690 hinc
3003 3635 3337 3707 Scripturam
3369 3650 3582 3692 sacram
3613 3651 3762 3694 com-

2193 3846 2506 3916 dignitatem
2533 3857 2836 3900 assecutum
2862 3844 3179 3916 signiﬁcavit
3205 3883 3220 3909 ,
3253 3843 3496 3916 Drigenis
3547 3847 3762 3903 itionem

2193 3915 2262 3968 ad
2291 3915 2624 3970 Mamma'am
2653 3915 3244 3985 continuo’subjungere
3263 3955 3278 3978 ,
3306 3915 3463 3970 facile
3509 3917 3759 3982 solvitur,

2194 3988 2238 4039 si
2270 3986 2530 4039 Eusebius
2563 3987 2614 4039 id
2641 3987 2834 4041 fecisse
2861 3986 3105 4051 dicatur,
3135 4000 3239 4038 non
3276 3987 3416 4052 quod
3447 3989 3623 4054 primo
3663 4001 3759 4042 aut

2195 4057 2436 4111 secundo
2464 4055 2757 4110 Alexandri
2795 4056 3006 4124 imperii
3040 4071 3182 4110 anno
3227 4055 3477 4124 Origenis
3526 4056 3632 4111 iter
3691 4059 3760 4115 ad

2195 4124 2534 4178 Mammamm
2568 4125 2862 4194 contigisse
2903 4135 3146 4194 putaret,
3177 4128 3269 4180 sed
3324 4127 3467 4193 quod
3509 4143 3576 4180 ex
3609 4129 3762 4182 initio

2195 4196 2342 4248 illius
2372 4195 2580 4263 imperii
2605 4197 2822 4250 occasio
2862 4205 3178 4249 nasceretur
3204 4196 3453 4263 loquendi
3491 4197 3559 4250 de
3591 4197 3762 4251 Mam-

2194 4281 2327 4318 maea
2361 4275 2532 4318 matre
2579 4267 2719 4333 ejus.
2768 4267 2928 4320 Certe
2977 4277 3214 4318 nostram
3259 4266 3399 4319 hanc
3450 4267 3758 4334 Opinionem

2195 4337 2478 4407 conﬁrmat
2506 4337 2650 4404 quod
2685 4335 2878 4407 ibidem
2908 4334 2985 4387 ait
3019 4335 3283 4389 Eusebius
3308 4374 3323 4398 ,
3368 4351 3474 4404 quo
3515 4346 3758 4407 tempore

2195 4405 2499 4459 Alexander
2529 4405 2811 4476 imperium
2844 4415 3170 4473 capesseret,
3205 4414 3416 4458 mortuo
3456 4408 3597 4474 apud
3629 4405 3758 4460 ‘Au-

514 4465 1526 4556 e-t‘t'at‘ti'quzvn—cuuqueiexﬂEutropioiu
1551 4478 1647 4556 illo
1681 4465 1950 4556 Chronico
1980 4475 2090 4556 _lta_-
2121 4465 2168 4523 D
2199 4476 2479 4556 tiochiattL
2507 4465 2820 4556 ASc-lepiade
2840 4517 2878 4556 ,⁸
2905 4465 3021 4556 ejus
3087 4465 3456 4556 episcopatum
3491 4465 3759 4556 sortitum

515 4543 794 4620 bemurfa
831 4543 1312 4626 divo'llierouymo
1342 4543 1520 4626 addita
1548 4545 1734 4626 fuisse.
1765 4544 1951 4626 Neque
1972 4543 2094 4626 bel-

514 4628 625 4681 lum
655 4617 932 4681 Persicum
960 4640 1103 4678 auuo
1132 4617 1425 4674 Alexandri
1455 4617 1696 4671 secundo
1733 4617 1847 4684 geri
1895 4617 2091 4679 potuit,

515 4714 640 4752 cum
667 4694 1102 4766 quartoimperii
1128 4691 1242 4757 ejus
1269 4705 1411 4743 anno
1435 4689 1769 4766 Artaxerxes
1791 4724 1806 4743 .
1825 4699 1958 4766 eum
1989 4699 2096 4750 quo

519 4752 798 4820 dimicavit
861 4752 1206 4825 Alexander,
1250 4774 1482 4833 regnare
1527 4756 1775 4833 ceperit.
1824 4752 2095 4833 Eraaterea

517 4837 852 4890 Herodianus
877 4835 970 4887 lih.
996 4847 1068 4890 vr.
1088 4822 1207 4899 cap.
1236 4830 1290 4894 4,
1316 4822 1386 4883 Ile
1416 4822 1720 4901 Alexandro
1745 4825 1795 4877 in
1822 4822 2095 4901 orientem

518 4907 896 4972 proficiscente
922 4895 1170 4970 loquens'
1196 4901 1274 4952 ait
1297 4941 1312 4963 ,
1369 4899 1571 4951 nullum
1603 4896 1768 4972 fuisse
1800 4895 1912 4971 qui
1939 4895 2093 4946 siccis

517 4965 680 5029 oculis
706 4965 1362 5028 abeuntemAlexandrum
1396 4966 1689 5036 aspexerit,
1729 4965 1948 5036 imperio
1984 4974 2091 5014 tam

516 5048 710 5099 multos
744 5061 907 5097 annos
939 5041 1318 5111 modestissime
1351 5033 1741 5111 administrare.
1767 5033 1946 5111 Quare
2001 5047 2091 5085 ue-

518 5130 624 5183 que
661 5115 971 5168 Alexander
998 5111 1207 5183 imper_ii
1241 5109 1323 5183 sui
1355 5108 1513 5160 initio
1533 5103 1864 5183 cutnlfersis
1887 5117 2092 5183 pugna-

517 5174 619 5249 vit,
649 5198 825 5252 neque
854 5198 975 5236 cum
1028 5174 1096 5236 ad
1155 5179 1428 5252 Persicam
1480 5175 1876 5252 expeditionem
1927 5174 2090 5252 proli-

519 5244 816 5308 cisceret'ur
842 5253 1170 5316 Alexander,
1205 5249 1465 5317 Origenes
1487 5255 1572 5317 est
1610 5260 1639 5296 a
1695 5244 1971 5317 Maiumaaa
2031 5244 2087 5317 in

519 5322 798 5378 Orientem
845 5334 1086 5377 vocatus.
1145 5310 1222 5374 Ac
1263 5310 1487 5386 proinde
1550 5315 1664 5367 haec
1714 5313 1965 5379 Origenis
2023 5310 2090 5364 ad

519 5391 856 5446 Matnmasam
887 5391 1148 5461 profectio
1181 5387 1518 5461 assiguauda
1541 5394 1652 5461 est1
1678 5393 1737 5437 ut
1781 5392 1929 5436 recte
1953 5395 2089 5436 con-

517 5463 642 5530 jicit
671 5454 951 5525 liarOuius,
983 5463 1050 5514 ad
1085 5454 1520 5530 anttuut'Christi
1551 5454 1681 5516 218,
1711 5468 1821 5521 quo
1849 5463 2090 5530 tempore

520 5527 849 5600 Elagabalus
877 5537 1109 5600 primum
1139 5528 1348 5601 imperii
1387 5529 1672 5601 suiageus
1711 5536 1944 5587 annum,
1971 5527 2092 5601 post

519 5593 744 5655 Mtte-riui
773 5593 978 5654 cladem
1009 5593 1350 5653 Antiochiam
1377 5596 1522 5647 venit
1552 5593 1827 5645 Mammaea
1867 5593 2091 5644 comita-

521 5688 628 5726 tus.
671 5671 822 5736 Quod
862 5671 1050 5738 objicit
1101 5667 1331 5738 Huetius_
1357 5663 1666 5738 _Eusebium
1699 5663 1782 5738 _in
1839 5659 2091 5738 Historiae

520 5743 608 5796 lib.
639 5732 849 5808 γιξεαρ.
878 5732 966 5806 Ξῖ,
999 5749 1270 5808 postquam
1299 5735 1662 5789 Alexandrum
1693 5732 2086 5800 imperatoriam

2204 4544 2369 4599 fuisse
2421 4541 2690 4600 Philetqu
2735 4561 2748 4598 :
2791 4545 2880 4613 qui
2910 4553 3088 4600 tamen
3118 4541 3135 4604 ξ
3176 4541 3315 4598 anno
3348 4544 3455 4598 217
3479 4584 3494 4608 ,
3523 4546 3763 4601 Macrino

2199 4613 2479 4684 imperium
2508 4616 2747 4678 ineunte,
2776 4614 3077 4682 Asclepiadi
3101 4616 3383 4677 successit,
3405 4617 3758 4684 quemadmo-

2198 4683 2322 4764 dum
2353 4687 2403 4738 iu
2435 4683 2692 4764 Chronico
2726 4685 2918 4740 scribit
2939 4686 3057 4754 ipse
3080 4684 3344 4740 Eusebius
3369 4702 3382 4738 :
3407 4683 3550 4756 quod
3584 4687 3759 4741 Baro-

2197 4769 2318 4807 ntus
2351 4766 2616 4823 sequitur.

2267 4823 2380 4895 (42)
2414 4826 2642 4895 Euseb,
2673 4823 2814 4878 Hist.
2844 4826 3006 4887 εδει..
3037 4824 3129 4879 lib.
3162 4839 3235 4890 Vl,
3269 4839 3390 4894 cap.
3418 4824 3509 4881 26.

2267 4893 2380 4964 (45)
2417 4893 2645 4950 Persica:
2680 4893 3369 4966 expeditionispeutiquant
3393 4908 3760 4966 expresserunt

2198 4973 2421 5029 tempus.
2471 4965 2756 5034 Expressis
2799 4967 2978 5019 Verbis
3036 4963 3311 5018 Persicum
3363 4963 3565 5020 bellum
3614 4982 3760 5020 anno

2194 5036 2485 5090 Alexandri
2519 5035 2729 5088 decimo
2766 5048 2961 5101 quarto
2982 5035 3272 5104 comigisse
3304 5035 3462 5089 docet
3495 5035 3761 5091 Herodia-

2195 5118 2297 5157 nus
2330 5106 2423 5160 lib.
2463 5120 2534 5158 vr.
2567 5104 2732 5172 Cujus
2774 5105 3140 5158 testimonium
3179 5106 3328 5159 litem
3366 5107 3583 5176 penitus
3626 5108 3762 5161 diri-

2195 5184 2388 5241 meret,
2439 5176 2491 5228 ni
2544 5183 2820 5228 constaret
2866 5176 3230 5230 Alexandrum
3276 5186 3395 5244 post
3448 5176 3756 5232 inchoatum

2195 5245 2460 5314 decimum
2481 5254 2733 5314 quartqu
2765 5244 2844 5298 sui
2872 5244 3310 5314 imperii'annum
3334 5261 3535 5312 paucos
3559 5247 3761 5303 vixisse

2193 5313 2331 5367 dies.
2354 5315 2458 5368 Sed
2490 5313 2632 5367 anno
2662 5325 2870 5367 tantum
2902 5313 2984 5368 vel
3011 5317 3227 5370 biennio
3254 5319 3463 5370 erravit
3494 5316 3758 5370 Herodia—

2194 5397 2317 5455 nus.
2358 5383 2544 5455 Neque
2567 5388 2712 5438 enim
2745 5385 3032 5438 verisimile
3058 5395 3148 5455 est
3189 5385 3472 5439 duodecim
3526 5399 3620 5440 aut
3653 5398 3759 5441 trc-

2193 5453 2368 5507 decim
2393 5452 2550 5507 au‘nis
2579 5455 2629 5506 itt
2660 5455 2943 5508 celebrioni
2983 5452 3140 5521 hujus
3178 5456 3390 5524 imperii
3442 5456 3586 5509 facto
3607 5495 3622 5520 ,
3653 5471 3760 5524 quo

2194 5531 2436 5596 tempore
2459 5525 2581 5596 ipse
2596 5525 2840 5590 llorebat,
2872 5541 2994 5578 eum
3020 5540 3233 5596 errasse
3253 5566 3269 5590 ,
3306 5535 3467 5596 atque
3488 5527 3559 5596 in
3589 5527 3754 5578 linem

2191 5593 2491 5671 Alexandri
2511 5595 2764 5662 rejecisse
2789 5596 2930 5662 quod
2963 5593 3120 5662 hujus
3161 5593 3395 5663 imperii'
3427 5595 3582 5651 initio
3622 5609 3757 5652 con-

2193 5671 2423 5731 ligasset.

2262 5733 2376 5802 (44)
2404 5733 2626 5800 Euseb.,
2659 5733 2800 5788 Hist.
2834 5733 3040 5800 eccles.,
3068 5732 3160 5788 lib.
3189 5750 3262 5800 vr,
3303 5751 3420 5806 cap.
3448 5735 3538 5789 25.
