4162 6402
403 451 508 513 ϐἓῗ

1465 443 2042 503 ORIGENIANORUM
2080 442 2206 497 LIB.
2252 442 2292 506 Ι,
2333 441 2484 496 CAP.
2527 439 2588 495 il.

3545 434 3648 488 658

403 569 994 629 mentariis‘illustrare
1019 568 1283 641 Origenes
1311 585 1472 626 orsus
1516 581 1621 637 est,
1679 569 1969 640 impulsore
1999 572 2042 624 Α
2070 577 2114 619 et
2145 565 2371 634 amplius
2410 562 2644 617 notarios
2668 604 2683 627 ,
2717 575 2996 628 eorumque
3034 573 3308 626 expensas,
3334 566 3380 610 et
3404 557 3647 608 .wrario-

401 663 714 728 Ambrosio,
750 660 843 730 qui
879 676 984 714 non
1035 662 1216 716 verbis
1267 661 1586 717 incendebat
1631 662 1839 724 solum,
1875 661 1968 716 sed

401 753 708 824 sumptibus
761 753 926 808 etiam
974 754 1376 824 suppeditabat.
1425 753 1646 824 Legitur
1689 753 1831 824 apud
1863 753 1966 806 Ce-

402 846 652 911 drenum,
685 844 828 915 quod
859 852 914 900 et
941 845 1006 898 ab
1029 859 1096 899 eo
1125 855 1472 913 sumpserunt
1506 843 1703 900 Suidas
1757 851 1814 899 et
1839 843 1970 914 Gly-

402 951 519 1002 cas,
540 936 831 1007 Origenem
868 951 964 1006 per
991 951 1254 991 annorum
1282 936 1586 992 octodecim
1607 935 1841 1006 spatium
1869 934 1972 989 Lit.

406 1038 550 1084 teras
583 1043 772 1084 sacras
809 1029 977 1085 fuisse
1010 1029 1447 1101 interpretatum.
1495 1028 1713 1084 Minime
1756 1029 1808 1083 id
1853 1031 1972 1098 qui-

403 1116 525 1170 dem
581 1119 854 1172 consentit
909 1116 1126 1173 Eusebii
1185 1119 1510 1183 rationibus,
1561 1118 1650 1188 qui
1683 1116 1971 1187 Origenem

402 1208 760 1279 sexagenario
805 1209 1063 1278 majorem
1117 1211 1516 1265 Commentariis
1561 1211 1617 1264 in
1661 1209 1974 1265 Matt/neum

404 1300 708 1356 illustrasse
755 1301 970 1367 scribit,
1018 1303 1239 1371 triginta
1294 1302 1507 1358 scilicet
1558 1303 1737 1368 annis,
1798 1319 1974 1373 eoque

401 1391 654 1462 amplius,
682 1401 968 1463 postquam
998 1393 1336 1462 Scripturam
1387 1395 1623 1464 primum
1661 1397 1831 1465 coapit
1877 1411 1974 1450 ex-

400 1499 623 1553 ponere.
675 1485 770 1540 Sin
823 1486 896 1540 ita
951 1488 1065 1542 haec
1119 1487 1433 1558 accipienda
1487 1496 1708 1541 censeat
1756 1486 1971 1556 aliquis,

401 1577 557 1645 quasi
589 1578 849 1647 quidquid
902 1579 954 1633 in
991 1593 1278 1634 sacrorum
1331 1576 1678 1632 Voluminum
1715 1579 1975 1648 interpre-

403 1671 662 1726 tationem
700 1671 932 1727 diversis
978 1671 1318 1740 temporibus
1359 1672 1456 1727 otii
1505 1672 1737 1727 contulit
1783 1673 1972 1742 Orige-

403 1777 519 1828 nes,
575 1763 876 1818 octodecim
936 1778 1200 1818 anuorum
1277 1765 1511 1834 spatium
1585 1766 1969 1833 exaequaverit,

2076 674 2192 710 rum
2221 671 2398 724 parem
2429 669 2705 707 numerum
2731 668 2749 706 :
2779 653 3016 721 quodque
3049 649 3130 703 his
3159 649 3332 718 majus
3354 656 3450 706 est,
3479 647 3648 698 incre-

2074 748 2226 801 dibili
2253 746 2429 800 studio
2461 745 2694 814 quotidie
2731 743 2795 796 ab
2851 759 2908 796 eo
2952 757 3081 809 opus
3123 742 3353 810 exigens.
3403 735 3552 792 Unde
3590 737 3646 788 in

2072 839 2303 907 quadam
2331 837 2555 906 epistola
2593 833 2992 905 ὲργοδιώκτην
3023 848 3138 888 eum
3185 830 3432 900 Origenes
3472 835 3646 886 vocat.

2074 930 2166 985 Sic
2195 944 2258 984 ea
2288 930 2498 997 accepit
2532 929 2819 996 interpres,
2859 925 3010 994 quasi
3045 938 3150 978 una
3179 922 3322 977 serie
3359 919 3644 975 scribenda

2073 1021 2182 1074 sint
2207 1021 2306 1074 ista
2341 1037 2355 1072 :
2389 1017 2455 1072 In
2477 1035 2581 1088 qua
2613 1027 2865 1085 prtesente
2890 1015 3114 1086 Origene
3153 1030 3206 1068 se
3237 1013 3380 1082 loqui
3409 1011 3463 1066 in
3485 1011 3649 1066 eccle-

2071 1112 2151 1166 sia
2187 1111 2450 1181 signiﬁcat
2503 1111 2561 1164 in
2605 1109 2765 1179 hujus
2819 1107 3251 1170 aemulationem,
3301 1115 3412 1159 tum
3453 1104 3648 1158 deinde

2074 1200 2388 1270 apponenda
2442 1199 2510 1253 sit
2561 1199 2743 1252 τελεία
2800 1199 3025 1267 στιγμή.
3096 1194 3186 1249 Sic
3235 1197 3377 1249 enim
3433 1193 3645 1248 vertit:

2087 1294 2174 1346 'Ev
2198 1287 2280 1355 οἷς
2312 1291 2577 1363 παρόντος
2614 1289 2919 1361 Ὠριγὲνους
2945 1287 3132 1341 ἑαυτὸν
3151 1283 3486 1356 ὡμιληκέναι
3507 1283 3650 1337 κατὰ

2076 1385 2308 1456 μίμησιν
2350 1383 2512 1436 αὐτοῦ
2543 1385 2600 1435 ὲν
2642 1385 2707 1452 τῇ
2759 1381 3025 1452 ἐκκλησίᾳ
3070 1379 3250 1450 δηλοῖ·
3307 1377 3648 1448 Ἀμὸρόσιος,

2071 1478 2250 1530 ὅντινα
2279 1475 2386 1529 ἀπὸ
2412 1475 2510 1544 τῆς
2537 1474 2742 1544 πλάνης
2765 1472 3087 1543 Μαρκίωνος
3126 1473 3205 1534 είς
3240 1469 3337 1540 τὴν
3388 1468 3649 1539 ἀληθινὴν

2071 1567 2252 1621 πίστιν
2268 1565 2588 1638 ἐπιστρέψαι
2619 1565 2961 1637 προείρηται,
2983 1562 3358 1645 προύτρέξζκατο
3387 1561 3648 1629 Ὠριγένει

2071 1659 2169 1723 τὰς
2193 1659 2345 1722 θείας
2363 1659 2578 1728 ὑπομνη
2589 1657 2812 1728 ματίσαι
2834 1655 3076 1726 Γραφὰς,
3108 1652 3472 1723 παρεσχηκὼς
3499 1649 3648 1721 αὑτῷ

2074 1751 2214 1805 ἑπτὰ
2244 1751 2277 1822 ἢ
2313 1750 2408 1804 καὶ
2433 1750 2648 1812 πλείους
2677 1747 2978 1819 νοταρίους.
3012 1745 3198 1813 Neque
3226 1745 3328 1798 hac
3358 1744 3462 1798 line
3498 1743 3649 1797 stetit

403 1854 617 1924 longius
645 1855 807 1910 etiam
839 1855 1140 1919 dissentio;
1173 1855 1440 1924 ejusmodi
1481 1857 1678 1928 quippe
1705 1857 1970 1910 rationem

2078 1840 2320 1908 malum;
2354 1841 2422 1895 ad
2473 1840 2734 1910 pristinos
2788 1838 3053 1907 siquidem
3110 1850 3328 1890 errores
3383 1848 3646 1888 novorum

407 1918 718 2016 netniquam
755 1947 878 2002 duci
931 1963 1090 2018 posse
1119 1918 1396 2004 existimo.
1432 1918 1627 2003 multo.
1655 1947 1969 2003 credibilius
2001 1918 2042 1972 Β
2075 1934 2443 1990 θεουεεῖοηθῐη
2475 1931 2604 1987 fec“
2630 1928 2861 1984 Ριιοιίυε
2883 1969 2898 1991 ς
2947 1926 3032 1981 νίν
3075 1927 3314 2018 θίξοίιιιῖη
3365 1921 3650 2018 "ilefal‘iis

398 2043 483 2089 est
505 2051 572 2090 ex
602 2035 738 2091 male
760 2036 902 2092 lecto
931 2037 1016 2093 vel
1055 2039 1325 2109 descripto
1353 2038 1644 2108 Epiphanii
1694 2037 1806 2110 (45)
1852 2037 1970 2092 loco

400 2137 764 2184 commentum
787 2129 840 2184 id
867 2130 1148 2199 prodiisse.
1181 2130 1472 2201 Postquam
1490 2131 1633 2185 enim
1656 2131 1724 2186 ab
1735 2130 1971 2200 Origene

404 2219 702 2289 postulasse
729 2222 1076 2278 Ambrosium
1106 2223 1260 2288 dixit,
1295 2232 1355 2277 ut
1413 2237 1599 2279 sacras
1659 2223 1971 2294 Scripturas

402 2311 872 2382 interpretaretur,
903 2313 956 2369 id
983 2315 1060 2368 ait
1094 2314 1268 2384 ipsum
1316 2315 1370 2369 in
1403 2313 1568 2388 Tyrio
1613 2330 1826 2372 secessu
1876 2331 1971 2386 per

400 2415 524 2460 octo
552 2417 608 2460 et
632 2406 821 2476 viginti
871 2421 1044 2462 annos
1086 2405 1301 2462 fecisse.
1334 2405 1446 2478 (46)
1496 2407 1616 2464 Alio
1667 2409 1797 2464 item
1852 2408 1972 2463 loco

399 2497 581 2550 divina
622 2497 904 2552 Volumina
937 2497 1224 2567 Origeuem
1257 2499 1384 2569 Tyri
1415 2499 1608 2555 scribit
1650 2499 1973 2571 explanasse

400 2587 494 2639 ἐπὶ
527 2585 623 2658 ἐτη
651 2593 760 2658 κη’.
789 2587 1054 2644 Similiter
1085 2587 1309 2654 Suidas,
1337 2590 1471 2645 alios
1503 2600 1720 2646 secutus
1741 2631 1756 2657 ,
1786 2598 1973 2645 narrat

398 2674 670 2730 Ambrosii
709 2685 898 2748 rogatu
951 2676 1267 2748 Scripturas
1310 2676 1598 2750 Origenem
1654 2681 1973 2751 explanasse

399 2767 491 2820 ἐπὶ
523 2767 616 2840 ἔτη
657 2775 747 2840 ιη’.
785 2767 947 2826 Vides
989 2785 1249 2837 germana
1281 2771 1394 2827 haec
1438 2787 1627 2828 eorum
1677 2787 1802 2828 esse
1852 2789 1972 2843 qum

399 2861 620 2928 scripsit
669 2861 1035 2932 Epiphanius;
1103 2874 1462 2935 praeterquam
1515 2867 1660 2930 quod
1716 2881 1974 2920 numerus

399 2957 484 3022 κη’
545 2951 596 3006 in
655 2958 722 3022 ιη’
772 2955 1142 3024 degeneravit.
1186 2955 1276 3018 De,
1321 2972 1569 3012 secessus
1617 2967 1794 3012 autem
1823 2957 1972 3029 Tyrii

401 3042 595 3108 spatio,
640 3043 785 3111 quod
844 3045 1142 3113 assignavit
1187 3047 1555 3118 Epiphanius,
1617 3050 1971 3117 quaestionem

399 3133 563 3201 paulo
594 3142 716 3205 post
747 3136 1085 3192 habebimus.

2071 2026 2320 2081 laudibus
2352 2023 2634 2077 abundans
2666 2041 2680 2074 :
2712 2020 2854 2074 hunc
2885 2019 3086 2088 quippe
3111 2013 3516 2086 llieronymiani
3561 2013 3649 2066 in-

2075 2116 2329 2186 terpretis
2355 2127 2510 2184 quem
2539 2119 2757 2166 secutus
2784 2120 2896 2165 est.
2952 2110 3128 2162 locum
3193 2105 3284 2159 tali
3341 2106 3648 2159 interductu

2073 2204 2321 2262 distinxit
2349 2205 2470 2259 ιἘν
2492 2199 2570 2266 οἷς
2596 2199 2862 2271 παρόντος
2900 2196 3209 2270 Ὠριγένους
3231 2194 3420 2249 ἑαυτὸν
3438 2191 3649 2264 ὡμιλη-

2072 2299 2225 2353 κέναι
2274 2295 2415 2351 κατὰ
2472 2293 2701 2366 μίμησιν
2753 2289 2914 2344 αὑτοῦ
2974 2290 3031 2343 ὲν
3073 2291 3139 2359 τῇ
3191 2286 3457 2357 ἐκκλησίᾳ
3502 2284 3653 2355 δηλοί

2085 2389 2430 2461 Ἀμϐρόσιος,
2459 2388 2638 2440 ὅντινα
2667 2383 2774 2437 ἀπὸ
2805 2383 2905 2453 τῆς
2951 2380 3157 2450 πλάνης
3197 2378 3521 2449 Μαρκίωνος
3569 2379 3650 2439 εἰς

2070 2483 2168 2554 τὴν
2193 2479 2447 2551 ἀληθινὴν
2469 2478 2648 2530 πίστιν
2663 2473 2985 2547 ἐπιπρέψαι
3008 2470 3355 2543 προείρηταιο
3385 2467 3651 2541 προύτρέ-

2070 2574 2210 2645 ψατο
2241 2570 2468 2643 (supple,
2515 2565 2848 2635 Ἱππόλυτος)
2895 2564 3160 2636 Ὠριγένει
3190 2561 3289 2627 τὰς
3322 2561 3473 2626 Θείας
3517 2561 3651 2614 ὑπο-

2080 2665 2420 2740 μνηματίσαι
2447 2661 2690 2734 Γραφὰς,
2723 2657 3086 2732 παρεσχηκὼς
3119 2656 3267 2728 αὒτῷ
3300 2655 3457 2718 ἑπτὰ,
3490 2655 3523 2725 ἢ
3555 2653 3650 2708 καὶ

2074 2757 2295 2818 πλείους
2328 2753 2627 2824 νοταρίους.
2665 2749 2741 2805 Ita
2774 2751 2968 2819 legisse
3010 2747 3259 2802 Photiutn
3292 2745 3427 2817 (46⁸)
3465 2744 3647 2798 decla-

2075 2859 2197 2904 rant
2224 2849 2336 2901 huic
2365 2846 2507 2900 illius
2539 2860 2552 2897 :
2600 2842 2830 2912 Λέγεται
2868 2841 2924 2894 δὲ
2957 2840 3052 2892 καὶ
3081 2831 3234 2902 οὗτος
3280 2833 3647 2909 (Ἱππόλυτος)

2074 2938 2425 3010 προσομιλεῖν
2472 2936 2551 3008 τῷ
2596 2934 2710 3006 λαῷ
2746 2933 2888 2988 κατὰ
2929 2932 3160 3004 μίμησιν
3199 2929 3534 3002 Ὠριγένους,
3586 2922 3647 2981 οὗ

2074 3031 2168 3084 καὶ
2201 3028 2435 3100 συνήθης
2467 3026 2700 3099 μάλιστα
2727 3029 2819 3078 καὶ
2851 3021 3088 3094 ἐραστὴς
3123 3020 3234 3073 τῶν
3259 3019 3433 3086 λόγων
3471 3016 3650 3087 ὑπῆρο

2075 3141 2189 3194 χεν,
2217 3123 2292 3186 ὡς
2319 3123 2413 3176 καὶ
2437 3117 2848 3192 προτρέψασθαι
2874 3117 3057 3180 αὑτὸν,
3083 3115 3183 3186 τὴν
3217 3112 3367 3166 θείαν
3401 3113 3648 3181 ὑπομνη-

473 3225 1052 3300 ScribitHieronymus
1079 3227 1158 3282 De
1181 3231 1361 3300 script.
1389 3231 1573 3287 eccles.
1607 3233 1660 3288 in
1693 3235 1968 3307 Hippolyt.

2079 3214 2301 3286 ματίσαι
2327 3213 2570 3284 Γραφήνο
2616 3207 3034 3278 ἐγκαταστήσας
3078 3204 3227 3276 αὐτῷ
3271 3206 3367 3258 καὶ
3408 3205 3648 3273 ὑπογραο

398 3317 745 3374 Ambrosium
766 3319 832 3372 ad
862 3318 1150 3376 Librorum
1175 3337 1455 3377 sacrorum
1473 3325 1974 3395 interpretationem

402 3407 687 3475 Origenem
744 3408 1037 3476 incitasse,
1087 3411 1141 3466 in
1217 3414 1618 3470 aemulationem
1681 3415 1972 3489 Hippolyti,

403 3502 564 3557 editis
605 3501 718 3573 jam
773 3502 826 3556 in
879 3504 1214 3573 Scripturam
1265 3507 1516 3576 plurimis
1563 3511 1975 3566 commentariis

401 3594 602 3662 optime
618 3596 684 3649 de
697 3595 934 3650 Ecclesia
956 3597 1159 3652 meriti.
1203 3597 1588 3672 Hieronymum
1613 3601 1805 3658 fefellit
1837 3603 1974 3658 male

402 3685 708 3742 intellectus
737 3686 1037 3753 Eusebius,
1084 3689 1176 3758 qui
1212 3699 1334 3759 post
1386 3703 1734 3748 enumeratos
1777 3693 1975 3764 Hippo-

401 3777 496 3848 lyti
524 3779 845 3848 scriptiones
891 3781 1006 3835 haec
1054 3781 1332 3852 subiungit
1360 3783 1454 3840 lib.
1490 3800 1538 3837 Vl
1575 3783 1743 3851 Hisl.,
1777 3802 1826 3841 c.
1861 3788 1971 3844 ‘25:

399 3871 492 3937 Ἐξ
509 3872 717 3925 ἐκείνου
744 3872 800 3925 δὲ
823 3873 1193 3945 καὶὨριγένει
1220 3875 1328 3928 τῶν
1355 3878 1434 3939 εἰς
1462 3876 1558 3940 τὰς
1589 3875 1737 3940 θείας
1752 3878 1974 3949 Γραφὰς

401 3963 806 4035 ὑπομνημάτων
845 3965 1052 4034 ἐγίνετο
1085 3965 1262 4038 ἀρχὴ,
1316 3968 1637 4038 Ἀμϐροσίου
1679 3971 1735 4032 ἐς
1767 3969 1835 4023 τὰ
1872 3969 1973 4041 μόι⁸

399 4054 554 4110 λιστα
602 4057 992 4129 παρορμῶντος
1035 4059 1215 4114 αὐτόν.
1258 4059 1314 4115 id
1370 4071 1453 4115 est
1496 4077 1508 4111 :
1543 4061 1620 4115 Ab
1663 4079 1724 4117 eo
1772 4081 1974 4135 quoque

399 4160 627 4215 tempore
659 4148 873 4218 Origeni
899 4150 954 4204 in
997 4151 1202 4204 diuinas
1232 4150 1536 4220 Scripturas
1588 4156 1972 4210 commentandi

399 4233 612 4293 initium
660 4240 861 4308 factum
895 4249 990 4308 est,
1025 4241 1176 4296 valde
1203 4257 1322 4296 eum
1367 4241 1617 4296 incitante
1668 4245 1968 4299 Ambrosio.

401 4329 765 4402 Hieronymus
797 4340 977 4386 autem
1009 4345 1196 4387 vocem
1225 4333 1394 4397 hanc,
1424 4334 1656 4400 ἐκείνου,
1693 4350 1811 4406 qua:
1845 4351 1972 4405 per-

400 4421 609 4476 tinebat
631 4422 697 4475 ad
717 4430 948 4492 tempus,
975 4437 1258 4492 perperam
1281 4425 1347 4478 ad
1373 4423 1721 4496 Hippolytqu
1748 4429 1970 4482 retulit:

398 4514 468 4568 de
495 4529 602 4583 quo
653 4515 828 4571 simile
878 4517 1011 4571 nihil
1057 4517 1224 4572 habet
1264 4513 1622 4587 Nicephorus.
1671 4515 1790 4572 Jam
1845 4527 1970 4574 ante

401 4603 636 4661 Henrico
665 4605 878 4663 Valesio
902 4607 954 4664 id
984 4609 1335 4664 observatum
1378 4620 1481 4664 est.
1526 4608 1739 4664 Falsam
1779 4610 1970 4666 Hiero.

399 4698 548 4768 nymi
592 4697 1010 4766 explicationem
1063 4715 1203 4755 nova
1263 4701 1652 4770 depravatione
1708 4705 1972 4772 pervertit

399 4796 588 4842 auctor
615 4788 818 4844 Graecae
858 4789 1324 4859 interpretationis
1363 4791 1484 4845 libri
1517 4789 1597 4844 De
1631 4793 1973 4860 scriptoribus

399 4879 784 4934 ecclesiasticis.
805 4877 930 4936 Haec
957 4881 1120 4935 habet
1140 4879 1504 4952 Hieronymus
1536 4899 1549 4935 :
1583 4876 1803 4948 Scripsit
1831 4880 1977 4950 (Hip-

402 4970 636 5045 polytus)
689 4973 972 5028 nonnullos
1016 4973 1071 5027 in
1124 4971 1429 5042 Scripturas
1476 4972 1912 5036 commentarios,
1948 4987 1976 5025 e

399 5065 586 5135 quibus
616 5065 709 5118 hos
737 5065 936 5134 reperi:
964 5066 1018 5117 in
1051 5062 1410 5134 Ἑξαήμερον
1431 5103 1448 5118 .
1481 5102 1495 5116 .
1524 5103 1538 5118 .
1561 5101 1575 5115 .
1598 5103 1612 5117 .
1643 5061 1720 5116 De
1745 5060 1971 5126 Pascha,

399 5157 689 5212 Adversum
715 5175 889 5212 omnes
905 5159 1149 5222 hwreses,
1177 5167 1226 5210 et
1253 5156 1409 5226 Πρὸς
1433 5152 1698 5225 ὁμιλιῶν,
1727 5154 1800 5208 De
1823 5155 1979 5208 laude

403 5251 614 5307 Domini
646 5250 971 5317 Saluatoris;
1016 5253 1072 5304 in
1111 5267 1215 5320 qua
1248 5261 1503 5319 praesente
1538 5248 1766 5318 Origene
1803 5264 1858 5301 se
1901 5247 1978 5300 lo-

398 5345 490 5412 qui
531 5345 587 5396 in
645 5341 884 5397 Ecclesia
919 5342 1204 5411 signiﬁcat.
1256 5340 1321 5394 In
1375 5341 1531 5410 hujus
1590 5339 1978 5394 aemulationem

400 5434 730 5501 Ambrosius,
783 5450 934 5504 quem
979 5435 1045 5487 de
1099 5431 1387 5488 Marcionis
1426 5433 1616 5484 hwresi
1677 5431 1747 5482 ad
1804 5445 1977 5483 veram

401 5527 559 5589 ﬁdem
581 5539 875 5581 correctum
891 5527 1148 5590 diximus,
1178 5526 1484 5598 cohortatus
1513 5533 1588 5577 est
1625 5521 1902 5593 Origenem
1927 5524 1979 5574 in

402 5615 711 5687 Scripturas
737 5618 1144 5674 commentarios
1170 5617 1418 5681 scribere,
1441 5615 1673 5685 praebens
1707 5616 1756 5669 ei
1785 5623 1978 5683 septem

475 5819 592 5887 (4-5)
624 5818 816 5890 Epiph.
849 5819 982 5890 hair.
1013 5816 1102 5882 64,
1135 5833 1254 5887 cap.
1287 5817 1340 5870 5.

481 5884 593 5962 (46)
618 5884 840 5961 Epipb.,
870 5889 1131 5945 Demens.
1159 5884 1406 5959 et'pond.,
1435 5901 1481 5940 c.
1516 5884 1601 5938 l8.

2078 3307 2211 3375 φέας
2239 3305 2379 3359 ἑπτὰ
2406 3302 2808 3374 ταχυγράφους,
2845 3299 2936 3352 καὶ
2962 3299 3182 3369 ἑτέρους
3211 3297 3494 3360 τοσούτους
3516 3295 3652 3368 γρά-

2077 3413 2273 3468 φοντας
2320 3396 2399 3458 εἰς
2445 3391 2640 3455 κάλλος
2664 3434 2679 3456 ,
2715 3384 2791 3444 ὧν
2841 3386 2908 3460 ἦν
2953 3389 3044 3441 καὶ
3076 3388 3176 3459 τῆς
3207 3388 3452 3459 δαπάνης
3490 3387 3650 3450 αὐτὸς

2075 3487 2337 3560 χορηγός·
2366 3485 2656 3540 καὶταῦτα
2693 3481 3132 3553 ὑπηρετούμενος
3172 3481 3319 3552 αὺτῷ
3341 3520 3356 3545 ,
3403 3481 3650 3534 ἀπαιτεῖν

2075 3580 2236 3635 αὑτὸν
2261 3579 2649 3650 ἀπαραιτήτως
2672 3576 2732 3629 τὸ
2755 3575 2933 3647 ἔργον.
2967 3574 3055 3640 Ἐξ
3079 3569 3138 3628 οὗ
3173 3574 3267 3627 καὶ
3287 3570 3650 3642 ὲργοδιώκτην

2076 3674 2132 3726 ὲν
2181 3673 2279 3744 μιᾷ
2325 3671 2432 3723 τῶν
2479 3668 2776 3723 ἐπιστολῶν
2824 3667 2973 3739 παρὰ
3019 3666 3324 3738 Ὠριγένους
3362 3665 3647 3736 κληθῆναι.

2074 3764 2204 3831 Qum
2235 3779 2354 3819 cum
2388 3778 2453 3818 ex
2483 3760 2794 3832 Hieronymi
2839 3759 3028 3816 Graeco
3071 3760 3370 3830 interprete
3409 3759 3651 3813 derivata

2074 3856 2202 3920 sint,
2229 3852 2544 3908 manifestus
2567 3859 2651 3907 est
2677 3851 3031 3921 quorumdam
3057 3863 3230 3913 error,
3255 3848 3492 3902 virorum
3513 3846 3652 3899 male

2073 3945 2452 4016 suspicacium,
2481 3943 2571 4013 qui
2607 3955 2867 4010 nuperum
2904 3955 3038 4010 opus
3087 3953 3207 3994 esse
3247 3937 3646 4006 interpretatio-

2075 4053 2196 4092 nem
2235 4037 2373 4090 hanc
2408 4034 2731 4098 coniectant.
2763 4032 3031 4088 Caeterum
3066 4031 3193 4086 hinc
3223 4030 3492 4100 aliquibus
3521 4042 3650 4098 per-

2072 4145 2291 4185 suasum
2323 4127 2424 4182 fuit
2466 4125 2811 4198 Hippolytum
2844 4122 3095 4195 Origeni,
3154 4137 3259 4177 non
3306 4121 3650 4177 Ambrosium

2075 4222 2140 4275 ad
2171 4217 2519 4290 explicandos
2541 4219 2616 4273 rei
2643 4216 2923 4272 litterariae
2951 4225 3196 4284 sumptus
3223 4222 3418 4284 praesto
3443 4211 3647 4267 fuisse:

2073 4310 2214 4381 quod
2249 4324 2410 4379 quam
2446 4322 2633 4363 verum
2667 4307 2758 4372 sit,
2789 4304 2960 4361 lector
2982 4305 3278 4370 existimet,
3308 4313 3364 4360 et
3391 4301 3655 4372 quemad-

2075 4402 2290 4457 modum
2323 4398 2470 4455 falsaa
2495 4399 2776 4468 opiniones
2801 4396 2955 4466 quasi
2985 4410 3052 4450 ex
3086 4396 3307 4450 traduce
3351 4407 3650 4465 propagen-

2075 4504 2182 4550 tur.
2261 4491 2462 4547 Fraudi
2533 4490 2728 4560 quippe
2783 4488 2884 4543 fuit
2960 4487 3290 4558 Hieronymo
3363 4485 3700 4550 Eusebius,~

2003 4605 2045 4660 ι)
2073 4585 2261 4642 Graeco
2290 4581 2571 4650 interpreti
2595 4579 2982 4650 Hieronymus,
3010 4579 3204 4634 Photio
3236 4577 3460 4634 Griecus
3484 4577 3653 4632 inter-

2078 4693 2227 4751 pres,
2253 4674 2549 4733 innumeris
2581 4675 2701 4728 aliis
2727 4675 2841 4743 ipse
2867 4671 3110 4735 Photius,
3143 4678 3198 4725 et
3228 4685 3389 4740 quem
3437 4669 3505 4724 ab
3547 4666 3654 4722 alio

2079 4768 2445 4840 unusquisque
2480 4766 2686 4836 accepit
2728 4780 3006 4829 errorem,
3037 4762 3192 4818 novis
3233 4761 3429 4818 deinde
3460 4775 3654 4816 cumu-

2080 4861 2228 4920 lavit.
2273 4860 2382 4915 Sed
2431 4859 2548 4914 haec
2594 4859 2874 4912 hactenus.
2917 4853 3181 4910 Omnibus
3249 4853 3412 4923 igitur
3495 4852 3656 4907 rebus

2078 4951 2300 5023 (ιι-ἰεοηὶ
2334 4949 2714 5007 commodabat
2736 4947 3086 5014 Ambrosius,
3117 4954 3171 5002 et
3207 4958 3545 5014 quaecunque
3589 4943 3657 4997 ad

2084 5042 2328 5112 corporis
2363 5040 2566 5096 cultum
2595 5035 2957 5107 pertinebant,
2987 5051 3052 5091 ac
3088 5034 3264 5091 studia
3286 5074 3301 5101 ,
3333 5033 3480 5102 large
3507 5034 3654 5098 huic,

2085 5135 2239 5205 quasi
2269 5133 2475 5202 virgula
2501 5131 2703 5196 divina,
2732 5131 2800 5184 ab
2849 5142 2915 5184 eo
2965 5127 3364 5199 prabebantur.
3405 5125 3658 5181 Notarius

2086 5230 2264 5298 itaque
2291 5227 2524 5280 habebat
2557 5224 2623 5279 ad
2657 5235 2874 5277 manum
2918 5221 3034 5291 plus
3061 5229 3300 5288 septem,
3331 5218 3422 5288 qui
3457 5218 3657 5272 dictata

2086 5335 2150 5374 ex
2177 5333 2276 5372 ore
2311 5315 2580 5386 loquentis
2611 5319 2962 5387 exciperent,
2995 5311 3214 5365 totidem
3248 5307 3498 5363 librarios
3532 5322 3656 5362 cum

2088 5411 2297 5480 puellis,
2324 5423 2445 5477 qua:
2468 5418 2822 5478 properanter
2852 5405 3056 5473 scripta
3097 5401 3322 5456 nitidius
3345 5409 3657 5454 exararent.

2156 5501 2246 5556 IX.
2279 5499 2391 5572 (47)
2421 5498 2605 5568 Neque
2633 5499 2733 5553 sibi
2761 5511 2894 5553 sane
2940 5495 3042 5549 hac
3064 5491 3245 5545 oblata
3271 5490 3534 5545 facultate
3565 5489 3661 5544 de-

2090 5593 2226 5660 luit;
2273 5589 2753 5648 beneﬁcentissimi
2796 5587 2998 5658 quippe
3044 5584 3282 5640 hominis
3333 5578 3661 5636 liberalitate

2158 5805 2508 5880 (ιϐ’)ᾉΡΙιοιη
2536 5801 2663 5880 cod.
2690 5803 2815 5880 ﬁt.

2153 5869 2507 5950 (t7)'Euseb.,
2542 5871 2748 5928 Hister.
2781 5875 2875 5932 lib.
2902 5891 2977 5942 Vl,
3001 5885 3120 5940 cap.
3150 5869 3246 5928 2i.
