4162 6392
520 409 625 468 659

519 630 717 689 tomos,
746 635 799 680 et
833 627 1042 682 initium
1069 630 1208 684 sexti
1237 629 1579 684 Alexandria
1605 633 1707 688 hoc
1737 643 2004 707 tempore,
2039 649 2092 693 et

517 730 584 770 ex
624 717 880 783 Achaico,
918 721 1059 788 quod
1105 736 1227 775 mox
1283 736 1638 790 exponemus.
1694 727 1886 783 itinere
1925 731 2091 784 redux

516 807 839 863 elaboravit.
881 809 1017 866 Octo
1050 813 1179 868 item
1221 815 1432 884 priores
1482 818 1536 869 in
1578 815 1817 872 Cenesim
1855 830 2027 876 tomos
2063 837 2093 878 e

517 900 804 954 duodecim
857 904 1134 972 confecit;
1191 905 1428 975 psalmos
1469 910 1533 961 ad
1586 910 1697 964 hac
1739 915 1985 980 exposuit
2013 915 2092 968 vi-

515 991 648 1058 ginti
678 997 916 1064 quinque
937 998 1168 1066 priores.
1193 999 1441 1067 quamvis
1463 1000 1642 1068 plures
1667 1003 1830 1056 etiam
1865 1006 2092 1059 subinde

513 1086 873 1149 enarraverit,
910 1096 967 1140 ut
994 1089 1238 1143 dicemus
1270 1089 1455 1154 infra;
1491 1100 1545 1144 et
1585 1091 1833 1146 Jeremia
1875 1109 2092 1163 quoque

514 1173 936 1232 Lamentationes
979 1181 1105 1234 totis
1154 1181 1525 1237 voluminibus
1575 1184 1960 1252 interpretatus
1987 1194 2087 1240 est.

513 1268 664 1322 Adde
682 1268 850 1324 libros
875 1269 950 1325 De
967 1273 1240 1341 principiis
1271 1282 1327 1328 et
1344 1274 1706 1343 Στρωματεῖς
1729 1278 1936 1340 decem,
1958 1291 2092 1346 quos

513 1361 702 1416 eadem
737 1349 1065 1430 tempestate
1100 1365 1444 1424 Alexandria
1478 1368 1809 1435 composuit.

587 1453 652 1507 Χ.
704 1454 816 1526 (48)
843 1456 935 1510 His
959 1457 1228 1510 intentum
1270 1461 1463 1513 studiis
1499 1458 1791 1528 Origenem
1832 1461 2090 1530 interpel-

514 1547 697 1601 larunt
767 1551 978 1619 negotia
1039 1551 1442 1617 ecclesiastica,
1499 1567 1728 1621 quorum
1804 1554 1976 1624 gratia
2037 1558 2089 1606 In

510 1637 770 1692 Achaiam
803 1639 1075 1710 profectus
1097 1653 1199 1696 est.
1234 1641 1458 1711 Negotia
1483 1643 1573 1697 illa
1597 1659 1717 1712 qua
1738 1643 1963 1706 fuerint,
1987 1659 2090 1697 non

512 1731 777 1798 expressit
812 1729 1109 1797 Eusebius;
1142 1733 1427 1799 Baronius,
1460 1736 1525 1789 ad
1561 1751 1649 1790 au.
1681 1737 1811 1801 230,
1849 1753 1998 1790 num.
2035 1737 2090 1800 7,

515 1823 847 1892 conjecturis
879 1825 1121 1891 reperire
1151 1827 1359 1889 voluit;
1408 1842 1582 1897 eaque
1618 1829 1686 1882 de
1713 1843 1876 1882 causa
1913 1829 2092 1897 profe-

514 1925 656 1969 ctum
689 1915 741 1968 iu
767 1914 1030 1971 Graciam
1054 1918 1340 1987 Origenem
1367 1920 1595 1986 divinat,
1625 1919 1738 1989 (49)
1771 1930 1828 1974 ut
1860 1920 2092 1990 Nicopo-

515 2005 694 2061 litana
725 2008 977 2062 editionis
1007 2011 1155 2063 circa
1197 2011 1308 2064 hac
1341 2020 1582 2080 tempora
1610 2022 1839 2080 reperta
1871 2027 2092 2082 compos

515 2098 690 2153 ﬁeret.
740 2098 846 2153 Sed
901 2113 1161 2169 quorsum
1212 2102 1278 2153 ad
1309 2103 1647 2173 excogitatas
1707 2103 2091 2157 descendemus

513 2187 880 2256 conjecturas,
916 2205 1038 2244 eum
1091 2192 1293 2245 veritas
1327 2192 1438 2260 ipsa
1481 2193 1656 2261 palam
1693 2194 1913 2248 exstet?
1944 2193 2090 2248 Scri-

513 2280 644 2333 bunt
676 2281 940 2350 siquidem
965 2281 1326 2352 Hieronymus
1361 2282 1433 2337 De
1456 2286 1634 2349 script.
1673 2287 1858 2339 eccles.
1890 2329 1904 2348 ,
1961 2302 2087 2356 cap.

511 2372 602 2434 65,
639 2384 694 2427 et
726 2372 952 2428 Ruﬁnus
983 2376 1036 2428 in
1070 2374 1313 2443 Exposit.
1350 2391 1471 2445 cnp.
1499 2376 1587 2439 ‘25,
1616 2378 1708 2431 lib.
1732 2393 1807 2440 vt,
1846 2378 2086 2442 Eusebii,

510 2466 730 2519 Achaia
758 2465 1024 2520 Ecclesias
1050 2467 1297 2535 plurimis
1324 2477 1449 2522 tunc
1480 2468 1780 2524 haresibus
1809 2469 1972 2524 fuisse
1997 2486 2088 2524 ve-

510 2563 697 2616 xatas;
730 2556 926 2624 quibus
947 2559 1322 2626 expugnandis
1356 2559 1606 2613 idoneum
1627 2576 1740 2630 pra
1767 2562 1978 2615 cateris
2009 2562 2085 2615 vi-

512 2660 630 2698 sum
660 2647 988 2716 Origenem;
1023 2663 1140 2702 eam
1169 2649 1246 2702 illi
1279 2664 1499 2704 causam
1541 2651 1593 2705 in
1630 2651 1892 2707 Graeciam
1922 2653 2086 2720 proﬁ-

511 2737 752 2792 ciscendi
786 2739 974 2795 fuisse.
1011 2739 1144 2794 Illuc
1176 2757 1305 2795 vero
1333 2745 1664 2797 accersitum
1708 2745 1777 2799 ab
1799 2747 2088 2800 Ambrosio

511 2843 618 2882 non
643 2831 874 2886 absurde
897 2833 1163 2903 quispiam
1188 2835 1580 2904 suspicabitur;
1612 2852 1736 2891 nam
1754 2838 2084 2893 Alexandria

510 2922 702 2976 crebro
724 2923 961 2980 abfuisse
991 2926 1332 2981 Ambrosium
1357 2937 1571 2982 constat
1599 2940 1676 2994 et,
1697 2941 1978 3000 postquam
1999 2931 2085 2984 in—

514 3023 596 3066 ter
623 3027 715 3068 eos
757 3016 1106 3070 necessitudo
1137 3019 1463 3083 intercessu,
1521 3021 1750 3076 Athenis
1786 3021 1974 3087 fuisse,
1999 3032 2083 3076 at-

511 3119 617 3172 que
649 3105 774 3160 inde
829 3107 1038 3162 litteras
1074 3113 1139 3162 ad
1174 3108 1464 3178 Origenem
1520 3113 1734 3168 dedisse
1786 3130 1850 3169 ex
1893 3116 2085 3171 Hiero-

514 3212 676 3266 ymo
699 3199 907 3255 discere
929 3201 1059 3256 licet
1084 3203 1243 3272 epist.
1273 3202 1338 3256 18
1362 3205 1426 3256 ad
1461 3203 1793 3260 Marcellam.
1825 3206 1948 3262 Hac
1971 3208 2084 3279 qui-

514 3291 634 3343 dem
667 3293 1039 3361 proponimus,
1074 3309 1178 3348 non
1220 3296 1538 3351 asserintus.
1584 3297 1719 3354 llinc
1743 3300 1903 3352 etiam
1929 3301 2086 3354 habi-

515 3391 582 3436 ta
635 3383 736 3438 sibi
794 3401 914 3438 cum
963 3386 1322 3442 haresiarcha
1372 3389 1607 3457 quodam
1660 3393 2087 3448 concertationis

515 3475 794 3542 exemplar
813 3479 879 3532 ad
897 3479 1103 3533 amicos
1117 3480 1168 3532 in
1187 3479 1528 3536 Palaestinam
1548 3483 1694 3538 misit
1709 3487 2084 3549 Adamantius,

513 3571 605 3634 qui
637 3567 786 3624 falsis
815 3571 880 3626 de
920 3585 1001 3634 se,
1054 3572 1230 3642 deque
1259 3587 1322 3628 ea
1381 3575 1743 3644 disputatione
1777 3579 2086 3634 rmnoribus

513 3671 850 3716 occurreret.
886 3663 1116 3718 Athenis
1145 3681 1351 3719 moram
1397 3666 1594 3722 fecisse
1637 3666 1924 3738 Origenem
1967 3687 2084 3726 eer-

517 3759 627 3804 tum
661 3759 763 3810 est,
794 3767 957 3807 mora
993 3762 1202 3822 tempus
1252 3755 1518 3811 incertum
1547 3773 1562 3811 :
1622 3759 1853 3814 rediisse
1907 3771 2085 3816 tamen

513 3843 760 3910 sequenti
790 3857 954 3908 anno,
991 3844 1075 3900 vel
1111 3844 1327 3900 biennio
1359 3855 1502 3915 post,
1552 3847 1696 3902 inter
1725 3850 2088 3920 chronologos

513 3945 770 3989 constare
804 3935 980 3991 video.
1021 3936 1282 4004 Equidem
1307 3953 1412 3992 non
1451 3939 1619 3994 multo
1654 3942 1833 3997 minus
1865 3944 2086 3999 biennio

513 4023 726 4078 itineris
763 4025 984 4082 Achaici
1014 4034 1226 4096 tempus
1279 4027 1446 4084 fuisse
1506 4032 1807 4096 existimo;
1851 4049 1974 4086 nam
2029 4043 2086 4088 et

515 4130 612 4183 per
633 4115 973 4172 Palastinam
1005 4118 1108 4172 iter
1139 4119 1347 4185 habuit,
1384 4121 1567 4190 ibique
1596 4133 1839 4179 moratus
1871 4135 1954 4180 est
1977 4125 2080 4180 ali-

515 4209 772 4277 quandiu,
810 4220 862 4265 et
887 4211 1120 4281 spatium
1149 4213 1366 4282 aliquod
1401 4215 1566 4269 itione
1587 4230 1650 4270 ac
1680 4217 1942 4271 reditione
1958 4233 2088 4273 con-

515 4311 786 4369 sumptum
813 4313 917 4364 est,
941 4304 1070 4358 etin
1101 4305 1326 4368 Achaia,
1353 4319 1475 4360 cum
1497 4307 1767 4363 hareticis
1793 4309 2087 4371 velitando,

517 4403 570 4447 et
599 4393 832 4449 Athenis
854 4397 1272 4463 perlustrandis,
1305 4399 1616 4468 scholisque
1641 4399 2086 4470 philos0phornm

513 4485 930 4555 frequentandis
968 4487 1134 4556 (quod
1179 4489 1248 4542 ab
1300 4503 1365 4543 eo
1405 4489 1606 4545 factum
1655 4500 1925 4545 testantur
1956 4491 2087 4560 Epi-

1789 386 1847 474 P.
1889 418 2204 474 DANIELIS
2240 416 2476 476 uUE'm

521 547 674 597 usus,
711 548 951 605 qumque
984 537 1197 605 priores
1230 536 1738 594 Commentariorum
1757 544 1810 594 in
1833 542 2093 598 Joannem
2125 547 2170 602 Α
2201 541 2640 611 frequentatione
2696 539 2842 593 aliud
2902 538 3233 593 Atheniense
3263 537 3366 592 iter
3425 536 3493 590 ah
3540 533 3789 611 Origene,

3670 409 3774 465 660

2201 583 2640 611 ..e.,.................
2696 583 2842 593 ...πη
2902 583 3354 593 .-...ν...ν..--..ν-
3425 583 3489 590 _-
3548 583 3772 605 ---,,----

2195 637 2323 689 olim
2373 633 2718 688 adolescente
2771 632 3080 686 institutum
3117 632 3434 699 conﬁngant
3464 583 3792 692 Baronins,’

2195 725 2260 779 ad
2287 740 2374 778 an.
2402 726 2530 791 252,
2564 741 2710 778 num.
2741 725 2796 788 4,
2824 734 2876 779 et
2906 724 3162 778 Petavius
3191 722 3257 776 ad
3287 721 3481 789 Epiph.
3509 719 3642 773 har.
3678 717 3770 783 64,

2194 830 2313 883 cap.
2344 815 2366 868 1
2390 832 2404 879 ;
2427 831 2549 868 nam
2578 818 2646 869 ad
2675 815 3030 885 philosophos
3055 823 3109 868 et
3138 814 3386 868 rhetores
3409 812 3560 864 ibant
3584 809 3770 876 cujus-

2195 921 2409 976 cunque
2434 907 2610 960 atatis
2645 907 2912 968 homines,
2944 921 3121 974 neque
3161 903 3456 959 verisimile
3503 913 3590 957 est
3635 902 3762 957 Ori-

2194 1014 2384 1068 genem
2437 999 2809 1068 philosophia,
2856 997 3294 1068 reliquarumque
3352 995 3763 1063 disciplinarum

2194 1105 2376 1144 amore
2401 1089 2736 1160 ﬂagrantem,
2769 1092 2820 1144 in
2849 1106 2910 1144 ea
2941 1093 3224 1160 degentem
3261 1090 3393 1143 urbe
3422 1102 3542 1158 qua
3570 1087 3767 1140 artium

2193 1185 2429 1237 omnium
2458 1185 2726 1238 inventrix
2755 1184 3070 1248 haberetur,
3096 1193 3150 1238 et
3173 1183 3225 1236 in
3254 1197 3356 1252 qua
3385 1196 3510 1236 cum
3541 1180 3765 1244 civium,

2197 1286 2308 1329 tmn
2335 1275 2667 1329 advenarum
2712 1276 3044 1345 pracipuum
3076 1285 3220 1329 esset
3238 1273 3478 1328 studium
3505 1272 3628 1326 novi
3661 1271 3769 1325 ali-

2194 1366 2319 1432 quid
2355 1365 2436 1419 vel
2463 1365 2666 1431 dicere,
2721 1365 2804 1420 vel
2844 1365 3052 1428 audire,
3093 1374 3254 1418 atate
3288 1363 3456 1418 fuisse
3503 1363 3766 1417 absterri-

2195 1468 2304 1511 tum
2335 1461 2629 1526 quominus
2659 1458 2899 1512 civitatis
2929 1457 3330 1512 consuetudine
3353 1456 3419 1510 ad
3444 1455 3764 1523 explendam

2194 1552 2539 1620 cupiditatem
2582 1560 2853 1606 uteretur.
2890 1550 3064 1619 Supra
3100 1549 3318 1620 quidem
3361 1548 3767 1604 observavimus

2196 1644 2474 1699 testiﬁcari
2508 1644 2896 1714 Porphyrium,
2920 1645 2986 1697 ad
3012 1641 3288 1697 Plotinum
3339 1641 3526 1696 Roma
3551 1640 3768 1710 publice

2194 1736 2478 1789 docentem
2500 1734 2793 1804 aliquando
2819 1733 3119 1787 accessisse
3140 1731 3429 1801 Origenem
3456 1731 3765 1800 quemdam,

2195 1831 2357 1885 alium
2393 1832 2459 1884 ab
2489 1827 2837 1892 Adamantio,
2882 1825 3077 1881 Plotini
3109 1826 3397 1896 aqualem,
3427 1839 3602 1895 eoque
3626 1839 3761 1879 con-

2196 1934 2379 1994 specto
2414 1925 2610 1978 victum
2651 1923 2856 1993 pudore
2886 1922 3153 1977 Plotinum
3203 1920 3414 1976 dicendi
3464 1919 3623 1974 ﬁnem
3677 1918 3754 1972 fe-

2195 2017 2355 2072 cisse.
2384 2015 2541 2070 Prius
2567 2015 2707 2070 idem
2735 2017 2939 2070 factum
2971 2015 3198 2086 legimus
3229 2029 3257 2068 a
3283 2013 3480 2074 Tullio.
3512 2012 3603 2081 qui
3645 2019 3768 2064 octo

2191 2111 2303 2179 jam
2341 2119 2395 2164 et
2424 2109 2614 2180 viginti
2649 2124 2821 2163 annos
2857 2119 3036 2172 natus,
3062 2123 3184 2162 cum
3213 2107 3397 2162 Roma
3425 2114 3571 2160 esset
3618 2105 3770 2158 bien-

2194 2203 2338 2256 nium
2371 2212 2616 2258 versatus
2654 2204 2706 2256 in
2735 2203 2946 2266 causis,
2977 2212 3032 2258 et
3076 2202 3190 2270 jam
3233 2202 3375 2255 inter
3424 2199 3627 2268 primos
3663 2195 3769 2252 Ur-

2191 2295 2274 2350 bis
2310 2307 2554 2352 oratorcs
2577 2305 2887 2365 poneretur,
2920 2297 3158 2350 Athenas
3205 2305 3384 2348 tamen
3444 2294 3510 2346 ad
3554 2293 3744 2346 Antio-

2189 2385 2348 2439 chum
2423 2385 2796 2454 philosophum
2854 2394 2909 2441 et
2963 2384 3294 2439 Demetrium
3364 2383 3636 2437 rhetorem
3689 2395 3749 2435 se

2189 2477 2438 2533 contulit.
2477 2477 2604 2531 Inde
2636 2479 2702 2531 ad
2737 2478 3006 2532 Asiaticos
3053 2487 3318 2538 oratores,
3353 2477 3639 2545 ipsumque
3661 2474 3754 2528 de-

2189 2586 2334 2623 mum
2367 2569 2633 2626 Melonem
2660 2586 2717 2625 se
2751 2571 3060 2640 applicavit.
3098 2570 3238 2636 Quin
3282 2581 3337 2624 et
3365 2569 3587 2623 Antonii
3627 2565 3764 2622 Gni-

2188 2659 2383 2729 phonis
2411 2659 2650 2714 scholam
2699 2660 3076 2729 frequentasse
3107 2705 3121 2725 ,
3155 2662 3323 2716 etiam
3362 2675 3486 2715 cum
3527 2669 3761 2729 pratura

2189 2750 2526 2820 (eligeretur,
2559 2765 2588 2803 a
2610 2751 2871 2807 Suetonio
2907 2751 3224 2822 Tranquillo
3252 2752 3527 2822 proditum
3553 2760 3636 2804 est
3661 2749 3758 2804 lib.

2190 2844 2263 2898 De
2294 2843 2490 2898 iliustr.
2524 2854 2831 2912 grammat.,
2861 2859 2980 2914 cap.
3015 2844 3066 2900 7.
3095 2842 3238 2898 Sane
3274 2843 3328 2896 in
3377 2843 3480 2898 hac
3511 2841 3746 2897 Achaica

2184 2936 2532 2990 remansione
2574 2935 2688 3007 (50)
2734 2935 3162 3004 Nicopolitanam
3203 2936 3492 2989 editionem
3528 2943 3744 2988 nactum

2186 3024 2354 3080 fuisse
2375 3025 2661 3096 Orlgenem
2697 3025 2957 3082 credibile
2979 3035 3098 3091 est;
3131 3040 3348 3081 causam
3379 3027 3518 3080 hanc
3549 3025 3762 3079 itineris

2187 3118 2462 3184 habuisse,
2489 3135 2595 3173 non
2633 3120 2786 3172 item.
3747 3133 3786 3174 \

2263 3210 2349 3264 Xl.
2378 3211 2684 3283 Digressum
2718 3213 2864 3274 inde,
2919 3211 3131 3281 Epheso
3163 3209 3442 3265 transiisse
3467 3225 3571 3264 non
3622 3223 3761 3277 pra-

2191 3316 2272 3361 ter
2296 3306 2824 3361 verisimilitndinem
2856 3305 3002 3359 credi
3030 3313 3232 3372 potest.
3265 3301 3466 3356 Scribit
3496 3301 3762 3370 siquidem

2187 3394 2452 3466 Origenes
2482 3398 2532 3450 in
2558 3397 2786 3464 epistola
2812 3395 2878 3449 ad
2905 3395 3108 3448 amicos
3125 3393 3540 3455 Alexandrinos.
3580 3407 3637 3448 se
3667 3391 3764 3444 ali-

2187 3489 2406 3558 quando
2434 3487 2629 3556 Ephesi
2678 3489 2728 3541 in
2781 3487 3094 3542 hareticum
3128 3487 3415 3555 quemdam
3456 3486 3709 3540 incidisse
3737 3525 3754 3549 ,

2134 3632 2140 3638 ,
2188 3579 2280 3648 qui
2311 3595 2434 3634 cum
2466 3595 2534 3632 ne
2558 3581 2780 3634 verbum
2810 3579 3026 3647 quidem
3086 3591 3269 3632 secum
3297 3577 3546 3632 conferre
3593 3577 3762 3631 susti--

2189 3671 2414 3731 nuisset,
2451 3685 2508 3724 se
2534 3680 2712 3723 tamen
2745 3669 2869 3725 inde
2898 3669 3142 3738 profecto
3159 3668 3445 3723 conﬁctam
3475 3667 3622 3722 falsa
3651 3667 3762 3721 dis-

2188 3762 2489 3834 putationis
2540 3762 2825 3819 historiam
2863 3762 3080 3817 misisse
3116 3761 3180 3815 ad
3209 3761 3526 3830 discipulos,
3594 3761 3762 3816 alios-

2187 3870 2292 3924 que
2328 3877 2340 3910 :
2370 3865 2565 3909 ateum
2597 3855 2810 3908 demum
2835 3855 3136 3909 Antiochia
3158 3868 3324 3908 vanos
3344 3853 3494 3907 falae
3519 3853 3762 3907 victoria

2189 3961 2436 4001 rumores
2469 3954 2840 4015 spargentem,
2877 3955 3165 4014 postquam
3214 3946 3339 4000 illnc
3370 3945 3621 4008 accessit,
3655 3959 3759 4015 pn-

2188 4037 2330 4093 blice
2365 4039 2696 4108 coarguisse,
2741 4039 3084 4107 hominisque
3101 4035 3756 4094 vanitatem'confutassc.

2189 4129 2244 4184 Id
2279 4132 2468 4201 siquis
2503 4142 2613 4185 tum
2657 4134 2950 4203 contigisse
3007 4132 3156 4196 velit,
3209 4149 3330 4188 cum
3383 4133 3472 4189 vix
3505 4136 3558 4190 in
3613 4135 3762 4189 aliud

2190 4233 2399 4293 tempus
2456 4225 2604 4294 rejici
2640 4226 2830 4293 possit,
2868 4224 3063 4280 favebo
3119 4225 3490 4293 conjectura:
3555 4227 3651 4281 sed
3701 4235 3759 4281 et

2189 4317 2279 4371 hic
2305 4330 2518 4385 quoque
2561 4315 2827 4384 judicium
2872 4332 3030 4370 suum
3089 4319 3189 4372 sibi
3221 4320 3592 4386 unusquisque
3620 4319 3759 4373 inte-

2187 4418 2341 4473 grum
2371 4404 2590 4467 habeat,
2618 4420 2718 4459 nec
2745 4420 2936 4460 omnes
2977 4407 3120 4460 enim
3166 4406 3416 4478 Origenis
3449 4408 3764 4477 peregrina-

2191 4493 2368 4547 tiones
2415 4493 2613 4549 litteris
2646 4494 2816 4550 fuisse
2868 4495 3092 4550 traditas
3140 4497 3420 4564 existimo,
3471 4513 3595 4552 cum
3646 4498 3764 4567 ipse

513 4578 746 4643 phanius
764 4579 895 4632 har.
923 4579 1011 4635 64.
1045 4595 1164 4649 cap.
1195 4580 1244 4646 1,
1267 4591 1320 4636 et
1347 4581 1564 4637 Nicetas
1615 4581 1871 4637 Thesanr.
1906 4585 2085 4638 ortlto-
2119 4615 2161 4669 ι)
2193 4581 2494 4648 praesertim
2541 4581 2742 4637 alicubi
2782 4596 2840 4637 se
2880 4582 3046 4636 multa
3079 4591 3240 4637 terra
3273 4584 3387 4639 loca
3443 4600 3765 4654 peragrasse

513 4672 668 4726 doaste
707 4672 830 4740 ﬁdei
880 4672 974 4726 lib.
1010 4689 1082 4737 tv,
1117 4673 1314 4730 hares.
1349 4675 1440 4740 51,
1467 4685 1522 4729 et
1553 4676 1658 4730 huc
1688 4678 1968 4731 commode
1997 4692 2082 4731 re-

514 4759 644 4815 ferri
686 4762 909 4832 potest),
944 4771 1028 4815 sat
1081 4761 1295 4831 longum
1329 4772 1541 4832 tempus
1571 4764 1863 4816 contritum
1917 4763 2084 4817 fuisse

513 4867 734 4908 necesse
756 4862 856 4908 est.
892 4853 1002 4907 Nec
1047 4867 1226 4908 causa
1254 4862 1337 4909 est
1389 4867 1484 4908 cur
1515 4868 1583 4908 ex
1616 4854 1714 4907 hac
1769 4853 2081 4907 scholarum

613 5014 706 5083 48)
742 5013 965 5085 Euseb,
1011 5012 1156 5067 Hist.
1188 5015 1339 5078 eccl.,
1377 5014 1472 5070 lib.
1503 5030 1576 5078 vr,
1606 5031 1728 5085 cap.
1753 5015 1846 5070 93.

615 5082 706 5153 49)
741 5082 810 5138 Ut
848 5084 1231 5146 Nicopolitanw
1261 5086 1506 5139 editionis
1537 5082 1684 5140 circa'
1707 5089 1817 5139 lucc
1862 5096 2095 5154 tempora

523 5166 760 5220 reperta.
805 5155 989 5208 Refert
1033 5154 1298 5210 Eusebius
1339 5155 1478 5208 Hist.
1543 5158 1638 5212 lib.
1695 5171 1765 5220 vt,
1820 5172 1939 5224 cap.
1986 5157 2082 5221 16,

523 5241 683 5296 unam
712 5240 778 5279 ex
808 5227 979 5296 tribus
1015 5227 1302 5296 anonyntis
1331 5226 1628 5295 Scriptura
1687 5229 2092 5295 interpretatio-

522 5295 687 5349 nibus
726 5295 928 5364 quibus
970 5297 1022 5348 in
1062 5294 1317 5362 lieniaplis
1347 5294 1478 5351 usus
1509 5308 1594 5353 cst
1622 5294 1903 5365 Origenes,
1938 5297 2093 5350 Nico-

519 5367 631 5433 poli
652 5366 806 5434 juxta
829 5367 1044 5420 Aetium
1077 5367 1243 5420 fuisse
1276 5368 1572 5431 inventam,
1606 5369 1696 5425 sed
1726 5383 1972 5436 quanam
2002 5367 2090 5420 illa

521 5437 616 5494 sit,
649 5453 717 5506 an
759 5437 964 5504 quinta,
1006 5451 1073 5489 an
1123 5445 1299 5506 sexta,
1334 5446 1388 5490 et
1417 5453 1526 5506 quo
1569 5449 1810 5504 tempore
1845 5440 2085 5499 inventa,

520 5521 627 5558 non
657 5505 898 5560 adnotat.
922 5511 1128 5560 Auctor
1155 5504 1452 5575 Synopseos
1494 5508 1637 5562 inter
1669 5523 1830 5576 opera
1860 5508 2090 5562 Athana-

520 5576 878 5647 siana_cusa,
917 5586 970 5630 et
999 5576 1336 5645 Epiphanius
1361 5577 1456 5630 lib.
1512 5577 1589 5632 De
1628 5578 1788 5647 pond.
1829 5587 1877 5630 et
1925 5593 2088 5630 mens.

521 5659 645 5712 cap.
683 5645 775 5708 18,
803 5655 1011 5699 sextam
1037 5647 1177 5716 hanc
1200 5659 1322 5701 esse
1345 5645 1668 5715 pertendunt
1693 5665 1706 5707 ;
1740 5648 2094 5716 Hieronymus

524 5729 654 5785 vero
676 5717 949 5783 quintam,
975 5724 1030 5767 et
1070 5715 1146 5768 ita
1179 5731 1401 5771 narrare
1441 5718 1613 5784 ipsum
1639 5717 1925 5785 Origenem
1946 5715 2092 5771 scri-

527 5784 606 5836 bit
652 5785 868 5854 Prolog.
918 5789 970 5837 in
1002 5785 1156 5837 Cant.
1204 5787 1395 5838 cantic.
1433 5787 1537 5840 Sed
1583 5787 1888 5855 Epiphanio
1927 5804 2096 5852 "1:1ng

518 5856 882 5911 adita-remus.
912 5855 1045 5909 Cum
1069 5857 1213 5909 enim
1241 5865 1352 5909 tum
1384 5871 1446 5910 ex
1473 5858 1612 5925 ipso,
1639 5867 1748 5912 tum
1776 5873 1836 5913 ex
1871 5857 2097 5914 Eusebio

2191 4673 2400 4726 doceat.
2433 4672 2566 4738 Qua
2596 4671 2702 4727 hoc
2732 4685 2861 4742 ergo
2888 4673 3025 4735 loco,
3053 4681 3107 4726 et
3135 4673 3262 4727 alibi
3295 4674 3494 4742 passim
3515 4674 3764 4728 dubitan-

2191 4772 2275 4817 ter
2298 4773 2677 4832 propontmtur
2699 4778 2726 4816 a
2753 4765 2930 4829 nobis,
2955 4764 3034 4819 sic
3052 4764 3221 4817 lector
3243 4762 3478 4831 accipiat
3501 4772 3760 4832 tanquam

2194 4871 2372 4910 meras
2393 4855 2758 4926 conjecturas,
2787 4856 2990 4926 aliqua,
3029 4856 3073 4911 si
3099 4854 3259 4920 forte,
3292 4854 3759 4910 verisimilitudine

2195 5027 2407 5073 constet
2434 5018 2595 5072 aliam
2626 5033 2690 5071 ex
2719 5017 2802 5071 his
2837 5015 3166 5069 editionibus
3208 5013 3557 5069 Hierichunte
3587 5013 3756 5068 fuisse

2194 5099 2462 5156 repertam
2487 5089 2822 5156 temporibus
2853 5086 3165 5146 Caracalla,
3191 5087 3350 5138 aliam
3379 5085 3618 5152 Nicopoli
3657 5086 3757 5136 im-

2194 5169 2417 5226 perante
2433 5159 2764 5217 Alexandro,
2784 5167 2933 5209 certe
2952 5156 3358 5210 Hierichnntina
3381 5156 3544 5207 editio
3567 5156 3754 5222 quinta

2192 5245 2312 5282 esse
2339 5229 2519 5291 debet,
2554 5227 2926 5296 Nicopolitana
2964 5242 3094 5280 vero
3136 5237 3320 5288 sexta;
3354 5227 3621 5294 siquidem
3653 5227 3757 5296 ha-

2193 5298 2299 5351 bita
2339 5309 2660 5366 temporum,
2681 5295 2878 5365 quibus
2907 5299 3136 5349 inventa
3168 5306 3310 5359 sunt,
3341 5300 3568 5360 ratione,
3595 5295 3757 5366 aliam

2191 5365 2460 5432 quintam.
2482 5369 2640 5421 aliam
2675 5379 2878 5420 sextam
2913 5367 2978 5419 ab
3008 5367 3242 5435 Origene
3279 5376 3524 5420 vocatam
3589 5365 3758 5418 fuisse

2186 5439 2372 5492 scribit
2397 5441 2534 5492 idem
2565 5439 2914 5506 Epiphanius.

2260 5509 2372 5578 (50)
2395 5507 2442 5560 Ν
2450 5505 2822 5574 icopolitonam
2847 5507 3122 5578 editionem
3147 5517 3356 5560 nactum
3383 5506 3546 5578 fuisse
3567 5505 3756 5578 Orige-

2191 5595 2306 5632 nem
2334 5577 2582 5631 Credibile
2609 5588 2708 5631 est.
2733 5577 3046 5639 Caracallw,
3085 5579 3258 5646 inquit
3304 5577 3634 5644 Epiphanius
3661 5577 3752 5629 lib.

2191 5649 2267 5702 De
2293 5650 2448 5717 pond.
2477 5659 2523 5700 et
2546 5665 2732 5712 mens.,
2757 5662 2878 5714 cap.
2905 5648 2992 5709 18,
3016 5650 3243 5700 succedit
3270 5647 3563 5699 Antoninus
3592 5646 3752 5717 alias,

2191 5715 2577 5786 qui'imperavit
2604 5736 2770 5772 annos
2800 5734 2872 5770 tv.
2902 5717 3124 5770 Secutus
3164 5729 3236 5770 est
3286 5717 3584 5786 Alexander
3609 5715 3755 5782 ﬁlius

2197 5785 2489 5842 Mamma'w
2511 5791 2660 5840 annis
2687 5803 2803 5841 λιιι.
2837 5787 2902 5838 In
2933 5788 3104 5840 medio
3129 5798 3414 5854 temporum
3439 5785 3672 5842 illorum.
3699 5786 3754 5834 ὲν

2201 5861 2350 5930 μέσῳ
2384 5860 2488 5914 τῶν
2524 5860 2727 5929 χρόνων
2770 5857 2998 5924 τούτων,
3027 5859 3183 5912 editio
3211 5867 3381 5919 sexta,
3414 5872 3530 5923 qua:
3564 5864 3614 5909 et
3639 5855 3754 5923 ipsa
