4162 6440
448 449 538 504 661

1497 440 2068 498 ORIGENIANORUM
2108 440 2232 495 LIB.
2277 439 2316 505 1,
2351 437 2503 494 CAP.
2540 435 2606 493 ll.

3599 424 3702 478 662

447 566 782 634 conjunclas,
801 563 968 620 solida
988 561 1127 616 nulla
1154 569 1205 616 et
1228 561 1495 616 constanti
1518 562 1726 616 ratione
1743 565 2016 616 subnixas.
2052 569 2092 622 Α
2126 561 2218 613 sia:
2243 565 2516 627 postremo
2547 549 2929 607 communione
2951 559 3259 618 segregare.
3288 542 3487 597 Narrat
3505 541 3700 609 quippe

515 653 629 708 XII.
672 652 783 724 (5i)
808 652 964 707 P‘rius
990 660 1168 705 autem
1195 666 1354 719 quam
1389 651 1629 704 Athenas
1655 652 1888 714 veniret,
1919 668 2010 704 ar-

446 746 686 814 ripuerat
715 743 818 798 iter
853 757 951 812 per
1006 742 1371 806 Palmstinam,
1404 752 1458 798 et
1503 741 1766 797 Caesareae
1803 743 1872 796 ab
1900 743 2016 812 epi-

445 834 624 904 sc0pis
647 847 806 904 supra
836 830 950 901 jam
982 832 1422 887 commemoratis
1446 831 1762 888 Theoctisto
1806 842 1861 887 et
1887 833 2016 887 Aie-

445 926 653 981 xandro
687 925 753 980 ad
786 938 1000 981 sacrum
1038 924 1361 995 presbyterii
1387 925 1634 982 ordinem
1691 925 1870 980 fuerat
1893 942 2017 996 pro-

443 1028 646 1074 vectus.
664 1016 949 1072 Prioresne
968 1017 1079 1087 jam
1099 1026 1227 1072 ante
1249 1018 1552 1087 susceperit
1567 1018 1805 1083 ordines,
1825 1033 2015 1084 necne,

443 1126 548 1166 non
573 1110 783 1180 liquet;
820 1108 977 1165 facile
1000 1109 1254 1178 equidem
1301 1109 1541 1165 adducor
1569 1118 1630 1164 ut
1659 1110 1875 1166 credam
1922 1124 2017 1180 per

445 1201 665 1264 saltum,
690 1208 750 1254 ut
773 1207 990 1260 vocant,
1042 1200 1426 1272 presbyterum
1467 1199 1632 1257 fuisse
1659 1202 1964 1257 ordinatum
1998 1241 2014 1265 .

445 1303 606 1362 prout
638 1291 910 1361 primaevis
942 1291 1200 1348 Ecclesia:
1223 1292 1554 1360 temporibus
1591 1294 1644 1348 in
1687 1308 1841 1350 more
1870 1294 2015 1363 posi-

444 1393 556 1439 tum
586 1383 706 1438 fuit.
735 1382 791 1437 ιιι
816 1391 928 1437 tum
959 1382 1184 1450 contigit
1213 1397 1336 1438 cum
1373 1383 1728 1438 Antiochense
1760 1383 2015 1440 Ecclesiae

442 1475 684 1546 regimen
709 1475 1004 1544 capessivit
1057 1472 1317 1543 Zebinus,
1350 1474 1558 1530 Christi
1593 1476 1852 1531 nimirum
1907 1475 2014 1531 228

440 1580 606 1628 anno,
634 1565 928 1620 Alexandri
960 1564 1147 1620 Severi
1181 1580 1277 1630 vn,
1312 1564 1565 1636 Origenis
1598 1583 1754 1622 nm.
1788 1567 2012 1623 Factum

440 1658 543 1712 hoc
575 1672 605 1711 a
633 1657 998 1712 sanctissimis
1034 1657 1304 1727 episcopis
1339 1658 1391 1712 in
1423 1659 1639 1715 homine
1661 1659 1882 1716 ditionis
1906 1676 2012 1716 non

437 1765 569 1816 suae,
596 1752 696 1806 sub
727 1751 1038 1807 testimonio
1065 1748 1308 1821 epistola:
1336 1750 1740 1817 ecclesiastica},
1771 1769 1876 1824 qua
1904 1755 2013 1809 dis-

439 1842 718 1896 cedentem
746 1843 1050 1899 Demetrius
1076 1843 1252 1898 fuerat
1301 1853 1626 1913 prosecutus
1651 1861 1667 1910 ;
1698 1854 1758 1900 ut
1790 1846 1856 1900 ad
1882 1862 2002 1900 cuin

2126 648 2345 702 Photius
2374 646 2497 700 cod.
2529 642 2652 709 118,
2701 642 2966 710 geminam
3002 640 3264 692 adversus
3297 649 3421 690 eum
3451 640 3697 687 coactam

2123 739 2293 792 luisse
2327 735 2629 806 synodum;
2667 746 2896 801 quarum
2931 729 3080 799 prior
3106 727 3379 796 episcopis
3409 724 3612 792 aliquot
3642 730 3698 776 et

2120 825 2462 896 presbyteris
2489 820 2742 887 conflata,
2772 834 2893 874 eum
2927 818 3151 872 docendi
3181 829 3404 870 munere
3433 813 3693 868 abdican-

2119 919 2246 972 dum
2295 926 2350 972 et
2400 912 2726 969 Alexandria
2767 910 3073 980 pellendum
3112 909 3314 973 sanxit,
3368 903 3696 978 presbyterii

2120 1010 2443 1080 dignitatem
2475 1021 2580 1060 non
2615 1003 2876 1068 abstulit;
2907 1001 3076 1055 altera
3120 1015 3150 1054 a
3190 999 3464 1054 Demetrio
3490 1012 3558 1052 ex
3589 994 3694 1050 ali-

2118 1110 2250 1172 quot
2277 1097 2494 1171 )Egypti
2526 1096 2796 1166 episcopis
2820 1102 3010 1149 coacta
3029 1091 3320 1147 sacerdotii
3347 1104 3559 1160 quoque
3576 1148 3580 1153 ,
3596 1090 3695 1143 ho-

2119 1209 2250 1248 nore
2299 1191 2606 1246 exuendum
2648 1187 2911 1244 decrevit.
2976 1185 3113 1239 Huic
3167 1182 3426 1238 Demetrii
3473 1183 3693 1238 decreto

2116 1285 2462 1340 consensisse
2505 1281 2816 1336 universum
2851 1278 3060 1337 orbem,
3102 1287 3321 1344 excepta
3358 1274 3644 1337 Palaestina
3674 1314 3690 1339 ,

2115 1378 2342 1442 Arabia,
2394 1373 2674 1431 thnicia
2710 1382 2764 1427 et
2794 1372 2998 1427 Achaia
3063 1369 3390 1425 testiﬁcatur
3423 1368 3690 1436 Hierony-

2114 1487 2236 1527 mus
2270 1471 2362 1526 lib.
2393 1483 2433 1525 ιι
2459 1472 2513 1522 in
2537 1469 2740 1538 Ruﬁn.,
2775 1481 2896 1536 cap.
2926 1465 2978 1534 5,
3014 1479 3112 1520 nec
3137 1475 3359 1535 propter
3380 1463 3689 1533 dogmatum

2115 1565 2432 1629 novitatem,
2462 1575 2769 1628 erroresve,
2799 1561 2892 1616 sed
2949 1558 3151 1614 invidia
3207 1557 3426 1612 Iaudem
3473 1556 3690 1610 virtutis

2114 1658 2230 1726 ejus
2261 1655 2428 1710 fuisse
2476 1653 2758 1710 obtritam.
2809 1654 3014 1707 Auctor
3040 1665 3252 1722 quoque
3280 1649 3420 1704 idem
3443 1649 3558 1719 ipse
3583 1659 3686 1711 est,

2115 1765 2223 1804 non
2250 1747 2598 1818 presbyterio
2623 1747 2798 1800 solum
2831 1744 3117 1816 Origenem
3152 1759 3180 1798 a
3241 1741 3513 1798 Demetrio
3564 1755 3688 1796 esse

2114 1841 2444 1905 submotum,
2469 1840 2560 1894 sed
2580 1838 2839 1894 Ecclesia:
2857 1839 3021 1894 etiam
3046 1838 3305 1893 societate
3329 1835 3685 1906 prohibitum,

438 1930 520 1983 sui
548 1932 810 2001 purgandi
839 1948 999 1988 causa
1038 1932 1319 2002 rescripsit
1363 1933 1696 2001 Alexander,
1725 1947 2010 2000 mansueto
2041 1913 2083 1967 Β
2112 1930 2578 1986 consentientibus
2609 1931 2662 1984 in
2694 1928 2749 1984 id
2780 1929 3189 1994 sacerdotibus;
3220 1938 3280 1982 ut
3328 1926 3461 1982 mihi
3494 1927 3689 1980 verisi-

438 2021 520 2074 vir
550 2021 766 2092 ingenio
804 2031 969 2093 atque
995 2023 1102 2079 leni
1132 2042 1146 2079 :
1180 2023 1334 2092 cujus
1364 2033 1556 2080 testem
1599 2027 1790 2082 damus
1822 2026 2011 2084 Hiero-

437 2121 654 2182 nymum
691 2112 786 2167 lib.
819 2113 896 2168 De
923 2116 1100 2182 script.
1156 2114 1339 2170 coclea.
1393 2115 1446 2170 in
1479 2113 1630 2186 Orig.
1669 2126 1725 2172 et
1761 2117 2002 2174 Alexan-

433 2203 556 2258 dro.
584 2202 946 2270 Quamobrem
985 2206 1224 2275 episcopi
1279 2204 1502 2278 JEgypti
1540 2217 1596 2261 et
1656 2208 2003 2264 Alexandriae

434 2296 486 2348 in
526 2296 784 2366 synodica
811 2297 1038 2367 epistola
1071 2297 1184 2369 (ὅέ)
1213 2299 1474 2354 adversus
1520 2297 1771 2369 Origenis
1805 2301 2007 2356 doctri-

433 2403 590 2452 nam,
645 2389 1091 2461 χειροτονηθέντα
1142 2391 1304 2444 αὐτὸν
1359 2391 1724 2465 πρεσϐύτερον
1759 2393 1863 2446 ὑπὸ
1909 2394 2007 2464 τῆς

431 2479 722 2549 κανονικῆς
755 2497 814 2534 τε
853 2482 945 2536 καὶ
987 2483 1118 2553 μιᾶς
1156 2481 1336 2553 χειρὸς
1374 2481 1636 2554 ἀληθινῆς
1684 2496 2001 2555 agnoscunt.

430 2572 548 2639 Quo
603 2575 777 2644 magis
827 2575 999 2630 miror
1042 2575 1335 2644 scripsisse
1388 2575 1645 2631 Photium
1692 2578 1816 2634 cod.
1854 2577 1957 2632 H8
1986 2619 2001 2644 ,

429 2664 756 2720 Alexandria
804 2664 1092 2737 Origenem
1152 2666 1483 2736 profectum,
1535 2669 1738 2738 absque
1799 2669 2000 2739 proprii

429 2757 666 2833 episcopi
729 2773 995 2815 consensu
1060 2761 1386 2833 presbyterii
1450 2761 1769 2831 dignitatem
1820 2777 2002 2819 susce-

427 2849 592 2918 pisse.
615 2848 758 2904 ldem
789 2851 936 2905 addit
967 2849 1095 2907 facti
1120 2861 1396 2908 auctorem
1419 2850 1585 2908 fuisse
1607 2851 1999 2922 Theoctistum,

425 2941 769 3008 probatorem
803 2940 1195 2996 Alexandrum.
1238 2941 1351 3014 (5'5)
1387 2942 1515 2999 Uine
1545 2952 1648 3007 est,
1675 2944 1780 3000 hoc
1811 2943 2001 3000 dolore

425 3032 667 3101 graviter
691 3031 899 3088 exarsit
939 3033 1268 3096 Demetrius,
1301 3044 1355 3089 et
1381 3048 1446 3088 ex
1502 3034 1704 3105 insigni
1748 3034 1999 3107 Origenis

397 3120 594 3191 .gloria
609 3119 818 3190 jamdiu
857 3123 910 3177 in
947 3123 1072 3179 sinu
1124 3124 1412 3179 collectum
1475 3124 1693 3181 invidia:
1725 3128 1879 3183 virus
1925 3139 2000 3184 to-

424 3228 537 3268 tum
568 3214 830 3283 evomuit,
876 3215 1020 3270 unde
1064 3216 1313 3286 ingentes
1361 3217 1594 3274 subinde
1628 3221 1885 3275 concitati
1914 3230 1996 3276 tu-

422 3306 622 3361 multus
656 3315 819 3362 totam
867 3307 1167 3363 Ecclesiam
1222 3309 1275 3363 in
1326 3306 1592 3366 factiones
1637 3312 1990 3382 dissiparunt.

421 3394 554 3450 Nam
587 3398 820 3466 primum
851 3397 1103 3468 Origenis
1135 3399 1552 3466 castrationem,
1613 3403 1842 3460 mirifice
1875 3421 1903 3459 a
1933 3421 1993 3462 se

418 3498 579 3544 antea
601 3491 872 3547 laudatam
906 3500 962 3546 et
985 3492 1293 3562 probatam,
1325 3491 1535 3562 publice
1553 3491 1771 3550 diﬂ‘erre
1798 3509 1862 3551 ac
1891 3505 1994 3550 tra-

417 3578 618 3636 ducere
641 3580 828 3651 coepit,
853 3581 1148 3637 Ecclesiam
1170 3595 1388 3637 omnem
1414 3581 1678 3640 adversus
1701 3600 1823 3641 eum
1857 3602 1989 3643 con-

416 3671 608 3738 citare,
638 3673 784 3728 hunc
811 3673 1016 3730 honore
1043 3672 1334 3728 sacerdotii
1367 3672 1600 3743 privare,
1626 3686 1681 3732 et
1709 3677 1776 3733 ab
1805 3678 1989 3739 Eccle-

416 3835 470 3908 in
487 3834 642 3908 doliis
659 3835 875 3908 latebat,
901 3835 1140 3908 Νίσυροῑὶ
1161 3847 1227 3895 ad
1247 3844 1453 3897 Actium
1472 3854 1546 3898 est
1566 3845 1794 3898 inventa.
1817 3842 1984 3898 Porro

417 3907 500 3984 lus
528 3905 726 3971 verbis,
756 3905 1132 3984 év‘péoqaﬁtbv
1155 3913 1363 3984 χρόνων
1387 3913 1614 3977 τούτων,
1653 3913 1983 3984 Epiphanius

417 3977 724 4051 vel‘annu‘tn
754 3977 857 4044 qui
876 3977 1082 4051 medius
1105 3977 1478 4039 intercedebat
1499 3987 1567 4038 ab
1588 3977 1766 4038 initi‘o'
1781 3983 1979 4051 Eloga-

416 4044 521 4099 bali
545 4046 614 4126 _ad
647 4046 1146 4126 Alexandrijinem,
1179 4052 1231 4126 id
1280 4063 1385 4126 est,
1425 4069 1624 4126 annum
1661 4053 1827 4126 ipsius
1856 4044 1983 4126 A'lef

414 4116 612 4170 xandri
641 4133 673 4171 v
710 4117 910 4176 Christi
941 4120 1069 4186 226,
1120 4122 1201 4177 vel
1236 4116 1469 4178 medium
1502 4125 1662 4178 unius
1682 4116 1979 4177 Alexandri

414 4192 648 4267 tempus,
670 4187 736 4267 id
762 4199 870 4267 _est,
899 4192 1242 4267 annum‘ejus
1276 4193 1488 4267 imperii
1518 4193 1851 4267 vn,__Christi
1875 4193 1982 4267 228

413 4256 638 4329 indicat.
669 4256 776 4314 Sed
801 4256 945 4315 recte
978 4256 1576 4328 conjiciuntBaronius,
1599 4256 1850 4329 Huetius,
1875 4262 1985 4317 Til-

413 4326 708 4408 letnontius
743 4340 818 4408 _et
873 4326 1357 4408 Montefalconiu_s_
1383 4335 1524 4391 hanc
1553 4326 1982 4408 Nicopolitanant

412 4396 705 4473 editionem
733 4399 1018 4473 inventam
1059 4403 1236 4471 potius
1284 4403 1450 4460 fuisse
1502 4420 1644 4459 anno
1673 4396 1802 4470 2'28,
1841 4405 1983 4473 quod

412 4465 528 4535 ipsa
554 4467 796 4523 bistorite
818 4471 988 4526 series
1021 4465 1239 4526 videtur
1266 4473 1528 4530 indicare.

503 4535 592 4616 ξε)
619 4538 840 4616 Enseb_.,
877 4537 1076 4616 Hister.
1113 4542 1206 4598 lib.
1241 4559 1475 4616 v1,4cap.
1502 4545 1589 4599 23.

505 4606 820 4684 ﬁglgoncil.
855 4619 985 4684 tom.
1025 4610 1087 4679 V,
1119 4627 1238 4684 pag.
1280 4606 1404 4670 660.

621 4679 850 4752 Euseb,
894 4677 1100 4752 Hister.
1121 4677 1314 4738 'ecEles.
1344 4685 1436 4740 lib.
1469 4701 1544 4748 vr,
1573 4701 1692 4752 cap.
1725 4686 1787 4752 8,
1807 4695 1860 4742 et
1884 4687 1973 4740 23.

505 4687 572 4730 55
621 4687 850 4746 Euseb,
894 4687 1100 4735 Histor.
1131 4687 1314 4738 eccles.
1344 4687 1436 4740 lib.
1469 4701 1544 4748 vl,
1573 4701 1632 4741 ca
1677 4725 1692 4741 .
1725 4687 1860 4752 8,et
1884 4687 1973 4740 23.

611 4749 791 4826 _Alt’um
814 4751 990 4826 exsilii
1015 4752 1415 4826 hujuslcausam
1439 4757 1593 4824 affert
1626 4702 1974 4826 Epiphanius,

406 4829 512 4900 etc.
544 4820 710 4900 Adet;
723 4824 866 4900 omni
897 4820 1121 4900 prorsus
1144 4820 1616 4900 verisimilitudine
1645 4820 1837 4900 carere
1863 4820 1977 4882 haac

407 4889 630 4970 historia
659 4889 912 4970 _Daronio
928 4893 1041 4947 visa
1069 4903 1172 4970 est,
1220 4904 1288 4970 _ut
1345 4897 1556 4952 dubitet
1600 4913 1669 4970 an
1711 4898 1976 4970 hicglocns

408 4959 899 5036 Epiphanii‘textui
955 4979 1059 5018 non
1118 4966 1189 5018 sit
1220 4965 1456 5024 insertus
1487 4975 1543 5022 et
1595 4966 1970 5036 interpolatus.

405 5028 605 5083 Verum
653 5031 719 5083 ad
777 5032 829 5085 id
878 5047 985 5086 non
1018 5047 1238 5092 necesse
1262 5046 1345 5090 est
1377 5046 1435 5090 ut
1479 5028 1844 5093 recurranius.
1881 5037 1974 5092 Vel

400 5113 466 5154 ea
498 5100 612 5182 sola
645 5115 764 5170 qua:
793 5103 860 5156 de
884 5101 1094 5157 Meletio
1115 5113 1173 5158 et
1200 5107 1330 5182 A_rio
1381 5106 1549 5182 refert
1603 5107 1937 5182 Epiphanius
1957 5149 1970 5172 ,

403 5169 1043 5244 manifestoargumento
1071 5185 1197 5228 sunt
1232 5176 1407 5244 ipsum
1448 5169 1721 5234 interdum
1751 5169 1973 5233 incertis

400 5249 460 5318 et
488 5241 635 5318 falsis
659 5241 885 5296 nimium
924 5257 984 5318 se
1013 5241 1286 5300 credulum
1315 5248 1613 5315 praebuisse
1639 5248 1968 5304 rumoribus.

403 5309 531 5389 Ejus
560 5311 745 5379 itaque
771 5313 1070 5389 auctoritas
1099 5331 1202 5389 non
1250 5309 1473 5389 _obstitit
1501 5318 1790 5387 quominus
1814 5318 1972 5389 vale-

400 5381 732 5461 siusmmle‘ra:
767 5381 963 5461 fabulae
1018 5383 1134 5438 loco
1178 5384 1400 5461 haberet
1450 5381 1570 5442 eain
1599 5404 1788 5461 quam_
1814 5387 1974 5461 affert

403 5450 586 5530 exsilii.
621 5449 873 5530 Origcnis
903 5469 1147 5530 causam.
1183 5457 1238 5509 1⁸
1279 5455 1438 5530 Certe
1476 5449 1790 5530 auctoritati
1822 5459 1971 5530 Epi-

402 5521 589 5586 phanii
633 5525 684 5575 in
720 5537 785 5576 ea
811 5537 869 5576 re
903 5523 1133 5579 multum
1167 5536 1326 5580 nocet
1368 5527 1644 5582 silentium
1685 5521 1968 5583 hominum

401 5588 561 5666 longe
591 5591 709 5659 ipso
740 5592 1045 5666 doctiorum
1067 5634 1082 5658 ,
1139 5610 1368 5666 quorum
1425 5598 1518 5651 alii
1553 5595 1842 5666 Origenem
1874 5615 1974 5654 sa:-

401 5659 527 5739 ρυιρ
547 5671 742 5739 quarto
770 5671 826 5739 _et
849 5662 1036 5739 quint_o_
1053 5659 1699 5739 convitiisjncesseruni,
1730 5669 1822 5722 alii
1843 5685 1972 5738 apo-

403 5727 968 5808 logiis'dcfetaderunt.
993 5730 1107 5786 Non
1130 5734 1181 5808 _is
1203 5735 1446 5802 profecto
1470 5747 1589 5791 erat
1617 5727 1972 5808 Hieronymus

403 5800 494 5865 qui
527 5800 739 5875 hancei
767 5801 982 5875 culpam
1004 5800 1356 5875 condonaret,
1378 5817 1798 5875 quantacunque
1817 5800 1969 5860 illam

406 5871 723 5937 pmnitcntia
739 5870 979 5928 cluisset.
1003 5871 1170 5930 Multo
1198 5875 1378 5932 minus
1397 5870 1763 5933 condonasset
1791 5878 1967 5933 Theo-

2115 2022 2240 2079 mile
2271 2023 2366 2077 liat
2392 2023 2446 2076 in
2485 2023 2690 2094 synodo
2753 2037 2782 2076 a
2836 2021 3108 2076 Demetrio
3156 2019 3378 2075 collecta
3415 2019 3684 2074 sancitum

2113 2131 2329 2187 quoque
2360 2116 2494 2170 illud
2533 2115 2720 2172 fuisse.
2749 2113 2853 2170 Sed
2881 2114 2990 2182 jam
3022 2123 3179 2168 antea
3224 2113 3400 2184 patria
3433 2124 3685 2168 excesse-

2112 2217 2197 2262 rat
2221 2222 2343 2262 cum
2376 2207 2509 2262 coiit
2538 2205 2886 2262 Demetriana
2919 2205 3009 2260 illa
3037 2206 3302 2276 synodus,
3328 2207 3684 2274 quemadmo-

2110 2301 2234 2354 dum
2271 2299 2514 2356 dicemus
2552 2297 2712 2368 paulo
2746 2307 2886 2367 post.
2917 2297 2994 2352 lta
3041 2297 3246 2352 Achaia
3278 2311 3531 2353 reversus
3557 2295 3685 2350 Ale-

2110 2390 2396 2445 xandriam
2430 2390 2788 2445 Adamantius
2816 2389 2928 2457 jam
2981 2389 3285 2460 presbyter,
3328 2387 3684 2456 pristinisque

2109 2482 2348 2536 intentus
2406 2482 2623 2548 studiis,
2675 2497 2703 2535 a
2747 2482 2969 2552 proprio
3003 2481 3254 2551 episc0po
3301 2481 3402 2536 sibi
3443 2480 3680 2549 primum

2108 2573 2341 2641 favente,
2396 2575 2590 2630 deinde
2622 2574 2764 2628 clam
2825 2573 3121 2636 invidente,
3160 2581 3270 2626 tum
3303 2571 3559 2626 maximis
3611 2571 3679 2624 ad

2105 2667 2363 2722 invidiam
2395 2667 2506 2722 odii
2563 2667 2724 2721 factis
2771 2665 3177 2720 accessionibus
3232 2664 3409 2733 palam
3465 2664 3681 2720 infenso

2104 2760 2363 2832 agitatus,
2398 2759 2612 2814 tandem
2649 2757 2897 2813 defessus
2927 2757 3083 2812 malis
3115 2756 3327 2825 injuriae
3367 2756 3676 2819 concessit,

2103 2853 2404 2922 patriisque
2456 2852 2678 2907 sedibus
2717 2853 2978 2905 excedere
3014 2859 3235 2904 coactus
3261 2859 3363 2903 est.
3410 2847 3675 2903 Exsilium

2102 2943 2299 3014 quippe
2331 2943 2434 3013 ipsi
2463 2943 2795 2999 decernente
2849 2942 3079 3012 synodo.
3123 2942 3267 3010 quod
3298 2939 3398 2995 sibi
3435 2953 3676 3008 praesen-

2102 3035 2270 3090 tiebat
2299 3049 2419 3090 esse
2444 3034 2749 3090 faciendum
2790 3033 2875 3088 vel
2941 3033 3210 3104 ingratiis,
3263 3040 3452 3102 sponte
3485 3031 3675 3085 admit-

2102 3138 2218 3183 tere
2249 3128 2440 3183 maluit
2473 3146 2485 3183 :
2532 3142 2656 3184 cum
2686 3127 2988 3198 praesertim
3022 3129 3490 3198 ingravescentem
3530 3125 3672 3179 invi-

2101 3220 2244 3274 diam
2269 3220 2413 3276 l’erre
2465 3236 2572 3277 non
2610 3229 2814 3291 posset.
2855 3220 2949 3277 Sic
2978 3221 3123 3276 enim
3154 3219 3480 3275 conciliandi
3523 3224 3666 3285 sunt.

2099 3313 2190 3382 qui
2209 3313 2415 3381 jactant
2439 3322 2630 3385 sponte
2658 3313 2862 3369 abiisse
2892 3314 3091 3384 ipsum,
3117 3327 3240 3368 cum
3274 3313 3340 3366 iis
3367 3311 3457 3382 qui
3498 3309 3671 3381 patria

2099 3404 2382 3473 expulsum
2414 3413 2468 3460 et
2501 3404 2924 3460 exterminatum
2957 3402 3126 3457 fuisse
3153 3402 3365 3456 volunt.

2168 3493 2305 3550 Xlll.
2343 3494 2457 3567 (54)
2489 3495 2663 3550 Aliam
2698 3495 2872 3551 exsilii
2906 3495 3067 3562 hujus
3097 3509 3316 3549 causam
3346 3490 3505 3545 affert
3546 3489 3672 3558 Epi-

2093 3589 2326 3657 phanius
2359 3589 2492 3643 hmr.
2532 3587 2601 3643 64
2625 3627 2641 3650 ,
2673 3601 2795 3656 cap.
2829 3586 2897 3652 2,
2932 3588 3116 3655 aitque
3147 3583 3349 3638 eximia
3383 3582 3666 3636 florentem

2087 3679 2413 3736 eruditionis
2452 3695 2517 3735 ac
2555 3680 2866 3735 sanctitatis
2910 3679 3072 3734 laude
3118 3676 3409 3748 Origenem
3436 3717 3450 3738 .
3497 3675 3670 3743 magi-

2126 3846 2286 3900 hilus.
2321 3844 2491 3913 Hujus
2518 3845 2762 3901 historias
2816 3847 3146 3902 mentionem
3204 3846 3394 3914 utique
3445 3842 3666 3914 fecisset

2139 3917 2408 3971 incentins
2439 3914 2770 3983 Lirinensis;
2827 3930 3004 3986 neque
3030 3917 3075 3972 si
3124 3930 3252 3969 vera
3290 3913 3497 3977 fuisset,
3532 3913 3667 3986 Por-

2087 3985 2336 4056 phyrius,
2379 3987 2470 4055 qui
2530 3986 2828 4042 reluctante
2877 3984 3004 4042 licet
3045 3986 3286 4042 veritate
3312 3984 3660 4056 Ammonjnm

2089 4053 2414 4126 Christianis
2433 4056 2652 4126 eripuit,
2675 4057 2964 4126 Origenem
2987 4056 3068 4112 eis
3101 4056 3428 4126 reliquisset.
3446 4053 3504 4106 2ο
3524 4054 3659 4126 Quis

2091 4125 2252 4180 facile
2274 4125 2375 4180 sibi
2417 4122 2744 4194 perauadeat
2772 4122 3124 4195 magistratus
3153 4122 3522 4193 et'prafectos
3540 4123 3657 4195 Ale-

2090 4195 2382 4249 xandrinos
2413 4195 2488 4264 (id
2518 4197 2661 4249 enim
2692 4197 2794 4260 eis,
2827 4194 2934 4251 nOn
2975 4197 3248 4253 seditiosa:
3289 4195 3432 4264 plebi
3468 4194 3656 4248 tribuit

2088 4263 2456 4336 Epiphanius)
2514 4265 2824 4321 Alexandro
2875 4267 3175 4336 imperante
3217 4263 3653 4336 Christianisque

2088 4337 2250 4390 rebus
2281 4335 2516 4400 favente,
2553 4351 2716 4390 ausos
2739 4352 2860 4391 esse
2895 4334 3003 4390 tam
3033 4336 3358 4390 horrendam
3393 4335 3500 4388 vim
3531 4334 3655 4388 Ori-

2085 4406 2207 4475 geni
2238 4405 2461 4466 inferre.
2499 4406 2616 4460 viro
2644 4415 2772 4462 tunc
2801 4408 3060 4476 temporis
3089 4405 3462 4471 celeberrimo,
3491 4419 3650 4473 quem

2086 4485 2142 4529 et
2174 4485 2414 4536 noverat,
2443 4486 2497 4530 et
2532 4477 2750 4544 plurimi
2786 4475 3020 4532 faciebat
3057 4476 3330 4530 Mammaea
3361 4475 3653 4544 imperato-

2088 4547 2165 4601 ris
2219 4555 2391 4602 mater
2419 4543 2832 4615 potentissima?
2863 4543 3108 4602 'Videtur
3137 4543 3478 4601 existimasse
3519 4544 3652 4614 Epi-

2018 4615 2062 4670 D
2090 4616 2321 4685 phanius
2353 4617 2403 4668 id
2435 4617 2746 4686 contigisse,
2779 4616 2992 4671 furente
3026 4618 3205 4686 aliqua
3235 4615 3608 4686 persecutione
3633 4656 3662 4680 μ

2086 4687 2354 4757 siquidem
2376 4687 2664 4756 ()rigenem
2689 4689 2762 4740 ait
2795 4686 3167 4742 confessorum
3192 4697 3604 4757 martyrumque
3635 4727 3651 4748 ,

2077 4755 2170 4824 qui
2208 4755 2315 4811 illis
2340 4755 2675 4826 temporibus
2721 4768 2900 4818 erant,
2929 4757 3132 4825 judicio
3171 4760 3242 4812 ab
3282 4755 3522 4811 Ecclesia
3555 4761 3652 4811 de-

2070 4826 2274 4896 jectum
2310 4841 2451 4880 esse.
2489 4826 2686 4898 Verum
2713 4828 2802 4881 vix
2833 4827 2980 4882 ullus
3017 4830 3553 4898 reperiturrmartyrg
3584 4843 3650 4880 eo

2078 4899 2193 4968 ipso
2222 4906 2464 4968 tempore
2484 4911 2591 4968 quo
2613 4897 2942 4968 Alexandria
2974 4901 3202 4952 recessit
3222 4896 3500 4968 Origenes.
3527 4896 3646 4950 .lam

2075 4967 2219 5038 enim
2246 4982 2274 5018 a
2305 4967 2495 5038 viginti
2534 4967 2663 5038 fere
2703 4967 2861 5038 annis
2887 4982 3046 5038 nemo
3079 4967 3473 5038 persecutionis
3499 4968 3646 5020 sciu-

2079 5037 2244 5090 tillam
2271 5035 2499 5092 viderat.
2532 5036 2712 5093 Unum
2742 5037 2934 5092 saltem
2982 5035 3211 5092 Huetius
3267 5035 3510 5104 proferre
3550 5041 3644 5092 de-

2075 5107 2268 5162 buerat
2300 5118 2588 5176 martyrem
2611 5122 2772 5176 quem
2799 5108 3106 5162 Alexandro
3158 5109 3455 5175 imperante
3518 5107 3641 5162 Ale-

2075 5179 2318 5232 xandria:
2375 5191 2596 5246 passum
2628 5192 2750 5230 esse
2799 5189 2948 5232 certa
2976 5188 3032 5231 et
3079 5178 3383 5232 indubitata
3421 5178 3639 5232 tradant

2075 5248 2425 5318 monimenta.
2446 5247 2682 5318 Hicetas,
2702 5246 3061 5318 Nicephorius,
3086 5247 3286 5318 aliique
3305 5250 3637 5303 recentiores

2073 5316 2246 5372 Graeci
2265 5317 2410 5387 hunc
2439 5317 2687 5384 Origenis
2705 5316 2911 5387 lapsum
2940 5317 3006 5370 ad
3040 5316 3638 5384 Decii'persecutioncm

2074 5386 2435 5460 rejiciu_nt.R.
2469 5388 2528 5442 P.
2555 5386 2894 5458 Pagius’pag.
2921 5387 3099 5460 251,5
3124 5387 3179 5450 8,
3213 5402 3318 5441 non
3341 5388 3502 5460 aliam
3531 5391 3637 5442 nti-

2072 5472 2178 5525 que
2209 5458 2313 5512 sibi
2344 5457 2813 5511 ineundam’viam
2842 5459 3016 5522 duxit,
3049 5457 3278 5525 eamque
3307 5460 3374 5512 ab
3401 5457 3638 5526 Epipha-

2075 5527 2165 5582 nio
2194 5527 2416 5582 disertis
2446 5529 2624 5582 verbis
2663 5527 2890 5582 indicari
2929 5528 3038 5592 ait;
3072 5529 3163 5581 sed
3190 5527 3376 5580 incidit
3404 5529 3460 5579 in
3492 5527 3638 5597 Scyl-

2073 5598 2178 5668 lam
2204 5600 2418 5668 cupiens
2453 5599 2621 5649 vitare
2668 5597 3030 5668 Charybdim,
3066 5597 3140 5668 uti
3188 5597 3384 5651 invicte
3439 5600 3636 5666 probat

2075 5665 2298 5721 Huetius
2326 5667 2483 5735 infra
2504 5682 2626 5735 cap.
2649 5667 2704 5730 .4,
2737 5665 2958 5722 nuinJ.
2999 5667 3057 5721 3°
3087 5667 3240 5733 Quod
3271 5669 3316 5720 sl
3366 5665 3635 5735 utexpro-

2075 5737 2348 5789 brantium
2381 5734 2626 5806 ludibriis
2676 5753 2794 5792 sese
2847 5735 3240 5803 substraberet,
3273 5748 3470 5806 sponte
3509 5734 3633 5789 Ale-

2077 5807 2354 5859 xandriam
2384 5803 2598 5872 reliquit
2627 5817 2680 5861 et
2711 5808 2761 5860 in
2813 5805 3154 5860 Palzcstinam
3189 5803 3413 5862 secessit
3444 5805 3635 5873 Orige-

2076 5891 2189 5943 nes,
2217 5886 2274 5930 ut
2306 5885 2486 5929 narrat
2516 5875 2866 5949 Epiphanius,
2897 5889 3024 5942 ergo
3050 5875 3247 5933 falsum
3280 5887 3364 5933 est
3394 5878 3566 5946 ipsum
3597 5891 3629 5927 a
