4162 6406
506 389 612 447 (ἰεὸ

1779 390 1838 446 P.
1881 389 2194 446 DAMELIS
2225 385 2458 445 HUETll

3651 387 3757 444 604

503 513 770 562 stratuum
807 508 860 562 in
913 521 972 562 se
1005 507 1495 564 Alexandrinorum
1527 549 1541 573 ,
1584 510 2077 580 prafectorumque
2105 515 2148 572 Α
2181 509 2274 563 lib.
2312 525 2387 576 iv,
2417 510 2553 565 har.
2591 509 2651 564 5i
2681 550 2697 575 ,
2731 509 3024 578 contigisse
3053 509 3136 574 id,
3165 522 3284 563 cum
3315 506 3594 562 immutata
3630 521 3776 562 ωηο,

503 597 714 653 acuisse
730 597 1010 663 invidiam,
1033 608 1090 654 et
1119 601 1424 668 pctentium
1456 600 1772 657 inimicitias
1792 617 1892 670 pro
1911 603 2072 657 Chri-

503 699 588 744 sto
621 689 985 758 appetivisse;
1015 701 1069 745 et
1101 691 1169 744 ab
1198 689 1265 746 iis
1294 693 1746 760 comprehensum
1778 693 2072 762 aliquando

503 780 558 834 in
586 794 707 833 eam
743 779 914 836 fuisse
946 782 1326 837 necessitatem
1357 782 1673 849 adductum,
1708 793 1764 836 ut
1797 784 1882 840 vel
1915 784 2072 840 idolis

501 871 917 926 sacrificandum
952 873 1052 928 sibi
1083 882 1258 941 esset,
1291 875 1377 930 vel
1407 874 1678 943 Ethiopis
1711 875 1923 929 libidini
1950 892 2071 931 cor-

500 976 602 1030 pus
644 961 976 1017 oﬂ'erendum
1015 979 1166 1033 :qua
1221 965 1296 1018 rei
1345 965 1668 1034 indignitate
1713 977 2066 1034 commotum,

498 1051 676 1106 virum
720 1053 900 1107 omnia
949 1068 1058 1120 prie
1106 1055 1284 1109 studio
1327 1056 1594 1111 castitatis
1643 1065 2066 1127 postputantem,

500 1157 610 1203 tam
643 1145 748 1200 leni
774 1159 835 1201 se
863 1160 924 1201 ac
947 1146 1090 1202 victo
1123 1147 1305 1202 animo
1337 1149 1664 1216 ostendisse,
1695 1157 1754 1203 ut
1784 1149 2066 1204 sacrilica-

497 1249 676 1293 turum
703 1251 762 1291 se
792 1237 1097 1306 reciperet;
1134 1253 1234 1293 nec
1268 1239 1322 1293 id
1358 1237 1559 1294 fecisse
1587 1249 1788 1305 tamen,
1812 1241 1905 1296 sed
1940 1241 2067 1297 tbus

497 1329 556 1383 in
607 1342 801 1381 manus
834 1326 952 1394 eius
995 1327 1306 1393 impositum
1342 1330 1409 1383 ab
1458 1331 1764 1386 astantibus
1801 1331 1854 1386 in
1887 1332 2065 1402 ignem

501 1421 665 1474 fuisse
692 1432 978 1473 excussum
1028 1420 1205 1490 (addit
1234 1421 1450 1476 Nicetas
1485 1421 1638 1476 Thes.
1692 1423 1901 1476 orthod.
1936 1423 2062 1491 ﬁdei

498 1575 772 1632 Demetrio
803 1572 1082 1644 expulsum
1115 1573 1301 1640 fuisse,
1329 1575 1474 1644 quod
1498 1585 1674 1630 tamen
1699 1577 1943 1632 melioris
1969 1593 2067 1633 no-

500 1657 566 1701 tat
595 1655 847 1700 auctores
880 1643 1320 1718 referunt._Quod
1349 1646 1393 1700 si
1424 1645 1552 1700 illud
1598 1647 1868 1718 praecipue
1906 1645 2068 1718 γηθεῖ-

499 1718 632 1770 tium
663 1728 842 1768 causa!
876 1712 976 1787 fuit
1001 1728 1099 1787 cur
1127 1712 1417 1787 damnatus
1443 1723 1498 1787 et
1544 1712 1835 1787 sacerdotii
1885 1712 2070 1787 digni-

499 1796 612 1840 tate
642 1795 838 1840 exutus
873 1781 1038 1854 fuerit
1067 1797 1096 1835 a
1127 1785 1380 1848 concilio,
1409 1785 1484 1839 uti
1514 1795 1668 1853 putat
1697 1781 2066 1854 Huetiusfqui

499 1856 615 1910 ﬂeri
643 1856 818 1923 potuit
846 1862 904 1906 ut
923 1851 1288 1925 _.l_erosolymis
1317 1851 1558 1924 ignotum
1593 1854 1756 1925 fuerit
1798 1851 2068 1925 ejusmodi

496 1926 730 1985 crimen,
769 1938 888 1994 cum
921 1923 1048 1977 illuc
1080 1923 1226 1978 venit
1255 1923 1565 1994 Origenes?
1592 1925 1654 1979 4ο
1705 1923 1903 1979 Narrat
1931 1926 2072 1980 Pho-

499 1998 606 2050 tius
624 1995 743 2048 cod.
767 1992 890 2056 H8,
909 1995 1177 2060 geminam
1205 1992 1464 2048 adversus
1486 2009 1609 2049 eum
1635 2006 1874 2050 coactam
1905 1995 2074 2054 fuisse

496 2066 796 2137 synodum1
809 2078 1035 2131 quarum
1064 2064 1212 2137 prior
1241 2064 1508 2137 episcopis
1532 2064 1744 2137 aliquot
1765 2075 1820 2119 et
1847 2067 2073 2137 presby-

499 2132 628 2188 teris
662 2132 888 2189 conﬂata
919 2148 1040 2186 eum
1085 2132 1310 2189 docendi
1347 2132 1568 2189 munere
1622 2132 1984 2191 abdicandum
2009 2132 2074 2191 ἐι

497 2204 828 2276 Alexandria
890 2203 1194 2276 pellendum
1228 2204 1431 2276 sanxit,
1484 2205 1806 2276 presbyterii
1841 2205 2073 2276 dignita-

499 2285 602 2327 tem
638 2289 742 2344 non
780 2271 1023 2344 abstulit.
1056 2272 1164 2344 Cur
1192 2271 1749 2344 nonabstulittc'um
1795 2289 1858 2329 ea
1900 2271 2070 2344 'pmna

495 2344 700 2399 delicto
724 2341 1048 2413 huiusmodi,
1081 2342 1281 2398 fatente
1316 2343 1548 2413 ipsumet
1586 2343 1803 2407 fluetio,
1853 2341 2070 2413 aposto-

499 2413 623 2468 licis
650 2412 948 2483 canonibus
1006 2413 1384 2483 irrogaretur?
1413 2412 1694 2479 Quomodo
1728 2412 2025 2469 Palaestina:
2052 2456 2068 2481 ,

494 2484 706 2554 Arabia:
730 2521 745 2546 ,
817 2482 1216 2554 Phaeniciaafet
1269 2485 1490 2538 Achaia:
1526 2484 1781 2538 Ecclesiae
1814 2485 2071 2554 praasules

495 2553 613 2624 cfis
653 2567 874 2607 causam
918 2553 1285 2624 suscepissent
1317 2592 1333 2618 ,
1390 2554 1720 2624 praedicandi
1776 2553 1969 2609 munus
2019 2557 2068 2610 ei

501 2622 916 2682 :Iimmisissent,
955 2622 1168 2690 aliaque
1218 2623 1512 2677 sacerdmii
1561 2624 1642 2678 sui
1695 2625 1876 2678 munia
1917 2626 2071 2680 obire

493 2693 915 2761 permisissent?
945 2691 1173 2746 Fallitur
1205 2692 1432 2748 Huetius
1460 2709 1584 2748 cum
1617 2693 1694 2748 ait
1724 2709 1792 2748 ex
1826 2693 2067 2763 Epipha-

493 2764 585 2818 .i‘o
619 2775 870 2818 constare
933 2763 1212 2817 dubitasse
1259 2773 1470 2833 tantum
1501 2763 1792 2833 Origenem
1853 2765 2072 2819 idolola-

495 2833 1098 2904 triamne‘admitteret,
1149 2835 1214 2886 ad
1247 2832 1460 2888 facinus
1487 2832 1852 2904 nonjomnino
1877 2849 2070 2904 perve-

494 2904 682 2976 nisse._
711 2902 794 2976 Eu
832 2903 944 2969 ipsa
970 2902 1283 2976 ‘EPiphaﬂii
1331 2905 1500 2976 verba
1525 2903 1696 2976 3_T6w
1743 2902 2068 2976 ἀμφότέρῳν

492 2974 864 3045 προτεθέντων
924 2971 1072 3045 αξξτῷ
1104 2971 1477 3045 πραγμάτων,
1519 2971 1680 3027 θῦσαι
1719 2971 1917 3045 μᾶλλον
1952 2971 2068 3029 ἐλόο

497 3043 681 3117 μὲγος,
705 3044 766 3096 οὺ
792 3043 910 3117 Δμὴν
941 3043 1007 3117 se
1041 3043 1483 3117 ἐξούσίᾳςγνώμῃ
1503 3043 1756 3117 pauca,
1777 3046 1946 3117 τρῦτο
1970 3048 2069 3117 ἐπ-

493 3115 757 3186 ετέλεσεν,
776 3113 850 3176 ὡς
871 3113 1036 3186 crong
1053 3113 1442 3186 ᾄδιτᾳι’λόγος”
1455 3113 1578 3169 ’ἀλλ’
1591 3115 1776 3186 ἐπειδὴ
1790 3115 1923 3180 ὅλως
1943 3116 2068 3170 καθ-

491 3184 811 3256 ωμολόγησε
850 3184 1008 3256 τρῦτο
1053 3184 1295 3256 ’ξῑρᾷξςιιμ⁸
1318 3184 1568 3254 βαλόντες
1602 3186 1693 3239 ἐπὶ
1727 3184 1883 3256 χὲίρα
1903 3187 2064 3240 αὑτοῦ

492 3253 728 3327 λίβανον,
757 3255 835 3316 εἰς
864 3254 962 3327 τὴν
992 3253 1511 3327 τοῦίβῳμοῦίπυρὰν
1538 3253 1825 3327 καθῆκᾱνί
1845 3257 2062 3312 Duobus

493 3325 601 3377 illis
628 3325 930 3390 propositis,
991 3325 1292 3391 sacriﬁcare
1346 3325 1554 3379 maluit.
1598 3325 1910 3390 Quanquam
1959 3343 2062 3380 non

494 3395 703 3465 omnino
763 3402 948 3465 sponte
980 3393 1113 3446 illud
1169 3411 1283 3465 sua_
1320 3398 1628 3463 praestitisse
1655 3397 1804 3465 vulgo
1829 3397 2062 3461 dicitur;

492 3465 581 3516 sed
608 3463 695 3515 ubi
719 3463 876 3533 semel
907 3465 1003 3533 hoc
1040 3479 1093 3517 se
1117 3480 1227 3517 esse
1256 3463 1520 3533 facturum
1551 3463 1796 3519 assensus
1819 3477 1915 3532 est,
1944 3466 2063 3519 thus

491 3534 546 3584 in
573 3549 762 3585 manus
811 3532 1287 3604 illiusimpositum
1319 3537 1375 3588 in
1398 3534 1690 3604 subjectum
1722 3552 1831 3591 arae
1889 3536 2062 3604 focum

491 3604 787 3656 excussisse
819 3603 1034 3670 gentiles
1068 3615 1335 3658 asserunt.
1373 3607 1425 3658 ld
1450 3603 1579 3672 ergo
1603 3605 1759 3660 unice
1789 3607 1917 3660 dicit
1940 3605 2065 3673 Epi-

493 3673 750 3746 phanius,
775 3674 1052 3726 dubitasse
1073 3675 1360 3728 nonnullos
1390 3690 1456 3728 an
1493 3685 1775 3746 postquam
1805 3676 2063 3746 Origenes

493 3743 927 3814 sacriﬁcaturum
960 3757 1026 3814 se
1046 3758 1166 3798 esse
1189 3759 1447 3798 assensus
1470 3755 1571 3808 est,
1602 3744 1831 3814 ipsemet
1860 3743 1984 3799 llius
2008 3748 2060 3799 in

491 3813 670 3884 ignem
699 3828 807 3865 arae
838 3813 1145 3884 impositum
1173 3815 1436 3884 iujecerit.
1469 3815 1542 3869 De
1571 3813 1796 3870 assensu
1828 3825 2059 3882 constat;

493 3883 642 3954 atqui
696 3882 999 3937 assensisse
1053 3885 1186 3938 satis
1214 3882 1333 3938 erat
1374 3895 1430 3938 ut
1462 3886 1793 3953 poenitentia:
1826 3886 2052 3954 publica

492 3953 876 4025 subjiceretur:
912 3968 975 4008 ac
1011 3956 1237 4022 proinde
1286 3957 1580 4010 sacerdotii
1609 3953 1875 4025 dignitate
1907 3957 2056 4010 exci-

493 4025 666 4087 deret,
692 4039 812 4093 cum
839 4021 1097 4092 Origenes
1124 4025 1239 4093 ipse
1261 4024 1400 4079 libro
1427 4026 1585 4080 tertio
1614 4021 1795 4079 contra
1821 4025 2058 4091 Celsum,

493 4109 641 4146 num.
678 4092 766 4156 Si,
794 4108 916 4162 pag.
948 4094 1072 4160 482,
1099 4092 1248 4149 dicat
1274 4095 1608 4164 pcianitentite
1637 4096 1860 4164 publij
1894 4099 2062 4151 obno-

497 4165 615 4216 xios
640 4178 702 4216 ea
733 4172 942 4236 tantum
977 4165 1286 4236 conditione
1317 4167 1506 4236 recipi,
1550 4176 1610 4219 ut
1640 4168 1897 4234 quoniam
1925 4166 2058 4236 lapsi

493 4245 623 4305 sunt
651 4233 1011 4305 excludantur
1039 4235 1090 4286 in
1123 4245 1397 4302 posterum
1431 4233 1516 4290 'ab
1537 4233 1793 4305 omnibus
1819 4233 2053 4305 dignita-

495 4303 639 4356 tibus
671 4313 725 4357 et
755 4303 1164 4371 magistratibus
1186 4303 1591 4361 ecclesiasticis.
1626 4304 1778 4370 Quod
1822 4307 1865 4360 si
1888 4303 2060 4361 ‘Nice-

495 4382 580 4427 tas
622 4373 754 4427 dicit
786 4372 1073 4442 Origenem
1127 4378 1410 4429 immutata
1461 4378 1731 4430 sententia
1777 4391 2060 4431 revocasse

493 4443 843 4514 promissum,
877 4459 1050 4512 eoque
1082 4455 1228 4499 stare
1276 4447 1634 4508 detrectasse,
1674 4446 1858 4500 statim
1911 4448 2060 4500 addit

491 4528 788 4586 eum,jcum_
815 4525 1116 4586 urgeretur,
1149 4516 1209 4586 id
1226 4525 1403 4569 tamen
1435 4514 1773 4586 praestitisse.
1806 4516 1862 4570 5·
1884 4515 2054 4570 Tanta

491 4564 1872 4654 is'ciigaaisﬁ':c'anigusus;amarissiiiaa‘s,
1893 4564 2054 4640 ἶιῖὲῖ
2087 4564 2132 4619 Ι)

491 4651 797 4726 huiusmodi
828 4651 1014 4724 ﬂagitii
1047 4670 1170 4708 reus
1197 4651 1408 4722 luisset,
1435 4667 1585 4726 certo
1611 4655 1868 4710 aﬂirmarl
1889 4666 2057 4726 queat

491 4721 930 4794 futurumifuissé
958 4735 1014 4777 ut
1037 4739 1311 4794 nunquam
1339 4721 1406 4779 ex
1437 4725 1580 4780 illius
1611 4728 1873 4780 memoria
1906 4721 2057 4781 cxci-

492 4793 783 4866 dissetille
809 4794 1017 4866 psalmi
1042 4793 1192 4848 locus
1233 4795 1284 4848 in
1317 4810 1477 4864 quem
1513 4794 1868 4866 Jerosolymis
1916 4799 2054 4850 inci-

490 4863 950 4936 disse_iertur,_et
977 4865 1078 4918 sibi
1119 4863 1380 4936 perpetuo
1421 4863 1794 4936 interdixisset
1822 4876 2053 4936 etpra-

492 4934 764 4988 dicatione
789 4944 844 4987 et
871 4934 1275 5003 Scripturarum
1309 4934 1776 5003 interpretatione.
1805 4934 1968 4991 Certe
2000 4939 2054 4991 in

490 5017 556 5074 ea
585 5018 749 5074 quam
771 5002 1056 5074 Ambrosio
1081 5015 1133 5057 et
1175 5002 1488 5059 Prototecto
1512 5006 1659 5059 misit
1677 5009 1820 5061 circa
1855 5022 2055 5062 annum

487 5072 617 5145 255,
647 5072 1035 5127 Exhortatione
1062 5077 1130 5127 ad
1154 5077 1501 5145 _martyrium,
1533 5076 1813 5145 pristinam
1845 5078 2057 5131 idolola-

492 5143 610 5196 tria:
666 5158 777 5197 suae
809 5145 1026 5210 culpam
1076 5143 1271 5199 deﬂere
1307 5143 1421 5198 ἰιυιι
1456 5143 1746 5200 omisisset.
1779 5145 1836 5201 6°
1860 5147 2054 5200 Mirum

489 5227 621 5267 sane
652 5213 912 5280 ejusmodi
937 5214 1150 5270 facinus
1169 5215 1256 5269 uni
1295 5216 1436 5268 inter
1457 5225 1665 5270 veteres
1685 5227 1872 5270 notum
1891 5218 2055 5272 fuisse

491 5282 816 5356 Epiphanio,
841 5286 930 5352 qui
990 5284 1208 5340 aliunde
1235 5301 1321 5340 res
1353 5301 1471 5354 quae
1499 5289 1568 5340 ad
1610 5283 1860 5356 Origenis
1886 5289 2052 5341 vitam

489 5353 784 5418 pertinent,
813 5369 1002 5423 parum
1039 5356 1205 5410 scisse
1246 5353 1479 5410 videtur.
1511 5353 1782 5424 Nusquam
1809 5358 2055 5411 meminit

492 5424 1146 5497 Demetrianarauversus
1181 5441 1302 5497 eum
1337 5428 1728 5493 persecutionis
1753 5467 1769 5490 ,
1827 5441 1926 5481 nec
1963 5441 2055 5497 ge-

492 5494 652 5545 mina:
674 5494 875 5564 synodi
907 5509 1136 5562 quarum
1190 5496 1361 5548 altera
1410 5497 1606 5551 exsilio
1645 5497 1845 5564 pulsus,
1882 5494 2054 5550 altera

488 5563 812 5636 sacerdotio
844 5575 898 5618 et
950 5564 1187 5620 Ecclesia
1243 5564 1339 5618 fuit
1364 5563 1688 5636 "abdicatus,
1748 5582 2052 5636 quanquam

488 5632 754 5702 ejusmodi
783 5632 929 5703 facta
955 5650 1076 5689 sese
1106 5647 1297 5703 sponte
1317 5635 1617 5690 oﬂerebant
1650 5632 1938 5691 inserenda
1987 5637 2044 5690 li-

487 5700 586 5757 bro
618 5717 723 5771 quo
768 5700 1056 5774 Origenem
1114 5700 1369 5774 tanquam
1425 5707 1736 5762 haereticum
1769 5708 2053 5764 traducere

563 5842 638 5908 (α)
681 5841 880 5896 Concil.
918 5852 957 5900 t.
983 5843 1047 5909 ν,
1074 5860 1128 5912 p.
1154 5842 1278 5897 664.

2180 602 2344 656 tentia
2363 615 2554 655 revoca
2564 612 2646 655 ret
2661 603 3009 670 promissum,
3026 613 3198 668 eoque
3213 609 3360 653 stare
3373 596 3749 668 detrectaret):

2180 694 2307 748 hinc
2333 693 2505 762 ipsum
2543 700 2688 746 tanta
2717 705 2996 760 aspersum
3017 705 3139 746 esse
3159 689 3404 755 infamia,
3428 699 3486 745 ut
3509 686 3750 744 Ecclesia

2178 784 2538 854 depelleretur
2572 799 2588 848 ;
2637 798 2872 853 cumque
2905 782 3172 848 ludibria,
3219 790 3274 838 et
3301 782 3580 838 oculorum
3615 795 3750 836 con-

2170 879 2413 942 jectum,
2452 875 2652 944 quibus
2699 883 2761 927 ut
2810 873 3097 928 idololatra
3145 871 3559 938 destinabatur,
3606 869 3751 926 ferre

2179 983 2286 1022 non
2334 975 2548 1036 posset,
2592 965 2806 1020 invidia:
2857 965 3186 1020 detestandae
3227 965 3400 1035 gratia
3444 965 3748 1020 Caesaream

2174 1057 2580 1125 commigrasse.
2615 1055 2844 1110 Constat
2893 1063 3044 1110 certe
3083 1071 3150 1110 ex
3193 1055 3383 1110 eodem
3417 1054 3746 1124 Epiphanio,

2175 1149 2453 1204 dubitasse
2487 1156 2692 1202 tantum
2722 1147 3009 1218 Origenem
3039 1146 3470 1201 idololatriamne
3493 1147 3740 1200 admitte-

2175 1250 2278 1306 ret,
2306 1239 2372 1293 ad
2403 1238 2614 1296 facinus
2643 1253 2768 1294 nnn'
2794 1239 3019 1295 omnino
3062 1237 3372 1309 pervenisse
3398 1253 3414 1302 ;
3447 1251 3569 1306 qua:
3620 1249 3745 1290 cum

2173 1329 2439 1384 dubitatio
2481 1329 2687 1384 crimen
2745 1338 2924 1383 tamen
2978 1327 3095 1398 ipsa
3142 1327 3234 1390 sit,
3286 1325 3400 1398 (55)
3449 1326 3743 1380 admissum

2171 1421 2482 1475 humanitus
2504 1429 2787 1489 peccatum
2815 1418 3130 1488 tempestiva
3161 1427 3216 1472 et
3243 1417 3446 1472 salubri
3474 1417 3748 1486 paeniten-

2174 1575 2277 1632 sibi
2309 1584 2687 1646 proposuerat.
2710 1574 2765 1627 7°
2788 1573 2876 1627 Ait
2894 1573 3181 1646 Origenem
3206 1583 3329 1646 post
3354 1589 3509 1646 suum
3533 1573 3742 1646 lapsum

2175 1655 2230 1702 et
2259 1644 2584 1701 Alexandria
2619 1646 2917 1698 discessum
2971 1644 3025 1698 in
3068 1645 3312 1697 notitiam
3348 1644 3620 1698 Ambrosii
3655 1661 3744 1701 ve-

2171 1719 2350 1778 uisse;
2385 1718 2508 1770 huic
2558 1717 2656 1785 ipsi
2693 1723 2752 1767 ut
2776 1715 3022 1785 hatregim
3050 1712 3288 1781 eiuraret
3320 1724 3606 1785 auctorem,
3639 1731 3738 1770 ex-

2179 1787 2411 1851 stitisse;
2438 1782 2785 1840 Ambrosium
2815 1782 2883 1836 ab
2904 1783 3136 1854 Origene
3165 1785 3556 1854 postulassent
3587 1784 3740 1840 Scri-

2103 1883 2148 1940 B
2172 1866 2356 1926 pturas
2387 1857 2488 1940 sibi
2540 1853 3023 1940 interpretatione
3048 1855 3407 1940 patefaceret;
3444 1853 3738 1940 Origenem

2182 1923 2314 1980 vero
2355 1936 2413 1981 ut
2441 1923 3002 1981 hortantiAmbrosio
3038 1938 3137 1992 pro
3184 1938 3250 1994 eo
3297 1934 3462 1994 atque
3490 1923 3569 1982 illi
3605 1941 3740 1981 con-

2177 1995 2430 2066 gruebat,
2462 1996 2818 2053 satisfaceret,
2847 1995 3157 2066 universam
3203 1993 3542 2066 _Scripturam
3574 1996 3742 2051 inter-

2175 2063 2479 2132 pretatione
2519 2081 2616 2121 sua
2650 2075 2704 2119 et
2737 2065 3078 2130 expositione
3112 2063 3389 2118 declarare
3414 2066 3735 2124 instituisse.

2175 2136 2329 2202 Quod
2357 2152 2477 2191 cum
2510 2135 2732 2189 omnino
2759 2133 2951 2187 falsum
2991 2149 3111 2188 esse
3153 2143 3397 2200 constet,
3429 2135 3600 2201 major
3636 2139 3740 2193 erit

2172 2221 2352 2274 error,
2383 2209 2426 2260 si
2465 2207 2580 2260 haec
2627 2214 2746 2274 post
2784 2204 3069 2274 Decianam
3096 2206 3532 2274 persecutionem
3561 2209 3740 2260 conti~

2173 2272 2720 2344 gisse'existimavit.
2779 2273 2844 2328 8°
2880 2273 3140 2343 Origenes
3195 2272 3336 2327 forte
3390 2275 3580 2342 viginti
3617 2288 3740 2332 octo

2174 2346 2450 2416 mensibus
2469 2345 2592 2416 Tyri
2614 2360 2716 2416 non
2743 2355 3108 2416 commoratus
3129 2353 3234 2405 est,
3258 2354 3313 2397 et
3335 2352 3510 2398 tamen
3539 2346 3585 2416 si
3611 2349 3742 2402 fides

2171 2426 2256 2470 est
2291 2413 2590 2484 Epiphanio
2619 2415 2711 2468 lib.
2739 2413 2817 2467 De
2841 2419 3003 2480 pomi.
3034 2425 3081 2467 et
3116 2429 3303 2477 mens.,
3349 2429 3471 2483 pag.
3503 2415 3628 2478 4'75,
3675 2419 3743 2471 ab

2171 2487 2287 2550 ejus
2318 2486 2652 2540 Alexandria
2707 2485 2948 2553 discessu
2981 2494 3034 2538 et
3065 2494 3348 2552 postquam
3398 2486 3739 2553 aliquantum

2173 2561 2428 2625 temporis
2458 2551 3177 2625 consumpsitJerosolymis
3205 2551 3259 2607 et
3314 2551 3599 2625 Caesarem,
3660 2559 3730 2611 vi-

2171 2623 2305 2692 ginti
2341 2635 2462 2680 octo
2493 2625 2650 2679 annis
2695 2627 2746 2678 in
2773 2638 2988 2679 secessu
3021 2623 3186 2694 Tyrio
3233 2637 3404 2678 sacrae
3435 2624 3739 2694 Scriptura:

2170 2710 2391 2764 cperam
2431 2695 2600 2751 dedit.
2643 2695 2908 2749 Praeterea
2943 2692 3082 2762 quis'
3109 2692 3248 2747 ferat
3280 2692 3633 2764 Epiphanium
3659 2698 3742 2750 di-

2171 2762 2382 2820 centem
2407 2765 2567 2836 Decio
2587 2766 2908 2833 imperatore
2916 2764 3165 2836 Alexand
3171 2764 3265 2836 riae
3282 2762 3528 2836 ﬂoruisse
3543 2763 3740 2836 Orige-

2171 2851 2314 2897 nem,
2335 2835 2576 2902 cumjam
2596 2837 2896 2904 Imperante
2911 2833 3152 2904 Septimo
3166 2833 3388 2895 Severo.
3407 2848 3438 2887 ι.
3455 2835 3566 2889 fere
3583 2833 3742 2892 annis

2169 2916 2296 2958 ante
2323 2904 2577 2973 Decium,
2616 2903 2808 2974 magna
2840 2903 3007 2958 fuerit
3038 2903 3290 2974 0rigenis
3327 2905 3618 2961 celebritas
3645 2945 3662 2970 ,
3686 2917 3742 2962 et

2167 2975 2356 3044 viginti
2397 2985 2522 3031 ante
2561 2973 2778 3032 Decium
2843 2975 3000 3046 anuis
3049 2973 3414 3046 Alexandria,
3459 2991 3738 3046 nunquam

2171 3042 2296 3099 illuc
2334 3060 2683 3110 reversurus,
2713 3045 3036 3100 excessisset
3062 3042 3084 3096 ἲ
3115 3043 3269 3109 Quod
3318 3045 3361 3099 si
3393 3059 3491 3114 pro
3534 3042 3738 3101 Sévero

2169 3115 2374 3170 dixeris
2413 3115 2740 3185 imprudenti
2797 3116 3076 3184 irrepsisse
3123 3114 3376 3176 Decium,
3421 3129 3518 3168 cur
3562 3117 3738 3171 adhuc

2171 3184 2504 3254 Epiphanius,
2529 3185 2624 3240 lib.
2660 3184 2737 3238 De
2763 3187 2925 3254 pond.
2958 3195 3006 3237 et
3037 3201 3201 3237 mens.
3221 3223 3237 3248 ,
3283 3200 3409 3254 pag.
3441 3185 3578 3254 174,
3608 3189 3740 3241 scri-

2169 3257 2272 3324 psit
2325 3255 2613 3324 Origenem
2660 3257 2726 3310 ab
2772 3257 3116 3323 imperatoris
3152 3255 3296 3324 Decii
3344 3265 3584 3324 tempore
3611 3296 3624 3320 ,
3669 3257 3738 3312 ad

2165 3323 2376 3380 Gallum
2407 3323 2461 3380 et
2494 3325 2864 3392 Volusianum,
2909 3335 2968 3379 et
3001 3325 3137 3378 ultra
3184 3323 3476 3379 ﬂoruisse?
3506 3324 3606 3381 Ubi
3639 3326 3738 3380 du-

2166 3395 2284 3463 plex
2325 3411 2501 3462 error,
2538 3412 2660 3450 cum
2695 3395 2889 3450 Decius
2915 3410 3012 3462 pro
3053 3394 3256 3448 Severo
3287 3397 3502 3463 ponitur
3535 3408 3588 3450 et
3622 3399 3738 3450 Uri-

2165 3467 2320 3533 genis
2351 3480 2499 3536 mors
2543 3469 2681 3518 ultra
2715 3467 3002 3536 imperium
3034 3463 3174 3519 Galli
3200 3476 3273 3536 _et
3305 3466 3574 3520 Vulusiani
3613 3469 3738 3536 reji-

2164 3538 2325 3590 citur.
2359 3535 2503 3606 Ergo
2535 3551 2643 3603 quo
2669 3537 2844 3590 serius
2871 3535 3152 3590 diﬂeretur
3180 3534 3428 3604 Origenis
3456 3537 3641 3605 lapsus
3668 3534 3737 3592 ad

2165 3606 2398 3659 Deciana
2427 3619 2689 3675 tempora.
2732 3621 2796 3660 eo
2825 3606 3024 3672 majora
3063 3615 3348 3674 suppetent
3388 3620 3728 3675 argumenta,

2163 3675 2358 3746 quibus
2395 3677 2616 3730 evidens
2653 3677 2742 3729 fiet
2790 3677 2946 3744 plane
2989 3676 3173 3728 rudem
3204 3684 3258 3746 et
3287 3678 3648 3746 peregrinum
3679 3679 3732 3730 in

2165 3745 2415 3815 Origenis
2449 3747 2555 3798 vita
2589 3747 2758 3800 fuisse
2789 3745 3166 3814 Epiphanium.
3202 3745 3260 3798 9°
3285 3745 3475 3798 Mirum
3513 3761 3616 3800 non
3653 3755 3739 3801 est

2163 3817 2206 3868 si
2239 3817 2506 3882 ejusmodi
2549 3817 2787 3871 fabulam
2831 3817 3030 3869 veteris
3082 3815 3363 3884 scriptoris
3406 3819 3737 3870 auctoritate

2163 3886 2343 3938 nixam
2389 3897 2576 3954 postea
2627 3887 2958 3954 reliquorum
3004 3885 3313 3940 Graecorum
3353 3887 3544 3955 vulgus
3589 3888 3737 3941 nullo

2162 3956 2412 4010 examine
2441 3957 2688 4024 arripuit.
2713 3959 2870 4010 Certe
2897 3957 3038 4008 illius
3063 3957 3264 4008 mentio
3295 3956 3353 4008 lit
3374 3960 3511 4025 apud
3537 3956 3734 4011 Neme-

2161 4025 2326 4095 sium,
2372 4029 2465 4080 sed
2505 4028 2688 4095 procul
2725 4027 2888 4080 dubio
2933 4042 3048 4079 eam
3081 4028 3133 4077 in
3180 4025 3477 4094 Epiphanio
3509 4027 3732 4094 legerat.

2161 4093 2276 4164 liirc
2327 4097 2464 4151 adde
2506 4093 2654 4164 quod
2707 4096 2986 4150 Nerinesi'us
3015 4095 3197 4161 exigui
3240 4093 3527 4151 admodum
3558 4093 3642 4151 est
3677 4099 3733 4153 in

2159 4162 2400 4220 Ecclesia
2446 4162 2738 4236 ponderis,
2788 4176 2843 4218 et
2890 4171 2954 4220 de
3005 4175 3248 4232 tempore
3286 4180 3392 4234 quo
3424 4169 3556 4220 vixit
3598 4169 3734 4223 nihil

2161 4238 2296 4288 certi
2339 4237 2442 4290 huc
2472 4253 2639 4304 usque
2679 4248 3013 4305 compertum
3046 4247 3150 4290 est.
3187 4236 3262 4306 (a)
3305 4237 3536 4306 Scripsit
3563 4237 3734 4292 Justi-

2159 4308 2356 4359 nianus
2393 4307 2549 4360 idolis
2597 4308 2937 4361 sacrilicasse
2984 4308 3273 4374 Origenem
3309 4307 3525 4362 Christo
3570 4311 3736 4363 abne-

2161 4388 2307 4444 gato,
2336 4376 2494 4445 idque
2525 4376 2682 4430 fateri
2721 4380 2967 4445 proprios
2993 4376 3107 4444 ejus
3155 4386 3500 4430 sectatores:
3535 4390 3590 4430 at
3638 4396 3734 4432 au-

2161 4446 2716 4518 ctoritas_Jttstitiiani
2740 4485 2756 4511 ,
2785 4448 2912 4500 licet
2939 4449 3096 4501 aliter
3125 4448 3328 4500 sentiat
3362 4445 3607 4511 lluetius,
3640 4465 3738 4518 pa-

2162 4529 2282 4585 rum
2331 4516 2472 4570 valet
2521 4519 2586 4570 ad
2633 4516 2898 4585 ejuSmOdi
2953 4519 3233 4570 historiam
3281 4516 3733 4573 continuandam.

2162 4583 2427 4657 Leontius
2457 4583 2784 4657 Byzantius,
2820 4588 3031 4642 Nicetas
3068 4588 3390 4651 Cboniates,
3420 4589 3619 4655 aliique
3651 4607 3737 4642 re-

2162 4656 2431 4711 centiores
2459 4656 2656 4728 Graeci,
2677 4673 2864 4712 omnes
2891 4658 3110 4728 Origeni
3146 4658 3516 4722 inl'ensissimi,
3550 4672 3736 4724 aperte

2163 4738 2456 4793 sequuntur
2484 4727 2866 4797 Epiphanium.
2895 4727 3011 4782 bed
3043 4729 3160 4795 ejus
3184 4730 3358 4780 errori
3387 4731 3594 4795 pondus
3626 4745 3733 4782 non

2162 4797 2313 4849 addit
2334 4799 2646 4865 sequaciqu
2672 4799 3061 4866 numerus,qui
3086 4800 3244 4867 longo
3268 4809 3392 4866 post
3423 4798 3575 4850 illum
3597 4809 3734 4852 tem-

2159 4881 2292 4935 pore
2323 4869 2592 4923 vixerunt.

2230 4933 2343 5007 (55)
2377 4935 2678 4991 Admissum
2707 4937 3013 4992 humanitus
3046 4947 3315 5006 peccatum
3343 4937 3640 5008 tempestiva
3682 4949 3732 4991 et

2161 5008 2361 5058 salubri
2412 5009 2714 5078 mentientia
2759 5013 3078 5062 emendasse.
3134 5009 3228 5063 liis
3267 5019 3416 5063 certe
3469 5019 3733 5078 repugnat

2161 5078 2302 5144 quod
2331 5079 2412 5149 ait
2438 5079 2552 5149 ipse
2583 5077 2842 5148 Origenes
2874 5081 2924 5132 in
2968 5079 3194 5149 epistola
3226 5081 3292 5132 ad
3336 5079 3542 5134 amicos
3572 5096 3734 5148 quos-

2161 5152 2284 5218 dam
2313 5147 2712 5203 Alexandrinos
2751 5149 2906 5218 paulo
2938 5147 3221 5218 postquam
3252 5147 3729 5203 Alexantlria’exi-

2161 5215 2297 5289 isset
2327 5219 2528 5287 scripta
2547 5257 2561 5279 ,
2587 5235 2691 5287 qua
2713 5260 2731 5286 ,
2751 5215 2895 5273 teste
2925 5215 3254 5289 Hieronymo
3311 5222 3406 5274 lib.
3441 5235 3478 5273 ll
3520 5223 3728 5274 advers.

2162 5286 2367 5353 Ruﬁn.,
2399 5286 2724 5342 Demetrium
2758 5289 2978 5355 lacerat,
3012 5302 3067 5345 et
3101 5286 3152 5344 in
3181 5292 3462 5359 episcopos
3487 5301 3542 5344 et
3571 5292 3732 5344 cleri-

2163 5373 2254 5409 cos
2283 5359 2384 5412 sibi
2430 5359 2684 5414 adversos
2715 5361 3019 5427 invehitur,
3051 5370 3106 5415 et
3138 5359 3340 5415 frustra
3373 5363 3443 5415 ab
3471 5360 3731 5417 Ecclesiis

2161 5431 2690 5501 excommunicatum
2736 5445 2858 5484 esse
2895 5445 2952 5484 se
2986 5433 3132 5485 dicit.
3178 5430 3461 5500 Repugnat
3495 5443 3548 5484 et
3585 5433 3727 5501 quod

2161 5499 2235 5548 ait
2258 5500 2318 5571 in
2351 5497 2675 5566 Pru'latione
2721 5511 2848 5554 κοιλ..
2885 5503 2945 5553 Vl
2979 5506 3031 5555 in
3071 5497 3362 5568 Joannem,
3409 5518 3569 5571 quem
3603 5497 3730 5557 'non

2162 5567 2330 5621 multo
2373 5579 2491 5638 post
2535 5585 2697 5638 quam
2741 5573 3068 5626 Alexandria
3100 5567 3728 5642 Caesaream’migravit,

2161 5642 2340 5712 denuo
2387 5655 2614 5712 exorsus
2653 5652 2767 5707 est,
2814 5659 2877 5696 eo
2922 5645 3064 5711 quod
3101 5646 3332 5710 priorem
3374 5646 3726 5712 scriptionem

2160 5708 2488 5764 Alexandria
2520 5712 2803 5769 discedens
2831 5708 3014 5768 secum
3051 5708 3155 5769 nun
3187 5708 3539 5784 asportasset.
3577 5715 3729 5780 Jam,
