4162 6438
385 425 490 479 665

1444 417 2020 474 ORIGENIANOR-UM
2059 418 2188 474 [ΑΒ.
2231 419 2269 484 l,
2308 418 2459 472 CAP.
2500 416 2567 474 ll.

3530 411 3640 466 666

390 546 457 596 tia
499 539 857 604 emendasse;
892 553 992 594 nec
1034 537 1180 592 Petri
1215 537 1422 606 lapsum
1457 536 1794 592 solummodo
1817 577 1834 600 ,
1865 536 1959 590 sed
1989 546 2034 599 Α
2064 535 2331 591 dubitavit
2370 533 2637 588 Baronius
2678 570 2694 595 ,
2721 531 2786 583 ad
2815 544 2902 583 an.
2938 529 3078 596 255,
3115 545 3267 584 num.
3320 530 3422 584 118
3446 569 3462 593 ,
3492 522 3646 594 cujus

391 633 654 702 lacrymas
679 631 850 685 etiam
877 644 941 684 ac
965 629 1204 683 dolorem
1231 637 1673 696 reprzesentasse.
1694 627 1963 694 Quemad-

383 717 607 777 niodUm
635 731 812 776 autem
843 719 1063 790 Origeui
1090 720 1156 774 ad
1183 719 1486 786 bujusmodi
1534 719 1798 788 ﬂagitium
1826 735 1965 788 prae-

393 817 488 870 ivit
516 816 732 878 Petrus,
752 816 823 870 ita
849 813 1156 868 Marcellino
1181 827 1328 883 papze
1355 822 1624 881 uterque:
1647 814 1791 868 hunc
1816 815 1960 867 enim

393 907 647 977 templum
687 905 864 961 Vestae
915 921 1037 960 cum
1093 905 1423 959 Diocletiano
1476 905 1780 975 ingressum
1839 905 1964 960 thus

389 1001 652 1055 obtulisse
673 999 790 1068 ejus
812 1001 1028 1054 nomine
1047 999 1308 1067 inscripta
1327 999 1460 1052 Acta
1489 1007 1777 1052 testantur.
1809 998 1962 1064 Quod

393 1092 576 1146 ﬁctum
606 1101 782 1145 tamen
811 1100 865 1145 et
913 1090 1108 1145 falsum
1153 1105 1275 1145 esse
1321 1090 1600 1145 contendit
1631 1091 1967 1160 Augustinus

392 1185 642 1239 adversus
683 1184 1004 1237 Petilianum
1041 1183 1374 1237 Donatistam
1411 1182 1548 1251 (56).
1591 1182 1660 1236 Et
1691 1193 1750 1238 ut
1777 1197 1962 1237 verum

393 1276 498 1342 sit,
550 1277 692 1329 hunc
732 1275 992 1345 martyrio
1038 1274 1202 1343 paulo
1237 1283 1360 1342 post
1400 1289 1609 1328 summa
1661 1274 1966 1328 constantia

394 1374 644 1434 suscepto
672 1365 849 1420 scelus
879 1380 1166 1433 reparasse
1189 1375 1394 1420 certum
1420 1373 1523 1420 est.
1551 1364 1688 1419 Tam
1724 1364 1969 1418 luculen—

395 1459 465 1512 tis
490 1467 668 1511 aulem
695 1458 864 1527 signis
887 1458 1256 1527 paenitentiam
1286 1473 1442 1513 suam
1464 1457 1726 1527 Origenes
1756 1455 1968 1524 publice

397 1558 627 1604 testatus
655 1559 760 1613 est,
784 1557 838 1602 ut
865 1549 933 1602 ab
959 1548 1151 1602 otiosis
1181 1548 1408 1603 subinde
1435 1548 1745 1603 hominibus
1766 1562 1967 1617 suppo-

394 1641 531 1696 situs
577 1641 740 1695 fuerit
782 1642 920 1697 liber
951 1641 1023 1696 De
1056 1642 1363 1711 paenitentia
1396 1639 1645 1711 Origenis
1671 1681 1685 1704 ,
1721 1656 1879 1710 quem
1914 1641 1966 1695 in

397 1733 828 1802 apocryphorum
869 1747 1090 1789 censum
1135 1733 1387 1788 Gelasius
1429 1747 1566 1801 papa
1606 1732 1791 1788 retulit
1829 1731 1963 1804 (57).

396 1825 449 1880 ls
479 1833 659 1878 tamen
710 1823 848 1879 liber
872 1825 938 1879 ad
971 1839 1130 1894 quem
1159 1824 1426 1894 pertineat
1453 1822 1703 1893 Origenis
1732 1823 1965 1892 lapsum,

2066 627 2209 681 enim
2241 641 2360 680 sese
2385 623 2634 680 criminis
2666 635 2812 675 reum
2844 621 2944 674 hoc
2971 622 3109 677 libro
3131 623 3340 691 peragit
3363 621 3645 674 Adaman-

2069 722 2196 785 tius,
2235 720 2324 774 vix
2355 720 2423 772 ad
2473 733 2592 773 eam
2640 730 2799 786 quam
2833 725 3129 770 tractamus
3165 714 3448 784 Epiphanii
3481 713 3646 767 histo-

2068 811 2202 864 riam
2250 819 2429 879 potest
2468 807 2888 864 accommodari.
2917 807 2996 861 Ac
3037 806 3165 860 illud
3198 806 3464 876 praicipue
3493 802 3644 873 ﬂagi-

2070 903 2201 956 tium
2236 917 2420 957 eausaa
2452 901 2620 957 fuisse
2651 901 2926 964 existimo,
2957 898 3309 968 quamobrem
3334 897 3642 952 sacerdotio

2066 1006 2122 1050 et
2147 995 2386 1051 Ecclesia
2413 995 2690 1049 abdicatus
2718 992 2900 1057 fuerit,
2928 1006 2992 1046 ea
3034 991 3300 1060 siquidem
3345 1003 3504 1058 poena
3551 987 3645 1041 de-

2067 1087 2194 1143 licto
2249 1087 2556 1158 hujusmodi
2621 1086 2934 1155 apostolicis
2988 1085 3291 1140 canonibus
3350 1085 3644 1152 irrogatur.

2067 1179 2176 1234 Nec
2209 1181 2403 1233 mirum
2441 1179 2510 1233 ab
2542 1178 2663 1233 aliis
2704 1179 2877 1248 ipsum
2921 1175 3171 1231 ecclesiis
3208 1174 3440 1243 benigne
3480 1173 3648 1228 fuisse

2070 1281 2378 1341 susceptum
2407 1289 2420 1324 :
2448 1270 2560 1343 (58)
2599 1280 2798 1339 quanta
2826 1269 2969 1322 enim
3005 1267 3335 1334 indulgentia
3363 1276 3419 1321 et
3461 1266 3646 1320 chari-

2070 1373 2183 1418 tate
2209 1363 2597 1417 adhiberentur
2621 1362 2749 1417 olim
2773 1360 3092 1425 Christiani,
3116 1361 3205 1428 qui
3232 1367 3354 1429 post
3373 1359 3646 1427 ejuratum

2070 1451 2386 1506 inﬁrmitate
2427 1451 2593 1505 animi
2631 1466 2697 1505 ac
2745 1451 2967 1505 mollitie
3003 1450 3279 1505 Christum
3330 1447 3647 1518 pmnitentia

2069 1543 2214 1596 ducti
2243 1545 2310 1596 ad
2353 1543 2634 1597 meliorem
2668 1552 2902 1594 mentem
2939 1547 3407 1605 converterentur,
3437 1539 3648 1592 discere

2069 1633 2195 1689 licet
2217 1633 2328 1704 (59)
2353 1648 2421 1688 ex
2446 1633 2673 1702 epistola
2701 1632 2939 1702 Dionysii
2959 1631 3308 1685 Alexandrini
3332 1631 3397 1683 ad
3423 1627 3647 1682 Fabium

2070 1728 2381 1798 episc0pum
2403 1727 2821 1790 Antiochenum,
2841 1734 3026 1780 contra
3048 1724 3332 1780 Novatum.
3360 1724 3472 1795 (60)
3495 1723 3648 1790 Quod

2071 1821 2116 1876 si
2141 1820 2374 1890 suscepti
2401 1828 2610 1874 tantum
2641 1821 2708 1874 ab
2745 1818 3004 1888 episcopo
3034 1833 3142 1873 non
3184 1835 3284 1875 suo
3321 1817 3649 1889 presbyterii

398 2005 594 2077 inquit,
625 2007 693 2059 ad
723 2007 962 2077 quintum
984 2023 1143 2076 usque
1183 2017 1399 2072 tomum,
1426 2007 1659 2075 quamvis
1690 2007 1960 2064 adversari
1993 2000 2032 2054 Β
2066 2016 2236 2062 tentes
2286 2005 2671 2077 reconciliare.
2733 2001 3064 2077 Martyribus
3103 2018 3242 2077 vero
3269 2004 3648 2077 “intercedere

399 2076 546 2130 nobis
591 2076 848 2130 videretur
889 2079 1222 2132 Alexandriae
1261 2077 1486 2145 procella
1514 2115 1530 2142 ,
1579 2093 1696 2146 quae
1725 2095 1966 2134 concessa

399 2146 568 2214 fuere,
595 2147 756 2200 locuti
779 2163 980 2213 sumus,
1017 2146 1146 2201 Jesu
1175 2149 1472 2215 increpante
1512 2158 1686 2200 ventos
1721 2157 1768 2200 et
1801 2150 1969 2203 undas

400 2217 584 2269 maris.
617 2215 701 2270 Ea:
720 2216 815 2270 hoc
848 2233 972 2270 casu
997 2218 1278 2286 progressi,
1304 2233 1370 2270 ex
1391 2215 1622 2286 zEggpto
1654 2216 1762 2270 Deo
1779 2233 1871 2271 nos
1901 2221 1968 2272 li-

401 2285 631 2356 berante,
653 2287 744 2356 qui
772 2287 954 2340 eduxit
987 2285 1234 2354 papulum
1257 2303 1406 2340 suum
1438 2303 1501 2338 ea:
1524 2302 1584 2339 ea
1603 2302 1622 2339 :
1654 2287 1839 2340 deinde
1867 2289 1970 2341 ini-

402 2357 534 2409 mico
571 2355 884 2426 (Demetrio)
919 2357 1164 2411 adversus
1201 2373 1294 2410 nos
1332 2357 1660 2426 acerbissime
1707 2367 1971 2424 pugnante

400 2440 492 2492 per
527 2425 654 2481 suas
702 2425 871 2480 novas
911 2427 1132 2489 litteras,
1171 2443 1343 2479 revera
1381 2425 1662 2493 Evangelia
1708 2428 1966 2491 inimicas,

403 2510 677 2565 omnesque
716 2494 936 2565 Egypti
979 2505 1150 2550 ventos
1196 2497 1442 2549 adversus
1493 2512 1585 2549 nos
1653 2498 1971 2562 concitante,

402 2572 543 2619 stare
576 2581 658 2619 me
696 2569 864 2632 magis
903 2566 1285 2620 adhortabatur
1321 2566 1458 2618 ratio
1503 2567 1572 2618 ad
1616 2578 1897 2631 certamen,
1923 2580 1971 2623 et

404 2650 609 2704 servare
631 2637 1116 2704 praestantissimum
1142 2637 1240 2688 mei
1259 2649 1480 2703 partem,
1499 2651 1659 2704 quam
1679 2639 1972 2704 importune

404 2703 718 2776 conjungere
745 2716 1024 2759 restantem
1052 2705 1400 2774 Scripturam,
1438 2703 1718 2776 antequam
1754 2703 1972 2763 rationis

403 2775 673 2828 discursus
715 2776 1146 2844 tranquillitatem
1178 2777 1443 2845 reciperet,
1480 2792 1541 2828 ne
1593 2775 1726 2843 forte
1771 2779 1973 2845 cogita-

405 2846 571 2897 tiones
610 2860 786 2906 pravo:
830 2847 1199 2898 inualescerent
1243 2847 1297 2897 in
1340 2844 1571 2897 animam
1611 2847 1768 2898 etiam
1807 2844 1972 2901 meam

406 2913 690 2982 procellam
720 2914 966 2968 inducere
987 2954 1000 2968 .
1019 2956 1033 2968 .
1055 2951 1070 2967 .
1098 2953 1112 2966 .
1146 2912 1304 2968 Nunc
1330 2930 1445 2967 vero
1469 2915 1678 2982 quando
1699 2917 1970 2970 adversum

405 2999 497 3054 nos
537 2984 715 3052 ignita’
745 2986 951 3054 sagitta:
994 2985 1172 3037 multa:
1210 3000 1356 3038 vanae
1397 2983 1606 3053 [uerunt
1657 2984 1836 3054 factm,
1868 2985 1973 3040 Deo

403 3053 522 3124 illas
550 3053 925 3122 exstinguente,
955 3063 1002 3108 et
1049 3064 1258 3107 assueta
1291 3056 1467 3106 anima
1501 3053 1676 3107 nostra
1708 3056 1789 3108 his
1810 3095 1826 3121 ,
1858 3072 1975 3124 qua:

403 3123 629 3194 ctzlestis
647 3127 900 3177 sermonis
939 3140 1098 3177 causa
1128 3125 1448 3194 contingunt,
1494 3125 1631 3192 ferre
1660 3123 1976 3194 cogitur’fa-

404 3194 554 3247 cilius
604 3193 772 3261 factas
805 3194 1058 3256 insidias,
1099 3194 1256 3248 veluti
1305 3192 1631 3262 aliquantum
1681 3192 1975 3249 serenitatis

406 3265 564 3326 nacti,
595 3277 698 3333 non
745 3264 966 3329 amplius
1015 3263 1311 3331 di/ferentes
1357 3265 1558 3318 dictare
1582 3264 1817 3316 volumus
1860 3281 1977 3333 quae

407 3343 639 3403 restant,»
658 3331 821 3384 Deum
846 3335 1149 3402 magistrum
1176 3338 1230 3386 in
1276 3332 1465 3385 anima:
1489 3343 1679 3386 nostra:
1706 3331 1976 3403 adyto'pe—

407 3402 596 3454 netrali
623 3401 948 3455 insonantem
970 3404 1148 3456 adesse
1177 3412 1467 3467 precantes.
1496 3413 1550 3456 ut
1575 3404 1733 3469 ﬁdem
1755 3401 1980 3472 accipiat

407 3483 673 3524 structura
702 3473 1053 3525 enat-rationis
1080 3472 1350 3540 Evangelii
1379 3475 1666 3525 secundum
1695 3473 1978 3530 Joannem.

415 3542 472 3595 Si
498 3543 642 3594 enim
667 3542 980 3595 idololatria:
1008 3558 1131 3596 reus
1160 3543 1350 3596 luisset
1371 3542 1634 3609 Origenes
1659 3562 1672 3596 :
1699 3547 1739 3594 si
1772 3545 1840 3597 ob
1862 3560 1980 3598 eam

412 3611 864 3682 causatngluisset
899 3610 1151 3682 Demetrii
1197 3613 1665 3681 compluriumqne
1697 3614 1981 3682 episcopo-

413 3696 531 3733 rum
561 3680 766 3746 judicio
799 3682 870 3734 ab
905 3681 1141 3735 Ecclesia
1172 3680 1590 3750 sacerdotioque
1628 3680 1904 3748 dejectus‘;
1937 3685 1981 3740 si

408 3751 637 3819 denique
667 3758 932 3817 paenitens
957 3790 973 3815 ,
1005 3751 1243 3819 nunquid
1275 3752 1349 3804 ita
1390 3753 1598 3806 locutus
1629 3750 1860 3806 fuisset?
1887 3752 1980 3808 .lu-

414 3821 558 3875 dicet
585 3836 769 3887 a-quus
805 3837 981 3874 rerttnt
1010 3822 1330 3874 aestimator.

480 3889 592 3960 (56)
619 3891 935 3960 Augustin,
973 3889 1048 3943 De
1071 3887 1224 3960 mne.
1255 3891 1521 3957 baptism,
1555 3905 1673 3958 cap.
1712 3888 1800 3943 16.

482 3958 593 4028 (57)
620 3959 825 4024 Gelas,
859 3960 914 4013 in
949 3976 1092 4013 conc.
1127 3958 1274 4012 Rom.
1309 3976 1339 4012 ς
1361 3999 1379 4024 ,
1413 3971 1547 4028 part.
1590 3977 1629 4022 ι,
1666 3960 1788 4014 dist.
1829 3961 1910 4016 l5.

479 4031 592 4100 (58)
625 4029 835 4100 Quanta
875 4032 1009 4082 enim
1041 4030 1366 4098 indulgentia
1395 4040 1440 4083 et
1477 4031 1734 4082 charitate
1766 4032 1983 4084 adhibe-

411 4114 593 4153 rentur
613 4101 735 4152 olim
771 4099 1080 4162 Christiani,
1112 4102 1270 4169 qui...
1300 4101 1500 4152 discere
1527 4101 1640 4152 licet
1675 4115 1740 4152 ex
1765 4102 1983 4166 epistola

409 4169 672 4238 Dionysii,
701 4181 807 4223 etc.
848 4169 970 4222 Haec
1009 4180 1136 4222 sunt
1168 4171 1399 4238 Dionysii
1439 4173 1597 4221 verba
1637 4187 1649 4221 :
1689 4171 1849 4222 Αὐτοὶ
1877 4171 1986 4224 τοί-

410 4257 503 4293 νυν
533 4241 581 4311 oi
616 4237 748 4291 θεῖοι
768 4240 1046 4311 μάρτυρες
1073 4241 1201 4311 mp‘
1232 4237 1458 4311 ὴμίνηοῐ
1495 4238 1590 4291 νῦν
1615 4239 1712 4311 τοῦ
1745 4240 1983 4311 Χριστοῦ

412 4309 666 4380 πάρεδροι
695 4310 790 4380 καὶ
819 4308 917 4380 τῆς
947 4308 1219 4380 βασιλείας
1245 4308 1408 4361 αὑτοῦ
1432 4309 1675 4361 κοινωνοί
1693 4327 1706 4339 ο
1735 4308 1826 4363 κοῦ.
1851 4311 1983 4378 μέτ-

407 4397 519 4461 οχοι
555 4381 654 4449 τῆς
689 4379 935 4461 κρίσεως,
963 4379 1284 4461 adaequaret}
1331 4379 1737 4461 cvv6txd§o~icsg
1799 4380 1979 4450 αὐτῷ·

407 4448 516 4503 τῶν
529 4448 1046 4519 παραπὲπτωκότων
1072 4448 1314 4516 ἀδελφῶν
1339 4466 1508 4514 τινας,
1533 4449 1851 4513 ὑπευθύνοις
1873 4448 1986 4514 τοῖς

408 4519 517 4573 τῶν
558 4518 759 4590 θυσιῶν
804 4519 1113 4590 ἐγκλήμασι
1146 4521 1503 4590 γενομένους,
1549 4521 1980 4590 προσελάϐοντο·

410 4591 502 4642 καὶ
532 4589 628 4658 τὴν
657 4589 988 4660 ἐπιστροφὴν
1017 4589 1108 4641 καὶ
1133 4589 1417 4660 μετάνοιαν
1451 4589 1628 4660 αὐτῶν
1665 4590 1880 4655 ἰδόντες,
1900 4591 1986 4644 δε·-

409 4661 544 4730 κτήν
570 4675 628 4730 τε
658 4659 912 4730 γενέσθαι
943 4659 1252 4730 δυναμένην
1283 4660 1362 4729 τῴ
1386 4659 1476 4730 Ῠμὴ
1519 4659 1822 4730 βουλομένῳ
1855 4661 1986 4714 καθ-

407 4729 528 4782 όλου
569 4729 657 4800 τὸν
691 4729 916 4784 θάνατον
954 4729 1062 4800 τοῦγ
1087 4729 1408 4800 ἁμαρτωλοῦ
1440 4729 1513 4791 ὡς
1542 4731 1640 4800 τὴν
1673 4729 1977 4800 μετάνοιαν,

406 4799 824 4871 δοκιμάσαντες,
872 4799 1218 4871 εἰσεδέξᾳντο
1255 4802 1348 4853 καὶ
1403 4799 1706 4871 συνήγάγον
1730 4803 1825 4854 καὶ
1858 4819 1983 4855 συν-

407 4871 640 4940 έστησαν
660 4885 672 4898 ·
710 4869 805 4922 καὶ
830 4869 1144 4940 προσευχῶν
1173 4871 1355 4934 αὐτοῖς
1375 4871 1468 4923 καὶ
1504 4869 1802 4925 ἑστιάσεων
1834 4875 1980 4925 ἐκοι-

407 4937 672 5009 νώνησαν.
709 4937 903 5009 Eadem
942 4937 1176 5008 Dionysii
1221 4948 1384 4994 verba
1436 4942 1603 4994 rel'ert
1643 4942 1983 5008 Nic-ephorus

408 5008 589 5075 (κῳζῶ
612 5047 626 5071 ,
653 5024 772 5077 qua:
799 5008 1013 5080 Langus
1062 5010 1136 5080 ita
1175 5014 1333 5064 vertit
1359 5028 1373 5064 :
1411 5009 1699 5080 Explorato
1726 5013 1981 5078 patientia

407 5090 562 5146 atque
592 5077 957 5146 comprobata]
992 5082 1045 5132 in
1081 5077 1376 5133 Ecclesium
1421 5077 1510 5134 eos
1553 5077 1901 5147 admiserunt,
1932 5090 1982 5135 et

407 5156 473 5199 ad
517 5148 654 5201 hunc
684 5149 895 5200 modum
931 5152 1144 5214 receptis
1181 5150 1352 5202 locum
1379 5167 1531 5203 suum
1564 5151 1837 5203 dederunt.
1876 5152 1981 5204 Eo-

409 5217 530 5269 deut
573 5219 1284 5288 modoﬁbristopborsonus
1330 5222 1712 5288 interpretatus
1736 5233 1857 5274 est:
1887 5221 1980 5274 lie-

409 5288 606 5356 cipiunt
637 5287 690 5338 in
725 5286 1037 5352 Ecclesium,
1078 5302 1357 5342 conventus
1401 5286 1518 5342 cuin
1554 5289 1660 5342 illis
1688 5291 1975 5356 celebrant,

410 5355 587 5409 ineunt
617 5359 939 5420 societatem,
975 5367 1078 5410 etc.
1104 5359 1304 5412 Eodem
1333 5361 1492 5412 etiam
1521 5375 1680 5415 sensu
1712 5361 1824 5414 huic
1855 5355 1975 5415 Dio-

411 5426 553 5495 nysii
585 5428 746 5478 verba
776 5428 1073 5495 intelligere
1105 5429 1193 5481 hic
1227 5430 1436 5482 videtur
1468 5427 1714 5484 Huetius.
1744 5429 1850 5484 Sed
1878 5432 1977 5485 ali-

410 5493 493 5546 ter
517 5493 783 5568 Valesius.
823 5515 841 5546 t
888 5493 1034 5568 lianc
1067 5499 1566 5568 interpretationem
1603 5500 1834 5568 probare
1867 5519 1970 5555 non

409 5577 628 5635 possunt
656 5604 672 5628 ,
710 5566 881 5632 inquit
914 5566 1033 5618 Not.
1073 5568 1122 5619 iit
1154 5567 1248 5622 lib.
1282 5582 1328 5619 vt
1359 5567 1502 5621 Hist.
1520 5566 1703 5624 eccles.
1733 5571 1974 5635 Eusebii,

411 5648 531 5702 pag.
564 5634 686 5688 152.
721 5637 1002 5707 Quomodo
1027 5640 1172 5690 enim
1206 5649 1476 5706 martyres
1515 5641 1606 5707 qui
1653 5642 1704 5693 in
1754 5634 1975 5696 carcere

411 5707 728 5756 tenebantur
757 5705 1000 5770 astricti,
1056 5707 1236 5774 lapsos
1270 5709 1320 5760 ιιι
1356 5705 1658 5761 Ecclesium
1687 5711 1974 5766 admittere

411 5774 703 5845 poterant?
731 5775 880 5828 Adde
908 5778 1048 5842 quod
1081 5791 1188 5829 non
1218 5777 1266 5830 id
1294 5776 1434 5844 juris
1459 5783 1800 5845 competcbat
1830 5797 1972 5834 mar-

414 5843 642 5912 tyribus,
673 5845 767 5899 sed
791 5845 888 5899 soli
917 5846 1190 5914 episcopo,
1214 5843 1365 5916 cujus
1395 5843 1626 5902 alliciunt
1657 5862 1775 5904 erat
1798 5856 1970 5920 ιιωιιι-

2007 3363 2049 3421 C
2085 3336 2347 3418 στῆνᾳι.)
2559 3345 2746 3421 postea

2078 2088 2283 2132 tantum
2318 2092 2415 2141 pro
2441 2076 2628 2144 lapsis,
2659 2084 2712 2127 et
2754 2075 3224 2144 couuuendatitias
3268 2074 3478 2129 litteras
3513 2079 3654 2132 scri-

2075 2147 2202 2202 bere
2235 2147 2449 2202 licebat.
2469 2146 2703 2214 Apparet
2727 2145 2891 2214 igitur
2912 2143 2995 2214 ita
3009 2145 3326 2198 vertendum
3357 2160 3476 2200 esse
3507 2146 3650 2204 hunc

2081 2216 2314 2288 Dionysii
2347 2211 2530 2269 locum
2553 2211 2608 2268 ut
2635 2211 2895 2267 vertimus
2920 2231 2932 2266 :
2958 2211 3220 2288 Caeterum
3243 2217 3296 2268 hi
3319 2216 3482 2288 divini
3501 2233 3647 2288 mar-

2078 2283 2230 2357 tyres'
2251 2288 2341 2354 qui
2368 2301 2509 2357 nunc
2537 2300 2822 2357 assessores
2839 2293 2967 2357 sunt
2995 2283 3214 2348 Christi,
3241 2295 3292 2338 et
3321 2287 3462 2354 regni
3503 2286 3648 2342 illius

2078 2355 2365 2420 consortes,
2398 2372 2459 2408 ac
2482 2355 2676 2422 judicii
2707 2356 2986 2422 participes
3016 2370 3122 2406 una
3153 2372 3269 2408 cum
3296 2357 3406 2421 ipso
3429 2357 3648 2425 judica-

2078 2428 2226 2480 turi:
2254 2427 2379 2480 dum
2418 2425 2511 2496 hic
2530 2425 2672 2494 apud
2703 2440 2796 2496 nos
2847 2434 3034 2488 essent,
3065 2425 3318 2492 quosdam
3343 2441 3370 2478 e
3393 2426 3648 2496 fratribus

2078 2496 2270 2566 lapsos,
2321 2504 2372 2549 et
2404 2493 2916 2566 idolissacriﬁrasse
2957 2499 3213 2548 convictos
3234 2537 3248 2560 ,
3275 2493 3646 2562 susceperunt:

2077 2565 2137 2620 et'
2171 2566 2555 2620 conversionem
2596 2565 2809 2618 illorum
2851 2581 2912 2617 ac
2958 2566 3312 2632 paenitentiam
3362 2576 3650 2632 cernentes,

2079 2653 2195 2690 cum
2221 2636 2546 2705 judicassent
2574 2650 2688 2705 eam
2721 2633 2925 2700 placere
2945 2650 3094 2702 posse
3125 2636 3204 2688 illi
3238 2637 3326 2705 qui
3361 2638 3650 2704 peccatoris

2078 2704 2431 2774 ptenitentiam
2457 2704 2654 2757 mavult
2683 2719 2839 2774 quant
2862 2713 3100 2768 mortem,
3124 2721 3210 2758 eos
3241 2704 3566 2758 admiserunt
3601 2717 3652 2758 et

2079 2776 2394 2845 collegerunt
2417 2791 2437 2840 ;
2468 2783 2639 2845 atque
2659 2775 2712 2828 in
2747 2785 2932 2827 catum
2958 2791 3109 2828 suum
3148 2786 3445 2841 receperunt
3473 2790 3491 2835 ;
3518 2785 3567 2828 et
3594 2778 3651 2828 in

2080 2844 2407 2900 orationibus
2459 2844 2686 2897 ac'cibo
2747 2858 2865 2896 cum
2921 2845 3105 2898 iisdem
3173 2845 3649 2898 communicarunt.

2081 2914 2404 2985 Quanquam
2452 2929 2554 2968 vox
2598 2912 2932 2985 συνέστησαν
2973 2915 3131 2968 aliter
3173 2916 3337 2968 etiam
3394 2915 3654 2985 explicari

2081 2984 2282 3054 pmest,
2327 2985 2537 3052 passive
2585 2984 2941 3052 scilicetpro
2988 2985 3144 3038 simul
3193 2986 3512 3054 consistere.
3562 2984 3655 3037 Sic

2081 3053 2538 3124 Dionysiusapud
2577 3054 2864 3108 Eusebium
2895 3054 2948 3106 itt
2986 3053 3079 3109 lib.
3113 3071 3219 3116 vn,
3249 3069 3366 3122 cap.
3400 3053 3435 3108 9
3457 3093 3472 3114 ,
3501 3054 3653 3124 μόλις

2081 3123 2615 3196 παρακαλούμενοςι
2638 3125 2954 3196 συνεσῖᾶναι
3005 3126 3124 3187 ταῖς
3179 3123 3512 3196 προσευχαῖς
3570 3127 3658 3178 ἀν-

2082 3194 2284 3265 ἐχέταιγ.
2331 3194 2772 3265 Et'Eusebiusin
2801 3194 2893 3247 lib.
2933 3209 3006 3265 vt,
3031 3209 3150 3265 cap.
3182 3194 3253 3257 2‘,
3276 3197 3349 3265 de
3377 3196 3608 3262 Origene
3633 3213 3648 3248 :

2081 3262 2423 3318 οὗδεπώποτε
2478 3262 2814 3336 προύτράπῃ-
2849 3263 2988 3336 κατὰ
3033 3263 3130 3335 τὴν
3171 3264 3334 3336 εὐχὴν
3374 3265 3522 3336 αὐτῷ
3557 3282 3653 3318 συ-

2819 3335 3018 3387 alesius
3041 3351 3056 3388 :
3081 3351 3100 3386 ι
3133 3336 3332 3403 Duplex
3354 3346 3468 3390 erat
3496 3335 3615 3390 c0tu
3636 3364 3650 3376 -

2086 3403 2269 3459 munio
2302 3406 2355 3459 in
2393 3405 2632 3459 Ecclesia
2665 3421 2678 3457 :
2714 3403 2818 3456 alia
2865 3405 3130 3458 orationis
3151 3443 3164 3466 .
3197 3406 3299 3458 alia
3329 3420 3650 3459 sacramen—

2088 3483 2285 3529 torum.
2321 3476 2383 3529 Et
2421 3476 2724 3530 orationum
2751 3473 2968 3542 quidem
2999 3476 3307 3529 communio
3339 3475 3652 3540 paenitenti-

2085 3545 2185 3600 bus
2247 3555 2365 3614 post
2410 3555 2615 3600 certum
2661 3543 2916 3612 temporis
2965 3545 3197 3612 spatium
3243 3544 3642 3614 indulgebatur.

2082 3613 2402 3670 Communia
2431 3629 2556 3669 vero
2585 3615 2826 3682 corporis
2854 3614 3052 3668 Christi
3089 3615 3300 3667 nonnisi
3331 3613 3645 3668 reconcilia-

2087 3687 2155 3738 tis
2187 3686 2525 3755 postglongas
2563 3684 2893 3755 paenitentiae
2921 3685 3342 3755 moras_tandem
3369 3685 3646 3755 impertie-

2085 3753 2263 3808 batur.
2291 3753 2704 3810 Videicanones
2733 3753 2794 3807 Η
2819 3792 2836 3817 ,
2880 3753 2946 3806 12
2973 3765 3029 3806 et
3070 3753 3137 3807 l5
3176 3755 3387 3808 concilii
3421 3753 3646 3807 Nicaeni.

2087 3824 2162 3878 Ex
2197 3824 2392 3892 quibus
2423 3834 2675 3894 apparet,
2708 3826 3142 3877 communionem
3167 3825 3426 3878 orationis
3468 3827 3646 3894 poeni:

2087 3891 2322 3948 tantibus
2366 3891 2533 3949 fuisse
2576 3895 2822 3948 ultimum
2861 3903 2917 3947 et
2956 3895 3258 3961 proximum
3306 3891 3531 3962 gradum
3579 3891 3648 3962 ad

2083 3965 2516 4032 communionem
2549 3980 2825 4018 sacrorum
2855 3960 3255 4033 mySteriorum.
3283 3960 3350 4017 Et
3381 3964 3496 4017 hinc
3523 3960 3648 4030 qui-

2085 4035 2204 4086 dem
2239 4035 2305 4087 de
2336 4037 2712 4088 communione
2745 4035 2957 4102 publica
2991 4033 3333 4102 intelligenda
3363 4041 3510 4094 sunt,
3537 4044 3644 4099 qua

2085 4105 2483 4158 concedebatur
2513 4105 2916 4171 paenitentibus,
2943 4113 3000 4155 ut
3030 4103 3205 4170 palam
3230 4118 3350 4157 cum
3377 4102 3521 4155 omni
3547 4113 3646 4168 po-

2086 4173 2210 4239 pulo
2246 4173 2299 4225 in
2341 4174 2566 4227 ecclesia
2601 4183 2836 4230 orarent.
2882 4173 2987 4227 Sed
3022 4174 3072 4224 in
3108 4173 3209 4226 hoc
3251 4172 3489 4240 Dionysii
3523 4172 3645 4223 loco

2085 4241 2153 4295 de
2191 4244 2396 4311 privata
2446 4244 2824 4296 communione
2863 4258 3042 4296 sermo
3084 4254 3203 4304 est,
3239 4257 3400 4309 quam
3432 4243 3589 4294 video
3617 4256 3649 4294 a

2087 4313 2358 4366 nonnullis
2387 4314 2642 4368 confundi
2688 4327 2808 4366 cum
2865 4313 3097 4382 publica.
3153 4312 3423 4365 Privatam
3468 4321 3647 4382 autem

2085 4384 2517 4438 communionem
2547 4397 2708 4446 voco,
2741 4380 2921 4450 quaee
2953 4382 3202 4450 privatis,
3245 4397 3350 4434 non
3375 4390 3553 4433 autent
3581 4380 3653 4434 ab

2085 4453 2338 4520 episc0po
2359 4493 2374 4516 ,
2407 4453 2559 4520 cujus
2591 4453 2641 4504 id
2678 4453 2767 4520 jus
2817 4451 3256 4520 pontiﬁciumque
3296 4459 3414 4504 erat
3439 4490 3454 4516 ,
3486 4459 3652 4504 certa:

2087 4536 2332 4589 personae
2354 4523 2770 4576 concedebatur.
2801 4523 3038 4590 Exempli
3063 4525 3256 4591 gratia,
3279 4524 3496 4591 quando
3516 4535 3650 4572 con-

2087 4591 2322 4646 lessores
2349 4603 2400 4646 et
2424 4602 2689 4661 martyres
2717 4593 2895 4660 lapsos
2927 4593 3368 4646 intercessionem
3394 4605 3458 4644 ac
3487 4591 3650 4644 mise-

2017 4695 2059 4750 D
2091 4661 2378 4715 ricordiam
2403 4662 2649 4750 ἱμεοιυιιι
2665 4663 3016 4730 implorantes
3037 4662 3265 4742 benigne
3284 4662 3646 4750 escipiebialnt,

2086 4741 2141 4784 et
2170 4741 2228 4784 ut
2259 4747 2361 4784 una
2390 4747 2576 4785 secum
2609 4732 2772 4784 Deum
2802 4741 3044 4793 orarent,
3081 4730 3480 4799 permittebant.
3524 4730 3648 4783 Haec

2080 4802 2396 4856 communio
2421 4801 2591 4856 liceta
2616 4803 2943 4870 martyribus
2963 4810 3016 4853 et
3037 4801 3367 4871 presbyteris
3388 4800 3653 4871 (plerique

2085 4873 2233 4926 enim
2265 4881 2562 4940 martyrum
2579 4869 2817 4925 erantex
2841 4871 3008 4938 clero)
3030 4869 3407 4939 lapsis‘luisset‘
3425 4871 3651 4940 indulta,

2087 4941 2223 4996 nihil
2253 4939 2534 5011 juris’illis
2567 4941 2725 4994 dabat
2753 4959 2768 4994 :
2797 4943 2890 4995 sed
2914 4949 3122 4994 tantum
3156 4941 3326 4994 instar
3352 4939 3648 5011 praijudicii

2087 5023 2224 5075 erat,
2253 5009 2311 5064 ut
2341 5010 2410 5064 ab
2431 5013 2684 5080 episc0po
2724 5021 2908 5078 postea
2942 5012 3357 5063 admitterentur
3380 5013 3445 5063 ad
3476 5009 3652 5080 pubb-

2087 5096 2206 5135 cam
2249 5082 2303 5134 in
2335 5079 2561 5135 ecclesia
2592 5079 2852 5134 orationis
2903 5082 3358 5134 communionem.
3397 5080 3468 5133 De
3509 5079 3652 5145 ejus-

2089 5153 2230 5220 modi
2263 5153 2469 5220 privata
2509 5154 2886 5204 communione
2915 5150 3290 5220 intelligendus
3319 5161 3400 5202 est
3437 5148 3650 5201 Eusebii

2082 5219 2234 5274 locus
2266 5219 2338 5274 fin
2391 5223 2483 5276 lib.
2525 5235 2573 5274 vr
2601 5260 2616 5284 ,
2659 5221 2852 5290 cap.72
2881 5222 2946 5273 de
2989 5219 3226 5290 Origene
3249 5259 3265 5290 ,
3298 5234 3456 5288 quem
3493 5221 3649 5286 paulo

2081 5301 2208 5344 ante
2233 5292 2393 5345 citavi
2422 5307 2436 5355 ;
2471 5300 2528 5345 et
2553 5296 2688 5344 alter
2719 5287 2772 5344 in
2800 5289 2896 5344 lib.
2928 5305 3006 5353 tv,
3045 5305 3165 5356 cap.
3198 5287 3267 5341 14
3295 5287 3469 5353 {item
3503 5291 3648 5341 locus

2079 5359 2320 5428 ejusdem
2351 5359 2569 5414 Eusebii
2603 5363 2654 5414 in
2685 5360 2778 5414 lib.
2813 5375 2888 5425 vt,
2913 5374 3032 5428 cap.
3059 5359 3152 5423 45,
3179 5374 3245 5413 ex
3270 5359 3498 5428 epistola
3521 5359 3647 5411 Cor-

2081 5427 2206 5484 nelii
2244 5447 2393 5500 papa:
2417 5471 2434 5496 ,
2463 5432 2551 5483 ubi
2578 5435 2642 5484 de
2673 5429 2855 5502 Moyse
2883 5427 3198 5502 presbytero
3217 5432 3355 5502 ,_qni
3387 5427 3648 5502 Νρνξηᾷθτ

2086 5515 2213 5552 num
2245 5498 2273 5552 ἐι
2306 5498 2684 5554 communione
2705 5498 2801 5554 sua
2835 5498 3057 5569 repulit.
3081 5500 3208 5552 Itetn
3241 5500 3390 5569 locus
3407 5498 3646 5569 _Sulp_icii

2085 5570 2274 5623 Severi
2304 5570 2358 5623 in
2386 5569 2476 5622 lib.
2511 5584 2569 5622 ιιι
2609 5569 2684 5622 De
2714 5572 2821 5623 vita
2850 5565 2913 5624 SI
2963 5569 3205 5622 Martini.
3240 5567 3370 5621 Vide
3401 5565 3495 5621 Fr.
3528 5566 3644 5622 Floc

2079 5647 2288 5694 reutem
2324 5642 2390 5692 ad
2425 5639 2634 5691 titulum
2661 5639 2716 5704 7,
2740 5642 2808 5693 de
2841 5638 3188 5692 translatione
3208 5639 3466 5708 episcopi.
3500 5653 3522 5688 ι

2147 5708 2264 5778 (59)
2299 5709 2454 5778 Apud
2489 5709 2713 5772 Euselr.,
2742 5709 2947 5762 Πέδιον.
2984 5712 3139 5770 eccl..
3176 5705 3270 5762 lib.
3303 5705 3525 5773 vr,’cap.
3553 5705 3644 5764 ιε.

2150 5776 2260 5849 (ου)
2292 5776 2442 5844 Quod
2469 5778 2513 5830 si
2557 5781 2780 5846 suscepti
2817 5790 3017 5831 tantum
3056 5781 3119 5831 ab
3159 5784 3395 5847 episcopo
3423 5790 3524 5826 non
3553 5793 3644 5829 sua

2075 5851 2379 5920 presbyterii
2409 5849 2594 5915 [uisset
2624 5864 2760 5912 reus,
2787 5863 2902 5905 eum
2932 5865 3032 5900 non
3065 5864 3173 5904 tant
3197 5865 3367 5906 severe
3387 5852 3648 5898 tractatu-
