  <div class='ocr_page' id='page_1' title='image "/cluster/home/n/w/nwhite01/storage/ocr_20150623/17:no.7/coo.31924054872977/345.png"; bbox 0 0 4162 6392; ppageno 0'>
   <div class='ocr_carea' id='block_1_1' title="bbox 513 381 612 438">
    <p class='ocr_par' dir='ltr' id='par_1_1' title="bbox 513 381 612 438">
     <span class='ocr_line' id='line_1_1' title="bbox 513 381 612 438; baseline 0 -1"><span class='ocrx_word' id='word_1_1' title='bbox 513 381 612 438; x_wconf 64' lang='grc'><strong>667</strong></span> 
     </span>
    </p>
   </div>
   <div class='ocr_carea' id='block_1_2' title="bbox 1785 366 2466 426">
    <p class='ocr_par' dir='ltr' id='par_1_2' title="bbox 1785 366 2466 426">
     <span class='ocr_line' id='line_1_2' title="bbox 1785 366 2466 426; baseline -0.01 0"><span class='ocrx_word' id='word_1_2' title='bbox 1785 374 1842 426; x_wconf 71' lang='grc'><strong>1).</strong></span> <span class='ocrx_word' id='word_1_3' title='bbox 1886 369 2200 426; x_wconf 71' lang='lat' dir='ltr'><strong>DANIELIS</strong></span> <span class='ocrx_word' id='word_1_4' title='bbox 2235 366 2466 422; x_wconf 81' lang='lat' dir='ltr'><strong>HUETII</strong></span> 
     </span>
    </p>
   </div>
   <div class='ocr_carea' id='block_1_3' title="bbox 3669 359 3772 415">
    <p class='ocr_par' dir='ltr' id='par_1_3' title="bbox 3669 359 3772 415">
     <span class='ocr_line' id='line_1_3' title="bbox 3669 359 3772 415; baseline 0.01 -2"><span class='ocrx_word' id='word_1_5' title='bbox 3669 359 3772 415; x_wconf 82' lang='lat'>668</span> 
     </span>
    </p>
   </div>
   <div class='ocr_carea' id='block_1_4' title="bbox 513 478 3775 561">
    <p class='ocr_par' dir='ltr' id='par_1_4' title="bbox 513 478 3775 561">
     <span class='ocr_line' id='line_1_4' title="bbox 513 478 3775 561; baseline -0.006 -9"><span class='ocrx_word' id='word_1_6' title='bbox 513 498 705 554; x_wconf 84' lang='lat' dir='ltr'><strong>fuisset</strong></span> <span class='ocrx_word' id='word_1_7' title='bbox 736 513 879 561; x_wconf 77' lang='lat' dir='ltr'><strong>rcus,</strong></span> <span class='ocrx_word' id='word_1_8' title='bbox 902 513 1025 550; x_wconf 91' lang='lat' dir='ltr'><strong>eum</strong></span> <span class='ocrx_word' id='word_1_9' title='bbox 1055 513 1158 548; x_wconf 90' lang='lat' dir='ltr'><strong>non</strong></span> <span class='ocrx_word' id='word_1_10' title='bbox 1193 505 1298 548; x_wconf 90' lang='lat' dir='ltr'><strong>tam</strong></span> <span class='ocrx_word' id='word_1_11' title='bbox 1323 507 1511 549; x_wconf 80' lang='lat' dir='ltr'><strong>severe</strong></span> <span class='ocrx_word' id='word_1_12' title='bbox 1541 502 1898 546; x_wconf 80' lang='lat' dir='ltr'><strong>tractaturum</strong></span> <span class='ocrx_word' id='word_1_13' title='bbox 1926 493 2093 546; x_wconf 91' lang='lat' dir='ltr'><strong>fuisse</strong></span> <span class='ocrx_word' id='word_1_14' title='bbox 2126 497 2166 552; x_wconf 81' lang='grc' dir='ltr'><strong>Α</strong></span> <span class='ocrx_word' id='word_1_15' title='bbox 2198 489 2459 553; x_wconf 87' lang='lat' dir='ltr'><strong>plarihus,</strong></span> <span class='ocrx_word' id='word_1_16' title='bbox 2490 500 2632 539; x_wconf 92' lang='lat' dir='ltr'><strong>anno</strong></span> <span class='ocrx_word' id='word_1_17' title='bbox 2663 481 2955 538; x_wconf 78' lang='lat' dir='ltr'><strong>Alexandri</strong></span> <span class='ocrx_word' id='word_1_18' title='bbox 2985 495 3098 544; x_wconf 84' lang='lat' dir='ltr'><strong>xu,</strong></span> <span class='ocrx_word' id='word_1_19' title='bbox 3128 479 3208 534; x_wconf 91' lang='lat' dir='ltr'><strong>vel</strong></span> <span class='ocrx_word' id='word_1_20' title='bbox 3244 495 3325 544; x_wconf 86' lang='lat' dir='ltr'><strong>xI,</strong></span> <span class='ocrx_word' id='word_1_21' title='bbox 3359 487 3417 532; x_wconf 93' lang='lat' dir='ltr'><strong>ut</strong></span> <span class='ocrx_word' id='word_1_22' title='bbox 3454 480 3616 533; x_wconf 87' lang='lat' dir='ltr'><strong>habet</strong></span> <span class='ocrx_word' id='word_1_23' title='bbox 3642 478 3775 533; x_wconf 87' lang='lat' dir='ltr'><strong>Sca-</strong></span> 
     </span>
    </p>
   </div>
   <div class='ocr_carea' id='block_1_5' title="bbox 514 585 2092 653">
    <p class='ocr_par' dir='ltr' id='par_1_5' title="bbox 514 585 2092 653">
     <span class='ocr_line' id='line_1_5' title="bbox 514 585 2092 653; baseline -0.004 -9"><span class='ocrx_word' id='word_1_24' title='bbox 514 590 843 644; x_wconf 78' lang='lat' dir='ltr'><strong>Demetrium</strong></span> <span class='ocrx_word' id='word_1_25' title='bbox 897 587 1157 642; x_wconf 75' lang='lat' dir='ltr'><strong>credibile</strong></span> <span class='ocrx_word' id='word_1_26' title='bbox 1215 595 1335 649; x_wconf 90' lang='lat' dir='ltr'><strong>est,</strong></span> <span class='ocrx_word' id='word_1_27' title='bbox 1371 600 1494 640; x_wconf 91' lang='lat' dir='ltr'><strong>cum</strong></span> <span class='ocrx_word' id='word_1_28' title='bbox 1558 585 1858 652; x_wconf 61' lang='lat' dir='ltr'><strong>praesertim</strong></span> <span class='ocrx_word' id='word_1_29' title='bbox 1922 585 2092 653; x_wconf 88' lang='lat' dir='ltr'><strong>ipsius</strong></span> 
     </span>
    </p>
   </div>
   <div class='ocr_carea' id='block_1_6' title="bbox 511 676 2092 747">
    <p class='ocr_par' dir='ltr' id='par_1_6' title="bbox 511 676 2092 747">
     <span class='ocr_line' id='line_1_6' title="bbox 511 676 2092 747; baseline -0.004 -10"><span class='ocrx_word' id='word_1_30' title='bbox 511 683 980 737; x_wconf 79' lang='lat' dir='ltr'><strong>commendatione</strong></span> <span class='ocrx_word' id='word_1_31' title='bbox 1012 680 1181 735; x_wconf 84' lang='lat' dir='ltr'><strong>fretus</strong></span> <span class='ocrx_word' id='word_1_32' title='bbox 1212 682 1279 733; x_wconf 89' lang='lat' dir='ltr'><strong>ad</strong></span> <span class='ocrx_word' id='word_1_33' title='bbox 1316 696 1440 734; x_wconf 91' lang='lat' dir='ltr'><strong>eum</strong></span> <span class='ocrx_word' id='word_1_34' title='bbox 1482 696 1540 734; x_wconf 91' lang='lat' dir='ltr'><strong>se</strong></span> <span class='ocrx_word' id='word_1_35' title='bbox 1577 680 1880 747; x_wconf 83' lang='lat' dir='ltr'><strong>promoveri</strong></span> <span class='ocrx_word' id='word_1_36' title='bbox 1919 676 2092 746; x_wconf 88' lang='lat' dir='ltr'><strong>digni-</strong></span> 
     </span>
    </p>
   </div>
   <div class='ocr_carea' id='block_1_7' title="bbox 511 767 2092 843">
    <p class='ocr_par' dir='ltr' id='par_1_7' title="bbox 511 767 2092 843">
     <span class='ocr_line' id='line_1_7' title="bbox 511 767 2092 843; baseline -0.005 -15"><span class='ocrx_word' id='word_1_37' title='bbox 511 774 638 828; x_wconf 82' lang='lat' dir='ltr'><strong>tatis</strong></span> <span class='ocrx_word' id='word_1_38' title='bbox 663 775 885 843; x_wconf 87' lang='lat' dir='ltr'><strong>gradum</strong></span> <span class='ocrx_word' id='word_1_39' title='bbox 913 788 1104 842; x_wconf 88' lang='lat' dir='ltr'><strong>passus</strong></span> <span class='ocrx_word' id='word_1_40' title='bbox 1133 772 1342 827; x_wconf 82' lang='lat' dir='ltr'><strong>fuisset.</strong></span> <span class='ocrx_word' id='word_1_41' title='bbox 1373 772 1590 824; x_wconf 83' lang='lat' dir='ltr'><strong>Minime</strong></span> <span class='ocrx_word' id='word_1_42' title='bbox 1620 784 1749 823; x_wconf 91' lang='lat' dir='ltr'><strong>vero</strong></span> <span class='ocrx_word' id='word_1_43' title='bbox 1776 767 1902 822; x_wconf 90' lang='lat' dir='ltr'><strong>facti</strong></span> <span class='ocrx_word' id='word_1_44' title='bbox 1932 767 2092 835; x_wconf 85' lang='lat' dir='ltr'><strong>hujus</strong></span> 
     </span>
    </p>
   </div>
   <div class='ocr_carea' id='block_1_8' title="bbox 511 862 2081 931">
    <p class='ocr_par' dir='ltr' id='par_1_8' title="bbox 511 862 2081 931">
     <span class='ocr_line' id='line_1_8' title="bbox 511 862 2081 931; baseline -0.006 -10"><span class='ocrx_word' id='word_1_45' title='bbox 511 866 873 921; x_wconf 83' lang='lat' dir='ltr'><strong>narrationem</strong></span> <span class='ocrx_word' id='word_1_46' title='bbox 903 868 970 919; x_wconf 87' lang='lat' dir='ltr'><strong>ab</strong></span> <span class='ocrx_word' id='word_1_47' title='bbox 994 865 1226 919; x_wconf 86' lang='lat' dir='ltr'><strong>Eusebio</strong></span> <span class='ocrx_word' id='word_1_48' title='bbox 1253 864 1502 918; x_wconf 91' lang='lat' dir='ltr'><strong>consulto</strong></span> <span class='ocrx_word' id='word_1_49' title='bbox 1531 862 1954 931; x_wconf 70' lang='lat' dir='ltr'><strong>praetermissam</strong></span> <span class='ocrx_word' id='word_1_50' title='bbox 1991 875 2081 927; x_wconf 53' lang='lat' dir='ltr'><strong>pu.</strong></span> 
     </span>
    </p>
   </div>
   <div class='ocr_carea' id='block_1_9' title="bbox 509 950 2090 1021">
    <p class='ocr_par' dir='ltr' id='par_1_9' title="bbox 509 950 2090 1021">
     <span class='ocr_line' id='line_1_9' title="bbox 509 950 2090 1021; baseline -0.005 -11"><span class='ocrx_word' id='word_1_51' title='bbox 509 967 642 1019; x_wconf 85' lang='lat' dir='ltr'><strong>tem,</strong></span> <span class='ocrx_word' id='word_1_52' title='bbox 668 968 725 1010; x_wconf 91' lang='lat' dir='ltr'><strong>ut</strong></span> <span class='ocrx_word' id='word_1_53' title='bbox 764 956 1080 1011; x_wconf 65' lang='lat' dir='ltr'><strong>idololatriae</strong></span> <span class='ocrx_word' id='word_1_54' title='bbox 1107 957 1338 1012; x_wconf 87' lang='lat' dir='ltr'><strong>crimine</strong></span> <span class='ocrx_word' id='word_1_55' title='bbox 1372 956 1630 1008; x_wconf 84' lang='lat' dir='ltr'><strong>liberaret</strong></span> <span class='ocrx_word' id='word_1_56' title='bbox 1659 953 1974 1021; x_wconf 88' lang='lat' dir='ltr'><strong>Origenem,</strong></span> <span class='ocrx_word' id='word_1_57' title='bbox 2006 950 2090 1004; x_wconf 88' lang='lat' dir='ltr'><strong>vel</strong></span> 
     </span>
    </p>
   </div>
   <div class='ocr_carea' id='block_1_10' title="bbox 505 1043 2089 1120">
    <p class='ocr_par' dir='ltr' id='par_1_10' title="bbox 505 1043 2089 1120">
     <span class='ocr_line' id='line_1_10' title="bbox 505 1043 2089 1120; baseline -0.005 -16"><span class='ocrx_word' id='word_1_58' title='bbox 505 1051 652 1120; x_wconf 82' lang='lat' dir='ltr'><strong>quod</strong></span> <span class='ocrx_word' id='word_1_59' title='bbox 702 1050 1020 1118; x_wconf 74' lang='lat' dir='ltr'><strong>poenitentia</strong></span> <span class='ocrx_word' id='word_1_60' title='bbox 1064 1049 1269 1102; x_wconf 87' lang='lat' dir='ltr'><strong>elotum</strong></span> <span class='ocrx_word' id='word_1_61' title='bbox 1320 1047 1606 1117; x_wconf 90' lang='lat' dir='ltr'><strong>postmodo</strong></span> <span class='ocrx_word' id='word_1_62' title='bbox 1656 1045 1919 1113; x_wconf 88' lang='lat' dir='ltr'><strong>flagitium</strong></span> <span class='ocrx_word' id='word_1_63' title='bbox 1949 1043 2089 1096; x_wconf 86' lang='lat' dir='ltr'><strong>obli-</strong></span> 
     </span>
    </p>
   </div>
   <div class='ocr_carea' id='block_1_11' title="bbox 506 1135 2089 1209">
    <p class='ocr_par' dir='ltr' id='par_1_11' title="bbox 506 1135 2089 1209">
     <span class='ocr_line' id='line_1_11' title="bbox 506 1135 2089 1209; baseline -0.004 -16"><span class='ocrx_word' id='word_1_64' title='bbox 506 1141 650 1195; x_wconf 88' lang='lat' dir='ltr'><strong>vioni</strong></span> <span class='ocrx_word' id='word_1_65' title='bbox 689 1141 1009 1195; x_wconf 90' lang='lat' dir='ltr'><strong>tradendum</strong></span> <span class='ocrx_word' id='word_1_66' title='bbox 1043 1150 1259 1209; x_wconf 85' lang='lat' dir='ltr'><strong>putaret</strong></span> <span class='ocrx_word' id='word_1_67' title='bbox 1286 1157 1301 1204; x_wconf 87' lang='lat'><strong>;</strong></span> <span class='ocrx_word' id='word_1_68' title='bbox 1335 1139 1447 1208; x_wconf 89' lang='grc'><strong>(61)</strong></span> <span class='ocrx_word' id='word_1_69' title='bbox 1477 1139 1570 1193; x_wconf 90' lang='lat' dir='ltr'><strong>sed</strong></span> <span class='ocrx_word' id='word_1_70' title='bbox 1596 1138 1741 1206; x_wconf 90' lang='lat' dir='ltr'><strong>quod</strong></span> <span class='ocrx_word' id='word_1_71' title='bbox 1782 1151 1866 1191; x_wconf 90' lang='lat' dir='ltr'><strong>res</strong></span> <span class='ocrx_word' id='word_1_72' title='bbox 1897 1135 2089 1203; x_wconf 81' lang='lat' dir='ltr'><strong>Orige—</strong></span> 
     </span>
    </p>
   </div>
   <div class='ocr_carea' id='block_1_12' title="bbox 507 1227 2089 1303">
    <p class='ocr_par' dir='ltr' id='par_1_12' title="bbox 507 1227 2089 1303">
     <span class='ocr_line' id='line_1_12' title="bbox 507 1227 2089 1303; baseline -0.004 -17"><span class='ocrx_word' id='word_1_73' title='bbox 507 1235 593 1286; x_wconf 91' lang='lat' dir='ltr'><strong>nis</strong></span> <span class='ocrx_word' id='word_1_74' title='bbox 630 1235 851 1303; x_wconf 87' lang='lat' dir='ltr'><strong>proprio</strong></span> <span class='ocrx_word' id='word_1_75' title='bbox 883 1244 938 1289; x_wconf 92' lang='lat' dir='ltr'><strong>ct</strong></span> <span class='ocrx_word' id='word_1_76' title='bbox 967 1233 1242 1287; x_wconf 87' lang='lat' dir='ltr'><strong>luculento</strong></span> <span class='ocrx_word' id='word_1_77' title='bbox 1274 1231 1540 1301; x_wconf 78' lang='lat' dir='ltr'><strong>Apologia:</strong></span> <span class='ocrx_word' id='word_1_78' title='bbox 1586 1245 1750 1298; x_wconf 87' lang='lat' dir='ltr'><strong>opere</strong></span> <span class='ocrx_word' id='word_1_79' title='bbox 1791 1227 1902 1296; x_wconf 89' lang='lat' dir='ltr'><strong>jam</strong></span> <span class='ocrx_word' id='word_1_80' title='bbox 1931 1238 2089 1282; x_wconf 85' lang='lat' dir='ltr'><strong>antea</strong></span> 
     </span>
    </p>
   </div>
   <div class='ocr_carea' id='block_1_13' title="bbox 507 1323 2092 1396">
    <p class='ocr_par' dir='ltr' id='par_1_13' title="bbox 507 1323 2092 1396">
     <span class='ocr_line' id='line_1_13' title="bbox 507 1323 2092 1396; baseline -0.002 -20"><span class='ocrx_word' id='word_1_81' title='bbox 507 1324 698 1380; x_wconf 87' lang='lat' dir='ltr'><strong>fuisset</strong></span> <span class='ocrx_word' id='word_1_82' title='bbox 736 1327 1088 1396; x_wconf 78' lang='lat' dir='ltr'><strong>complexus,</strong></span> <span class='ocrx_word' id='word_1_83' title='bbox 1129 1325 1180 1378; x_wconf 90' lang='lat' dir='ltr'><strong>in</strong></span> <span class='ocrx_word' id='word_1_84' title='bbox 1224 1323 1464 1377; x_wconf 79' lang='lat' dir='ltr'><strong>Historia</strong></span> <span class='ocrx_word' id='word_1_85' title='bbox 1507 1329 1686 1376; x_wconf 88' lang='lat' dir='ltr'><strong>autem</strong></span> <span class='ocrx_word' id='word_1_86' title='bbox 1721 1324 1941 1376; x_wconf 86' lang='lat' dir='ltr'><strong>duceret</strong></span> <span class='ocrx_word' id='word_1_87' title='bbox 1973 1335 2092 1373; x_wconf 84' lang='lat' dir='ltr'><strong>esse</strong></span> 
     </span>
    </p>
   </div>
   <div class='ocr_carea' id='block_1_14' title="bbox 503 1413 2091 1485">
    <p class='ocr_par' dir='ltr' id='par_1_14' title="bbox 503 1413 2091 1485">
     <span class='ocr_line' id='line_1_14' title="bbox 503 1413 2091 1485; baseline -0.003 -15"><span class='ocrx_word' id='word_1_88' title='bbox 503 1417 680 1471; x_wconf 89' lang='lat' dir='ltr'><strong>obiter</strong></span> <span class='ocrx_word' id='word_1_89' title='bbox 725 1419 1091 1485; x_wconf 83' lang='lat' dir='ltr'><strong>attingendas.</strong></span> <span class='ocrx_word' id='word_1_90' title='bbox 1120 1417 1250 1472; x_wconf 89' lang='lat' dir='ltr'><strong>lude</strong></span> <span class='ocrx_word' id='word_1_91' title='bbox 1291 1417 1462 1470; x_wconf 89' lang='lat' dir='ltr'><strong>tacuit</strong></span> <span class='ocrx_word' id='word_1_92' title='bbox 1511 1415 1772 1469; x_wconf 85' lang='lat' dir='ltr'><strong>eximium</strong></span> <span class='ocrx_word' id='word_1_93' title='bbox 1808 1413 1977 1468; x_wconf 92' lang='lat' dir='ltr'><strong>illud.</strong></span> <span class='ocrx_word' id='word_1_94' title='bbox 2028 1428 2091 1466; x_wconf 90' lang='lat' dir='ltr'><strong>ac</strong></span> 
     </span>
    </p>
   </div>
   <div class='ocr_carea' id='block_1_15' title="bbox 503 1506 2088 1579">
    <p class='ocr_par' dir='ltr' id='par_1_15' title="bbox 503 1506 2088 1579">
     <span class='ocr_line' id='line_1_15' title="bbox 503 1506 2088 1579; baseline -0.003 -16"><span class='ocrx_word' id='word_1_95' title='bbox 503 1510 650 1563; x_wconf 90' lang='lat' dir='ltr'><strong>omni</strong></span> <span class='ocrx_word' id='word_1_96' title='bbox 682 1509 842 1564; x_wconf 88' lang='lat' dir='ltr'><strong>laude</strong></span> <span class='ocrx_word' id='word_1_97' title='bbox 872 1509 1096 1578; x_wconf 88' lang='lat' dir='ltr'><strong>dignum</strong></span> <span class='ocrx_word' id='word_1_98' title='bbox 1142 1508 1390 1579; x_wconf 91' lang='lat' dir='ltr'><strong>Origenis</strong></span> <span class='ocrx_word' id='word_1_99' title='bbox 1427 1508 1634 1561; x_wconf 81' lang='lat' dir='ltr'><strong>facinus</strong></span> <span class='ocrx_word' id='word_1_100' title='bbox 1665 1506 1830 1576; x_wconf 90' lang='lat' dir='ltr'><strong>(quod</strong></span> <span class='ocrx_word' id='word_1_101' title='bbox 1867 1506 1918 1558; x_wconf 91' lang='lat' dir='ltr'><strong>in</strong></span> <span class='ocrx_word' id='word_1_102' title='bbox 1952 1507 2088 1559; x_wconf 89' lang='lat' dir='ltr'><strong>idem</strong></span> 
     </span>
    </p>
   </div>
   <div class='ocr_carea' id='block_1_16' title="bbox 505 1596 2087 1669">
    <p class='ocr_par' dir='ltr' id='par_1_16' title="bbox 505 1596 2087 1669">
     <span class='ocr_line' id='line_1_16' title="bbox 505 1596 2087 1669; baseline -0.002 -16"><span class='ocrx_word' id='word_1_103' title='bbox 505 1599 759 1654; x_wconf 88' lang='lat' dir='ltr'><strong>incidisse</strong></span> <span class='ocrx_word' id='word_1_104' title='bbox 825 1609 1034 1669; x_wconf 88' lang='lat' dir='ltr'><strong>tempus</strong></span> <span class='ocrx_word' id='word_1_105' title='bbox 1085 1601 1361 1655; x_wconf 60' lang='lat' dir='ltr'><strong>memoriae</strong></span> <span class='ocrx_word' id='word_1_106' title='bbox 1429 1597 1707 1653; x_wconf 82' lang='lat' dir='ltr'><strong>mandavit</strong></span> <span class='ocrx_word' id='word_1_107' title='bbox 1765 1596 1984 1650; x_wconf 84' lang='lat' dir='ltr'><strong>Nlcelas</strong></span> <span class='ocrx_word' id='word_1_108' title='bbox 2037 1598 2087 1650; x_wconf 92' lang='lat' dir='ltr'><strong>in</strong></span> 
     </span>
    </p>
   </div>
   <div class='ocr_carea' id='block_1_17' title="bbox 506 1685 2088 1758">
    <p class='ocr_par' dir='ltr' id='par_1_17' title="bbox 506 1685 2088 1758">
     <span class='ocr_line' id='line_1_17' title="bbox 506 1685 2088 1758; baseline 0.001 -19"><span class='ocrx_word' id='word_1_109' title='bbox 506 1685 658 1741; x_wconf 83' lang='lat' dir='ltr'><strong>Thes.</strong></span> <span class='ocrx_word' id='word_1_110' title='bbox 690 1689 900 1741; x_wconf 84' lang='lat' dir='ltr'><strong>orthod.</strong></span> <span class='ocrx_word' id='word_1_111' title='bbox 929 1689 1024 1756; x_wconf 83' lang='lat' dir='ltr'><strong>ﬁd.</strong></span> <span class='ocrx_word' id='word_1_112' title='bbox 1056 1690 1178 1744; x_wconf 88' lang='lat' dir='ltr'><strong>libr.</strong></span> <span class='ocrx_word' id='word_1_113' title='bbox 1213 1705 1297 1754; x_wconf 84' lang='lat' dir='ltr'><strong>tv,</strong></span> <span class='ocrx_word' id='word_1_114' title='bbox 1345 1689 1477 1743; x_wconf 63' lang='lat' dir='ltr'><strong>liter.</strong></span> <span class='ocrx_word' id='word_1_115' title='bbox 1516 1689 1607 1757; x_wconf 81' lang='grc'><strong>31)</strong></span> <span class='ocrx_word' id='word_1_116' title='bbox 1636 1728 1652 1754; x_wconf 91' lang='grc'><strong>,</strong></span> <span class='ocrx_word' id='word_1_117' title='bbox 1682 1690 1896 1758; x_wconf 86' lang='lat' dir='ltr'><strong>quando</strong></span> <span class='ocrx_word' id='word_1_118' title='bbox 1933 1690 2088 1754; x_wconf 87' lang='lat' dir='ltr'><strong>juxta</strong></span> 
     </span>
    </p>
   </div>
   <div class='ocr_carea' id='block_1_18' title="bbox 503 1778 2089 1850">
    <p class='ocr_par' dir='ltr' id='par_1_18' title="bbox 503 1778 2089 1850">
     <span class='ocr_line' id='line_1_18' title="bbox 503 1778 2089 1850; baseline -0.001 -18"><span class='ocrx_word' id='word_1_119' title='bbox 503 1778 882 1850; x_wconf 58' lang='lat' dir='ltr'><strong>[Egyptiorum</strong></span> <span class='ocrx_word' id='word_1_120' title='bbox 919 1781 1265 1835; x_wconf 85' lang='lat' dir='ltr'><strong>sacerdotum</strong></span> <span class='ocrx_word' id='word_1_121' title='bbox 1298 1795 1505 1835; x_wconf 91' lang='lat' dir='ltr'><strong>morem</strong></span> <span class='ocrx_word' id='word_1_122' title='bbox 1541 1795 1570 1833; x_wconf 89' lang='lat' dir='ltr'><strong>a</strong></span> <span class='ocrx_word' id='word_1_123' title='bbox 1603 1779 1894 1850; x_wconf 76' lang='lat' dir='ltr'><strong>gentilibus</strong></span> <span class='ocrx_word' id='word_1_124' title='bbox 1926 1781 2089 1831; x_wconf 87' lang='lat' dir='ltr'><strong>adra-</strong></span> 
     </span>
    </p>
   </div>
   <div class='ocr_carea' id='block_1_19' title="bbox 2195 571 3772 646">
    <p class='ocr_par' dir='ltr' id='par_1_19' title="bbox 2195 571 3772 646">
     <span class='ocr_line' id='line_1_19' title="bbox 2195 571 3772 646; baseline -0.008 -12"><span class='ocrx_word' id='word_1_125' title='bbox 2195 580 2459 646; x_wconf 76' lang='lat' dir='ltr'><strong>ligeriana</strong></span> <span class='ocrx_word' id='word_1_126' title='bbox 2475 577 2726 632; x_wconf 86' lang='lat' dir='ltr'><strong>Cltronici</strong></span> <span class='ocrx_word' id='word_1_127' title='bbox 2764 577 2923 645; x_wconf 88' lang='lat' dir='ltr'><strong>hujus</strong></span> <span class='ocrx_word' id='word_1_128' title='bbox 2949 577 3136 630; x_wconf 84' lang='lat' dir='ltr'><strong>editio.</strong></span> <span class='ocrx_word' id='word_1_129' title='bbox 3167 574 3243 629; x_wconf 87' lang='lat' dir='ltr'><strong>Ex</strong></span> <span class='ocrx_word' id='word_1_130' title='bbox 3271 575 3357 630; x_wconf 87' lang='lat' dir='ltr'><strong>his</strong></span> <span class='ocrx_word' id='word_1_131' title='bbox 3383 571 3772 627; x_wconf 84' lang='lat' dir='ltr'><strong>hallucinatum</strong></span> 
     </span>
    </p>
   </div>
   <div class='ocr_carea' id='block_1_20' title="bbox 2195 661 3776 741">
    <p class='ocr_par' dir='ltr' id='par_1_20' title="bbox 2195 661 3776 741">
     <span class='ocr_line' id='line_1_20' title="bbox 2195 661 3776 741; baseline -0.006 -17"><span class='ocrx_word' id='word_1_132' title='bbox 2195 673 2368 741; x_wconf 90' lang='lat' dir='ltr'><strong>liquet</strong></span> <span class='ocrx_word' id='word_1_133' title='bbox 2396 670 2781 739; x_wconf 79' lang='lat' dir='ltr'><strong>Epiphaniam,</strong></span> <span class='ocrx_word' id='word_1_134' title='bbox 2816 668 2907 738; x_wconf 92' lang='lat' dir='ltr'><strong>qui</strong></span> <span class='ocrx_word' id='word_1_135' title='bbox 2949 668 3237 736; x_wconf 79' lang='lat' dir='ltr'><strong>Origenem</strong></span> <span class='ocrx_word' id='word_1_136' title='bbox 3282 666 3585 734; x_wconf 88' lang='lat' dir='ltr'><strong>imperante</strong></span> <span class='ocrx_word' id='word_1_137' title='bbox 3612 661 3776 716; x_wconf 85' lang='lat' dir='ltr'><strong>Decio</strong></span> 
     </span>
    </p>
   </div>
   <div class='ocr_carea' id='block_1_21' title="bbox 2192 752 3773 826">
    <p class='ocr_par' dir='ltr' id='par_1_21' title="bbox 2192 752 3773 826">
     <span class='ocr_line' id='line_1_21' title="bbox 2192 752 3773 826; baseline -0.009 -9"><span class='ocrx_word' id='word_1_138' title='bbox 2192 761 2533 817; x_wconf 72' lang='lat' dir='ltr'><strong>Alexandriae</strong></span> <span class='ocrx_word' id='word_1_139' title='bbox 2564 758 2824 814; x_wconf 86' lang='lat' dir='ltr'><strong>claruisse</strong></span> <span class='ocrx_word' id='word_1_140' title='bbox 2855 758 3072 826; x_wconf 88' lang='lat' dir='ltr'><strong>scripsit</strong></span> <span class='ocrx_word' id='word_1_141' title='bbox 3109 757 3241 811; x_wconf 73' lang='lat' dir='ltr'><strong>hzer.</strong></span> <span class='ocrx_word' id='word_1_142' title='bbox 3271 754 3372 818; x_wconf 74' lang='grc'><strong>64,</strong></span> <span class='ocrx_word' id='word_1_143' title='bbox 3401 766 3522 822; x_wconf 89' lang='lat' dir='ltr'><strong>cap.</strong></span> <span class='ocrx_word' id='word_1_144' title='bbox 3554 752 3581 806; x_wconf 86' lang='grc'><strong>1</strong></span> <span class='ocrx_word' id='word_1_145' title='bbox 3601 791 3618 816; x_wconf 90' lang='grc'><strong>,</strong></span> <span class='ocrx_word' id='word_1_146' title='bbox 3649 765 3773 804; x_wconf 90' lang='lat' dir='ltr'><strong>cum</strong></span> 
     </span>
    </p>
   </div>
   <div class='ocr_carea' id='block_1_22' title="bbox 2193 843 3776 922">
    <p class='ocr_par' dir='ltr' id='par_1_22' title="bbox 2193 843 3776 922">
     <span class='ocr_line' id='line_1_22' title="bbox 2193 843 3776 922; baseline -0.009 -14"><span class='ocrx_word' id='word_1_147' title='bbox 2193 867 2468 922; x_wconf 84' lang='lat' dir='ltr'><strong>nunquam</strong></span> <span class='ocrx_word' id='word_1_148' title='bbox 2503 866 2625 905; x_wconf 90' lang='lat' dir='ltr'><strong>eum</strong></span> <span class='ocrx_word' id='word_1_149' title='bbox 2667 851 2898 919; x_wconf 89' lang='lat' dir='ltr'><strong>posthac</strong></span> <span class='ocrx_word' id='word_1_150' title='bbox 2945 849 3072 902; x_wconf 90' lang='lat' dir='ltr'><strong>illuc</strong></span> <span class='ocrx_word' id='word_1_151' title='bbox 3105 861 3409 916; x_wconf 78' lang='lat' dir='ltr'><strong>regressum</strong></span> <span class='ocrx_word' id='word_1_152' title='bbox 3449 843 3617 898; x_wconf 90' lang='lat' dir='ltr'><strong>fuisse</strong></span> <span class='ocrx_word' id='word_1_153' title='bbox 3645 857 3776 896; x_wconf 64' lang='lat' dir='ltr'><strong>cono</strong></span> 
     </span>
    </p>
   </div>
   <div class='ocr_carea' id='block_1_23' title="bbox 2193 932 3775 1012">
    <p class='ocr_par' dir='ltr' id='par_1_23' title="bbox 2193 932 3775 1012">
     <span class='ocr_line' id='line_1_23' title="bbox 2193 932 3775 1012; baseline -0.008 -14"><span class='ocrx_word' id='word_1_154' title='bbox 2193 955 2318 999; x_wconf 89' lang='lat' dir='ltr'><strong>stet.</strong></span> <span class='ocrx_word' id='word_1_155' title='bbox 2344 943 2682 1012; x_wconf 82' lang='lat' dir='ltr'><strong>Quapropter</strong></span> <span class='ocrx_word' id='word_1_156' title='bbox 2705 941 2944 995; x_wconf 89' lang='lat' dir='ltr'><strong>concedo</strong></span> <span class='ocrx_word' id='word_1_157' title='bbox 2969 940 3020 993; x_wconf 94' lang='lat' dir='ltr'><strong>in</strong></span> <span class='ocrx_word' id='word_1_158' title='bbox 3047 939 3251 993; x_wconf 84' lang='lat' dir='ltr'><strong>Petavii</strong></span> <span class='ocrx_word' id='word_1_159' title='bbox 3284 935 3630 998; x_wconf 84' lang='lat' dir='ltr'><strong>sententiam,</strong></span> <span class='ocrx_word' id='word_1_160' title='bbox 3660 932 3775 1004; x_wconf 77' lang='grc'><strong>(64)</strong></span> 
     </span>
    </p>
   </div>
   <div class='ocr_carea' id='block_1_24' title="bbox 2195 1022 3774 1099">
    <p class='ocr_par' dir='ltr' id='par_1_24' title="bbox 2195 1022 3774 1099">
     <span class='ocr_line' id='line_1_24' title="bbox 2195 1022 3774 1099; baseline -0.012 -9"><span class='ocrx_word' id='word_1_161' title='bbox 2195 1035 2379 1090; x_wconf 85' lang='lat' dir='ltr'><strong>Severi</strong></span> <span class='ocrx_word' id='word_1_162' title='bbox 2412 1047 2604 1087; x_wconf 89' lang='lat' dir='ltr'><strong>nomen</strong></span> <span class='ocrx_word' id='word_1_163' title='bbox 2633 1031 2782 1086; x_wconf 90' lang='lat' dir='ltr'><strong>Decii</strong></span> <span class='ocrx_word' id='word_1_164' title='bbox 2817 1031 3033 1085; x_wconf 90' lang='lat' dir='ltr'><strong>nomine</strong></span> <span class='ocrx_word' id='word_1_165' title='bbox 3062 1043 3342 1099; x_wconf 88' lang='lat' dir='ltr'><strong>perperam</strong></span> <span class='ocrx_word' id='word_1_166' title='bbox 3379 1026 3448 1080; x_wconf 89' lang='lat' dir='ltr'><strong>ab</strong></span> <span class='ocrx_word' id='word_1_167' title='bbox 3471 1022 3774 1094; x_wconf 83' lang='lat' dir='ltr'><strong>Epiphanio</strong></span> 
     </span>
    </p>
   </div>
   <div class='ocr_carea' id='block_1_25' title="bbox 2192 1112 3775 1193">
    <p class='ocr_par' dir='ltr' id='par_1_25' title="bbox 2192 1112 3775 1193">
     <span class='ocr_line' id='line_1_25' title="bbox 2192 1112 3775 1193; baseline -0.011 -12"><span class='ocrx_word' id='word_1_168' title='bbox 2192 1134 2585 1181; x_wconf 91' lang='lat' dir='ltr'><strong>commutatum</strong></span> <span class='ocrx_word' id='word_1_169' title='bbox 2636 1122 2932 1193; x_wconf 89' lang='lat' dir='ltr'><strong>opinantis.</strong></span> <span class='ocrx_word' id='word_1_170' title='bbox 2983 1117 3370 1175; x_wconf 81' lang='lat' dir='ltr'><strong>Vehementius</strong></span> <span class='ocrx_word' id='word_1_171' title='bbox 3404 1117 3567 1170; x_wconf 90' lang='lat' dir='ltr'><strong>etiam</strong></span> <span class='ocrx_word' id='word_1_172' title='bbox 3604 1112 3775 1166; x_wconf 89' lang='lat' dir='ltr'><strong>hallu-</strong></span> 
     </span>
    </p>
   </div>
   <div class='ocr_carea' id='block_1_26' title="bbox 2193 1205 3774 1279">
    <p class='ocr_par' dir='ltr' id='par_1_26' title="bbox 2193 1205 3774 1279">
     <span class='ocr_line' id='line_1_26' title="bbox 2193 1205 3774 1279; baseline -0.011 -5"><span class='ocrx_word' id='word_1_173' title='bbox 2193 1221 2433 1274; x_wconf 91' lang='lat' dir='ltr'><strong>cinatum</strong></span> <span class='ocrx_word' id='word_1_174' title='bbox 2471 1225 2691 1272; x_wconf 91' lang='lat' dir='ltr'><strong>constat</strong></span> <span class='ocrx_word' id='word_1_175' title='bbox 2727 1215 3092 1270; x_wconf 79' lang='lat' dir='ltr'><strong>Abrahamum</strong></span> <span class='ocrx_word' id='word_1_176' title='bbox 3141 1211 3448 1267; x_wconf 91' lang='lat' dir='ltr'><strong>Scultetum</strong></span> <span class='ocrx_word' id='word_1_177' title='bbox 3481 1205 3634 1279; x_wconf 77' lang='lat'>(65),</span> <span class='ocrx_word' id='word_1_178' title='bbox 3680 1205 3774 1274; x_wconf 92' lang='lat' dir='ltr'><strong>qui</strong></span> 
     </span>
    </p>
   </div>
   <div class='ocr_carea' id='block_1_27' title="bbox 2191 1299 3777 1381">
    <p class='ocr_par' dir='ltr' id='par_1_27' title="bbox 2191 1299 3777 1381">
     <span class='ocr_line' id='line_1_27' title="bbox 2191 1299 3777 1381; baseline -0.011 -13"><span class='ocrx_word' id='word_1_179' title='bbox 2191 1312 2475 1381; x_wconf 82' lang='lat' dir='ltr'><strong>Origenem</strong></span> <span class='ocrx_word' id='word_1_180' title='bbox 2524 1316 2752 1376; x_wconf 88' lang='lat' dir='ltr'><strong>narrat,</strong></span> <span class='ocrx_word' id='word_1_181' title='bbox 2804 1315 3094 1378; x_wconf 81' lang='lat' dir='ltr'><strong>postquam</strong></span> <span class='ocrx_word' id='word_1_182' title='bbox 3148 1301 3475 1358; x_wconf 78' lang='lat' dir='ltr'><strong>Alexandria</strong></span> <span class='ocrx_word' id='word_1_183' title='bbox 3533 1299 3666 1353; x_wconf 82' lang='lat' dir='ltr'><strong>exiit</strong></span> <span class='ocrx_word' id='word_1_184' title='bbox 3718 1307 3777 1352; x_wconf 91' lang='lat' dir='ltr'><strong>ut</strong></span> 
     </span>
    </p>
   </div>
   <div class='ocr_carea' id='block_1_28' title="bbox 2193 1389 3771 1462">
    <p class='ocr_par' dir='ltr' id='par_1_28' title="bbox 2193 1389 3771 1462">
     <span class='ocr_line' id='line_1_28' title="bbox 2193 1389 3771 1462; baseline -0.011 -3"><span class='ocrx_word' id='word_1_185' title='bbox 2193 1402 2400 1459; x_wconf 64' lang='lat' dir='ltr'><strong>aemulis</strong></span> <span class='ocrx_word' id='word_1_186' title='bbox 2448 1401 2703 1462; x_wconf 89' lang='lat' dir='ltr'><strong>cederet,</strong></span> <span class='ocrx_word' id='word_1_187' title='bbox 2729 1413 2794 1454; x_wconf 92' lang='lat' dir='ltr'><strong>eo</strong></span> <span class='ocrx_word' id='word_1_188' title='bbox 2845 1407 3157 1452; x_wconf 85' lang='lat' dir='ltr'><strong>revocatum</strong></span> <span class='ocrx_word' id='word_1_189' title='bbox 3190 1405 3380 1448; x_wconf 86' lang='lat' dir='ltr'><strong>omnes</strong></span> <span class='ocrx_word' id='word_1_190' title='bbox 3425 1404 3593 1446; x_wconf 69' lang='lat' dir='ltr'><strong>sacrae</strong></span> <span class='ocrx_word' id='word_1_191' title='bbox 3623 1389 3771 1443; x_wconf 54' lang='lat' dir='ltr'><strong>Scriv</strong></span> 
     </span>
    </p>
   </div>
   <div class='ocr_carea' id='block_1_29' title="bbox 2194 1485 3360 1568">
    <p class='ocr_par' dir='ltr' id='par_1_29' title="bbox 2194 1485 3360 1568">
     <span class='ocr_line' id='line_1_29' title="bbox 2194 1485 3360 1568; baseline -0.011 -17"><span class='ocrx_word' id='word_1_192' title='bbox 2194 1507 2362 1568; x_wconf 76' lang='lat' dir='ltr'><strong>plura:</strong></span> <span class='ocrx_word' id='word_1_193' title='bbox 2396 1496 2562 1548; x_wconf 88' lang='lat' dir='ltr'><strong>libros</strong></span> <span class='ocrx_word' id='word_1_194' title='bbox 2589 1492 2892 1546; x_wconf 87' lang='lat' dir='ltr'><strong>illustrasse</strong></span> <span class='ocrx_word' id='word_1_195' title='bbox 2920 1485 3360 1543; x_wconf 89' lang='lat' dir='ltr'><strong>commentariis.</strong></span> 
     </span>
    </p>
   </div>
   <div class='ocr_carea' id='block_1_30' title="bbox 2262 1574 3770 1654">
    <p class='ocr_par' dir='ltr' id='par_1_30' title="bbox 2262 1574 3770 1654">
     <span class='ocr_line' id='line_1_30' title="bbox 2262 1574 3770 1654; baseline -0.011 -12"><span class='ocrx_word' id='word_1_196' title='bbox 2262 1586 2402 1642; x_wconf 79' lang='lat' dir='ltr'><strong>XIV.</strong></span> <span class='ocrx_word' id='word_1_197' title='bbox 2451 1584 2705 1654; x_wconf 79' lang='lat' dir='ltr'><strong>Confugit</strong></span> <span class='ocrx_word' id='word_1_198' title='bbox 2741 1597 2874 1652; x_wconf 86' lang='lat' dir='ltr'><strong>ergo</strong></span> <span class='ocrx_word' id='word_1_199' title='bbox 2915 1579 3220 1637; x_wconf 59' lang='lat' dir='ltr'><strong>Caesaream</strong></span> <span class='ocrx_word' id='word_1_200' title='bbox 3257 1577 3323 1631; x_wconf 88' lang='lat' dir='ltr'><strong>ad</strong></span> <span class='ocrx_word' id='word_1_201' title='bbox 3373 1574 3770 1638; x_wconf 87' lang='lat' dir='ltr'><strong>Theoctistum,</strong></span> 
     </span>
    </p>
   </div>
   <div class='ocr_carea' id='block_1_31' title="bbox 2192 1667 3774 1749">
    <p class='ocr_par' dir='ltr' id='par_1_31' title="bbox 2192 1667 3774 1749">
     <span class='ocr_line' id='line_1_31' title="bbox 2192 1667 3774 1749; baseline -0.01 -15"><span class='ocrx_word' id='word_1_202' title='bbox 2192 1680 2530 1749; x_wconf 77' lang='lat' dir='ltr'><strong>benigneque</strong></span> <span class='ocrx_word' id='word_1_203' title='bbox 2559 1679 2628 1731; x_wconf 90' lang='lat' dir='ltr'><strong>ab</strong></span> <span class='ocrx_word' id='word_1_204' title='bbox 2658 1689 2724 1731; x_wconf 89' lang='lat' dir='ltr'><strong>eo</strong></span> <span class='ocrx_word' id='word_1_205' title='bbox 2752 1685 2806 1729; x_wconf 92' lang='lat' dir='ltr'><strong>et</strong></span> <span class='ocrx_word' id='word_1_206' title='bbox 2849 1672 3143 1728; x_wconf 89' lang='lat' dir='ltr'><strong>liberaliter</strong></span> <span class='ocrx_word' id='word_1_207' title='bbox 3171 1677 3454 1738; x_wconf 84' lang='lat' dir='ltr'><strong>exceptus,</strong></span> <span class='ocrx_word' id='word_1_208' title='bbox 3481 1676 3535 1722; x_wconf 92' lang='lat' dir='ltr'><strong>et</strong></span> <span class='ocrx_word' id='word_1_209' title='bbox 3564 1667 3633 1720; x_wconf 88' lang='lat' dir='ltr'><strong>ab</strong></span> <span class='ocrx_word' id='word_1_210' title='bbox 3658 1682 3774 1720; x_wconf 85' lang='lat' dir='ltr'><strong>orn-</strong></span> 
     </span>
    </p>
   </div>
   <div class='ocr_carea' id='block_1_32' title="bbox 2195 1757 3773 1839">
    <p class='ocr_par' dir='ltr' id='par_1_32' title="bbox 2195 1757 3773 1839">
     <span class='ocr_line' id='line_1_32' title="bbox 2195 1757 3773 1839; baseline -0.008 -15"><span class='ocrx_word' id='word_1_211' title='bbox 2195 1772 2351 1826; x_wconf 89' lang='lat' dir='ltr'><strong>nibus</strong></span> <span class='ocrx_word' id='word_1_212' title='bbox 2399 1769 2614 1839; x_wconf 88' lang='lat' dir='ltr'><strong>injuriis</strong></span> <span class='ocrx_word' id='word_1_213' title='bbox 2657 1776 2711 1820; x_wconf 89' lang='lat' dir='ltr'><strong>et</strong></span> <span class='ocrx_word' id='word_1_214' title='bbox 2765 1763 3114 1821; x_wconf 84' lang='lat' dir='ltr'><strong>contumeliis</strong></span> <span class='ocrx_word' id='word_1_215' title='bbox 3147 1763 3449 1832; x_wconf 88' lang='lat' dir='ltr'><strong>prohibitus</strong></span> <span class='ocrx_word' id='word_1_216' title='bbox 3487 1768 3591 1814; x_wconf 89' lang='lat' dir='ltr'><strong>est.</strong></span> <span class='ocrx_word' id='word_1_217' title='bbox 3634 1757 3773 1812; x_wconf 81' lang='lat' dir='ltr'><strong>Hinc</strong></span> 
     </span>
    </p>
   </div>
   <div class='ocr_carea' id='block_1_33' title="bbox 501 1849 3774 1943">
    <p class='ocr_par' dir='ltr' id='par_1_33' title="bbox 501 1849 3774 1943">
     <span class='ocr_line' id='line_1_33' title="bbox 501 1849 3774 1943; baseline -0.002 -17"><span class='ocrx_word' id='word_1_218' title='bbox 501 1849 626 1935; x_wconf 86' lang='lat' dir='ltr'><strong>sus,</strong></span> <span class='ocrx_word' id='word_1_219' title='bbox 653 1874 718 1926; x_wconf 89' lang='lat' dir='ltr'><strong>ad</strong></span> <span class='ocrx_word' id='word_1_220' title='bbox 754 1872 935 1926; x_wconf 87' lang='lat' dir='ltr'><strong>fanum</strong></span> <span class='ocrx_word' id='word_1_221' title='bbox 966 1874 1246 1943; x_wconf 81' lang='lat' dir='ltr'><strong>Serapidis</strong></span> <span class='ocrx_word' id='word_1_222' title='bbox 1273 1849 1623 1929; x_wconf 13' lang='lat' dir='ltr'><strong>Christianos,</strong></span> <span class='ocrx_word' id='word_1_223' title='bbox 1649 1886 1839 1927; x_wconf 89' lang='lat' dir='ltr'><strong>omnes</strong></span> <span class='ocrx_word' id='word_1_224' title='bbox 1866 1871 1930 1925; x_wconf 88' lang='lat' dir='ltr'><strong>ad</strong></span> <span class='ocrx_word' id='word_1_225' title='bbox 1965 1887 2091 1940; x_wconf 85' lang='lat' dir='ltr'><strong>pro-</strong></span> <span class='ocrx_word' id='word_1_226' title='bbox 2125 1857 2164 1911; x_wconf 82' lang='grc' dir='ltr'><strong>Β</strong></span> <span class='ocrx_word' id='word_1_227' title='bbox 2196 1878 2328 1916; x_wconf 71' lang='lat' dir='ltr'><strong>nova</strong></span> <span class='ocrx_word' id='word_1_228' title='bbox 2359 1858 2592 1915; x_wconf 65' lang='lat' dir='ltr'><strong>suffusus</strong></span> <span class='ocrx_word' id='word_1_229' title='bbox 2658 1856 3032 1911; x_wconf 63' lang='grc' dir='ltr'><strong>ηιθιενοΙεηιίῖι</strong></span> <span class='ocrx_word' id='word_1_230' title='bbox 3077 1849 3628 1943; x_wconf 16' lang='grc' dir='ltr'><strong>ῡθηιειιῆιιεγΑῖεῐριί</strong></span> <span class='ocrx_word' id='word_1_231' title='bbox 3659 1851 3774 1918; x_wconf 68' lang='grc' dir='ltr'><strong>θυί-</strong></span> 
     </span>
    </p>
   </div>
   <div class='ocr_carea' id='block_1_34' title="bbox 501 1963 2086 2031">
    <p class='ocr_par' dir='ltr' id='par_1_34' title="bbox 501 1963 2086 2031">
     <span class='ocr_line' id='line_1_34' title="bbox 501 1963 2086 2031; baseline -0.001 -16"><span class='ocrx_word' id='word_1_232' title='bbox 501 1967 843 2031; x_wconf 80' lang='lat' dir='ltr'><strong>pugnandum</strong></span> <span class='ocrx_word' id='word_1_233' title='bbox 893 1965 1094 2018; x_wconf 88' lang='lat' dir='ltr'><strong>Christi</strong></span> <span class='ocrx_word' id='word_1_234' title='bbox 1149 1979 1344 2019; x_wconf 91' lang='lat' dir='ltr'><strong>nomen</strong></span> <span class='ocrx_word' id='word_1_235' title='bbox 1395 1965 1543 2019; x_wconf 89' lang='lat' dir='ltr'><strong>clara</strong></span> <span class='ocrx_word' id='word_1_236' title='bbox 1596 1979 1732 2020; x_wconf 86' lang='lat' dir='ltr'><strong>voce</strong></span> <span class='ocrx_word' id='word_1_237' title='bbox 1774 1963 2086 2018; x_wconf 88' lang='lat' dir='ltr'><strong>concitavit.</strong></span> 
     </span>
    </p>
   </div>
   <div class='ocr_carea' id='block_1_35' title="bbox 502 2053 2090 2127">
    <p class='ocr_par' dir='ltr' id='par_1_35' title="bbox 502 2053 2090 2127">
     <span class='ocr_line' id='line_1_35' title="bbox 502 2053 2090 2127; baseline -0.003 -17"><span class='ocrx_word' id='word_1_238' title='bbox 502 2056 715 2112; x_wconf 72' lang='lat' dir='ltr'><strong>Falsam</strong></span> <span class='ocrx_word' id='word_1_239' title='bbox 748 2071 912 2124; x_wconf 90' lang='lat' dir='ltr'><strong>porro</strong></span> <span class='ocrx_word' id='word_1_240' title='bbox 939 2067 993 2112; x_wconf 92' lang='lat' dir='ltr'><strong>et</strong></span> <span class='ocrx_word' id='word_1_241' title='bbox 1023 2057 1311 2110; x_wconf 89' lang='lat' dir='ltr'><strong>confictam</strong></span> <span class='ocrx_word' id='word_1_242' title='bbox 1348 2071 1472 2112; x_wconf 91' lang='lat' dir='ltr'><strong>esse</strong></span> <span class='ocrx_word' id='word_1_243' title='bbox 1499 2055 1844 2127; x_wconf 72' lang='lat' dir='ltr'><strong>Origcuiana:</strong></span> <span class='ocrx_word' id='word_1_244' title='bbox 1873 2053 2090 2108; x_wconf 90' lang='lat' dir='ltr'><strong>idolola-</strong></span> 
     </span>
    </p>
   </div>
   <div class='ocr_carea' id='block_1_36' title="bbox 502 2147 2090 2216">
    <p class='ocr_par' dir='ltr' id='par_1_36' title="bbox 502 2147 2090 2216">
     <span class='ocr_line' id='line_1_36' title="bbox 502 2147 2090 2216; baseline -0.003 -17"><span class='ocrx_word' id='word_1_245' title='bbox 502 2147 620 2201; x_wconf 71' lang='lat' dir='ltr'><strong>triae</strong></span> <span class='ocrx_word' id='word_1_246' title='bbox 653 2147 960 2210; x_wconf 85' lang='lat' dir='ltr'><strong>historiam,</strong></span> <span class='ocrx_word' id='word_1_247' title='bbox 990 2161 1055 2200; x_wconf 87' lang='lat' dir='ltr'><strong>ac</strong></span> <span class='ocrx_word' id='word_1_248' title='bbox 1083 2147 1385 2216; x_wconf 82' lang='lat' dir='ltr'><strong>Epiphanio</strong></span> <span class='ocrx_word' id='word_1_249' title='bbox 1413 2148 1482 2201; x_wconf 88' lang='lat' dir='ltr'><strong>ab</strong></span> <span class='ocrx_word' id='word_1_250' title='bbox 1511 2148 1688 2201; x_wconf 85' lang='lat' dir='ltr'><strong>aliena</strong></span> <span class='ocrx_word' id='word_1_251' title='bbox 1722 2161 1883 2200; x_wconf 87' lang='lat' dir='ltr'><strong>manu</strong></span> <span class='ocrx_word' id='word_1_252' title='bbox 1919 2147 2090 2198; x_wconf 84' lang='lat' dir='ltr'><strong>inscr-</strong></span> 
     </span>
    </p>
   </div>
   <div class='ocr_carea' id='block_1_37' title="bbox 503 2238 2088 2309">
    <p class='ocr_par' dir='ltr' id='par_1_37' title="bbox 503 2238 2088 2309">
     <span class='ocr_line' id='line_1_37' title="bbox 503 2238 2088 2309; baseline 0 -17"><span class='ocrx_word' id='word_1_253' title='bbox 503 2250 610 2293; x_wconf 89' lang='lat' dir='ltr'><strong>tam</strong></span> <span class='ocrx_word' id='word_1_254' title='bbox 653 2241 926 2309; x_wconf 86' lang='lat' dir='ltr'><strong>pertendit</strong></span> <span class='ocrx_word' id='word_1_255' title='bbox 975 2239 1278 2302; x_wconf 87' lang='lat' dir='ltr'><strong>Baronius,</strong></span> <span class='ocrx_word' id='word_1_256' title='bbox 1326 2241 1392 2293; x_wconf 90' lang='lat' dir='ltr'><strong>ad</strong></span> <span class='ocrx_word' id='word_1_257' title='bbox 1455 2255 1547 2294; x_wconf 87' lang='lat' dir='ltr'><strong>an.</strong></span> <span class='ocrx_word' id='word_1_258' title='bbox 1579 2239 1723 2303; x_wconf 69' lang='lat'><strong>255,</strong></span> <span class='ocrx_word' id='word_1_259' title='bbox 1777 2253 1923 2291; x_wconf 92' lang='lat' dir='ltr'><strong>num.</strong></span> <span class='ocrx_word' id='word_1_260' title='bbox 1964 2238 2088 2302; x_wconf 73' lang='lat'><strong>120,</strong></span> 
     </span>
    </p>
   </div>
   <div class='ocr_carea' id='block_1_38' title="bbox 499 2328 2088 2400">
    <p class='ocr_par' dir='ltr' id='par_1_38' title="bbox 499 2328 2088 2400">
     <span class='ocr_line' id='line_1_38' title="bbox 499 2328 2088 2400; baseline -0.002 -18"><span class='ocrx_word' id='word_1_261' title='bbox 499 2331 841 2400; x_wconf 88' lang='lat' dir='ltr'><strong>plurimaque</strong></span> <span class='ocrx_word' id='word_1_262' title='bbox 863 2330 1106 2399; x_wconf 89' lang='lat' dir='ltr'><strong>congerit</strong></span> <span class='ocrx_word' id='word_1_263' title='bbox 1134 2331 1186 2384; x_wconf 91' lang='lat' dir='ltr'><strong>in</strong></span> <span class='ocrx_word' id='word_1_264' title='bbox 1218 2346 1338 2385; x_wconf 91' lang='lat' dir='ltr'><strong>eam</strong></span> <span class='ocrx_word' id='word_1_265' title='bbox 1365 2330 1718 2390; x_wconf 90' lang='lat' dir='ltr'><strong>sententiam,</strong></span> <span class='ocrx_word' id='word_1_266' title='bbox 1760 2328 1872 2399; x_wconf 81' lang='lat'>(6-2)</span> <span class='ocrx_word' id='word_1_267' title='bbox 1907 2343 2028 2395; x_wconf 80' lang='lat' dir='ltr'><strong>quze</strong></span> <span class='ocrx_word' id='word_1_268' title='bbox 2058 2342 2088 2379; x_wconf 91' lang='lat' dir='ltr'><strong>a</strong></span> 
     </span>
    </p>
   </div>
   <div class='ocr_carea' id='block_1_39' title="bbox 500 2417 2086 2474">
    <p class='ocr_par' dir='ltr' id='par_1_39' title="bbox 500 2417 2086 2474">
     <span class='ocr_line' id='line_1_39' title="bbox 500 2417 2086 2474; baseline 0 -1"><span class='ocrx_word' id='word_1_269' title='bbox 500 2419 720 2474; x_wconf 85' lang='lat' dir='ltr'><strong>Petavio</strong></span> <span class='ocrx_word' id='word_1_270' title='bbox 737 2420 950 2474; x_wconf 86' lang='lat' dir='ltr'><strong>erudite</strong></span> <span class='ocrx_word' id='word_1_271' title='bbox 970 2417 1248 2473; x_wconf 91' lang='lat' dir='ltr'><strong>confutata</strong></span> <span class='ocrx_word' id='word_1_272' title='bbox 1275 2419 1446 2474; x_wconf 87' lang='lat' dir='ltr'><strong>babes</strong></span> <span class='ocrx_word' id='word_1_273' title='bbox 1461 2421 1510 2472; x_wconf 93' lang='lat' dir='ltr'><strong>in</strong></span> <span class='ocrx_word' id='word_1_274' title='bbox 1529 2420 2086 2473; x_wconf 77' lang='lat' dir='ltr'><strong>Animadversionibns</strong></span> 
     </span>
    </p>
   </div>
   <div class='ocr_carea' id='block_1_40' title="bbox 504 2508 2084 2579">
    <p class='ocr_par' dir='ltr' id='par_1_40' title="bbox 504 2508 2084 2579">
     <span class='ocr_line' id='line_1_40' title="bbox 504 2508 2084 2579; baseline 0.002 -17"><span class='ocrx_word' id='word_1_275' title='bbox 504 2508 923 2579; x_wconf 79' lang='lat' dir='ltr'><strong>Epiphanianis.</strong></span> <span class='ocrx_word' id='word_1_276' title='bbox 964 2510 1097 2564; x_wconf 78' lang='lat' dir='ltr'><strong>Rem</strong></span> <span class='ocrx_word' id='word_1_277' title='bbox 1146 2511 1235 2564; x_wconf 91' lang='lat' dir='ltr'><strong>alii</strong></span> <span class='ocrx_word' id='word_1_278' title='bbox 1266 2512 1510 2564; x_wconf 87' lang='lat' dir='ltr'><strong>tribuunt</strong></span> <span class='ocrx_word' id='word_1_279' title='bbox 1545 2509 1690 2564; x_wconf 91' lang='lat' dir='ltr'><strong>Decii</strong></span> <span class='ocrx_word' id='word_1_280' title='bbox 1736 2512 2084 2579; x_wconf 85' lang='lat' dir='ltr'><strong>temporibus.</strong></span> 
     </span>
    </p>
   </div>
   <div class='ocr_carea' id='block_1_41' title="bbox 499 2602 2084 2672">
    <p class='ocr_par' dir='ltr' id='par_1_41' title="bbox 499 2602 2084 2672">
     <span class='ocr_line' id='line_1_41' title="bbox 499 2602 2084 2672; baseline 0.001 -14"><span class='ocrx_word' id='word_1_281' title='bbox 499 2602 626 2658; x_wconf 71' lang='lat' dir='ltr'><strong>Haec</strong></span> <span class='ocrx_word' id='word_1_282' title='bbox 655 2604 795 2659; x_wconf 87' lang='lat' dir='ltr'><strong>infra</strong></span> <span class='ocrx_word' id='word_1_283' title='bbox 828 2605 1204 2672; x_wconf 80' lang='lat' dir='ltr'><strong>expendemus</strong></span> <span class='ocrx_word' id='word_1_284' title='bbox 1237 2605 1586 2660; x_wconf 88' lang='lat' dir='ltr'><strong>accuratius:</strong></span> <span class='ocrx_word' id='word_1_285' title='bbox 1623 2608 1718 2660; x_wconf 90' lang='lat' dir='ltr'><strong>sed</strong></span> <span class='ocrx_word' id='word_1_286' title='bbox 1755 2605 1808 2659; x_wconf 91' lang='lat' dir='ltr'><strong>in</strong></span> <span class='ocrx_word' id='word_1_287' title='bbox 1835 2615 2084 2659; x_wconf 88' lang='lat' dir='ltr'><strong>anteces-</strong></span> 
     </span>
    </p>
   </div>
   <div class='ocr_carea' id='block_1_42' title="bbox 499 2696 2088 2766">
    <p class='ocr_par' dir='ltr' id='par_1_42' title="bbox 499 2696 2088 2766">
     <span class='ocr_line' id='line_1_42' title="bbox 499 2696 2088 2766; baseline -0.001 -15"><span class='ocrx_word' id='word_1_288' title='bbox 499 2709 618 2751; x_wconf 86' lang='lat' dir='ltr'><strong>sum</strong></span> <span class='ocrx_word' id='word_1_289' title='bbox 648 2696 944 2752; x_wconf 89' lang='lat' dir='ltr'><strong>asserirnus</strong></span> <span class='ocrx_word' id='word_1_290' title='bbox 972 2711 1147 2766; x_wconf 88' lang='lat' dir='ltr'><strong>neque</strong></span> <span class='ocrx_word' id='word_1_291' title='bbox 1173 2713 1270 2751; x_wconf 92' lang='lat' dir='ltr'><strong>nos</strong></span> <span class='ocrx_word' id='word_1_292' title='bbox 1299 2697 1490 2751; x_wconf 90' lang='lat' dir='ltr'><strong>horum</strong></span> <span class='ocrx_word' id='word_1_293' title='bbox 1520 2697 1791 2765; x_wconf 86' lang='lat' dir='ltr'><strong>opinioni,</strong></span> <span class='ocrx_word' id='word_1_294' title='bbox 1814 2697 1898 2752; x_wconf 87' lang='lat' dir='ltr'><strong>vel</strong></span> <span class='ocrx_word' id='word_1_295' title='bbox 1929 2697 2088 2750; x_wconf 85' lang='lat' dir='ltr'><strong>Baro-</strong></span> 
     </span>
    </p>
   </div>
   <div class='ocr_carea' id='block_1_43' title="bbox 497 2786 2089 2859">
    <p class='ocr_par' dir='ltr' id='par_1_43' title="bbox 497 2786 2089 2859">
     <span class='ocr_line' id='line_1_43' title="bbox 497 2786 2089 2859; baseline 0 -19"><span class='ocrx_word' id='word_1_296' title='bbox 497 2788 571 2840; x_wconf 88' lang='lat' dir='ltr'><strong>nii</strong></span> <span class='ocrx_word' id='word_1_297' title='bbox 596 2786 922 2855; x_wconf 69' lang='lat' dir='ltr'><strong>conjecmrze</strong></span> <span class='ocrx_word' id='word_1_298' title='bbox 944 2787 1194 2841; x_wconf 87' lang='lat' dir='ltr'><strong>assentiri</strong></span> <span class='ocrx_word' id='word_1_299' title='bbox 1219 2803 1398 2857; x_wconf 85' lang='lat' dir='ltr'><strong>posse.</strong></span> <span class='ocrx_word' id='word_1_300' title='bbox 1447 2787 1559 2859; x_wconf 81' lang='lat'>(63)</span> <span class='ocrx_word' id='word_1_301' title='bbox 1591 2787 1740 2843; x_wconf 90' lang='lat' dir='ltr'><strong>Fidei</strong></span> <span class='ocrx_word' id='word_1_302' title='bbox 1769 2804 1984 2858; x_wconf 91' lang='lat' dir='ltr'><strong>quoque</strong></span> <span class='ocrx_word' id='word_1_303' title='bbox 2008 2789 2089 2841; x_wconf 82' lang='lat' dir='ltr'><strong>in-</strong></span> 
     </span>
    </p>
   </div>
   <div class='ocr_carea' id='block_1_44' title="bbox 498 2878 2084 2948">
    <p class='ocr_par' dir='ltr' id='par_1_44' title="bbox 498 2878 2084 2948">
     <span class='ocr_line' id='line_1_44' title="bbox 498 2878 2084 2948; baseline 0.001 -17"><span class='ocrx_word' id='word_1_304' title='bbox 498 2879 807 2948; x_wconf 82' lang='lat' dir='ltr'><strong>tegritatem</strong></span> <span class='ocrx_word' id='word_1_305' title='bbox 839 2883 890 2932; x_wconf 92' lang='lat' dir='ltr'><strong>in</strong></span> <span class='ocrx_word' id='word_1_306' title='bbox 928 2879 1081 2932; x_wconf 84' lang='lat' dir='ltr'><strong>libris</strong></span> <span class='ocrx_word' id='word_1_307' title='bbox 1112 2878 1386 2947; x_wconf 90' lang='lat' dir='ltr'><strong>plerisque</strong></span> <span class='ocrx_word' id='word_1_308' title='bbox 1410 2920 1425 2945; x_wconf 91' lang='lat'><strong>,</strong></span> <span class='ocrx_word' id='word_1_309' title='bbox 1453 2895 1517 2933; x_wconf 90' lang='lat' dir='ltr'><strong>ac</strong></span> <span class='ocrx_word' id='word_1_310' title='bbox 1547 2894 1613 2934; x_wconf 92' lang='lat' dir='ltr'><strong>eo</strong></span> <span class='ocrx_word' id='word_1_311' title='bbox 1646 2881 1946 2948; x_wconf 66' lang='lat' dir='ltr'><strong>praesertim</strong></span> <span class='ocrx_word' id='word_1_312' title='bbox 1993 2879 2084 2942; x_wconf 87' lang='lat' dir='ltr'><strong>qui</strong></span> 
     </span>
    </p>
   </div>
   <div class='ocr_carea' id='block_1_45' title="bbox 497 2969 2086 3041">
    <p class='ocr_par' dir='ltr' id='par_1_45' title="bbox 497 2969 2086 3041">
     <span class='ocr_line' id='line_1_45' title="bbox 497 2969 2086 3041; baseline -0.001 -16"><span class='ocrx_word' id='word_1_313' title='bbox 497 2979 583 3025; x_wconf 87' lang='lat' dir='ltr'><strong>est</strong></span> <span class='ocrx_word' id='word_1_314' title='bbox 615 2969 690 3024; x_wconf 89' lang='lat' dir='ltr'><strong>De</strong></span> <span class='ocrx_word' id='word_1_315' title='bbox 722 2971 991 3039; x_wconf 81' lang='lat' dir='ltr'><strong>principiis</strong></span> <span class='ocrx_word' id='word_1_316' title='bbox 1022 3010 1036 3033; x_wconf 96' lang='lat'><strong>,</strong></span> <span class='ocrx_word' id='word_1_317' title='bbox 1072 2971 1138 3024; x_wconf 90' lang='lat' dir='ltr'><strong>ah</strong></span> <span class='ocrx_word' id='word_1_318' title='bbox 1181 2970 1419 3041; x_wconf 88' lang='lat' dir='ltr'><strong>Origene</strong></span> <span class='ocrx_word' id='word_1_319' title='bbox 1450 2972 1704 3025; x_wconf 86' lang='lat' dir='ltr'><strong>violatam</strong></span> <span class='ocrx_word' id='word_1_320' title='bbox 1734 2971 1784 3022; x_wconf 92' lang='lat' dir='ltr'><strong>id</strong></span> <span class='ocrx_word' id='word_1_321' title='bbox 1827 2970 2086 3038; x_wconf 90' lang='lat' dir='ltr'><strong>temporis</strong></span> 
     </span>
    </p>
   </div>
   <div class='ocr_carea' id='block_1_46' title="bbox 497 3063 2082 3130">
    <p class='ocr_par' dir='ltr' id='par_1_46' title="bbox 497 3063 2082 3130">
     <span class='ocr_line' id='line_1_46' title="bbox 497 3063 2082 3130; baseline 0.001 -15"><span class='ocrx_word' id='word_1_322' title='bbox 497 3071 848 3129; x_wconf 86' lang='lat' dir='ltr'><strong>conquestum</strong></span> <span class='ocrx_word' id='word_1_323' title='bbox 895 3064 1065 3118; x_wconf 85' lang='lat' dir='ltr'><strong>fuisse</strong></span> <span class='ocrx_word' id='word_1_324' title='bbox 1111 3063 1446 3118; x_wconf 90' lang='lat' dir='ltr'><strong>Demetrium</strong></span> <span class='ocrx_word' id='word_1_325' title='bbox 1507 3074 1931 3118; x_wconf 88' lang='lat' dir='ltr'><strong>consentaneum</strong></span> <span class='ocrx_word' id='word_1_326' title='bbox 1979 3072 2082 3130; x_wconf 90' lang='lat' dir='ltr'><strong>est,</strong></span> 
     </span>
    </p>
   </div>
   <div class='ocr_carea' id='block_1_47' title="bbox 497 3155 2085 3226">
    <p class='ocr_par' dir='ltr' id='par_1_47' title="bbox 497 3155 2085 3226">
     <span class='ocr_line' id='line_1_47' title="bbox 497 3155 2085 3226; baseline 0.003 -22"><span class='ocrx_word' id='word_1_327' title='bbox 497 3155 696 3221; x_wconf 90' lang='lat' dir='ltr'><strong>quippe</strong></span> <span class='ocrx_word' id='word_1_328' title='bbox 720 3155 810 3223; x_wconf 88' lang='lat' dir='ltr'><strong>qui</strong></span> <span class='ocrx_word' id='word_1_329' title='bbox 843 3157 1023 3209; x_wconf 87' lang='lat' dir='ltr'><strong>omnia</strong></span> <span class='ocrx_word' id='word_1_330' title='bbox 1054 3157 1314 3210; x_wconf 89' lang='lat' dir='ltr'><strong>adversus</strong></span> <span class='ocrx_word' id='word_1_331' title='bbox 1337 3171 1459 3210; x_wconf 93' lang='lat' dir='ltr'><strong>eum</strong></span> <span class='ocrx_word' id='word_1_332' title='bbox 1489 3164 1805 3226; x_wconf 88' lang='lat' dir='ltr'><strong>argumenta</strong></span> <span class='ocrx_word' id='word_1_333' title='bbox 1841 3155 2085 3209; x_wconf 84' lang='lat' dir='ltr'><strong>studiose</strong></span> 
     </span>
    </p>
   </div>
   <div class='ocr_carea' id='block_1_48' title="bbox 2195 1942 3774 2024">
    <p class='ocr_par' dir='ltr' id='par_1_48' title="bbox 2195 1942 3774 2024">
     <span class='ocr_line' id='line_1_48' title="bbox 2195 1942 3774 2024; baseline -0.009 -15"><span class='ocrx_word' id='word_1_334' title='bbox 2195 1968 2384 2024; x_wconf 88' lang='lat' dir='ltr'><strong>scopos</strong></span> <span class='ocrx_word' id='word_1_335' title='bbox 2412 1993 2427 2014; x_wconf 90' lang='lat'><strong>,</strong></span> <span class='ocrx_word' id='word_1_336' title='bbox 2477 1960 2535 2005; x_wconf 92' lang='lat' dir='ltr'><strong>ut</strong></span> <span class='ocrx_word' id='word_1_337' title='bbox 2571 1950 2718 2015; x_wconf 90' lang='lat' dir='ltr'><strong>dixi,</strong></span> <span class='ocrx_word' id='word_1_338' title='bbox 2763 1949 2815 2002; x_wconf 90' lang='lat' dir='ltr'><strong>in</strong></span> <span class='ocrx_word' id='word_1_339' title='bbox 2860 1948 3123 2020; x_wconf 90' lang='lat' dir='ltr'><strong>synodum</strong></span> <span class='ocrx_word' id='word_1_340' title='bbox 3161 1945 3336 2016; x_wconf 71' lang='lat' dir='ltr'><strong>cogit,</strong></span> <span class='ocrx_word' id='word_1_341' title='bbox 3372 1942 3774 2011; x_wconf 79' lang='lat' dir='ltr'><strong>Origenemque</strong></span> 
     </span>
    </p>
   </div>
   <div class='ocr_carea' id='block_1_49' title="bbox 2193 2037 3775 2117">
    <p class='ocr_par' dir='ltr' id='par_1_49' title="bbox 2193 2037 3775 2117">
     <span class='ocr_line' id='line_1_49' title="bbox 2193 2037 3775 2117; baseline -0.007 -18"><span class='ocrx_word' id='word_1_342' title='bbox 2193 2045 2529 2117; x_wconf 86' lang='lat' dir='ltr'><strong>presbyterio</strong></span> <span class='ocrx_word' id='word_1_343' title='bbox 2566 2041 2839 2110; x_wconf 88' lang='lat' dir='ltr'><strong>abjudicat</strong></span> <span class='ocrx_word' id='word_1_344' title='bbox 2858 2080 2874 2104; x_wconf 94' lang='lat'><strong>,</strong></span> <span class='ocrx_word' id='word_1_345' title='bbox 2927 2049 2979 2093; x_wconf 89' lang='lat' dir='ltr'><strong>et</strong></span> <span class='ocrx_word' id='word_1_346' title='bbox 3009 2043 3076 2093; x_wconf 87' lang='lat' dir='ltr'><strong>ab</strong></span> <span class='ocrx_word' id='word_1_347' title='bbox 3105 2037 3365 2093; x_wconf 70' lang='lat' dir='ltr'><strong>Ecclesia:</strong></span> <span class='ocrx_word' id='word_1_348' title='bbox 3395 2037 3658 2093; x_wconf 83' lang='lat' dir='ltr'><strong>societate</strong></span> <span class='ocrx_word' id='word_1_349' title='bbox 3689 2050 3775 2089; x_wconf 85' lang='lat' dir='ltr'><strong>se-</strong></span> 
     </span>
    </p>
   </div>
   <div class='ocr_carea' id='block_1_50' title="bbox 2188 2131 3774 2208">
    <p class='ocr_par' dir='ltr' id='par_1_50' title="bbox 2188 2131 3774 2208">
     <span class='ocr_line' id='line_1_50' title="bbox 2188 2131 3774 2208; baseline -0.005 -19"><span class='ocrx_word' id='word_1_350' title='bbox 2188 2136 2388 2208; x_wconf 89' lang='lat' dir='ltr'><strong>juugit,</strong></span> <span class='ocrx_word' id='word_1_351' title='bbox 2416 2136 2668 2189; x_wconf 86' lang='lat' dir='ltr'><strong>universo</strong></span> <span class='ocrx_word' id='word_1_352' title='bbox 2695 2133 3081 2202; x_wconf 88' lang='lat' dir='ltr'><strong>propemodum</strong></span> <span class='ocrx_word' id='word_1_353' title='bbox 3108 2131 3240 2184; x_wconf 90' lang='lat' dir='ltr'><strong>orbe</strong></span> <span class='ocrx_word' id='word_1_354' title='bbox 3271 2131 3546 2185; x_wconf 87' lang='lat' dir='ltr'><strong>decretum</strong></span> <span class='ocrx_word' id='word_1_355' title='bbox 3576 2144 3774 2197; x_wconf 87' lang='lat' dir='ltr'><strong>appro-</strong></span> 
     </span>
    </p>
   </div>
   <div class='ocr_carea' id='block_1_51' title="bbox 2193 2223 3773 2292">
    <p class='ocr_par' dir='ltr' id='par_1_51' title="bbox 2193 2223 3773 2292">
     <span class='ocr_line' id='line_1_51' title="bbox 2193 2223 3773 2292; baseline -0.006 -9"><span class='ocrx_word' id='word_1_356' title='bbox 2193 2232 2352 2283; x_wconf 90' lang='lat' dir='ltr'><strong>bante</strong></span> <span class='ocrx_word' id='word_1_357' title='bbox 2387 2238 2442 2283; x_wconf 89' lang='lat' dir='ltr'><strong>et</strong></span> <span class='ocrx_word' id='word_1_358' title='bbox 2471 2229 2852 2282; x_wconf 83' lang='lat' dir='ltr'><strong>coulirtnante.</strong></span> <span class='ocrx_word' id='word_1_359' title='bbox 2891 2225 3160 2278; x_wconf 85' lang='lat' dir='ltr'><strong>Ardentes</strong></span> <span class='ocrx_word' id='word_1_360' title='bbox 3207 2237 3424 2292; x_wconf 89' lang='lat' dir='ltr'><strong>quoque</strong></span> <span class='ocrx_word' id='word_1_361' title='bbox 3453 2223 3506 2276; x_wconf 92' lang='lat' dir='ltr'><strong>in</strong></span> <span class='ocrx_word' id='word_1_362' title='bbox 3551 2235 3674 2275; x_wconf 90' lang='lat' dir='ltr'><strong>eum</strong></span> <span class='ocrx_word' id='word_1_363' title='bbox 3716 2228 3773 2274; x_wconf 89' lang='lat' dir='ltr'><strong>et</strong></span> 
     </span>
    </p>
   </div>
   <div class='ocr_carea' id='block_1_52' title="bbox 2191 2312 3771 2389">
    <p class='ocr_par' dir='ltr' id='par_1_52' title="bbox 2191 2312 3771 2389">
     <span class='ocr_line' id='line_1_52' title="bbox 2191 2312 3771 2389; baseline -0.006 -14"><span class='ocrx_word' id='word_1_364' title='bbox 2191 2321 2464 2375; x_wconf 86' lang='lat' dir='ltr'><strong>aculeatas</strong></span> <span class='ocrx_word' id='word_1_365' title='bbox 2493 2331 2908 2389; x_wconf 87' lang='lat' dir='ltr'><strong>quoquoversus</strong></span> <span class='ocrx_word' id='word_1_366' title='bbox 2958 2315 3332 2372; x_wconf 83' lang='lat' dir='ltr'><strong>disseminavit</strong></span> <span class='ocrx_word' id='word_1_367' title='bbox 3374 2314 3586 2368; x_wconf 91' lang='lat' dir='ltr'><strong>litteras</strong></span> <span class='ocrx_word' id='word_1_368' title='bbox 3627 2332 3640 2367; x_wconf 93' lang='lat'><strong>:</strong></span> <span class='ocrx_word' id='word_1_369' title='bbox 3676 2312 3771 2366; x_wconf 91' lang='lat' dir='ltr'><strong>sed</strong></span> 
     </span>
    </p>
   </div>
   <div class='ocr_carea' id='block_1_53' title="bbox 2192 2407 3861 2472">
    <p class='ocr_par' dir='ltr' id='par_1_53' title="bbox 2192 2407 3861 2472">
     <span class='ocr_line' id='line_1_53' title="bbox 2192 2407 3861 2472; baseline -0.007 -6"><span class='ocrx_word' id='word_1_370' title='bbox 2192 2413 2426 2468; x_wconf 89' lang='lat' dir='ltr'><strong>hominis</strong></span> <span class='ocrx_word' id='word_1_371' title='bbox 2459 2412 2751 2465; x_wconf 71' lang='lat' dir='ltr'><strong>iracundiae</strong></span> <span class='ocrx_word' id='word_1_372' title='bbox 2781 2411 2937 2465; x_wconf 86' lang='lat' dir='ltr'><strong>simul</strong></span> <span class='ocrx_word' id='word_1_373' title='bbox 2969 2419 3023 2463; x_wconf 92' lang='lat' dir='ltr'><strong>et</strong></span> <span class='ocrx_word' id='word_1_374' title='bbox 3055 2409 3195 2472; x_wconf 53' lang='lat' dir='ltr'><strong>vitae,</strong></span> <span class='ocrx_word' id='word_1_375' title='bbox 3215 2408 3426 2471; x_wconf 92' lang='lat' dir='ltr'><strong>eodem,</strong></span> <span class='ocrx_word' id='word_1_376' title='bbox 3449 2414 3508 2460; x_wconf 92' lang='lat' dir='ltr'><strong>ut</strong></span> <span class='ocrx_word' id='word_1_377' title='bbox 3531 2407 3768 2468; x_wconf 91' lang='lat' dir='ltr'><strong>videtur,</strong></span> <span class='ocrx_word' id='word_1_378' title='bbox 3857 2441 3861 2444; x_wconf 70' lang='lat'><strong>.</strong></span> 
     </span>
    </p>
   </div>
   <div class='ocr_carea' id='block_1_54' title="bbox 2189 2505 3774 2578">
    <p class='ocr_par' dir='ltr' id='par_1_54' title="bbox 2189 2505 3774 2578">
     <span class='ocr_line' id='line_1_54' title="bbox 2189 2505 3774 2578; baseline -0.005 -18"><span class='ocrx_word' id='word_1_379' title='bbox 2189 2523 2296 2578; x_wconf 91' lang='lat' dir='ltr'><strong>quo</strong></span> <span class='ocrx_word' id='word_1_380' title='bbox 2324 2507 2572 2561; x_wconf 88' lang='lat' dir='ltr'><strong>discessit</strong></span> <span class='ocrx_word' id='word_1_381' title='bbox 2603 2505 2866 2575; x_wconf 81' lang='lat' dir='ltr'><strong>Origenes</strong></span> <span class='ocrx_word' id='word_1_382' title='bbox 2895 2520 3060 2570; x_wconf 90' lang='lat' dir='ltr'><strong>anno,</strong></span> <span class='ocrx_word' id='word_1_383' title='bbox 3091 2505 3251 2558; x_wconf 87' lang='lat' dir='ltr'><strong>linem</strong></span> <span class='ocrx_word' id='word_1_384' title='bbox 3276 2514 3483 2555; x_wconf 90' lang='lat' dir='ltr'><strong>matura</strong></span> <span class='ocrx_word' id='word_1_385' title='bbox 3514 2515 3659 2554; x_wconf 92' lang='lat' dir='ltr'><strong>mors</strong></span> <span class='ocrx_word' id='word_1_386' title='bbox 3685 2515 3774 2568; x_wconf 87' lang='lat' dir='ltr'><strong>po-</strong></span> 
     </span>
    </p>
   </div>
   <div class='ocr_carea' id='block_1_55' title="bbox 2189 2586 3767 2663">
    <p class='ocr_par' dir='ltr' id='par_1_55' title="bbox 2189 2586 3767 2663">
     <span class='ocr_line' id='line_1_55' title="bbox 2189 2586 3767 2663; baseline -0.007 -16"><span class='ocrx_word' id='word_1_387' title='bbox 2189 2596 2298 2647; x_wconf 90' lang='lat' dir='ltr'><strong>suit</strong></span> <span class='ocrx_word' id='word_1_388' title='bbox 2336 2595 2386 2646; x_wconf 90' lang='lat' dir='ltr'><strong>in</strong></span> <span class='ocrx_word' id='word_1_389' title='bbox 2425 2593 2654 2663; x_wconf 84' lang='lat' dir='ltr'><strong>ejusque</strong></span> <span class='ocrx_word' id='word_1_390' title='bbox 2685 2593 3056 2660; x_wconf 88' lang='lat' dir='ltr'><strong>episcopatum</strong></span> <span class='ocrx_word' id='word_1_391' title='bbox 3092 2589 3346 2643; x_wconf 86' lang='lat' dir='ltr'><strong>Heraclas</strong></span> <span class='ocrx_word' id='word_1_392' title='bbox 3374 2586 3633 2642; x_wconf 80' lang='lat' dir='ltr'><strong>suffectus</strong></span> <span class='ocrx_word' id='word_1_393' title='bbox 3665 2595 3767 2638; x_wconf 86' lang='lat' dir='ltr'><strong>est.</strong></span> 
     </span>
    </p>
   </div>
   <div class='ocr_carea' id='block_1_56' title="bbox 2189 2678 3771 2747">
    <p class='ocr_par' dir='ltr' id='par_1_56' title="bbox 2189 2678 3771 2747">
     <span class='ocr_line' id='line_1_56' title="bbox 2189 2678 3771 2747; baseline -0.006 -7"><span class='ocrx_word' id='word_1_394' title='bbox 2189 2687 2314 2742; x_wconf 57' lang='lat' dir='ltr'><strong>llaec</strong></span> <span class='ocrx_word' id='word_1_395' title='bbox 2341 2701 2407 2741; x_wconf 91' lang='lat' dir='ltr'><strong>eo</strong></span> <span class='ocrx_word' id='word_1_396' title='bbox 2433 2685 2623 2740; x_wconf 89' lang='lat' dir='ltr'><strong>ordine</strong></span> <span class='ocrx_word' id='word_1_397' title='bbox 2657 2693 2847 2737; x_wconf 85' lang='lat' dir='ltr'><strong>narrat</strong></span> <span class='ocrx_word' id='word_1_398' title='bbox 2892 2681 3158 2736; x_wconf 86' lang='lat' dir='ltr'><strong>Eusebius</strong></span> <span class='ocrx_word' id='word_1_399' title='bbox 3203 2681 3255 2733; x_wconf 92' lang='lat' dir='ltr'><strong>in</strong></span> <span class='ocrx_word' id='word_1_400' title='bbox 3293 2678 3566 2743; x_wconf 75' lang='lat' dir='ltr'><strong>Historia,</strong></span> <span class='ocrx_word' id='word_1_401' title='bbox 3597 2694 3704 2747; x_wconf 92' lang='lat' dir='ltr'><strong>quo</strong></span> <span class='ocrx_word' id='word_1_402' title='bbox 3742 2693 3771 2731; x_wconf 89' lang='lat' dir='ltr'><strong>a</strong></span> 
     </span>
    </p>
   </div>
   <div class='ocr_carea' id='block_1_57' title="bbox 2189 2770 3770 2844">
    <p class='ocr_par' dir='ltr' id='par_1_57' title="bbox 2189 2770 3770 2844">
     <span class='ocr_line' id='line_1_57' title="bbox 2189 2770 3770 2844; baseline -0.006 -12"><span class='ocrx_word' id='word_1_403' title='bbox 2189 2778 2346 2834; x_wconf 92' lang='lat' dir='ltr'><strong>nobis</strong></span> <span class='ocrx_word' id='word_1_404' title='bbox 2375 2777 2645 2844; x_wconf 89' lang='lat' dir='ltr'><strong>descripta</strong></span> <span class='ocrx_word' id='word_1_405' title='bbox 2679 2784 2839 2840; x_wconf 86' lang='lat' dir='ltr'><strong>sunt;</strong></span> <span class='ocrx_word' id='word_1_406' title='bbox 2870 2773 3030 2827; x_wconf 88' lang='lat' dir='ltr'><strong>aliter</strong></span> <span class='ocrx_word' id='word_1_407' title='bbox 3061 2772 3113 2826; x_wconf 92' lang='lat' dir='ltr'><strong>in</strong></span> <span class='ocrx_word' id='word_1_408' title='bbox 3145 2771 3423 2837; x_wconf 81' lang='lat' dir='ltr'><strong>Chronico,</strong></span> <span class='ocrx_word' id='word_1_409' title='bbox 3458 2771 3509 2824; x_wconf 93' lang='lat' dir='ltr'><strong>in</strong></span> <span class='ocrx_word' id='word_1_410' title='bbox 3533 2785 3640 2839; x_wconf 88' lang='lat' dir='ltr'><strong>quo</strong></span> <span class='ocrx_word' id='word_1_411' title='bbox 3665 2770 3770 2824; x_wconf 84' lang='lat' dir='ltr'><strong>De-</strong></span> 
     </span>
    </p>
   </div>
   <div class='ocr_carea' id='block_1_58' title="bbox 2189 2863 3764 2938">
    <p class='ocr_par' dir='ltr' id='par_1_58' title="bbox 2189 2863 3764 2938">
     <span class='ocr_line' id='line_1_58' title="bbox 2189 2863 3764 2938; baseline -0.006 -15"><span class='ocrx_word' id='word_1_412' title='bbox 2189 2869 2368 2924; x_wconf 90' lang='lat' dir='ltr'><strong>metrii</strong></span> <span class='ocrx_word' id='word_1_413' title='bbox 2388 2884 2533 2923; x_wconf 88' lang='lat' dir='ltr'><strong>mors</strong></span> <span class='ocrx_word' id='word_1_414' title='bbox 2561 2867 2810 2938; x_wconf 88' lang='lat' dir='ltr'><strong>Origenis</strong></span> <span class='ocrx_word' id='word_1_415' title='bbox 2840 2865 3044 2920; x_wconf 82' lang='lat' dir='ltr'><strong>exitum</strong></span> <span class='ocrx_word' id='word_1_416' title='bbox 3077 2873 3189 2919; x_wconf 92' lang='lat' dir='ltr'><strong>toto</strong></span> <span class='ocrx_word' id='word_1_417' title='bbox 3216 2863 3439 2919; x_wconf 89' lang='lat' dir='ltr'><strong>biennio</strong></span> <span class='ocrx_word' id='word_1_418' title='bbox 3463 2863 3764 2932; x_wconf 72' lang='lat' dir='ltr'><strong>praevertit,</strong></span> 
     </span>
    </p>
   </div>
   <div class='ocr_carea' id='block_1_59' title="bbox 2187 2959 3074 3032">
    <p class='ocr_par' dir='ltr' id='par_1_59' title="bbox 2187 2959 3074 3032">
     <span class='ocr_line' id='line_1_59' title="bbox 2187 2959 3074 3032; baseline -0.005 -16"><span class='ocrx_word' id='word_1_419' title='bbox 2187 2962 2328 3032; x_wconf 90' lang='lat' dir='ltr'><strong>quod</strong></span> <span class='ocrx_word' id='word_1_420' title='bbox 2360 2959 2675 3030; x_wconf 88' lang='lat' dir='ltr'><strong>neutiquam</strong></span> <span class='ocrx_word' id='word_1_421' title='bbox 2701 2967 2847 3014; x_wconf 87' lang='lat' dir='ltr'><strong>stare</strong></span> <span class='ocrx_word' id='word_1_422' title='bbox 2877 2967 3074 3028; x_wconf 88' lang='lat' dir='ltr'><strong>potest.</strong></span> 
     </span>
    </p>
   </div>
   <div class='ocr_carea' id='block_1_60' title="bbox 2259 3044 3765 3121">
    <p class='ocr_par' dir='ltr' id='par_1_60' title="bbox 2259 3044 3765 3121">
     <span class='ocr_line' id='line_1_60' title="bbox 2259 3044 3765 3121; baseline -0.005 -14"><span class='ocrx_word' id='word_1_423' title='bbox 2259 3052 2376 3107; x_wconf 76' lang='lat' dir='ltr'><strong>XV.</strong></span> <span class='ocrx_word' id='word_1_424' title='bbox 2405 3050 2565 3106; x_wconf 84' lang='lat' dir='ltr'><strong>Certe</strong></span> <span class='ocrx_word' id='word_1_425' title='bbox 2591 3090 2608 3116; x_wconf 92' lang='lat'><strong>,</strong></span> <span class='ocrx_word' id='word_1_426' title='bbox 2656 3067 2724 3106; x_wconf 87' lang='lat' dir='ltr'><strong>ne</strong></span> <span class='ocrx_word' id='word_1_427' title='bbox 2758 3051 2888 3121; x_wconf 89' lang='lat' dir='ltr'><strong>quid</strong></span> <span class='ocrx_word' id='word_1_428' title='bbox 2940 3048 3274 3105; x_wconf 86' lang='lat' dir='ltr'><strong>dissimulem</strong></span> <span class='ocrx_word' id='word_1_429' title='bbox 3297 3087 3313 3113; x_wconf 88' lang='lat'><strong>,</strong></span> <span class='ocrx_word' id='word_1_430' title='bbox 3348 3045 3664 3103; x_wconf 86' lang='lat' dir='ltr'><strong>Gennadius</strong></span> <span class='ocrx_word' id='word_1_431' title='bbox 3710 3044 3765 3100; x_wconf 91' lang='lat' dir='ltr'><strong>in</strong></span> 
     </span>
    </p>
   </div>
   <div class='ocr_carea' id='block_1_61' title="bbox 2187 3139 3768 3215">
    <p class='ocr_par' dir='ltr' id='par_1_61' title="bbox 2187 3139 3768 3215">
     <span class='ocr_line' id='line_1_61' title="bbox 2187 3139 3768 3215; baseline -0.006 -14"><span class='ocrx_word' id='word_1_432' title='bbox 2187 3147 2310 3202; x_wconf 90' lang='lat' dir='ltr'><strong>libr.</strong></span> <span class='ocrx_word' id='word_1_433' title='bbox 2341 3145 2420 3202; x_wconf 84' lang='lat' dir='ltr'><strong>De</strong></span> <span class='ocrx_word' id='word_1_434' title='bbox 2449 3147 2547 3201; x_wconf 83' lang='lat' dir='ltr'><strong>vir.</strong></span> <span class='ocrx_word' id='word_1_435' title='bbox 2576 3145 2774 3199; x_wconf 82' lang='lat' dir='ltr'><strong>illustr.</strong></span> <span class='ocrx_word' id='word_1_436' title='bbox 2801 3186 2816 3212; x_wconf 92' lang='lat'><strong>,</strong></span> <span class='ocrx_word' id='word_1_437' title='bbox 2861 3157 2982 3215; x_wconf 83' lang='lat' dir='ltr'><strong>cap.</strong></span> <span class='ocrx_word' id='word_1_438' title='bbox 3030 3143 3101 3199; x_wconf 74' lang='lat'><strong>33</strong></span> <span class='ocrx_word' id='word_1_439' title='bbox 3122 3187 3136 3211; x_wconf 95' lang='lat'><strong>,</strong></span> <span class='ocrx_word' id='word_1_440' title='bbox 3182 3143 3370 3197; x_wconf 87' lang='lat' dir='ltr'><strong>scribit</strong></span> <span class='ocrx_word' id='word_1_441' title='bbox 3412 3139 3768 3210; x_wconf 91' lang='lat' dir='ltr'><strong>Theophilum</strong></span> 
     </span>
    </p>
   </div>
   <div class='ocr_carea' id='block_1_62' title="bbox 497 3207 3768 3316">
    <p class='ocr_par' dir='ltr' id='par_1_62' title="bbox 497 3207 3768 3316">
     <span class='ocr_line' id='line_1_62' title="bbox 497 3207 3768 3316; baseline -0.001 -18"><span class='ocrx_word' id='word_1_442' title='bbox 497 3245 799 3314; x_wconf 89' lang='lat' dir='ltr'><strong>colligeret.</strong></span> <span class='ocrx_word' id='word_1_443' title='bbox 851 3247 1178 3301; x_wconf 85' lang='lat' dir='ltr'><strong>Alexandria</strong></span> <span class='ocrx_word' id='word_1_444' title='bbox 1233 3251 1416 3316; x_wconf 88' lang='lat' dir='ltr'><strong>itaque</strong></span> <span class='ocrx_word' id='word_1_445' title='bbox 1465 3207 1781 3302; x_wconf 62' lang='lat' dir='ltr'><strong>eliminatus</strong></span> <span class='ocrx_word' id='word_1_446' title='bbox 1821 3247 2084 3316; x_wconf 90' lang='lat' dir='ltr'><strong>Origenes</strong></span> <span class='ocrx_word' id='word_1_447' title='bbox 2112 3207 2153 3264; x_wconf 65' lang='grc' dir='ltr'>ο</span> <span class='ocrx_word' id='word_1_448' title='bbox 2186 3239 2612 3294; x_wconf 70' lang='lat' dir='ltr'><strong>Alexandrinum</strong></span> <span class='ocrx_word' id='word_1_449' title='bbox 2644 3237 2957 3307; x_wconf 79' lang='lat' dir='ltr'><strong>episcopum</strong></span> <span class='ocrx_word' id='word_1_450' title='bbox 3004 3233 3293 3290; x_wconf 63' lang='lat' dir='ltr'><strong>tradidisse</strong></span> <span class='ocrx_word' id='word_1_451' title='bbox 3339 3249 3444 3286; x_wconf 81' lang='grc' dir='ltr'><strong>ηοη</strong></span> <span class='ocrx_word' id='word_1_452' title='bbox 3491 3248 3524 3284; x_wconf 83' lang='grc' dir='ltr'><em>α</em></span> <span class='ocrx_word' id='word_1_453' title='bbox 3555 3247 3610 3285; x_wconf 74' lang='grc' dir='ltr'><strong>δε</strong></span> <span class='ocrx_word' id='word_1_454' title='bbox 3639 3229 3768 3286; x_wconf 70' lang='lat' dir='ltr'><strong>Ori-</strong></span> 
     </span>
    </p>
   </div>
   <div class='ocr_carea' id='block_1_63' title="bbox 498 3336 2081 3406">
    <p class='ocr_par' dir='ltr' id='par_1_63' title="bbox 498 3336 2081 3406">
     <span class='ocr_line' id='line_1_63' title="bbox 498 3336 2081 3406; baseline -0.002 -16"><span class='ocrx_word' id='word_1_455' title='bbox 498 3336 804 3390; x_wconf 72' lang='lat' dir='ltr'><strong>Caesaream</strong></span> <span class='ocrx_word' id='word_1_456' title='bbox 837 3336 1114 3391; x_wconf 89' lang='lat' dir='ltr'><strong>Stratonis</strong></span> <span class='ocrx_word' id='word_1_457' title='bbox 1145 3339 1454 3401; x_wconf 88' lang='lat' dir='ltr'><strong>concessit,</strong></span> <span class='ocrx_word' id='word_1_458' title='bbox 1499 3336 1686 3406; x_wconf 90' lang='lat' dir='ltr'><strong>ibique</strong></span> <span class='ocrx_word' id='word_1_459' title='bbox 1720 3337 1904 3391; x_wconf 89' lang='lat' dir='ltr'><strong>sedem</strong></span> <span class='ocrx_word' id='word_1_460' title='bbox 1940 3337 2081 3400; x_wconf 81' lang='lat' dir='ltr'><strong>fixit,</strong></span> 
     </span>
    </p>
   </div>
   <div class='ocr_carea' id='block_1_64' title="bbox 497 3426 2080 3493">
    <p class='ocr_par' dir='ltr' id='par_1_64' title="bbox 497 3426 2080 3493">
     <span class='ocr_line' id='line_1_64' title="bbox 497 3426 2080 3493; baseline 0 -13"><span class='ocrx_word' id='word_1_461' title='bbox 497 3441 642 3480; x_wconf 93' lang='lat' dir='ltr'><strong>anno</strong></span> <span class='ocrx_word' id='word_1_462' title='bbox 671 3427 848 3481; x_wconf 65' lang='lat' dir='ltr'><strong>aetatis</strong></span> <span class='ocrx_word' id='word_1_463' title='bbox 883 3442 1032 3490; x_wconf 75' lang='lat' dir='ltr'><strong>XLVI,</strong></span> <span class='ocrx_word' id='word_1_464' title='bbox 1063 3427 1265 3482; x_wconf 88' lang='lat' dir='ltr'><strong>Christi</strong></span> <span class='ocrx_word' id='word_1_465' title='bbox 1296 3427 1422 3490; x_wconf 68' lang='lat'><strong>231,</strong></span> <span class='ocrx_word' id='word_1_466' title='bbox 1455 3427 1749 3481; x_wconf 84' lang='lat' dir='ltr'><strong>Alexandri</strong></span> <span class='ocrx_word' id='word_1_467' title='bbox 1793 3426 1981 3481; x_wconf 91' lang='lat' dir='ltr'><strong>Severi</strong></span> <span class='ocrx_word' id='word_1_468' title='bbox 2013 3443 2080 3493; x_wconf 87' lang='lat' dir='ltr'><strong>x;</strong></span> 
     </span>
    </p>
   </div>
   <div class='ocr_carea' id='block_1_65' title="bbox 498 3511 2085 3581">
    <p class='ocr_par' dir='ltr' id='par_1_65' title="bbox 498 3511 2085 3581">
     <span class='ocr_line' id='line_1_65' title="bbox 498 3511 2085 3581; baseline 0.003 -16"><span class='ocrx_word' id='word_1_469' title='bbox 498 3511 584 3565; x_wconf 89' lang='lat' dir='ltr'><strong>vel</strong></span> <span class='ocrx_word' id='word_1_470' title='bbox 611 3521 669 3566; x_wconf 91' lang='lat' dir='ltr'><strong>ut</strong></span> <span class='ocrx_word' id='word_1_471' title='bbox 697 3522 780 3567; x_wconf 90' lang='lat' dir='ltr'><strong>est</strong></span> <span class='ocrx_word' id='word_1_472' title='bbox 804 3515 855 3566; x_wconf 93' lang='lat' dir='ltr'><strong>in</strong></span> <span class='ocrx_word' id='word_1_473' title='bbox 882 3515 1159 3569; x_wconf 83' lang='lat' dir='ltr'><strong>nonnullis</strong></span> <span class='ocrx_word' id='word_1_474' title='bbox 1185 3515 1402 3570; x_wconf 86' lang='lat' dir='ltr'><strong>Eusebii</strong></span> <span class='ocrx_word' id='word_1_475' title='bbox 1439 3515 1745 3581; x_wconf 88' lang='lat' dir='ltr'><strong>codicibus,</strong></span> <span class='ocrx_word' id='word_1_476' title='bbox 1765 3526 1820 3570; x_wconf 90' lang='lat' dir='ltr'><strong>et</strong></span> <span class='ocrx_word' id='word_1_477' title='bbox 1851 3517 1900 3569; x_wconf 95' lang='lat' dir='ltr'><strong>in</strong></span> <span class='ocrx_word' id='word_1_478' title='bbox 1935 3515 2085 3570; x_wconf 84' lang='lat' dir='ltr'><strong>Nice-</strong></span> 
     </span>
    </p>
   </div>
   <div class='ocr_carea' id='block_1_66' title="bbox 500 3606 2078 3678">
    <p class='ocr_par' dir='ltr' id='par_1_66' title="bbox 500 3606 2078 3678">
     <span class='ocr_line' id='line_1_66' title="bbox 500 3606 2078 3678; baseline 0.001 -17"><span class='ocrx_word' id='word_1_479' title='bbox 500 3606 691 3675; x_wconf 84' lang='lat' dir='ltr'><strong>phoro,</strong></span> <span class='ocrx_word' id='word_1_480' title='bbox 735 3617 790 3661; x_wconf 93' lang='lat' dir='ltr'><strong>et</strong></span> <span class='ocrx_word' id='word_1_481' title='bbox 820 3607 873 3660; x_wconf 93' lang='lat' dir='ltr'><strong>in</strong></span> <span class='ocrx_word' id='word_1_482' title='bbox 905 3607 1227 3678; x_wconf 88' lang='lat' dir='ltr'><strong>quibusdam</strong></span> <span class='ocrx_word' id='word_1_483' title='bbox 1274 3608 1565 3665; x_wconf 86' lang='lat' dir='ltr'><strong>Eusebiani</strong></span> <span class='ocrx_word' id='word_1_484' title='bbox 1605 3608 1855 3663; x_wconf 81' lang='lat' dir='ltr'><strong>Chronici</strong></span> <span class='ocrx_word' id='word_1_485' title='bbox 1890 3624 2078 3665; x_wconf 89' lang='lat' dir='ltr'><strong>exem-</strong></span> 
     </span>
    </p>
   </div>
   <div class='ocr_carea' id='block_1_67' title="bbox 498 3830 2073 3901">
    <p class='ocr_par' dir='ltr' id='par_1_67' title="bbox 498 3830 2073 3901">
     <span class='ocr_line' id='line_1_67' title="bbox 498 3830 2073 3901; baseline 0.003 -15"><span class='ocrx_word' id='word_1_486' title='bbox 498 3847 613 3886; x_wconf 82' lang='lat' dir='ltr'><strong>rum</strong></span> <span class='ocrx_word' id='word_1_487' title='bbox 643 3830 808 3901; x_wconf 79' lang='lat' dir='ltr'><strong>fuisse</strong></span> <span class='ocrx_word' id='word_1_488' title='bbox 849 3833 1166 3886; x_wconf 83' lang='lat' dir='ltr'><strong>Demetrium</strong></span> <span class='ocrx_word' id='word_1_489' title='bbox 1199 3833 1446 3888; x_wconf 84' lang='lat' dir='ltr'><strong>credibile</strong></span> <span class='ocrx_word' id='word_1_490' title='bbox 1492 3844 1597 3897; x_wconf 81' lang='lat' dir='ltr'><strong>est,</strong></span> <span class='ocrx_word' id='word_1_491' title='bbox 1637 3845 1743 3889; x_wconf 92' lang='lat' dir='ltr'><strong>etc.</strong></span> <span class='ocrx_word' id='word_1_492' title='bbox 1777 3835 1947 3890; x_wconf 87' lang='lat' dir='ltr'><strong>Esto:</strong></span> <span class='ocrx_word' id='word_1_493' title='bbox 1981 3837 2073 3891; x_wconf 87' lang='lat' dir='ltr'><strong>sed</strong></span> 
     </span>
    </p>
   </div>
   <div class='ocr_carea' id='block_1_68' title="bbox 497 3903 2077 3974">
    <p class='ocr_par' dir='ltr' id='par_1_68' title="bbox 497 3903 2077 3974">
     <span class='ocr_line' id='line_1_68' title="bbox 497 3903 2077 3974; baseline 0.003 -18"><span class='ocrx_word' id='word_1_494' title='bbox 497 3903 619 3956; x_wconf 89' lang='lat' dir='ltr'><strong>fidei</strong></span> <span class='ocrx_word' id='word_1_495' title='bbox 652 3918 867 3971; x_wconf 90' lang='lat' dir='ltr'><strong>quoque</strong></span> <span class='ocrx_word' id='word_1_496' title='bbox 912 3903 1276 3974; x_wconf 83' lang='lat' dir='ltr'><strong>integritatem</strong></span> <span class='ocrx_word' id='word_1_497' title='bbox 1313 3906 1363 3956; x_wconf 89' lang='lat' dir='ltr'><strong>in</strong></span> <span class='ocrx_word' id='word_1_498' title='bbox 1409 3904 1563 3958; x_wconf 91' lang='lat' dir='ltr'><strong>libris</strong></span> <span class='ocrx_word' id='word_1_499' title='bbox 1591 3905 1864 3974; x_wconf 90' lang='lat' dir='ltr'><strong>plerisque</strong></span> <span class='ocrx_word' id='word_1_500' title='bbox 1890 3920 1974 3968; x_wconf 91' lang='lat' dir='ltr'><strong>ac,</strong></span> <span class='ocrx_word' id='word_1_501' title='bbox 2010 3922 2077 3960; x_wconf 85' lang='lat' dir='ltr'><strong>eo</strong></span> 
     </span>
    </p>
   </div>
   <div class='ocr_carea' id='block_1_69' title="bbox 497 3973 2080 4045">
    <p class='ocr_par' dir='ltr' id='par_1_69' title="bbox 497 3973 2080 4045">
     <span class='ocr_line' id='line_1_69' title="bbox 497 3973 2080 4045; baseline 0.002 -18"><span class='ocrx_word' id='word_1_502' title='bbox 497 3975 831 4045; x_wconf 68' lang='lat' dir='ltr'><strong>praesertim,</strong></span> <span class='ocrx_word' id='word_1_503' title='bbox 860 3975 950 4045; x_wconf 89' lang='lat' dir='ltr'><strong>qui</strong></span> <span class='ocrx_word' id='word_1_504' title='bbox 983 3985 1068 4027; x_wconf 85' lang='lat' dir='ltr'><strong>est</strong></span> <span class='ocrx_word' id='word_1_505' title='bbox 1112 3973 1187 4027; x_wconf 91' lang='lat' dir='ltr'><strong>De</strong></span> <span class='ocrx_word' id='word_1_506' title='bbox 1215 3975 1484 4045; x_wconf 68' lang='lat' dir='ltr'><strong>principiis</strong></span> <span class='ocrx_word' id='word_1_507' title='bbox 1505 4013 1520 4040; x_wconf 95' lang='lat'><strong>,</strong></span> <span class='ocrx_word' id='word_1_508' title='bbox 1556 3977 1624 4027; x_wconf 87' lang='lat' dir='ltr'><strong>ab</strong></span> <span class='ocrx_word' id='word_1_509' title='bbox 1653 3973 1885 4045; x_wconf 88' lang='lat' dir='ltr'><strong>Origene</strong></span> <span class='ocrx_word' id='word_1_510' title='bbox 1911 3977 2080 4030; x_wconf 83' lang='lat' dir='ltr'><strong>viola-</strong></span> 
     </span>
    </p>
   </div>
   <div class='ocr_carea' id='block_1_70' title="bbox 499 4043 2078 4114">
    <p class='ocr_par' dir='ltr' id='par_1_70' title="bbox 499 4043 2078 4114">
     <span class='ocr_line' id='line_1_70' title="bbox 499 4043 2078 4114; baseline 0.003 -18"><span class='ocrx_word' id='word_1_511' title='bbox 499 4052 608 4096; x_wconf 88' lang='lat' dir='ltr'><strong>tam</strong></span> <span class='ocrx_word' id='word_1_512' title='bbox 636 4044 686 4097; x_wconf 89' lang='lat' dir='ltr'><strong>id</strong></span> <span class='ocrx_word' id='word_1_513' title='bbox 714 4044 973 4114; x_wconf 88' lang='lat' dir='ltr'><strong>temporis</strong></span> <span class='ocrx_word' id='word_1_514' title='bbox 997 4056 1352 4112; x_wconf 85' lang='lat' dir='ltr'><strong>conquestum</strong></span> <span class='ocrx_word' id='word_1_515' title='bbox 1387 4043 1555 4098; x_wconf 82' lang='lat' dir='ltr'><strong>fuisse</strong></span> <span class='ocrx_word' id='word_1_516' title='bbox 1589 4043 1914 4099; x_wconf 71' lang='lat' dir='ltr'><strong>Demetrium</strong></span> <span class='ocrx_word' id='word_1_517' title='bbox 1947 4063 2078 4100; x_wconf 86' lang='lat' dir='ltr'><strong>con-</strong></span> 
     </span>
    </p>
   </div>
   <div class='ocr_carea' id='block_1_71' title="bbox 495 4114 2075 4184">
    <p class='ocr_par' dir='ltr' id='par_1_71' title="bbox 495 4114 2075 4184">
     <span class='ocr_line' id='line_1_71' title="bbox 495 4114 2075 4184; baseline 0.002 -17"><span class='ocrx_word' id='word_1_518' title='bbox 495 4123 814 4167; x_wconf 82' lang='lat' dir='ltr'><strong>sentaneum</strong></span> <span class='ocrx_word' id='word_1_519' title='bbox 846 4123 952 4176; x_wconf 84' lang='lat' dir='ltr'><strong>est,</strong></span> <span class='ocrx_word' id='word_1_520' title='bbox 977 4124 1032 4168; x_wconf 86' lang='lat' dir='ltr'><strong>ut</strong></span> <span class='ocrx_word' id='word_1_521' title='bbox 1065 4117 1178 4183; x_wconf 91' lang='lat' dir='ltr'><strong>ipse</strong></span> <span class='ocrx_word' id='word_1_522' title='bbox 1207 4114 1370 4184; x_wconf 90' lang='lat' dir='ltr'><strong>paulo</strong></span> <span class='ocrx_word' id='word_1_523' title='bbox 1395 4124 1516 4183; x_wconf 91' lang='lat' dir='ltr'><strong>post</strong></span> <span class='ocrx_word' id='word_1_524' title='bbox 1542 4117 1619 4168; x_wconf 91' lang='lat' dir='ltr'><strong>ait</strong></span> <span class='ocrx_word' id='word_1_525' title='bbox 1645 4115 1893 4170; x_wconf 92' lang='lat' dir='ltr'><strong>Iluetius.</strong></span> <span class='ocrx_word' id='word_1_526' title='bbox 1923 4117 2075 4183; x_wconf 87' lang='lat' dir='ltr'><strong>Quod</strong></span> 
     </span>
    </p>
   </div>
   <div class='ocr_carea' id='block_1_72' title="bbox 493 4185 2078 4256">
    <p class='ocr_par' dir='ltr' id='par_1_72' title="bbox 493 4185 2078 4256">
     <span class='ocr_line' id='line_1_72' title="bbox 493 4185 2078 4256; baseline 0.003 -18"><span class='ocrx_word' id='word_1_527' title='bbox 493 4197 625 4256; x_wconf 67' lang='lat' dir='ltr'><strong>sane</strong></span> <span class='ocrx_word' id='word_1_528' title='bbox 676 4185 950 4256; x_wconf 76' lang='lat' dir='ltr'><strong>Demetrio</strong></span> <span class='ocrx_word' id='word_1_529' title='bbox 991 4187 1125 4238; x_wconf 87' lang='lat' dir='ltr'><strong>satis</strong></span> <span class='ocrx_word' id='word_1_530' title='bbox 1177 4195 1297 4238; x_wconf 89' lang='lat' dir='ltr'><strong>erat</strong></span> <span class='ocrx_word' id='word_1_531' title='bbox 1323 4224 1338 4249; x_wconf 93' lang='lat'><strong>,</strong></span> <span class='ocrx_word' id='word_1_532' title='bbox 1389 4195 1446 4237; x_wconf 95' lang='lat' dir='ltr'><strong>ut</strong></span> <span class='ocrx_word' id='word_1_533' title='bbox 1487 4201 1577 4256; x_wconf 11' lang='lat' dir='ltr'><strong>ex,</strong></span> <span class='ocrx_word' id='word_1_534' title='bbox 1604 4186 1798 4256; x_wconf 90' lang='lat' dir='ltr'><strong>insigni</strong></span> <span class='ocrx_word' id='word_1_535' title='bbox 1828 4188 2078 4256; x_wconf 88' lang='lat' dir='ltr'><strong>Origeuis</strong></span> 
     </span>
    </p>
   </div>
   <div class='ocr_carea' id='block_1_73' title="bbox 494 4252 2072 4322">
    <p class='ocr_par' dir='ltr' id='par_1_73' title="bbox 494 4252 2072 4322">
     <span class='ocr_line' id='line_1_73' title="bbox 494 4252 2072 4322; baseline 0.003 -16"><span class='ocrx_word' id='word_1_536' title='bbox 494 4252 663 4322; x_wconf 84' lang='lat' dir='ltr'><strong>gloria</strong></span> <span class='ocrx_word' id='word_1_537' title='bbox 693 4253 899 4322; x_wconf 82' lang='lat' dir='ltr'><strong>jamdiu</strong></span> <span class='ocrx_word' id='word_1_538' title='bbox 930 4255 981 4306; x_wconf 93' lang='lat' dir='ltr'><strong>in</strong></span> <span class='ocrx_word' id='word_1_539' title='bbox 1008 4256 1129 4308; x_wconf 87' lang='lat' dir='ltr'><strong>sinu</strong></span> <span class='ocrx_word' id='word_1_540' title='bbox 1156 4255 1447 4310; x_wconf 89' lang='lat' dir='ltr'><strong>collectum</strong></span> <span class='ocrx_word' id='word_1_541' title='bbox 1475 4255 1688 4310; x_wconf 72' lang='lat' dir='ltr'><strong>invidia:</strong></span> <span class='ocrx_word' id='word_1_542' title='bbox 1715 4252 1868 4314; x_wconf 77' lang='lat' dir='ltr'><strong>virus</strong></span> <span class='ocrx_word' id='word_1_543' title='bbox 1897 4252 2072 4311; x_wconf 74' lang='lat' dir='ltr'><strong>totum</strong></span> 
     </span>
    </p>
   </div>
   <div class='ocr_carea' id='block_1_74' title="bbox 494 4327 2076 4405">
    <p class='ocr_par' dir='ltr' id='par_1_74' title="bbox 494 4327 2076 4405">
     <span class='ocr_line' id='line_1_74' title="bbox 494 4327 2076 4405; baseline 0.004 -28"><span class='ocrx_word' id='word_1_544' title='bbox 494 4335 792 4405; x_wconf 10' lang='lat' dir='ltr'><strong>evoOmerert,</strong></span> <span class='ocrx_word' id='word_1_545' title='bbox 816 4339 1050 4395; x_wconf 88' lang='lat' dir='ltr'><strong>eumque</strong></span> <span class='ocrx_word' id='word_1_546' title='bbox 1075 4336 1182 4379; x_wconf 88' lang='lat' dir='ltr'><strong>tam</strong></span> <span class='ocrx_word' id='word_1_547' title='bbox 1213 4341 1403 4382; x_wconf 85' lang='lat' dir='ltr'><strong>severe</strong></span> <span class='ocrx_word' id='word_1_548' title='bbox 1437 4327 1704 4381; x_wconf 89' lang='lat' dir='ltr'><strong>tractandi</strong></span> <span class='ocrx_word' id='word_1_549' title='bbox 1733 4343 1919 4382; x_wconf 86' lang='lat' dir='ltr'><strong>ansam</strong></span> <span class='ocrx_word' id='word_1_550' title='bbox 1951 4330 2076 4384; x_wconf 88' lang='lat' dir='ltr'><strong>inde</strong></span> 
     </span>
    </p>
   </div>
   <div class='ocr_carea' id='block_1_75' title="bbox 495 4404 780 4460">
    <p class='ocr_par' dir='ltr' id='par_1_75' title="bbox 495 4404 780 4460">
     <span class='ocr_line' id='line_1_75' title="bbox 495 4404 780 4460; baseline 0 -13"><span class='ocrx_word' id='word_1_551' title='bbox 495 4404 780 4460; x_wconf 86' lang='lat' dir='ltr'><strong>arriperet.</strong></span> 
     </span>
    </p>
   </div>
   <div class='ocr_carea' id='block_1_76' title="bbox 563 4464 2075 4537">
    <p class='ocr_par' dir='ltr' id='par_1_76' title="bbox 563 4464 2075 4537">
     <span class='ocr_line' id='line_1_76' title="bbox 563 4464 2075 4537; baseline 0.003 -19"><span class='ocrx_word' id='word_1_552' title='bbox 563 4464 676 4537; x_wconf 82' lang='lat' dir='ltr'>(6t)</span> <span class='ocrx_word' id='word_1_553' title='bbox 711 4464 835 4537; x_wconf 78' lang='lat' dir='ltr'><strong>Sed</strong></span> <span class='ocrx_word' id='word_1_554' title='bbox 872 4465 1010 4537; x_wconf 78' lang='lat' dir='ltr'><strong>quod</strong></span> <span class='ocrx_word' id='word_1_555' title='bbox 1054 4482 1133 4520; x_wconf 85' lang='lat' dir='ltr'><strong>res</strong></span> <span class='ocrx_word' id='word_1_556' title='bbox 1181 4465 1418 4537; x_wconf 83' lang='lat' dir='ltr'><strong>Origenis</strong></span> <span class='ocrx_word' id='word_1_557' title='bbox 1463 4467 1673 4535; x_wconf 85' lang='lat' dir='ltr'><strong>proprio</strong></span> <span class='ocrx_word' id='word_1_558' title='bbox 1727 4478 1773 4521; x_wconf 88' lang='lat' dir='ltr'><strong>et</strong></span> <span class='ocrx_word' id='word_1_559' title='bbox 1813 4469 2075 4524; x_wconf 86' lang='lat' dir='ltr'><strong>luculento</strong></span> 
     </span>
    </p>
   </div>
   <div class='ocr_carea' id='block_1_77' title="bbox 2181 3323 3771 3401">
    <p class='ocr_par' dir='ltr' id='par_1_77' title="bbox 2181 3323 3771 3401">
     <span class='ocr_line' id='line_1_77' title="bbox 2181 3323 3771 3401; baseline -0.006 -14"><span class='ocrx_word' id='word_1_560' title='bbox 2181 3346 2372 3401; x_wconf 84' lang='lat' dir='ltr'><strong>genem</strong></span> <span class='ocrx_word' id='word_1_561' title='bbox 2403 3331 2633 3400; x_wconf 86' lang='lat' dir='ltr'><strong>primum</strong></span> <span class='ocrx_word' id='word_1_562' title='bbox 2653 3369 2670 3395; x_wconf 96' lang='lat'><strong>,</strong></span> <span class='ocrx_word' id='word_1_563' title='bbox 2698 3329 2788 3383; x_wconf 84' lang='lat' dir='ltr'><strong>sed</strong></span> <span class='ocrx_word' id='word_1_564' title='bbox 2819 3328 2883 3381; x_wconf 87' lang='lat' dir='ltr'><strong>ab</strong></span> <span class='ocrx_word' id='word_1_565' title='bbox 2908 3329 3140 3398; x_wconf 79' lang='lat' dir='ltr'><strong>antiquis</strong></span> <span class='ocrx_word' id='word_1_566' title='bbox 3172 3326 3447 3389; x_wconf 86' lang='lat' dir='ltr'><strong>Patribus,</strong></span> <span class='ocrx_word' id='word_1_567' title='bbox 3473 3334 3519 3378; x_wconf 90' lang='lat' dir='ltr'><strong>et</strong></span> <span class='ocrx_word' id='word_1_568' title='bbox 3543 3323 3771 3378; x_wconf 75' lang='lat' dir='ltr'><strong>maxime</strong></span> 
     </span>
    </p>
   </div>
   <div class='ocr_carea' id='block_1_78' title="bbox 2184 3417 3768 3492">
    <p class='ocr_par' dir='ltr' id='par_1_78' title="bbox 2184 3417 3768 3492">
     <span class='ocr_line' id='line_1_78' title="bbox 2184 3417 3768 3492; baseline -0.004 -14"><span class='ocrx_word' id='word_1_569' title='bbox 2184 3423 2413 3478; x_wconf 82' lang='lat' dir='ltr'><strong>Heracla</strong></span> <span class='ocrx_word' id='word_1_570' title='bbox 2450 3423 2612 3492; x_wconf 79' lang='lat' dir='ltr'><strong>fuisse</strong></span> <span class='ocrx_word' id='word_1_571' title='bbox 2662 3431 2712 3476; x_wconf 85' lang='lat' dir='ltr'><strong>et</strong></span> <span class='ocrx_word' id='word_1_572' title='bbox 2747 3438 2780 3475; x_wconf 91' lang='lat' dir='ltr'><strong>a</strong></span> <span class='ocrx_word' id='word_1_573' title='bbox 2801 3421 3123 3491; x_wconf 76' lang='lat' dir='ltr'><strong>presbyterio</strong></span> <span class='ocrx_word' id='word_1_574' title='bbox 3155 3420 3401 3490; x_wconf 86' lang='lat' dir='ltr'><strong>ejectum,</strong></span> <span class='ocrx_word' id='word_1_575' title='bbox 3432 3429 3479 3472; x_wconf 86' lang='lat' dir='ltr'><strong>et</strong></span> <span class='ocrx_word' id='word_1_576' title='bbox 3508 3419 3572 3472; x_wconf 87' lang='lat' dir='ltr'><strong>de</strong></span> <span class='ocrx_word' id='word_1_577' title='bbox 3602 3417 3768 3472; x_wconf 86' lang='lat' dir='ltr'><strong>eccle-</strong></span> 
     </span>
    </p>
   </div>
   <div class='ocr_carea' id='block_1_79' title="bbox 2180 3511 3772 3585">
    <p class='ocr_par' dir='ltr' id='par_1_79' title="bbox 2180 3511 3772 3585">
     <span class='ocr_line' id='line_1_79' title="bbox 2180 3511 3772 3585; baseline -0.004 -14"><span class='ocrx_word' id='word_1_578' title='bbox 2180 3517 2263 3571; x_wconf 80' lang='lat' dir='ltr'><strong>sia</strong></span> <span class='ocrx_word' id='word_1_579' title='bbox 2298 3516 2528 3585; x_wconf 86' lang='lat' dir='ltr'><strong>pulsum,</strong></span> <span class='ocrx_word' id='word_1_580' title='bbox 2562 3525 2610 3568; x_wconf 88' lang='lat' dir='ltr'><strong>et</strong></span> <span class='ocrx_word' id='word_1_581' title='bbox 2645 3515 2710 3568; x_wconf 86' lang='lat' dir='ltr'><strong>de</strong></span> <span class='ocrx_word' id='word_1_582' title='bbox 2744 3514 2954 3567; x_wconf 87' lang='lat' dir='ltr'><strong>civitate</strong></span> <span class='ocrx_word' id='word_1_583' title='bbox 2977 3513 3238 3583; x_wconf 77' lang='lat' dir='ltr'><strong>fugatum.</strong></span> <span class='ocrx_word' id='word_1_584' title='bbox 3278 3512 3388 3584; x_wconf 90' lang='lat'>(66)</span> <span class='ocrx_word' id='word_1_585' title='bbox 3415 3511 3558 3567; x_wconf 88' lang='lat' dir='ltr'><strong>Idem</strong></span> <span class='ocrx_word' id='word_1_586' title='bbox 3606 3512 3772 3566; x_wconf 84' lang='lat' dir='ltr'><strong>habet</strong></span> 
     </span>
    </p>
   </div>
   <div class='ocr_carea' id='block_1_80' title="bbox 2181 3603 3766 3680">
    <p class='ocr_par' dir='ltr' id='par_1_80' title="bbox 2181 3603 3766 3680">
     <span class='ocr_line' id='line_1_80' title="bbox 2181 3603 3766 3680; baseline -0.005 -14"><span class='ocrx_word' id='word_1_587' title='bbox 2181 3609 2415 3680; x_wconf 86' lang='lat' dir='ltr'><strong>scriptor</strong></span> <span class='ocrx_word' id='word_1_588' title='bbox 2455 3608 2591 3663; x_wconf 74' lang='lat' dir='ltr'><strong>Vita:</strong></span> <span class='ocrx_word' id='word_1_589' title='bbox 2613 3605 2674 3663; x_wconf 88' lang='lat' dir='ltr'><strong>S.</strong></span> <span class='ocrx_word' id='word_1_590' title='bbox 2696 3606 2972 3662; x_wconf 85' lang='lat' dir='ltr'><strong>Pachomii</strong></span> <span class='ocrx_word' id='word_1_591' title='bbox 3001 3605 3136 3678; x_wconf 88' lang='lat'><strong>(67),</strong></span> <span class='ocrx_word' id='word_1_592' title='bbox 3171 3615 3226 3663; x_wconf 85' lang='lat' dir='ltr'><strong>et</strong></span> <span class='ocrx_word' id='word_1_593' title='bbox 3251 3605 3480 3677; x_wconf 89' lang='lat' dir='ltr'><strong>epistola</strong></span> <span class='ocrx_word' id='word_1_594' title='bbox 3505 3603 3766 3676; x_wconf 86' lang='lat' dir='ltr'><strong>synodica</strong></span> 
     </span>
    </p>
   </div>
   <div class='ocr_carea' id='block_1_81' title="bbox 2185 3830 3769 3906">
    <p class='ocr_par' dir='ltr' id='par_1_81' title="bbox 2185 3830 3769 3906">
     <span class='ocr_line' id='line_1_81' title="bbox 2185 3830 3769 3906; baseline -0.001 -15"><span class='ocrx_word' id='word_1_595' title='bbox 2185 3837 2446 3906; x_wconf 90' lang='lat' dir='ltr'><strong>synodus,</strong></span> <span class='ocrx_word' id='word_1_596' title='bbox 2473 3844 2584 3889; x_wconf 89' lang='lat' dir='ltr'><strong>tum</strong></span> <span class='ocrx_word' id='word_1_597' title='bbox 2611 3849 2679 3890; x_wconf 86' lang='lat' dir='ltr'><strong>ex</strong></span> <span class='ocrx_word' id='word_1_598' title='bbox 2711 3833 2881 3904; x_wconf 83' lang='lat' dir='ltr'><strong>ipsius</strong></span> <span class='ocrx_word' id='word_1_599' title='bbox 2913 3830 3178 3906; x_wconf 23' lang='lat' dir='ltr'><strong>O‘rigenis</strong></span> <span class='ocrx_word' id='word_1_600' title='bbox 3199 3832 3437 3906; x_wconf 72' lang='lat' dir='ltr'><strong>epistola</strong></span> <span class='ocrx_word' id='word_1_601' title='bbox 3457 3833 3528 3906; x_wconf 78' lang='lat' dir='ltr'><strong>ad</strong></span> <span class='ocrx_word' id='word_1_602' title='bbox 3564 3833 3769 3889; x_wconf 88' lang='lat' dir='ltr'><strong>amicos</strong></span> 
     </span>
    </p>
   </div>
   <div class='ocr_carea' id='block_1_82' title="bbox 2188 3903 3767 3976">
    <p class='ocr_par' dir='ltr' id='par_1_82' title="bbox 2188 3903 3767 3976">
     <span class='ocr_line' id='line_1_82' title="bbox 2188 3903 3767 3976; baseline 0.001 -18"><span class='ocrx_word' id='word_1_603' title='bbox 2188 3903 2448 3976; x_wconf 80' lang='lat' dir='ltr'><strong>quosdam</strong></span> <span class='ocrx_word' id='word_1_604' title='bbox 2476 3903 2898 3970; x_wconf 78' lang='lat' dir='ltr'><strong>Alexandrinos,</strong></span> <span class='ocrx_word' id='word_1_605' title='bbox 2917 3903 3276 3976; x_wconf 27' lang='lat' dir='ltr'><strong>ubijqueritur</strong></span> <span class='ocrx_word' id='word_1_606' title='bbox 3296 3903 3692 3976; x_wconf 68' lang='lat' dir='ltr'><strong>quodadversa</strong></span> <span class='ocrx_word' id='word_1_607' title='bbox 3703 3908 3767 3959; x_wconf 90' lang='lat' dir='ltr'><strong>rii</strong></span> 
     </span>
    </p>
   </div>
   <div class='ocr_carea' id='block_1_83' title="bbox 2189 3974 3770 4044">
    <p class='ocr_par' dir='ltr' id='par_1_83' title="bbox 2189 3974 3770 4044">
     <span class='ocr_line' id='line_1_83' title="bbox 2189 3974 3770 4044; baseline -0.001 -13"><span class='ocrx_word' id='word_1_608' title='bbox 2189 3974 2294 4041; x_wconf 82' lang='lat' dir='ltr'><strong>sui,</strong></span> <span class='ocrx_word' id='word_1_609' title='bbox 2323 3992 2388 4031; x_wconf 92' lang='lat' dir='ltr'><strong>ac</strong></span> <span class='ocrx_word' id='word_1_610' title='bbox 2418 3976 2660 4031; x_wconf 75' lang='lat' dir='ltr'><strong>lueretici</strong></span> <span class='ocrx_word' id='word_1_611' title='bbox 2688 3976 2942 4044; x_wconf 87' lang='lat' dir='ltr'><strong>quidam,</strong></span> <span class='ocrx_word' id='word_1_612' title='bbox 2978 3974 3175 4041; x_wconf 90' lang='lat' dir='ltr'><strong>aliique</strong></span> <span class='ocrx_word' id='word_1_613' title='bbox 3215 3975 3454 4029; x_wconf 89' lang='lat' dir='ltr'><strong>nonnulli</strong></span> <span class='ocrx_word' id='word_1_614' title='bbox 3498 3974 3770 4044; x_wconf 84' lang='lat' dir='ltr'><strong>Ecclesias</strong></span> 
     </span>
    </p>
   </div>
   <div class='ocr_carea' id='block_1_84' title="bbox 2188 4043 3771 4109">
    <p class='ocr_par' dir='ltr' id='par_1_84' title="bbox 2188 4043 3771 4109">
     <span class='ocr_line' id='line_1_84' title="bbox 2188 4043 3771 4109; baseline -0.002 -9"><span class='ocrx_word' id='word_1_615' title='bbox 2188 4047 2517 4101; x_wconf 89' lang='lat' dir='ltr'><strong>conturbare</strong></span> <span class='ocrx_word' id='word_1_616' title='bbox 2531 4043 2794 4109; x_wconf 86' lang='lat' dir='ltr'><strong>volentes,</strong></span> <span class='ocrx_word' id='word_1_617' title='bbox 2819 4045 2984 4099; x_wconf 90' lang='lat' dir='ltr'><strong>libros</strong></span> <span class='ocrx_word' id='word_1_618' title='bbox 3007 4059 3134 4098; x_wconf 91' lang='lat' dir='ltr'><strong>suos</strong></span> <span class='ocrx_word' id='word_1_619' title='bbox 3160 4045 3588 4099; x_wconf 89' lang='lat' dir='ltr'><strong>adulterassent.</strong></span> <span class='ocrx_word' id='word_1_620' title='bbox 3613 4043 3771 4098; x_wconf 75' lang='lat' dir='ltr'><strong>lianc</strong></span> 
     </span>
    </p>
   </div>
   <div class='ocr_carea' id='block_1_85' title="bbox 2183 4115 3766 4186">
    <p class='ocr_par' dir='ltr' id='par_1_85' title="bbox 2183 4115 3766 4186">
     <span class='ocr_line' id='line_1_85' title="bbox 2183 4115 3766 4186; baseline -0.001 -15"><span class='ocrx_word' id='word_1_621' title='bbox 2183 4118 2347 4171; x_wconf 87' lang='lat' dir='ltr'><strong>etiam</strong></span> <span class='ocrx_word' id='word_1_622' title='bbox 2417 4125 2643 4186; x_wconf 89' lang='lat' dir='ltr'><strong>propter</strong></span> <span class='ocrx_word' id='word_1_623' title='bbox 2697 4115 3349 4186; x_wconf 76' lang='lat' dir='ltr'><strong>dogmatumnovitatem</strong></span> <span class='ocrx_word' id='word_1_624' title='bbox 3401 4125 3456 4168; x_wconf 91' lang='lat' dir='ltr'><strong>et</strong></span> <span class='ocrx_word' id='word_1_625' title='bbox 3516 4115 3766 4186; x_wconf 64' lang='lat' dir='ltr'><strong>haeresim</strong></span> 
     </span>
    </p>
   </div>
   <div class='ocr_carea' id='block_1_86' title="bbox 2182 4183 3766 4254">
    <p class='ocr_par' dir='ltr' id='par_1_86' title="bbox 2182 4183 3766 4254">
     <span class='ocr_line' id='line_1_86' title="bbox 2182 4183 3766 4254; baseline -0.003 -13"><span class='ocrx_word' id='word_1_626' title='bbox 2182 4183 2498 4241; x_wconf 85' lang='lat' dir='ltr'><strong>damnatum</strong></span> <span class='ocrx_word' id='word_1_627' title='bbox 2529 4186 2696 4241; x_wconf 83' lang='lat' dir='ltr'><strong>fuisse</strong></span> <span class='ocrx_word' id='word_1_628' title='bbox 2718 4183 2973 4239; x_wconf 84' lang='lat' dir='ltr'><strong>dicebant</strong></span> <span class='ocrx_word' id='word_1_629' title='bbox 2997 4184 3117 4254; x_wconf 86' lang='lat' dir='ltr'><strong>ejus</strong></span> <span class='ocrx_word' id='word_1_630' title='bbox 3147 4183 3352 4238; x_wconf 90' lang='lat' dir='ltr'><strong>inimici</strong></span> <span class='ocrx_word' id='word_1_631' title='bbox 3389 4192 3550 4239; x_wconf 59' lang='lat' dir='ltr'><strong>aetate</strong></span> <span class='ocrx_word' id='word_1_632' title='bbox 3570 4185 3766 4238; x_wconf 88' lang='lat' dir='ltr'><strong>Hiero-</strong></span> 
     </span>
    </p>
   </div>
   <div class='ocr_carea' id='block_1_87' title="bbox 2184 4255 3766 4327">
    <p class='ocr_par' dir='ltr' id='par_1_87' title="bbox 2184 4255 3766 4327">
     <span class='ocr_line' id='line_1_87' title="bbox 2184 4255 3766 4327; baseline -0.001 -16"><span class='ocrx_word' id='word_1_633' title='bbox 2184 4259 2328 4327; x_wconf 90' lang='lat' dir='ltr'><strong>nymi</strong></span> <span class='ocrx_word' id='word_1_634' title='bbox 2355 4298 2371 4321; x_wconf 90' lang='lat'><strong>,</strong></span> <span class='ocrx_word' id='word_1_635' title='bbox 2401 4256 2858 4327; x_wconf 69' lang='lat' dir='ltr'><strong>quemadmodum</strong></span> <span class='ocrx_word' id='word_1_636' title='bbox 2906 4255 3021 4327; x_wconf 80' lang='lat' dir='ltr'><strong>ipse</strong></span> <span class='ocrx_word' id='word_1_637' title='bbox 3055 4264 3282 4327; x_wconf 80' lang='lat' dir='ltr'><strong>testatur</strong></span> <span class='ocrx_word' id='word_1_638' title='bbox 3323 4255 3685 4327; x_wconf 72' lang='lat' dir='ltr'><strong>Hieronymus</strong></span> <span class='ocrx_word' id='word_1_639' title='bbox 3714 4257 3766 4309; x_wconf 91' lang='lat' dir='ltr'><strong>in</strong></span> 
     </span>
    </p>
   </div>
   <div class='ocr_carea' id='block_1_88' title="bbox 2185 4324 3767 4396">
    <p class='ocr_par' dir='ltr' id='par_1_88' title="bbox 2185 4324 3767 4396">
     <span class='ocr_line' id='line_1_88' title="bbox 2185 4324 3767 4396; baseline -0.002 -15"><span class='ocrx_word' id='word_1_640' title='bbox 2185 4324 2681 4396; x_wconf 14' lang='lat' dir='ltr'><strong>epistola—quadam,</strong></span> <span class='ocrx_word' id='word_1_641' title='bbox 2703 4326 2768 4378; x_wconf 90' lang='lat' dir='ltr'><strong>ad</strong></span> <span class='ocrx_word' id='word_1_642' title='bbox 2797 4324 3042 4396; x_wconf 75' lang='lat' dir='ltr'><strong>Paulam,</strong></span> <span class='ocrx_word' id='word_1_643' title='bbox 3071 4325 3225 4392; x_wconf 88' lang='lat' dir='ltr'><strong>cujus</strong></span> <span class='ocrx_word' id='word_1_644' title='bbox 3256 4325 3580 4394; x_wconf 89' lang='lat' dir='ltr'><strong>particulam</strong></span> <span class='ocrx_word' id='word_1_645' title='bbox 3611 4325 3767 4379; x_wconf 75' lang='lat' dir='ltr'><strong>affert</strong></span> 
     </span>
    </p>
   </div>
   <div class='ocr_carea' id='block_1_89' title="bbox 2185 4394 3766 4465">
    <p class='ocr_par' dir='ltr' id='par_1_89' title="bbox 2185 4394 3766 4465">
     <span class='ocr_line' id='line_1_89' title="bbox 2185 4394 3766 4465; baseline 0.001 -17"><span class='ocrx_word' id='word_1_646' title='bbox 2185 4396 2412 4452; x_wconf 83' lang='lat' dir='ltr'><strong>Rnlinus</strong></span> <span class='ocrx_word' id='word_1_647' title='bbox 2437 4394 2532 4452; x_wconf 82' lang='lat' dir='ltr'><strong>lib.</strong></span> <span class='ocrx_word' id='word_1_648' title='bbox 2571 4413 2606 4450; x_wconf 86' lang='grc' dir='ltr'>ιι</span> <span class='ocrx_word' id='word_1_649' title='bbox 2656 4395 2905 4450; x_wconf 75' lang='lat' dir='ltr'><strong>Invectiv.</strong></span> <span class='ocrx_word' id='word_1_650' title='bbox 2959 4394 3105 4448; x_wconf 86' lang='lat' dir='ltr'><strong>Idem</strong></span> <span class='ocrx_word' id='word_1_651' title='bbox 3141 4398 3298 4449; x_wconf 82' lang='lat' dir='ltr'><strong>docet</strong></span> <span class='ocrx_word' id='word_1_652' title='bbox 3338 4395 3565 4463; x_wconf 89' lang='lat' dir='ltr'><strong>epistola</strong></span> <span class='ocrx_word' id='word_1_653' title='bbox 3597 4410 3766 4465; x_wconf 88' lang='lat' dir='ltr'><strong>syno-</strong></span> 
     </span>
    </p>
   </div>
   <div class='ocr_carea' id='block_1_90' title="bbox 2184 4465 3768 4537">
    <p class='ocr_par' dir='ltr' id='par_1_90' title="bbox 2184 4465 3768 4537">
     <span class='ocr_line' id='line_1_90' title="bbox 2184 4465 3768 4537; baseline 0.002 -20"><span class='ocrx_word' id='word_1_654' title='bbox 2184 4470 2303 4521; x_wconf 86' lang='lat' dir='ltr'><strong>dica</strong></span> <span class='ocrx_word' id='word_1_655' title='bbox 2332 4471 2709 4537; x_wconf 89' lang='lat' dir='ltr'><strong>episcoporum</strong></span> <span class='ocrx_word' id='word_1_656' title='bbox 2739 4466 2976 4537; x_wconf 67' lang='lat' dir='ltr'><strong>IEgypti</strong></span> <span class='ocrx_word' id='word_1_657' title='bbox 2995 4475 3157 4537; x_wconf 88' lang='lat' dir='ltr'><strong>atque</strong></span> <span class='ocrx_word' id='word_1_658' title='bbox 3194 4465 3540 4537; x_wconf 77' lang='lat' dir='ltr'><strong>Alexandria:</strong></span> <span class='ocrx_word' id='word_1_659' title='bbox 3561 4505 3577 4531; x_wconf 91' lang='lat'><strong>,</strong></span> <span class='ocrx_word' id='word_1_660' title='bbox 3609 4467 3768 4537; x_wconf 83' lang='lat' dir='ltr'><strong>cujus</strong></span> 
     </span>
    </p>
   </div>
   <div class='ocr_carea' id='block_1_91' title="bbox 495 4529 3765 4608">
    <p class='ocr_par' dir='ltr' id='par_1_91' title="bbox 495 4529 3765 4608">
     <span class='ocr_line' id='line_1_91' title="bbox 495 4529 3765 4608; baseline 0.001 -21"><span class='ocrx_word' id='word_1_661' title='bbox 495 4529 770 4608; x_wconf 79' lang='lat' dir='ltr'><strong>Apologiae</strong></span> <span class='ocrx_word' id='word_1_662' title='bbox 799 4529 950 4608; x_wconf 75' lang='lat' dir='ltr'><strong>opere</strong></span> <span class='ocrx_word' id='word_1_663' title='bbox 972 4536 1100 4608; x_wconf 75' lang='lat' dir='ltr'><strong>jam</strong></span> <span class='ocrx_word' id='word_1_664' title='bbox 1129 4529 1298 4590; x_wconf 52' lang='lat' dir='ltr'><strong>antea&#39;</strong></span> <span class='ocrx_word' id='word_1_665' title='bbox 1316 4529 1499 4605; x_wconf 78' lang='lat' dir='ltr'><strong>[uisset</strong></span> <span class='ocrx_word' id='word_1_666' title='bbox 1529 4529 1854 4603; x_wconf 75' lang='lat' dir='ltr'><strong>complexus,</strong></span> <span class='ocrx_word' id='word_1_667' title='bbox 1880 4551 1986 4594; x_wconf 91' lang='lat' dir='ltr'><strong>etc.</strong></span> <span class='ocrx_word' id='word_1_668' title='bbox 2019 4539 2075 4592; x_wconf 89' lang='lat' dir='ltr'><strong>Si</strong></span> <span class='ocrx_word' id='word_1_669' title='bbox 2111 4529 2156 4587; x_wconf 88' lang='lat' dir='ltr'><strong>D</strong></span> <span class='ocrx_word' id='word_1_670' title='bbox 2185 4529 2548 4608; x_wconf 75' lang='lat' dir='ltr'><strong>fragmentum</strong></span> <span class='ocrx_word' id='word_1_671' title='bbox 2581 4529 3183 4608; x_wconf 43' lang='lat' dir='ltr'><strong>adducitvlustinianus</strong></span> <span class='ocrx_word' id='word_1_672' title='bbox 3213 4538 3264 4588; x_wconf 89' lang='lat' dir='ltr'><strong>in</strong></span> <span class='ocrx_word' id='word_1_673' title='bbox 3295 4535 3524 4604; x_wconf 87' lang='lat' dir='ltr'><strong>epistola</strong></span> <span class='ocrx_word' id='word_1_674' title='bbox 3559 4529 3626 4590; x_wconf 81' lang='lat' dir='ltr'><strong>ad</strong></span> <span class='ocrx_word' id='word_1_675' title='bbox 3659 4529 3765 4592; x_wconf 70' lang='lat' dir='ltr'><strong>ble-</strong></span> 
     </span>
    </p>
   </div>
   <div class='ocr_carea' id='block_1_92' title="bbox 493 4605 2073 4674">
    <p class='ocr_par' dir='ltr' id='par_1_92' title="bbox 493 4605 2073 4674">
     <span class='ocr_line' id='line_1_92' title="bbox 493 4605 2073 4674; baseline 0.003 -16"><span class='ocrx_word' id='word_1_676' title='bbox 493 4605 761 4673; x_wconf 64' lang='lat' dir='ltr'><strong>prazcipue</strong></span> <span class='ocrx_word' id='word_1_677' title='bbox 783 4606 852 4658; x_wconf 87' lang='lat' dir='ltr'><strong>ob</strong></span> <span class='ocrx_word' id='word_1_678' title='bbox 877 4605 1197 4659; x_wconf 67' lang='lat' dir='ltr'><strong>idololatriae</strong></span> <span class='ocrx_word' id='word_1_679' title='bbox 1229 4609 1473 4670; x_wconf 90' lang='lat' dir='ltr'><strong>crimen,</strong></span> <span class='ocrx_word' id='word_1_680' title='bbox 1514 4617 1571 4659; x_wconf 92' lang='lat' dir='ltr'><strong>ut</strong></span> <span class='ocrx_word' id='word_1_681' title='bbox 1614 4609 1885 4674; x_wconf 86' lang='lat' dir='ltr'><strong>pertendit</strong></span> <span class='ocrx_word' id='word_1_682' title='bbox 1929 4610 2073 4663; x_wconf 65' lang='lat' dir='ltr'><strong>llueo</strong></span> 
     </span>
    </p>
   </div>
   <div class='ocr_carea' id='block_1_93' title="bbox 495 4675 2075 4749">
    <p class='ocr_par' dir='ltr' id='par_1_93' title="bbox 495 4675 2075 4749">
     <span class='ocr_line' id='line_1_93' title="bbox 495 4675 2075 4749; baseline 0.003 -21"><span class='ocrx_word' id='word_1_683' title='bbox 495 4678 632 4738; x_wconf 88' lang='lat' dir='ltr'><strong>tius,</strong></span> <span class='ocrx_word' id='word_1_684' title='bbox 662 4675 968 4749; x_wconf 77' lang='lat' dir='ltr'><strong>sacerdotio</strong></span> <span class='ocrx_word' id='word_1_685' title='bbox 997 4687 1051 4749; x_wconf 77' lang='lat' dir='ltr'><strong>et</strong></span> <span class='ocrx_word' id='word_1_686' title='bbox 1079 4676 1321 4749; x_wconf 78' lang='lat' dir='ltr'><strong>Ecclesia</strong></span> <span class='ocrx_word' id='word_1_687' title='bbox 1341 4678 1633 4749; x_wconf 75' lang='lat' dir='ltr'><strong>abdicatus</strong></span> <span class='ocrx_word' id='word_1_688' title='bbox 1662 4677 1852 4732; x_wconf 88' lang='lat' dir='ltr'><strong>fuisset</strong></span> <span class='ocrx_word' id='word_1_689' title='bbox 1886 4678 2075 4749; x_wconf 88' lang='lat' dir='ltr'><strong>Orige-</strong></span> 
     </span>
    </p>
   </div>
   <div class='ocr_carea' id='block_1_94' title="bbox 494 4745 2077 4818">
    <p class='ocr_par' dir='ltr' id='par_1_94' title="bbox 494 4745 2077 4818">
     <span class='ocr_line' id='line_1_94' title="bbox 494 4745 2077 4818; baseline 0.003 -20"><span class='ocrx_word' id='word_1_690' title='bbox 494 4759 611 4806; x_wconf 87' lang='lat' dir='ltr'><strong>nes,</strong></span> <span class='ocrx_word' id='word_1_691' title='bbox 645 4746 1146 4818; x_wconf 74' lang='lat' dir='ltr'><strong>minime_profecto</strong></span> <span class='ocrx_word' id='word_1_692' title='bbox 1175 4745 1302 4800; x_wconf 86' lang='lat' dir='ltr'><strong>facti</strong></span> <span class='ocrx_word' id='word_1_693' title='bbox 1341 4747 1506 4815; x_wconf 90' lang='lat' dir='ltr'><strong>hujus</strong></span> <span class='ocrx_word' id='word_1_694' title='bbox 1535 4749 1905 4804; x_wconf 88' lang='lat' dir='ltr'><strong>narrationem</strong></span> <span class='ocrx_word' id='word_1_695' title='bbox 1939 4745 2077 4818; x_wconf 63' lang='lat' dir='ltr'><strong>prte-</strong></span> 
     </span>
    </p>
   </div>
   <div class='ocr_carea' id='block_1_95' title="bbox 495 4816 2074 4889">
    <p class='ocr_par' dir='ltr' id='par_1_95' title="bbox 495 4816 2074 4889">
     <span class='ocr_line' id='line_1_95' title="bbox 495 4816 2074 4889; baseline 0.004 -22"><span class='ocrx_word' id='word_1_696' title='bbox 495 4817 818 4889; x_wconf 68' lang='lat' dir='ltr'><strong>termisisset</strong></span> <span class='ocrx_word' id='word_1_697' title='bbox 853 4816 1159 4889; x_wconf 67' lang='lat' dir='ltr'><strong>Eusebius.</strong></span> <span class='ocrx_word' id='word_1_698' title='bbox 1209 4822 1465 4889; x_wconf 79' lang='lat' dir='ltr'><strong>Altamen</strong></span> <span class='ocrx_word' id='word_1_699' title='bbox 1505 4833 1592 4889; x_wconf 19' lang='lat' dir='ltr'><strong>Aue</strong></span> <span class='ocrx_word' id='word_1_700' title='bbox 1639 4818 1804 4872; x_wconf 92' lang='lat' dir='ltr'><strong>ullum</strong></span> <span class='ocrx_word' id='word_1_701' title='bbox 1854 4816 2074 4889; x_wconf 83' lang='lat' dir='ltr'><strong>quidem</strong></span> 
     </span>
    </p>
   </div>
   <div class='ocr_carea' id='block_1_96' title="bbox 495 4886 2077 4962">
    <p class='ocr_par' dir='ltr' id='par_1_96' title="bbox 495 4886 2077 4962">
     <span class='ocr_line' id='line_1_96' title="bbox 495 4886 2077 4962; baseline 0.005 -25"><span class='ocrx_word' id='word_1_702' title='bbox 495 4887 719 4962; x_wconf 79' lang='lat' dir='ltr'><strong>hujusce</strong></span> <span class='ocrx_word' id='word_1_703' title='bbox 745 4886 931 4962; x_wconf 75' lang='lat' dir='ltr'><strong>flagitii</strong></span> <span class='ocrx_word' id='word_1_704' title='bbox 967 4889 1187 4940; x_wconf 89' lang='lat' dir='ltr'><strong>verbum</strong></span> <span class='ocrx_word' id='word_1_705' title='bbox 1216 4889 1266 4940; x_wconf 92' lang='lat' dir='ltr'><strong>iu</strong></span> <span class='ocrx_word' id='word_1_706' title='bbox 1296 4887 1551 4956; x_wconf 77' lang='lat' dir='ltr'><strong>Apologia</strong></span> <span class='ocrx_word' id='word_1_707' title='bbox 1574 4904 1670 4942; x_wconf 91' lang='lat' dir='ltr'><strong>sua</strong></span> <span class='ocrx_word' id='word_1_708' title='bbox 1705 4886 1901 4962; x_wconf 74' lang='lat' dir='ltr'><strong>fecisse</strong></span> <span class='ocrx_word' id='word_1_709' title='bbox 1927 4891 2077 4944; x_wconf 91' lang='lat' dir='ltr'><strong>vide-</strong></span> 
     </span>
    </p>
   </div>
   <div class='ocr_carea' id='block_1_97' title="bbox 494 4955 2074 5022">
    <p class='ocr_par' dir='ltr' id='par_1_97' title="bbox 494 4955 2074 5022">
     <span class='ocr_line' id='line_1_97' title="bbox 494 4955 2074 5022; baseline 0.004 -14"><span class='ocrx_word' id='word_1_710' title='bbox 494 4967 600 5008; x_wconf 91' lang='lat' dir='ltr'><strong>tur.</strong></span> <span class='ocrx_word' id='word_1_711' title='bbox 641 4955 774 5009; x_wconf 90' lang='lat' dir='ltr'><strong>lllud</strong></span> <span class='ocrx_word' id='word_1_712' title='bbox 803 4955 944 5008; x_wconf 79' lang='lat' dir='ltr'><strong>enim</strong></span> <span class='ocrx_word' id='word_1_713' title='bbox 971 5000 985 5022; x_wconf 91' lang='lat'><strong>,</strong></span> <span class='ocrx_word' id='word_1_714' title='bbox 1019 4961 1060 5009; x_wconf 87' lang='lat' dir='ltr'><strong>si</strong></span> <span class='ocrx_word' id='word_1_715' title='bbox 1095 4955 1577 5012; x_wconf 75' lang='lat' dir='ltr'><strong>conuueuioraSset</strong></span> <span class='ocrx_word' id='word_1_716' title='bbox 1602 4999 1616 5020; x_wconf 90' lang='lat'><strong>,</strong></span> <span class='ocrx_word' id='word_1_717' title='bbox 1652 4969 1803 5013; x_wconf 90' lang='lat' dir='ltr'><strong>certe</strong></span> <span class='ocrx_word' id='word_1_718' title='bbox 1849 4961 2074 5014; x_wconf 87' lang='lat' dir='ltr'><strong>Photius</strong></span> 
     </span>
    </p>
   </div>
   <div class='ocr_carea' id='block_1_98' title="bbox 491 5027 2076 5097">
    <p class='ocr_par' dir='ltr' id='par_1_98' title="bbox 491 5027 2076 5097">
     <span class='ocr_line' id='line_1_98' title="bbox 491 5027 2076 5097; baseline 0.007 -23"><span class='ocrx_word' id='word_1_719' title='bbox 491 5028 578 5097; x_wconf 86' lang='lat' dir='ltr'><strong>qui</strong></span> <span class='ocrx_word' id='word_1_720' title='bbox 597 5029 735 5097; x_wconf 88' lang='lat' dir='ltr'><strong>cod.</strong></span> <span class='ocrx_word' id='word_1_721' title='bbox 761 5027 968 5089; x_wconf 78' lang='lat' dir='ltr'><strong>118,ex</strong></span> <span class='ocrx_word' id='word_1_722' title='bbox 996 5028 1108 5097; x_wconf 85' lang='lat' dir='ltr'><strong>ipsa</strong></span> <span class='ocrx_word' id='word_1_723' title='bbox 1145 5029 1229 5080; x_wconf 88' lang='lat' dir='ltr'><strong>illa</strong></span> <span class='ocrx_word' id='word_1_724' title='bbox 1258 5027 1513 5095; x_wconf 78' lang='lat' dir='ltr'><strong>Apologia</strong></span> <span class='ocrx_word' id='word_1_725' title='bbox 1541 5029 1706 5083; x_wconf 89' lang='lat' dir='ltr'><strong>refert</strong></span> <span class='ocrx_word' id='word_1_726' title='bbox 1732 5033 1872 5084; x_wconf 90' lang='lat' dir='ltr'><strong>unde</strong></span> <span class='ocrx_word' id='word_1_727' title='bbox 1899 5035 2076 5085; x_wconf 65' lang='lat' dir='ltr'><strong>ninnis</strong></span> 
     </span>
    </p>
   </div>
   <div class='ocr_carea' id='block_1_99' title="bbox 493 5096 2072 5179">
    <p class='ocr_par' dir='ltr' id='par_1_99' title="bbox 493 5096 2072 5179">
     <span class='ocr_line' id='line_1_99' title="bbox 493 5096 2072 5179; baseline 0.004 -30"><span class='ocrx_word' id='word_1_728' title='bbox 493 5096 547 5149; x_wconf 88' lang='lat' dir='ltr'><strong>in</strong></span> <span class='ocrx_word' id='word_1_729' title='bbox 578 5096 867 5179; x_wconf 77' lang='lat' dir='ltr'><strong>Origenem</strong></span> <span class='ocrx_word' id='word_1_730' title='bbox 895 5113 926 5151; x_wconf 90' lang='lat' dir='ltr'><strong>a</strong></span> <span class='ocrx_word' id='word_1_731' title='bbox 958 5096 1232 5153; x_wconf 71' lang='lat' dir='ltr'><strong>lleinetrio</strong></span> <span class='ocrx_word' id='word_1_732' title='bbox 1261 5100 1496 5152; x_wconf 85' lang='lat' dir='ltr'><strong>excitata</strong></span> <span class='ocrx_word' id='word_1_733' title='bbox 1547 5098 1716 5154; x_wconf 74' lang='lat' dir='ltr'><strong>fuerit</strong></span> <span class='ocrx_word' id='word_1_734' title='bbox 1756 5111 2072 5169; x_wconf 89' lang='lat' dir='ltr'><strong>tempestas,</strong></span> 
     </span>
    </p>
   </div>
   <div class='ocr_carea' id='block_1_100' title="bbox 491 5178 913 5222">
    <p class='ocr_par' dir='ltr' id='par_1_100' title="bbox 491 5178 913 5222">
     <span class='ocr_line' id='line_1_100' title="bbox 491 5178 913 5222; baseline 0 -2"><span class='ocrx_word' id='word_1_735' title='bbox 491 5181 596 5220; x_wconf 90' lang='lat' dir='ltr'><strong>non</strong></span> <span class='ocrx_word' id='word_1_736' title='bbox 623 5178 913 5222; x_wconf 82' lang='lat' dir='ltr'><strong>omisisset.</strong></span> 
     </span>
    </p>
   </div>
   <div class='ocr_carea' id='block_1_101' title="bbox 562 5237 2070 5308">
    <p class='ocr_par' dir='ltr' id='par_1_101' title="bbox 562 5237 2070 5308">
     <span class='ocr_line' id='line_1_101' title="bbox 562 5237 2070 5308; baseline 0.005 -18"><span class='ocrx_word' id='word_1_737' title='bbox 562 5237 674 5306; x_wconf 69' lang='grc'><strong>(62)</strong></span> <span class='ocrx_word' id='word_1_738' title='bbox 703 5238 832 5302; x_wconf 74' lang='lat' dir='ltr'><strong>Qua:</strong></span> <span class='ocrx_word' id='word_1_739' title='bbox 865 5257 896 5292; x_wconf 91' lang='lat' dir='ltr'><strong>a</strong></span> <span class='ocrx_word' id='word_1_740' title='bbox 929 5239 1144 5292; x_wconf 81' lang='lat' dir='ltr'><strong>Pelavio</strong></span> <span class='ocrx_word' id='word_1_741' title='bbox 1171 5240 1374 5292; x_wconf 83' lang='lat' dir='ltr'><strong>erudite</strong></span> <span class='ocrx_word' id='word_1_742' title='bbox 1417 5240 1691 5308; x_wconf 74' lang='lat' dir='ltr'><strong>confutata</strong></span> <span class='ocrx_word' id='word_1_743' title='bbox 1739 5241 1896 5296; x_wconf 84' lang='lat' dir='ltr'><strong>habes</strong></span> <span class='ocrx_word' id='word_1_744' title='bbox 1922 5285 1935 5307; x_wconf 94' lang='lat'><strong>,</strong></span> <span class='ocrx_word' id='word_1_745' title='bbox 1963 5253 2070 5299; x_wconf 89' lang='lat' dir='ltr'><strong>etc.</strong></span> 
     </span>
    </p>
   </div>
   <div class='ocr_carea' id='block_1_102' title="bbox 493 5307 2075 5380">
    <p class='ocr_par' dir='ltr' id='par_1_102' title="bbox 493 5307 2075 5380">
     <span class='ocr_line' id='line_1_102' title="bbox 493 5307 2075 5380; baseline 0.002 -18"><span class='ocrx_word' id='word_1_746' title='bbox 493 5307 729 5380; x_wconf 87' lang='lat' dir='ltr'><strong>Levibus</strong></span> <span class='ocrx_word' id='word_1_747' title='bbox 777 5310 1070 5380; x_wconf 80' lang='lat' dir='ltr'><strong>admodum</strong></span> <span class='ocrx_word' id='word_1_748' title='bbox 1115 5312 1450 5380; x_wconf 87' lang='lat' dir='ltr'><strong>argumentis</strong></span> <span class='ocrx_word' id='word_1_749' title='bbox 1494 5307 1782 5366; x_wconf 84' lang='lat' dir='ltr'><strong>veritatem</strong></span> <span class='ocrx_word' id='word_1_750' title='bbox 1836 5315 2075 5367; x_wconf 75' lang='lat' dir='ltr'><strong>historiae</strong></span> 
     </span>
    </p>
   </div>
   <div class='ocr_carea' id='block_1_103' title="bbox 493 5378 2072 5458">
    <p class='ocr_par' dir='ltr' id='par_1_103' title="bbox 493 5378 2072 5458">
     <span class='ocr_line' id='line_1_103' title="bbox 493 5378 2072 5458; baseline 0.004 -27"><span class='ocrx_word' id='word_1_751' title='bbox 493 5379 734 5458; x_wconf 77' lang='lat' dir='ltr'><strong>vindicat</strong></span> <span class='ocrx_word' id='word_1_752' title='bbox 779 5378 1073 5435; x_wconf 89' lang='lat' dir='ltr'><strong>Petavius:</strong></span> <span class='ocrx_word' id='word_1_753' title='bbox 1118 5378 1239 5450; x_wconf 73' lang='lat' dir='ltr'><strong>qua:</strong></span> <span class='ocrx_word' id='word_1_754' title='bbox 1281 5381 1326 5435; x_wconf 89' lang='lat' dir='ltr'><strong>si</strong></span> <span class='ocrx_word' id='word_1_755' title='bbox 1369 5396 1492 5436; x_wconf 90' lang='lat' dir='ltr'><strong>cum</strong></span> <span class='ocrx_word' id='word_1_756' title='bbox 1551 5382 1756 5438; x_wconf 89' lang='lat' dir='ltr'><strong>nostris</strong></span> <span class='ocrx_word' id='word_1_757' title='bbox 1799 5384 2072 5448; x_wconf 83' lang='lat' dir='ltr'><strong>conferas,</strong></span> 
     </span>
    </p>
   </div>
   <div class='ocr_carea' id='block_1_104' title="bbox 492 5458 959 5504">
    <p class='ocr_par' dir='ltr' id='par_1_104' title="bbox 492 5458 959 5504">
     <span class='ocr_line' id='line_1_104' title="bbox 492 5458 959 5504; baseline 0.015 -8"><span class='ocrx_word' id='word_1_758' title='bbox 492 5458 748 5504; x_wconf 76' lang='lat' dir='ltr'><strong>continuo</strong></span> <span class='ocrx_word' id='word_1_759' title='bbox 777 5459 959 5503; x_wconf 88' lang='lat' dir='ltr'><strong>ruunt.</strong></span> 
     </span>
    </p>
   </div>
   <div class='ocr_carea' id='block_1_105' title="bbox 565 5517 2070 5594">
    <p class='ocr_par' dir='ltr' id='par_1_105' title="bbox 565 5517 2070 5594">
     <span class='ocr_line' id='line_1_105' title="bbox 565 5517 2070 5594; baseline 0.003 -22"><span class='ocrx_word' id='word_1_760' title='bbox 565 5518 676 5585; x_wconf 79' lang='grc'><strong>(65)</strong></span> <span class='ocrx_word' id='word_1_761' title='bbox 706 5517 860 5570; x_wconf 78' lang='lat' dir='ltr'><strong>Fidei</strong></span> <span class='ocrx_word' id='word_1_762' title='bbox 886 5521 1468 5594; x_wconf 82' lang='lat' dir='ltr'><strong>quoqueintcgritatem</strong></span> <span class='ocrx_word' id='word_1_763' title='bbox 1507 5523 1562 5576; x_wconf 89' lang='lat' dir='ltr'><strong>in</strong></span> <span class='ocrx_word' id='word_1_764' title='bbox 1604 5524 1750 5577; x_wconf 79' lang='lat' dir='ltr'><strong>libris</strong></span> <span class='ocrx_word' id='word_1_765' title='bbox 1785 5522 2070 5594; x_wconf 59' lang='lat' dir='ltr'><strong>plerisque,</strong></span> 
     </span>
    </p>
   </div>
   <div class='ocr_carea' id='block_1_106' title="bbox 491 5593 2075 5663">
    <p class='ocr_par' dir='ltr' id='par_1_106' title="bbox 491 5593 2075 5663">
     <span class='ocr_line' id='line_1_106' title="bbox 491 5593 2075 5663; baseline 0.004 -21"><span class='ocrx_word' id='word_1_766' title='bbox 491 5607 555 5642; x_wconf 85' lang='lat' dir='ltr'><strong>ac</strong></span> <span class='ocrx_word' id='word_1_767' title='bbox 591 5604 651 5642; x_wconf 84' lang='lat' dir='ltr'><strong>eo</strong></span> <span class='ocrx_word' id='word_1_768' title='bbox 693 5595 980 5663; x_wconf 54' lang='grc' dir='ltr'><strong>νημαι-(θυι</strong></span> <span class='ocrx_word' id='word_1_769' title='bbox 1017 5593 1108 5663; x_wconf 72' lang='lat' dir='ltr'><strong>qui</strong></span> <span class='ocrx_word' id='word_1_770' title='bbox 1156 5603 1231 5645; x_wconf 75' lang='lat' dir='ltr'><strong>est</strong></span> <span class='ocrx_word' id='word_1_771' title='bbox 1269 5597 1342 5646; x_wconf 84' lang='lat' dir='ltr'><strong>Ue</strong></span> <span class='ocrx_word' id='word_1_772' title='bbox 1381 5596 1696 5662; x_wconf 86' lang='lat' dir='ltr'><strong>principiis,</strong></span> <span class='ocrx_word' id='word_1_773' title='bbox 1737 5602 1802 5648; x_wconf 85' lang='lat' dir='ltr'><strong>ab</strong></span> <span class='ocrx_word' id='word_1_774' title='bbox 1849 5593 2075 5663; x_wconf 80' lang='lat' dir='ltr'><strong>Origene</strong></span> 
     </span>
    </p>
   </div>
   <div class='ocr_carea' id='block_1_107' title="bbox 497 5660 2073 5732">
    <p class='ocr_par' dir='ltr' id='par_1_107' title="bbox 497 5660 2073 5732">
     <span class='ocr_line' id='line_1_107' title="bbox 497 5660 2073 5732; baseline 0.003 -20"><span class='ocrx_word' id='word_1_775' title='bbox 497 5668 742 5715; x_wconf 38' lang='lat' dir='ltr'><strong>amatam</strong></span> <span class='ocrx_word' id='word_1_776' title='bbox 773 5660 826 5710; x_wconf 83' lang='lat' dir='ltr'><strong>id</strong></span> <span class='ocrx_word' id='word_1_777' title='bbox 861 5662 1105 5732; x_wconf 76' lang='lat' dir='ltr'><strong>temporis</strong></span> <span class='ocrx_word' id='word_1_778' title='bbox 1148 5674 1483 5732; x_wconf 74' lang='lat' dir='ltr'><strong>conquestum</strong></span> <span class='ocrx_word' id='word_1_779' title='bbox 1532 5660 1698 5730; x_wconf 71' lang='lat' dir='ltr'><strong>fuisse</strong></span> <span class='ocrx_word' id='word_1_780' title='bbox 1749 5660 2073 5719; x_wconf 69' lang='lat' dir='ltr'><strong>Demetrium</strong></span> 
     </span>
    </p>
   </div>
   <div class='ocr_carea' id='block_1_108' title="bbox 492 5731 2067 5800">
    <p class='ocr_par' dir='ltr' id='par_1_108' title="bbox 492 5731 2067 5800">
     <span class='ocr_line' id='line_1_108' title="bbox 492 5731 2067 5800; baseline 0.001 -16"><span class='ocrx_word' id='word_1_781' title='bbox 492 5739 897 5784; x_wconf 75' lang='lat' dir='ltr'><strong>consentaneum</strong></span> <span class='ocrx_word' id='word_1_782' title='bbox 924 5741 1020 5782; x_wconf 82' lang='lat' dir='ltr'><strong>est.</strong></span> <span class='ocrx_word' id='word_1_783' title='bbox 1055 5731 1184 5782; x_wconf 89' lang='lat' dir='ltr'><strong>Illud</strong></span> <span class='ocrx_word' id='word_1_784' title='bbox 1224 5733 1441 5800; x_wconf 84' lang='lat' dir='ltr'><strong>quidem</strong></span> <span class='ocrx_word' id='word_1_785' title='bbox 1475 5749 1667 5788; x_wconf 84' lang='lat' dir='ltr'><strong>eruere</strong></span> <span class='ocrx_word' id='word_1_786' title='bbox 1709 5736 1833 5790; x_wconf 87' lang='lat' dir='ltr'><strong>licet</strong></span> <span class='ocrx_word' id='word_1_787' title='bbox 1866 5747 1977 5788; x_wconf 89' lang='lat' dir='ltr'><strong>tum</strong></span> <span class='ocrx_word' id='word_1_788' title='bbox 2006 5753 2067 5786; x_wconf 76' lang='lat' dir='ltr'><strong>ex</strong></span> 
     </span>
    </p>
   </div>
   <div class='ocr_carea' id='block_1_109' title="bbox 494 5800 2070 5870">
    <p class='ocr_par' dir='ltr' id='par_1_109' title="bbox 494 5800 2070 5870">
     <span class='ocr_line' id='line_1_109' title="bbox 494 5800 2070 5870; baseline 0.002 -16"><span class='ocrx_word' id='word_1_789' title='bbox 494 5803 560 5867; x_wconf 73' lang='lat' dir='ltr'><strong>:is</strong></span> <span class='ocrx_word' id='word_1_790' title='bbox 607 5815 728 5870; x_wconf 74' lang='lat' dir='ltr'><strong>quae</strong></span> <span class='ocrx_word' id='word_1_791' title='bbox 779 5800 1037 5856; x_wconf 83' lang='lat' dir='ltr'><strong>adversus</strong></span> <span class='ocrx_word' id='word_1_792' title='bbox 1095 5800 1383 5870; x_wconf 74' lang='lat' dir='ltr'><strong>Origeueui</strong></span> <span class='ocrx_word' id='word_1_793' title='bbox 1435 5803 1674 5860; x_wconf 73' lang='lat' dir='ltr'><strong>decrcvnt</strong></span> <span class='ocrx_word' id='word_1_794' title='bbox 1729 5811 2070 5862; x_wconf 80' lang='lat' dir='ltr'><strong>hctuctriaua</strong></span> 
     </span>
    </p>
   </div>
   <div class='ocr_carea' id='block_1_110' title="bbox 2181 4604 3386 4678">
    <p class='ocr_par' dir='ltr' id='par_1_110' title="bbox 2181 4604 3386 4678">
     <span class='ocr_line' id='line_1_110' title="bbox 2181 4604 3386 4678; baseline -0.001 -16"><span class='ocrx_word' id='word_1_795' title='bbox 2181 4604 2330 4678; x_wconf 75' lang='lat' dir='ltr'><strong>nam,</strong></span> <span class='ocrx_word' id='word_1_796' title='bbox 2355 4612 2499 4678; x_wconf 91' lang='lat' dir='ltr'><strong>quod</strong></span> <span class='ocrx_word' id='word_1_797' title='bbox 2529 4607 2690 4676; x_wconf 90' lang='lat' dir='ltr'><strong>paulo</strong></span> <span class='ocrx_word' id='word_1_798' title='bbox 2721 4607 2860 4660; x_wconf 86' lang='lat' dir='ltr'><strong>infra</strong></span> <span class='ocrx_word' id='word_1_799' title='bbox 2889 4606 3110 4678; x_wconf 83' lang='lat' dir='ltr'><strong>exhibet</strong></span> <span class='ocrx_word' id='word_1_800' title='bbox 3141 4604 3386 4678; x_wconf 62' lang='lat' dir='ltr'><strong>lluetius,</strong></span> 
     </span>
    </p>
   </div>
   <div class='ocr_carea' id='block_1_111' title="bbox 2248 4676 3762 4747">
    <p class='ocr_par' dir='ltr' id='par_1_111' title="bbox 2248 4676 3762 4747">
     <span class='ocr_line' id='line_1_111' title="bbox 2248 4676 3762 4747; baseline 0.001 -16"><span class='ocrx_word' id='word_1_801' title='bbox 2248 4676 2572 4747; x_wconf 40' lang='lat' dir='ltr'><strong>(GM—Severi</strong></span> <span class='ocrx_word' id='word_1_802' title='bbox 2603 4694 2790 4731; x_wconf 85' lang='lat' dir='ltr'><strong>nomen</strong></span> <span class='ocrx_word' id='word_1_803' title='bbox 2824 4677 2964 4731; x_wconf 87' lang='lat' dir='ltr'><strong>Decii</strong></span> <span class='ocrx_word' id='word_1_804' title='bbox 2991 4678 3219 4741; x_wconf 88' lang='lat' dir='ltr'><strong>nomine,</strong></span> <span class='ocrx_word' id='word_1_805' title='bbox 3245 4687 3350 4732; x_wconf 89' lang='lat' dir='ltr'><strong>etc.</strong></span> <span class='ocrx_word' id='word_1_806' title='bbox 3377 4676 3762 4747; x_wconf 81' lang='lat' dir='ltr'><strong>Verumtamen</strong></span> 
     </span>
    </p>
   </div>
   <div class='ocr_carea' id='block_1_112' title="bbox 2181 4743 3762 4818">
    <p class='ocr_par' dir='ltr' id='par_1_112' title="bbox 2181 4743 3762 4818">
     <span class='ocr_line' id='line_1_112' title="bbox 2181 4743 3762 4818; baseline -0.009 -13"><span class='ocrx_word' id='word_1_807' title='bbox 2181 4743 2515 4818; x_wconf 82' lang='lat' dir='ltr'><strong>Epiphanius</strong></span> <span class='ocrx_word' id='word_1_808' title='bbox 2548 4748 2640 4802; x_wconf 91' lang='lat' dir='ltr'><strong>lih.</strong></span> <span class='ocrx_word' id='word_1_809' title='bbox 2675 4748 2748 4800; x_wconf 89' lang='lat' dir='ltr'><strong>De</strong></span> <span class='ocrx_word' id='word_1_810' title='bbox 2771 4749 3002 4818; x_wconf 81' lang='lat' dir='ltr'><strong>pond.et</strong></span> <span class='ocrx_word' id='word_1_811' title='bbox 3027 4763 3214 4809; x_wconf 81' lang='lat' dir='ltr'><strong>mens.,</strong></span> <span class='ocrx_word' id='word_1_812' title='bbox 3256 4763 3390 4818; x_wconf 48' lang='lat' dir='ltr'><strong>pag:</strong></span> <span class='ocrx_word' id='word_1_813' title='bbox 3414 4743 3538 4811; x_wconf 69' lang='grc'><strong>174,</strong></span> <span class='ocrx_word' id='word_1_814' title='bbox 3566 4747 3762 4816; x_wconf 66' lang='grc' dir='ltr'><strong>Οτῑευ-</strong></span> 
     </span>
    </p>
   </div>
   <div class='ocr_carea' id='block_1_113' title="bbox 2181 4815 3765 4888">
    <p class='ocr_par' dir='ltr' id='par_1_113' title="bbox 2181 4815 3765 4888">
     <span class='ocr_line' id='line_1_113' title="bbox 2181 4815 3765 4888; baseline 0.001 -16"><span class='ocrx_word' id='word_1_815' title='bbox 2181 4815 2302 4872; x_wconf 73' lang='lat' dir='ltr'><strong>ueni</strong></span> <span class='ocrx_word' id='word_1_816' title='bbox 2329 4822 2397 4874; x_wconf 89' lang='lat' dir='ltr'><strong>ab</strong></span> <span class='ocrx_word' id='word_1_817' title='bbox 2430 4815 2950 4888; x_wconf 80' lang='lat' dir='ltr'><strong>imperatorisDecii</strong></span> <span class='ocrx_word' id='word_1_818' title='bbox 2983 4826 3246 4882; x_wconf 85' lang='lat' dir='ltr'><strong>tempore,</strong></span> <span class='ocrx_word' id='word_1_819' title='bbox 3265 4819 3331 4870; x_wconf 91' lang='lat' dir='ltr'><strong>ad</strong></span> <span class='ocrx_word' id='word_1_820' title='bbox 3355 4815 3567 4888; x_wconf 88' lang='lat' dir='ltr'><strong>Gallum</strong></span> <span class='ocrx_word' id='word_1_821' title='bbox 3596 4815 3765 4886; x_wconf 77' lang='lat' dir='ltr'><strong>usque</strong></span> 
     </span>
    </p>
   </div>
   <div class='ocr_carea' id='block_1_114' title="bbox 2179 4887 3761 4956">
    <p class='ocr_par' dir='ltr' id='par_1_114' title="bbox 2179 4887 3761 4956">
     <span class='ocr_line' id='line_1_114' title="bbox 2179 4887 3761 4956; baseline 0 -13"><span class='ocrx_word' id='word_1_822' title='bbox 2179 4899 2233 4945; x_wconf 90' lang='lat' dir='ltr'><strong>et</strong></span> <span class='ocrx_word' id='word_1_823' title='bbox 2262 4887 2639 4952; x_wconf 84' lang='lat' dir='ltr'><strong>Volusianum,</strong></span> <span class='ocrx_word' id='word_1_824' title='bbox 2670 4899 2726 4941; x_wconf 91' lang='lat' dir='ltr'><strong>et</strong></span> <span class='ocrx_word' id='word_1_825' title='bbox 2750 4887 2888 4941; x_wconf 91' lang='lat' dir='ltr'><strong>ultra</strong></span> <span class='ocrx_word' id='word_1_826' title='bbox 2915 4887 3165 4940; x_wconf 84' lang='lat' dir='ltr'><strong>floruisse</strong></span> <span class='ocrx_word' id='word_1_827' title='bbox 3190 4888 3400 4941; x_wconf 89' lang='lat' dir='ltr'><strong>scribit.</strong></span> <span class='ocrx_word' id='word_1_828' title='bbox 3435 4887 3532 4942; x_wconf 89' lang='lat' dir='ltr'><strong>Ubi</strong></span> <span class='ocrx_word' id='word_1_829' title='bbox 3564 4890 3761 4956; x_wconf 79' lang='lat' dir='ltr'><strong>dtiplex</strong></span> 
     </span>
    </p>
   </div>
   <div class='ocr_carea' id='block_1_115' title="bbox 2179 4956 3765 5028">
    <p class='ocr_par' dir='ltr' id='par_1_115' title="bbox 2179 4956 3765 5028">
     <span class='ocr_line' id='line_1_115' title="bbox 2179 4956 3765 5028; baseline 0.001 -15"><span class='ocrx_word' id='word_1_830' title='bbox 2179 4975 2354 5026; x_wconf 90' lang='lat' dir='ltr'><strong>error,</strong></span> <span class='ocrx_word' id='word_1_831' title='bbox 2385 4974 2510 5014; x_wconf 89' lang='lat' dir='ltr'><strong>cum</strong></span> <span class='ocrx_word' id='word_1_832' title='bbox 2548 4956 2743 5011; x_wconf 80' lang='lat' dir='ltr'><strong>Decius</strong></span> <span class='ocrx_word' id='word_1_833' title='bbox 2777 4973 2874 5026; x_wconf 90' lang='lat' dir='ltr'><strong>pro</strong></span> <span class='ocrx_word' id='word_1_834' title='bbox 2907 4959 3108 5028; x_wconf 81' lang='lat' dir='ltr'><strong>Severo</strong></span> <span class='ocrx_word' id='word_1_835' title='bbox 3146 4957 3388 5028; x_wconf 80' lang='lat' dir='ltr'><strong>ponitur,</strong></span> <span class='ocrx_word' id='word_1_836' title='bbox 3421 4959 3482 5012; x_wconf 81' lang='lat' dir='ltr'><strong>et&#39;</strong></span> <span class='ocrx_word' id='word_1_837' title='bbox 3512 4958 3765 5028; x_wconf 83' lang='lat' dir='ltr'><strong>Origenis</strong></span> 
     </span>
    </p>
   </div>
   <div class='ocr_carea' id='block_1_116' title="bbox 2179 5026 3759 5099">
    <p class='ocr_par' dir='ltr' id='par_1_116' title="bbox 2179 5026 3759 5099">
     <span class='ocr_line' id='line_1_116' title="bbox 2179 5026 3759 5099; baseline 0.001 -17"><span class='ocrx_word' id='word_1_838' title='bbox 2179 5046 2324 5085; x_wconf 90' lang='lat' dir='ltr'><strong>mors</strong></span> <span class='ocrx_word' id='word_1_839' title='bbox 2374 5031 2516 5083; x_wconf 89' lang='lat' dir='ltr'><strong>ultra</strong></span> <span class='ocrx_word' id='word_1_840' title='bbox 2563 5029 2853 5094; x_wconf 87' lang='lat' dir='ltr'><strong>imperium</strong></span> <span class='ocrx_word' id='word_1_841' title='bbox 2893 5026 3030 5082; x_wconf 88' lang='lat' dir='ltr'><strong>Galli</strong></span> <span class='ocrx_word' id='word_1_842' title='bbox 3067 5038 3122 5082; x_wconf 93' lang='lat' dir='ltr'><strong>et</strong></span> <span class='ocrx_word' id='word_1_843' title='bbox 3168 5026 3442 5099; x_wconf 72' lang='lat' dir='ltr'><strong>Volusiani</strong></span> <span class='ocrx_word' id='word_1_844' title='bbox 3494 5026 3759 5099; x_wconf 83' lang='lat' dir='ltr'><strong>rejicitur.</strong></span> 
     </span>
    </p>
   </div>
   <div class='ocr_carea' id='block_1_117' title="bbox 2179 5097 3760 5167">
    <p class='ocr_par' dir='ltr' id='par_1_117' title="bbox 2179 5097 3760 5167">
     <span class='ocr_line' id='line_1_117' title="bbox 2179 5097 3760 5167; baseline 0.001 -14"><span class='ocrx_word' id='word_1_845' title='bbox 2179 5101 2332 5166; x_wconf 84' lang='lat' dir='ltr'><strong>Quod</strong></span> <span class='ocrx_word' id='word_1_846' title='bbox 2363 5110 2682 5167; x_wconf 87' lang='lat' dir='ltr'><strong>argumento</strong></span> <span class='ocrx_word' id='word_1_847' title='bbox 2709 5107 2791 5151; x_wconf 90' lang='lat' dir='ltr'><strong>est</strong></span> <span class='ocrx_word' id='word_1_848' title='bbox 2833 5112 2936 5151; x_wconf 87' lang='lat' dir='ltr'><strong>non</strong></span> <span class='ocrx_word' id='word_1_849' title='bbox 2983 5097 3310 5166; x_wconf 90' lang='lat' dir='ltr'><strong>imprudenti</strong></span> <span class='ocrx_word' id='word_1_850' title='bbox 3364 5097 3582 5152; x_wconf 83' lang='lat' dir='ltr'><strong>Decium</strong></span> <span class='ocrx_word' id='word_1_851' title='bbox 3619 5101 3760 5154; x_wconf 85' lang='lat' dir='ltr'><strong>irre-</strong></span> 
     </span>
    </p>
   </div>
   <div class='ocr_carea' id='block_1_118' title="bbox 2179 5168 3760 5239">
    <p class='ocr_par' dir='ltr' id='par_1_118' title="bbox 2179 5168 3760 5239">
     <span class='ocr_line' id='line_1_118' title="bbox 2179 5168 3760 5239; baseline -0.001 -17"><span class='ocrx_word' id='word_1_852' title='bbox 2179 5173 2353 5239; x_wconf 86' lang='lat' dir='ltr'><strong>psisse</strong></span> <span class='ocrx_word' id='word_1_853' title='bbox 2383 5185 2480 5239; x_wconf 88' lang='lat' dir='ltr'><strong>pro</strong></span> <span class='ocrx_word' id='word_1_854' title='bbox 2516 5168 2740 5230; x_wconf 83' lang='lat' dir='ltr'><strong>Severo,</strong></span> <span class='ocrx_word' id='word_1_855' title='bbox 2768 5169 2861 5220; x_wconf 87' lang='lat' dir='ltr'><strong>sed</strong></span> <span class='ocrx_word' id='word_1_856' title='bbox 2905 5169 2978 5221; x_wconf 88' lang='lat' dir='ltr'><strong>ita</strong></span> <span class='ocrx_word' id='word_1_857' title='bbox 3027 5170 3322 5222; x_wconf 82' lang='lat' dir='ltr'><strong>credidisse</strong></span> <span class='ocrx_word' id='word_1_858' title='bbox 3369 5169 3760 5238; x_wconf 80' lang='lat' dir='ltr'><strong>Epiplianiniu,</strong></span> 
     </span>
    </p>
   </div>
   <div class='ocr_carea' id='block_1_119' title="bbox 2178 5239 3757 5309">
    <p class='ocr_par' dir='ltr' id='par_1_119' title="bbox 2178 5239 3757 5309">
     <span class='ocr_line' id='line_1_119' title="bbox 2178 5239 3757 5309; baseline 0 -15"><span class='ocrx_word' id='word_1_859' title='bbox 2178 5243 2418 5309; x_wconf 89' lang='lat' dir='ltr'><strong>adeoque</strong></span> <span class='ocrx_word' id='word_1_860' title='bbox 2442 5241 2627 5292; x_wconf 88' lang='lat' dir='ltr'><strong>rudem</strong></span> <span class='ocrx_word' id='word_1_861' title='bbox 2644 5249 2698 5291; x_wconf 92' lang='lat' dir='ltr'><strong>et</strong></span> <span class='ocrx_word' id='word_1_862' title='bbox 2719 5241 3067 5309; x_wconf 73' lang='lat' dir='ltr'><strong>peregrinum</strong></span> <span class='ocrx_word' id='word_1_863' title='bbox 3093 5241 3143 5292; x_wconf 92' lang='lat' dir='ltr'><strong>in</strong></span> <span class='ocrx_word' id='word_1_864' title='bbox 3159 5239 3410 5308; x_wconf 88' lang='lat' dir='ltr'><strong>Origeuis</strong></span> <span class='ocrx_word' id='word_1_865' title='bbox 3427 5241 3534 5293; x_wconf 80' lang='lat' dir='ltr'><strong>vita</strong></span> <span class='ocrx_word' id='word_1_866' title='bbox 3557 5240 3757 5295; x_wconf 83' lang='lat' dir='ltr'><strong>fuisse:</strong></span> 
     </span>
    </p>
   </div>
   <div class='ocr_carea' id='block_1_120' title="bbox 2178 5306 3130 5380">
    <p class='ocr_par' dir='ltr' id='par_1_120' title="bbox 2178 5306 3130 5380">
     <span class='ocr_line' id='line_1_120' title="bbox 2178 5306 3130 5380; baseline 0 -18"><span class='ocrx_word' id='word_1_867' title='bbox 2178 5313 2320 5380; x_wconf 90' lang='lat' dir='ltr'><strong>quod</strong></span> <span class='ocrx_word' id='word_1_868' title='bbox 2334 5306 2486 5366; x_wconf 77' lang='lat' dir='ltr'><strong>infra</strong></span> <span class='ocrx_word' id='word_1_869' title='bbox 2516 5306 2731 5380; x_wconf 74' lang='lat' dir='ltr'><strong>fatetur</strong></span> <span class='ocrx_word' id='word_1_870' title='bbox 2748 5311 2861 5377; x_wconf 89' lang='lat' dir='ltr'><strong>ipse</strong></span> <span class='ocrx_word' id='word_1_871' title='bbox 2885 5306 3130 5380; x_wconf 72' lang='lat' dir='ltr'><strong>l‘lnetius.</strong></span> 
     </span>
    </p>
   </div>
   <div class='ocr_carea' id='block_1_121' title="bbox 2249 5377 3758 5503">
    <p class='ocr_par' dir='ltr' id='par_1_121' title="bbox 2249 5377 3758 5503">
     <span class='ocr_line' id='line_1_121' title="bbox 2249 5377 3758 5503; baseline 0.002 -68"><span class='ocrx_word' id='word_1_872' title='bbox 2249 5381 2360 5453; x_wconf 82' lang='lat'>(65)</span> <span class='ocrx_word' id='word_1_873' title='bbox 2413 5381 2544 5503; x_wconf 50' lang='lat' dir='ltr'><strong>Aibr.</strong></span> <span class='ocrx_word' id='word_1_874' title='bbox 2585 5378 2758 5436; x_wconf 88' lang='lat' dir='ltr'><strong>Scult.</strong></span> <span class='ocrx_word' id='word_1_875' title='bbox 2810 5381 2863 5433; x_wconf 89' lang='lat' dir='ltr'><strong>in</strong></span> <span class='ocrx_word' id='word_1_876' title='bbox 2896 5377 3116 5432; x_wconf 80' lang='lat' dir='ltr'><strong>Medull.</strong></span> <span class='ocrx_word' id='word_1_877' title='bbox 3151 5380 3308 5434; x_wconf 82' lang='lat' dir='ltr'><strong>theol.</strong></span> <span class='ocrx_word' id='word_1_878' title='bbox 3353 5378 3612 5446; x_wconf 85' lang='lat' dir='ltr'><strong>Patrum,</strong></span> <span class='ocrx_word' id='word_1_879' title='bbox 3664 5381 3758 5438; x_wconf 86' lang='lat' dir='ltr'><strong>lib.</strong></span> 
     </span>
     <span class='ocr_line' id='line_1_122' title="bbox 2249 5469 2498 5503; baseline -0.004 0"><span class='ocrx_word' id='word_1_880' title='bbox 2249 5469 2409 5503; x_wconf 51' lang='grc' dir='ltr'><strong>λείη).</strong></span> <span class='ocrx_word' id='word_1_881' title='bbox 2486 5489 2498 5502; x_wconf 91' lang='grc'>.</span> 
     </span>
    </p>
   </div>
   <div class='ocr_carea' id='block_1_122' title="bbox 2177 5467 2498 5505">
    <p class='ocr_par' dir='ltr' id='par_1_122' title="bbox 2177 5467 2498 5505">
     <span class='ocr_line' id='line_1_123' title="bbox 2177 5467 2498 5505; baseline -0.009 0"><span class='ocrx_word' id='word_1_882' title='bbox 2177 5467 2252 5505; x_wconf 75' lang='lat' dir='ltr'><strong>Vl.</strong></span> <span class='ocrx_word' id='word_1_883' title='bbox 2287 5469 2409 5505; x_wconf 74' lang='lat'><strong>€30.</strong></span> <span class='ocrx_word' id='word_1_884' title='bbox 2447 5467 2470 5503; x_wconf 79' lang='grc' dir='ltr'><strong><em>Ἰ</em></strong></span> <span class='ocrx_word' id='word_1_885' title='bbox 2486 5489 2498 5502; x_wconf 93' lang='grc'>.</span> 
     </span>
    </p>
   </div>
   <div class='ocr_carea' id='block_1_123' title="bbox 2237 5469 3752 5593">
    <p class='ocr_par' dir='ltr' id='par_1_123' title="bbox 2237 5469 3752 5593">
     <span class='ocr_line' id='line_1_124' title="bbox 2237 5469 3752 5593; baseline -0.003 -17"><span class='ocrx_word' id='word_1_886' title='bbox 2237 5469 2541 5593; x_wconf 47' lang='grc' dir='ltr'><strong>’(66)ρῇᾗῆ</strong></span> <span class='ocrx_word' id='word_1_887' title='bbox 2573 5520 2730 5593; x_wconf 70' lang='lat' dir='ltr'><strong>habet</strong></span> <span class='ocrx_word' id='word_1_888' title='bbox 2763 5521 2989 5593; x_wconf 65' lang='lat' dir='ltr'><strong>scriptor</strong></span> <span class='ocrx_word' id='word_1_889' title='bbox 3038 5516 3172 5572; x_wconf 79' lang='lat' dir='ltr'><strong>Viue</strong></span> <span class='ocrx_word' id='word_1_890' title='bbox 3217 5520 3278 5575; x_wconf 89' lang='lat' dir='ltr'><strong>S.</strong></span> <span class='ocrx_word' id='word_1_891' title='bbox 3312 5517 3613 5593; x_wconf 77' lang='lat' dir='ltr'><strong>Pachumii.</strong></span> <span class='ocrx_word' id='word_1_892' title='bbox 3651 5521 3752 5575; x_wconf 88' lang='lat' dir='ltr'><strong>Ob-</strong></span> 
     </span>
    </p>
   </div>
   <div class='ocr_carea' id='block_1_124' title="bbox 2178 5589 3758 5646">
    <p class='ocr_par' dir='ltr' id='par_1_124' title="bbox 2178 5589 3758 5646">
     <span class='ocr_line' id='line_1_125' title="bbox 2178 5589 3758 5646; baseline 0 0"><span class='ocrx_word' id='word_1_893' title='bbox 2178 5589 2379 5646; x_wconf 81' lang='lat' dir='ltr'><strong>servari</strong></span> <span class='ocrx_word' id='word_1_894' title='bbox 2411 5593 2571 5645; x_wconf 87' lang='lat' dir='ltr'><strong>velim</strong></span> <span class='ocrx_word' id='word_1_895' title='bbox 2602 5593 2651 5643; x_wconf 87' lang='lat' dir='ltr'><strong>in</strong></span> <span class='ocrx_word' id='word_1_896' title='bbox 2693 5589 2807 5643; x_wconf 86' lang='lat' dir='ltr'><strong>Vita</strong></span> <span class='ocrx_word' id='word_1_897' title='bbox 2828 5590 2887 5645; x_wconf 91' lang='lat' dir='ltr'><strong>S.</strong></span> <span class='ocrx_word' id='word_1_898' title='bbox 2931 5589 3201 5643; x_wconf 80' lang='lat' dir='ltr'><strong>Pachomii</strong></span> <span class='ocrx_word' id='word_1_899' title='bbox 3229 5607 3256 5644; x_wconf 89' lang='lat' dir='ltr'><strong>a</strong></span> <span class='ocrx_word' id='word_1_900' title='bbox 3288 5593 3547 5646; x_wconf 83' lang='lat' dir='ltr'><strong>Bollando</strong></span> <span class='ocrx_word' id='word_1_901' title='bbox 3572 5592 3758 5646; x_wconf 82' lang='lat' dir='ltr'><strong>Latine</strong></span> 
     </span>
    </p>
   </div>
   <div class='ocr_carea' id='block_1_125' title="bbox 2177 5661 3525 5724">
    <p class='ocr_par' dir='ltr' id='par_1_125' title="bbox 2177 5661 3525 5724">
     <span class='ocr_line' id='line_1_126' title="bbox 2177 5661 3525 5724; baseline 0 -8"><span class='ocrx_word' id='word_1_902' title='bbox 2177 5665 2316 5716; x_wconf 89' lang='lat' dir='ltr'><strong>edita</strong></span> <span class='ocrx_word' id='word_1_903' title='bbox 2351 5663 2414 5716; x_wconf 73' lang='grc'><strong>14</strong></span> <span class='ocrx_word' id='word_1_904' title='bbox 2440 5662 2585 5724; x_wconf 86' lang='lat' dir='ltr'><strong>Maii,</strong></span> <span class='ocrx_word' id='word_1_905' title='bbox 2619 5661 2856 5714; x_wconf 65' lang='lat' dir='ltr'><strong>lleracla:</strong></span> <span class='ocrx_word' id='word_1_906' title='bbox 2885 5663 3214 5714; x_wconf 91' lang='lat' dir='ltr'><strong>mentionem</strong></span> <span class='ocrx_word' id='word_1_907' title='bbox 3245 5678 3350 5715; x_wconf 91' lang='lat' dir='ltr'><strong>non</strong></span> <span class='ocrx_word' id='word_1_908' title='bbox 3385 5678 3525 5716; x_wconf 80' lang='lat' dir='ltr'><strong>esse.</strong></span> 
     </span>
    </p>
   </div>
   <div class='ocr_carea' id='block_1_126' title="bbox 2248 5731 3756 5803">
    <p class='ocr_par' dir='ltr' id='par_1_126' title="bbox 2248 5731 3756 5803">
     <span class='ocr_line' id='line_1_127' title="bbox 2248 5731 3756 5803; baseline -0.001 -17"><span class='ocrx_word' id='word_1_909' title='bbox 2248 5734 2360 5802; x_wconf 80' lang='lat'>(67)</span> <span class='ocrx_word' id='word_1_910' title='bbox 2397 5732 2496 5787; x_wconf 81' lang='lat' dir='ltr'><strong>Vit.</strong></span> <span class='ocrx_word' id='word_1_911' title='bbox 2531 5732 2692 5803; x_wconf 73' lang='lat' dir='ltr'><strong>Parii.</strong></span> <span class='ocrx_word' id='word_1_912' title='bbox 2721 5732 2810 5785; x_wconf 85' lang='lat' dir='ltr'><strong>lib.</strong></span> <span class='ocrx_word' id='word_1_913' title='bbox 2848 5747 2884 5793; x_wconf 85' lang='grc' dir='ltr'>ι,</span> <span class='ocrx_word' id='word_1_914' title='bbox 2911 5746 2964 5800; x_wconf 93' lang='lat' dir='ltr'><strong>p.</strong></span> <span class='ocrx_word' id='word_1_915' title='bbox 2996 5731 3099 5786; x_wconf 70' lang='grc'><strong>125</strong></span> <span class='ocrx_word' id='word_1_916' title='bbox 3117 5732 3269 5799; x_wconf 82' lang='lat' dir='ltr'><strong>Boll.,</strong></span> <span class='ocrx_word' id='word_1_917' title='bbox 3302 5750 3389 5787; x_wconf 80' lang='lat' dir='ltr'><strong>xrv</strong></span> <span class='ocrx_word' id='word_1_918' title='bbox 3421 5732 3569 5798; x_wconf 83' lang='lat' dir='ltr'><strong>Mai.,</strong></span> <span class='ocrx_word' id='word_1_919' title='bbox 3602 5732 3712 5803; x_wconf 70' lang='lat' dir='ltr'><strong>§2l</strong></span> <span class='ocrx_word' id='word_1_920' title='bbox 3742 5748 3756 5798; x_wconf 93' lang='lat'>;</span> 
     </span>
    </p>
   </div>
   <div class='ocr_carea' id='block_1_127' title="bbox 2179 5802 2953 5872">
    <p class='ocr_par' dir='ltr' id='par_1_127' title="bbox 2179 5802 2953 5872">
     <span class='ocr_line' id='line_1_128' title="bbox 2179 5802 2953 5872; baseline -0.004 -15"><span class='ocrx_word' id='word_1_921' title='bbox 2179 5803 2382 5860; x_wconf 78' lang='lat' dir='ltr'><strong>Coltt’tl.</strong></span> <span class='ocrx_word' id='word_1_922' title='bbox 2417 5816 2543 5859; x_wconf 88' lang='lat' dir='ltr'><strong>tom.</strong></span> <span class='ocrx_word' id='word_1_923' title='bbox 2581 5802 2640 5868; x_wconf 82' lang='lat' dir='ltr'><strong>V,</strong></span> <span class='ocrx_word' id='word_1_924' title='bbox 2675 5818 2793 5872; x_wconf 79' lang='lat' dir='ltr'><strong>pag.</strong></span> <span class='ocrx_word' id='word_1_925' title='bbox 2829 5804 2953 5857; x_wconf 75' lang='lat'>660.</span> 
     </span>
    </p>
   </div>
  </div>
