4162 6442
434 426 541 482 669

1495 428 2072 488 ORIGENIANORUM
2113 433 2241 488 LIB.
2283 435 2324 498 1,
2363 433 2514 489 CAP.
2557 431 2622 489 Il.

3581 431 3684 486 670

432 540 810 608 episcoporum
825 541 1066 613 Egypti,
1090 542 1244 611 cujus
1278 544 1642 614 fragmentum
1669 550 1824 606 all‘ert
1849 551 2013 607 Justi-
2044 558 2088 613 A
2115 554 2428 622 gnationem
2460 568 2489 606 a
2516 553 2792 607 Demetrio
2825 553 3037 609 litteras
3066 555 3266 622 scripta
3292 568 3355 607 ea
3389 565 3550 621 quam
3577 551 3685 605 dixi

434 632 631 685 nianus
665 633 716 686 in
746 635 973 701 epistola
997 636 1066 689 ad
1089 635 1322 690 Menam.
1350 637 1522 692 Verba
1557 642 1670 695 haec
1699 654 1850 696 sunt:
1885 646 2007 716 Ἀρ-

431 721 663 792 ξαμένου
684 723 793 794 γὰρ
809 725 973 777 αὑτοῦ
991 725 1340 798 βλασφήμους
1366 730 1580 801 ὁμιλίας
1597 734 1824 803 ὁμιλεῖν,
1843 738 1870 788 ὁ
1886 739 2006 789 κατ’

430 814 606 866 ἐκεῖνο
640 817 946 888 μακαρίτης
981 819 1253 888 Ἡρακλᾶς
1301 823 1330 872 ὁ
1363 823 1675 889 ἐπίσκοπος,
1703 827 1777 890 ὡς
1802 829 2004 900 ἀροτὴρ

429 908 524 961 καὶ
551 908 933 991 ᾁμττελουργὸς
965 911 1262 983 φιλαλήθης
1287 913 1382 966 τοῦ
1411 916 1509 984 τῆς
1546 917 1873 988 Ἐκκλησίας
1895 939 2003 991 χω-

430 987 872 1070 ρίου’τυγχὰνων,
898 1003 962 1054 ἐκ
993 1001 1158 1072 μέσου
1197 1003 1288 1056 τοῦ
1322 1006 1489 1059 καλοῦ
1523 1008 1664 1061 σίτου
1698 1011 1882 1064 τοῦτον
1919 1013 2006 1079 ἑξ-

427 1088 741 1155 έτιλεν,.ὠς
773 1093 867 1146 τοῦ
898 1094 1133 1165 πονηροῦ
1169 1094 1404 1159 ζιζανίου
1438 1100 1564 1154 ὄντα
1601 1102 1832 1174 ἀληθῶς.
1873 1104 2005 1159 Cum

427 1184 564 1236 enim
590 1185 778 1252 impias
807 1189 1072 1241 orationes
1112 1188 1304 1244 habere
1336 1195 1590 1260 coepisset,
1616 1195 1781 1249 beata:
1808 1214 2005 1253 memo-

427 1272 523 1326 ria:
561 1273 822 1330 Heraclas
862 1280 1152 1349 episcopus,
1195 1285 1286 1348 qui
1323 1295 1448 1339 tunc
1476 1288 1720 1355 ﬂorebat,
1749 1299 2002 1360 tanquam

426 1375 609 1420 arator
645 1376 695 1423 et
715 1371 910 1424 vinitor
944 1374 1176 1428 veritatis
1205 1378 1474 1431 studiosus
1499 1379 1840 1434 ecclesiastici
1863 1385 1999 1451 agri,

425 1473 542 1512 eum
574 1477 601 1514 e
626 1462 797 1515 medio
827 1463 1062 1532 pulchra:
1085 1469 1288 1535 segetis,
1338 1470 1415 1523 sic
1455 1481 1706 1541 tanquam
1741 1490 1858 1527 vere
1883 1491 2000 1528 ma-

425 1551 530 1603 lam
556 1553 818 1608 zizaniam
843 1557 1034 1613 evellit.
1060 1557 1267 1625 Quibus
1291 1562 1393 1616 alia
1423 1579 1588 1618 causa
1621 1579 1721 1619 cur
1746 1566 2000 1634 expulsus

424 1644 588 1699 fuerit
612 1644 872 1715 Origenes
899 1661 1096 1719 praeter
1124 1654 1434 1721 superiores
1477 1654 1722 1710 affertur.
1759 1657 1870 1729 (68)
1905 1659 2001 1712 Est

423 1737 598 1792 simile
627 1741 904 1810 quidpiam
946 1744 1087 1813 apud
1133 1744 1354 1801 Petrum
1410 1747 1836 1802 Alexandrinum
1878 1751 1992 1818 epi-

421 1845 640 1900 scopum
691 1835 744 1889 in
793 1834 1156 1908 Mystagogia,
1193 1837 1349 1906 cujus
1407 1840 1730 1907 particulam
1782 1857 1996 1911 quoque

421 1927 614 1979 recitat
644 1923 978 1985 Justiniauus
1012 1933 1063 1983 in
1098 1934 1284 1986 eadem
1308 1933 1531 2002 epistola
1560 1948 1575 1985 :
1623 1935 1686 1985 Τί
1730 1934 1786 1987 δὲ
1834 1935 1993 1999 εἴπω,

421 2017 630 2086 inquit,
685 2019 958 2090 Ἡρακλειν
998 2023 1090 2076 καὶ
1148 2025 1461 2096 Δημήτριον
1510 2025 1636 2090 τοὺς
1694 2029 1995 2098 μακαρίους

417 2109 748 2174 ἐπισκόπους
779 2129 792 2176 ;
839 2114 986 2177 οἵους
1018 2118 1358 2186 πειρασμοὺς
1405 2117 1718 2189 ὑπέστησαν
1766 2119 1871 2172 ὑπὸ
1901 2118 1993 2173 τοῦ

421 2199 679 2272 μανέντος
724 2203 1049 2274 Ὠριγένους,
1092 2209 1184 2260 καὶ
1215 2207 1378 2260 αὐτοῦ
1409 2209 1685 2278 σχίσματα
1709 2209 1994 2280 βάλλοντος

417 2298 474 2348 ὲν
489 2299 554 2368 τῇ
575 2297 890 2371 Ἐκκλησία,
921 2301 988 2354 τὰ
1012 2301 1116 2364 ἓως
1148 2303 1386 2372 σήμερον
1416 2305 1661 2374 ταραχὰς
1689 2305 1824 2376 αὐτῇ
1852 2305 1994 2374 ἐγεί-

421 2403 617 2456 ραντα·
661 2388 800 2453 Quid
841 2401 1020 2444 outem
1063 2393 1236 2445 dicam
1268 2392 1553 2447 Heraclam
1596 2405 1642 2448 et
1674 2395 1993 2450 Demetrium

417 2478 592 2531 beatos
627 2481 897 2548 episcopos
936 2482 960 2534 ?
991 2481 1186 2547 Quales
1219 2485 1528 2540 tentationes
1561 2486 1624 2539 ab
1649 2488 1838 2541 insano
1870 2487 1995 2540 Ori-

415 2585 540 2638 gene
554 2571 699 2635 passi
718 2581 861 2636 sunt,
877 2587 992 2626 cum
1007 2584 1054 2627 et
1076 2575 1297 2628 dissidia
1321 2585 1511 2630 sereret
1530 2577 1582 2630 in
1604 2574 1857 2640 Ecclesia,
1877 2595 1993 2646 qua:

415 2661 484 2712 ad
513 2662 647 2716 hanc
677 2679 838 2734 usque
867 2665 1002 2718 diem
1042 2665 1220 2717 turbas
1249 2666 1305 2719 in
1346 2682 1407 2719 ea
1446 2666 1744 2719 excitarunt
1771 2665 1796 2717 .9
1828 2666 1992 2719 Deni-

413 2768 519 2823 que
539 2754 822 2822 Eusebius,
851 2765 908 2810 ut
937 2757 1050 2826 jam
1086 2773 1115 2809 a
1142 2773 1227 2812 me
1257 2767 1500 2812 notatum
1531 2765 1634 2821 est,
1656 2758 1707 2810 in
1733 2756 1991 2811 Chronico

416 2847 703 2918 Origenem
731 2849 1008 2904 exsulasse
1039 2851 1190 2921 ﬁngit
1215 2889 1232 2917 ,
1262 2851 1480 2906 biennio
1540 2860 1824 2920 postquam
1870 2851 1987 2918 epi-

413 2958 610 3012 scopus
663 2953 880 2998 creatus
919 2953 1004 2999 est
1059 2944 1337 3000 Ileraelas.
1380 2943 1492 3014 (69)
1518 2945 1700 3000 Facile
1742 2944 1989 3014 equidem

411 3036 664 3090 existimo
697 3035 952 3091 Demetrii
987 3036 1250 3090 adversus
1290 3035 1576 3105 Origenem
1609 3038 1829 3091 decreto
1861 3039 1992 3092 asti-

413 3127 651 3196 pulatum
697 3126 862 3182 fuisse
909 3125 1190 3181 Hcraclam
1233 3127 1414 3180 adhuc
1464 3127 1882 3198 presbyterum,
1936 3135 1990 3183 et

414 3217 571 3274 simul
606 3227 664 3273 ut
708 3220 1080 3290 episc0patum
1129 3218 1354 3286 adeptus
1392 3227 1475 3272 est
1501 3256 1516 3282 ,
1559 3218 1860 3274 decessoris
1907 3219 1986 3273 sui
2016 3259 2058 3317 c

414 3313 766 3369 confirmasse
807 3313 1066 3376 edictum,
1095 3322 1150 3366 et
1190 3312 1479 3381 quominus
1518 3313 1902 3368 restitueretur
1935 3315 1985 3368 in

411 3402 682 3472 integrum
709 3401 972 3470 Origenes
1011 3401 1393 3470 impedivisse:
1428 3402 1504 3454 ait
1535 3401 1732 3471 quippe
1763 3401 1987 3457 Photius

410 3495 533 3550 cod.
568 3493 711 3557 118,
760 3494 938 3547 edicto
973 3491 1232 3546 Demetrii
1281 3493 1673 3561 subscripsisse
1719 3503 1986 3563 quotquot

410 3587 511 3654 ipsi
531 3584 753 3656 Origeui
779 3593 939 3639 antea
962 3583 1242 3654 suﬂ'ragati
1271 3583 1508 3638 fuerant.
1539 3584 1735 3639 Verum
1765 3600 1985 3653 persua-

409 3677 523 3730 deri
561 3692 666 3729 non
696 3689 912 3744 possum
946 3673 1057 3741 jam
1095 3683 1206 3727 tum
1234 3674 1433 3735 obiisse
1480 3676 1830 3741 Demetrium,
1861 3693 1983 3730 cum

406 3766 739 3821 Alexandria
774 3765 1018 3834 dejectus
1042 3775 1126 3819 est
1153 3764 1432 3835 Origenes,
1467 3777 1520 3820 et
1546 3781 1645 3821 cur
1676 3769 1988 3836 expellere-

410 3868 499 3912 tur
527 3866 803 3912 auctorem
851 3855 1021 3912 fuisse
1063 3855 1344 3911 Heraclam
1371 3897 1386 3919 ,
1425 3867 1616 3911 contra
1661 3858 1983 3913 Eusebiante

410 3947 665 4003 Historia:
697 3948 1164 4013 testificationem,
1199 3958 1253 4002 et
1295 3947 1606 4017 Hieronymi
1634 3948 1760 4003 libr.
1794 3965 1828 4003 ιι
1861 3951 1978 4003 adv.

407 4039 587 4111 Rufin.
615 4082 630 4108 ,
661 4056 781 4111 cap.
821 4041 854 4094 5
881 4081 896 4105 ,
947 4051 1002 4097 et
1052 4042 1222 4110 ipsius
1271 4042 1433 4095 etiam
1477 4042 1728 4112 Origenis
1753 4085 1766 4108 ,
1800 4045 1888 4112 qui
1930 4045 1982 4098 in

407 4134 627 4202 epistola
656 4137 721 4189 ad
747 4135 952 4189 amicos
972 4133 1374 4188 Alexandrinos
1393 4143 1517 4203 post
1539 4134 1792 4188 exsilium
1813 4135 1982 4204 ipsius

406 4229 608 4296 scripta
631 4266 647 4293 ,
679 4228 1010 4282 Demetrium
1044 4227 1292 4297 aliosque
1335 4226 1625 4282 adversum
1657 4243 1714 4284 se
1747 4242 1981 4284 consen-

408 4319 604 4374 tientes
630 4319 930 4374 ulciscitur.

479 4409 619 4466 XVI.
654 4411 770 4484 (70)
807 4411 1100 4482 Postquam
1153 4427 1220 4467 ex
1271 4411 1378 4467 hoc
1410 4413 1637 4468 tumultu
1675 4413 1980 4471 Cmsaream

404 4517 525 4558 sese
548 4506 753 4574 recepit
779 4504 1062 4574 Origenes,
1088 4505 1245 4560 famae
1265 4521 1376 4561 suae
1405 4516 1481 4561 tot
1502 4507 1792 4563 calumniis
1812 4523 1950 4578 appe
1965 4537 1982 4549 ο

404 4598 516 4652 titte
544 4597 836 4666 consuluit,
870 4607 926 4653 et
978 4600 1275 4655 submissas
1333 4601 1388 4655 in
1427 4602 1662 4657 nominis
1691 4602 1774 4658 sui
1805 4617 1977 4672 oppu-

2113 649 2180 700 ad
2211 648 2415 701 amicos
2454 647 2715 714 quosdam
2757 661 2884 699 suos
2914 646 3296 700 Alexandriam
3346 643 3574 714 epistola
3603 644 3686 695 Iu-

2108 738 2352 794 culenter
2386 740 2707 794 confutavit.
2747 739 2800 792 In
2840 753 2944 806 qua
2984 739 3194 793 etiamsi
3221 738 3522 792 maledictis
3554 737 3681 790 abs-

2109 831 2281 884 tinere
2327 846 2386 886 se
2436 831 2574 885 velle
2615 830 2873 893 declarat,
2945 845 3137 898 aspere
3193 839 3372 885 tamen
3401 839 3456 884 et
3484 828 3683 883 acerbe

2108 922 2463 987 Demetrium,
2496 925 2654 991 eique
2697 923 3097 978 consentientes
3141 925 3424 978 adversum
3467 937 3526 976 se
3569 919 3682 988 epi-

2107 1025 2301 1080 scopos
2351 1012 2688 1080 perstringit,
2739 1019 2793 1064 et
2840 1009 3040 1062 illatam
3075 1010 3172 1064 sibi
3230 1008 3676 1076 injuriam,.inlli-

2107 1117 2330 1174 ctosque
2363 1105 2850 1159 anathematismos
2887 1101 3104 1157 refellit.
3141 1101 3249 1155 Nec
3278 1103 3454 1155 minus
3477 1101 3547 1156 ob
3579 1101 3677 1156 De-

2110 1196 2290 1250 metrii
2343 1195 2564 1248 decreta
2601 1203 2654 1248 et
2699 1193 3100 1247 Alexandrinas
3133 1192 3369 1262 synodos
3423 1189 3679 1244 ecclesia-

2106 1286 2260 1339 sticis
2296 1284 2498 1337 muniis
2529 1283 2814 1338 defunctus
2852 1292 2966 1346 est;
3001 1282 3232 1335 docebat
3275 1279 3510 1350 publice,
3545 1288 3598 1334 et
3623 1280 3675 1332 iu

2102 1377 2328 1432 ecclesia
2390 1377 2456 1430 de
2516 1378 2680 1431 rebus
2727 1377 2902 1430 sacris
2944 1375 3013 1428 ad
3055 1375 3305 1443 populum
3338 1374 3670 1435 disserebat;

2102 1478 2265 1538 atque
2292 1469 2408 1522 haec
2441 1483 2547 1522 non
2577 1467 2930 1522 Ctesariensis
2961 1466 3198 1534 episcopi
3232 1466 3409 1530 modo,
3437 1474 3490 1519 et
3522 1463 3680 1520 Jero-

2102 1560 2414 1631 solymitani
2454 1560 2747 1629 permissu,
2786 1559 2879 1613 sed
2907 1559 3060 1625 jussu
3097 1558 3294 1622 etiam;
3326 1558 3415 1624 qui
3445 1557 3511 1612 ad
3533 1557 3678 1611 hunc

2103 1668 2265 1708 unum
2296 1652 2594 1722 Scriptura:
2625 1666 2796 1704 sacrae
2829 1649 3249 1715 interpretanda:
3281 1664 3476 1702 munus
3521 1650 3676 1702 detu-

2099 1743 2302 1798 lerunt.
2337 1744 2471 1798 Cum
2508 1743 2650 1797 enim
2693 1746 2744 1797 in
2793 1743 2911 1812 ejus
2956 1758 3118 1799 causa
3154 1744 3318 1797 varia:
3369 1751 3550 1797 essent
3587 1758 3677 1794 va-

2102 1837 2309 1891 riorum
2341 1836 2647 1900 sententiae,
2675 1837 2917 1904 duasque
2945 1836 3090 1890 velut
3122 1836 3173 1889 in
3205 1845 3388 1906 partes
3423 1838 3675 1890 universa

2029 1909 2071 1963 Β
2099 1927 2324 1982 abiisset
2346 1927 2592 1981 Ecclesia
2613 1967 2628 1990 ,
2657 1926 2886 1981 infensis
2915 1925 3142 1995 reliquis
3175 1925 3534 1994 patrocinium
3561 1925 3677 1989 ejus

2096 2036 2159 2075 ac
2221 2020 2586 2075 defensionem
2646 2020 2976 2085 Palaestina,
3037 2018 3310 2075 Phtnnicia
3375 2027 3429 2072 et
3473 2018 3672 2071 Arabia

2096 2121 2454 2181 susceperunt
2486 2127 2754 2180 :quarum
2786 2103 3114 2165 auctoritate
3135 2112 3304 2166 fretus
3339 2126 3458 2165 sese
3491 2125 3676 2165 sacer-

2095 2203 2242 2256 dotio
2283 2220 2346 2258 ac
2384 2204 2644 2258 Ecclesize
2705 2203 3095 2260 communione
3134 2203 3403 2258 excidisse
3453 2203 3676 2256 minime

2097 2305 2250 2350 ratus
2285 2305 2390 2360 est,
2415 2305 2469 2350 et
2499 2296 2642 2350 inter
2666 2309 2759 2350 eas
2794 2295 3023 2365 gradum
3058 2311 3218 2352 suum
3254 2309 3316 2348 ac
3349 2293 3673 2364 dignitatem

2094 2386 2345 2442 obtinuit.

2169 2476 2332 2535 XVII.
2363 2476 2758 2548 Jerosolymam
2791 2492 3009 2548 quoque
3055 2478 3245 2533 iisdem
3283 2477 3504 2532 circiter
3537 2488 3674 2530 tem-

2095 2572 2315 2638 poribus
2353 2570 2505 2633 adiit,
2539 2571 2742 2625 Christi
2789 2569 3272 2639 apostolorumque
3329 2572 3546 2622 visurus
3579 2583 3672 2622 ve-

2094 2663 2274 2733 Stigia.
2313 2662 2427 2733 (7I)
2452 2663 2524 2717 Ibi
2561 2663 2910 2718 vehementer
2933 2662 3001 2716 ab
3029 2676 3094 2716 eo
3134 2662 3288 2730 petiit
3324 2663 3670 2716 sacerdotum

2094 2754 2378 2823 collegium
2406 2755 2542 2824 (72),
2575 2764 2635 2808 ιιι
2680 2755 2732 2808 in
2767 2755 2999 2809 ecclesia
3047 2754 3208 2808 verba
3246 2753 3485 2817 faceret;
3523 2767 3673 2805 cum-

2093 2861 2198 2916 que
2226 2847 2334 2899 vim
2378 2850 2444 2900 ad
2478 2847 2876 2915 impetrandum
2911 2845 3298 2914 propemodum
3342 2844 3670 2899 adhilmrent

2093 2941 2187 3008 qui
2226 2948 2498 3008 praeerant
2548 2940 2743 3006 sacris,
2777 2954 3069 3006 assurgens
3110 2941 3201 2994 ille
3227 2948 3504 3006 assumpto
3531 2937 3672 2990 libro

2095 3031 2234 3086 unde
2286 3031 2388 3085 sibi
2434 3040 2809 3100 argumentum
2859 3032 3137 3103 deligeret,
3175 3035 3226 3087 in
3281 3033 3425 3085 hunc
3472 3030 3672 3100 epsal-

2095 3138 2180 3177 mo
2213 3139 2364 3186 χιιι,
2415 3137 2630 3177 versum
2678 3123 2819 3179 forte
2879 3124 3070 3178 incidit
3112 3145 3126 3180 :
3166 3124 3438 3178 Peccatori
3493 3134 3670 3176 autent

2093 3215 2228 3269 dixit
2266 3215 2451 3271 Deus:
2477 3215 2655 3280 Quare
2681 3225 2737 3268 tu
2763 3232 2984 3269 enarra:
3006 3217 3251 3286 justitias
3283 3232 3448 3278 meas,
3482 3224 3531 3268 et
3575 3231 3672 3268 as-

2089 3309 2254 3361 sumis
2284 3317 2658 3361 testamentum
2690 3324 2860 3362 meum
2912 3325 3004 3376 per
3049 3325 3108 3362 os
3156 3309 3349 3362 tuum?
3376 3308 3492 3372 Quo
3532 3308 3671 3360 reci-

2089 3410 2224 3466 tato,
2255 3401 2416 3470 quasi
2454 3417 2549 3456 sua
2582 3401 2686 3456 sibi
2735 3416 2765 3454 a
2813 3401 2924 3455 Deo
2950 3401 3174 3470 perfidia
3221 3401 3668 3470 exprobraretur,

2089 3493 2140 3546 in
2175 3502 2354 3547 tantos
2386 3493 2564 3547 luctus
2611 3492 2824 3558 incidit,
2855 3501 2914 3545 ut
2947 3493 3256 3547 astantibus
3289 3491 3556 3546 universis
3591 3491 3670 3542 la-

2087 3599 2302 3654 crymas
2328 3593 2627 3639 excuteret.
2671 3584 2806 3638 Cum
2841 3599 2972 3638 vero
3010 3598 3070 3639 se
3119 3584 3412 3653 aliquando
3439 3581 3666 3647 Christi,

2087 3675 2570 3746 apostolorumque
2592 3678 2960 3746 perlustrasse
2991 3677 3218 3747 vestigia
3250 3675 3664 3746 signiﬁcaverit,

2089 3777 2220 3822 tom.
2259 3785 2307 3823 VI
2359 3770 2417 3823 in
2470 3770 2661 3834 Joan.,
2693 3785 2840 3824 num.
2875 3769 2969 3832 24,
3006 3785 3130 3839 pag.
3169 3768 3296 3832 MO,
3333 3769 3417 3822 his
3461 3777 3668 3836 tempo-

2087 3863 2239 3917 ribus
2266 3864 2317 3917 id
2343 3863 2506 3917 tribni
2530 3879 2689 3933 posse
2718 3877 3024 3919 censemus.
3050 3864 3175 3918 Inde
3201 3878 3332 3919 vero
3363 3879 3467 3918 non
3497 3863 3667 3917 multo

2084 3966 2206 4026 post
2233 3957 2509 4026 digressus
2529 3965 2632 4009 est.

2157 4049 2342 4104 XVIII.
2379 4049 2581 4104 Scribit
2611 4047 2948 4120 Epiphanius
2983 4049 3114 4104 hazr.
3145 4047 3237 4115 64,
3273 4065 3392 4119 cap.
3420 4049 3474 4116 3,
3505 4059 3559 4104 et
3588 4048 3667 4104 De

2081 4143 2243 4211 pond.
2277 4153 2323 4196 et
2360 4159 2550 4208 mens.,
2590 4157 2719 4212 cap.
2757 4143 2845 4207 18,
2877 4141 3083 4213 Tyrum
3115 4143 3454 4197 concessisse
3490 4143 3664 4211 ipsum

2084 4243 2208 4302 post
2251 4233 2770 4304 Jerosolymitanum
2801 4235 2922 4297 iter,
2953 4243 3122 4303 atque
3161 4234 3240 4288 ibi
3269 4249 3364 4302 per
3395 4248 3667 4286 annorum

2083 4337 2206 4383 octo
2237 4337 2291 4381 et
2324 4327 2516 4395 viginti
2561 4327 2852 4380 decursum
2909 4326 2960 4378 in
3025 4326 3468 4394 interpretandis,
3513 4325 3667 4391 juxta

2083 4419 2357 4474 Ambrosii
2407 4417 2705 4488 postulata,
2758 4417 3061 4486 Scripturis
3104 4419 3273 4470 otium
3325 4431 3481 4470 suum
3530 4431 3666 4471 con-

2083 4512 2404 4582 sumpsisse.
2443 4511 2687 4565 Dicerem
2745 4521 3064 4580 corruptum
3119 4525 3148 4564 a
3196 4509 3439 4564 librariis
3489 4524 3668 4562 nume-

2084 4616 2226 4666 rum,
2260 4601 2362 4655 nisi
2400 4600 2611 4656 duobus
2645 4600 2784 4668 apud
2811 4599 3175 4669 Epiphanium
3204 4600 3338 4654 locis
3375 4599 3668 4653 haberetur

470 4827 582 4899 (68)
610 4826 926 4900 Gombelis.,
953 4828 1067 4882 Act.
1097 4828 1158 4883 V.
1196 4829 1338 4884 Petr.
1371 4846 1424 4900 p.
1448 4830 1591 4897 ‘205;
1625 4830 1827 4884 Concil.
1849 4839 1980 4884 tom.
2015 4825 2060 4880 D
2092 4829 2425 4900 Demetriani
2453 4829 2666 4885 concilii
2704 4830 2844 4883 actis
2867 4830 3278 4897 subscripsisse.
3302 4829 3462 4884 Certe
3477 4831 3665 4886 nullihi

400 4896 466 4963 V,
482 4896 618 4963 'pag.
652 4899 778 4954 659..

517 4916 560 4951 ia
606 4940 618 4951 .
652 4916 778 4954 ουκ.

476 4916 599 5040 (ἱὶθξ
623 4968 809 5022 Facile
855 4969 1092 5038 equidem
1148 4972 1390 5024 existimo
1449 4971 1698 5025 Demetrii
1731 4972 1983 5024 adversus

406 5039 684 5108 Origenem
722 5041 931 5094 decreto
973 5040 1320 5106 astipulatum
1349 5041 1513 5109 fuisse
1539 5041 1848 5104 Heraclam,
1874 5051 1982 5095 etc.

400 5110 455 5163 ld
490 5119 548 5162 ut
575 5112 823 5164 crederet
851 5111 1078 5164 lluetius
1105 5111 1370 5164 adductus
1410 5121 1492 5164 est
1539 5111 1678 5163 male
1712 5111 1984 5167 intellecto

400 5180 502 5231 hoc
535 5179 711 5233 Photii
748 5181 864 5234 loco
897 5181 1019 5234 cod.
1056 5180 1157 5233 “8
1184 5198 1201 5251 εν
1243 5180 1368 5234 Ἀλλ
1398 5181 1490 5250 ὅγε
1521 5182 1832 5250 Δημήτριος
1866 5183 1981 5251 ἅμα

399 5251 568 5322 τισὶν
600 5251 918 5322 ἐπισκόποις
973 5250 1320 5322 Αἰγυπτίοις,
1373 5251 1468 5304 καὶ
1523 5253 1622 5322 τῆς
1686 5250 1983 5322 ἱερωσύνης

400 5319 733 5391 ἀπεκήρυξε,
764 5321 1292 5392 συνυπογραψάντων
1323 5322 1526 5392 καὶητῇ
1575 5319 1846 5390 ἀποφάσει
1875 5319 1981 5374 τῶν

403 5391 912 5462 συμψήφωνίαὺτῷ
948 5392 1351 5462 γεγενημένοινς
1423 5391 1614 5446 Verum
1681 5394 1977 5447 Demetrius

403 5475 510 5512 una
541 5478 657 5513 cum
700 5461 922 5531 ngypti
955 5461 1211 5529 episcopis
1250 5463 1478 5530 aliquot,
1517 5463 1812 5516 sacerdotio
1855 5479 1980 5532 quo-

401 5547 500 5598 que
546 5532 699 5585 illum
747 5534 1062 5601 abjudicat,
1101 5531 1544 5585 subscribentibus
1594 5533 1756 5585 etiam
1804 5535 1974 5586 edicto

401 5601 548 5664 huic,
574 5613 822 5670 quotquot
861 5613 1014 5656 antea
1041 5602 1329 5671 su/fragati
1355 5602 1403 5654 ei
1438 5601 1682 5668 fuissent.
1714 5602 1768 5653 In
1803 5618 1868 5655 eo
1913 5617 1973 5656 se

403 5673 577 5741 decipi
612 5687 804 5740 passus
841 5683 944 5735 est,
973 5678 1114 5739 quod
1166 5670 1352 5725 vocem
1405 5670 1553 5741 αὑτῷ
1583 5673 1650 5724 ad
1679 5672 1969 5741 Origenem

401 5740 631 5803 deferat,
653 5757 775 5795 cum
805 5744 870 5795 ad
904 5742 1231 5796 Demetrium
1261 5740 1541 5795 referenda
1570 5742 1661 5795 sit.
1683 5740 1795 5794 Hoc
1826 5743 1969 5794 enim

402 5825 566 5862 unum
621 5814 697 5864 ait
755 5812 998 5874 Photius,
1048 5821 1312 5880 quotquot
1365 5812 1560 5879 prioris
1608 5811 1966 5864 Deinctriame

399 5881 588 5948 synodi
642 5883 862 5939 decreto
903 5882 1363 5951 subscripserunt,
1395 5881 1610 5937 eosdem
1649 5882 1963 5949 posterioris

2093 4901 2233 4964 apud
2289 4899 2672 4972 Hieronymum
2721 4900 2947 4972 legimus
2995 4900 3325 4972 abiHeracla
3375 4903 3665 4971 quidquam

2093 4978 2278 5024 contra
2311 4970 2604 5040 Origeuem
2637 4970 2818 5025 actum
2853 4970 3034 5025 fuisse.
3066 4971 3262 5038 Ecquis
3288 4973 3430 5024 enim
3469 4970 3667 5026 id"crc-

2092 5040 2185 5092 dat
2213 5042 2279 5094 de
2310 5039 2560 5105 Heracla,
2591 5057 2752 5112 quem
2807 5040 3070 5111 Origenes
3128 5057 3223 5108 per
3277 5042 3493 5108 triginta
3556 5043 3668 5095 fere

2093 5125 2266 5181 annos
2297 5112 2619 5181 discipulum
2655 5112 2917 5165 habuerat
2957 5130 2969 5164 :
3005 5113 3090 5166 cui
3126 5112 3455 5164 Alexandria
3499 5113 3670 5165 disce-

2094 5180 2225 5250 dens
2254 5180 2600 5236 catecheticaa
2633 5183 2832 5235 schola:
2871 5197 3067 5235 munus
3117 5181 3354 5248 reliquit,
3392 5191 3445 5233 et
3474 5184 3562 5250 qui
3593 5182 3666 5233 si-

2094 5249 2714 5376 biltle'lipSi?Sllbl'033Vil
2746 5252 3058 5323 Dionysium
3112 5250 3362 5318 Origenis
3397 5249 3560 5304 etiam
3586 5251 3668 5304 di-

2094 5333 2236 5376 scmu
2264 5337 2349 5373 um

2089 5333 2349 5388 setpulum

2164 5391 2280 5463 (70)
2319 5389 2604 5462 Postquam
2656 5407 2720 5444 ea:
2777 5393 2873 5443 hoc
2937 5389 3525 5463 tumulluﬁmsaream,
3550 5399 3655 5463 etc.

2088 5459 2242 5526 Quod
2280 5469 2392 5515 toto
2448 5459 2500 5515 in
2569 5464 2735 5516 hocce
2788 5462 3016 5513 articulo
3061 5463 3137 5513 ait
3169 5461 3414 5519 Huctins,
3445 5460 3664 5512 minimc

2085 5542 2236 5585 certe
2284 5532 2525 5586 cohaeret
2558 5547 2683 5586 cum
2716 5531 2968 5600 Origenis
2996 5528 3201 5600 llagitio
3233 5540 3288 5600 et
3317 5530 3661 5595 pmuiteutia,

2083 5610 2141 5654 ut
2167 5601 2278 5671 jam
2310 5602 2567 5671 diximus.
2817 5594 2842 5600 ⁷
3069 5594 3095 5600 ⁷
3159 5667 3162 5671 _
3233 5594 3248 5612 “

2153 5665 2268 5740 (⁷71)
2299 5668 2386 5722 lbi
2416 5671 2740 5724 uehementer
2766 5671 2831 5724 ab
2862 5679 2928 5722 eo‘
2949 5672 3101 5738 petiit
3137 5665 3470 5740 sacerdotum
3503 5667 3666 5740 colle-

2078 5736 2380 5808 giu'm,'etc.
2415 5740 2539 5794 Haec
2585 5756 2651 5794 ex
2701 5743 2890 5794 iisdem
2921 5736 3149 5807 impuris
3182 5736 3420 5809 fontibus
3447 5749 3513 5787 ac
3547 5736 3671 5790 Ori-

2083 5805 2244 5881 genis
2265 5810 2582 5863 idololatria:
2613 5812 2893 5863 historiam
2941 5805 3123 5868 hausit
3155 5805 3517 5881 Epiphanius.

2143 5880 2256 5950 (72)
2295 5881 2483 5950 Epiplt.
2512 5882 2641 5933 hwr.
2670 5881 2758 5945 δι,
2799 5894 2914 5946 cap.
2949 5882 3005 5934 ‘2.
