4162 6392
478 302 596 376 575‘

1692 346 1699 353 -
1753 310 1813 366 P.
1856 309 2173 368 DANIELIS
2211 309 2449 371 HUETII

3630 316 3736 373 676

476 441 665 513 gorius'
712 437 1005 509 Nyssenus,
1070 449 1304 502 eumque
1365 447 1431 487 ex
1487 431 1658 486 variis
1716 441 1770 486 et
1825 430 2054 486 incertis
2085 436 2133 493 Α
2160 434 2336 503 psisse
2365 449 2424 490 se
2452 435 2535 491 vel
2569 436 2836 493 recitasse
2893 437 3161 509 agnoscit,
3191 451 3370 507 neque
3410 449 3739 507 quemquam

475 533 817 589 ethnicorum
871 527 1319 598 philosophorum
1349 524 1418 577 de
1460 524 1569 578 Deo
1608 523 1896 578 sententiis
1942 523 2058 578 veri

476 623 571 677 Dei
609 619 855 673 notitiam
903 616 1151 671 hausisse
1192 614 1523 668 testiﬁcatur
1553 613 1606 667 in
1650 611 1774 666 Vita
1820 610 2062 681 Gregorii

477 709 887 779 Thaumaturgi,
920 723 1048 778 pag.
1079 708 1203 761 5'59.
1253 706 1450 761 Mirum
1483 721 1612 760 vero
1636 706 1923 773 scripsisse
1950 704 2059 760 Be-

474 805 599 860 dam
628 804 742 875 (79)
790 802 989 856 litteris
1026 801 1311 855 institutos
1339 800 1405 853 ab
1457 796 1695 868 Origene
1736 795 2059 866 Gregorium

474 908 531 954 et
553 897 993 959 Athenodorum,
1021 896 1327 961 imperante
1349 890 1629 946 Gordiano
1653 907 1667 942 :
1698 888 1896 944 mirum
1923 903 2062 959 quo-

474 1004 582 1059 que
611 987 956 1044 existimasse
985 984 1367 1039 Gasaubonum
1406 981 1546 1049 (80),
1575 980 2058 1051 diligentissimum

471 1090 621 1137 certe
649 1080 847 1146 virum,
891 1093 988 1148 per
1022 1090 1196 1131 annos
1238 1075 1389 1144 ipsos
1417 1085 1542 1128 octo
1582 1072 1808 1144 Origeni
1836 1087 2057 1143 operam

473 1173 687 1229 dedisse
711 1169 1065 1239 Gregorium,
1098 1166 1183 1221 vel
1212 1166 1433 1236 spretis,
1468 1166 1555 1220 vel
1602 1165 1930 1221 inconsultis
1959 1165 2058 1221 Eu-

470 1265 626 1320 sebio
673 1272 729 1317 et
767 1261 1143 1330 Hieronymo,
1183 1260 1274 1329 qui
1319 1258 1747 1327 quinquennium
1796 1259 2061 1313 duntaxat

471 1354 776 1424 assignant.
819 1350 1037 1407 Homini
1074 1363 1273 1418 nempe
1315 1348 1473 1402 valde
1498 1348 1704 1418 alioqui
1755 1348 2057 1417 perspicaci

471 1446 729 1515 imposuit
758 1444 910 1499 locus
943 1443 1047 1497 iste
1072 1440 1320 1509 Gregorii
1352 1441 1524 1505 ipsius
1554 1440 1703 1511 (81):
1746 1438 1908 1492 Ἀλλὰ
1961 1438 2058 1492 καὶ

468 1536 735 1607 ὀκταέτης
782 1552 871 1606 μοι
918 1533 1110 1604 χρόνος
1152 1524 1306 1594 οὗτος
1360 1529 1484 1602 ἤδη,
1518 1529 1578 1596 ἐξ
1623 1524 1685 1584 οὗ
1736 1528 1860 1583 οὔτε
1895 1527 2059 1590 αὐτὸς

468 1627 639 1683 εἰπών
658 1643 733 1693 τι,
766 1624 801 1695 ἢ
825 1622 1042 1695 γράψας
1072 1621 1231 1690 λόγον
1246 1621 1371 1674 τινὰ
1402 1617 1576 1689 μέγαν
1607 1618 1641 1689 ἢ
1674 1616 1889 1689 μικρὸν,
1921 1614 2058 1678 ὅλως

468 1720 753 1790 τυγχάνωο
790 1714 915 1770 οὔτε
953 1715 1114 1769 ἄλλου
1152 1712 1362 1784 ηκουσὰ
1379 1728 1495 1776 του,
1533 1709 1642 1781 ἰδίᾳ
1669 1706 2055 1780 γράφοντοςνῆ

2162 526 2485 581 recitantem
2538 529 2779 593 audisse,
2811 540 3175 598 praeterquam
3226 526 3574 584 admirandos
3622 526 3745 581 illos

2159 615 2327 682 viros,
2367 632 2511 673 verae
2570 621 2931 691 philosophiae
2991 630 3287 687 amatores,
3339 617 3745 687 condiscipulos

2160 722 2355 777 nempe
2407 724 2555 775 suos,
2609 712 2863 782 Origenis
2912 713 3099 767 itidem
3158 711 3459 766 auditores.
3519 707 3746 762 Minime

2160 810 2294 851 vero
2319 812 2377 852 se
2400 798 2520 853 illos
2546 797 2792 855 dicentes
2811 815 2909 871 per
2930 800 3243 855 octennium
3275 798 3494 852 audisse
3526 793 3742 865 signiﬁ-

2161 898 2270 952 cat,
2297 889 2392 944 sed
2443 905 2550 943 non
2602 892 2769 945 alium
2804 906 3132 961 quemquam
3166 904 3263 960 per
3292 887 3608 945 octennium
3644 900 3746 939 au-

2163 978 2335 1034 disse.
2390 979 2599 1037 Scribit
2652 968 2995 1051 Nicephorus
3047 979 3192 1037 Hist.
3250 979 3346 1035 lib.
3396 994 3452 1045 v,
3489 991 3610 1047 cap.
3646 974 3743 1038 20,

2161 1068 2503 1140 Dionysium,
2564 1086 2691 1127 eum
2737 1071 2830 1141 qui
2898 1070 3144 1126 Heraclaa
3188 1070 3324 1124 etin
3379 1066 3565 1123 schola
3593 1075 3651 1120 et
3684 1065 3741 1119 iu

2159 1160 2472 1230 episcopatu
2497 1162 2869 1217 Alexandrino
2892 1176 3176 1217 successor
3203 1160 3328 1225 fuit,
3361 1159 3466 1214 hoc
3496 1168 3740 1225 tempore

2159 1252 2323 1306 etiam
2357 1253 2684 1311 Adamantio
2718 1264 3050 1325 praeceptore
3080 1269 3203 1309 esse
3254 1267 3430 1307 usum.
3466 1248 3740 1305 Eusebius

2160 1349 2332 1408 certe,
2358 1358 2521 1413 quem
2550 1360 2715 1399 unum
2770 1346 2860 1401 hic
2897 1345 3112 1399 videtur
3143 1351 3445 1398 assectatus
3470 1339 3739 1410 Nicepho-

2159 1450 2278 1501 rus,
2343 1435 2661 1509 Dionysium
2715 1438 3065 1493 Alexandriae
3128 1434 3381 1506 Origenis
3428 1434 3734 1488 auditorem

2160 1524 2330 1582 fuisse
2381 1529 2569 1595 docet;
2603 1528 2868 1585 Caasarea'.
2898 1543 3030 1583 vero
3061 1526 3230 1582 fuisse
3267 1525 3476 1590 itidem,
3507 1524 3561 1579 id
3604 1537 3738 1579 vero

2159 1620 2300 1686 apud
2335 1634 2460 1674 eum
2500 1636 2770 1691 nusquam
2804 1621 3065 1691 reperias.
3099 1622 3170 1675 At
3196 1634 3302 1674 non
3347 1617 3593 1673 docendo
3646 1631 3737 1672 so-

2160 1706 2398 1773 lum,sed
2423 1709 2711 1764 scribendo
2731 1710 2895 1765 etiam
2917 1726 3014 1778 pro
3037 1724 3187 1764 more
3210 1722 3310 1764 suo
3331 1706 3547 1776 publice
3569 1706 3734 1776 prod-

468 1786 741 1878 Aéfovsog,
768 1808 803 1879 ἢ
851 1806 947 1860 καὶ
992 1805 1230 1876 δημοσίᾳ
1270 1802 1682 1872 πανηγυρικοὺς
1720 1801 1911 1868 λόγους
1960 1798 2040 1852 ita?

2158 1812 2279 1853 esse
2347 1800 2401 1853 in
2449 1802 2553 1855 hoc
2596 1798 2919 1856 Ctesariensi
2966 1815 3188 1856 secessu
3217 1799 3483 1868 Origenes
3529 1805 3739 1868 satage-

466 1901 861 1969 ἁγωνιστικοὺς
909 1895 1305 1967 παρεχομένου,
1349 1894 1432 1947 ὅτι
1463 1893 1538 1964 μὴ
1575 1891 1685 1945 τῶν
1733 1888 2053 1962 θαυμασίων

468 1994 675 2047 τούτων
715 1990 948 2064 ἀνδρῶν,
974 1989 1083 2043 τῶν
1127 1988 1226 2060 τὴν
1253 1985 1424 2058 καλὴν
1454 1984 1773 2055 φιλοσοφίαν
1800 1984 2053 2037 ἀσπασα-

480 2086 680 2156 μένων.
715 2084 799 2139 Ab
834 2093 958 2138 octo
1004 2082 1165 2136 annis
1193 2092 1500 2134 sermonem
1543 2077 1751 2133 nullum
1786 2075 1873 2131 vel
1910 2073 2049 2131 scri-

2160 1890 2253 1945 bat
2282 1909 2297 1945 :
2323 1891 2478 1947 Isaia:
2503 1893 2706 1962 quippe
2738 1904 2794 1948 et
2824 1892 3124 1950 Ezechielis
3150 1891 3408 1949 vaticinia
3425 1899 3552 1947 tunc
3579 1904 3734 1947 com-

2160 1984 2443 2039 mentariis
2472 1983 2786 2041 illustravit.

1774 2333 2158 2426 CAPUT
2232 2335 2426 2425 ΙΙΙ.

461 2524 506 2581 Ι.
532 2525 836 2580 Alexandro
894 2525 1084 2583 Severo
1123 2526 1355 2581 succedit
1405 2525 1752 2582 Maximinus.
1790 2525 1956 2582 Sexta

535 2606 794 2665 repetunt.
847 2595 1100 2666 Origenes
1149 2596 1447 2650 Cwsaream
1471 2596 1821 2666 Cappadocia
1863 2597 1931 2651 ad

2043 2527 2319 2581 ersecutio.
2368 2526 2433 2581 Il.
2483 2524 2770 2596 Gregorius
2818 2535 2869 2581 et
2911 2526 3279 2582 Athenodorus
3328 2525 3733 2583 Neoctesareans

2016 2598 2344 2651 irmilianum
2377 2597 2632 2667 confugit,
2687 2597 2812 2667 latet
2852 2599 2994 2666 apud
3038 2597 3336 2667 Julianagn.
3363 2597 3449 2651 III.
3487 2599 3733 2667 Hexapla

530 2664 765 2738 inchoat.
803 2665 1123 2738 [VaScribit
1151 2667 1341 2738 librum
1375 2668 1449 2738 De
1498 2664 1783 2738 martyrio.
1820 2666 2254 2738 Vsllfaatiminus
2299 2664 3092 2738 perit,‘succedit'Gordianus.
3124 2664 3213 2720 Vl.
3246 2666 3496 2738 Origenes
3541 2664 3732 2722 iterum

530 2737 761 2791 Athenas
785 2737 1163 2806 proficiscitur,
1182 2737 1517 2806 Ambrosium
1537 2736 1703 2792 obiter
1727 2739 1843 2792 adit
1878 2736 2225 2801 Nicomediae,
2273 2737 2492 2806 Athenis
2524 2738 2742 2790 absolvit
2773 2738 3206 2792 Commentarios
3229 2753 3352 2791 suos
3382 2738 3435 2791 in
3464 2737 3730 2792 Joannem

530 2815 583 2860 et
608 2808 659 2860 in
686 2805 1046 2872 Ezechielem,
1068 2809 1202 2863 alios
1240 2805 1453 2861 inchoat
1492 2807 1551 2861 in
1595 2808 1878 2863 Canticum
1898 2807 2257 2862 canticorum.
2298 2808 2403 2862 VII.
2430 2805 2731 2862 Gtcsaream
2762 2806 3026 2862 Stratonis
3069 2809 3270 2872 repetit,
3298 2807 3732 2862 Commentarios

531 2877 588 2949 i_u
628 2876 915 2932 Canticum
937 2878 1181 2941 absolvit,
1211 2876 1589 2949 Firntilianum
1614 2878 1905 2949 iterum‘gin
1939 2876 2292 2949 disciplinam
2323 2880 2531 2948 recipit.
2560 2876 2691 2934 VIII.
2716 2880 2802 2949 _Ad
2833 2878 3239 2949 convincendam
3262 2877 3459 2949 Βερονιιὶ
3486 2878 3729 2949 hazresins

533 2946 776 3001 Bostram
819 2950 1125 3012 accersitur,
1153 2950 1207 3001 in
1242 2946 1592 3002 Palaestinam
1619 2951 1771 3004 redit.
1805 2947 1897 3002 IX.
1925 2945 2046 3016 Obit
2079 2944 2404 3012 Gordianus,
2428 2944 2659 3001 succedit
2705 2946 3005 3015 Philippus.
3050 2947 3120 3001 Χ.
3160 2944 3429 3001 (λιν-λωηά
3475 2947 3730 3016 Dionysio

529 3017 1250 3088 Alexandrinooppugnatus
1282 3017 1443 3088 fuerit
1471 3017 1745 3088 Origenes.
1790 3018 1880 3073 Xl.
1913 3015 2165 3084 Origenes
2193 3019 2553 3088 sexagenarii),
2580 3016 2756 3088 major
2792 3018 2974 3088 scribit
2999 3027 3185 3072 contra
3224 3016 3457 3081 Celsum,
3500 3020 3555 3070 in
3587 3015 3733 3071 Mat-

531 3087 751 3150 tltwum,
799 3097 850 3140 et
884 3087 940 3140 in
983 3085 1647 3156 duodecim'Propheta's;
1695 3090 1821 3142 item
1861 3089 2168 3141 innumeras
2207 3089 2478 3151 epistolas.
2515 3087 2629 3141 Xll.
2662 3085 2869 3141 ‘Utrum
2922 3085 3205 3155 Philippus
3238 3092 3530 3154 imperator
3568 3088 3731 3154 fuerit

527 3156 885 3228 Qhristianus.
931 3157 1065 3211 XIII.
1096 3156 1363 3211 ﬂomilias
1382 3175 1506 3211 suas
1538 3166 1651 3211 tum
1679 3156 2131 3228 primum__excipi
2165 3160 2371 3223 patitur
2391 3156 2672 3227 Origenes,
2701 3157 2827 3225 ﬁdei
2863 3173 2974 3212 sua:
3018 3160 3397 3225 professionem
3451 3159 3613 3210 mittit
3657 3159 3728 3209 ad

527 3224 1059 3298 Fabianumﬂpapam
1104 3234 1153 3279 et
1205 3227 1341 3281 alios
1374 3224 1855 3298 episcopoﬂXlV.
1917 3225 2146 3280 Vocatur
2204 3228 2274 3280 ad
2325 3224 2606 3282 concilium
2656 3224 2907 3283 adversus
2948 3224 3183 3282 Arabum
3222 3229 3504 3292 haeresim;
3548 3228 3730 3282 scribit

527 3299 774 3350 adversus
816 3294 1144 3351 Helcesaitas
1170 3313 1192 3362 ;
1230 3297 1524 3367 Appellitas
1548 3294 1825 3369 proﬂigat.

526 3517 571 3573 I.
608 3518 746 3574 Dum
790 3516 878 3572 his
912 3518 1179 3574 intentum
1200 3518 1445 3573 animum
1467 3518 1630 3576 habet
1654 3517 2039 3588 Adamantius,
2071 3525 2115 3583 C
2147 3534 2441 3592 aggressus
2485 3529 2591 3584 est,
2632 3533 2696 3575 ac
2762 3519 3103 3575 Christianos
3161 3518 3528 3589 potissimum.
3577 3516 3729 3586 Quos

455 3626 630 3668 casus
663 3621 749 3667 est
776 3627 899 3666 cum
927 3611 1210 3667 Mammaea
1240 3621 1420 3667 matre
1444 3612 1755 3667 Alexander
1784 3611 2044 3677 Severus,

457 3712 581 3774 post
614 3702 1059 3757 administratum
1092 3702 1251 3757 annis
1277 3703 1540 3758 tredecim
1580 3702 1842 3773 singulari
1870 3704 2047 3759 conti-

456 3794 640 3848 nentia
668 3803 723 3848 et
752 3793 1011 3864 requitate
1042 3794 1352 3863 imperium.
1394 3793 1629 3849 Sceleris
1657 3805 1846 3850 auctor
1873 3793 2043 3848 Maxi-

454 3886 660 3951 minus,
693 3886 855 3941 homo
877 3896 1040 3959 gente
1068 3903 1132 3941 ac
1164 3884 1409 3940 moribus
1436 3885 1723 3949 barbarus,
1751 3887 1804 3941 in
1822 3885 2040 3951 demor-

457 3979 535 4035 tui
583 3980 761 4035 locum
793 3980 1198 4055 sutfcctusgest,
1230 3979 1319 4035 cui
1355 3992 1456 4033 nec
1484 3978 1750 4035 obtulisse
1782 3988 2036 4043 mortem,

455 4081 513 4127 et
562 4073 614 4126 in
658 4070 777 4141 ejus
827 4072 1146 4143 dignitatem
1201 4071 1475 4128 involasse
1526 4080 1843 4137 contentus,
1890 4070 2035 4140 piam

455 4163 644 4231 optimi
674 4164 1015 4235 imperatoris
1034 4164 1316 4230 familiam,
1358 4175 1413 4222 et
1439 4178 1792 4235 quoscunque
1814 4163 2034 4229 charos,

454 4255 582 4310 dum
608 4268 753 4313 esset
783 4258 836 4312 in
872 4258 1030 4324 vivis,
1077 4259 1369 4325 habuerat,
1397 4258 1577 4314 ferino
1607 4256 1713 4311 ritu
1764 4256 2033 4311 devexare

455 4415 749 4490 medicinis
764 4417 1003 4471 studiosa
1026 4419 1278 4489 juventus
1313 4420 1629 4490 conﬂuebat,
1664 4418 1831 4474 fuisse
1853 4434 2043 4475 versa-

454 4496 592 4560 tum,
622 4503 687 4560 ac
720 4487 952 4560 demum
984 4487 1225 4560 omnibus
1255 4487 1527 4560 sapientite
1574 4490 1876 4559 disciplinis
1907 4506 2032 4558 per-

453 4559 621 4635 cursis
650 4558 915 4635 incidisse.
935 4557 991 4610 in
1023 4557 1403 4635 Firmilianum
1422 4557 1720 4635 quemdam
1747 4561 2050 4635 patricium.

453 4625 837 4692 Cappadocem,
869 4628 1019 4696 eique
1071 4632 1238 4683 animi
1269 4631 1349 4683 sui
1382 4625 1663 4683 consilium
1701 4625 1763 4683 ac
1794 4633 1917 4683 vitis
1943 4631 2029 4682 in-

450 4696 727 4769 stitutum,
780 4706 837 4750 ut
873 4701 1082 4769 amico,
1129 4700 1479 4769 patefecisse,
1532 4701 1671 4769 quod
1720 4699 1920 4754 scilicet
1958 4700 2029 4751 ad

454 4764 623 4819 Deum
679 4768 921 4839 intentos,
930 4766 1047 4836 jam
1080 4764 1289 4823 haberet
1336 4769 1525 4822 mentis
1545 4764 1738 4823 'oculos
1762 4786 1780 4823 :
1807 4784 2030 4839 cumque

451 4839 602 4909 paria
633 4838 811 4890 animo
839 4838 1293 4909 agitareiconsilia
1335 4839 1684 4909 cognovisset,
1718 4840 1901 4893 relicto
1927 4838 2031 4893 om-

455 4907 508 4957 ni
535 4918 765 4961 externa:
797 4908 1141 4975 philosophia:
1188 4907 1413 4970 studio,_
1437 4909 1718 4962 accessisse
1758 4925 1865 4962 una
1909 4926 2028 4965 cum

452 4976 547 5029 ille
584 4983 651 5030 ad
679 4993 796 5030 eum
818 4978 908 5047 qui
951 4978 1043 5032 illo
1087 4993 1314 5046 tempore
1344 4978 1766 5033 Christianorum
1790 4979 2027 5047 philoso-

452 5046 590 5119 phia
605 5048 842 5116 princeps
867 5058 1001 5119 erat,
1028 5046 1307 5119 Origenem
1335 5050 1595 5114 videlicet,
1623 5046 1797 5117 cujus,
1820 5061 2029 5116 propter

452 5118 673 5183 scripta,
706 5119 852 5186 fama
900 5117 1145 5173 celebris'
1167 5132 1303 5172 erat.
1354 5119 1409 5173 lu
1464 5135 1529 5174 ea
1562 5128 1743 5172 autem
1777 5122 2028 5177 oratione

452 5200 612 5249 quam
640 5188 888 5260 Gaesarea
921 5189 1199 5260 rediturus
1227 5191 1280 5242 in
1317 5191 1551 5259 patriam
1587 5191 1654 5243 ad
1689 5190 1865 5260 ipsum
1902 5188 2025 5246 Ori-

451 5269 641 5329 genem
702 5258 890 5312 habuit
941 5256 1267 5329 Gregorius,
1304 5256 1410 5313 non
1469 5260 1649 5314 innuit
1687 5256 1747 5315 se
1795 5260 2026 5317 Athenis

452 5325 750 5393 habitasse,
773 5329 870 5383 sed
897 5325 1186 5382 admodum
1235 5331 1637 5385 adolescentem
1692 5330 1743 5383 in
1782 5329 2024 5385 Palaesti-

452 5408 576 5446 nam
597 5397 901 5468 profertum
934 5413 1056 5453 cum
1076 5414 1263 5454 sorore
1282 5416 1402 5468 qua:
1418 5407 1484 5453 ad
1523 5401 1699 5454 virum
1718 5399 2020 5457 Palaestinae

453 5466 695 5535 prarsidis
752 5482 1081 5523 assessorem
1131 5466 1406 5525 tendebat.
1440 5470 1647 5525 Iudicat
1695 5472 1889 5525 deinde
1937 5487 2017 5535 se,

452 5533 647 5609 μεθ’ιο
680 5540 973 5609 praeterita.
1003 5549 1146 5594 recta
1203 5542 1417 5595 venisse
1461 5542 1786 5604 Caesaream,
1837 5533 2022 5609 ibique

451 5603 505 5678 in
536 5603 822 5678 Origenem
848 5608 1126 5672 incidisse,
1158 5612 1248 5678 qui
1276 5611 1324 5663 ei
1355 5613 1552 5665 deinde
1576 5621 1630 5664 ct
1664 5603 1778 5664 una
1811 5603 2022 5667 scilicet

451 5673 608 5749 fratri
641 5673 839 5749 auctor
860 5679 961 5732 luit
995 5690 1049 5732 ut
1073 5673 1428 5748 philosophia:
1455 5683 1650 5734 darent
1677 5695 1921 5749 Operam,
1957 5697 2023 5737 ac

449 5748 651 5802 sensim
684 5746 893 5803 illorum
929 5746 1127 5807 animis
1168 5746 1493 5806 Christianae
1547 5746 1825 5822 religienis
1868 5756 2013 5810 umi-

2149 3630 2270 3670 cum
2294 3631 2417 3672 esse
2459 3616 2654 3672 fuisset
2679 3631 2872 3688 passus
2901 3616 3236 3682 Alexander,
3277 3617 3522 3672 funditus
3546 3617 3729 3672 delere

2146 3707 2472 3764 Maximinus
2508 3710 2739 3779 optavit.
2778 3707 2983 3764 Bellum
3022 3721 3177 3765 atrox
3232 3709 3414 3778 itaque
3466 3708 3728 3765 Ecclesia:

2147 3796 2399 3865 infertur,
2443 3798 2800 3870 neglectoque
2841 3795 3275 3854 Christianorum
3319 3798 3499 3869 vulgo,
3543 3813 3729 3854 sacer-

2147 3891 2303 3945 dotes
2334 3891 2496 3944 morti
2548 3905 2615 3946 ac
2658 3890 2925 3962 supplicio
2964 3891 3333 3957 destinantur,
3362 3901 3421 3947 ut
3459 3892 3725 3947 detractis

2144 3982 2414 4037 columnis
2448 3982 2717 4039 labefacta
2746 3985 2890 4040 aedes
2916 3993 3217 4042 corrueret.
3248 3982 3323 4052 Id,
3350 3984 3432 4039 vel
3455 3985 3525 4039 ob
3557 3998 3724 4037 uinum

2143 4074 2383 4129 maxime
2411 4074 2727 4143 Origenem,
2761 4075 2975 4131 consilii
2997 4075 3170 4131 fuisse
3201 4085 3517 4145 susceptum
3553 4076 3725 4130 refert

2143 4163 2372 4219 Orosius
2402 4164 2497 4221 lib.
2527 4180 2625 4231 vn,
2660 4180 2783 4237 cap.
2819 4165 2922 4231 l9;
2978 4178 3036 4222 et
3070 4176 3190 4237 post
3223 4183 3347 4222 eum
3400 4167 3542 4222 Beda
3583 4167 3720 4239 (δὶ),

2140 4254 2482 4325 Freculphus
2520 4254 2720 4313 Chron.
2767 4266 2898 4313 tom.
2925 4257 2991 4319 Il.
3020 4257 3116 4313 lib.
3150 4273 3233 4325 tn,
3262 4273 3312 4313 c.
3352 4257 3408 4327 2,
3439 4267 3496 4313 et
3522 4257 3722 4313 Maria-

2152 4420 2281 4474 tiam
2357 4431 2708 4488 amoremque
2775 4418 3077 4473 instillavit.
3133 4418 3363 4473 Videtur
3418 4417 3718 4489 Nyssenus,

2149 4506 2271 4545 cum
2311 4488 2635 4560 Gregorium
2671 4490 2877 4559 legeret
2899 4490 3069 4545 fuisse
3095 4489 3345 4559 Origenis
3368 4488 3716 4559 discipulum,

2142 4559 2288 4614 hunc
2313 4558 2444 4614 vero
2488 4558 2838 4613 Alexandriae
2860 4560 3133 4628 docuisse,
3169 4558 3521 4614 existimasse
3554 4562 3719 4617 isthic

2141 4632 2196 4682 in
2235 4630 2491 4699 Origenis
2542 4644 2671 4699 eum
2720 4630 2979 4685 transisse
3022 4631 3384 4699 disciplinam.
3436 4628 3635 4686 Verum
3670 4634 3718 4689 si

2138 4697 2523 4770 Alexandriam
2548 4699 2609 4753 iit
2638 4697 2956 4769 Gregorius,
2986 4697 3271 4770 probabile
3316 4711 3402 4754 est
3433 4702 3717 4770 (quoniam

2138 4716 2523 4754 Alexandriam
2549 4716 2609 4753 ιιι
2638 4716 2956 4769 Gregorius,
2986 4716 3271 4770 prooaoue
3316 4716 3402 4754 est
3433 4716 3448 4768 ι
3498 4718 3717 4757 nontam

2136 4769 2211 4824 ibi
2247 4770 2640 4842 philosophica_
2672 4771 2847 4825 studia
2881 4780 3148 4826 tractasse
3191 4770 3414 4842 dicitur)
3454 4716 3719 4842 ‘Origenis

2064 4827 2110 4884 D
2135 4827 2365 4894 consilio
2411 4827 2537 4894 illuc
2602 4840 2849 4895 Caesarea
2898 4842 3042 4894 circa
3072 4856 3274 4895 annum
3306 4827 3411 4894 255
3442 4827 3719 4909 quovtein?

2138 4924 2268 4975 pore
2299 4908 2515 4965 furebat
2559 4909 2840 4965 Maximini
2872 4914 3198 4978 persecutio,
3228 4926 3352 4965 cum
3393 4908 3563 4967 fratre
3589 4926 3716 4968 eum

2135 4994 2259 5052 esse
2283 4981 2607 5052 profectum,
2638 4992 2694 5035 ut
2722 4991 3005 5052 pet-speeta
3036 4982 3108 5036 ibi
3135 4980 3574 5035 Christianorum
3601 4984 3718 5051 phi-

2134 5049 2488 5120 lOSOpIIOI‘llm
2546 5051 2829 5119 disciplina
2852 5049 2866 5052 ⁷
2887 5063 2941 5107 et
2991 5063 3178 5106 sancta
3210 5052 3336 5105 vita:
3386 5049 3624 5114 ratione,
3655 5054 3712 5106 in

2135 5122 2502 5190 suscipienda:
2538 5122 2664 5174 fidei
2710 5122 2983 5177 desiderio
3024 5123 3185 5178 ambo
3213 5123 3712 5188 continuarentur;

2135 5190 2370 5261 indeque
2423 5206 2528 5245 una
2560 5205 2694 5261 cum
2751 5204 2944 5247 sancto
2988 5191 3326 5257 Firmiliano,
3367 5194 3713 5261 postmodum

2134 5260 2400 5333 Ctesarea:
2456 5263 2508 5315 in
2544 5260 2886 5333 Gappadocia
2936 5265 3215 5333 episcOpo,
3254 5263 3307 5317 in
3350 5260 3713 5333 Palaestinam

2133 5333 2201 5383 ad
2228 5331 2515 5401 Origenem
2550 5332 2696 5384 circa
2729 5347 2927 5387 annum
2972 5331 3105 5398 V237,
3131 5331 3223 5389 vel
3267 5331 3399 5398 238,
3440 5348 3714 5401 reversos,

2125 5402 2397 5470 baptismo
2426 5417 2547 5457 esse
2578 5403 2797 5457 tinctos.

2200 5470 2310 5541 (79)
2348 5470 2511 5538 Beda,
2535 5471 2607 5524 De
2629 5488 2720 5526 se:
2745 5482 2887 5527 wtat.
2920 5475 3127 5539 mundi,
3154 5475 3207 5528 in
3233 5473 3533 5530 Gordiano.

2199 5542 2313 5612 (δυ)
2347 5542 2587 5597 Casaub.
2623 5543 2674 5596 in
2733 5542 2865 5601 Not.
2907 5546 2977 5599 ad
3021 5561 3207 5614 paneg.
3253 5544 3475 5616 Gregor.
3526 5542 3710 5602 Thau-

2128 5622 2257 5665 mat.

2224 5681 2317 5743 81)
2344 5681 2509 5754 Grcg.
2539 5682 2768 5738 'I‘haum.
2809 5685 2862 5738 in
2894 5682 3122 5754 Paneg.,
3156 5700 3211 5738 ιι.
3248 5684 3301 5738 I.

2224 5689 2317 5743 δι)
2346 5689 2509 5751 Grcg.
2539 5689 2768 5738 'l‘ltaum.
2809 5689 2862 5738 in
2894 5689 3122 5754 Paneg.,
3156 5700 3211 5738 ιι.
3248 5689 3301 5738 I.

2201 5689 2314 5825 iss)
2339 5752 2480 5811 Beda
2514 5755 2589 5809 De
2613 5770 2705 5809 sex
2738 5759 2966 5824 tetutib.,
2999 5759 3052 5811 in
3078 5755 3400 5815 Maximino.
