4162 6426
399 359 504 417 6'}?

1459 355 2034 413 ORIGENIANORUM
2069 355 2262 423 ΗΒΑ,
2301 356 2451 416 CAP.
2499 356 2588 412 111.

3567 356 3670 415 678

397 496 496 534 nus
548 479 746 536 Scotus
791 480 856 534 ad
903 495 994 535 an.
1045 478 1247 535 Christi
1294 477 1419 532 259.
1475 478 1707 542 Idcirco,
1763 480 1982 548 opinor,
2015 488 2059 538 Α
2089 478 2374 532 succisivis
2409 477 2562 532 horis
2593 477 2742 530 varia
2771 477 2945 545 ipsum
2979 477 3315 546 exemplaria
3347 476 3508 532 simul
3541 492 3670 531 cou-

395 573 535 641 quod
568 573 726 640 hujus
757 573 1030 643 praecipue
1065 573 1288 641 pietate,
1321 572 1559 639 scriptis,
1598 572 1972 635 concionibus,

393 675 448 720 et
505 665 758 735 exemplo
797 665 1106 720 Christiana
1153 666 1285 719 fides
1343 680 1599 735 magnum
1630 665 1742 736 jam
1796 667 1974 722 incre-

393 767 634 811 mentum
661 759 986 828 accepisset,
1017 768 1072 812 et
1093 772 1258 826 porro
1288 768 1516 828 captura
1547 759 1844 814 videretur.

458 847 525 904 ll.
550 841 825 921 Ingruenti
862 850 1104 919 periculo
1135 850 1256 920 fuga
1287 866 1348 907 se
1378 851 1636 907 subduxit
1683 851 1970 922 Origenes,

393 941 505 1016 (85)
532 959 656 998 cum
715 943 880 1014 paulo
927 954 1053 998 ante
1087 944 1430 1013 Gregorium,
1464 955 1521 998 et
1559 945 1970 1000 Athenodorum

389 1042 512 1103 post
539 1043 765 1090 exactos
801 1036 856 1088 in
912 1035 1168 1091 exhedris
1220 1036 1336 1107 suis
1387 1049 1562 1090 annos
1613 1036 1854 1104 quinque
1915 1035 1970 1088 in

388 1128 624 1197 patriam
660 1127 930 1182 redituros
963 1142 991 1179 a
1016 1140 1073 1182 se
1097 1126 1388 1181 amisisset.
1428 1127 1494 1180 Et
1533 1135 1644 1180 tum
1680 1128 1747 1181 ad
1780 1127 1975 1181 Firmi-

389 1220 596 1274 lianum
644 1219 908 1274 Cmsareae
967 1217 1322 1288 Cappadocia:
1379 1220 1715 1288 episcopum,
1754 1234 1967 1273 summa

391 1312 497 1368 sibi
539 1314 942 1368 necessitudine
969 1314 1438 1377 devinctum,tota
1487 1328 1608 1366 cum
1649 1311 1970 1366 Firmiliano

390 1401 658 1456 invitante
685 1418 807 1457 eum
845 1401 1212 1472 Cappadocia,
1243 1403 1446 1472 fugisse
1474 1404 1641 1458 certis
1669 1403 1972 1457 rationibus

389 1496 457 1550 ad
489 1495 816 1549 credendum
845 1496 991 1550 ducti
1026 1511 1234 1550 sumus.
1285 1494 1419 1549 Cum
1470 1497 1616 1550 enim
1652 1497 1969 1564 probaveri-

389 1597 510 1637 mus
559 1596 722 1652 supra
761 1583 812 1636 in
850 1584 1053 1652 quintae
1077 1585 1474 1653 persecutionis
1506 1595 1748 1655 tempora
1784 1585 1967 1654 fugam

391 1673 530 1726 hanc
554 1673 752 1727 cadere
773 1673 1088 1742 neutiquam
1117 1688 1300 1742 posse,
1327 1683 1578 1742 superest
1625 1683 1683 1729 ut
1717 1675 1784 1728 ad
1837 1689 1966 1729 sex-

389 1771 524 1828 tam,
559 1779 680 1833 qua?
704 1763 804 1819 fuit
825 1764 1123 1830 Maximini,
1154 1766 1240 1820 vel
1263 1770 1329 1820 ad
1349 1767 1635 1821 Decianam
1673 1766 1962 1822 referatur.

385 1856 553 1925 Atqui
597 1857 793 1911 Decius
828 1857 1107 1912 biennium
1156 1873 1262 1912 non
1321 1857 1557 1928 esplevit
1607 1859 1660 1912 in
1711 1859 1961 1927 imperio,

387 1949 588 2017 diuque
617 1950 810 2015 etiam,
857 1949 986 2004 dum
1017 1967 1199 2006 rerum
1236 1952 1439 2014 potitus
1478 1960 1583 2016 est,
1627 1951 1681 2005 in
1732 1951 1964 2006 vinculis

387 2040 489 2094 fuit
517 2040 814 2112 Origenes;
838 2056 962 2097 cum
995 2050 1109 2098 toto
1141 2041 1362 2098 biennio
1384 2041 1495 2096 illic
1520 2041 1660 2110 apud
1689 2040 1962 2096 Julianam

383 2132 626 2197 latuerit,
665 2143 724 2188 ut
754 2135 1014 2204 scriptum
1047 2145 1131 2189 est
1177 2149 1206 2187 a
1240 2133 1503 2188 Palladio.
1534 2133 1770 2188 Omnino
1802 2133 1965 2202 igitur

386 2225 441 2278 in
471 2223 747 2279 Maximini
781 2226 1214 2294 persecutionem
1248 2225 1440 2280 incidit
1464 2223 1817 2280 Caesariensis
1862 2224 1963 2278 iste

383 2329 652 2371 secessus.
683 2315 1058 2370 Firmilianum
1081 2331 1318 2386 quoque,
1353 2330 1477 2370 cum
1513 2316 1674 2371 rebus
1702 2315 1818 2384 ipse
1850 2315 1964 2369 suis
2027 2387 2031 2392 ε

383 2407 696 2462 consuleret
738 2407 827 2479 (ad
877 2408 1138 2464 Ecclesia:
1189 2409 1388 2477 quippe
1439 2408 1697 2479 prmsides
1746 2407 1962 2477 potissi-

381 2518 532 2556 mum
557 2502 860 2572 pertinebat
888 2503 1232 2575 periculum),
1253 2503 1452 2557 alicubi
1487 2501 1730 2569 latuisse,
1757 2510 1810 2556 et
1837 2517 1958 2555 cum

381 2594 618 2664 Origene
656 2595 906 2662 fortasse,
944 2595 1206 2651 credibile
1235 2605 1339 2662 est,
1371 2607 1656 2664 postquam
1706 2609 1958 2649 securum

381 2688 429 2741 ei
459 2687 599 2756 apud
622 2685 894 2742 Julianam
921 2687 1222 2758 perfugium
1258 2689 1578 2759 assignavit.
1613 2685 1740 2740 Haec
1783 2686 1954 2739 abun-

383 2778 518 2834 dans
549 2779 765 2849 opibus,
807 2794 1007 2850 easque
1047 2780 1098 2833 in
1131 2780 1386 2835 Ecclesiae
1413 2780 1696 2836 commoda
1731 2781 1958 2852 profun-

383 2870 513 2925 dere
553 2871 737 2935 solita,
771 2885 981 2925 summa
1014 2870 1342 2927 liberalitate
1395 2872 1671 2928 hominem
1703 2874 1769 2928 de
1802 2889 1958 2943 repn-

380 2960 522 3016 blica
551 2960 862 3016 Christiana
886 2961 1090 3030 optime
1116 2962 1371 3016 meritum
1395 2963 1675 3032 complexa
1703 2973 1818 3029 est;
1860 2982 1960 3022 nec

379 3052 614 3122 hospitio
635 3053 847 3120 excepit
871 3051 1067 3119 solum,
1093 3052 1187 3108 sed
1208 3052 1534 3109 bibliotheca
1568 3057 1761 3120 etiam,
1794 3071 1956 3126 quam

2082 568 2345 632 tendisse,
2377 569 2471 637 qui
2495 567 2653 623 labor
2679 567 2744 620 ad
2771 568 3050 622 comlenda
3085 567 3328 638 Hexapla
3359 577 3480 624 erat
3502 569 3668 625 veluti

2079 660 2428 732 παρασκευή.

2148 751 2240 806 ιν.
2286 752 2609 807 Ambrosius
2642 751 2860 806 interim
2882 750 2996 820 jam
3032 767 3196 822 supra
3231 753 3389 808 nobis
3422 769 3668 809 comme-

2077 855 2344 909 moratus,
2394 854 2449 900 et
2493 844 2849 899 Caesariensis
2887 844 3145 901 Ecclesiae
3201 846 3486 916 presbyter
3534 847 3668 901 Pro-

2081 943 2333 999 toctetus,
2385 934 2650 1004 ﬂagrante
2701 936 2802 988 hac
2861 935 3243 1002 persecutione
3284 939 3662 1008 comprehensi

2078 1036 2133 1081 et
2164 1028 2216 1080 in
2241 1028 2542 1080 custodiam
2571 1026 2682 1082 acti
2716 1038 2862 1082 sunt.
2896 1027 3159 1094 Quamvis
3201 1038 3384 1084 autem
3429 1032 3528 1099 ipsi
3569 1046 3666 1101 per

2077 1136 2138 1175 se
2160 1120 2368 1175 Christi
2404 1135 2624 1174 causam
2659 1127 3068 1188 propugnarent
3097 1120 3350 1186 viriliter,
3401 1139 3506 1176 non
3541 1138 3658 1178 me-

2074 1211 2338 1266 diocriter
2397 1219 2576 1264 tamen
2620 1221 2912 1280 utrumque
2963 1211 3316 1266 confirmavit
3370 1213 3658 1283 Origenes,

2074 1304 2244 1358 misso
2277 1318 2441 1357 aureo
2485 1301 2685 1367 libello,
2715 1317 2824 1372 quo
2858 1304 2924 1356 ad
2961 1304 3282 1374 martyrium
3311 1319 3405 1360 eos
3445 1318 3528 1360 est
3566 1310 3663 1362 ad-

2076 1395 2344 1448 hortatus.
2377 1393 2604 1448 Librum
2642 1397 2788 1448 hunc
2819 1393 3058 1462 igiturin
3080 1393 3402 1450 Cresariensi
3437 1397 3662 1454 latibulo

2073 1489 2337 1558 scriptum
2388 1487 2554 1542 fuisse
2602 1487 2797 1542 merito
2848 1487 3098 1541 videmur
3144 1487 3418 1555 conjicere
3477 1506 3490 1541 :
3548 1507 3661 1561 quo

2070 1595 2201 1634 vero
2231 1580 2536 1635 destinatus
2600 1578 2786 1646 fuerit,
2847 1593 2941 1634 seu
2982 1578 3182 1648 quibus
3238 1580 3292 1633 in
3342 1580 3475 1635 locis
3527 1585 3656 1637 torti

2072 1671 2279 1725 fuerint
2328 1671 2654 1728 Ambrosius
2703 1681 2760 1726 et
2815 1668 3186 1734 Protoctetus,
3243 1673 3292 1725 id
3342 1672 3658 1741 conjectura

2075 1765 2289 1833 assequi
2318 1764 2478 1819 facile
2510 1780 2622 1820 non
2662 1774 2766 1820 est.
2796 1762 2890 1818 Sic
2928 1779 3022 1818 eos
3065 1765 3363 1833 alloquitur
3394 1764 3661 1834 Origenes

2075 1856 2244 1919 ineo,
2283 1855 2351 1910 de
2383 1871 2490 1924 quo
2520 1857 2840 1924 quaerimus,
2887 1855 3067 1910 libello
3106 1872 3258 1910 num.
3301 1855 3364 1908 M
3400 1874 3412 1908 :
3445 1854 3660 1916 Παῦλος

2075 1946 2174 2017 μὲν
2220 1946 2447 2015 λεγέτω,
2482 1948 2532 1999 ει
2587 1946 2727 2001 κατὰ
2771 1946 3083 2018 ἄνθρωπον,
3144 1946 3559 2019 ἐθηριομάχησα
3598 1948 3656 2000 ὲν

2081 2043 2292 2113 Ἐφέσῳ
2313 2060 2325 2073 ·
2383 2046 2544 2114 ἡμεῖς
2575 2045 2651 2108 δὲ,
2687 2047 2735 2098 εἰ
2774 2045 2916 2099 κατὰ
2948 2045 3260 2117 ἄνθρωπον,
3294 2045 3567 2119 ἀνῃρέθην
3596 2048 3656 2100 ἐν

2067 2138 2366 2210 Γερμανίᾳ.
2409 2158 2427 2190 ι
2491 2140 2642 2193 Dicat
2673 2139 2894 2209 quidem
2938 2138 3188 2195 Paulus:
3233 2137 3288 2194 Si
3322 2140 3650 2205 (secundum

2069 2230 2452 2298 hominem)ad
2476 2231 2681 2284 bestias
2703 2229 2936 2300 pugnavi
2961 2229 3158 2298 Ephesi
3192 2230 3234 2298 ‘;
3288 2246 3388 2286 nos
3413 2242 3594 2286 autem
3634 2247 3650 2283 :

2068 2320 2124 2375 Si
2155 2321 2477 2392 (secundum
2508 2322 2810 2392 hominem)
2841 2321 3156 2377 interfectus
3188 2334 3308 2376 sum
3342 2323 3395 2377 in
3422 2323 3653 2378 Germa-

2067 2411 2176 2466 nia.
2215 2431 2234 2464 ι
2265 2411 2440 2482 Loqui
2502 2412 2796 2482 Origenem
2831 2425 2898 2466 ex
2939 2412 3214 2468 Ambrosii
3255 2422 3311 2468 et
3348 2413 3649 2470 Protocteti

2065 2519 2296 2574 persona
2335 2504 2686 2560 manifestum
2715 2514 2836 2570 est;
2870 2503 3075 2558 nullum
3103 2506 3219 2575 ipse
3251 2507 3516 2575 siquidem
3549 2507 3654 2561 hoc

2066 2607 2308 2668 tempore
2348 2599 2642 2653 discrimen
2688 2598 2845 2655 adiit.
2881 2597 3019 2664 Quid
3051 2597 3122 2652 sit
3147 2607 3327 2652 autem
3360 2597 3651 2654 Germania

2065 2688 2183 2757 illa,
2217 2705 2414 2760 magna
2449 2690 2774 2761 dijudicatio
2801 2697 2906 2743 est.
2944 2687 3244 2743 Addubitat
3284 2687 3652 2745 Ortelius-aa-

2067 2797 2171 2836 non
2203 2781 2497 2836 Germania
2533 2782 2606 2837 sit
2650 2778 3089 2849 Germanopolis,
3131 2795 3292 2847 quam
3328 2780 3380 2833 in
3411 2779 3646 2848 Paphla-

2062 2889 2262 2944 gonum
2311 2873 2734 2928 mediterraneis
2788 2872 3023 2927 collocat
3068 2872 3395 2928 Ptolemaeus
3447 2872 3646 2942 Geogr.

2063 2965 2158 3020 lib.
2195 2980 2250 3030 ν,
2280 2979 2402 3034 cap.
2442 2964 2964 3034 6,Germanopolim
2996 2975 3180 3019 autem
3231 2964 3477 3018 eamdem
3527 2979 3651 3018 esse

2061 3060 2371 3128 suspicatur
2399 3071 2463 3112 ac
2495 3056 2995 3126 Germanicopolim
3027 3054 3188 3109 Plinii
3223 3054 3358 3125 (86),
3382 3055 3434 3108 in
3461 3054 3650 3126 Bithy-

380 3147 855 3202 instructissimam
885 3161 915 3201 a
940 3145 1265 3218 Symmacho
1291 3145 1645 3204 haereditario
1667 3147 1790 3218 jure
1815 3149 1955 3205 obti-
1981 3165 2023 3222 ο
2062 3151 2150 3203 lia
2181 3149 2248 3202 ad
2278 3162 2428 3202 mare
2454 3148 2638 3202 sitam.
2671 3147 2810 3202 Falli
2842 3148 2993 3202 illum
3023 3155 3134 3200 tam
3166 3148 3302 3210 scio,
3332 3162 3496 3215 quam
3531 3149 3649 3202 scio
3695 3171 3698 3174 ~

380 3241 557 3296 nebat.

451 3331 534 3386 Ill.
569 3331 684 3386 lllic
725 3330 936 3400 insigne
969 3328 1333 3398 Hexaplorum
1365 3339 1632 3400 opustum
1662 3331 1956 3387 inchoasse

379 3422 670 3492 Origenem
723 3421 998 3486 existimo,
1052 3422 1350 3474 maximam
1409 3430 1628 3476 nactum
1685 3422 1952 3476 librorum

377 3514 788 3584 supellectilem,
839 3523 895 3569 et
917 3514 1425 3583 interpretationum
1456 3515 1760 3584 praesertim
1797 3516 1952 3570 Scri-

377 3617 569 3677 pturae,
603 3622 738 3676 quas
783 3607 838 3661 in
899 3621 1029 3662 suos
1058 3621 1188 3662 usus
1236 3607 1518 3678 collegisse
1558 3605 1950 3678 Symmachum

375 3699 670 3754 verisimile
699 3707 806 3765 est,
839 3713 962 3754 cum
997 3699 1111 3768 ipse
1143 3713 1296 3752 suam
1332 3699 1645 3753 adornaret.
1678 3697 1796 3752 lam
1839 3700 1953 3768 pri-

375 3807 516 3847 mum
549 3792 766 3860 quidem
809 3807 999 3846 eorum
1039 3790 1463 3858 descriptionem
1495 3791 1680 3846 animo
1723 3791 1951 3862 praafor-

375 3898 576 3947 masse,
605 3897 727 3936 cum
758 3891 1080 3938 versaretur
1124 3881 1494 3946 Alexandriae,
1545 3882 1949 3952 nonnullasque

376 3977 444 4029 ad
471 3977 522 4030 id
559 3976 856 4046 Scriptura:
902 3978 1386 4047 interpretationes
1413 3977 1702 4046 collegisse
1731 3985 1787 4032 et
1817 3992 1949 4031 con-

374 4068 558 4124 tulisse
599 4069 906 4140 signilicare
934 4070 1146 4125 videtur
1183 4070 1470 4136 Eusebius,
1507 4069 1651 4123 Hist.
1706 4084 1824 4140 cap.
1861 4069 1946 4131 16,

371 4173 509 4228 quas
554 4171 609 4214 et
659 4159 872 4228 magnis
920 4159 1096 4227 ipsum
1154 4159 1468 4228 sumptibus
1519 4157 1821 4212 redemisse
1872 4160 1948 4211 ait

369 4251 729 4321 Hieronymus
763 4250 916 4320 Apol.
953 4251 1010 4303 in
1038 4249 1247 4318 Ruﬁn.,
1281 4250 1375 4304 lib.
1411 4264 1472 4312 ll,
1506 4263 1628 4318 cap.
1663 4248 1714 4302 9.
1765 4248 1948 4302 Caesa-

368 4356 474 4396 rea:
501 4355 628 4395 vero
648 4340 1003 4411 Cappadocia:
1023 4341 1166 4394 serio
1195 4355 1418 4393 manum
1453 4341 1602 4407 operi
1633 4339 1946 4392 admovisse

366 4445 521 4502 puto,
551 4434 678 4504 Tyri
715 4434 932 4504 penitus
971 4432 1295 4488 absolvisse.
1351 4431 1429 4485 Ex
1467 4446 1574 4500 quo
1617 4431 1940 4501 intelligitur

2063 3255 2146 3294 me
2180 3241 2386 3295 vivere.
2417 3239 2625 3296 Catena
2661 3250 2820 3294 vetus
2848 3240 3040 3295 Graeca
3095 3241 3150 3293 in
3197 3238 3487 3308 Evangelia
3529 3239 3649 3292 lau-

2057 3332 2150 3385 dat
2194 3330 2456 3386 Severum
2509 3332 2913 3386 Antiochenum
2972 3331 3025 3384 in
3075 3328 3251 3399 Opere
3279 3331 3346 3384 ad
3380 3330 3646 3384 Thomam

2057 3424 2363 3478 Germania:
2397 3423 2736 3494 episcopum.
2784 3423 2926 3478 Hinc
2966 3423 3162 3494 aliquis
3195 3422 3492 3492 conjecerit
3524 3437 3643 3476 eam

2055 3531 2176 3571 esse
2207 3515 2614 3572 Germaniciam
2663 3530 2784 3586 quae
2840 3515 3219 3586 Euphratesia:
3263 3514 3396 3568 urbs
3427 3522 3512 3568 est
3560 3528 3644 3566 ar-

2055 3608 2499 3679 chiepiscopalis,
2558 3608 2916 3662 Autiochenae
2961 3607 3178 3661 subdita
3231 3605 3511 3661 Ecclesiae.
3574 3604 3646 3658 At

2053 3698 2345 3755 Germania
2386 3699 2702 3770 metropolis
2726 3708 2831 3765 est,
2868 3698 3494 3768 Constantinopolitanae
3540 3697 3643 3750 Ec-

2053 3791 2237 3845 clesiae
2293 3788 2561 3858 subjecta,
2624 3789 2818 3844 ordine
2867 3788 2957 3851 68,
3014 3788 3168 3858 juxta
3231 3788 3640 3858 Dispositionem

2052 3883 2252 3938 Leonis
2298 3881 2614 3951 Philosophi
2649 3898 2771 3952 quae
2808 3882 2951 3953 juris
2983 3880 3436 3937 Graeco-Romani
3478 3879 3641 3934 colle-

2061 3974 2227 4031 ctioni
2251 3973 2674 4030 Leunclanianaa
2709 3975 2914 4031 inserta
2951 3981 3033 4028 est
3057 3971 3195 4043 (87),
3231 3981 3286 4027 et
3335 3972 3403 4026 ad
3437 3971 3636 4026 calcem

2052 4067 2178 4122 libri
2236 4066 2314 4122 De
2365 4068 2546 4139 ofﬁciis
2591 4067 3145 4136 Constantinopoleos
3184 4062 3404 4136 Georgii
3445 4063 3637 4120 Codini

2050 4169 2137 4214 est
2165 4167 2390 4214 attexta.
2425 4158 2482 4214 ln
2525 4160 2696 4214 altera
2752 4175 2882 4215 vero
2938 4157 3224 4225 Palaaologi
3259 4157 3632 4221 Dispositione,

2051 4269 2171 4322 quae
2203 4255 2441 4324 priorem
2479 4255 2623 4308 hanc
2651 4252 2859 4321 excipit
2897 4251 2952 4305 in
3005 4250 3194 4304 eodem
3225 4247 3419 4302 Codini
3472 4247 3631 4307 libro.

2049 4348 2128 4402 sic
2165 4345 2434 4402 habetur:
2477 4345 2536 4398 Ὀ
2568 4344 2826 4415 Γερμίου,
2853 4342 2948 4396 καὶ
2985 4341 3124 4395 αὐτὰ
3169 4340 3244 4408 ξζ¹
3277 4340 3415 4393 am‘
3439 4339 3514 4392 οϐ’
3545 4357 3636 4409 γε-

2047 4442 2293 4510 γόνασιν.
2337 4439 2478 4495 Hinc
2534 4449 2761 4510 apparet
2810 4438 3095 4509 legendum
3144 4433 3416 4506 Γερμίων,
3473 4443 3635 4504 atque

365 4525 652 4596 Epiphanii
706 4527 862 4591 ratio,
899 4525 1027 4597 Tyri
1078 4540 1138 4579 ea
1191 4525 1466 4580 elaborata
1525 4523 1692 4578 fuisse
1744 4522 1941 4576 testifi-

2061 4533 2190 4586 ulem
2217 4545 2342 4587 esse
2369 4529 2588 4586 Germia
2621 4545 2686 4584 ac
2709 4527 3082 4583 Germaniam.
3119 4526 3340 4581 Germia
3372 4536 3550 4578 autem
3582 4527 3632 4577 in

365 4619 561 4683 cautis,
590 4619 692 4673 hoc
723 4626 826 4684 est,
853 4618 1049 4686 partim
1081 4616 1232 4688 Tyri,
1272 4618 1474 4687 partim
1509 4617 1563 4669 in
1603 4617 1668 4670 iis
1699 4615 1856 4679 locis,
1885 4616 1937 4668 in

363 4709 558 4777 quibus
585 4723 792 4764 moram
821 4708 947 4762 fecit
981 4707 1242 4779 Origenes
1272 4705 1470 4778 viginti
1499 4712 1625 4760 octo
1663 4719 1932 4760 annorum

361 4800 615 4864 decursu,
679 4814 815 4869 quos
860 4799 992 4870 Tyri
1043 4809 1196 4855 actos
1243 4799 1582 4868 Epiphanius
1633 4796 1747 4868 (84)
1793 4796 1930 4851 falso

362 4888 746 4944 arbitrabatur.
777 4889 903 4945 Haec
952 4905 981 4943 a
1017 4891 1174 4945 nobis
1229 4891 1616 4945 tractabuntur
1670 4888 1926 4943 inferius.

359 4979 652 5037 Commode
683 4998 813 5037 vero
848 4983 912 5037 ad
941 4997 1057 5036 eam
1107 4981 1547 5038 lucubrationem
1600 4980 1794 5036 referri
1837 4996 1935 5050 po-

361 5083 464 5128 test
497 5076 642 5143 quod
672 5075 750 5143 del
779 5088 838 5128 se
878 5075 1012 5127 dicit
1040 5073 1327 5142 Origenes,
1366 5073 1508 5143 apud
1539 5073 1763 5126 Suidam
1791 5073 1935 5141 (83),

357 5167 571 5222 solitum
601 5182 720 5222 esse
740 5167 864 5231 sibi,
892 5167 950 5220 ὲν
976 5167 1188 5237 καιροῖς
1220 5166 1456 5230 ἀνέσεως
1487 5166 1808 5235 φιλολογεῖν,
1843 5168 1936 5220 καὶ

355 5255 616 5326 ἀκριϐοῦν
654 5255 722 5310 τὰ
773 5256 1115 5328 ἀντίγραφαο
1167 5255 1327 5310 facile
1388 5258 1534 5312 enim
1601 5259 1938 5326 persuadeor

428 5348 451 5380 ⁸
481 5349 641 5403 lCor.
670 5365 760 5414 xv,
785 5349 876 5405 '52.

429 5468 538 5538 (83)
569 5467 700 5523 Cum
749 5451 907 5538 paulo
954 5479 1073 5522 ante
1147 5466 1461 5536 Gregorium
1516 5478 1564 5521 et
1616 5469 1926 5521 Athenodo-

356 5553 496 5602 rum,
526 5549 632 5593 etc.
670 5538 974 5593 Verisimile
1007 5553 1112 5592 non
1161 5549 1244 5592 est
1272 5540 1384 5606 jam
1434 5548 1546 5590 tum
1598 5539 1654 5591 in
1691 5538 1926 5605 patriam

355 5609 578 5679 rediisse
610 5609 926 5679 Gregorium
953 5620 1008 5664 et
1035 5610 1152 5678 ejus
1184 5607 1426 5661 fratrem.
1462 5607 1726 5661 Videntur
1749 5610 1929 5679 potius

353 5677 512 5749 ambo
535 5677 921 5732 Alexandriam
964 5677 1250 5749 migrasse,
1284 5679 1480 5749 deinde
1511 5688 1727 5730 mortuo
1755 5678 1924 5749 Maxi-

356 5747 502 5816 mino
530 5749 594 5801 ad
625 5749 934 5816 Origenem,
968 5747 1284 5805 ac'demum
1308 5748 1374 5804 ad
1399 5749 1631 5816 patriam
1669 5748 1923 5802 rediisse.

355 5814 487 5873 Vide
517 5827 667 5875 notas
697 5814 763 5874 ’Π
795 5829 850 5876 et
878 5819 967 5875 78.

2046 4620 2260 4677 Galatia
2295 4619 2534 4675 secunda
2573 4634 2670 4674 seu
2726 4617 2968 4672 Salutari
3014 4617 3360 4671 constituunt
3412 4613 3634 4667 Notium

2045 4724 2260 4781 veteres,
2290 4721 2345 4768 et
2380 4713 2523 4766 inter
2549 4709 3062 4780 archiepiscopatus
3111 4707 3520 4778 αὐτοκεφὰλους
3549 4722 3634 4759 re-

2043 4805 2246 4860 ferunt.
2275 4805 2380 4859 Sed
2413 4803 2801 4871 hisrepugnat
2825 4801 3016 4856 eadem
3066 4799 3266 4856 Leonis
3291 4799 3584 4868 Dispositio
3610 4810 3630 4859 ς

2044 4913 2167 4951 nam
2204 4905 2494 4965 postquam
2536 4892 2889 4961 metropoles,
2933 4899 2991 4946 et
3034 4891 3086 4946 in
3150 4893 3221 4946 iis
3269 4891 3626 4946 Germaniam

2045 4989 2342 5053 recensuit,
2373 4986 2654 5057 subjungit
2693 4985 3227 5054 archiepiscopatus,
3259 4992 3313 5037 et
3360 4984 3502 5036 inter
3531 4995 3626 5034 eos

2041 5079 2274 5133 Germiis
2311 5081 2606 5133 secundum
2644 5078 2820 5132 locum
2855 5077 3116 5145 assignat.
3147 5075 3288 5141 Quid
3310 5075 3481 5144 igitur
3511 5082 3622 5126 sta-

2046 5178 2216 5234 tuam,
2255 5183 2360 5222 non
2409 5169 2588 5222 habeo
2624 5190 2635 5220 ;
2667 5181 2824 5219 suum
2862 5165 3158 5232 unicuique
3205 5163 3452 5231 relinquo
3481 5161 3624 5230 judi-

2046 5260 2214 5325 cium,
2244 5263 2418 5314 satius
2449 5260 2656 5313 ducens
2687 5257 2846 5311 silere
2876 5257 2930 5310 in
2964 5270 3023 5309 re
3070 5255 3305 5316 incerta,
3333 5267 3497 5321 quam
3527 5266 3621 5304 va-

2102 5469 2209 5540 (84)
2250 5469 2448 5538 Epiph.
2477 5468 2610 5522 lit‘Bl‘.
2644 5466 2738 5531 6i,
2779 5482 2829 5520 c.
2864 5465 2918 5529 5,
2949 5473 3004 5517 et
3040 5461 3114 5515 De
3147 5461 3310 5528 pond.
3338 5471 3385 5514 et
3418 5473 3617 5526 meam,

2029 5555 2077 5596 θ’
2100 5542 2210 5679 (ἒξ)
2247 5607 2528 5679 εηίύθεᾼξλη
2561 5605 2712 5674 Orig.

2124 5675 2210 5744 86)
2239 5678 2410 5736 Plin.,
2448 5675 2544 5728 lib.
2573 5691 2640 5739 .v,
2676 5691 2794 5744 cap.
2825 5675 2916 5728 5'2.

2101 5740 2334 5821 (δήλω
2361 5740 2754 5811 erco-Rom.,
2789 5756 2922 5800 tom.
2955 5742 2994 5807 Ι,
3033 5740 3122 5796 lib.
3157 5754 3213 5793 ll.
