4162 6422
485 329 588 384 6ῗ9

1752 326 1811 381 Ρ.
1857 324 2170 381 DANIELIS
2205 322 2440 380 HUETII

3623 322 3730 377 αεθ

485 468 580 509 uas
611 463 667 509 et
691 453 872 507 futiles
900 449 1246 519 conjecturas
1269 461 1596 518 proponere.
1624 448 1779 516 Quod
1831 450 1876 503 si
1917 450 2056 502 inte—
2082 456 2128 511 Α
2161 461 2300 500 mus.
2337 448 2408 500 At
2436 460 2559 500 cum
2593 444 2840 498 Caesarea
2890 442 3244 512 Cappadocia;
3278 440 3594 503 discederet,
3633 440 3731 496 Ni-

483 560 579 616 gra
604 550 911 613 superesset
951 542 1039 595 illa
1067 541 1264 594 Leonis
1292 537 1658 602 Διειτύπωσις,
1686 553 1785 592 nec
1807 548 2055 592 extrema

485 639 564 692 sui
595 648 745 706 parte
776 636 962 689 fuisset
993 633 1260 696 mutilata,
1287 634 1338 687 in
1365 649 1468 702 qua
1526 631 1818 697 unicuique
1860 639 2058 683 metro-

483 729 587 799 poli
611 727 885 781 attributat-
907 726 1176 779 dimceses
1202 726 1650 786 recensebantur,
1685 721 1800 790 (88)
1827 719 2058 776 Germa-

483 820 586 874 nia:
614 820 775 872 situm
805 816 964 873 facile
989 831 1482 888 cognosceremus.
1513 817 1688 886 Atque
1722 816 1837 870 haec
1870 814 2056 868 hacte-

482 926 606 966 Ιιυε.

553 999 615 1055 V.
642 1000 906 1072 Origenes
947 1001 1000 1055 in
1033 998 1260 1054 Julianaa
1283 997 1605 1052 Bibliotheca
1624 997 1810 1051 tandiu
1844 996 2060 1052 videtur

483 1092 762 1148 delituisse
815 1093 992 1162 quoad
1055 1093 1192 1149 vixit
1239 1091 1583 1146 Maximinus.
1625 1089 1676 1145 ls
1711 1090 1927 1143 demum
1988 1089 2056 1143 ad

483 1181 782 1250 Aquileiam
810 1197 909 1252 per
937 1181 1228 1235 militarem
1257 1179 1546 1234 tumultum
1581 1195 1704 1232 cum
1740 1179 1846 1232 li'lio
1875 1179 2055 1247 periit,

483 1288 628 1326 anno
663 1273 876 1341 imperii
919 1274 1080 1326 tertio
1140 1289 1154 1324 :
1214 1287 1320 1340 quo
1361 1273 1609 1326 recidunt
1652 1272 1816 1325 varia:
1869 1285 2057 1326 eorum

489 1365 802 1429 sententia,
828 1380 1058 1433 quorum
1083 1364 1172 1417 alii
1195 1379 1289 1432 per
1316 1363 1612 1428 biennium,
1643 1379 1737 1433 per
1767 1363 2058 1418 triennium

484 1457 600 1519 alii,
617 1465 752 1511 teste
767 1454 908 1510 Julio
927 1457 1228 1525 Capitolino
1245 1454 1378 1524 (89),
1396 1455 1745 1510 Maximinum
1764 1456 2060 1524 imperasse

483 1549 690 1602 volunt.
724 1547 1018 1601 Maximino
1051 1547 1315 1600 successit
1336 1546 1667 1602 Gordianus.
1693 1548 1884 1601 Annus
1903 1547 2061 1601 Chri-

484 1641 552 1696 sti
595 1649 724 1695 tunc
750 1641 1016 1709 agebatur
1043 1638 1169 1704 2'57,
1203 1639 1456 1709 Origenis
1495 1657 1566 1694 ιιι
1594 1658 1609 1707 ;
1633 1639 1932 1694 Romanam
1958 1639 2060 1693 Ec-

484 1731 706 1786 clesiam
759 1732 978 1800 regebat
1017 1730 1312 1792 Fabianus,
1347 1732 1402 1785 in
1449 1730 1626 1785 locum
1663 1728 1850 1784 Anteri
1891 1728 2058 1784 snﬂ‘e-

2158 537 2460 591 comediam
2518 535 2696 590 obiter
2761 533 2966 588 adiisse
3016 534 3297 604 probabile
3340 545 3459 601 est,
3520 534 3731 588 visendi

2157 628 2428 682 Ambrosii
2473 641 2660 690 causa,
2701 625 2793 695 qui
2849 625 3140 694 impiorum
3195 626 3430 679 vinculis
3493 625 3732 693 elapsus,

2157 733 2365 772 moram
2393 719 2446 772 in
2477 730 2541 772 ea
2577 719 2711 772 urbe
2739 732 2864 772 cum
2899 716 3152 770 Marcella
3185 716 3420 787 conjuge
3452 731 3518 770 ac
3549 716 3736 771 liberis

2158 808 2396 864 faciebat
2445 825 2461 865 ε
2505 809 2726 879 (liberos
2767 808 3002 878 quippe,
3054 808 3369 878 coniugem,
3424 807 3620 863 fratres
3665 824 3731 864 ac

2157 917 2375 956 sorores
2414 901 2600 956 habuit
2639 903 2957 958 Ambrosius
2999 918 3014 954 :
3059 901 3195 956 obiit
3225 909 3405 955 autem
3445 901 3738 970 superstite

2159 989 2417 1060 Origene,
2455 990 2698 1059 vitioque
2734 991 2836 1059 ipsi
2865 1006 2896 1044 a
2943 988 3127 1045 multis
3169 990 3351 1044 datum
3390 1000 3577 1044 narrat
3611 989 3739 1044 Hie-

2158 1097 2418 1153 ronymus
2455 1082 2595 1153 (90),
2629 1084 2772 1149 quod
2799 1083 2958 1136 amici
3009 1083 3174 1148 senis,
3225 1091 3281 1136 et
3335 1082 3582 1150 pauperis
3626 1095 3737 1135 mo-

2159 1175 2306 1229 riens
2337 1190 2443 1228 non
2472 1176 2543 1230 sit
2583 1175 2946 1245 recordatus.)
2997 1173 3135 1229 llinc
3185 1175 3449 1229 eruditam
3486 1174 3630 1227 illam
3665 1173 3733 1227 ad

2157 1265 2472 1320 Africanum
2498 1267 2646 1320 dedit
2677 1266 2988 1336 epistolam,
3016 1281 3120 1336 qua
3148 1265 3414 1322 Susanna
3447 1267 3730 1320 historiam

2158 1359 2356 1415 frustra
2396 1361 2466 1416 ab
2513 1375 2580 1415 eo
2615 1361 2984 1430 impugnatam
3036 1361 3348 1422 confirmat,
3395 1373 3656 1428 suamque
3681 1359 3734 1414 ei

2159 1453 2318 1508 fidem
2352 1465 2405 1509 et
2435 1457 2813 1509 auctoritatem
2847 1455 3048 1508 asserit
3089 1451 3226 1524 (91).
3269 1451 3616 1507 Atheniensis
3644 1453 3735 1506 iti-

2160 1545 2306 1599 neris
2341 1546 2620 1614 ignoratur
2657 1561 2861 1602 causa:
2898 1545 3029 1600 illud
3083 1546 3305 1610 scimus,
3331 1546 3551 1614 optimis
3582 1561 3730 1613 eum,

2159 1637 2398 1704 quandiu
2454 1637 2508 1692 in
2557 1639 2658 1692 hac
2732 1637 2866 1693 urbe
2928 1638 3186 1707 agitavit,
3249 1637 3736 1693 exercitationibus

2160 1726 2329 1779 otium
2366 1743 2522 1782 suum
2568 1728 3004 1797 consumpsisse;
3063 1743 3186 1782 nam
3231 1727 3470 1798 inceptos
3506 1731 3561 1782 in
3595 1727 3733 1784 Eze-

485 1834 630 1889 ctus,
666 1824 758 1892 qui
814 1824 1138 1877 Pontianum
1193 1836 1508 1890 exceperat,
1551 1838 1676 1876 cum
1731 1830 1960 1890 uterque
2003 1821 2055 1874 in
2088 1818 2130 1872 Β
2159 1815 2374 1870 chielcm
2405 1814 2824 1872 Commentarios
2853 1817 3086 1873 absolvit
3139 1819 3303 1888 (quod
3334 1834 3476 1872 anno
3506 1835 3733 1890 sexage-

486 1913 760 1968 Maximini
791 1915 1167 1983 persecutione
1201 1915 1487 1969 tolerasset
1521 1913 1874 1984 martyrium;
1910 1919 2062 1980 post-

485 2019 648 2073 quam
681 2005 770 2059 hic
801 2006 1116 2059 sexennium
1131 2005 1371 2071 circiter,
1403 2019 1645 2058 mensem
1670 2003 1758 2058 ille
1773 2003 2063 2060 admodum

491 2107 662 2148 unum
694 2109 965 2150 summum
1003 2093 1373 2164 pontiﬁcatum
1410 2095 1603 2150 tenuit.

555 2185 646 2242 Vl.
680 2185 790 2244 Nos
825 2186 932 2242 illis
965 2186 1294 2256 temporibus
1329 2186 1556 2240 alteram
1603 2185 1857 2254 Origenis
1902 2185 2069 2240 Athe—

487 2278 730 2335 niensem
789 2278 1276 2349 peregrinationem
1337 2278 1605 2349 assignari
1666 2291 1828 2347 posse
1878 2291 2074 2332 cense-

562 2517 673 2592 (88)
709 2516 992 2592 Germania
1025 2517 1196 2592 situm
1240 2517 1395 2585 facile
1439 2531 1884 2592 cognosceremus.
1909 2534 1968 2592 _r_
1997 2516 2060 2570 Et

490 2586 612 2658 ego,
658 2591 832 2659 inquit
864 2587 1234 2659 Westhenius,
1272 2598 1518 2659 conatus
1562 2602 1680 2659 sum
1721 2586 1923 2659 aliquid
1957 2589 2057 2659 im-

493 2656 747 2726 pendere
774 2659 934 2724 hujus
990 2663 1063 2726 rei
1119 2657 1513 2721 dilucidationi,
1547 2658 1642 2711 sed
1690 2656 1822 2710 nihil
1857 2658 2062 2712 certius

496 2725 735 2796 reperire
778 2729 948 2798 potui.
984 2725 1167 2792 Τάξις,
1199 2743 1292 2782 seu
1334 2727 1616 2798 diSpositio
1654 2727 2059 2798 patriarchalis,

495 2794 600 2869 quia
665 2794 1096 2869 metropolitanis
1163 2806 1218 2851 et
1288 2794 1598 2869 episcopis
1637 2794 1781 2869 ordo
1847 2795 2062 2850 sedendi

499 2867 825 2935 assignatur,
846 2867 1074 2934 corpori
1106 2881 1371 2921 canonum
1395 2867 1651 2921 Ecclesia:
1675 2867 1880 2920 Gracia
1904 2880 2055 2919 com-

499 2939 767 2993 mentario
789 2939 986 3006 duplici
1011 2935 1232 2991 Zonaras
1257 2947 1311 2988 et
1331 2937 1669 2990 Balsamonis
1694 2935 1964 3006 illustrato
1989 2937 2056 2989 ad

496 3009 700 3062 calcem
741 3005 974 3076 adiecta,
1012 3015 1064 3060 ct
1094 3006 1161 3059 ab
1213 3007 1518 3060 Euimundo
1561 3006 1834 3076 Bouelidio
1869 3005 1966 3059 lib.
2014 3022 2053 3058 ll

491 3080 642 3133 Juris
675 3075 950 3131 orientalis
997 3077 1232 3138 inserta,
1286 3077 1425 3130 inter
1459 3075 1784 3144 metr0p0les
1831 3090 2057 3129 numero

501 3163 648 3202 uvu
719 3149 869 3218 ponit
919 3147 1019 3218 τὴν
1079 3146 1406 3216 Γερμανίαν,
1437 3145 1779 3218 Germaniam
1812 3159 1832 3197 :
1878 3155 1935 3198 at
1978 3146 2060 3199 in-

501 3164 648 3202 ιινιι
719 3164 869 3270 ῨΟΙΙΙι
919 3164 1019 3218 την
1079 3164 1406 3216 ιερμανιαν,
1437 3164 1778 3200 Germaniam
1812 3164 1832 3197 ἔ
1878 3164 1935 3198 al.
1978 3164 2060 3199 ιιι-

501 3229 586 3272 ter
629 3217 1123 3286 arciiepiscopatus
1165 3221 1348 3271 sedem
1388 3228 1635 3285 quartam
1675 3216 1918 3286 assignat
1949 3218 2065 3286 frui;

497 3287 776 3367 I‘epplozg,
807 3285 861 3367 et
900 3289 1216 3367 vicesimam
1270 3299 1521 3367 octavam
1688 3285 2066 3367 Fépian..Qtiai

501 3355 828 3412 confirmant
872 3356 1308 3410 observationem
1362 3355 1433 3410 cl.
1470 3355 1648 3410 liuetii
1702 3370 1732 3408 e
1766 3355 1988 3409 Co—dino
2014 3365 2069 3409 et

498 3427 696 3480 Leonis
729 3425 967 3489 διατάξει
1025 3426 1265 3477 allatam.
1303 3424 1699 3494 Antiquissima
1740 3424 1832 3494 illa
1875 3423 2068 3489 Dispo-

498 3499 620 3550 sitio
671 3511 701 3549 a
750 3495 1020 3549 Guilelmo
1047 3495 1340 3564 Beveregio
1392 3491 1628 3549 in‘notis
1666 3495 1731 3548 ad
1769 3491 2067 3547 Pandeclas

500 3567 779 3620 canonicos
810 3564 1108 3619 Graecorum
1141 3564 1362 3620 Oxonia:
1385 3566 1576 3634 editas,
1606 3564 1809 3634 publici
1835 3565 2067 3632 primum

501 3638 640 3704 juris
670 3634 843 3698 facta;
875 3650 976 3701 qua
1025 3649 1214 3704 omnes
1257 3633 1582 3704 metrOpolcs
1608 3633 1683 3688 iet
1729 3633 2072 3702 episcopatus

506 3703 742 3773 quinque
777 3705 1099 3772 patriarchis
1140 3703 1408 3770 Romano,
1441 3704 2070 3773 Constantinopolitano,

503 3771 861 3834 Antiocheno,
916 3773 1288 3827 Alexandrino
1327 3784 1383 3828 et
1441 3771 1900 3842 Jerosolymitano
1948 3773 2074 3826 sub-

497 3847 626 3915 jecti
692 3855 943 3899 accurate
1010 3854 1399 3915 recensentur,
1457 3841 1797 3915 Germaniam
1849 3843 2072 3896 omnino

501 3912 742 3986 praeterit
784 3933 797 3968 :
825 3924 883 3968 ut
923 3912 1322 3986 mu!tts_postea
1352 3914 1512 3967 annis
1537 3913 1921 3986 demumjnter
1957 3928 2070 3986 me-

505 3981 744 4053 iropoles
777 3993 1084 4052 cooptatam
1119 3981 1288 4038 fuisse
1353 3997 1576 4053 necesse
1619 3984 1707 4037 sit.
1759 3981 1967 4037 Rursus
2019 3982 2070 4034 in

501 4052 685 4110 codice
730 4069 992 4108 canonum
1030 4053 1282 4107 Ecclesia:
1327 4052 1596 4119 Africana:
1647 4055 1787 4106 inter
1833 4053 2073 4108 Subscri-

543 4127 716 4179 tiones
754 4127 1131 4193 episcoporum
1163 4140 1390 4178 numero
1423 4139 1514 4177 vui
1545 4133 1702 4177 estet
1735 4123 1885 4193 haac:
1926 4123 2072 4178 Κάν-

543 4143 716 4179 tiones
754 4143 1131 4193 episcoporum
1163 4143 1390 4178 numero
1423 4143 1514 4177 vui
1545 4143 1626 4177 εει
1647 4143 1702 4176 et
1735 4143 1885 4176 mea:
1927 4143 2072 4178 nav-

499 4143 995 4266 gtdogl‘sppavla;
1042 4195 1152 4266 rei;
1209 4194 1443 4266 παροῦσι
1478 4192 1912 4266 πεπραγμένοις
1967 4196 2073 4247 ὑπ-

507 4264 744 4336 ἐγραψα.
766 4262 1052 4319 Ὀαηάὶάιιε
1074 4262 1386 4336 Germania:
1434 4263 1515 4336 his
1563 4262 1742 4333 gem.
1769 4266 2072 4330 subscripsi.

503 4332 726 4389 Licetne
775 4336 900 4388 hinc
930 4333 1258 4388 concludere
1284 4337 1446 4388 etiam
1475 4332 1828 4388 Germaniam
1877 4348 2073 4402 quam-

504 4407 625 4458 dam
659 4407 710 4457 in
745 4406 925 4457 Africa
958 4402 1163 4457 fuisse?
1196 4405 1494 4458 Audiamus
1519 4405 1646 4470 quid
1679 4406 1762 4456 vir
1801 4405 2074 4472 amplissi-

2168 1909 2306 1963 simo
2349 1906 2554 1962 factum
2605 1909 2862 1963 Erasmus
2910 1909 3023 1978 (92)
3071 1909 3368 1964 arbitratur
3411 1924 3478 1964 ex
3547 1907 3736 1974 Suida,

2175 2009 2393 2055 auctore
2421 2000 2621 2054 nullius
2656 2001 2840 2070 pretii,
2878 2002 2968 2071 qui
3001 2016 3069 2057 ex
3116 2001 3332 2058 Eusebii
3360 2003 3552 2072 pannis
3591 2003 3740 2073 prius

2172 2090 2426 2162 Origenis
2450 2093 2706 2163 elogium,
2734 2093 2789 2148 in
2814 2109 2923 2163 quo
2952 2097 3216 2165 scriptum
3252 2096 3355 2150 hoc
3386 2104 3585 2160 exstat,
3617 2108 3740 2163 per-

2179 2185 2389 2240 turbate
2433 2193 2489 2240 et
2523 2186 2877 2254 incomposite
2907 2188 3162 2255 consuit),
3202 2196 3259 2241 et
3293 2186 3574 2241 Canticum
3605 2201 3737 2241 can-

2183 2276 2408 2332 ticorum
2441 2275 2866 2346 expositionibus
2899 2275 3167 2332 illustrare
3201 2277 3472 2332 instituit:
3508 2291 3732 2347 quarum

2171 2519 2521 2590 Epiphanius
2556 2519 2607 2573 in
2660 2522 2943 2584 Ancomlo,
2998 2529 3052 2575 et
3102 2519 3300 2589 Georg.
3344 2518 3626 2590 Syncellus
3678 2521 3729 2574 in

2162 2589 2594 2658 Chronographia
2626 2604 2744 2658 pag.
2763 2590 2831 2643 47
2853 2607 2867 2653 ;
2889 2591 3180 2645 Carnarius
3205 2589 3472 2657 interpres
3497 2590 3728 2657 Epipha-

2166 2661 2241 2714 nii
2300 2657 2592 2713 Co’rmauos
2630 2657 2824 2714 vertit.
2876 2659 3058 2726 Itaque
3111 2670 3236 2714 sunt
3283 2659 3468 2713 incolae
3507 2660 3730 2713 Garma-

2164 2730 2284 2800 niaz,
2333 2729 2432 2798 τῆς
2475 2728 2820 2800 Καρμανίας,
2856 2730 3104 2800 regionis
3137 2730 3304 2800 inter
3354 2730 3629 2800 Persidem
3679 2739 3736 2785 et

2162 2798 2365 2869 l-ndiam
2390 2797 2534 2860 sitae,
2565 2797 2725 2867 quam
2751 2797 3068 2853 l’tolemazus
3096 2799 3185 2852 lib.
3211 2815 3286 2866 vn,
3322 2814 3372 2854 c.
3419 2799 3452 2853 8
3495 2797 3732 2869 Geogra-

2165 2868 2616 2938 phireAdescribit.
2662 2869 2809 2922 liaitc
2841 2870 3183 2923 Carmaniam
3213 2869 3465 2938 observat
3523 2868 3734 2924 Mirmus

2159 2936 2214 2992 iu
2293 2936 2659 3007 Topographia
2731 2939 3102 3007 ecclesiastica,
3165 2941 3326 2994 etiam
3389 2936 3729 2992 Germaniam

2162 3008 2363 3068 vocari,
2411 3006 2467 3061 et
2524 3008 2822 3062 Salmasius
2881 3011 3023 3077 apud
3084 3006 3351 3073 Soliuum,
3403 3008 3634 3062 Plinium
3683 3018 3738 3062 et

2161 3077 2490 3132 Marcianum
2549 3078 2816 3144 Capellam
2881 3081 2931 3132 in
2989 3081 3294 3133 veterrimis
3336 3081 3730 3144 exemplaribus

2167 3164 2297 3202 mss.
2361 3147 2698 3201 Germaniam
2755 3163 2850 3214 pro
2901 3148 3210 3213 Carmania,
3263 3151 3390 3203 item
3457 3147 3736 3200 Germani-

2167 3235 2284 3271 cum
2348 3233 2445 3289 pro
2501 3216 2833 3289 Carmanicq
2877 3220 3080 3285 scripta
3140 3221 3361 3289 reperit.
3424 3218 3553 3289 Vide
3607 3217 3740 3271 Pli—

2169 3293 2315 3341 nian.
2351 3285 2617 3358 Ὲξειτὶι.
2679 3289 2732 3342 in
2766 3285 3055 3358 riSolinum,
3092 3285 3239 3358 pagi.
3299 3287 3425 3344 Ωιι).
3484 3286 3571 3341 Nil
3644 3289 3741 3341 ad-

2170 3361 2292 3411 dam
2335 3358 2399 3411 de
2427 3356 3039 3428 GcrmaniaiEurOpaea,
3073 3357 3138 3412 de
3178 3356 3289 3428 qua
3340 3358 3602 3428 Origenes
3652 3359 3740 3412 hic

2171 3428 2480 3494 neutiquam
2543 3429 2673 3496 agit.
2726 3427 2967 3491 Interim,
3024 3444 3183 3495 quam
3235 3427 3574 3482 Germaniam
3641 3428 3742 3480 in-

2171 3507 2255 3550 ter
2302 3501 2480 3565 plures
2532 3498 2649 3568 illas
2687 3498 2944 3567 intelligat
2988 3497 3269 3568 Origenes,
3327 3499 3456 3552 mliti
3496 3498 3742 3565 judicare

2172 3582 2278 3620 non
2312 3582 2599 3636 praesumo.
2634 3567 2832 3624 Lector
2862 3569 3108 3622 eruditus
3140 3569 3324 3636 eligat,
3355 3584 3514 3636 quam
3555 3582 3739 3621 rerum

2171 3639 2907 3707 gesmrunrcircumstantiis
2940 3642 3261 3707 cognoverit
3289 3637 3743 3692 convenientissi-

2173 3722 2340 3760 mam.
2375 3726 2392 3756 ι
2427 3705 2549 3761 Haec
2623 3707 2990 3762 Westbenius.
3015 3705 3115 3761 Ἅι
3152 3709 3523 3761 'l‘illcmoutius
3546 3747 3559 3768 ,
3611 3717 3741 3762 tom.

2176 3775 2245 3829 lll
2303 3776 2681 3831 Memoriarum
2718 3780 2788 3830 ad
2829 3778 3112 3832 ecclesiasl.
3167 3776 3397 3843 Histor.,
3454 3793 3574 3845 pag.
3613 3777 3742 3841 272,

2175 3848 2404 3900 miratur
2436 3863 2694 3915 quorsum
2723 3849 2790 3901 de
2829 3850 2929 3902 hac
2969 3848 3261 3903 Germania
3295 3857 3375 3901 tot
3417 3857 3736 3900 moveantur

2175 3916 2533 3988 difﬁcultates,
2575 3919 2728 3986 quasi
2761 3917 2814 3972 id
2837 3919 2979 3986 quod
3003 3920 3078 3971 ait
3107 3920 3389 3988 Origenes,
3418 3917 3484 3971 de
3511 3915 3737 3971 Germa-

2175 3989 2262 4039 nia
2310 3987 2573 4056 Europzea
2626 4005 2729 4041 non
2781 3988 2950 4057 possit
3008 3987 3252 4057 intelligi,
3306 3989 3393 4040 ubi
3433 3988 3742 4057 imperator

2176 4058 2439 4110 salutatus
2466 4055 2560 4111 est
2609 4055 2936 4111 Maximinus
2979 4068 3033 4112 et
3080 4055 3315 4110 ubi—diu
3363 4055 3500 4110 bella
3553 4057 3739 4123 gessit.

2175 4124 2291 4178 Mos
2323 4129 2466 4178 enim
2503 4128 2574 4181 illi
2607 4139 2726 4182 erat
2762 4125 3252 4197 testeHerodiano,
3297 4142 3421 4197 pag.
3463 4125 3586 4197 592,
3614 4125 3738 4191 595,

2177 4211 2243 4250 ex
2273 4197 2872 4265 remotissimisimperii
2894 4196 3092 4252 ﬁnibus
3112 4195 3474 4251 nobilissimos
3496 4195 3743 4250 homines

2177 4267 2245 4318 ad
2280 4281 2337 4319 se
2360 4281 2613 4336 evocare,
2654 4277 2710 4321 ut
2743 4282 2841 4335 per
2880 4267 3073 4321 itinera
3111 4268 3405 4336 ignominia
3459 4276 3510 4319 et
3547 4265 3746 4320 labori-

2179 4336 2282 4389 bus
2334 4335 2634 4401 confectos,
2688 4337 3029 4404 postmodum
3089 4338 3202 4405 ipse
3261 4352 3371 4391 sua:
3411 4337 3653 4388 avaritia:
3693 4343 3750 4388 et

2179 4405 2487 4476 crudelitati
2514 4406 2837 4460 immolaret.
2872 4406 3010 4473 Quid
3047 4423 3177 4476 ergo
3218 4418 3368 4461 vetat
3397 4405 3744 4476 Ambrosium

504 4489 647 4539 mus,
675 4475 915 4544 mihique
961 4473 1146 4544 multis
1187 4475 1496 4544 nominibus
1531 4471 2066 4544 honorandus’Hen—
2100 4476 2144 4532 D
2175 4484 2230 4526 et
2257 4473 2623 4529 Protoctetum
2653 4478 2717 4530 ad
2742 4491 2863 4529 eum
2895 4471 3096 4544 pariter
3113 4471 3376 4530 adductos
3400 4475 3600 4528 fuisse?
3635 4476 3748 4530 Cae-

506 4545 654 4597 ricus
710 4542 988 4605 .Iustellus,
1041 4543 1094 4596 in
1147 4543 1518 4606 pulcherrimo
1575 4553 1738 4612 atque
1783 4543 2071 4598 utilissimo

505 4627 669 4684 opere
713 4615 1046 4666 Bibliothecw
1076 4616 1359 4684 canonica:
1409 4626 1539 4684 tpm.
1584 4614 1624 4675 l,
1660 4628 1780 4684 pag.
1825 4613 1951 4674 412,
2005 4615 2071 4666 ad

508 4679 624 4736 haec
671 4684 924 4736 observet
976 4700 990 4735 :
1061 4682 1333 4736 Candidus
1399 4679 1754 4747 Germanice;
1801 4683 2073 4737 Candidus

506 4753 776 4821 episcOpus
838 4751 1163 4806 Abilincnsis
1218 4751 1745 4807 Germanicianorum
1799 4750 2069 4807 Ecclesiw.

506 4823 647 4875 Sunt
677 4833 855 4875 autem
882 4824 1225 4876 Abitinenses
1279 4821 1475 4875 Africa:
1503 4826 1751 4893 populus,
1786 4826 1942 4889 cujus
1974 4825 2074 4876 ali-

506 4893 718 4958 quoties
745 4894 1072 4946 mentionem
1105 4893 1235 4963 facit
1258 4893 1593 4963 Augustinus
1625 4893 1760 4963 libro
1803 4908 1864 4963 ιιι
1891 4893 2077 4946 adver-

505 4980 594 5016 sus
630 4963 1065 5015 Parmenianum.
1103 4962 1159 5016 ln
1205 4960 1394 5016 iisdem
1423 4960 1627 5016 Conon.
1685 4962 1830 5015 Eccl.
1879 4963 2073 5029 Atria,

479 5057 488 5066 ί
508 5048 631 5112 pag.
657 5033 783 5112 5§4,
810 5032 948 5112 5851,.
982 5034 1220 5112 alibique
1246 5034 1306 5086 lit
1338 5033 1538 5112 mentio
1580 5033 1678 5112 τῇς
1704 5033 1827 5112 veg;
1861 5032 2078 5104 Γερμα-

505 5100 623 5168 νοῦ,
685 5103 851 5156 Νουω
907 5100 1226 5165 Germaniae,
1281 5103 1421 5155 unde
1475 5100 1714 5170 proclive
1757 5105 1900 5156 l'orct
1938 5100 2078 5158 con-

503 5174 672 5242 jicere
719 5173 854 5226 duas
897 5174 1066 5226 fuisse
1092 5172 1412 5227 Germanias
1464 5175 1516 5226 in
1559 5174 1742 5227 Africa
1784 5189 1797 5226 :
1850 5175 2078 5228 alteram

510 5242 830 5310 simpliciter
854 5245 933 5298 sic
963 5244 1161 5296 dictam
1183 5245 1459 5312 ;alteram,
1484 5246 1628 5312 quod
1657 5257 1847 5297 recens
1862 5245 2076 5298 condita

510 5325 676 5383 esset,
699 5327 890 5366 novam
918 5314 1264 5382 appellatam.
1296 5311 1620 5383 Herodotus,
1648 5314 1742 5368 lib.
1769 5327 1808 5374 ι,
1834 5329 1953 5383 pag.
1987 5314 2075 5376 60,

510 5380 709 5452 Bersia}
759 5380 1003 5451 populos
1045 5397 1308 5436 enarratis
1356 5382 1433 5436 sic
1469 5383 1752 5452 loquitur:
1788 5380 1970 5437 ἈλΧοι
2022 5383 2080 5436 δὲ

509 5449 1012 5525 Πέρσαιέζᾳῖν-Αοῖδε
1070 5449 1828 5525 ΠανθήλαιθιηΔηρουσιαῖοι2
1867 5455 2082 5525 Γερμά-

512 5519 637 5590 νιοι.
701 5523 808 5575 Διὶί
861 5520 1044 5576 Ρετειε
1101 5524 1156 5575 Iu'
1216 5519 1338 5576 sunt
1419 5519 1730 5590 Pau't'hclwi,
1794 5519 2080 5587 Derust'wt',
2148 5530 2151 5533 ’

514 5589 819 5663 Germ_anii._
870 5591 1136 5646 Eusebius
1197 5593 1251 5646 in
1307 5590 1606 5658 Chronico,
1661 5609 1714 5663 p.
1770 5595 1878 5658 11,
1941 5594 2082 5647 inter

513 5661 737 5734 populus
786 5661 1090 5734 Orientales
1121 5677 1150 5715 a
1200 5663 1362 5716 Semo
1397 5661 1705 5730 progenitos
1758 5663 2083 5734 rcfertl‘ag-

514 5731 737 5798 μανοὺς,
799 5730 1088 5788 Germanos
1131 5745 1150 5783 :
1207 5741 1262 5788 et
1318 5743 1439 5800 post
1493 5749 1617 5787 eum
1677 5735 1819 5789 idem
1876 5730 2083 5788 faciunt

2180 4545 2641 4618 terum__lScclesizc
2687 4546 3040 4618 Caesariensis
3073 4550 3354 4618 presbyter
3395 4546 3744 4618 Protoctctus

2174 4616 2313 4686 apud
2340 4613 2722 4686 Hieronymmn
2754 4618 2804 4669 in
2831 4613 3287 4686 Catalagfscrip't.
3328 4617 3533 4679 εει-[ειη
3562 4615 3649 4668 ubi
3683 4618 3750 4670 de

2173 4685 2482 4752 Autbrosio,
2501 4685 3135 4741 vacatur'l‘lieoctistus.¢
3162 4689 3490 4740 Ambrosius
3518 4689 3748 4752 primunt

2175 4751 2543 4826 Marcionites;
2582 4757 2774 4811 deinde
2806 4759 2872 4810 ab
2899 4755 3133 4826 Origene
3157 4767 3464 4818 correctus,
3495 4753 3751 4808 Ecclesiae

2177 4825 2838 4896 diaconus,conlcssionis
2870 4825 3160 4881 Dominicac
3183 4827 3350 4896 gloria
3372 4826 3601 4894 insignis
3630 4826 3750 4896 fuit,

2177 4894 2262 4945 cui
2307 4909 2402 4966 pro
2453 4894 3142 4966 'l‘licoctisto“presbytero
3191 4894 3329 4948 iiber
3371 4897 3628 4964 Origenis
3673 4894 3750 4946 De

2181 4965 2723 5032 martyriolscribitur.
2739 4984 2758 5017 ι
2784 4963 2912 5020 Mihi
2934 4963 3064 5019 sane
3080 4981 3392 5035 persuasum
3407 4963 3489 5018 est
3505 4979 3748 5035 errorem

2177 5047 2298 5087 esse
2321 5038 2754 5106 amanuensium,
2785 5038 2877 5104 qui
2912 5034 3202 5105 genuinam
3236 5035 3546 5106 Hieronymi
3575 5034 3751 5106 lectio-

2180 5117 2302 5177 nem
2343 5121 2361 5153 ι
2395 5107 2482 5158 cui
2508 5117 2562 5177 et
2593 5103 3286 5177 l’rotog’ctmpresbytero,
3326 5124 3344 5156 ι
3379 5103 3658 5177 verterunt
3698 5103 3751 5154 in

2180 5172 2361 5244 istam,
2406 5194 2423 5225 ι
2465 5176 2552 5228 cui
2612 5191 2709 5244 pro
2769 5172 3481 5244 Tlicoctisto'presbytero.
3523 5193 3542 5225 ι
3578 5175 3750 5244 Error

2181 5242 2308 5296 inde
2340 5242 2658 5300 manifestus
2679 5255 2781 5310 est,
2816 5249 2955 5313 quod
2994 5264 3098 5300 non
3133 5242 3422 5299 Ambrosio
3449 5260 3546 5314 pro
3575 5242 3750 5296 Theo-

2189 5313 2376 5373 ctisto,
2409 5317 2502 5367 sed
2537 5317 2768 5384 utrique,
2800 5315 3094 5370 Ambrosio
3131 5330 3324 5383 nei‘npe
3355 5323 3410 5368 et
3442 5313 3750 5384 ProtoCteto

2182 5386 2508 5507 Bresbytero
2531 5382 2681 5439 suam
2717 5393 2782 5440 ad
2817 5393 3138 5457 niartyrium
3177 5382 3500 5458 παραίνεσιν
3549 5382 3750 5438 miserit

2233 5468 2465 5507 ram-nes.
3043 5487 3051 5496 ς

2233 5468 2465 5519 iugi-nes.
3043 5487 3051 5496 ρ

2254 5523 2364 5592 (89)
2396 5521 2501 5592 Jul.
2532 5523 2764 5592 Capitol.
2793 5526 2847 5577 in
2876 5525 3098 5579 Maxim.
3121 5537 3166 5580 et
3205 5525 3355 5579 Balb.

2255 5597 2367 5662 (90)
2397 5591 2737 5662 Hieronym"
2779 5596 2852 5648 De
2875 5609 3054 5664 script.
3078 5598 3284 5660 eccles.,
3316 5612 3436 5664 cap.
3466 5593 3558 5651 67.

2259 5664 2371 5738 till)
2403 5664 2621 5738 [flusch
2656 5663 2854 5738 Histor.
2881 5663 3031 5738 ccc-1.,
3073 5669 3166 5738 lib.
3204 5683 3275 5728 vi,
3305 5663 3427 5738 cap.
3449 5666 3541 5722 52.

2259 5734 2370 5803 (92)
2409 5736 2617 5788 Era-sm.
2654 5737 2707 5788 in
2737 5750 2937 5788 ccmur.
2978 5737 3098 5790 libr.
3130 5736 3278 5806 Orig.
