4162 6412
403 408 503 463 681
1464 393 2035 454 ΟΒΙΟΕΝῙᾹΝΟΒΙΙΜ
2068 390 2196 449 LIB.
2234 380 2278 456 1,
2324 389 2475 447 CAP.
2512 386 2603 443 lll.
3565 388 3672 443 (389.

405 528 643 594 quinque
696 529 870 575 tomos
922 518 975 573 in
1034 532 1098 573 ea
1156 515 1457 572 elaboravit
1505 515 1631 570 sede
1664 532 1679 579 ;
1746 512 1979 582 reliquos
2008 521 2055 574 Α
2083 506 2280 564 ﬂorens
2306 504 2553 577 Beryllus
2589 500 2701 575 (99)
2731 500 3117 557 Bostrenoruni
3140 502 3427 571 episcopus
3462 499 3520 594 in
3552 501 3673 555 hae-

406 612 629 669 Io’tideiu
672 611 935 668 Czesareaa
990 608 1264 664 Stratonis
1307 605 1567 662 coniecit.
1639 604 1795 660 Circa
1842 604 1982 658 hanc

405 722 622 777 quoque
654 711 1027 774 tempestatem
1067 699 1393 770 jampridem
1425 696 1696 753 inchoatis
1727 696 1783 749 in
1811 694 1982 749 Joan-

406 815 521 854 nem
548 794 953 852 Commentariis
992 793 1153 847 linem
1188 792 1516 861 imposuisse
1549 787 1846 844 verisimile
1872 796 1979 851 est,

405 902 464 945 ut
495 890 632 945 infra
663 887 962 944 ostendam.
990 885 1243 938 Annuum
1277 894 1491 952 tempus
1521 880 1836 936 Atheniensi
1857 880 1981 935 huic

406 996 570 1037 morie
623 978 813 1036 tribuit
883 973 1183 1039 Halloxius,
1250 989 1352 1031 nec
1399 973 1753 1040 contradico;
1819 972 1982 1027 liceat

404 1072 566 1128 modo
629 1070 917 1139 unicuique
972 1066 1241 1137 judicium
1301 1064 1446 1120 aliud
1500 1078 1568 1118 ex
1624 1078 1686 1117 re
1739 1062 1977 1133 capienti

403 1162 711 1220 dissentire.

477 1251 726 1324 Vll.(92‘)
752 1250 1039 1306 Pristinam
1064 1249 1246 1320 itaque
1269 1250 1476 1315 sedem,
1496 1248 1798 1304 Caesaream
1827 1249 1980 1303 Straé

406 1346 549 1399 tonis
588 1343 749 1414 longo
778 1350 897 1411 pom
924 1346 1171 1410 tempore
1192 1338 1453 1409 Origenes
1471 1338 1707 1408 repetiit,
1727 1347 1889 1406 atque
1908 1336 1979 1391 ibi

403 1444 713 1505 susceptum
754 1432 1265 1486 Commentariorum
1310 1433 1366 1484 in
1409 1429 1686 1485 Canticum
1731 1444 1868 1499 opus
1913 1429 1981 1497 ad

402 1528 604 1582 exitum
626 1527 795 1581 duxit.
817 1526 1102 1581 Falluntur
1123 1534 1302 1579 autem
1326 1522 1819 1593 Magdeburgeuses
1840 1521 1978 1593 (93),

403 1633 525 1672 cuin
578 1617 729 1672 aiunt
773 1616 1059 1688 scripsisse
1113 1614 1375 1678 Suidam,
1433 1612 1723 1683 Origenem
1774 1626 1978 1665 annum

401 1710 581 1765 aetatis
610 1724 723 1765 suae
748 1709 924 1780 egisse
970 1706 1389 1776 sexagesimum,
1431 1720 1556 1761 cum
1598 1718 1661 1759 ea
1693 1703 1980 1759 Comment-

405 1799 543 1855 taria
582 1807 835 1855 exararet
866 1816 880 1854 :
914 1796 1021 1853 tale
1052 1797 1199 1853 enim
1229 1796 1527 1868 quidquam
1576 1796 1719 1867 apud
1754 1793 1978 1851 Suidam

2088 602 2252 657 resim
2282 600 2464 667 lapsus
2496 607 2617 662 est;
2651 609 2772 650 cum
2798 594 3097 659 Christum,
3136 604 3428 664 antequam
3462 592 3659 647 huma-

2088 710 2156 749 no
2182 709 2301 749 sese
2342 692 2578 760 illigaret
2623 686 2862 757 corpori,
2902 688 3035 743 nihil
3068 688 3325 744 habuisse
3358 686 3667 757 proprium,

2086 789 2181 842 sed
2225 787 2391 839 Deum
2441 786 2725 840 divinitate
2769 793 2995 855 paterna
3045 791 3279 846 tantum,
3315 796 3418 834 non
3450 781 3663 848 propria

2086 894 2151 932 ac
2181 894 2279 932 sua
2318 876 2486 932 fuisse
2537 878 2775 934 doceret.
2822 878 2994 944 Quam
3045 873 3292 929 haeresim
3325 872 3526 927 deinde
3577 871 3668 924 in~

2086 969 2348 1023 stauravit
2378 984 2441 1023 ac
2475 966 3439 1039 propugnavitSabellius.Episcopos
3454 962 3669 1019 adver-

2085 1077 2204 1116 sum
2236 1076 2295 1116 se
2350 1063 2652 1133 complures
2688 1062 2933 1133 Beryllus
2961 1060 3171 1116 nefario
3202 1060 3457 1130 dogmate
3483 1055 3667 1111 conci-

2084 1154 2183 1207 vit.
2236 1152 2487 1209 Bostram
2542 1154 2619 1209 illi
2672 1155 2725 1209 in
2777 1155 3046 1225 synodum
3107 1162 3325 1217 coeunt,
3368 1149 3665 1220 multisque

2086 1243 2362 1299 hominem
2397 1246 2801 1301 velitationibus
2832 1244 3171 1300 adoriuntur.
3227 1241 3283 1296 ld
3317 1257 3439 1295 cuiu
3474 1254 3664 1309 parum

2086 1336 2422 1406 procederet,
2462 1338 2530 1393 ad
2571 1336 2989 1408 expugnandam
3025 1335 3260 1392 hominis
3299 1331 3665 1404 pervicaciam

2086 1430 2385 1485 accersitus
2435 1438 2520 1486 est
2570 1431 2875 1501 Origenes;
2933 1431 2988 1484 in
3041 1429 3158 1500 ejus
3206 1428 3406 1497 quippe
3470 1421 3667 1493 peritia

2085 1522 2267 1576 omnia
2302 1524 2403 1577 sibi
2439 1522 2696 1593 proclivia
2748 1523 2864 1578 fore
2912 1523 3208 1594 sperabant
3231 1533 3440 1582 omnes,
3468 1526 3524 1572 et
3548 1517 3665 1585 ejus

2086 1613 2332 1669 consiliis
2386 1615 2833 1685 acquiescebant.
2888 1612 3287 1684 Frequentibus
3330 1609 3419 1665 ille
3473 1608 3668 1662 adver-

2086 1721 2206 1761 sum
2234 1706 2518 1763 haereticos
2553 1718 2608 1763 et
2639 1708 2853 1763 Iuda-os
2901 1703 3358 1777 disputationibus
3383 1704 3495 1773 jaiu
3538 1706 3667 1754 ante

2086 1797 2379 1865 exercitus,
2433 1797 2704 1871 Beryllum
2742 1809 2952 1853 summa
3008 1794 3347 1850 humanitate
3384 1805 3449 1844 ac
3491 1789 3667 1843 dexte-

403 1907 672 1964 nusquam
706 1892 964 1961 reperias.
996 1890 1093 1947 Est
1124 1890 1265 1962 apud
1302 1887 1687 1961 Hieronymum
1715 1886 1853 1959 (94),
1886 1902 1981 1943 ve-
2012 1901 2055 1958 Β
2086 1891 2247 1946 ritate
2274 1906 2568 1961 aggressus
2622 1901 2728 1960 est,
2763 1890 3037 1960 variisque
3071 1903 3232 1958 super
3266 1884 3383 1955 ejus
3410 1880 3663 1938 doctrina

403 1989 548 2043 uisse
570 1985 943 2041 Firmilianum
975 1984 1241 2042 Caesarea:
1284 1982 1639 2053 Cappadociae
1665 1981 1979 2053 episcOpum

402 2079 468 2133 ad
500 2077 807 2149 Origenem,
845 2092 941 2147 per
984 2090 1203 2132 causam
1256 2074 1499 2131 locorum
1555 2082 1890 2140 sanctorum,
1926 2080 1983 2126 ut

403 2170 542 2241 apud
574 2183 696 2224 eum
737 2166 997 2237 majorem
1053 2166 1347 2237 Scripturae
1382 2175 1586 2221 sancta:
1636 2170 1981 2235 compararet

402 2262 672 2326 notitiam,
694 2276 817 2316 cum
847 2262 1019 2330 ipsum
1049 2269 1207 2314 antea
1231 2261 1283 2313 in
1310 2256 1647 2329 Cappadocia
1676 2258 1767 2312 diu
1794 2272 1978 2313 secum

405 2356 703 2411 habuisset.
738 2355 809 2409 At
841 2353 1135 2425 Gregorius
1178 2350 1454 2422 Nyssenus
1480 2350 1600 2423 (95)
1628 2350 1682 2406 in
1731 2349 1981 2421 Oiigenis

403 2450 737 2520 disciplinam
777 2460 1049 2519 receptum
1094 2448 1265 2503 fuisse
1314 2457 1505 2503 narrat
1543 2462 1668 2503 cum
1714 2446 1981 2519 Gregorio

404 2534 806 2612 Thaumaturgo
830 2540 1226 2606 Firmilianum,
1254 2542 1547 2598 Patricium
1576 2542 1977 2613 Cappadocem,

403 2632 639 2687 nondum
689 2631 1024 2701 episcopum.
1081 2630 1177 2686 Bis
1234 2633 1418 2702 itaque
1465 2632 1688 2703 Origeni
1725 2634 1981 2689 erudien-

402 2722 529 2778 dum
554 2737 673 2778 sese
704 2721 982 2777 tradiderit
1006 2720 1389 2790 Firmilianus;
1428 2723 1659 2793 primum
1688 2734 1977 2794 antequam

402 2813 682 2880 Ecclesiae,
718 2823 881 2883 atque
912 2814 1047 2869 adeo
1078 2813 1296 2871 Christo
1329 2830 1525 2872 nomen
1572 2816 1843 2880 dedisset;
1881 2816 1980 2871 ite-

403 2921 544 2971 rum,
578 2916 859 2977 postquam
898 2922 967 2961 ex
999 2906 1169 2961 altero
1223 2906 1543 2962 Atheniensi
1582 2906 1777 2962 itinere
1801 2906 1979 2961 Caesa-

402 3011 550 3052 ream
594 2996 865 3053 Stratonis
909 3012 1160 3053 reversus
1204 3006 1308 3053 est.
1344 2996 1456 3069 (96)
1490 2997 1625 3053 Rem
1670 3006 1849 3053 autem
1903 2997 1976 3051 ita

403 3099 591 3145 narrat
619 3088 884 3146 Eusebius
911 3089 1047 3163 (97),
1078 3101 1135 3146 ut
1164 3106 1195 3145 a
1230 3100 1423 3146 neutro
1456 3090 1758 3146 dissentiat.

474 3177 604 3235 Vlll.
643 3178 756 3251 (98)
790 3178 1110 3236 Eruditione
1136 3195 1232 3251 per
1253 3180 1396 3237 idem
1430 3190 1640 3251 tempus
1665 3190 1721 3235 et
1752 3181 1971 3254 ingenio

472 3336 861 3410 (92‘)7Euseb.,
890 3336 1095 3393 Hister.
1127 3338 1279 3405 eccl.,
1312 3339 1407 3393 lib.
1439 3354 1512 3402 vi,
1540 3352 1662 3409 cap.
1694 3337 1785 3394 3‘2.

479 3408 593 3477 (95)
620 3408 868 3478 Magdeli.
892 3418 1037 3463 cent.
1069 3410 1125 3473 5,
1151 3425 1272 3478 cap.
1306 3411 1392 3464 tu.

494 3480 583 3537 94)
616 3479 835 3533 Hieron.
862 3479 1036 3533 Catal.
1066 3481 1245 3549 script.
1276 3481 1481 3542 eadem,
1519 3494 1641 3549 cap.
1673 3478 1765 3534 54.

495 3551 586 3619 95)
612 3550 841 3619 Gregor.
872 3550 1101 3619 Nysseu.
1135 3547 1243 3604 Vit.
1282 3550 1563 3604 Thaumat.

472 3619 586 3691 (96)
618 3619 743 3673 Reus
783 3631 955 3675 autem
985 3621 1062 3673 ita
1093 3631 1276 3675 narrat
1320 3619 1603 3683 Eusebius,
1632 3629 1737 3677 etc.
1786 3619 1976 3677 Hiero-

402 3690 573 3762 nymo
598 3692 814 3762 quidem
847 3692 1120 3762 consentit
1161 3690 1463 3762 Eusebius;
1514 3691 1609 3762 sed
1655 3706 1827 3762 neque
1859 3691 1969 3762 hic,

401 3759 577 3831 neque
608 3759 815 3830 uspiam
844 3761 1021 3814 innuit
1052 3760 1441 3831 Firinilianuiu
1466 3761 1619 3829 prius
1653 3759 1821 3817 fuisse
1845 3759 1970 3816 Ori-'

401 3830 554 3902 genis
591 3831 932 3902 discipulum,
984 3846 1049 3886 ac
1089 3831 1315 3902 proinde
1343 3846 1371 3884 a
1400 3830 1652 3901 Nysscno
1682 3832 1971 3887 dissentire

400 3900 633 3984 videtur.
685 3900 886 3984 Deinde
932 3902 1158 3984 multum
1204 3900 1461 3972 Nysseno’
1503 3902 1969 3984 uocetnGregorii

402 3973 573 4036 ipsius
604 3974 705 4026 hac
748 3974 816 4027 de
856 3986 913 4025 re
944 3972 1218 4027 silentium
1240 3971 1265 4037 ;’
1297 3982 1353 4026 et
1378 3974 1520 4041 quod
1554 3972 1631 4026 ait
1672 3971 1966 4044 Nyssenus,

402 4042 777 4121 Firmilianuin
810 4056 916 4121 una
953 4057 1076 4121 cum
1101 4042 1365 4121 Gregorio
1393 4042 1815 4121 Alexandriaeiu
1849 4043 1971 4097 Ori-

402 4114 556 4183 genis
592 4113 804 4168 venisse
832 4113 1199 4183 disciplinam,
1222 4112 1264 4166 ’a
1296 4112 1703 4182 Thauinaturgo
1734 4114 1854 4183 ipso
1886 4129 1970 4167 re-

400 4185 629 4247 fellitur,
681 4185 773 4251 qui
823 4182 990 4238 refert
1021 4200 1081 4238 se
1121 4182 1318 4253 Beryto
1373 4185 1668 4252 prieterita,
1705 4182 1848 4239 recta
1881 4199 1975 4237 ve-

401 4254 549 4325 uisse
577 4253 880 4308 Caesaream
910 4254 997 4308 ubi
1028 4255 1080 4309 in
1106 4254 1393 4324 Origenem
1424 4253 1639 4318 incidit,
1663 4265 1718 4309 et
1741 4254 1827 4308 ubi
1854 4261 1976 4325 post

403 4324 697 4379 multorum
732 4337 995 4395 annorum
1041 4326 1181 4393 apud
1222 4325 1367 4378 illiilli
1407 4325 1765 4393 disciplinam,
1818 4324 1977 4395 pane-

400 4396 640 4467 gyricain
670 4393 975 4467 orationem
1021 4396 1074 4449 in
1117 4395 1233 4463 ejus
1260 4396 1469 4451 laudem
1510 4395 1724 4461 habuit,
1756 4393 1881 4451 cum
1919 4395 1973 4449 in

400 4465 632 4534 patriam
667 4465 1165 4534 redituiiipararet.

473 4535 586 4607 (97)
623 4532 1019 4607 Eusebnfﬂist.
1043 4538 1195 4600 eccl.,
1222 4536 1313 4591 lib.
1348 4550 1424 4595 νι.
1455 4551 1505 4591 c.
1537 4535 1609 4590 26
1634 4535 1796 4590 et”.

493 4604 575 4660 98‘
616 4606 778 4669 Ideni,
807 4604 903 4658 lib.
933 4621 1004 4669 Vl,
1035 4623 1155 4677 cap.
1185 4607 1256 4660 20
1284 4615 1338 4661 et
1374 4607 1464 4661 '53.

472 4608 585 4746 i995
612 4673 857 4745 Beryllus
902 4674 1279 4731 Bostrenorum
1331 4678 1464 4746 epist

498 4612 561 4660 98
616 4612 778 4669 Ideni,
807 4612 903 4658 lib.
933 4621 1004 4669 Vl,
1035 4623 1155 4677 cap.
1185 4612 1256 4660 20
1284 4615 1338 4661 et
1374 4612 1464 4661 33.

498 4612 585 4748 99;
612 4673 857 4745 Beryllus
902 4674 1279 4748 Bgstrenorum
1331 4678 1602 4746 episcopus
1639 4677 1707 4748 fin
1736 4677 1978 4748 heresim

401 4746 581 4814 lapsus
633 4754 733 4811 est,
790 4755 899 4800 etc.
941 4746 1155 4801 Eusebii
1192 4748 1357 4801 verba
1425 4759 1592 4801 sunt:
1624 4746 1728 4801 Τὸν
1780 4747 1980 4814 ἐκκλη-

402 4815 677 4870 σιαστικὸν
727 4816 1123 4889 παρεκτρέπων
1180 4817 1401 4889 κανόνα,
1453 4816 1725 4889 sevum
1751 4818 1850 4889 τῆς
1889 4815 1980 4889 atl-

404 4886 983 4968 crsw;_7ra_p5tcr<p‘épeiv
1011 4889 1301 4968 ὲπςιρᾷτω
1342 4888 1434 4968 τὸν
1468 4888 1695 4968 Σιιξτῆρα
1719 4886 1834 4968 ,καὶ
1863 4888 1978 4968 Κύῖ

441 4974 517 5031 tov
571 4958 729 5031 ἡμῶν
789 4958 967 5026 λέγειν
1024 4958 1243 5031 τολμῶν(
1302 4960 1376 5031 μὴ
1422 4958 1825 5031 προῦφέσζτάναι
1860 4961 1978 5013 κατ’

404 4974 517 5082 ptov
571 4974 729 5029 ημων
790 4974 967 5026 Αεγειν
1024 4974 1239 5029 τολμων
1302 4974 1376 5042 Et]
1422 4974 1825 5031 προυφεσταναι
1860 4974 1977 5013 κατ

406 5028 539 5103 ⁸δίαν
566 5028 1127 5103 οὐσίαςλῖεερπρᾳφῂν
1156 5030 1263 5103 πρὸ
1280 5048 1385 5103 της
1411 5033 1490 5103 εις
1513 5028 1835 5103 ἀνθρῴᾃπους
1861 5031 1981 5083 ὲπι-

400 5099 600 5172 δημῐας
624 5116 647 5172 '_
678 5098 829 5172 unae
998 5098 1228 5172 θεότητά
1276 5098 1410 5155 ἰδίαν
1437 5101 1600 5171 ἔχειν,
1620 5098 1632 5103 ⁷
1654 5101 1769 5154 ἀλλ’
1808 5103 1981 5172 ἐμπο-

400 5169 750 5245 λιτεῳομένήν
775 5169 926 5245 αὐτῷ
959 5171 1126 5245 μόνην
1144 5169 1254 5245 ei»;
1281 5169 1573 5245 πατρικήν.
1626 5175 1707 5227 Ad
1740 5169 1977 5245 litteram

401 5242 539 5294 verti
575 5224 792 5310 potest:
833 5259 851 5292 i
888 5224 1973 5313 Ec'clesiasticamﬂpervertensrregulaui,

402 5325 541 5364 nova
577 5314 823 5381 quaedam
873 5326 929 5369 et
983 5314 1161 5367 aliena
1196 5326 1228 5367 a
1258 5314 1365 5368 llde
1411 5315 1679 5369 catholica
1722 5315 1979 5367 inducere

401 5391 629 5436 conatus
653 5394 738 5437 est
767 5400 781 5436 :
816 5398 983 5439 ausus
1023 5398 1268 5438 asserere
1302 5384 1586 5438 Dominum
1620 5398 1685 5438 ac
1724 5383 1976 5437 Salvato-

403 5465 517 5506 rein
556 5463 820 5518 nostrum,
853 5464 1147 5523 antequam
1188 5454 1330 5508 inter
1373 5454 1618 5509 homines
1644 5463 1975 5519 versaretur,

402 5537 509 5576 non
543 5524 849 5579 substitisse
873 5527 1168 5580 secundum
1202 5525 1436 5593 propria:
1482 5526 1796 5579 substantiae
1824 5524 1977 5579 dilic-

401 5592 670 5665 rentiam;
725 5610 823 5648 nec
870 5597 1165 5665 propriam,
1203 5592 1315 5650 sed
1376 5604 1658 5662 paternam
1713 5598 1979 5649 duntaxat

400 5664 742 5719 divinitatem
774 5667 827 5717 in
870 5664 927 5719 Se
970 5668 1292 5720 residentem
1327 5665 1545 5719 habere.
1587 5684 1606 5716 ι
1640 5665 1841 5727 Οὐσίας
1885 5681 1978 5718 πε-

402 5735 644 5813 ριγραφὴ
676 5735 811 5788 nihil
835 5736 979 5789 aliud
1010 5747 1126 5799 est,
1164 5750 1325 5804 quam
1364 5736 1681 5816 substantia;
1726 5738 1978 5790 ditfereiic

402 5816 495 5882 tia.
520 5805 635 5859 Non
653 5806 889 5882 errabat
917 5808 1083 5875 igitur
1113 5805 1376 5882 Beryllus,
1404 5822 1528 5861 cum
1550 5806 1825 5882 Christum
1851 5815 1978 5859 ante

401 5876 834 5931 incarnationem
887 5893 993 5931 non
1041 5878 1353 5931 substitisse
1391 5877 1690 5932 scCundum
1723 5876 1975 5931 substan-

720 5971 993 6032 Pnnoe.
1028 5973 1145 6034 Cn.
1186 5970 1383 6032 XVII.

2087 1982 2286 2038 habitis
2315 1985 2681 2051 sermonibus,
2723 1982 3127 2053 deprehensum
3171 1978 3387 2033 tandem
3421 1988 3665 2031 errorem

2084 2076 2422 2145 argumentis
2465 2077 2536 2131 ita
2581 2076 2851 2147 coarguit,
2895 2084 2955 2129 ut
2999 2088 3122 2129 eum
3156 2073 3373 2142 penitus
3426 2067 3667 2137 eiuraret

2084 2165 2346 2238 Beryllus,
2401 2182 2629 2237 seseque
2668 2170 2823 2224 bona:
2866 2167 3033 2222 menti
3088 2165 3302 2222 restitui
3365 2172 3665 2235 pateretur.

2083 2258 2199 2326 Qua
2237 2274 2295 2314 re
2322 2273 2390 2315 ex
2421 2269 2547 2316 voto
2578 2261 2854 2326 confecta,
2889 2261 2944 2314 in
2981 2258 3325 2314 Palaestinam
3360 2257 3479 2312 sine
3512 2270 3665 2310 inora

2083 2350 2343 2421 Origenes
2381 2367 2443 2409 se
2478 2356 2703 2422 recepit.
2731 2353 2915 2424 Neque
2942 2366 3075 2407 sane
3104 2351 3237 2406 tanti
3271 2348 3523 2407 beneﬁcii
3550 2361 3667 2402 me-

2084 2443 2334 2508 moriam,
2384 2444 2476 2510 qui
2507 2444 2609 2499 fuit
2636 2445 2875 2501 hominis
2920 2442 3147 2510 candor,
3197 2443 3338 2512 apud
3390 2455 3516 2497 sese
3550 2440 3667 2494 diu~

2086 2535 2343 2591 turnitate
2374 2539 2727 2592 extabescere
2754 2553 2950 2608 passus
2983 2547 3067 2593 est
3104 2536 3381 2609 Beryllus;
3418 2533 3512 2589 sed
3538 2549 3665 2591 eam

2082 2626 2440 2695 sequentibus
2491 2628 2690 2683 deinde
2741 2630 2900 2685 anuis
2952 2631 3198 2694 recoluit,
3245 2639 3299 2685 et
3351 2628 3564 2699 scriptis
3595 2632 3665 2682 ad

2081 2717 2373 2789 Origenem
2428 2719 2669 2789 epistolis
2724 2730 2954 2777 testatus
3006 2731 3108 2777 cst.
3150 2722 3274 2777 llaec
3304 2736 3427 2777 cum
3469 2721 3665 2791 synodi

2080 2812 2239 2879 actis,
2303 2812 2535 2882 aliisque
2582 2812 2742 2884 hujus
2786 2813 2888 2868 viri
2920 2813 3284 2868 monumentis
3328 2810 3495 2867 multo
3542 2818 3666 2880 post

2081 2914 2311 2962 servatae
2337 2915 2394 2960 et
2436 2907 2718 2961 doctorum
2767 2905 2998 2961 lectione
3037 2915 3311 2976 usurpata:
3362 2913 3523 2970 sunt;
3566 2902 3664 2958 sed

2084 3000 2342 3069 temporis
2369 3000 2587 3054 demum
2619 3008 2894 3054 vetustate
2924 2998 3341 3054 interciderunt.

2150 3091 2244 3147 IX.
2289 3090 2481 3148 Annus
2512 3090 2714 3148 Christi
2765 3090 2894 3156 244,
2948 3094 3041 3162 qui
3106 3090 3209 3144 fuit
3255 3090 3510 3161 Origenis
3542 3105 3660 3155 ιιι,

2081 3181 2359 3239 Gordiano
2420 3191 2632 3239 sextum
2690 3182 2802 3253 jam
2861 3198 3062 3237 annum
3123 3182 3411 3251 imperanti
3475 3180 3663 3238 feralis

2002 3343 2046 3402 C
2082 3338 2170 3395 tia:
2203 3337 2565 3395 diﬂ‘erentiam
2601 3338 2833 3402 dicebat,
2862 3339 2904 3393 si
2931 3338 3119 3403 οὐσίας
3156 3340 3374 3395 nomine
3400 3339 3661 3395 substan-

2083 3410 2212 3465 tiam
2244 3425 2659 3481 nonpersonaiii
2710 3409 3084 3481 intelligebat;
3140 3424 3314 3478 neque
3361 3409 3502 3464 enim
3534 3409 3655 3481 alia

2080 3489 2166 3535 est
2196 3478 2497 3535 substantia
2527 3478 2727 3544 Patris,
2754 3481 2859 3534 alia
2892 3480 3013 3535 Filii
3044 3497 3059 3533 :
3092 3495 3195 3534 non
3225 3481 3444 3535 errabat
3471 3480 3659 3550 utique

2081 3565 2203 3607 cum
2246 3550 2534 3607 Dominum
2585 3563 2827 3605 nostrum
2862 3566 2968 3605 non
3021 3551 3227 3605 habere
3280 3552 3495 3605 dicebat
3527 3566 3663 3619 pro-

2098 3622 2255 3677 )riam
2285 3622 2563 3686 deitatem,
2604 3624 2698 3675 sed
2730 3630 2939 3676 tantum
2973 3631 3250 3691 paternam
3277 3623 3329 3675 iii
3355 3623 3473 3691 ipso
3503 3622 3662 3676 inha-

2098 3638 2255 3677 rriam
2285 3638 2563 3686 deitatem,
2604 3638 2698 3675 sea
2730 3638 2939 3676 tantum
2973 3638 3250 3691 paternam
3277 3638 3329 3675 iii
3356 3638 3473 3691 ipso
3504 3638 3659 3676 inna-

2080 3638 2359 3747 iiitantein.
2394 3691 2578 3761 Neque
2606 3692 2749 3746 enim
2777 3691 2995 3762 propria
3044 3698 3130 3747 est
3167 3692 3425 3762 divinitas
3456 3691 3659 3757 Patris,

2080 3762 2299 3832 propria
2329 3761 2488 3829 Filii;
2522 3762 2618 3816 sed
2650 3778 2752 3816 una
2780 3761 3080 3832 eademque
3110 3773 3194 3816 est
3221 3761 3402 3816 Pati-is
3442 3778 3506 3817 ac
3532 3762 3659 3818 Filii

2077 3848 2142 3887 ac
2175 3832 2410 3902 Spiritus
2440 3832 2613 3887 sancti
2643 3833 2900 3887 divinitas
2930 3850 2943 3885 :
2974 3832 3173 3900 alioqui
3203 3841 3315 3888 tres
3342 3841 3528 3887 essent
3557 3835 3658 3897 dii,

2079 3919 2183 3957 non
2213 3919 2349 3957 unus
2372 3903 2533 3959 Deus.
2570 3903 2642 3956 Ita
2672 3902 2718 3957 si
2743 3905 2916 3959 sensit
2940 3902 3203 3974 Beryllus,
3240 3904 3515 3974 immerito
3544 3903 3661 3957 cul-

2079 3985 2236 4043 patur
2295 3975 2440 4043 quod
2495 3974 2926 4029 ecclesiasticam
2992 3972 3320 4042 penei-terit
3372 3972 3655 4043 regulam:

2081 4045 2191 4098 imo
2236 4044 2526 4098 Arianisnii
2581 4058 2731 4097 reum
2781 4059 2841 4101 se
2892 4044 3073 4114 prodit
3099 4045 3213 4114 ipse
3267 4044 3553 4109 Eusebius,
3592 4046 3656 4099 .si

2080 4116 2258 4170 haacce
2290 4126 2447 4169 vocat
2502 4128 2642 4168 nava
2678 4115 2832 4171 etab
2893 4114 3166 4170 catholica
3220 4115 3326 4169 lide
3349 4114 3525 4169 aliena
3561 4114 3660 4168 do-

2079 4196 2284 4254 gmata.
2343 4184 2537 4241 Verum
2582 4184 2871 4241 admodum
2918 4185 3199 4256 probabile
3251 4195 3333 4240 cst
3382 4184 3655 4254 Berylluiu

2076 4256 2263 4326 οὐσίαν
2294 4256 2568 4325 accepisse
2595 4270 2693 4323 pro
2716 4270 2971 4326 persona,
3015 4270 3167 4310 more
3195 4257 3275 4309 sui
3305 4256 3513 4320 saeculi,
3549 4270 3659 4325 quo

2076 4325 2233 4381 οὐσία
2262 4338 2316 4381 et
2361 4326 2680 4391 ὑπόστασις,
2710 4325 2851 4382 inter
2877 4341 2937 4382 se
2974 4327 3465 4381 confundebantur.
3498 4326 3659 4380 Erra-

2080 4400 2171 4451 bat
2199 4398 2364 4468 igitur
2401 4396 2667 4467 Beryllus,
2702 4399 2796 4467 qui
2850 4396 3131 4468 Christum
3164 4407 3291 4451 ante
3321 4397 3657 4468 incarnatio-

2081 4483 2203 4521 nem
2226 4466 2428 4521 nullain
2464 4466 2693 4536 propriae
2721 4466 2969 4535 personae
2997 4466 3359 4522 dill‘ereiitiam
3398 4467 3659 4521 habuisse

2008 4569 2051 4624 Ι)
2081 4538 2313 4624 dicebat.
2339 4539 2496 4593 Certe
2524 4538 2898 4624 Hieronymus.
2924 4539 2976 4624 in
3009 4538 3266 4624 Cat-iitrogo
3299 4538 3550 4624 scriptor.
3579 4553 3659 4619 ec:

2086 4608 2391 4670 clesiastic.,
2444 4626 2564 4677 cap.
2607 4611 2698 4671 60,
2729 4608 2839 4663 non
2886 4610 2937 4663 id
2980 4612 3123 4678 quod
3153 4609 3415 4662 Eusebius
3441 4608 3658 4662 crimini

2086 4680 2250 4750 vertit
2285 4679 2533 4750 Beryllo;
2582 4681 2677 4733 sed
2717 4679 2770 4733 id
2820 4680 2994 4734 solum
3028 4682 3249 4744 asserit,
3293 4678 3563 4750 Beryllum
3602 4679 3659 4733 iii

2086 4749 2338 4820 haeresim
2385 4749 2661 4815 incidisse,
2704 4767 2723 4801 i
2756 4765 2877 4820 quae
2928 4750 3204 4804 Christum
3239 4761 3365 4802 ante
3404 4749 3660 4804 incarna-

2089 4819 2287 4891 tjoueui
2321 4830 2497 4890 negat.
2535 4838 2555 4872 i
2590 4820 2665 4891 De
2688 4819 2881 4877 haeresi
2909 4820 3105 4891 Berylli
3152 4820 3536 4891 intelligendus
3574 4829 3660 4875 est

2086 4886 2335 4959 Origenis
2358 4886 2505 4945 locus
2538 4891 2590 4944 in
2615 4886 3304 4959 Commentariis'Epistolaa
3335 4886 3426 4945 ἀα
3460 4889 3657 4952 Titum,

2085 4962 2177 5029 qui
2211 4962 2290 5016 sic
2322 4961 2527 5031 habet:
2560 4978 2581 5013 ε
2637 4960 2743 5016 Sed
2799 4972 2854 5016 et
2908 4976 3000 5017 cos
3031 4963 3123 5031 qui
3162 4962 3433 5015 hominem
3472 4962 3659 5013 dicunt

2088 5032 2372 5086 Dominum
2414 5030 2601 5088 Jesum
2647 5030 3059 5101 przecognitum’
3086 5044 3143 5086 et
3183 5033 3655 5098 praedestinatum,

2087 5102 2179 5169 qui
2216 5113 2341 5156 ante
2367 5104 2659 5158 adventum
2688 5104 2960 5157 carnalem
2991 5102 3423 5156 substantialiter
3448 5111 3502 5153 et
3537 5116 3658 5167 pro-

2087 5173 2205 5240 prie
2259 5189 2364 5228 non
2415 5174 2710 5237 exstiterit,
2761 5175 2855 5228 sed
2898 5176 3041 5243 quod
3076 5174 3235 5227 homo
3269 5182 3429 5225 natus
3476 5169 3657 5224 Patris

2085 5244 2255 5296 solam
2287 5243 2337 5297 in
2359 5258 2418 5298 se
2449 5245 2699 5299 habuerit
2728 5242 3009 5305 deitatem,
3032 5259 3100 5295 ue
3126 5246 3269 5312 ipsos
3291 5244 3509 5309 quidem
3539 5242 3657 5294 sine

2085 5316 2328 5381 periculo
2358 5315 2616 5370 Ecclesia:
2654 5315 2875 5368 sociari.
2922 5335 2939 5366 ι
2985 5314 3226 5366 llabetiir
3268 5313 3548 5381 liiclocus
3603 5313 3655 5363 iu

2082 5380 2717 5464 Apologeticoﬂl’ampfiili
2742 5386 3117 5464 pro_(_)rig.,"c.
3147 5384 3206 5464 _l,
3239 5402 3290 5452 p.
3320 5380 3413 5464 ἓξ.
3468 5380 3657 5464 Menti-

2084 5457 2166 5509 nit
2198 5451 2360 5508 etiam
2404 5451 2717 5509 Gennadius
2744 5451 2810 5509 in
2843 5451 2982 5509 libro
3022 5453 3095 5506 De
3124 5451 3455 5522 dogmatibus
3501 5451 3654 5513 eccl.,

2083 5540 2204 5595 cap.
2228 5525 2263 5578 4
2293 5542 2349 5577 :i
2389 5524 2572 5593 Neque
2602 5526 2681 5595 sic
2713 5535 2796 5580 est
2832 5536 2992 5579 natus
3023 5539 3090 5577 ex
3124 5522 3363 5592 Virgine.
3401 5533 3456 5574 ut
3488 5534 3543 5575 et
3573 5523 3654 5595 dif

2084 5590 2325 5650 viiiitatis
2368 5590 2583 5648 initium
2625 5594 2789 5651 homo
2835 5597 3110 5649 nascendo
3155 5590 3448 5663 acceperit,
3482 5590 3653 5663 (quasi

2084 5675 2374 5734 antequam
2412 5673 2731 5718 nasceretur
2751 5684 2818 5721 ex
2856 5666 3095 5732 Virgine,
3135 5660 3303 5734 (Deus'
3331 5681 3435 5719 nou
3471 5660 3652 5723 fuerit,

2083 5732 2605 5797 sicut—Artemon,et
2669 5736 2931 5808 Beryllus,
2987 5744 3040 5788 et
3100 5732 3389 5789 Marcellus
3452 5735 3653 5787 docue-

2086 5816 2230 5861 ΙῚΙΙΙΙ..
2245 5826 2264 5858 ι

3298 5969 3376 6025 22
