4162 6384
491 343 591 399 685

1754 335 1815 391 Ρ.
1858 329 2175 388 DANIELIS
2215 332 2448 389 llUE'fll

3643 343 3750 398 68$

492 470 589 523 fuit
616 484 629 530 ;
675 481 796 521 nam
827 473 1111 536 postquam
1147 461 1266 528 ejus
1315 461 1494 515 locum
1532 475 1630 530 per
1655 476 1921 515 summam
1951 475 2072 532 per-
2107 465 2148 520 Α
2176 459 2392 528 penitus
2420 458 2589 514 fuisse
2618 457 2929 528 consopitas
2951 474 2968 524 ;~
3006 457 3322 530 Dionysium
3347 473 3476 517 vero
3509 461 3751 518 lleraclu.

494 561 674 612 lidiam
722 557 922 612 invasit
967 554 1264 626 Philippus,
1292 556 1456 610 vitam
1498 555 1545 610 ei
1583 553 1766 611 statim
1799 554 1914 624 pari
1950 568 2070 607 sce-

493 655 605 707 lere
659 651 932 706 exhausit.
990 649 1096 704 Sed
1147 657 1410 719 concepta
1462 649 1702 703 facinora
1752 647 2067 716 ptenitentia

493 746 833 808 emendasse,
869 754 923 798 ct
966 743 1031 796 ad
1085 743 1284 799 Christi
1321 757 1538 812 quoque
1589 751 1770 811 partes
1809 741 2070 796 transisse

492 839 740 893 historici
770 839 988 908 quidam
1017 836 1336 900 Christiani,
1371 837 1448 890 uti
1475 851 1597 889 mox
1633 834 1831 889 dicturi
1857 850 2066 900 sumus,

491 932 870 1003 prodiderunt.
897 930 1025 984 Utut
1053 939 1156 995 est,
1183 929 1399 981 tertium
1425 927 1536 995 jam
1592 925 1802 994 imperii
1827 939 1892 978 eo
1915 941 2071 996 agen-

492 1033 546 1076 te
575 1036 775 1076 annum
815 1020 1074 1075 Ecclesia:
1122 1016 1501 1072 Alexandrina:
1539 1014 2066 1070 administrationem

493 1115 781 1186 capessivit
816 1113 1106 1183 Dionysius
1149 1112 1264 1174 ille,
1293 1125 1453 1178 quem
1501 1108 1840 1162 Alexandria;
1874 1106 2068 1177 Orige-

492 1222 590 1260 nes
619 1206 906 1275 praeceptis
938 1204 1067 1256 olim
1123 1201 1530 1264 informaverat,
1593 1208 1810 1253 mortuo
1841 1197 2067 1254 lieraela

493 1296 748 1369 Origenis
780 1306 834 1351 et
872 1296 988 1366 ipso
1009 1293 1294 1364 discipulo,
1331 1300 1618 1362 postquam
1641 1289 2067 1344 Alexandrinum

493 1391 862 1459 episcopatum
914 1403 1012 1457 per
1056 1386 1251 1440 multos
1295 1399 1468 1440 annos
1519 1383 1714 1438 tenuit.
1787 1383 2067 1437 Annorum

491 1482 792 1538 octodecim
815 1493 1096 1535 numerum
1117 1478 1306 1533 definit
1326 1476 1591 1532 Eusebius
1619 1475 1671 1530 in
1693 1473 1952 1529 Chronico
1970 1473 2066 1545 (l),

492 1577 763 1635 sexdecim
789 1578 842 1630 in
882 1573 1118 1628 Historia
1149 1585 1168 1623 :
1199 1585 1386 1623 verum
1421 1585 1518 1638 pro
1544 1568 1859 1635 ἑκκαίδεκα,
1889 1567 2068 1635 aliqua

493 1668 827 1740 exemplaria
864 1664 1176 1735 praetulisse
1224 1661 1435 1726 ἕνδεκα,
1472 1660 1558 1716 vel
1589 1661 1660 1714 ita
1695 1668 1844 1716 certe
1876 1658 2069 1731 legisse

493 1766 820 1832 interpretes
859 1759 1092 1827 aliquos,
1142 1769 1206 1808 ex
1255 1754 1322 1806 iis
1370 1753 1540 1823 liquet
1583 1765 1702 1820 qua:
1727 1751 1781 1805 in
1821 1750 1874 1805 id
1907 1765 2069 1820 argu-

492 1867 734 1911 mentum
771 1851 990 1922 scripsit
1017 1848 1286 1902 Baronius
1307 1846 1406 1915 (2).
1450 1845 1704 1900 Errorem
1737 1843 1855 1912 ipse
1884 1842 1940 1897 in
1969 1857 2069 1896 nu-

491 1963 702 2003 merum
752 1945 898 2000 hunc
946 1941 1233 2013 irrepsisse
1268 1939 1425 2001 vidit,
1458 1946 1512 1991 et
1540 1951 1605 1991 ex
1654 1932 1888 1991 Eusebio
1934 1947 2069 2002 qua-

493 2040 795 2094 tuordecim
846 2036 1037 2091 saltem
1091 2032 1250 2087 annis
1299 2031 1353 2084 in
1398 2027 1768 2083 Alexandrina
1804 2026 2065 2082 cathedra

493 2130 778 2186 Heraclam
815 2127 1017 2182 sedisse
1063 2121 1351 2179 conclusit.
1390 2119 1556 2175 Plane
1599 2134 1786 2173 verum
1827 2127 1912 2174 est
1940 2117 2068 2172 totis

493 2222 803 2292 quindecim
830 2219 1035 2273 sedisse
1067 2216 1256 2281 annis;
1314 2229 1439 2268 nam
1474 2214 1543 2267 ab
1582 2225 1725 2266 anno
1777 2208 2066 2265 Alexandri

493 2313 728 2376 decimo,
757 2327 863 2380 quo
893 2324 1032 2363 anno
1066 2307 1317 2378 ponimus
1348 2304 1684 2374 acquievisse
1711 2301 2066 2364 Demetrium,

493 2407 560 2460 ad
596 2403 824 2473 Philippi
855 2401 1100 2463 tertium,
1137 2397 1279 2467 pleni
1315 2395 1626 2466 quindecim
1668 2393 1794 2449 anni
1828 2393 2068 2447 interce-

492 2499 646 2551 dunt.
679 2492 977 2548 Dicendum
1016 2503 1148 2560 ergo
1185 2487 1493 2557 quindecim
1522 2485 1576 2540 in
1609 2483 1928 2554 pontiﬁcatu
1958 2491 2070 2535 tra-

491 2587 672 2642 ductis
697 2586 878 2649 annis,
930 2582 1142 2637 decimo
1183 2587 1337 2634 sexto
1378 2576 1663 2634 Heraclam
1697 2584 1904 2630 natura:
1932 2589 2067 2630 con-

491 2680 744 2735 cessisse.
779 2677 852 2731 Ita
900 2673 1308 2745 intelligendum
1353 2671 1484 2743 puto
1530 2668 1826 2725 Eusebium
1862 2687 1876 2724 :
1907 2678 2069 2737 atque

491 2776 535 2828 si
575 2779 724 2827 recte
761 2767 1102 2837 conjicimus,
1149 2780 1216 2821 eo
1246 2765 1362 2836 ipso
1391 2777 1534 2818 anno
1565 2761 1873 2816 Demetrius
1917 2760 2070 2815 obie-

494 2867 583 2928 rit,
619 2877 730 2933 quo
775 2861 1039 2931 Origenes
1069 2857 1364 2928 Egyptum
1400 2853 1638 2924 reliquit.
1675 2852 1815 2907 Hinc
1853 2865 2071 2923 quoque

491 2950 809 3004 manifestus
841 2946 1130 3015 Nicephori
1177 2945 1260 3016 (3)
1281 2958 1456 3007 error,
1505 2943 1595 3011 qui
1637 2949 1760 3012 post
1797 2941 2068 2996 decimum

492 3040 712 3093 tertium
765 3037 1114 3108 episcopatus
1165 3050 1364 3090 annum
1434 3035 1737 3102 imperante
1789 3031 2068 3088 Gordiano

491 3131 779 3189 lleraclam
828 3129 1127 3187 decessisse
1179 3127 1397 3184 scribit.
1457 3128 1527 3181 At
1600 3125 1842 3196 Scaliger
1873 3124 2068 3197 (4)lric

489 3223 750 3279 memoria
776 3221 985 3289 lapsum
1004 3218 1286 3275 contendit
1310 3217 1626 3281 Eusebium,
1644 3215 1869 3285 ejusque
1892 3214 2069 3270 adhae-

492 3323 578 3368 ret
602 3312 886 3375 Chronico,
917 3311 1059 3380 quod
1099 3323 1241 3364 anno
1286 3307 1519 3378 Philippi
1555 3308 1746 3377 quinto
1779 3307 2068 3377 episcOpa-

491 3413 607 3456 tum
649 3400 1074 3456 Alexandrinum
1105 3413 1134 3452 a
1167 3396 1428 3468 Dionysio
1458 3397 1651 3451 initum
1686 3396 1853 3452 fuisse
1882 3399 2060 3452 docet.

490 3495 547 3549 Id
577 3509 643 3549 ex
673 3492 948 3549 constanti
983 3492 1244 3546 duntaxat
1274 3489 1518 3544 codicum
1549 3503 1818 3544 consensu
1852 3489 2067 3559 probat,

489 3587 584 3655 qui
648 3586 729 3640 sic
779 3585 999 3640 habent.
1039 3584 1215 3639 Futile
1265 3592 1645 3652 argumentum
1693 3583 1900 3649 :quasi
1959 3597 2064 3638 non

493 3677 746 3733 Historiae
795 3678 1113 3733 Eusebiante
1163 3679 1380 3732 codices
1425 3677 1582 3732 tertio
1635 3676 1866 3746 Philippi
1925 3690 2069 3730 anno

491 3783 808 3827 constanter
835 3787 1052 3842 quoque
1086 3771 1137 3826 id
1161 3771 1465 3841 assignent.
1493 3769 1654 3825 Certe
1683 3771 1727 3825 si
1755 3786 1820 3823 ex
1850 3768 2066 3824 Eusebii

491 3865 752 3918 Chronico
800 3864 1116 3932 castiganda
1175 3871 1258 3918 est
1307 3861 1426 3932 ejus
1481 3860 1740 3925 Historia,
1793 3861 2068 3915 sexcentis

489 3957 789 4028 eastigetur
816 3956 978 4020 locis,
1010 3957 1064 4010 in
1110 3955 1313 4026 quibus
1341 3955 1690 4009 dissentiunt.
1744 3952 1838 4010 Vel
1874 3954 1926 4008 in
1965 3954 2066 4009 hoc

488 4049 734 4104 lleracla:
783 4063 1052 4104 annorum
1085 4046 1424 4119 ἐπιλογισμῷ
1454 4046 1666 4100 initium
1703 4045 1821 4114 ejus
1855 4043 2070 4115 episco-

489 4155 649 4211 patus
691 4141 905 4197 confert
939 4140 1241 4196 Chronicon
1283 4141 1337 4195 in
1391 4155 1591 4194 annum
1640 4137 1932 4192 Alexandri
1977 4151 2069 4192 no-

490 4251 655 4300 num;
709 4235 914 4290 exitum
961 4232 1212 4303 Origenis
1264 4247 1330 4287 ex
1369 4231 1701 4287 Alexandria
1741 4231 1792 4283 in
1841 4229 2068 4285 undeci-

490 4343 667 4393 mum;
698 4343 819 4382 cum
843 4328 1012 4381 exitui
1050 4325 1304 4395 Origeuis
1331 4341 1532 4380 annum
1591 4323 1882 4378 Alexandri
1917 4323 2065 4377 deci-

489 4436 636 4475 mum
691 4417 1244 4488 ascribatllzlistoria,
1305 4426 1362 4474 et
1407 4427 1529 4489 post
1575 4417 1815 4488 ejusdem
1858 4417 2065 4472 exitum

2171 567 2542 608 successorem
2589 551 2810 622 Origeni
2859 553 3286 608 infensissimum
3323 569 3382 610 se
3431 555 3748 624 praebuisse.

2173 643 2248 716 (5)
2302 644 2478 714 Supra
2525 646 2958 700 demonstratum
3012 661 3042 699 a
3085 645 3241 701 nobis
3293 657 3377 700 est
3443 648 3753 702 testimonio

2170 735 2467 801 Gennadii,
2527 736 2672 793 Petri
2736 737 3121 802 Alexandrini,
3179 738 3423 804 epistola:
3475 738 3750 809 synodicae

2171 828 2546 899 Egyptiorum
2597 831 2909 898 praesulum,
2968 839 3024 884 et
3069 829 3273 892 Photii,
3323 845 3428 885 non
3493 832 3651 888 aliter
3692 833 3747 888 in

2171 921 2456 991 Origenem
2493 921 2790 974 animatum
2831 919 2999 976 fuisse
3042 920 3349 988 Heraclam,
3400 936 3464 976 ac
3499 923 3746 980 decesso-

2173 1029 2284 1068 rem
2324 1013 2490 1079 ipsius
2538 1012 2891 1067 Demetrium.
2934 1012 3166 1067 Causam
3204 1028 3335 1068 vero
3363 1029 3460 1068 cur
3499 1017 3745 1071 eumdem

2171 1122 2201 1161 a
2236 1106 2488 1178 Dionysio
2519 1114 2884 1176 oppugnatum
2920 1104 3167 1159 crederet
3196 1105 3482 1172 Baronius,
3537 1109 3653 1163 sive
3679 1123 3745 1164 ex

2172 1201 2520 1264 auctoritate,
2547 1201 2660 1254 sive
2701 1213 2766 1254 ex
2793 1201 3267 1255 verisimilitudine
3295 1203 3518 1271 petitam
3547 1205 3746 1262 addere

2172 1288 2386 1354 debuit;
2421 1306 2542 1360 qua
2569 1301 2715 1344 certe
2744 1289 2892 1344 nulla
2911 1301 3017 1346 est.
3048 1291 3240 1346 Merito
3268 1293 3448 1362 itaque
3471 1295 3612 1352 hanc
3632 1297 3746 1366 ejus

2170 1381 2480 1452 opinionem
2520 1382 2827 1452 repudiavit
2873 1381 3151 1438 Halloxius
3182 1385 3280 1455 (6),
3317 1394 3370 1441 et
3419 1387 3747 1459 Origenem,

2170 1478 2349 1544 quoad
2386 1474 2541 1540 vixit,
2573 1489 2920 1544 summopere
2953 1491 2981 1529 a
3014 1475 3269 1549 Dionysio
3291 1480 3664 1548 observatum,
3692 1492 3749 1538 et

2171 1574 2290 1628 post
2323 1575 2550 1621 mortem
2577 1565 2740 1621 etiam
2765 1565 3038 1622 laudatum
3063 1566 3232 1625 fuisse
3253 1571 3570 1638 contendit;
3605 1573 3749 1644 quod

2169 1666 2226 1713 et
2253 1672 2351 1713 nos
2381 1657 2521 1712 infra
2553 1659 2928 1715 ostendemus.

2241 1748 2334 1803 XI.
2364 1747 2441 1818 (7)
2473 1748 2741 1804 Caeterum
2769 1751 3128 1822 sexagenario
3147 1751 3260 1822 jam
3289 1753 3460 1821 major
3481 1754 3749 1828 Origenes

2172 1841 2313 1896 haud
2363 1841 2584 1912 segnius
2623 1858 2805 1898 rerum
2853 1844 3158 1901 divinarum
3213 1849 3516 1916 satagebat,
3572 1867 3749 1921 neque

2172 1934 2342 1988 ullum
2390 1934 2506 1991 fere
2553 1934 2950 1991 intermittebat
2983 1940 3149 2005 diem,
3185 1941 3320 2008 quin
3369 1941 3454 1995 vel
3485 1943 3550 1996 ad
3578 1959 3749 2014 popu-

2170 2026 2279 2081 lum
2309 2027 2374 2081 de
2397 2026 2508 2081 Deo
2557 2029 2720 2083 verba
2756 2028 2985 2094 faceret,
3017 2033 3101 2086 vel
3155 2033 3440 2100 scriberet,
3481 2037 3566 2090 vel
3604 2036 3748 2108 lege-

2170 2127 2272 2181 ret,
2304 2115 2387 2172 vel
2415 2116 2838 2188 colloqueretur.
2867 2120 3056 2176 Testes
3087 2131 3215 2175 sunt
3239 2123 3387 2175 omni
3423 2137 3593 2178 sacrae
3617 2141 3746 2181 eru-

2171 2209 2392 2264 ditionis
2446 2207 2596 2279 fruge
2645 2211 2830 2267 referti
2875 2212 2993 2268 libri
3026 2224 3208 2266 contra
3257 2212 3494 2277 Celsum,
3550 2217 3748 2285 quibus

2169 2297 2418 2370 Epicurei
2485 2303 2744 2372 sophista:
2807 2303 3164 2370 petulantiam
3230 2305 3506 2361 Ambrosii
3579 2323 3745 2365 suasu

2171 2395 2419 2450 contudit
2476 2397 2741 2467 (quosque
2791 2398 3069 2453 Gordiano
3145 2399 3451 2467 imperante
3512 2402 3748 2471 scriptos

2172 2485 2307 2542 falso
2347 2486 2630 2544 Marianus
2676 2489 2872 2545 Scotus
2907 2491 2982 2562 (8)
3017 2491 3372 2559 existimavit,
3424 2505 3480 2552 et
3508 2512 3743 2566 quorum

2171 2578 2604 2636 lucubrationem
2635 2582 2703 2637 ad
2733 2596 2936 2637 annum
2967 2582 3072 2638 237
3104 2601 3384 2655 perperam
3421 2589 3606 2643 retulit
3635 2588 3744 2643 Da-

2172 2670 2263 2724 vid
2302 2670 2608 2726 Blondellus
2638 2671 2738 2743 (9),
2773 2686 3116 2742 summopere
3156 2674 3303 2742 licet,
3333 2675 3386 2729 in
3431 2689 3491 2729 re
3517 2691 3742 2745 przeser-

2173 2760 2270 2816 tim
2295 2763 2700 2834 chronologica,
2727 2773 2923 2819 cautus
2949 2774 3003 2818 et
3036 2765 3296 2835 diligens;
3335 2780 3496 2836 atque
3529 2769 3603 2821 ita
3635 2773 3747 2822 toto

2165 2855 2448 2911 aberravit
2494 2855 2792 2920 decennio,
2842 2857 3040 2927 quippe
3097 2859 3188 2927 qui
3240 2859 3445 2913 obitum
3496 2858 3748 2929 Origenis

2169 2961 2313 3002 anno
2335 2945 2441 3000 256
2470 2947 2839 3016 assignasset),
2871 2957 3032 3002 testes
3061 2948 3202 3003 docti
3242 2951 3294 3002 in
3338 2948 3645 3004 Matt/imum
3691 2959 3748 3004 et

2172 3041 2227 3094 in
2294 3038 2584 3108 Prophetas
2626 3035 2708 3094 ἰιι
2760 3039 3172 3105 Commentarii;
3225 3051 3390 3096 testes
3446 3041 3750 3097 innumerae

2096 3151 2139 3208 ρ
2169 3133 2240 3187 ad
2270 3133 2450 3187 varios
2475 3133 2694 3203 scriptae
2723 3133 2999 3202 Epistolaa,
3031 3149 3173 3203 quas
3199 3134 3492 3204 plusquam
3527 3145 3745 3190 centum

2173 3225 2530 3294 undecunque
2563 3234 2754 3280 nactas
2799 3225 3091 3295 collegerat
3125 3234 3286 3281 aetate
3319 3242 3412 3282 sua
3456 3228 3745 3293 Eusebius,

2172 3314 2310 3370 etin
2363 3314 2532 3369 libros
2576 3315 2896 3385 digesserat.
2939 3316 3053 3386 (l0)
3087 3313 3212 3370 lllas
3255 3331 3523 3372 annorum
3577 3318 3748 3372 series

2171 3407 2525 3476 consumpsit.

2243 3497 2357 3553 Xll.
2388 3500 2563 3568 Atque
2596 3497 2799 3552 utinam
2848 3497 2933 3551 vel
2963 3498 3082 3552 duae
3107 3498 3210 3554 illa:
3241 3509 3590 3570 superessent
3631 3500 3747 3569 epi-

2167 3591 2344 3656 stola,
2393 3605 2530 3660 quas
2583 3591 2650 3643 ad
2702 3589 3007 3660 Philippum
3060 3591 3470 3656 imperatorem,
3523 3590 3748 3662 ejusque

2169 3695 2393 3736 uxorem
2452 3679 2712 3735 Severam
2752 3682 3049 3752 Augustam
3096 3683 3338 3751 scripsit.
3400 3682 3539 3738 Hinc
3593 3690 3748 3740 certo

2169 3775 2364 3846 conjici
2413 3783 2618 3844 posset,
2669 3789 2869 3830 verene
2904 3774 3121 3830 Christo
3157 3775 3504 3840 adhaaserint,
3555 3791 3750 3845 quem-

2170 3867 2458 3923 admodum
2487 3868 2557 3921 ab
2587 3866 2903 3922 auctoribus
2941 3867 3266 3922 Christianis
3314 3868 3582 3934 proditum
3613 3875 3695 3921 est
3728 3883 3746 3921 :

2169 3973 2237 4013 an
2266 3975 2295 4012 a
2329 3957 2657 4014 Christianis
2699 3957 2948 4026 partibus
2977 3955 3181 4012 fuerint
3225 3957 3410 4022 alieni,
3443 3958 3587 4028 quod
3619 3974 3745 4029 per-

2170 4051 2364 4106 suadet
2414 4049 2757 4106 ethnicorum
2799 4056 3084 4104 auctorum
3113 4049 3180 4104 de
3209 4065 3346 4105 nova
3375 4051 3442 4104 ab
3472 4051 3538 4106 iis
3562 4065 3749 4106 susce-

2167 4154 2260 4214 pta
2293 4142 2554 4212 religione
2579 4141 2894 4200 silentium:
2944 4149 3000 4196 et
3023 4141 3313 4196 multorum
3342 4149 3603 4210 prteterea
3635 4152 3751 4198 tum

2169 4235 2635 4297 Christianorum,
2681 4241 2794 4286 tum
2843 4233 3186 4287 ethnicorum
3215 4248 3534 4297 consensus,
3564 4249 3595 4289 a
3629 4235 3750 4304 qul-

2169 4328 2270 4383 bus
2305 4328 2512 4398 primus
2561 4325 2704 4379 inter
2765 4325 3121 4394 imperatores
3155 4323 3428 4380 Christum
3473 4328 3751 4397 professos

2169 4418 2560 4475 Constantinus
2604 4417 2928 4470 celebratur.
2996 4415 3108 4485 Ego
3156 4417 3373 4485 quidem
3433 4434 3749 4491 magnorum

489 4508 782 4564 decessisse
820 4505 1151 4562 Demetrium
1183 4509 1474 4580 signiﬁcet,
1524 4523 1647 4563 eum
1681 4508 1768 4562 cui
1802 4507 2063 4562 Heraclas
2098 4507 2143 4563 D
2173 4513 2412 4567 virorum
2445 4510 2730 4566 sententiis
2759 4526 2937 4565 meum
2969 4524 3182 4580 quoque
3205 4510 3467 4578 judicium
3489 4553 3504 4576 ,
3533 4513 3754 4582 quando

489 4604 768 4659 successit.

560 4696 628 4752 Χ.
661 4696 927 4752 Baronius
959 4695 1024 4750 ad
1050 4708 1251 4748 annum
1297 4692 1424 4758 248,
1462 4707 1612 4747 num.
1653 4694 1706 4758 1,
1752 4692 1970 4764 Origeni
2008 4694 2062 4748 in

489 4790 738 4847 omnibus
771 4790 1054 4846 lleraclam
1104 4787 1306 4843 favisse
1336 4787 1547 4851 scribit,
1584 4798 1744 4856 atque
1776 4787 1900 4842 ideo
1938 4800 2060 4859 post

489 4884 745 4939 Demetrii
786 4891 1016 4937 mortem
1070 4880 1320 4936 concitas
1376 4879 1639 4933 adversus
1685 4893 1808 4934 eum
1872 4880 2056 4934 turbas

555 5112 629 5246 ξι)
658 5110 880 5174 Euseb.,
918 5109 1060 5164 Hist.
1091 5108 1243 5174 eccl.,
1271 5107 1365 5162 lib.
1390 5121 1466 5169 vt,
1500 5120 1625 5168 cap.
1656 5103 1746 5160 35.

577 5183 634 5246 2)
670 5179 868 5235 Baron.
900 5181 964 5233 ad
992 5196 1079 5233 an.
1110 5180 1237 5242 248,
1264 5193 1413 5232 num.
1443 5179 1469 5232 1
1503 5185 1558 5232 et
1584 5175 1640 5230 5.

469 5230 474 5250 τ
555 5175 634 5248 (2)
670 5179 868 5235 Baron.
900 5181 964 5233 ad
992 5196 1079 5233 an.
1110 5180 1237 5242 248,
1264 5193 1413 5232 num.
1443 5179 1469 5232 1
1503 5185 1558 5232 et
1584 5175 1640 5230 5.

468 5253 474 5297 ἱ
555 5253 634 5320 (5)
668 5251 920 5319 Niceph.,
949 5251 1041 5304 lib.
1074 5265 1129 5309 v.
1161 5266 1284 5316 cap.
1309 5247 1449 5320 26.;
1634 5313 1640 5320 ι

663 5313 865 5392 Scalig.
907 5313 1274 5375 Animadvers.
1303 5320 1360 5373 in
1388 5316 1586 5373 Chron.
1605 5313 1819 5372 .Euseb.
1842 5315 1906 5371 ad
1934 5332 2060 5371 ann.

559 5463 638 5532 (5)
667 5461 845 5531 Supra
889 5464 1299 5532 demonstratum
1359 5477 1393 5513 a
1441 5458 1714 5532 nobis_e_st
1765 5457 2062 5532 testimonio

492 5526 775 5595 Gennadii',
810 5541 916 5586 etc.
953 5531 1259 5586 Verisimile
1291 5546 1396 5584 non
1418 5540 1502 5585 est
1531 5529 1826 5599 quidquam
1864 5529 1932 5581 ab
1960 5526 2066 5582 Hc-

492 5603 633 5657 racla
660 5612 848 5655 contra
877 5602 1165 5670 Origeuem
1213 5610 1396 5656 actum
1438 5599 1628 5664 fuisse,
1669 5609 1726 5652 ut
1760 5600 1872 5667 jam
1903 5614 2064 5667 supra

492 5673 826 5727 ostendimus
855 5671 908 5727 in
942 5687 1062 5739 cap.
1088 5671 1144 5735 2,
1181 5688 1234 5725 η.
1278 5671 1364 5725 lii.
1695 5738 1700 5739 ί
1879 5675 1896 5739 ξ

558 5743 892 5867 (6)2;lullox.
951 5738 1138 5796 Natat.
1207 5744 1275 5795 ad
1326 5740 1543 5812 Origen.
1609 5738 1810 5808 deferas.
1876 5738 1970 5796 lib.
2025 5756 2064 5806 I,

490 5829 602 5884 cap.
708 5852 721 5867 .

2176 4621 2264 4660 me
2296 4619 2383 4659 res
2426 4604 2477 4658 id
2504 4603 2778 4665 admonet,
2833 4601 3195 4670 interponam.
3251 4603 3306 4656 Si
3355 4603 3568 4672 publice
3595 4604 3755 4658 Chri—

2175 4699 2476 4754 stianorum
2506 4695 2664 4750 fidem
2694 4693 2970 4765 professus
3001 4692 3188 4748 fuisset
3217 4693 3523 4764 Philippus,
3556 4697 3753 4751 verisi-

2175 4788 2300 4844 mile
2358 4787 2548 4855 utique
2604 4793 2826 4840 nonest
2884 4783 3147 4840 tacituros
3202 4786 3252 4840 id
3307 4786 3474 4841 fuisse
3505 4788 3752 4844 ethnicos

2165 4880 2483 4949 scriptores,
2513 4877 2860 4945 futuramque
2886 4875 2962 4930 rei
3006 4875 3188 4944 hujus,
3225 4877 3366 4932 sicut
3395 4877 3519 4946 fuit,
3547 4881 3748 4936 obscu-

2248 5107 2326 5178 (7)
2356 5107 2580 5178 Ettseb.,
2609 5102 2820 5178 ῌὶδιον.
2845 5105 2997 5178 eccl.,
3020 5106 3118 5178 lib.
3152 5123 3228 5173 vt,
3257 5123 3376 5177 cap.
3404 5107 3493 5164 36.

2244 5175 2323 5245 (8)
2352 5177 2576 5231 Marian.
2611 5175 2760 5231 Scot.
2793 5177 2858 5229 ad
2884 5192 2972 5230 an.
3003 5177 3206 5232 Christi
3231 5175 3359 5232 242.

2171 5245 2322 5373 Ε
2569 5246 2666 5302 lib.
2695 5246 2750 5300 in
2783 5245 3195 5302 lllustramentis
3223 5248 3397 5318 famil.
3423 5260 3656 5307 controc.
3686 5255 3748 5306 άι

2225 5333 2372 5380 ucn.,
2407 5333 2459 5372 c.
2488 5333 2547 5371 4.

2244 5388 2360 5460 (10)
2404 5386 2541 5442 Illas
2610 5388 3087 5460 ainnorumﬂseries
3125 5389 3477 5460 consumpsit.
3545 5389 3750 5445 llarum

2171 5458 2472 5529 fragmenta
2498 5459 2743 5527 quadam
2772 5459 3042 5512 edidimus
3063 5459 3218 5513 initio
3251 5458 3432 5513 tomiJ
3454 5462 3752 5529 quasdam-

2173 5544 2279 5598 que
2317 5529 2589 5598 integras;
2624 5543 2688 5582 ac
2738 5531 2963 5598 proinde
3005 5545 3112 5584 non
3157 5545 3346 5584 omnes
3400 5532 3745 5585 intercidere.

2170 5601 2362 5670 Neque?
2397 5599 2564 5670 etiam
2605 5613 2796 5670 omnes
2825 5598 2927 5652 illa:
2965 5599 3226 5668 epistolae,
3268 5615 3407 5670 quas
3455 5601 3749 5670 collegerat

2170 5666 2456 5734 Eusebius,
2509 5669 2576 5724 ab
2607 5666 2842 5738 Origene
2876 5666 3235 5740 scxa‘genario
3287 5666 3494 5738 majore
3529 5666 3750 5740 scripta:

2170 5749 2320 5821 sunt,
2345 5749 2401 5794 ut
2435 5748 2584 5811 patet
2633 5754 2700 5795 ex
2738 5749 2924 5797 nostra
2957 5741 3010 5796 in
3042 5743 3143 5797 has
3193 5741 3455 5810 epistolas
3502 5743 3750 5799 admoni-

2173 5820 2338 5868 tione.
