4162 6402
494 429 598 488 685

1544 444 2121 503 ORIGENIANORUM
2161 446 2288 504 LIB.
2329 449 2368 511 l,
2407 448 2558 504 CAP.
2599 447 2686 504 Ill.

3635 449 3738 505 686

488 578 602 618 ram
637 562 838 620 famam
868 577 926 620 et
946 567 1232 622 incertam.
1257 567 1362 622 Nec
1391 567 1559 624 multo
1579 568 1929 624 verisimilius
1958 577 2061 632 est,
2093 572 2140 628 A
2168 585 2292 639 pum
2331 571 2398 625 ab
2428 570 2672 626 Ecclesia
2713 578 2986 639 segregat,
3015 578 3368 640 veterumque
3394 567 3736 625 Christiano-

484 656 530 712 si
558 657 902 713 Christianus
929 675 1035 714 non
1061 659 1269 723 fuisset,
1298 660 1349 714 id
1374 661 1713 728 proditurum
1739 661 2055 728 Eusebium,

485 748 815 818 temporibus
843 750 950 806 illis
987 752 1313 820 proximum,
1345 767 1466 807 cum
1494 760 1784 822 utramque
1833 769 1956 809 eum
1995 755 2059 808 ad

484 838 786 912 Philippum
813 851 868 898 et
906 843 1164 899 Severam
1193 843 1263 898 ab
1306 843 1539 914 Origene
1567 844 1826 914 scriptam
1857 847 2060 915 episto-

483 933 589 987 lam
622 934 822 990 vidisse
862 945 1096 1004 constet,
1136 950 1300 1006 quam
1350 951 1458 990 non
1506 937 1694 1006 paucis
1733 946 1856 1006 post
1890 939 2058 994 Euse-

485 1024 631 1077 bium
661 1025 822 1080 aunis
851 1026 1052 1080 vidisse
1087 1043 1306 1098 quoque
1337 1028 1679 1084 Vincentium
1715 1027 2056 1083 Lirinensem

483 1114 716 1169 solerter
747 1115 1103 1184 deprehendit
1150 1117 1416 1174 Baronitts
1447 1119 1585 1190 (11).
1619 1117 1735 1190 ’(12)
1774 1118 1865 1174 Sic
1894 1119 2059 1189 igitur

484 1205 680 1270 sentio,
726 1205 930 1261 Christi
985 1209 1158 1265 sacris
1207 1225 1238 1265 a
1283 1210 1526 1266 Fabiano
1591 1225 1732 1280 papa
1786 1211 2056 1266 initiatum

480 1296 646 1352 fuisse
675 1297 1002 1368 Philippum,
1033 1300 1128 1356 sed
1161 1302 1395 1368 occulte,
1430 1303 1593 1373 idque
1622 1301 1762 1357 clam
1807 1304 2058 1358 ethnicos

481 1390 753 1455 habuisse,
791 1405 859 1446 ne
900 1391 1031 1461 quid
1079 1391 1205 1447 inde
1252 1409 1341 1449 res
1378 1409 1489 1449 sua
1538 1393 1850 1450 detrimenti
1901 1409 2052 1460 cape-

479 1489 620 1542 rent,
653 1495 788 1549 quas
809 1481 1054 1550 pristina
1085 1482 1362 1554 religionis
1393 1485 1616 1552 eiurata
1648 1486 1792 1542 fama
1824 1485 2054 1542 forsitan

479 1571 877 1629 conturbasset.
911 1573 1048 1630 Hinc
1082 1575 1149 1629 ab
1180 1577 1414 1633 ethnicis
1441 1579 1802 1650 scriptoribus
1826 1581 2054 1634 tacitum

480 1665 611 1720 illud
643 1677 746 1732 est,
777 1682 806 1720 a
830 1667 1158 1724 Christianis
1188 1669 1545 1727 celebratum.
1589 1671 1740 1739 Quod
1775 1681 1956 1727 autem
1985 1687 2052 1726 ex

479 1757 710 1814 Eusebio
739 1757 854 1830 (15)
897 1759 1059 1829 obiici
1117 1771 1314 1833 potest,
1348 1763 1558 1834 publice
1595 1779 1718 1820 eum
1765 1765 1819 1819 in
1866 1764 2054 1820 Eccle-

481 1851 616 1904 siam
642 1850 710 1904 ab
739 1851 995 1921 episcopo
1038 1852 1109 1924 (is
1136 1853 1236 1908 fuit
1263 1852 1520 1925 Babylas)
1577 1854 1896 1924 admissum,
1927 1871 2054 1926 pre-

2163 675 2284 714 rum
2319 663 2697 716 auctoritatem
2731 660 3037 730 proculcat,
3089 676 3198 715 uno
3242 662 3345 716 hoc
3389 661 3541 716 nisus
3573 675 3736 730 argu-

2163 761 2368 817 mento,
2431 754 2572 822 quod
2639 751 2888 824 iniuriam
2933 751 3150 807 Christo
3199 751 3428 815 faciunt,
3472 751 3565 822 qui
3641 753 3736 806 ho-

2164 845 2362 899 minem
2425 861 2683 915 nequam,
2747 853 2805 899 et
2857 843 3070 898 Domini
3132 845 3213 900 sui
3281 843 3735 905 interfectorem,

2160 936 2531 992 Christianum
2573 935 2689 990 ausi
2739 945 2867 990 sunt
2920 936 3124 992 dicere.
3174 937 3252 992 Ac
3307 938 3350 992 si
3408 935 3543 992 nulli
3595 937 3735 991 inter

2160 1029 2501 1085 Christianos
2546 1029 2762 1086 scelesti
2805 1030 3140 1098 reperiantur
3171 1047 3185 1084 :
3215 1044 3280 1085 ac
3332 1031 3376 1084 si
3417 1029 3734 1099 nequissimi

2161 1135 2268 1174 non
2318 1119 2515 1174 fuerint
2548 1120 2904 1190 imperatores
2934 1121 3154 1188 quidam
3211 1120 3530 1176 Christiani.
3581 1119 3729 1174 Pra-

2163 1222 2311 1266 terea
2342 1211 2577 1265 nondum
2608 1210 2980 1266 Christianum
3006 1210 3176 1267 fuisse
3207 1211 3521 1282 Philippum
3551 1211 3732 1267 docui-

2161 1315 2301 1364 mus,
2338 1315 2459 1352 cum
2496 1298 2704 1369 ﬂagitia
2752 1301 2866 1356 hac
2908 1301 3152 1357 admisit.
3204 1301 3315 1357 Nec
3374 1303 3505 1357 mihi
3561 1305 3732 1374 magis

2158 1389 2302 1444 Petri
2333 1388 2562 1444 Halloxii
2605 1391 2716 1460 (17)
2756 1377 3022 1462 probatur
3047 1391 3359 1460 conjectura
3388 1411 3403 1460 ;
3439 1411 3561 1450 cum
3604 1397 3732 1451 Ori-

2159 1496 2349 1551 genem
2378 1497 2442 1537 ex
2471 1498 2536 1538 eo
2562 1483 2672 1553 jam
2711 1495 2960 1554 tempore
3003 1499 3112 1555 quo
3141 1484 3396 1539 Arabiam
3446 1486 3731 1556 petiverat.

2157 1571 2408 1644 Philippo
2440 1575 2779 1644 imperatori,
2807 1582 2998 1646 utpote
3029 1575 3221 1643 Arabi,
3251 1587 3306 1632 et
3337 1577 3550 1634 Bostris
3582 1589 3732 1646 nato,

2160 1663 2327 1720 fuisse
2385 1668 2666 1736 cognitum
2717 1667 3050 1738 suspicatur.
3129 1669 3176 1722 A
3247 1684 3413 1739 puero
3463 1669 3733 1740 siquidem

2159 1755 2347 1812 relicto
2377 1758 2553 1826 patrio
2586 1757 2702 1814 solo
2750 1760 2804 1813 in
2859 1758 3107 1813 militiam
3158 1761 3437 1828 profectus
3487 1763 3733 1818 creditur

2160 1847 2460 1918 Philippus.
2502 1849 2570 1904 Et
2611 1857 2670 1903 ut
2708 1848 2948 1904 nondum
2987 1850 3162 1920 patria
3192 1852 3548 1918 excessisset,
3599 1867 3731 1922 quo-

480 1943 752 1998 cationum
781 1921 1100 2016 participem
1130 1947 1301 2003 fuisse
1345 1921 1579 2012 factum,
1626 1921 2052 2020 postquam-cri-
2086 1921 2130 1980 Β
2159 1956 2281 1996 nam
2313 1952 2637 2011 argumento
2670 1942 2886 2013 probari
2942 1952 3121 2012 potest
3174 1943 3447 2000 hominem
3499 1921 3733 2002 obscuro

479 2036 625 2089 mina
667 2036 948 2093 confessus
995 2039 1048 2094 in
1086 2040 1462 2109 panitentium
1504 2040 1752 2098 ordinem
1799 2042 2055 2097 redactus

477 2137 592 2196 est;
635 2128 687 2184 id
710 2143 840 2184 sane
870 2129 1404 2186 animadvertendum
1447 2141 1531 2187 est
1557 2147 1624 2188 ex
1662 2132 1870 2188 incerta
1901 2134 2055 2189 audi-

478 2219 626 2276 tione
649 2220 953 2277 Eusebium-
973 2223 1240 2279 retulisse.
1272 2223 1570 2279 Antiochia
1607 2232 1870 2294 praeterea
1918 2241 2050 2282 con-

478 2313 663 2382 tigisse
689 2312 863 2368 fertur
893 2313 1042 2380 illud,
1071 2315 1160 2370 ubi
1183 2315 1447 2371 florebant
1476 2329 1564 2370 res
1589 2314 2047 2383 Christianorum,

477 2406 672 2472 quibus
701 2415 810 2460 tum
843 2416 1076 2477 praerat
1103 2407 1387 2478 episcopus
1406 2408 1673 2480 Babylas;
1707 2409 1759 2463 in
1788 2413 2053 2468 extremis

477 2497 727 2554 videlicet
756 2497 1012 2554 Romana
1051 2499 1276 2555 ditionis
1318 2499 1456 2563 oris.
1502 2500 1745 2570 procula
1780 2501 2052 2561 Romano-

476 2604 597 2643 rum
628 2599 946 2662 conspectu,
991 2605 1127 2661 quos
1173 2607 1284 2662 pra
1309 2591 1522 2648 cateris
1551 2593 1814 2662 ejusmodi
1840 2593 2053 2651 facinus

477 2690 693 2751 poterat
745 2695 1107 2740 commovere.
1141 2680 1257 2739 Huc
1293 2685 1508 2740 accedit
1563 2685 1618 2740 in
1656 2686 1838 2742 medio
1890 2687 2053 2742 Chri-

475 2775 775 2830 stianorum
808 2784 972 2843 coetu,
1008 2776 1226 2831 conscio
1273 2790 1394 2830 cum
1426 2777 1612 2846 paucis
1640 2777 1917 2849 episcopo,
1950 2780 2052 2834 im-

473 2876 778 2937 peratorem
809 2865 967 2923 facile
996 2866 1220 2923 delitere
1263 2866 1526 2934 potuisse,
1570 2878 1777 2925 mutata
1806 2879 1960 2927 veste
1988 2882 2046 2927 et

474 2958 840 3029 imperatoriis
868 2957 1166 3028 insignibus
1200 2959 1478 3016 detractis.

545 3050 660 3122 (14)
676 3050 790 3106 Sub
811 3051 922 3122 ipsa
941 3059 1105 3122 porro
1122 3051 1330 3120 imperii
1350 3055 1430 3108 sui
1450 3053 1600 3110 initia
1621 3054 1820 3112 Christi
1845 3057 2049 3112 doctri-

2156 2034 2276 2090 loco
2305 2043 2511 2100 natum,
2544 2045 2600 2090 et
2627 2035 2857 2091 fortuna
2883 2037 3083 2100 tenuis,
3112 2037 3167 2092 in
3196 2039 3446 2093 notitiam
3481 2039 3732 2110 Origenis

2155 2128 2392 2192 venisse,
2429 2128 2531 2182 viri
2566 2129 2775 2198 magnis
2817 2129 2882 2181 de
2910 2128 3073 2184 rebus
3110 2128 3176 2183 ad
3223 2129 3342 2185 hac
3388 2130 3506 2186 loca
3556 2132 3731 2198 missi,

2154 2226 2208 2271 et
2240 2217 2579 2286 gravissimis
2595 2217 2824 2289 negotiis
2854 2217 3128 2273 districti?
3165 2217 3305 2285 Quid
3333 2229 3418 2274 est
3447 2220 3732 2288 hariolari,

2155 2310 2198 2364 si
2231 2311 2335 2366 hoc
2364 2325 2470 2366 non
2508 2311 2626 2365 est?
2677 2310 2895 2366 Minime
2941 2319 3120 2364 autem
3165 2312 3407 2367 omnium
3435 2315 3732 2370 audiendus

2156 2401 2239 2456 vir
2278 2403 2543 2468 eruditus,
2589 2402 2679 2471 qui
2719 2403 2771 2456 in
2819 2402 3266 2460 Adnotutionibus
3321 2405 3391 2458 ad
3462 2403 3731 2476 Nicepho-

2155 2510 2274 2548 rum
2303 2495 2321 2560 (
2332 2493 2418 2564 l8)
2457 2494 2699 2549 Fabiano
2727 2509 2880 2564 papa
2908 2495 3118 2561 tribuit,
3141 2496 3284 2565 quod
3321 2512 3429 2551 uno
3458 2512 3730 2554 consensu

2153 2585 2414 2642 Leontius
2453 2587 2852 2651 Antiochenus,
2889 2585 3332 2656 Chrysostomus,
3366 2595 3421 2643 et
3449 2603 3517 2642 ex
3552 2587 3730 2644 Leon-

2157 2678 2230 2733 tio
2259 2677 2509 2733 Chronici
2543 2678 2894 2732 Alexandrini
2920 2687 3116 2733 auctor
3146 2677 3364 2750 Babyla
3392 2679 3721 2735 tribuerunt.

2152 2770 2270 2827 Non
2295 2772 2408 2842 jam
2441 2771 2658 2839 disputo
2686 2785 2949 2827 verumne
2978 2771 3049 2826 sit
3077 2773 3219 2841 quod
3255 2772 3526 2842 conjectat
3553 2771 3726 2828 Baro-

2153 2865 2296 2931 nius,
2331 2863 2636 2933 Philippum
2666 2863 2967 2934 Augustum
3003 2879 3127 2918 cum
3159 2863 3408 2936 Philippo
3441 2867 3729 2938 Augustali

2152 2955 2372 3028 λεωριὶ
2422 2955 2680 3026 praefecto
2725 2955 2980 3011 confundi
3014 2955 3145 3012 :hic
3197 2968 3348 3013 certe
3389 2958 3568 3014 locum
3595 2998 3612 3025 ,
3647 2961 3729 3015 uti

2154 3049 2356 3104 fatetur
2398 3050 2547 3120 ipse,
2596 3048 2798 3104 habere
2852 3049 2904 3104 id
2960 3051 3276 3120 neutiquam
3338 3059 3558 3121 potest;
3617 3067 3727 3108 non

475 3157 597 3196 nam
619 3141 924 3211 amplexum
945 3143 1114 3202 fuisse
1134 3143 1437 3218 Philippum
1460 3162 1528 3203 ex
1547 3147 1812 3219 eoliquet,
1831 3150 1972 3220 quod
1991 3149 2046 3204 in
2151 3142 2353 3198 idcirco
2377 3151 2612 3208 tantum,
2640 3143 2784 3213 quod
2825 3143 2962 3198 duas
3001 3141 3124 3198 illas
3149 3141 3423 3213 .Origenis
3469 3145 3728 3215 epistolas

473 3245 674 3289 catum
704 3233 1137 3292 Christianorum
1162 3239 1274 3309 jam
1302 3249 1520 3296 creatus
1547 3241 1849 3312 imperator
1872 3243 2041 3313 recipi
2072 3276 2115 3336 ο
2149 3235 2358 3290 Viderat
2391 3235 2655 3290 Eusebius
2681 3253 2696 3302 ;
2721 3234 2816 3290 θεά
2837 3233 3006 3290 multo
3033 3233 3202 3305 πιθεῑε
3225 3235 3394 3304 ρυοάι
3423 3236 3728 3307 ἰηινεηηιθ

472 3327 830 3396 postulaverit
859 3328 1188 3397 Antiochia,
1227 3346 1337 3401 quo
1366 3333 1585 3388 nonnisi
1620 3343 1740 3403 post
1767 3344 2042 3405 arreptum
2077 3325 2115 3336 ⁷
2154 3325 2378 3391 Set/era.
2431 3328 2695 3398 martyrio
2761 3337 3114 3397 consumptus
3156 3327 3236 3381 'sit
3287 3326 3567 3398 Philippus
3637 3329 3728 3386 ille

473 3434 666 3476 recens
693 3421 978 3491 imperium
1009 3437 1129 3478 sese
1157 3439 1388 3494 usquam
1422 3425 1672 3481 contulit.
1697 3425 2044 3498 Quacunque
2153 3417 2470 3488 AuKHSlaiiS
2503 3419 2832 3486 Ρτωῖθειυες
2877 3417 2950 3472 a'b
2983 3418 3216 3473 Eusebio
3247 3429 3429 3475 amem
3457 3435 3728 3477 memora-

470 3521 650 3566 autem
693 3513 954 3570 adversus
999 3513 1151 3586 hanc,
1189 3517 1509 3572 sententiam
1553 3526 1870 3588 argumenta
1917 3535 2045 3589 pro.
2154 3520 2263 3565 tum
2305 3510 2534 3580 Philippi
2587 3510 2817 3582 Augusti
2873 3509 3106 3576 facinus,
3151 3511 3270 3579 ipso
3292 3511 3408 3581 jam
3437 3511 3726 3582 imperium

467 3600 578 3657 fert
617 3601 880 3660 Baronius
940 3603 1075 3676 (15),
1139 3615 1200 3662 ut
1263 3609 1556 3678 postremis
1608 3609 1822 3679 imperii
1885 3612 2044 3668 annis
2151 3603 2348 3673 adepto
2402 3603 2609 3658 editum
2667 3603 2758 3658 sit.
2815 3601 3008 3656 Exstat
3059 3601 3187 3656 hinc
3238 3602 3405 3657 etiam
3454 3603 3726 3658 meritone

468 3694 687 3751 Christo
723 3712 916 3753 nomen
963 3697 1270 3770 Philippum
1323 3702 1538 3757 dedisse
1579 3702 1814 3772 probet,
1856 3718 1922 3758 ex
1978 3695 2044 3761 iis

2153 3693 2435 3763 scripserit
2455 3692 2788 3761 Pomponius
2816 3691 3019 3757 Latus,
3048 3689 3379 3763 Philippum,
3423 3704 3481 3749 ut
3519 3695 3725 3750 scelera

469 3800 588 3856 qua
647 3787 882 3844 diximus
944 3789 1104 3846 facile
1162 3791 1504 3847 refelluntur.
1571 3793 1789 3850 Cadunt
1854 3795 2042 3851 itidem
2154 3794 2374 3855 tegeret,
2417 3786 2620 3840 cultum
2659 3783 2952 3840 Christiani
3003 3784 3242 3840 nominis
3275 3784 3582 3842 simulasse.
3616 3785 3724 3843 Sed

467 3879 830 3945 pronuntiata
875 3881 932 3935 in
968 3895 1090 3936 eam
1130 3897 1242 3937 rem
1287 3899 1316 3938 a
1359 3883 1662 3954 Scaligero.
1688 3884 1800 3955 (16)
1853 3885 2038 3956 amplcti.
2148 3887 2490 3934 revertamur
2519 3879 2586 3932 ad
2618 3877 2980 3948 propositum.

465 3965 632 4035 δόεαι·
664 3973 742 4028 sic
790 3973 934 4028 enim
974 3972 1134 4030 eli‘ata
1169 3975 1286 4045 ejus
1330 3974 1562 4046 appello,
1597 3975 1796 4046 quibus
1827 3975 2035 4046 Philip-

535 4090 652 4159 (11)
677 4090 873 4147 Baron.
907 4091 972 4146 ad
1000 4106 1092 4146 an.
1129 4092 1257 4157 246,
1285 4109 1435 4148 num.
1462 4095 1516 4150 8.

492 4189 497 4194 -
536 4161 650 4234 (12)
676 4161 767 4234 Sic
789 4162 1168 4234 igitursentig,
1190 4161 1391 4218 Christi
1418 4164 1582 4218 sacris
1606 4181 1639 4218 a
1669 4161 1912 4217 Fabiano
1943 4181 2039 4234 pa-

465 4247 532 4299 pa
569 4231 838 4304 initiatum
887 4233 1052 4304 [uisae
1103 4231 1422 4304 Philippum.
1453 4234 1552 4288 llic
1586 4234 1765 4304 aliqua
1790 4249 1855 4287 ex
1884 4231 2038 4303 parte

464 4301 709 4370 sequitur
756 4301 983 4374 “uetitis
1011 4306 1143 4357 Acta
1205 4301 1287 4359 S.’
1322 4303 1520 4367 Pontii,
1552 4301 1692 4374 qua
1729 4301 2037 4373 Philippum

465 4379 743 4426 uarranta
803 4373 865 4427 S.
906 4371 1098 4428 Pontio
1133 4375 1198 4428 ad
1230 4375 1431 4430 Christi
1487 4371 1646 4429 fidem
1699 4371 1886 4428 fuisse
1909 4371 2039 4428 con-

466 4456 704 4504 versum,
747 4443 875 4496 dum
909 4443 1018 4496 ludi
1070 4445 1363 4500 saculares
1412 4445 1537 4498 anni
1589 4445 1754 4500 Urbis
1806 4444 2039 4499 condita

465 4511 1073 4585 millesimiagerentur,
1100 4523 1154 4568 et
1181 4531 1208 4567 a
1234 4513 1478 4569 Fabiano
1508 4530 1644 4585 papa
1676 4515 2031 4583 baptizatum.

464 4582 570 4655 Sed
593 4582 814 4655 jamdiu
835 4584 950 4638 hac
972 4585 1106 4638 Acta
1153 4585 1220 4641 ab
1265 4582 1594 4640 eruditis'ut
1614 4582 1796 4655 spuria
1823 4594 1878 4640 et
1907 4585 2040 4639 licti-

465 4653 540 4706 tia
576 4654 954 4722 reprobantur.

534 4721 651 4794 (15)
679 4723 902 4794 Euseb,
932 4721 1142 4783 Histor.
1172 4726 1324 4792 eccl.,
1357 4725 1451 4781 lib.
1481 4741 1556 4788 vt,
1585 4741 1702 4792 cap.
1732 4725 1822 4780 54.
1994 4770 1998 4774 λ

536 4793 650 4866 (14)
718 4793 829 4848 Sub
875 4795 990 4866 ipsa
1033 4812 1190 4862 porro
1228 4798 1433 4866 imperii
1489 4798 1571 4849 sui
1625 4799 1782 4850 initia
1839 4794 2036 4849 Christi

461 4861 757 4918 doetrinam
781 4861 1078 4936 a_mple3rum
1104 4866 1267 4934 fuisse
1302 4861 1612 4936 Philippum
1650 4883 1715 4920 ea:
1754 4883 1813 4920 eo
1855 4866 2034 4936 liquet,

2216 3969 2354 4025 Xlll.
2385 3969 2499 4043 (19)
2533 3969 2646 4025 Hac
2669 3970 2903 4040 primum
2939 3978 3258 4042 tempestate
3291 3971 3542 4026 bomilias
3569 3986 3719 4036 suas,

2151 4089 2388 4146 voluisse
2420 4107 2434 4143 :
2464 4089 2557 4160 sed
2581 4088 2894 4158 episcopum
2912 4089 3004 4160 qui
3027 4097 3159 4144 tunc
3191 4088 3442 4144 Ecclesia
3465 4099 3720 4160 praerat,

2149 4177 2254 4216 non
2290 4160 2441 4230 prius
2480 4159 2555 4213 illi
2589 4160 2794 4212 aditum
2829 4161 3159 4229 permisisse,
3205 4174 3368 4227 quam
3420 4159 3722 4230 confessio-

2147 4246 2270 4286 nem
2292 4229 2568 4286 scelerum
2614 4230 2856 4295 fecisset,
2893 4231 3067 4298 iisque
3092 4230 3182 4298 qui
3225 4229 3539 4285 humanitus
3581 4231 3724 4299 lapsi

2147 4301 2383 4364 fuerant,
2434 4307 2489 4354 et
2536 4299 2588 4353 iu
2643 4301 3022 4368 pmuitentium
3075 4301 3268 4354 ordine
3307 4301 3549 4362 stabant,
3595 4317 3720 4355 sese

2148 4371 2506 4442 atljunxisset.
2576 4369 2782 4439 Quippe
2831 4371 2903 4424 ob
2951 4370 3145 4442 multa
3192 4385 3312 4440 qua
3368 4370 3721 4442 commiserat

2145 4439 2420 4503 crimina,
2475 4454 2752 4510 nunquam
2815 4441 3040 4494 omnino
3099 4441 3168 4495 ab
3211 4439 3472 4510 episcopo
3529 4439 3722 4497 fuisset

2147 4511 2440 4582 admissus,
2473 4509 2573 4565 nisi
2603 4509 2656 4565 id
2689 4511 2840 4566 prius
2883 4510 3121 4564 fecisset.
3155 4510 3228 4582 Et
3251 4509 3560 4582 imperator
3591 4513 3718 4582 qui-

2147 4583 2268 4636 dem
2306 4581 2552 4652 libenter
2608 4596 3016 4652 obtemperasse
3061 4581 3282 4652 dicitur,
3333 4581 3718 4652 sincerumque

2073 4631 2120 4688 Ι)
2145 4631 2553 4721 ᾆὲἶειῖέίὸὲιᾷἱὶι
2590 4631 2854 4721 ᾳῖθέιίἷῦἶ
2867 4631 3110 4704 tam;
3125 4631 3545 4719 parsissm};
3556 4631 3716 4721 "ipsi;

2142 4720 2474 4776 declarasse.
2511 4739 2530 4772 ι
2597 4720 2768 4776 Porro
2825 4733 2894 4776 ex
2949 4722 3052 4775 hac
3115 4721 3333 4777 Eusebii
3396 4720 3716 4777 narratione

2143 4791 2334 4860 liquet,
2384 4789 2701 4862 Philippum
2751 4807 2860 4846 non
2914 4792 3135 4861 quidem
3187 4793 3490 4861 postulasse
3544 4803 3602 4846 ut
3659 4794 3715 4862 in

2140 4856 2341 4916 editum
2359 4856 2796 4917 Christianorum
2822 4856 3294 4931 reciperatum-sed
3319 4863 3430 4929 jam
3458 4856 3717 4917 Christia-

459 4941 623 5003 quod,
660 4942 764 5005 etc.
792 4934 872 5005 En
905 4935 1019 5005 ipsa
1057 4931 1272 4991 Eusebii
1302 4931 1498 4998 verba,
1545 4952 1609 4990 ex
1657 4937 1855 5005 quibus
1899 4931 2037 4990 male
2141 4948 2268 5005 num
2314 4931 2549 4987 voluisse
2605 4932 2978 5005 precationum
3023 4933 3074 4985 in
3123 4931 3364 5005 Ecclesia
3393 4935 3712 5005 participem

464 5006 549 5078 hic
577 5004 862 5078 concludit
878 5004 1101 5078 Huetius
1124 5024 1136 5058 :
1157 5007 1354 5078 Τοῦτον
1371 5008 1590 5076 κατέχει
1608 5004 1762 5076 λόγος
1777 5008 2037 5078 Χριστια-

460 5073 551 5150 Υὸν
573 5075 811 5150 δνῖαηὲν
841 5075 1024 5150 ἡιέέρᾳ
1045 5077 1143 5150 τῇς
1165 5077 1401 5150 ὑᾳτάτης
1427 5073 1538 5150 τοῦή
1552 5073 2034 5150 τςάσχαῄπαννυχί-

459 5144 581 5221 ᾂος1
599 5147 708 5221 alii);
730 5146 823 5221 ξεῖ).
857 5144 968 5218 ’ξῆξ
987 5144 1283 5221 ἐκκλησίας
1315 5144 1488 5221 εὖχῷν
1520 5148 1598 5221 τῷ
1629 5144 1822 5221 πΧ-ήθει
1862 5144 2033 5221 μειξα-

2139 5002 2255 5057 iieri
2287 5008 2300 5054 ξ
2336 5016 2509 5072 neque
2549 5003 2777 5072 proinde
2815 5005 2914 5058 sub
2963 5005 3075 5074 ipsa
3135 5004 3345 5070 imperii
3387 5005 3468 5056 sui
3517 5004 3667 5074 initia
3693 5045 3711 5069 ,

2137 5074 2230 5126 sed
2271 5083 2563 5142 antequam
2606 5074 2892 5141 imperium
2938 5073 3335 5142 adipisceretur
3371 5073 3574 5126 Christi
3615 5075 3714 5126 do-

2135 5146 2368 5198 ctrinam
2409 5145 2520 5214 jam
2569 5144 2876 5214 amplexum
2919 5159 3044 5200 eum
3099 5143 3269 5214 fuisse
3305 5163 3319 5198 :
3350 5146 3497 5211 quod
3543 5144 3708 5196 etiam

463 5213 609 5300 ὁξχεῖν
638 5214 890 5300 ὲρελῆσαι
913 5213 936 5246 ⁷·
965 5219 1026 5270 οὐ
1051 5213 1327 5300 ’σξρὸτερογ
1356 5213 1438 5300 Δδξ
1482 5213 1607 5300 ρπὸ.
1625 5213 1733 5300 eqﬁ'
1777 5213 2032 5300 Ἑηύιῖεάδε

2150 5213 2701 5300 ιθειξὶιιιιιτῴεοιηιὶύβ
2746 5215 3160 5300 Antiochenus.
3199 5213 3712 5300 Chrys'ost'om't'tsnet

461 5285 804 5408 πξοεστῶτος
833 5285 1205 5360 ὲπιαζραπῆναι
1236 5285 1554 5352 ἐίσϐαλεῖν,
1580 5290 1614 5361 ἢ
1638 5285 2034 5359 ὲξομολὸγήσα-

463 5371 494 5406 σ
529 5374 605 5408 αι.
643 5357 738 5408 καὶ
762 5359 873 5408 τοῖς
904 5361 961 5408 ὲν
998 5359 1436 5408 παραπτώμασιν
1479 5359 1903 5408 ὲέεταξοαένοιε.
1942 5376 2033 5408 ηε-

463 5357 605 5421 σθαι,
643 5357 873 5420 καὶτοῖς
904 5357 974 5412 ἐν’
998 5357 1436 5430 παραπτώμασιν
1479 5357 2033 5483 ἐξεταςοξιζένοιςίμε-

460 5429 676 5501 τανοίας
700 5445 759 5501 τε
794 5427 976 5500 χώραν
994 5429 1253 5501 ἴσχουσιν.
1286 5431 1476 5484 ἑαυτὸν
1517 5431 1688 5486 καταλ
1724 5430 1807 5495 ξαι
1827 5447 1840 5459 ·
1859 5429 2032 5493 ἄλλως

461 5496 570 5579 ’χςξρ
597 5498 755 5579 phis
775 5496 910 5579 ποτε
929 5496 1271 5579 πρὸξαὺτοῷ,
1297 5501 1372 5579 μὴ
1389 5501 1510 5579 οιξχ)Σ
1531 5501 1688 5554 τοῦτο
1703 5501 2027 5579 πᾳήσξαντα,

457 5567 551 5643 διᾷ
599 5567 799 5643 πόλᾉὰς
845 5567 989 5643 ςῶνξ
1005 5575 1122 5624 κατ’
1181 5567 1372 5643 αρτιτὸν⁷
1400 5567 1576 5643 αᾼίίέίας
1604 5567 2025 5643 παραδεχθῇναν

2129 5299 2200 5346 κει
2239 5283 2465 5339 Leontio
2493 5283 2816 5338 Chronicum
2865 5283 3325 5338 Alexandrinum.
3369 5283 3498 5336 Vide
3549 5283 3710 5337 Tilie-

2137 5356 2426 5420 montium,
2466 5353 2610 5409 Hist.
2647 5356 2895 5424 imperat.
2947 5364 3076 5408 tom.
3107 5352 3194 5417 lli,
3229 5353 3356 5408 Not.
3394 5355 3448 5407 in
3475 5353 3706 5422 Philipp.

2135 5440 2254 5494 pag.
2290 5425 2396 5479 645
2430 5435 2483 5479 et
2512 5442 2666 5495 seqq.

2203 5495 2317 5566 (l5)
2349 5495 2571 5560 Baron.,
2599 5494 2668 5549 ad
2691 5511 2782 5549 an.
2803 5494 2929 5562 246,
2966 5509 3116 5566 num.
3138 5494 3194 5558 2,
3223 5495 3257 5550 5
3286 5505 3344 5566 et
3372 5495 3423 5548 4.

2203 5563 2314 5637 (16)
2346 5566 2548 5634 Scalig.
2575 5569 2631 5620 in
2658 5567 2906 5620 Animad.
2939 5569 2993 5618 in
3041 5563 3242 5620 Chron.
3272 5565 3467 5619 Euseb.
3509 5563 3578 5616 ad
3610 5578 3701 5617 an.

458 5639 554 5713 ml
611 5639 974 5713 πειθξιρχῆεξςιί
1006 5658 1070 5707 γε
1099 5641 1391 5713 προθύμως
1430 5634 1696 5713 Misisti
1719 5642 1780 5713 τὸ
1808 5634 2028 5713 ῑνήσιον
2129 5634 2291 5713 9959.-

433 5710 552 5784 ’Ξιαὶ
601 5703 844 5784 εὐλαόξξξ
868 5703 968 5780 si};
1003 5703 1153 5784 napi
1191 5703 1288 5784 ἐςὸό
1330 5703 1473 5765 θὲίον
1503 5703 1690 5781 ’φόϐαν
1734 5703 2027 5784 διαῦέὰεως

456 5778 638 5852 ξργοις
673 5778 1126 5852 ὲπιδεδειῩμένοκὶ.
1159 5801 1177 5834 ι
1205 5782 1360 5838 Hunc
1399 5778 1586 5851 utpote
1629 5783 2024 5852 Christianum,

458 5849 600 5904 fama
624 5861 709 5906 est
741 5853 793 5904 in
819 5849 1088 5920 postrema
1120 5852 1340 5908 Pascha
1362 5849 1536 5922 vigilia
1573 5854 1941 5922 precationum
1971 5851 2023 5903 in

459 5922 684 5977 ecclesia
714 5922 1034 5994 participem
1069 5923 1230 5979 simul
1256 5939 1395 5999 cum
1419 5921 1647 5996 Jreliquo
1676 5921 1873 5995 populo
1906 5921 2021 5996 fieri

2202 5707 2315 5776 (17)
2348 5703 2563 5776 liallox.
2601 5703 2752 5776 Orig.
2787 5705 2997 5776 deferto.
3019 5704 3122 5776 lib.
3155 5723 3195 5771 l,
3227 5721 3352 5776 cap.
3385 5705 3472 5758 18.

2201 5774 2314 5842 (18)
2343 5775 2568 5841 Niceplt.
2602 5774 2710 5828 lib.
2737 5792 2790 5838 v,
2817 5791 2941 5842 cap.
2974 5774 3066 5828 25.

2201 5840 2312 5916 (19)
2341 5840 2562 5907 Ευεεῢη
2595 5842 2804 5901 Histor.
2833 5840 2988 5905 each,
3031 5845 3124 5900 lib.
3163 5863 3240 5914 vr,
3273 5861 3390 5914 cap.
3423 5840 3514 5894 36.
