4162 6416
565 429 667 484 687

1824 426 1885 482 P.
1929 427 2241 484 DANIELIS
2281 430 2512 486 HUETII

3687 432 3790 489 688

558 561 697 617 quas
724 545 840 601 fere
864 544 1102 613 quotidie
1125 544 1180 598 in
1207 542 1449 598 Ecclesia
1486 541 1716 597 habebat
1751 558 1815 597 ex
1851 554 2116 613 tempore,
2149 556 2193 607 Α
2292 546 2428 601 XIV.
2463 547 2574 618 (Si)
2601 547 2672 602 At
2705 548 2939 604 nondum
2969 547 3136 603 etiam
3159 546 3515 604 Adamantius
3550 549 3790 603 vacatio-

558 657 587 693 a
640 638 867 693 notariis
917 637 1056 690 inter
1107 635 1534 690 concionandum
1596 634 1770 701 excipi
1804 648 2008 702 passus
2036 644 2120 689 est

555 732 840 799 Origenes,
884 728 1027 798 quod
1077 736 1235 781 antea
1288 741 1564 795 nunquam
1612 727 1726 781 ﬁeri
1770 727 2115 795 permiserat.

558 824 694 877 llinc
735 834 931 875 nomen
966 819 1083 889 ejus
1123 820 1296 888 magis
1342 819 1617 888 magisque
1654 819 2036 874 celebrabatur
2062 821 2115 874 in

558 915 712 979 dies;
746 911 837 965 sed
866 911 939 965 ita
970 920 1147 965 tamen
1203 921 1261 962 ut
1294 924 1507 963 summa
1549 907 1849 963 alliceretur
1879 910 2117 965 admira-

558 1006 707 1058 tione
732 1018 762 1057 a
792 1001 1078 1071 plurimis;
1109 1016 1141 1055 a
1168 999 1465 1064 nonnullis,
1505 1010 1565 1054 ut
1607 1000 1745 1054 varii
1780 1015 1902 1055 esse
1942 1000 2119 1055 solent

554 1094 832 1149 hominum
886 1106 1119 1154 sensus,
1178 1091 1551 1146 infamaretur.
1604 1092 1809 1145 Ansam
1848 1091 2118 1161 praecipue

561 1187 765 1239 dabant
796 1184 1310 1254 reprehensionibus
1340 1183 1551 1237 erudita
1576 1182 1814 1250 quidem,
1847 1197 1954 1237 nou
1985 1184 2117 1238 satis

556 1282 735 1329 tamen
764 1275 1023 1328 meditate
1062 1273 1263 1342 scripta
1297 1286 1483 1351 opera,
1527 1281 1583 1325 et
1629 1272 1681 1325 in
1721 1282 1964 1327 secretos
2002 1271 2117 1326 fere

552 1366 827 1421 elaborata
854 1382 1004 1431 usus,
1029 1381 1092 1418 ac
1132 1365 1351 1419 incaute
1377 1372 1554 1419 tamen
1587 1364 1857 1433 cvulgata.
1907 1364 2119 1433 Oppor-

556 1465 685 1509 tuna
731 1455 848 1510 haec
893 1466 1054 1509 erant
1096 1453 1341 1509 sinistris
1368 1454 1745 1509 haereticorum
1790 1454 2116 1522 interpreta-

556 1542 822 1606 tionibus.
867 1552 923 1596 et
954 1557 1097 1611 sape
1137 1542 1223 1597 vel
1260 1543 1326 1597 ad
1358 1540 1699 1598 conflandam
1728 1541 1946 1611 Origeni
1977 1542 2117 1595 invi-

554 1636 721 1700 diam,
756 1650 996 1704 eumque
1026 1635 1175 1689 falsis
1197 1634 1529 1689 criminibus
1552 1632 2115 1697 circumveniendum,

556 1726 637 1780 vel
672 1728 738 1781 ad
769 1728 1120 1796 quaerendum
1151 1724 1381 1780 nefariis
1408 1724 1753 1791 dogmatibus
1775 1722 2115 1791 splendidum

552 1819 915 1889 patrocinium
944 1816 1415 1873 adulterabantur.
1454 1816 1551 1871 Cui
1586 1816 1728 1870 malo
1756 1824 1815 1870 ut
1856 1828 2114 1870 occurre-

2222 652 2343 691 ncm
2375 653 2404 690 a
2434 638 2713 694 laboribus
2753 638 2960 693 habuit.
2997 638 3197 695 Exorta
3234 638 3434 708 quippe
3466 653 3604 692 nova
3649 640 3790 707 apud

2216 728 2424 783 Arabes
2451 730 2638 784 haeresi
2661 768 2677 793 ,
2710 744 2829 796 qum
2870 729 3105 782 animam
3132 730 3315 784 statim
3366 744 3394 781 a
3449 739 3624 783 morte
3662 743 3785 783 cum

2218 816 2542 883 corporibus
2570 817 2882 887 exstingui,
2912 827 3075 885 atque
3104 818 3290 873 itidem
3326 834 3446 873 cum
3470 817 3789 887 corporibus

2219 906 2272 959 in
2316 918 2558 961 extrema
2593 908 2679 961 die
2727 910 3019 963 excitatum
3065 909 3127 963 iri
3176 910 3479 975 sciscebat,
3532 917 3782 963 coactum

2216 999 2400 1053 statim
2435 1009 2517 1054 est
2564 999 2818 1070 frequens
2868 1001 3183 1066 concilium,
3242 1003 3310 1056 ad
3358 1001 3517 1070 idque
3578 1002 3786 1055 accitus

2216 1090 2481 1160 Origenes
2544 1092 2830 1148 haereticos
2888 1093 3159 1149 rationum
3225 1107 3443 1147 suarum
3499 1091 3785 1146 momentis

2217 1185 2490 1239 convictos
2528 1194 2583 1240 et
2620 1200 2909 1257 oppressos
2946 1186 3013 1240 ad
3060 1186 3335 1241 meliorem
3384 1195 3618 1240 mentem
3666 1197 3770 1239 tra—

2216 1274 2389 1331 duxit.
2426 1275 2550 1329 Pari
2584 1290 2799 1346 quoque
2829 1276 3092 1331 felicitate
3120 1274 3542 1331 Helcesaitarum
3584 1275 3786 1331 doctri—

2217 1379 2364 1431 nam,
2390 1381 2417 1418 a
2449 1365 2612 1433 Papia
2648 1368 2866 1421 Achaia:
2895 1369 3218 1438 presbytero
3245 1366 3370 1421 olim
3400 1382 3524 1422 cum
3551 1369 3783 1437 primum

2215 1457 2451 1513 oriretur
2504 1469 2908 1528 expugnatam,
2966 1470 3095 1514 tunc
3153 1467 3519 1514 renascentem
3576 1460 3783 1526 denuo,

2216 1561 2322 1602 non
2348 1547 2823 1616 congressionibus
2851 1557 2906 1602 et
2935 1547 3242 1617 colloquiis,
3266 1548 3359 1602 sed
3395 1548 3609 1616 scriptis
3649 1562 3781 1602 con-

2218 1639 2378 1694 tudit.
2441 1640 2645 1696 Auctor
2699 1639 3069 1694 Theodoretus
3102 1638 3238 1709 (22),
3284 1639 3373 1708 qui
3409 1639 3525 1692 hac
3571 1637 3780 1692 habet:

2214 1729 2371 1783 Κατὰ
2417 1730 2618 1800 ταύτης
2666 1730 2764 1802 τῆς
2806 1730 3069 1802 αἱρέσεως
3124 1730 3407 1801 Ὡριγένης
3446 1729 3785 1802 συνέγραψεν

2214 1820 2424 1893 ἀληθῶς
2467 1838 2480 1850 ’
2522 1822 2879 1891 συνεκρότησε
2938 1820 2993 1874 δὲ
3050 1822 3219 1894 αὐτὴν
3295 1822 3667 1893 Ἁλκιϐιάδης,
3724 1822 3785 1887 ἐξ

552 1923 659 1975 ret,
713 1924 880 1979 seque
934 1911 1037 1964 hac
1094 1908 1405 1979 suSpicione
1449 1906 1743 1972 evolveret,
1805 1904 2109 1960 consultum

2229 1913 2526 1983 Ἀπαμείας
2573 1916 2671 1984 τῆς
2708 1914 2906 1993 Συρίας
2949 1912 3285 1985 ὁρμώμενος.
3322 1913 3626 1983 Legendum
3665 1914 3780 1969 for—

549 2003 673 2057 fore
707 2011 857 2057 ratus
885 2009 970 2056 est
996 2015 1148 2056 suam
1176 2000 1243 2055 de
1281 1998 1413 2063 Deo,
1446 1998 1719 2066 rebusque
1758 1997 1957 2052 divinis
1992 2010 2116 2051 sen-

552 2093 778 2148 tentiam
814 2092 995 2147 missis
1038 2091 1104 2146 ad
1144 2089 1445 2147 Fabianum
1501 2105 1696 2161 papam
1742 2089 1983 2157 aliosque
2020 2103 2115 2142 an-

549 2186 745 2240 tistites
770 2184 1014 2254 epistolis
1042 2182 1287 2252 profiteri
1306 2220 1324 2247 ,
1360 2192 1416 2237 et
1447 2182 1492 2238 si
1520 2182 1650 2250 quid
1676 2180 1965 2235 scribendo
1986 2193 2113 2249 pec-

546 2286 807 2341 caverat,
867 2286 1085 2330 matura
1136 2273 1461 2345 paenitentia
1523 2272 1838 2328 emendare.
1908 2270 2115 2327 Causas

547 2375 727 2422 autem
781 2368 1110 2423 temeritatis
1165 2367 1355 2421 retulit
1401 2366 1455 2420 in
1515 2363 1906 2427 Ambrosium,
1970 2364 2113 2433 quod

548 2468 760 2515 secreto
776 2459 920 2515 edita
959 2460 1015 2513 in
1042 2459 1315 2529 publicum
1360 2458 1695 2529 protulisset.
1742 2455 1981 2511 Gravem
2026 2455 2115 2510 hic

554 2549 786 2605 Eusebio
814 2550 990 2604 dicam
1021 2548 1270 2619 impingit
1297 2547 1564 2603 Barouius
1588 2547 1728 2615 (20),
1763 2546 1907 2616 quod
1939 2560 2109 2615 repu-

548 2640 752 2699 diltam
780 2640 920 2695 hanc
945 2656 977 2695 a
1002 2639 1249 2695 Fabiano
1270 2640 1664 2710 professionem
1695 2638 1841 2702 fidei,
1857 2646 1913 2691 et
1938 2637 2112 2707 ipsum

546 2735 615 2789 ad
658 2748 884 2789 causam
918 2732 1202 2788 dicendam
1240 2732 1476 2787 accitum
1518 2731 1688 2786 fuisse
1721 2730 1946 2785 Romam
1991 2726 2113 2784 Ori-

543 2839 737 2894 genem
763 2824 889 2881 dolo
923 2825 1071 2879 malo
1093 2825 1409 2891 reticuerit;
1450 2824 1543 2880 sed
1577 2823 1687 2891 jam
1718 2836 1881 2891 supra
1908 2821 1975 2875 ab
2013 2819 2115 2874 hac

542 2915 757 2971 Barouii
806 2915 1081 2971 calumnia
1135 2916 1424 2971 Eusebium
1488 2916 1885 2970 vindicavimus
1932 2931 1946 2966 :
1988 2926 2111 2966 nam

543 3006 671 3073 qui'd
715 3006 818 3062 hac
850 3005 1191 3077 professione
1225 3006 1425 3062 factum
1470 3007 1541 3061 sit
1584 3007 1850 3059 incertum
1892 3011 1979 3056 est
2004 3042 2018 3068 ,
2059 3010 2115 3056 et

543 3095 831 3151 admodum
862 3096 1030 3153 semel
1062 3096 1291 3153 Romam
1337 3096 1501 3153 ivisse
1532 3096 1825 3165 Origenem
1871 3092 2114 3148 certissi-

548 3201 693 3240 tuuui
724 3196 828 3241 est.

2217 2011 2381 2068 tasse,
2430 2006 2799 2077 συνεκρὰτησε
2833 2022 2846 2034 ⁸
2880 2007 2959 2059 sic
3002 2007 3146 2059 enim
3190 2007 3255 2061 de
3290 2007 3475 2060 eadem
3522 2021 3581 2060 re
3625 2005 3783 2061 Nice-

2214 2089 2416 2159 phorus
2471 2090 2582 2161 (23)
2616 2109 2629 2145 :
2660 2091 2801 2145 κατὰ
2840 2092 2896 2145 δὲ
2946 2093 3148 2163 ταύτης
3196 2094 3289 2147 καὶ
3339 2094 3678 2167 Ἀλκιϐιάδης
3724 2096 3786 2161 ἐξ

2226 2181 2523 2252 Ἀπαμείας
2564 2183 2660 2253 τῆς
2701 2182 2899 2254 Συρίας
2921 2184 3209 2256 πάμπολλα
3250 2187 3551 2255 ἡγωνίσατθ
3582 2204 3595 2217 ·
3640 2188 3782 2260 Ὠρι-

2214 2274 2376 2344 γένης
2416 2274 2474 2328 δὲ
2506 2277 2619 2339 τοῖς
2656 2276 2775 2329 κατ’
2805 2276 2973 2349 αὐτῆς
3005 2276 3247 2348 ἐλέγχοις
3279 2278 3554 2351 ἡρίστευε.
3596 2278 3776 2346 Quan—

2214 2380 2374 2434 quam
2419 2366 2553 2421 nihil
2615 2366 2827 2423 aflirmo
2870 2385 2883 2422 :
2936 2383 3061 2421 nam
3124 2368 3415 2439 Nicephori
3472 2371 3779 2424 auctoritati

2214 2471 2406 2527 parum
2462 2460 2663 2515 tribuo.
2727 2457 3011 2514 Geminam
3064 2460 3202 2514 hanc
3246 2461 3313 2515 ab
3353 2460 3583 2530 Origene
3611 2461 3774 2516 victo-

2214 2548 2351 2602 riam
2381 2547 2504 2602 dolo
2545 2546 2684 2603 tnalo
2709 2533 2929 2603 relic-uit
2972 2549 3237 2621 G’eorgius
3272 2549 3583 2621 Syncellus,
3624 2550 3771 2606 Crte.

2213 2654 2403 2695 corum
2455 2642 2695 2696 omnium
2767 2656 2972 2697 morem
3044 2642 3097 2696 in
3156 2642 3491 2713 suggillando
3547 2642 3781 2716 Origene

2213 2742 2454 2787 secutus.
2505 2729 2617 2787 Nec
2648 2732 2937 2788 absurdum
2970 2731 3201 2787 fortasse
3236 2733 3397 2787 fuerit
3430 2733 3619 2789 iisdem
3646 2750 3775 2791 con-

2208 2821 2437 2893 jungere
2507 2821 2842 2892 temporibus
2890 2821 3242 2891 Apellitarum
3295 2823 3726 2895 proﬂigationem
3756 2864 3775 2893 ,

2212 2928 2346 2983 quos
2400 2928 2497 2982 per
2537 2912 2818 2968 Orientem
2856 2926 3162 2984 grassantes
3214 2915 3453 2969 coercuit
3493 2913 3774 2987 Origenes,

2211 3013 2266 3061 et
2291 3020 2387 3076 per
2415 3005 2657 3076 singulas
2688 3020 2930 3077 quasque
2962 3006 3121 3062 urbes
3164 3006 3463 3063 insectatus
3500 3007 3783 3062 concioni-

2212 3098 2316 3154 bus
2353 3099 2631 3168 repressit.

1627 3447 2005 3539 CAPUT
2078 3446 2697 3554 QUARTUM.

540 3643 582 3699 Ι.
643 3641 919 3713 Philippus
982 3646 1271 3713 imperator
1329 3642 1660 3713 inter/icitur.
1717 3644 2045 3713 Subrogatur
2095 3638 2305 3713 Decius.
2344 3641 2573 3713 septima
2620 3644 2925 3713 persecutio.
2994 3642 3063 3698 ll.
3121 3642 3370 3711 Origenes
3424 3659 3517 3711 pro
3563 3642 3781 3713 Christo

609 3712 941 3781 gravisaimos
968 3714 1233 3767 cruciatus
1268 3716 1504 3767 sustinet.
1540 3712 1622 3767 Ill.
1653 3713 1870 3767 Librum

1943 3728 1972 3767 e
2007 3710 2477 3781 martyrioiscribil
2506 3713 2575 3765 ad
2606 3710 2724 3765 eum
2755 3711 3039 3781 Dionysius
3070 3710 3476 3767 Alexandrinus.
3520 3713 3607 3767 IV.
3642 3712 3768 3768 Ori-

614 3780 752 3836 isnis
778 3785 1051 3838 modestia.
1089 3781 1279 3836 Utrum
1304 3785 1371 3835 ad
1406 3784 1673 3837 uitandum
1694 3784 1963 3851 (Ethiopis
1989 3792 2232 3848 stuprum
2263 3780 2459 3834 Christi

606 3798 675 3909 ᾖ.
718 3852 1022 3909 Castiaatur
1065 3854 1366 3906 criticorum
1410 3854 1777 3907 nonnullorum
1823 3854 2110 3906 temeritas.
2148 3846 2234 3902 Vl.
2281 3850 2459 3905 Mortu

2486 3783 2639 3854 ﬁdem
2663 3783 2983 3854 ejurarit,ret
3012 3801 3114 3854 quo
3142 3785 3196 3854 id
3220 3794 3447 3854 tempore
3471 3785 3769 3852 contigerit.

659 3892 675 3907 .
718 3852 1022 3923 Castigatur
1065 3854 1366 3906 criticorum
1410 3854 1777 3907 nonnullorum
1823 3846 2110 3923 temeritas.
2148 3846 2234 3902 Vl.
2281 3846 2493 3906 Mortuo
2538 3846 2715 3923 Decio,
2753 3853 2975 3923 vinculis
3024 3846 3248 3923 soluitur
3281 3846 3551 3923 Origenes.
3609 3846 3779 3906 Decio

606 3918 888 3976 succedunt}
935 3923 1122 3977 Gallus
1152 3935 1201 3976 et
1248 3923 1584 3976 Volusianus.
1624 3924 1728 3977 Vll.
1768 3923 1889 3977 Obit
1935 3922 2199 3990 0rigenes_
2232 3936 2370 3973 anno
2418 3922 2584 3975 (uatis
2639 3937 2786 3976 thx.
2832 3918 3059 3977 Pereunt
3090 3921 3275 3975 Gallus
3308 3918 3396 3990 ιε’
3429 3922 3771 3975 Volusianus.

619 3991 747 4045 Vlll.
797 3993 1040 4063 Elogium
1079 3991 1341 4061 Origenis.
1382 3991 1469 4048 IX.
1501 3992 1765 4062 Sepelitur
1796 3994 1934 4063 Tyri.
1984 3988 2134 4046 Vana
2164 3988 2229 4041 de
2260 3990 2373 4059 ejus
2399 3991 2569 4045 salute
2590 3994 2811 4061 quwstio
2833 3994 3273 4059 praetermittitur.
3305 3989 3370 4046 Χ.
3400 3992 3579 4061 Ipsius
3607 3993 3766 4045 disci-

602 4063 713 4131 puli
746 4074 1097 4117 recensentur.

2118 4156 2189 4169 —

604 4303 644 4358 Ι.
684 4300 799 4373 (24)
846 4300 1139 4371 Triplicem
1188 4302 1352 4365 hanc,
1405 4314 1565 4370 quam
1597 4301 1842 4369 proxime
1864 4313 2095 4355 comme—
2123 4303 2167 4361 C.
2197 4298 2478 4354 secutione
2550 4300 2802 4370 princeps
2869 4297 3122 4353 occubuit
3182 4300 3456 4358 Fabianus
3524 4303 3769 4374 pontifex

533 4392 885 4457 inoravimus,
907 4391 1177 4445 adversus
1202 4398 1613 4445 succrescentes
1641 4389 1879 4445 hereses
1910 4387 2103 4443 velita-

531 4485 735 4537 tionem
786 4483 998 4537 videtur
1030 4484 1291 4552 Origenes
1324 4481 1641 4536 exercuisse
1683 4481 1973 4550 postremis
2009 4482 2102 4535 im-

531 4572 665 4642 perii
700 4571 929 4639 Philippi
962 4572 1167 4636 annis;
1204 4570 1317 4641 (9.5)
1352 4570 1443 4639 qui
1480 4585 1603 4624 cum
1648 4573 1939 4639 septimum
1984 4570 2096 4639 jam

528 4678 730 4717 annum
788 4677 966 4716 rerum
1016 4663 1301 4731 potiretur,
1334 4663 1481 4718 Decii
1527 4662 1717 4717 fraude
1752 4663 1981 4718 Verona:
2027 4662 2096 4717 ab

526 4755 773 4808 exercitu
803 4754 1127 4809 interfectus
1168 4765 1270 4809 est.
1308 4754 1644 4824 Subrogatur
1671 4755 1723 4808 in
1753 4754 1871 4820 ejus
1911 4753 2090 4808 locum

526 4845 746 4909 Decius,
786 4845 876 4915 qui
911 4856 969 4899 ut
995 4845 1049 4899 in
1082 4845 1311 4915 Philippi
1345 4846 1663 4902 memoriam
1691 4845 1945 4900 incensus
1971 4854 2092 4899 erat

523 4938 669 5000 odio,
703 4936 1159 5001 Christianorum,
1188 4952 1326 5007 quos
1347 4939 1496 4992 visus
1520 4945 1641 4992 erat
1666 4936 1867 4991 charos
1895 4936 2093 4990 habere

522 5023 799 5094 Philippus
831 5026 960 5080 dum
986 5026 1212 5089 viveret,
1244 5040 1334 5081 res
1360 5034 1603 5090 vastare,
1638 5040 1705 5079 ac
1731 5040 1928 5080 nomen
1968 5026 2093 5079 fun-

531 5116 675 5169 ditus
712 5114 894 5171 delere
920 5118 1227 5173 constituit.
1258 5118 1313 5170 In
1341 5117 1618 5171 teterrima
1642 5115 1743 5171 hac
1769 5117 1930 5186 igitur
1974 5131 2097 5186 per-

615 5247 708 5315 20)
730 5249 925 5304 Baron.
962 5252 1029 5306 ad
1060 5266 1149 5308 an.
1178 5251 1300 5311 248.
1333 5268 1482 5305 num.
1516 5252 1567 5307 l.
1604 5251 1660 5302 ‘2.

614 5319 704 5384 2i)
736 5320 963 5384 Euseb.,
992 5320 1191 5374 Histor.
1222 5322 1375 5383 eccl.,
1413 5324 1506 5375 lib.
1533 5337 1740 5389 vt,cap.
1767 5322 1856 5383 57,
1886 5320 1978 5375 58.

617 5391 709 5460 ἐξ)
735 5388 1060 5460 ῙΙιθοιΙοιθι.
1094 5391 1243 5445 ﬂwr.
1272 5390 1408 5445 Fab.
1440 5393 1532 5445 lib.
1566 5409 1627 5456 ll,
1649 5388 1769 5460 cup.
1796 5391 1848 5445 8.

590 5458 702 5531 (ἓξ)
736 5458 959 5531 i‘iiceph.
992 5461 1083 5531 lib.
1118 5476 1170 5525 v,
1199 5478 1320 5531 cap.
1355 5462 1445 5515 24.

589 5526 702 5601 (ᾗ)
734 5526 954 5601 Euseb,
991 5530 1190 5586 (liuor.
1221 5526 1372 5593 eccl.,
1405 5532 1494 5584 lib.
1522 5547 1595 5597 vi,
1632 5547 1750 5601 cap.
1782 5530 1873 5585 59.

590 5598 700 5667 (25)
735 5598 837 5662 Qui
875 5616 993 5653 cum
1036 5602 1307 5667 septimum
1335 5602 1451 5669 jam
1499 5598 1714 5655 annum'
1736 5616 1907 5654 rerum
1945 5601 2080 5669 poti-

518 5676 708 5741 retur.
735 5670 953 5737 Septem
991 5670 1145 5725 annis
1184 5672 1492 5741 regnavisse
1524 5671 1829 5740 Philippum
1880 5672 2071 5725 scribit

520 5736 822 5809 Eusebius,
878 5754 1039 5809 quem
1095 5736 1394 5809 sequuntur
1451 5736 1717 5804 Orosius,
1752 5741 2069 5809 Eutychius,

514 5805 913 5876 Albularayus,‘
955 5805 1220 5880 Georgius
1272 5809 1575 5881 Syncellus,
1640 5805 1973 5881 Epiphanius
2018 5822 2073 5867 et

2207 4391 2494 4453 maximus,
2524 4390 2580 4445 in
2610 4388 2768 4458 cujus
2808 4390 2987 4446 locum
3026 4389 3283 4448 sulIectus
3328 4404 3409 4448 est
3458 4394 3761 4452 Cornelius.

2203 4480 2264 4536 In
2287 4496 2566 4536 carcerem
2588 4496 2803 4552 quoque
2832 4484 3096 4555 compacti
3124 4494 3249 4538 sunt
3271 4487 3475 4542 nobiles
3503 4487 3763 4558 episcOpi,

2201 4566 2532 4633 Alexander,
2578 4571 2625 4626 is
2679 4587 2707 4625 a
2756 4588 2862 4642 quo
2908 4572 3050 4627 inter
3092 4574 3442 4645 presbyteros
3495 4580 3763 4648 quondam

2201 4658 2461 4730 Origenes
2501 4660 2681 4716 fuerat
2729 4672 3031 4735 cooptatus,
3083 4675 3137 4718 et
3192 4665 3422 4737 Babylas
3454 4686 3468 4722 :
3500 4669 3592 4739 qui
3642 4685 3771 4725 cum

2202 4750 2345 4807 letho
2374 4754 2629 4808 destinati
2668 4754 2720 4808 in
2755 4754 2986 4810 vinculis
3013 4755 3275 4812 obiissent
3297 4798 3312 4825 ,
3361 4760 3484 4815 huic
3522 4760 3724 4819 Fabius
3746 4803 3762 4830 ,

2200 4844 2274 4898 illi
2307 4843 2629 4900 Mazabanes
2654 4847 2939 4901 successit.
2988 4847 3051 4900 Et
3084 4850 3211 4917 quid
3240 4866 3333 4906 eos
3356 4867 3547 4909 oumes
3576 4871 3767 4911 recen-

2201 4952 2321 4991 sere
2352 4937 2566 5001 attinet,
2594 4952 2731 5006 quos
2776 4937 3146 4994 funestissima
3175 4941 3265 4995 illa
3306 4942 3560 5001 Ecclesia:
3585 4948 3769 5004 clades

2201 5030 2578 5098 consumpsit?
2608 5030 2834 5085 Referta
2882 5042 3008 5086 sunt
3049 5049 3234 5089 eorum
3281 5039 3589 5096 nominibus
3620 5043 3762 5097 anti-

2202 5136 2304 5189 qua
2366 5120 2781 5192 Martyrologia.
2824 5122 2931 5178 Sed
2983 5122 3326 5181 Palaestinam
3379 5132 3649 5199 praecipue
3700 5148 3763 5188 ea

2196 5254 2841 5328 NicephorigChronicon.
2863 5257 2968 5313 Sed
2995 5274 3059 5314 ex
3093 5260 3350 5317 Chronico
3378 5264 3776 5328 Alexandrino,

2196 5337 2424 5398 utroque
2467 5326 2706 5398 Victore,
2741 5328 3020 5398 Eutropio,
3079 5330 3310 5393 Zonara,
3342 5326 3762 5390 numismat‘ibus

2192 5396 2458 5465 plurimis,
2497 5397 2681 5452 codice
2731 5396 3040 5454 Justin‘iauo
3080 5412 3135 5454 et
3189 5417 3254 5455 ex
3304 5404 3425 5459 aliis
3458 5407 3757 5459 auctorita-

2192 5469 2334 5545 tibus
2386 5476 2498 5519 tum
2532 5468 2812 5536 antiquis,
2877 5479 2987 5522 tum
3043 5472 3461 5545 recentioribus,
3522 5477 3762 5545 quinque

2190 5538 2449 5613 duntaxat
2479 5551 2648 5591 annos
2681 5548 2742 5613 _et
2774 5541 3228 5613 mensesaliquot
3270 5538 3570 5613 imperasse
3613 5538 3757 5598 viile-

2190 5615 2275 5658 tur
2314 5606 2612 5677 Philippus,
2643 5609 2712 5663 ab
2745 5623 2888 5662 anno
2913 5606 3129 5663 scilicei
3149 5611 3276 5675 244,
3317 5606 3381 5665 a'd
3400 5606 3607 5667 annum
3628 5614 3760 5677 259,

2177 5690 2284 5745 quo
2312 5692 2341 5729 a
2368 5676 2531 5731 Decio
2557 5678 2771 5751 occisus
2796 5688 2896 5733 est.
2919 5678 3074 5751 fide
3105 5680 3435 5746 Tillemont.,
3473 5683 3616 5736 Ηὲδι.
3663 5676 3771 5751 inr-

2176 5755 2345 5815 perat.
2380 5758 2513 5806 tom.
2556 5746 2644 5815 ΙΙΙ,
2676 5747 2800 5804 Not.
2826 5751 2882 5805 in
2909 5748 3165 5818 Gordiau.
3202 5753 3341 5808 etin
3380 5753 3621 5824 Philipp.
