4162 6406
443 373 549 429 689

1492 370 2066 428 ORIGENIANORUM
2108 370 2234 427 LIB.
2276 372 2318 439 Ι,
2361 372 2508 427 CAP.
2546 371 2641 428 1V.

3569 381 3673 437 6.90

444 502 657 561 strages
688 489 870 545 affecit
901 504 915 541 :
949 488 1104 544 multi
1152 488 1423 559 siquidem
1457 487 1707 557 Origenis
1746 487 2003 541 exhorta-
2033 491 2077 547 Α
2107 486 2484 543 bliothecarius
2500 488 2609 557 (28)
2625 496 2677 542 et
2692 485 2932 543 Zonaras
2947 488 3085 561 (29),
3114 490 3201 545 vix
3222 490 3468 560 equidem
3486 500 3670 559 credo,

448 583 685 636 tionibus
717 580 931 635 accensi
973 578 1117 634 Decii
1158 578 1432 632 furoribus
1468 591 1592 631 sese
1619 577 1831 633 fortiter
1859 576 2008 645 obje-

445 682 658 727 cerunt.

517 766 580 821 ll.
612 765 712 832 Qui
763 764 964 834 Tyrum
1012 762 1122 832 jam
1177 773 1303 817 ante
1339 761 1676 816 concessisse
1720 759 2005 831 Origenem

447 859 698 923 credunt,
735 874 895 926 quam
921 855 1216 910 Christiani
1257 870 1287 908 a
1315 855 1482 909 Decio
1511 852 1811 923 oppugnari
1845 855 2006 920 ccepti

445 954 576 1015 sint,
611 952 765 1006 facile
791 952 856 1005 iis
878 950 1148 1003 assentior
1170 963 1450 1003 :secessus
1482 962 1679 1000 annum
1706 947 2006 1015 assignare,

447 1044 701 1100 hariolari
738 1053 846 1119 est.
896 1041 950 1095 ln
983 1056 1106 1096 eum
1143 1051 1291 1096 certe
1332 1040 1565 1094 maxima
1616 1036 2008 1109 persecutionis

455 1137 616 1207 hujus
675 1136 917 1202 gravitas
970 1133 1254 1197 incubuit,
1313 1147 1474 1201 quam
1540 1130 1727 1184 eadem
1788 1128 2009 1194 pertulit

448 1231 781 1289 constantia,
812 1242 916 1297 qua
946 1226 1064 1282 aliis
1087 1241 1207 1281 eam
1236 1236 1293 1280 ut
1317 1224 1642 1295 perferrent,
1674 1232 1862 1276 auctor
1892 1222 2009 1278 fue-

445 1334 550 1380 rat.
595 1321 727 1375 Nam
766 1322 997 1389 primum
1031 1320 1085 1373 in
1123 1318 1445 1387 profundum
1499 1330 1773 1370 carcerem
1828 1314 2008 1368 detru-

445 1431 537 1469 sus
566 1423 682 1479 est;
711 1413 920 1484 torquis
940 1411 1149 1466 ferreus
1172 1409 1310 1464 collo
1341 1409 1601 1478 injectus;
1636 1407 2010 1476 pedesligneis

444 1506 649 1575 pedicis
680 1504 873 1575 grandi
903 1502 1187 1558 intervallo
1221 1502 1449 1555 invicem
1479 1500 1700 1553 remotis
1730 1500 1800 1553 ita
1822 1499 2006 1553 inserti

442 1607 591 1665 sunt,
628 1606 686 1650 ut
714 1596 1026 1651 divaricatis
1054 1595 1309 1650 cruribus
1340 1595 1662 1647 distractum
1690 1607 1886 1660 corpus
1913 1606 2011 1659 per

443 1689 642 1744 multos
694 1688 810 1743 dies
860 1687 1136 1741 dirissime
1176 1695 1520 1755 torqueretur
1553 1701 1567 1737 :
1598 1682 2011 1737 intentabantur

438 1780 647 1850 ignium
678 1788 734 1833 et
761 1778 1145 1848 suppliciorum
1172 1777 1354 1841 minaz,
1382 1791 1446 1830 ac
1466 1773 1745 1844 multiplici
1776 1774 2010 1841 denique

442 1881 713 1926 tormento
739 1870 909 1925 senile
931 1884 1127 1937 corpus
1151 1868 1517 1923 cruciabatur.
1556 1865 1736 1919 Altum
1762 1865 1852 1920 ille
1877 1880 2006 1919 con-

440 1972 549 2028 tra,
579 1976 635 2018 et
660 1971 901 2017 erectum
924 1962 1165 2015 animum
1196 1974 1364 2029 super
1395 1958 1671 2013 fortunam
1700 1970 1921 2027 gerens,
1954 1964 2010 2009 et

444 2056 607 2110 vitam
645 2069 799 2109 suam
830 2062 952 2121 post
976 2052 1178 2109 Christi
1202 2051 1362 2106 ﬁdem
1389 2050 1608 2116 ducens,
1632 2063 1826 2104 omnes
1856 2062 2011 2118 aspe-

444 2148 635 2200 ritates
666 2143 988 2214 supervasit.
1020 2143 1097 2198 Ac
1115 2157 1299 2198 secum
1324 2141 1588 2212 praeclare
1619 2148 1799 2195 actum
1819 2139 2011 2195 existi-

446 2248 663 2300 masset,
710 2238 754 2291 si
799 2246 1103 2290 extremum
1145 2235 1212 2287 ab
1251 2248 1317 2288 eo
1356 2233 1684 2302 supplicium
1728 2231 2010 2301 improbus

445 2329 796 2397 expetivisset
829 2327 1033 2396 judex,
1071 2327 1157 2381 cui
1207 2342 1370 2380 unum
1421 2324 1473 2379 id
1507 2324 1609 2379 fuit
1649 2323 2007 2394 propositum,

442 2435 633 2475 omnes
684 2419 928 2489 martyrii
973 2419 1248 2474 cruciatus
1308 2417 1756 2473 innocentissimo
1800 2416 2009 2471 homini

449 2511 707 2582 inﬂigere,
740 2512 988 2566 eumdem
1034 2527 1160 2565 vero
1205 2521 1418 2580 sperata
1455 2525 1553 2580 per
1588 2518 1821 2563 mortem
1860 2524 2007 2562 mar-

446 2599 570 2669 tyrii
613 2598 858 2653 mercede
901 2599 1137 2669 privare.
1187 2599 1526 2657 Ostentatum
1576 2600 1760 2668 itaque
1826 2610 2005 2653 certa-

445 2691 607 2745 minis
653 2701 709 2745 et
752 2690 996 2770 laborum
1028 2691 1303 2761 praemium
1340 2690 1393 2745 in
1439 2690 1587 2745 aliud
1628 2701 1841 2760 tempus
1873 2690 2009 2744 dila-

445 2796 558 2842 tum
588 2799 689 2843 est.

517 2880 600 2937 Ill.
637 2879 747 2949 (26)
776 2879 921 2936 Bene
947 2889 1127 2936 autem
1158 2880 1222 2935 de
1245 2895 1303 2936 se
1342 2881 1537 2935 merito
1563 2881 1847 2949 magistro,
1880 2883 2006 2937 dum

445 2972 500 3026 in
534 2972 814 3026 tormentis
839 2982 1005 3037 esset,
1048 2971 1283 3043 optimus
1325 2972 1651 3042 discipulus,
1706 2983 1761 3029 et
1809 2978 2009 3032 veteris

438 3062 696 3116 amicitiae
725 3077 929 3117 memor
948 3041 1235 3134 Dionysius
1257 3041 1653 3120 Alexandrinus
1677 3079 1784 3120 non
1817 3041 2032 3131 defuit,'

2108 579 2198 647 qui
2238 579 2633 649 subjectissime
2675 581 2740 633 de
2782 595 2842 635 se
2875 595 2937 636 ac
2975 582 3332 638 demisissime
3369 583 3423 637 in
3459 582 3610 638 libris
3637 603 3667 639 a

2109 684 2167 724 se
2198 672 2300 725 hoc
2343 683 2582 740 tempore
2637 672 2857 742 scriptis
2905 682 2961 725 et
3010 674 3327 741 loquituret
3354 676 3540 729 sentit.
3590 677 3670 730 Ad

2104 761 2226 816 haec
2269 772 2554 832 postquam
2606 763 2663 817 in
2710 764 3089 832 persecutione
3142 765 3372 820 Deciana
3425 767 3671 821 nuntium

2104 853 2328 909 Christo
2360 856 2637 910 remisisse
2665 856 2950 926 Origenem
2979 857 3220 926 scripsit,
3268 858 3417 911 addit
3455 859 3508 912 in
3536 860 3675 913 mul-

2112 955 2194 998 tas
2236 945 2429 1000 deinde
2487 947 2741 1001 incidisse
2804 948 3075 1011 haereses,
3123 948 3411 1017 multisque
3456 951 3672 1003 errandi

2109 1050 2330 1091 causam
2358 1037 2598 1103 dedisse,
2631 1054 2697 1094 ac
2731 1039 2900 1095 multo
2914 1048 3044 1109 post
3068 1048 3309 1109 tempore
3336 1039 3673 1096 Christiano-

2108 1144 2230 1183 rum
2294 1131 2676 1185 communione
2742 1130 2909 1187 fuisse
2964 1132 3282 1202 privatum:
3317 1147 3437 1201 qua:
3488 1148 3673 1187 secum

2111 1220 2401 1275 manifesto
2446 1230 2706 1291 pugnant,
2766 1238 2887 1277 cum
2923 1222 3215 1292 perpaucis
3263 1232 3388 1277 ante
3427 1222 3677 1293 Origenis

2106 1311 2320 1367 obitum
2364 1314 2522 1368 annis
2566 1313 2855 1370 instinctus
2880 1313 3073 1368 furore
3112 1314 3306 1369 Decius
3352 1315 3678 1372 Christianis

2109 1403 2306 1461 bellum
2357 1404 2630 1461 indixerit.
2675 1406 2966 1461 Sciendum
3012 1414 3277 1475 praeterea
3336 1406 3387 1460 id
3433 1407 3678 1462 hausisse

2110 1496 2474 1563 Nicephorum
2503 1511 2575 1551 ex
2600 1496 2927 1567 Epiphanio,
2960 1499 3049 1566 qui
3078 1499 3219 1552 hanc
3260 1497 3509 1567 Origenis
3551 1514 3675 1568 per-

2110 1584 2432 1639 duellionem
2489 1600 2719 1640 narrans
2760 1586 2892 1640 baer.
2928 1587 3021 1650 δι,
3052 1602 3171 1655 cap.
3217 1588 3278 1671 ε,
3313 1588 3380 1641 de
3424 1602 3678 1654 persecu-

2112 1679 2255 1732 tione
2300 1677 2532 1733 Deciana
2571 1679 2738 1733 altum
2789 1679 2934 1743 silet,
2985 1680 3437 1749 quemadmodum
3483 1679 3679 1735 Cedre-

2112 1786 2211 1826 nus
2242 1780 2297 1826 et
2329 1769 2572 1826 Suidas:
2612 1773 2664 1827 in
2688 1773 2824 1829 libro
2852 1782 3032 1827 autem
3081 1774 3158 1827 De
3197 1790 3361 1827 mens.
3400 1784 3448 1827 et
3487 1774 3679 1841 pond.,

2112 1880 2171 1917 n.
2202 1863 2289 1927 18,
2321 1877 2441 1917 cum
2484 1862 2731 1917 Deciana:
2759 1862 3157 1932 persecutionis
3200 1864 3467 1928 meminit,
3496 1864 3679 1934 Orige-

2111 1970 2235 2009 nem
2270 1954 2486 2025 quidem
2530 1955 2697 2009 muita
2736 1963 2867 2009 tunc
2910 1968 3223 2024 perpessum
3278 1956 3445 2010 fuisse
3500 1958 3678 2021 docet,

2109 2046 2426 2117 Ethiopem
2454 2061 2585 2101 vero
2615 2047 2929 2117 neutiquam
2955 2059 3370 2103 commemorat.
3400 2047 3511 2102 Nec
3538 2062 3679 2104 com-

2112 2144 2379 2192 memorat
2431 2143 2583 2191 certe
2640 2132 2875 2190 Joannes
2932 2134 3178 2190 Zonaras
3226 2136 3361 2206 (50),
3411 2137 3503 2206 qui
3554 2153 3678 2191 eum

2112 2236 2293 2282 tamen
2330 2226 2618 2282 tormentis
2645 2227 2846 2281 victum
2870 2226 2970 2281 sub
3001 2227 3166 2282 Decio
3199 2243 3230 2282 a
3255 2227 3358 2283 fide
3386 2228 3681 2282 descivisse

2112 2318 2317 2384 tradit;
2362 2328 2418 2374 et
2447 2319 2765 2389 arrogantia
2803 2317 3007 2372 elatum
3046 2334 3337 2386 pravorum
3368 2320 3678 2391 dogtnatum

2110 2420 2384 2465 auctorem
2418 2410 2602 2465 fuisse.
2637 2409 2904 2463 Zonaram
2935 2409 3239 2464 fefellerunt
3283 2410 3423 2465 male
3455 2421 3677 2480 accepta

2072 2531 2079 2538 ·
2109 2504 2223 2558 hac
2254 2503 2537 2573 Epiphanii
2567 2505 2731 2558 verba
2753 2518 2767 2557 :
2786 2505 2895 2558 Καὶ
2915 2503 3077 2567 αὐτὸς
3104 2503 3161 2556 δὲ
3200 2503 3479 2574 Ὠριγένης
3509 2502 3681 2557 πολλά

2109 2594 2408 2659 πεπονθὼς,
2439 2597 2518 2659 εἰς
2543 2594 2693 2658 τέλος
2731 2595 2822 2648 τοῦ
2863 2594 3161 2666 μαρτυρίου
3187 2594 3286 2648 οὐκ
3311 2594 3558 2664 ἔφθανεν,
3584 2596 3680 2650 ob-

2108 2698 2286 2742 stante
2316 2688 2569 2742 nimirum
2620 2688 2825 2742 saevitia
2862 2687 3080 2758 jmlicis,
3111 2703 3215 2741 non
3236 2685 3486 2755 Origenis
3520 2688 3680 2756 perfl-

2110 2780 2219 2847 dia,
2267 2779 2560 2849 quominus
2609 2780 2858 2849 martyrii
2912 2795 3171 2834 coronam
3227 2791 3676 2849 consequeretur.

2110 2870 2247 2927 Male
2275 2886 2339 2927 ea
2366 2886 2586 2941 quoque
2621 2870 2895 2926 intellecta
2926 2882 3052 2927 sunt
3075 2872 3143 2926 ab
3174 2872 3463 2927 Anastasio
3486 2871 3680 2928 Biblio-

2110 2964 2373 3030 thecario,
2395 2973 2449 3019 et
2474 2963 2539 3017 ad
2563 2977 2765 3016 annum
2787 2961 2989 3019 Christi
3008 2962 3115 3018 244
3152 2976 3435 3033 perperam
3459 2962 3633 3017 relata
3660 2982 3675 3017 ε

2109 3072 2219 3126 quo
2245 3073 2390 3111 anno
2413 3055 2700 3126 imperium
2724 3056 2949 3125 adeptus
2978 3064 3062 3111 est
3086 3055 3388 3126 Philippus,
3416 3056 3680 3111 sexennio

438 3152 750 3221 librumque
790 3154 857 3207 ad
899 3167 1022 3209 eum
1053 3154 1126 3209 De
1158 3155 1413 3225 martyrio
1444 3155 1696 3226 scripsit;
1730 3171 1837 3226 quo
1891 3159 2005 3213 ani-
2033 3169 2077 3229 ς
2109 3164 2284 3219 eoque
2314 3147 2544 3219 amplius
2577 3158 2704 3203 ante
2743 3148 3031 3203 Decianam
3065 3149 3517 3217 persecutionem.
3547 3148 3679 3220 Gly-

440 3260 589 3300 mum
641 3245 715 3298 illi
744 3245 926 3301 dolore
958 3261 1021 3302 ac
1049 3245 1268 3302 miseria
1310 3247 1681 3303 tabescentem
1713 3249 2004 3316 relevaret,

438 3346 495 3389 et
522 3336 571 3391 ei
617 3335 797 3392 solatii
830 3346 1111 3406 praestaret
1140 3337 1338 3406 vicem,
1368 3338 1462 3409 qui
1496 3338 1620 3395 aliis
1662 3339 1802 3395 hanc
1833 3342 2009 3396 omni-

444 3425 547 3481 bus
572 3428 813 3495 przebere
835 3428 1025 3483 solitus
1051 3438 1186 3484 erat.

512 3517 601 3572 IV.
648 3518 981 3588 Nicephorus
1006 3520 1222 3576 Eusebii
1253 3532 1544 3592 perpetuus
1579 3532 1879 3581 assectater
1910 3526 2011 3580 du-

436 3624 557 3662 cem
584 3626 739 3663 suum
773 3611 862 3666 hic
895 3613 1129 3679 deserit,
1166 3622 1221 3668 et
1250 3615 1303 3669 in
1342 3623 1565 3671 atroces
1599 3616 1859 3673 adversus
1887 3614 2009 3673 Ori-

439 3714 653 3768 genem,
714 3718 862 3757 more
918 3706 1217 3759 recentium
1282 3705 1605 3762 Graecorum
1641 3749 1657 3775 ,
1708 3708 2010 3766 calumnias

436 3790 681 3849 divertit.
724 3794 857 3849 Eum
904 3796 981 3849 ait
1032 3797 1297 3853 modestia
1338 3814 1404 3854 ac
1448 3800 1758 3856 Christiana
1794 3802 2010 3857 humili-

442 3889 579 3946 tate,
608 3897 728 3951 qua:
756 3883 1014 3939 virtutum
1040 3887 1284 3940 omnium
1317 3903 1516 3957 parens
1541 3900 1647 3954 est,
1681 3891 1902 3956 amissa,
1953 3893 2005 3947 in

447 3970 679 4027 Deciana
732 3976 1112 4044 persecutione
1164 3981 1451 4034 tormentis
1496 3979 1786 4047 aﬁlictum,
1854 3999 2006 4037 suam

437 4062 655 4131 quidem
680 4067 1036 4121 constantiam
1066 4082 1129 4122 ac
1163 4068 1323 4123 fidem
1356 4068 1619 4126 Ecclesiae
1651 4073 2003 4142 praastitisse;

441 4170 627 4211 verum
657 4160 876 4215 admoto
909 4160 1166 4231 .Ethiope
1199 4161 1290 4230 qui
1323 4163 1630 4217 castissime
1652 4165 1866 4233 corpori
1895 4164 2010 4219 illu-

442 4248 619 4313 deret,
652 4250 813 4304 thura
843 4252 949 4307 diis
979 4253 1198 4307 adolere
1230 4252 1519 4321 maluisse,
1552 4270 1714 4323 quam
1743 4255 2006 4324 ejusmodi

438 4338 699 4405 probrum
732 4341 785 4394 in
814 4356 873 4397 se
911 4342 1201 4399 admittere
1232 4360 1245 4396 :
1276 4354 1442 4414 atque
1472 4347 1595 4400 inde
1626 4346 1806 4401 divina
1834 4350 2007 4416 gratia

439 4446 561 4484 cum
593 4432 903 4501 excidisset,
945 4436 999 4488 in
1034 4438 1218 4491 varias
1244 4437 1480 4493 haereses
1521 4438 1822 4508 delapsum,
1866 4440 2009 4494 mul-

2108 3260 2203 3299 cas
2216 3251 2395 3299 autem
2417 3241 2718 3311 Epiphanio
2743 3241 2967 3296 adhaesit
2984 3241 3120 3312 (5i).
3137 3240 3476 3310 Nicephorus
3491 3241 3675 3312 igitur,

2105 3337 2200 3407 qui
2236 3337 2341 3391 hoc
2372 3334 2492 3390 loco
2515 3333 2731 3389 videtur
2765 3333 3128 3405 Epiphanium
3160 3344 3432 3401 sectatus,
3471 3343 3527 3389 et
3553 3335 3677 3405 qui-

2104 3445 2322 3501 cunque
2356 3430 2460 3486 hoc
2494 3428 2747 3502 Origenis
2774 3428 2987 3483 facinus
3010 3428 3258 3483 Deciana:
3279 3426 3679 3499 persecutionis

2110 3522 2445 3592 temporibus
2470 3522 2777 3593 assignant,
2810 3520 3035 3575 minime
3067 3519 3289 3589 quidem
3317 3518 3680 3589 Epiphanium

2113 3626 2392 3672 auctorem
2438 3616 2662 3671 habent.
2705 3612 2821 3668 lmo
2867 3628 3015 3679 vero,
3048 3618 3234 3682 aperte
3262 3612 3368 3667 illis
3401 3609 3678 3667 contradi-

2108 3720 2254 3772 cere,
2307 3704 2353 3760 si
2397 3704 2521 3775 quis
2562 3703 2630 3758 ad
2663 3702 2998 3758 narrationis
3045 3701 3189 3756 illius
3219 3711 3531 3756 contextum
3562 3700 3679 3754 ani-

2112 3796 2442 3861 madvertat,
2478 3794 2641 3865 plane
2672 3792 2932 3847 fatebitur
2963 3809 2975 3846 :
3011 3791 3066 3846 id
3098 3791 3296 3861 quippe
3336 3789 3679 3845 Alexandria:

2110 3889 2408 3959 contigisse
2441 3887 2673 3950 scribit,
2714 3894 2876 3953 atque
2914 3884 3207 3955 Origenem
3241 3883 3443 3939 idcirco
3470 3883 3540 3937 ab
3574 3883 3676 3938 Ee-

2110 3981 2279 4035 clesia
2341 3979 2511 4033 fuisse
2566 3978 2865 4047 dejectum;
2913 3990 3148 4045 cumque
3197 3990 3255 4029 se
3310 3974 3492 4029 irrisui
3555 3989 3678 4029 esse

2111 4070 2440 4143 perdoleret,
2462 4069 2639 4139 patria
2662 4066 2986 4122 excessisse.
3001 4067 3070 4120 At
3097 4064 3329 4120 Deciana
3355 4072 3679 4135 tempestate

2110 4177 2289 4230 neque
2323 4161 2664 4216 Alexandria:
2703 4160 2868 4214 fuisse
2913 4158 3223 4227 Origenem,
3257 4172 3433 4225 neque
3466 4157 3535 4211 ab
3574 4156 3677 4210 Ec-

2108 4256 2291 4311 clesiae
2320 4253 2705 4310 communione
2737 4261 3106 4322 segregatum,
3142 4264 3316 4319 neque
3349 4249 3677 4304 Alexandria

2111 4346 2273 4401 fuisse
2329 4343 2632 4415 profectum
2678 4341 2765 4398 vel
2805 4342 2992 4397 docuit
3042 4342 3352 4411 quisquam,
3406 4338 3491 4393 vel
3524 4338 3675 4394 credi

2112 4445 2325 4506 potest;
2358 4443 2413 4489 et
2443 4448 2509 4488 ex
2542 4433 2787 4496 Eusebii,
2813 4432 3096 4501 ipsiusque
3119 4429 3407 4500 Nicephori
3426 4469 3441 4495 ,
3461 4436 3520 4482 et
3544 4427 3676 4481 alio-

435 4522 618 4592 tisque
664 4525 719 4578 in
762 4541 1001 4581 errorem
1064 4528 1323 4596 inductis,
1384 4531 1452 4583 ab
1506 4531 1747 4585 Ecclesia
1798 4532 2001 4587 Christi
2037 4524 2082 4579 D
2110 4540 2229 4580 rum
2254 4522 2652 4583 historiissatis
2670 4521 2958 4576 refellitur.
2980 4520 3096 4589 (3‘2)
3114 4520 3475 4589 Quaequident
3497 4517 3677 4572 omnia

436 4610 597 4684 longo
626 4624 746 4684 post
773 4629 1013 4687 tempore
1028 4618 1200 4676 fuisse
1222 4622 1661 4678 externtinatum.
1691 4621 1816 4678 Haec
1842 4625 2004 4680 habet

436 4705 774 4776 Nicephorus
811 4707 951 4781 (27),
981 4726 1100 4781 quae
1132 4712 1199 4767 ad
1234 4714 1484 4769 veritatis
1535 4714 1793 4769 amussim
1846 4730 1992 4770 revo-

434 4809 592 4864 cata,
623 4810 679 4855 et
732 4817 855 4856 cum
914 4813 1157 4858 veterum
1203 4807 1451 4877 scriptis,
1502 4806 1645 4861 unde
1690 4808 2002 4877 deprompta

436 4901 583 4956 sunt,
636 4892 910 4960 conﬂicta,
965 4893 1126 4949 ﬁdem
1178 4911 1331 4953 suam
1390 4898 1707 4967 decoquent.
1763 4897 1997 4953 Nimiam

434 4980 577 5034 enim
629 4982 731 5036 sibi
784 4984 1094 5053 superbiam
1147 4994 1274 5049 tunc
1326 4988 1621 5057 sumpsisse
1672 4985 1990 5059 Origenem,

435 5072 682 5139 quamvis
702 5085 828 5130 ante
846 5074 1207 5146 Nicephorum
1230 5078 1550 5149 scripserint
1570 5079 1887 5135 Anastasius
1908 5080 2000 5135 Bi-

506 5313 617 5390 (26)
656 5316 879 5390 Euseb.,
906 5315 1043 5370 Hist.
1068 5317 1222 5390 (ρει,
1240 5318 1335 5390 lib.
1365 5335 1437 5383 vt,
1470 5336 1587 5390 cap.
1623 5320 1712 5374 46.
1735 5319 1872 5374 Bene
1895 5336 1995 5374 au-

432 5393 536 5436 tem
570 5386 632 5437 de
656 5402 710 5438 se
749 5386 934 5439 merito
977 5386 1245 5455 magistro,
1279 5389 1403 5442 dum
1437 5392 1491 5444 in
1530 5386 1800 5444 tormentis
1841 5401 1995 5454 esset,

435 5464 543 5529 etc.
612 5456 748 5529 Cum
804 5456 1066 5529 Eusebius
1118 5456 1355 5529 libellum
1411 5459 1491 5513 De
1546 5462 1804 5529 martyrio
1858 5462 1999 5514 inter

434 5523 688 5600 epistolas
757 5526 913 5594 paulo
968 5536 1089 5594 post
1150 5527 1599 5600 Decii__stragem
1652 5523 1711 5582 θ’
1745 5530 2000 5600 Dionysio

436 5595 662 5665 scriptas
718 5607 1031 5660 recenseat,
1082 5596 1380 5653 verisimile
1426 5595 1529 5652 no'n
1575 5600 1785 5653 videtur
1834 5595 1997 5665 hunc,

430 5660 962 5787 g;ni&inttormentis
1002 5675 1147 5721 esset
1173 5665 1458 5737 Origenes,
1489 5668 1652 5726 fuisse
1682 5686 1713 5725 a
1746 5660 2000 5740 Dionysio

488 5750 514 5782 il
596 5750 649 5787 ra
679 5752 786 5787 "In.

488 5750 786 5789 δυοηιῑιιιη.

508 5803 622 5873 (27)
659 5804 884 5876 Niceph.
918 5805 1009 5861 lib.
1048 5822 1097 5873 v,
1132 5821 1249 5877 cap.
1278 5806 1364 5863 '52.

2116 4619 2243 4673 huic
2294 4616 2538 4685 apprime
2579 4616 2724 4669 artati
2774 4614 3123 4675 conveniunt,
3177 4612 3231 4666 in
3282 4626 3443 4680 quam
3479 4610 3677 4664 factum

2116 4711 2246 4767 illud
2275 4709 2633 4779 conjecimus.
2660 4706 2794 4762 Nam
2823 4717 2877 4762 et
2904 4720 3017 4760 tum
3050 4704 3394 4759 Alexandria:
3420 4701 3677 4756 versaba-

2114 4812 2201 4857 tur
2261 4800 2559 4871 Origenes,
2608 4810 2665 4854 et
2721 4799 2903 4854 statim
2956 4807 3076 4866 post
3127 4794 3392 4866 flagitium
3458 4793 3678 4861 reliquit

2109 4893 2521 4957 Alexandriam,
2548 4900 2604 4946 et
2628 4906 2657 4944 a
2676 4889 3116 4946 Christianorum
3144 4889 3403 4946 societate
3424 4886 3677 4955 depulsus

2107 4996 2210 5052 est,
2244 5001 2347 5041 nec
2381 4985 2553 5040 multo
2582 4995 2705 5056 post
2740 4982 3136 5054 Jerosolymam
3167 4980 3333 5046 adiit,
3370 4978 3460 5034 ubi
3492 4980 3545 5032 in
3577 4994 3676 5048 pu-

2106 5081 2250 5136 blico
2275 5079 2710 5135 Christianorum
2744 5088 2887 5132 cretu
2918 5076 3266 5133 commissum
3289 5074 3465 5130 scelus
3494 5071 3670 5144 lacry-

2192 5316 2288 5375 281
2323 5318 2512 5376 Anast.
2551 5318 2604 5370 in
2631 5317 2771 5369 llisl.
2801 5317 2871 5369 ad
2905 5331 2993 5369 an.
3028 5314 3226 5370 Christi
3251 5313 3378 5368 244.

2194 5390 2284 5457 29)
2316 5389 2510 5443 Zonar.
2547 5386 2687 5444 Hist.
2724 5386 2813 5440 lib.
2850 5400 2907 5439 ll.

2197 5459 2285 5522 30)
2316 5458 2393 5512 Id.
2428 5460 2558 5512 ibid.

2200 5530 2289 5595 5i)
2338 5530 2490 5599 Glyc.
2520 5527 2739 5599 Annal”
2766 5536 2906 5599 part.
2931 5542 3024 5599 _m_.

2200 5530 2289 5595 5i)
2338 5530 2490 5599 Glyc.
2520 5530 2739 5593 Annal.,
2766 5536 2906 5595 part.
2942 5542 3024 5579 Ill.

2175 5530 2289 5669 £52)
2308 5599 2460 5669 Qua:
2486 5598 2696 5669 quidem
2721 5597 2896 5669 omnia
2921 5597 3044 5669 huic
3074 5594 3305 5669 apprime
3349 5592 3672 5669 conveniunt

2105 5659 2364 5729 αἰὰιίίὶή
2389 5659 2545 5735 quain
2574 5665 2769 5731 factum
2805 5664 2939 5735 illud
2988 5659 3477 5735 corrjébimuyﬂide
3498 5676 3666 5735 supra

2108 5742 2161 5791 in
2191 5726 2308 5805 cap.
2339 5726 2584 5806 Ξίῃιξιιιί
2606 5734 2816 5806 ὤδιὴί
2840 5734 2978 5806 hanc
3008 5726 3291 5806 Epiphanii
3322 5732 3386 5785 de
3415 5726 3670 5800 O‘t'igéuis

2104 5802 2405 5863 idololatria
2430 5802 2662 5860 fabulam
2683 5803 3023 5861 destruimus.
