4162 6458
472 380 562 437 591
1746 382 1804 434 Ρ.
1846 382 2028 436 DAN"

2131 383 2160 437 Β
2197 382 2432 439 HUETII

3608 382 3710 441 693

479 507 575 557 mis
609 512 932 573 prosecutus
956 510 1056 557 est.
1090 500 1354 567 Quamvis
1377 510 1557 555 autem
1592 502 1754 557 rebus
1780 503 2039 557 Christia-
2072 510 2118 565 Α
2149 516 2328 574 partes
2363 506 2718 577 transfugisse
2753 513 3099 563 commentus
3123 512 3348 561 est:res
3383 503 3499 557 haec
3523 502 3711 559 abillis

474 594 558 649 nis
607 597 837 661 faveret,
886 597 975 665 qui
1019 604 1147 651 tunc
1201 596 1426 665 imperio
1464 594 1768 663 potiebatur
1806 595 2037 651 Severus

470 686 802 755 Alexander,
834 687 947 759 (55)
988 704 1084 744 eas
1120 701 1298 743 tamen
1337 702 1438 758 pro
1469 686 1691 742 libidine
1719 689 2045 744 divexabant

474 778 885 844 provinciarum
939 791 1201 843 rectores,
1244 779 1699 848 Christianosque
1738 780 2042 848 complures

471 869 589 921 neci
619 869 839 925 dabant.
874 871 928 925 ld
980 871 1259 926 declarant
1302 870 1649 924 ecclesiastici
1694 870 1950 931 Annales,
1990 881 2042 925 et

434 1014 441 1039 τ
474 958 883 1033 Martyrologia.
916 965 1141 1019 Constat
1176 979 1305 1032 ergo
1352 963 1742 1017 halincinatnm
1775 963 2041 1033 Nicepho-

470 1068 609 1117 rum,
639 1069 739 1109 nec
762 1056 827 1109 ad
862 1055 1151 1111 Decianam
1183 1056 1388 1111 cladem
1418 1055 1519 1109 hoc
1552 1054 1801 1125 Origenis
1830 1055 2039 1112 facinus

468 1143 575 1197 ullo
609 1147 769 1201 modo
796 1150 1091 1217 pertinere.
1490 1154 1493 1157 ’

540 1236 736 1292 Verum
767 1253 1093 1310 praepostere
1120 1243 1350 1314 agimus,
1384 1248 1474 1315 qui
1505 1248 1581 1302 rei
1612 1246 1769 1313 hujus
1792 1260 2039 1314 perscru-

466 1336 649 1384 tamur
690 1341 920 1402 tempus,
963 1348 1119 1389 resne
1150 1336 1266 1405 ipsa
1312 1330 1477 1393 fuerit
1516 1339 1805 1409 aliquando
1830 1349 2034 1393 certum

464 1428 705 1481 nondum
742 1428 1021 1483 habemus.
1058 1430 1313 1497 Quamvis
1346 1435 1489 1487 enim
1516 1434 1819 1490 clarissimo
1848 1451 2038 1489 monu-

464 1529 649 1571 mento
700 1520 1075 1588 consignatum
1134 1521 1185 1575 id
1226 1532 1405 1577 exstet
1436 1524 1487 1578 in
1524 1524 1681 1580 libris
1729 1525 2033 1595 Epiphanii,

463 1611 957 1681 egregiiscriptoris
974 1623 1026 1666 et
1058 1614 1288 1683 antiqui,
1311 1632 1423 1670 rem
1460 1626 1639 1672 tamen
1672 1634 1826 1672 suum
1858 1620 1920 1671 ad
1939 1634 2035 1672 ex-

464 1716 620 1755 mnen
646 1701 1196 1758 revocavitBaronius
1216 1704 1353 1777 (54),
1371 1715 1427 1759 ιιι
1444 1706 1703 1772 diximus,
1727 1706 2035 1762 confictam-

465 1810 571 1863 que
599 1792 894 1860 judicavit;
954 1806 1009 1849 et
1042 1814 1109 1851 ne
1135 1814 1325 1855 manus
1359 1815 1483 1855 cum
1517 1800 1816 1871 Epiphanio
1840 1816 2033 1856 conse-

2145 607 2229 653 est
2274 598 2490 653 silentio
2523 598 2930 666 praetermissa;
2988 599 3155 669 igitur
3192 612 3261 652 ne
3312 611 3439 649 vera
3468 596 3706 667 quidem.

2146 687 2345 744 Eadem
2376 690 2488 742 haec
2516 688 2629 743 fere
2646 698 2997 759 repraesentat
3023 688 3391 749 Halloxius.et
3415 687 3709 757 amplificat

2143 780 2373 836 dicendo
2400 793 2463 833 ac
2497 779 2707 842 dilatat,
2750 794 3030 849 unumque
3081 778 3231 832 addit
3271 778 3411 845 quod
3472 776 3710 829 animad-

2145 871 2396 924 versione
2428 870 2646 940 dignum
2681 880 2786 934 est,
2808 886 2931 924 eum
2968 869 3162 924 fabulae
3189 869 3346 923 istius
3366 866 3600 938 primum
3630 868 3711 920 vi-

2142 962 2255 1017 deri
2296 962 2653 1028 inventorem,
2687 964 2775 1032 qui
2804 962 3110 1018 Justiniano
3142 962 3456 1032 imperatori
3486 959 3706 1015 dictavit

2143 1054 2427 1123 epistolam
2462 1056 2527 1109 ad
2552 1053 2762 1110 Menam
2791 1054 3447 1122 Constantinopolitanum
3481 1050 3707 1121 patriar-

2141 1148 2299 1202 cham
2330 1150 2589 1205 adversus
2640 1149 2955 1221 Origenem,
2993 1166 3110 1219 quae
3152 1151 3204 1204 in
3253 1148 3469 1205 concilii
3502 1164 3533 1201 v
3569 1146 3705 1202 actis

2142 1238 2313 1294 relata
2353 1251 2457 1295 est.
2502 1241 2609 1295 Cur
2642 1243 2714 1296 ita
2742 1243 2993 1307 sentiret,
3026 1257 3131 1296 non
3165 1240 3444 1311 apposuit,
3490 1247 3547 1293 et
3575 1252 3705 1293 vero

2149 1334 2276 1403 quid
2306 1343 2603 1403 apponeret
2637 1350 2741 1389 non
2764 1334 3158 1390 habuitznullis
3190 1334 3332 1388 enim
3366 1333 3702 1397 auctoribus,

2139 1419 2303 1476 nullis
2333 1423 2671 1491 argumentis
2695 1437 2784 1479 res
2817 1422 2951 1477 falsa
2987 1431 3200 1492 poterat
3224 1422 3542 1495 approbari;
3572 1420 3701 1477 facti

2137 1514 2404 1583 siquidem
2436 1514 2578 1569 illius
2611 1526 2811 1584 praeter
2842 1514 3200 1585 Epiphanium
3234 1513 3479 1569 meminit
3508 1512 3701 1568 Neme-

2138 1607 2251 1663 sius
2274 1606 2391 1678 (57)
2419 1606 2726 1661 Justiniano
2747 1608 3053 1675 antiquior;
3080 1604 3325 1661 meminit
3360 1614 3415 1659 et
3442 1603 3704 1659 Leontius

2135 1700 2430 1772 Byzantius
2459 1702 2591 1771 (38).
2621 1716 2779 1771 quem
2834 1699 3195 1755 Bellarminus
3246 1698 3439 1767 quinta
3494 1696 3701 1763 synodo

2136 1794 2471 1864 superiorem
2506 1794 2671 1849 fuisse
2699 1802 2904 1849 censet.
2927 1792 3044 1847 Huc
3078 1791 3215 1846 adde
3238 1789 3556 1845 idololatria
3580 1788 3699 1859 qui-

461 1899 587 1937 rere
618 1897 927 1953 cogeretur,
958 1886 1072 1959 (55)
1094 1900 1336 1945 assutum
1376 1891 1496 1961 ejus
1526 1867 1741 1961 scriptis
1765 1892 2031 1962 fragmen-
2064 1867 2106 1922 Β
2135 1886 2256 1941 dem
2281 1885 2569 1954 Origenem
2611 1887 2712 1942 hac
2735 1886 2956 1957 epistola
2986 1883 3350 1939 Iustinianum
3378 1893 3695 1944 arcessere;

466 1986 577 2030 tum
605 1976 735 2030 illud
770 1987 824 2031 et
851 1978 1112 2033 insertum
1141 1983 1534 2050 pronuntiavit.
1560 1983 1794 2038 Baronio
1820 1984 2026 2039 assensi

459 2076 587 2121 sunt
617 2066 919 2133 Halloxius,
947 2069 1160 2140 Origen.
1197 2072 1408 2142 Defens.
1440 2074 1537 2130 lib.
1569 2091 1639 2139 IV,
1670 2086 1859 2146 quaest.
1892 2077 1946 2140 5,
1976 2087 2030 2131 et

460 2167 575 2213 not.
602 2174 723 2230 pag.
758 2161 846 2226 55,
877 2162 967 2228 56,
1005 2165 1095 2229 57,
1143 2164 1489 2236 ﬂaynaudus,
1527 2167 1865 2237 Hoplothecw
1894 2180 2029 2223 sect.

456 2248 511 2312 2,
539 2250 680 2303 serie
702 2251 753 2318 1,
786 2266 906 2320 cap.
936 2251 971 2306 2
1001 2264 1054 2308 et
1076 2252 1319 2309 Valesius
1348 2256 1416 2310 ad
1446 2255 1640 2312 Euseb.
1674 2256 1815 2312 Hist.
1844 2259 1937 2314 lib.
1956 2274 2030 2323 vt,

457 2356 503 2394 c.
533 2340 636 2407 39;
665 2344 991 2398 contradixit
1016 2345 1266 2401 Petavius
1284 2348 1421 2419 (36).
1442 2348 1548 2403 Nos
1565 2350 1844 2420 utriusque
1864 2352 2032 2421 partis

460 2434 763 2489 rationibus
802 2436 1068 2501 adductis,
1086 2438 1218 2492 nihil
1248 2437 1573 2509 praeiudiciis
1602 2440 1684 2494 vel
1720 2440 2029 2495 auctoritati

458 2527 773 2583 tribuentes
818 2539 1059 2584 nostram
1106 2531 1430 2586 sententiam
1461 2533 1647 2601 paucis
1675 2547 2022 2602 exponemus.

454 2618 745 2677 Rationum
778 2621 994 2678 Baronii
1026 2638 1237 2677 summa
1267 2624 1381 2679 haec
1406 2636 1511 2680 est.
1542 2624 1597 2679 Si
1624 2641 1711 2681 res
1734 2627 1805 2680 ita
1849 2641 1908 2681 se
1930 2627 2027 2681 ha-

453 2716 630 2783 beret,
654 2716 733 2778 uti
775 2730 1029 2785 expressa
1071 2716 1306 2773 habetur
1340 2718 1478 2788 apud
1503 2717 1885 2789 Epiphaninm,
1915 2733 2029 2773 me-

454 2808 741 2865 minissent
785 2809 973 2880 utique
1011 2810 1151 2879 ejus,
1181 2811 1269 2865 vel
1312 2812 1615 2881 objiciendo
1652 2810 1904 2881 Origenis
1937 2812 2029 2866 ad.

458 2900 690 2956 versarii
732 2898 1062 2971 Theophilus
1096 2914 1151 2957 et
1202 2902 1593 2974 Hieronymus;
1621 2903 1702 2958 vel
1740 2903 2030 2959 refutando

452 2996 692 3051 fautores
723 2994 840 3063 ejus
867 2996 1156 3065 Eusebius,
1186 2997 1502 3069 Pamphilus
1531 3008 1587 3053 et
1631 2999 1897 3066 Rufinus;
1943 2999 2027 3053 vel

453 3086 655 3145 vetusti
712 3084 908 3141 Patres
954 3087 1309 3157 Augustinus,
1358 3086 1675 3143 Vincentius
1730 3086 2029 3143 Lirinensis

453 3175 675 3249 aliique,
712 3176 803 3245 qui
832 3177 897 3231 de
919 3192 985 3231 eo
1036 3176 1152 3232 fuse
1197 3186 1252 3231 et
1287 3177 1555 3247 explicate
1598 3187 1850 3247 egerunt,
1882 3187 1938 3233 et
1972 3178 2022 3232 in

2137 1979 2202 2034 de
2224 1978 2482 2050 Ethiope
2505 1994 2571 2035 ne
2596 1980 2818 2034 verbum
2841 1980 3057 2049 quidem
3083 1976 3324 2046 injicere.
3349 1974 3532 2044 Neque
3554 1980 3699 2028 certe

2136 2072 2417 2141 probabile
2444 2083 2526 2127 est
2558 2074 2609 2125 in
2646 2070 2921 2142 encyciica
2951 2070 3053 2124 hac
3074 2066 3301 2137 epistola
3325 2066 3391 2121 ad
3415 2065 3699 2120 universos

2133 2167 2415 2236 episcopos
2470 2165 2760 2231 destinata,
2812 2166 3219 2233 imperatorem,
3249 2159 3333 2215 vel
3360 2160 3449 2230 qui
3481 2158 3700 2212 nomine

2133 2250 2476 2330 imperaloris
2498 2258 2734 2326 scripsit,
2764 2256 3105 2312 mendacium
3136 2270 3196 2311 re
3225 2252 3367 2308 nulla
3395 2252 3699 2323 postulante

2132 2351 2453 2417 conﬁctum,
2483 2350 2735 2405 Patribus
2764 2351 2815 2404 in
2854 2364 2916 2405 os
2956 2348 3241 2419 objecisse,
3273 2345 3403 2399 viris
3433 2359 3539 2399 non
3564 2343 3696 2397 illit-

2134 2444 2344 2509 teratis,
2369 2452 2425 2498 et
2450 2444 2527 2497 rei
2563 2441 2822 2498 inaudita:
2847 2440 3143 2497 novitatem
3172 2438 3359 2509 procul
3401 2437 3564 2493 dubio
3590 2434 3692 2491 mi-

2133 2536 2355 2599 raturis,
2378 2534 2605 2605 ejusque
2640 2534 2933 2588 falsitatem
2970 2531 3130 2587 facile
3171 2530 3555 2601 perspecturis.
3588 2528 3697 2584 Re-

2136 2630 2358 2700 pudiata
2392 2628 2558 2699 igitur
2596 2629 2700 2684 hac
2730 2625 2960 2681 Hallorii
3014 2623 3351 2692 conjectura,
3405 2622 3696 2679 Baronium

2132 2723 2309 2792 ipsum
2341 2721 2669 2776 adoriamur.
2709 2720 2787 2774 Ac
2816 2719 3048 2789 primum
3084 2718 3319 2773 fateatur
3346 2732 3572 2773 necesse
3592 2725 3698 2784 est,

2130 2814 2426 2870 admissum
2467 2813 2535 2868 ab
2576 2812 2811 2884 Origene
2859 2811 3176 2867 idololatria:
3212 2810 3386 2867 scelus
3419 2809 3695 2873 Nemesio,

2131 2908 2358 2964 Leontio
2410 2914 2465 2962 et
2512 2904 2831 2961 Justiniano
2883 2912 3067 2958 notum
3118 2917 3183 2958 ac
3220 2911 3697 2958 commemoratum

2130 2999 2322 3055 fuisse.
2343 2998 2455 3069 (59)
2477 2998 2605 3069 Ejus
2623 3006 2804 3050 autem
2822 2995 3033 3050 tacendi
3063 3010 3157 3051 eas
3184 2996 3483 3050 habuerunt
3505 3007 3699 3048 causas

2129 3088 2446 3159 Origeniani
2477 3098 2881 3160 oppugnatores
2911 3088 3170 3151 nominis,
3201 3101 3336 3156 quas
3355 3082 3697 3154 exponitPe-

2129 3182 2341 3250 tavius;
2378 3182 2461 3237 vel
2501 3181 2645 3252 quod
2689 3181 2755 3236 ad
2784 3180 3098 3237 ventilanda
3145 3179 3397 3234 nimirum
3448 3176 3700 3247 Origenis

452 3270 844 3325 controversiis
864 3269 1157 3325 Justiniani
1177 3285 1291 3326 aevo
1321 3272 1577 3326 adversus
1596 3270 1885 3341 Origenem
1915 3280 2025 3326 tan-
2051 3236 2095 3298 α
2128 3272 2380 3343 dogmata
2409 3268 2623 3339 attenti,
2650 3274 2942 3328 admissum
2976 3272 3284 3326 humanitus
3311 3270 3567 3339 ﬂagitium
3596 3282 3695 3321 ne-

455 3356 511 3413 to
536 3361 715 3425 studio
735 3363 951 3432 agitatis
972 3363 1148 3432 aliqua
1178 3363 1391 3417 tandem
1416 3364 1671 3419 facinoris
1699 3364 1815 3433 ejus
1836 3362 2025 3419 fuisset

454 3451 654 3518 injecta
692 3455 925 3520 mentio;
973 3470 1070 3512 nec
1094 3458 1145 3511 id
1180 3472 1394 3528 quoque
1431 3448 1868 3527 prtetermisiSSet
1893 3454 2026 3511 Por-

454 3544 701 3615 phyrius,
731 3561 851 3600 cum
885 3548 1230 3603 Ammonium
1262 3563 1293 3602 a
1330 3547 1551 3604 Christo
1581 3547 1647 3602 ad
1680 3547 2019 3603 ethnicorum

539 3663 654 3733 (5'5)
690 3662 796 3717 Eas
831 3675 1002 3737 tamen
1028 3684 1121 3735 pro
1144 3668 1358 3721 libidine
1390 3668 1703 3722 divexabant
1733 3669 2029 3737 provincia-

464 3750 581 3809 rum
605 3741 845 3795 rectores,
882 3734 1312 3809 Christianosque
1348 3739 1638 3806 complures
1673 3734 1785 3793 neci
1807 3738 2025 3791 dabant.

460 3804 908 3879 Nunquam__tam
958 3809 1116 3879 pauci
1181 3804 1331 3863 fuere
1389 3804 2026 3879 martyrestquamgquo

448 3879 708 3947 itempore
729 3874 1059 3931 Alexandria
1094 3880 1321 3934 recessit
1356 3874 1635 3947 Origenes.
1674 3874 1792 3933 Jain
1822 3874 1964 3933 enim
1994 3894 2022 3931 a

448 3945 653 4013 ‘viginli
683 3943 795 4016 fere
822 3947 979 4000 annis
1005 3963 1165 4004 nemo
1190 3943 1585 4016 persecutionis
1611 3950 1900 4004 scintillam
1940 3948 2023 4001 vi-

462 4012 638 4068 derat.
687 4012 863 4067 Unum
922 4018 1111 4073 saltent
1171 4012 1399 4074 liuetius
1451 4019 1695 4088 proferre
1750 4019 2027 4087 debuisset

461 4094 756 4155 martyrem
776 4125 789 4145 .
834 4099 991 4153 quem
1023 4090 1329 4143 Alexandro
1356 4090 1656 4159 imperante
1685 4088 2025 4159 Alexandriae

460 4170 677 4223 passum
730 4169 853 4211 esse
903 4168 1051 4212 certa
1094 4170 1147 4213 et
1180 4158 1485 4215 indubitata
1545 4161 1821 4215 traderent
1853 4158 2025 4211 monio

453 4234 658 4280 menta.

529 4296 641 4364 (54)
666 4294 863 4351 Baron.
887 4297 954 4351 ad
995 4314 1085 4352 an.
1126 4299 1254 4360 255,
1288 4317 1341 4354 n.
1382 4301 1483 4359 1Ξο
1508 4310 1562 4356 et
1583 4315 1699 4366 seq.

670 4367 918 4420 Assntum
948 4369 1062 4439 ejus
1086 4372 1295 4441 scriptis
1337 4372 1690 4441 fragmentum
1732 4370 1886 4436 illud,
1918 4385 2023 4429 etc.

452 4434 598 4511 Nihil
624 4450 799 4511 causa}
822 4449 939 4490 erat
960 4434 1212 4511 cnrﬂilluc
1249 4434 1563 4511 confugeret
1583 4434 2026 4499 Baronius.VCum

450 4521 483 4559 θ
507 4506 596 4579 tim
613 4506 823 4561 aliunde
838 4519 1047 4579 constet
1060 4506 1740 4579 Epiphanium'falsissimis
1756 4510 2026 4568 interdum

453 4577 733 4649 adh-cerere
759 4577 1130 4649 monimentis,
1151 4577 1291 4649 quod
1330 4581 1411 4634 vel
1433 4597 1498 4649 ex
1533 4582 1598 4633 iis
1622 4580 1787 4648 liquet
1810 4597 1930 4648 quae
1955 4586 2022 4638 de

452 4645 891 4719 illeletioetArio
916 4645 1325 4719 scripsitfhanc
1352 4652 1417 4703 de
1439 4645 1924 4719 Origene—fabulam
1952 4669 2018 4708 ex

453 4718 643 4769 iisdem
676 4716 902 4785 impuris
935 4716 1173 4774 fontibus
1203 4721 1448 4774 hausmm
1473 4716 1594 4775 esse
1630 4718 1791 4775 facile
1826 4723 1873 4776 ei
1900 4737 2020 4779 erat

450 4788 802 4861 evincereex
839 4787 906 4842 iis
950 4789 1221 4861 rationum
1276 4792 1590 4861 momentis,
1623 4805 1743 4859 quae
1767 4792 1879 4861 jam
1924 4796 2019 4848 ad-

449 4861 701 4929 duximus
728 4857 779 4909 in
808 4873 929 4929 cap.
953 4860 1008 4923 2,
1051 4876 1199 4913 num.
1241 4860 1323 4929 1⁸5.

524 4927 636 4995 (56)
670 4924 1135 5011 ξέξιδνίΑηὶηιᾳά.
1169 4929 1240 5011 ad
1274 4928 1565 5011 Epiphann
1600 4932 1728 4984 Ιιερτ.
1767 4932 1859 4997 04,
1893 4950 2013 5011 cap.

446 4996 503 5059 2,
533 5011 586 5049 et
620 4998 686 5048 ad
708 4996 812 5067 lib.
845 4998 917 5051 De
946 5002 1104 5067 pond.
1132 5010 1177 5052 et
1200 4996 1389 5063 meum.
1420 5017 1470 5055 c.
1501 5002 1589 5055 18.

522 5067 636 5134 (57)
677 5066 893 5123 Nemes.
934 5066 983 5121 c.
1016 5070 1105 5124 50.

523 5138 639 5205 (58)
665 5136 856 5191 Leont.
884 5138 1061 5193 Schol.
1100 5142 1298 5196 action.
1322 5142 1411 5196 10.

523 5206 808 5285 (39)_Ejus
834 5219 1006 5263 autem
1026 5214 1234 5285 tacendi
1258 5229 1347 5285 eas
1374 5212 1665 5265 habuerunt
1687 5229 1873 5285 causas
1902 5215 2017 5268 Ori-

451 5278 662 5351 geniani
688 5288 1067 5351 oppugnatores
1091 5284 1336 5349 nominis,
1363 5299 1492 5351 quas
1518 5284 1725 5350 exponit
1745 5282 2013 5351 Petavius;

455 5346 534 5425 uel
556 5349 719 5425 quod,
752 5358 860 5401 etc.
895 5349 950 5403 Si
976 5346 1399 5425 Epiphaniusvad
1434 5346 1738 5425 ventilanda
1767 5346 2014 5425 Origenis

455 5416 1000 5493 dogmataattentus,
1021 5416 1213 5477 'h'occe
1264 5435 1441 5477 tamen
1472 5422 1730 5493 flagitium
1775 5416 1895 5479 non'
1921 5440 2014 5481 ne-

455 5484 654 5563 glexit;
680 5486 851 5565 siipse
871 5504 936 5565 ac
963 5496 1229 5565 pracipue
1255 5509 1510 5562 sequaces
1533 5484 1648 5563 ejus
1671 5496 2010 5548 emendatum

466 5561 783 5634 νωιιίιθιιιιει
828 5561 1033 5613 crimen
1072 5561 1344 5631 objicere,’
1374 5561 1630 5619 illiberale
1675 5574 1729 5617 et
1772 5566 2011 5634 iniquum

464 5640 568 5676 non
606 5626 910 5689 duxerunt;
938 5646 1105 5703 quare
1136 5626 1235 5687 alii
1265 5626 1539 5687 duxissent
1568 5626 1880 5699 Origeniani
1918 5650 2017 5703 op—_

466 5706 789 5775 pugnatores
823 5702 1085 5775 nominis,
1129 5718 1299 5775 quare
1328 5704 1724 5773 neglexissent?
1747 5704 1881 5757 Num
1904 5702 2009 5757 illi-

468 5767 763 5846 beraliores
786 5776 839 5817 et
874 5767 1165 5846 iniquiores
1196 5767 1548 5846 Epiphanius.
1578 5785 1631 5829 et
1675 5785 1937 5846 quotquot
1960 5778 2013 5839 ei

454 5836 742 5917 satl'ragati
792 5847 937 5917 sunt,
961 5836 1171 5919 gat-teris
1202 5836 1446 5919 Origenis
1472 5836 1796 5901 adversariis
1825 5836 2006 5903 haberi

2132 3361 2431 3432 glexerint;
2462 3364 2545 3418 vel
2577 3364 2722 3434 quod
2756 3361 3100 3419 emendatum
3128 3362 3443 3431 pmnitentia
3486 3358 3696 3415 crimen

2133 3455 2394 3523 objicere,
2437 3454 2702 3509 illiberale
2747 3462 2802 3507 et
2829 3454 3069 3527 iniquum
3111 3468 3233 3509 esse
3277 3453 3552 3509 duxerint.
3581 3452 3697 3523 (40)

2130 3548 2275 3616 Quas
2290 3548 2356 3603 ad
2373 3563 2592 3616 causas,
2612 3548 2730 3604 illas
2745 3550 2909 3605 etiam
2931 3547 3226 3603 accessisse
3242 3556 3368 3617 puto
3386 3560 3480 3600 cur
3498 3545 3550 3599 id
3565 3544 3700 3601 reti-

2136 3669 2375 3725 debent?
2402 3668 2559 3724 Certe
2583 3685 2687 3724 non
2721 3669 2756 3721 ii
2793 3675 2947 3723 erant
2967 3664 3327 3731 Hieronymus
3354 3670 3406 3715 et
3422 3659 3698 3731 Theophi-

2140 3742 2241 3803 lus,
2276 3742 2367 3807 qui
2403 3741 2543 3794 hanc
2572 3738 2786 3809 Origeni
2811 3738 3019 3809 culpam
3046 3738 3442 3797 condonarent,
3464 3742 3698 3800 quanta-

2138 3825 2352 3875 cunque
2382 3810 2526 3863 illam
2562 3807 2877 3879 paenitentia
2904 3807 3144 3861 cluisset.

2207 3874 2318 3950 (40)
2346 3880 2490 3945 Quas
2517 3874 2586 3933 ad
2604 3896 2812 3944 causas,
2830 3878 2951 3932 illas
2972 3879 3131 3950 etiam
3159 3874 3434 3950 accessisse
3450 3882 3574 3950 puto
3585 3888 3701 3950 ἐτη·

2134 3950 2188 4003 id
2216 3944 2485 4005 reticerem
2510 3950 2752 4019 Origenis
2777 3948 3089 4011 adversarii,
3103 3947 3246 4019 quod
3276 3946 3410 4019 lice_t_
3427 3944 3701 4019 sacri/ica-

2134 4032 2311 4073 turum
2342 4036 2397 4074 se
2417 4014 2709 4087 recepisset,
2734 4031 2841 4075 etc.
2864 4019 3032 4073 Leves
3052 4016 3339 4087 admodum
3366 4014 3541 4087 ﬂuetii
3561 4031 3695 4068 con-

2127 4092 2375 4165 jecturae.
2415 4085 2557 4165 satis
2602 4099 2719 4145 erat
2753 4090 3072 4165 assensisse,
3116 4094 3175 4139 ut
3220 4085 3536 4165 idololatriae
3563 4098 3691 4138 reus

2132 4158 2427 4215 haberetur
2452 4160 2736 4229 Origenes,
2761 4176 2825 4215 ac
2860 4158 3084 4229 proinde
3119 4158 3552 4229 utuposnitentia:
3582 4170 3685 4222 pu-

2130 4231 2270 4285 blice
2299 4227 2688 4297 subjiceretur,
2728 4239 2783 4285 et
2823 4228 3105 4285 sacerdotii
3141 4227 3423 4297 dignitate
3450 4227 3572 4295 jure
3624 4239 3690 4297 ac

2129 4302 2325 4354 merito
2346 4296 2618 4357 excideret
2652 4318 2665 4354 :
2704 4316 2801 4355 nec
2830 4300 3037 4355 crimen
3081 4296 3366 4350 minuisset
3393 4297 3510 4366 ejus
3538 4296 3692 4365 pudi-

2129 4370 2271 4424 cilia:
2303 4371 2559 4435 studium,
2615 4368 2960 4440 quantumvis
3012 4367 3223 4440 dicatur
3271 4367 3396 4440 inde
3427 4365 3691 4440 eluceret

2130 4440 2412 4508 Egregiam
2442 4456 2569 4511 vero
2603 4436 2936 4511 pudicitiam,
2961 4452 3079 4507 quae
3106 4436 3467 4511 abnegatione
3491 4436 3694 4511 Christi

2131 4506 2464 4565 serva—retur!
2494 4506 2663 4567 Porro
2695 4513 2737 4566 si
2771 4513 2839 4566 ob
2866 4506 2991 4565 eam
3018 4522 3238 4563 causam
3279 4506 3469 4565 fuisset
3499 4506 3696 4560 Deme-

2132 4580 2215 4634 trii
2242 4582 2707 4653 compluriumqne
2732 4583 3105 4653 episcoporum
3134 4575 3334 4653 judicio
3361 4577 3427 4630 ab
3451 4575 3693 4653 Ecclesia

2127 4648 2543 4721 sacerdotioque
2586 4648 2846 4716 deiectus,
2888 4648 3013 4706 num
3053 4649 3126 4721 id,
3155 4648 3496 4721 ignorassent
3554 4649 3693 4700 Ara-

2126 4720 2246 4795 bite,
2277 4717 2590 4795 Palaestinae,
2632 4723 2922 4795 Phoenicia;
2949 4730 3003 4774 et
3036 4718 3247 4773 Achaiae
3275 4717 3527 4795 Ecclesia:
3552 4732 3695 4795 prte-

2126 4792 2313 4845 sules?
2336 4793 2431 4847 Sin
2462 4796 2658 4857 minus,
2686 4794 2957 4863 quomodo
2976 4805 3210 4863 causam
3254 4789 3385 4863 ejus
3415 4789 3695 4863 suscepis-

2126 4871 2267 4925 sent,
2327 4864 2652 4932 pratdicandi
2706 4860 2901 4917 inunus
2940 4861 2988 4914 ei
3019 4860 3695 4932 commisissent,_a|iaque

2125 4930 2419 4987 sacerdotii
2450 4936 2530 4989 sui
2574 4934 2753 4987 munia
2786 4934 2938 4985 obire
2973 4930 3386 5001 permisissent?
3431 4930 3694 4987 Criminis

2123 5016 2254 5073 ergo
2306 5004 2466 5073 hujus
2520 5004 2729 5057 falsitas
2756 5002 2839 5057 vel
2874 5017 2937 5057 ex
2974 5016 3036 5056 ea
3080 5015 3137 5055 re
3163 5002 3273 5057 sola
3302 5001 3507 5073 elucet.
3548 5004 3695 5069 quod

2126 5071 2412 5143 Origenem
2467 5084 2617 5129 tanta
2650 5089 2770 5127 cum
2797 5073 3064 5129 charitate
3090 5073 3426 5143 susceperint
3456 5072 3530 5126 illi
3574 5076 3695 5143 epi-

2123 5142 2296 5212 scopi,
2336 5145 2561 5214 ejusqne
2606 5144 2966 5213 patrocinium
3015 5154 3170 5199 tanto
3208 5142 3386 5214 studio
3424 5142 3694 5211 complexi

2123 5211 2267 5278 sint;
2303 5211 2621 5284 ac'proinde
2640 5229 2743 5268 non
2773 5226 2991 5283 propter
3010 5231 3103 5269 eas
3131 5228 3266 5284 quas
3290 5211 3512 5284 Huetins
3541 5214 3697 5268 atfert

2123 5299 2337 5349 causas,
2374 5283 2514 5341 hanc
2546 5287 2609 5339 de
2632 5284 2881 5355 Origenis
2914 5283 3215 5341 idololatria
3250 5283 3530 5355 historiam
3563 5286 3697 5338 reti—

2123 5367 2353 5426 cuerunt
2379 5356 2496 5424 ejus
2534 5352 2957 5426 adversarii,sed
2988 5358 3112 5426 quia
3145 5354 3282 5409 nihil
3320 5352 3426 5407 tale
3454 5369 3695 5421 unquam

2124 5422 2342 5496 Origeni
2367 5422 2614 5495 contigit.
2645 5424 2815 5483 Porro
2836 5428 2981 5496 quod
3001 5422 3197 5482 factum
3224 5439 3328 5496 non
3344 5433 3485 5496 erat.
3501 5441 3695 5496 quam-

2122 5493 2309 5548 obrem
2345 5493 2625 5565 quisquam
2673 5493 2963 5552 excusaret
3009 5498 3145 5552 ratio
3205 5494 3348 5549 nulla
3403 5493 3527 5548 fuit.
3567 5494 3696 5551 Inde

2122 5578 2219 5686 par
2247 5569 2386 5633 apud
2421 5569 2672 5636 Origenis
2717 5568 3033 5623 defensores
3077 5582 3139 5621 ea
3169 5565 3235 5619 de
3278 5578 3337 5619 re
3391 5565 3690 5620 silentium.

2144 5633 2259 5686 line
2278 5653 2345 5686 ne
2367 5639 2469 5686 mh
2490 5640 2705 5686 nnidem
2733 5637 2887 5686 huius
2904 5639 3042 5686 anud
3070 5637 3361 5686 Eusebium
3382 5650 3395 5686 :
3414 5650 3513 5686 nec
3542 5638 3690 5686 enim

2144 5633 2259 5708 ii_n_c
2278 5653 2345 5690 ne
2367 5639 2469 5708 γρὺ
2490 5633 2705 5708 quidem
2733 5637 2887 5705 hujus
2904 5639 3042 5705 apud
3070 5637 3361 5708 Eusebium
3382 5650 3395 5699 ;
3414 5650 3521 5708 nec!
3542 5638 3693 5691 enim

2122 5703 2283 5785 vehin
2318 5703 2435 5785 ipsa
2466 5703 2566 5778 pro
2595 5703 2828 5785 Origene
2852 5703 3120 5785 ﬂii—elogia
3152 5706 3310 5776 hujus
3360 5706 3691 5775 mentionem

2124 5774 2318 5835 iecisse
2341 5774 2579 5847 videtur,
2608 5789 2667 5834 ut
2688 5774 2799 5851 jam
2833 5774 3088 5851 diximus.
