4162 6406
419 405 528 462 695

1479 387 2052 450 ORIGENIANORUM
2093 386 2220 440 LIB.
2259 386 2302 450 I,
2342 382 2495 438 CAP.
2538 379 2628 436 IV.

3571 369 3673 425 691

422 528 611 577 cerent
645 517 894 588 Origenis
917 514 1236 581 adversarii,
1258 510 1400 582 quod
1419 510 1542 566 licet
1560 505 1993 563 sacrificaturum
2025 507 2068 561 Α
2100 500 2256 554 nobis
2283 498 2462 554 fucum
2493 495 2774 550 facientes.
2810 492 2872 544 Et
2901 503 3014 547 tum
3048 487 3128 544 vel
3153 487 3388 542 maxime
3419 499 3542 540 sese
3570 485 3676 538 cri-

421 629 480 667 se
515 611 826 680 recepisset,
861 623 966 662 non
993 607 1110 677 ipse
1137 615 1337 667 tamen,
1368 600 1460 656 sed
1483 599 1574 666 qui
1605 612 1728 652 eum
1763 595 1994 648 circum-

421 705 638 758 stabant
683 701 942 756 facinoris
973 707 1224 753 auctores
1258 703 1314 750 et
1365 690 1708 761 impulsores,
1747 685 1996 740 manibus

423 797 538 866 ejus
564 793 915 865 apprehensis
933 799 986 845 et
999 789 1266 852 excussis,
1281 786 1382 856 ipsi
1410 784 1719 838 viderentur
1737 779 1854 834 foco
1877 777 2000 832 thus

424 888 688 951 intulisse,
719 887 861 955 quod
891 884 1017 939 licet
1043 883 1110 936 ab
1141 879 1382 935 Ecclesia
1413 876 1604 932 fuisset
1629 875 1698 930 ob
1727 889 1844 927 eam
1870 885 2002 925 cau-

423 996 537 1034 sam
570 979 777 1063 eiectus
808 975 1067 1033 Demetrii
1111 971 1578 1042 compluriutnque
1622 966 1998 1036 episcoporum

421 1073 640 1141 judicio,
693 1053 760 1126 ab
830 1067 1138 1123 Alexandro
1198 1073 1377 1119 tamen
1431 1072 1485 1116 et
1523 1057 1834 1114 Theoctisto
1886 1053 1998 1123 epi-

427 1163 608 1232 scopis
627 1171 774 1216 tanla
802 1171 944 1215 esset
960 1159 1224 1214 charitate
1245 1163 1548 1225 susceptus,
1579 1152 1801 1222 ejusque
1822 1156 2003 1218 patro-

423 1255 626 1307 ein-ium
674 1263 824 1307 tanto
872 1251 1050 1306 studio
1081 1247 1378 1318 complexa
1411 1254 1595 1302 essent
1632 1243 1866 1306 Arabia,
1902 1240 2002 1296 Pa-

429 1347 676 1406 laestinae.
734 1343 1026 1399 Phoenicia
1056 1351 1110 1396 et
1154 1339 1373 1395 Achaia
1421 1337 1706 1399 Ecclesia,
1745 1347 1802 1388 ut
1831 1350 1898 1388 ea
1947 1347 2003 1387 re

434 1439 549 1493 fere
574 1438 820 1491 criminis
855 1435 1096 1505 depulsio
1137 1434 1542 1494 contineretur;
1575 1427 1715 1498 quod
1759 1427 1886 1481 licet
1910 1441 2004 1480 ca-

432 1529 611 1602 pitalis
657 1530 729 1583 sit
766 1527 853 1581 vel
891 1526 1073 1582 tenuis
1104 1526 1353 1580 admissa
1381 1520 1696 1579 idololatriae
1744 1517 2002 1587 suspicio,

428 1623 748 1693 etgraviter
789 1635 1042 1690 peccasse
1080 1617 1366 1687 Origenem
1391 1614 1668 1669 fatendum
1709 1611 1802 1676 sit,
1857 1611 2006 1665 mini-

428 1729 515 1768 me
556 1724 735 1766 tamen
785 1713 885 1766 hoc
933 1709 1151 1764 nomine
1198 1715 1386 1776 posset
1431 1695 1699 1769 accusari,
1730 1702 1859 1771 quin
1889 1702 2009 1769 ejus

429 1807 625 1874 ingens
653 1803 930 1873 pudicitia
973 1801 1208 1854 studium
1254 1813 1358 1853 una
1411 1795 1828 1866 praedicaretur;
1861 1792 2004 1863 quod

2103 595 2236 648 ticos
2269 593 2376 648 dici
2431 595 2643 654 amant,
2698 585 2910 652 sibique
2957 583 3202 650 placent,
3249 577 3463 648 quando
3521 575 3676 629 nobis

2101 694 2386 740 auctorum
2417 682 2618 744 larvas,
2651 678 2797 731 veris
2830 675 2961 745 ipsis
2993 670 3309 726 tleformatis
3337 666 3676 730 auctoribus,

2105 776 2444 845 obiecerunt.
2475 773 2657 841 Atque
2697 769 2814 824 hac
2867 767 3038 836 pestis
3069 764 3202 817 nihil
3241 777 3345 815 non
3383 769 3676 829 pervagata

2100 879 2202 926 est.
2235 868 2492 923 Plurima
2539 864 2754 934 quidem
2794 860 2983 916 sordes
3018 857 3102 910 vel
3139 871 3234 927 per
3275 854 3534 924 temporis
3561 854 3680 906 diu-

2103 963 2444 1025 turnitatem,
2497 957 2581 1012 vel
2640 970 2737 1024 per
2789 951 3134 1007 librariorum
3181 946 3484 1003 socordiam
3533 943 3682 998 anti-

2102 1069 2331 1126 quorum
2358 1050 2578 1119 scriptis
2604 1046 2755 1101 allini
2789 1055 2954 1113 atque
2987 1041 3360 1095 adharescere
3382 1036 3500 1090 sita
3520 1041 3676 1097 sunt;

2103 1124 2162 1203 at
2194 1161 2286 1201 eas
2321 1141 2535 1200 nonnisi
2570 1139 2888 1194 manifestas
2923 1133 3052 1198 elui,
3089 1146 3188 1185 nec
3239 1127 3532 1198 quidquam
3578 1124 3680 1177 nisi

2106 1239 2194 1295 vel-
2225 1252 2386 1292 manu
2440 1235 2770 1302 scriptorum
2803 1227 3051 1283 codicum
3099 1240 3223 1294 ope.
3277 1222 3361 1276 vel
3410 1218 3575 1274 certis
3627 1225 3684 1268 et

2106 1328 2451 1386 evidentibus
2481 1321 2821 1393 argumentis
2854 1317 3110 1388 supponi,
3147 1324 3203 1371 et
3232 1315 3284 1367 in
3318 1323 3472 1366 notas
3504 1308 3683 1378 potius

2108 1436 2261 1479 extra
2294 1419 2533 1475 auctoris
2562 1417 2731 1488 ipsius
2758 1422 3103 1473 contextum,
3133 1404 3488 1478 quantumvis
3526 1411 3682 1454 acute

2109 1517 2380 1586 cogitatas
2428 1509 2775 1578 conjecturas
2810 1507 2963 1576 rejici
3006 1504 3187 1560 velim.
3226 1501 3331 1556 Sed
3383 1497 3498 1552 hac
3527 1501 3687 1551 erant

2111 1611 2333 1665 alterius
2366 1603 2492 1659 loci.
2528 1601 2684 1656 Nunc
2717 1602 2781 1656 ad
2819 1615 2956 1654 rem.

2181 1700 2268 1755 Vl.
2319 1697 2500 1764 Quoto
2531 1693 2678 1748 Decii
2735 1707 2879 1746 anno
2903 1688 3236 1745 cruciatibus
3295 1695 3470 1740 tortus
3524 1681 3690 1736 fuerit

2111 1792 2405 1863 Origenes,
2463 1785 2744 1851 nescitur;
2787 1792 2842 1838 at
2890 1799 3012 1836 cum
3059 1780 3335 1836 biennium
3389 1775 3586 1832 Decius
3635 1773 3688 1826 in

427 1869 666 1964 denique
685 1895 821 1948 dii-is
854 1893 954 1947 sub
999 1891 1162 1948 Decio
1185 1889 1443 1960 singulari
1468 1887 1774 1944 constantia
1807 1885 2006 1941 tolera-
2045 1887 2086 1940 Β
2116 1885 2345 1956 imperio
2367 1896 2472 1938 non
2497 1877 2815 1952 expleverit,
2847 1876 2979 1930 levis
2998 1885 3081 1930 est
3100 1871 3383 1928 dubitatio.
3403 1869 3459 1925 Id
3480 1869 3691 1922 videtur

430 1991 498 2044 tis
529 1988 836 2051 tormentis,
882 1984 1082 2054 prioris
1131 1983 1380 2039 criminis
1411 1996 1606 2036 noxam
1641 1980 1779 2036 satis
1821 1994 2006 2034 corre-

427 2077 596 2138 xisse,
623 2075 847 2143 ejusque
872 2074 1040 2129 luisse
1072 2085 1285 2140 panas,
1317 2080 1374 2126 et
1397 2071 1685 2140 pristinam
1724 2068 2005 2124 mollitiem

426 2161 681 2230 expiasse
705 2162 1001 2216 videretur.
1051 2160 1232 2228 Atque
1281 2159 1471 2214 iisdem
1523 2157 1638 2214 fere
1686 2158 2007 2223 rationibus,

429 2251 718 2318 quominus
765 2251 818 2304 id
865 2249 1189 2305 Christianis
1232 2249 1606 2317 exprobraret,
1661 2247 2007 2304 absterritum

431 2341 600 2397 fuisse
628 2341 986 2412 Porphyrium
1025 2340 1303 2396 existimo.
1330 2340 1483 2406 Quod
1524 2339 1702 2394 nullus
1725 2354 1854 2410 ergo
1877 2339 2009 2395 vitio

431 2436 683 2500 dederat,
738 2433 1095 2506 quamobrem
1145 2436 1442 2504 quisquam
1495 2443 1818 2500 excusaret,
1868 2433 2008 2489 ratio

431 2527 575 2581 nulla
614 2527 736 2584 fuit.
773 2527 902 2582 Inde
929 2543 1026 2597 par
1056 2527 1196 2595 apud
1230 2525 1428 2581 multos
1452 2539 1514 2580 ea
1537 2527 1602 2580 de
1629 2541 1688 2579 re
1712 2525 2004 2580 silentium.

431 2619 723 2673 Eusebium
749 2629 952 2682 autem,
1000 2633 1096 2672 cur
1127 2617 1179 2672 id
1210 2616 1500 2672 scribendo
1542 2617 2006 2685 pratermitteret,

430 2725 497 2764 eo
530 2709 700 2764 fuisse
728 2708 1018 2777 impulsum
1043 2708 1158 2777 jam
1187 2722 1352 2777 supra
1381 2707 1515 2772 dixi,
1537 2707 1588 2760 in
1624 2707 1766 2776 quod
1798 2707 2011 2778 inApo-

433 2801 576 2872 logia
604 2819 700 2872 pro
723 2800 949 2872 Origene
986 2801 1086 2855 hoc
1139 2811 1194 2855 et
1245 2799 1511 2868 ejusmodi
1542 2799 1773 2870 plurima
1821 2799 2011 2856 fuisset

435 2894 779 2963 complexus,
809 2908 932 2963 qua
971 2894 1037 2948 ad
1075 2892 1332 2948 Historiae
1371 2909 1488 2950 sua
1516 2894 1849 2961 propositum
1902 2909 2008 2947 non

436 2988 661 3042 omnino
697 2988 1068 3053 accommoda,
1105 2987 1304 3057 quippe
1335 2989 1426 3057 qui
1483 3003 1570 3042 res
1595 2987 1662 3040 ad
1697 2987 2010 3041 universam

431 3079 734 3134 Ecclesiam
761 3088 1068 3149 spectantes
1091 3089 1504 3150 exsequeretur,
1522 3089 1770 3149 repetere
1791 3079 2012 3150 insuper

431 3173 643 3228 habuit.
687 3170 882 3226 Jacent
913 3174 1082 3242 igitur
1132 3172 1361 3227 collecta
1410 3188 1438 3227 a
1479 3171 1716 3228 Baronio
1749 3172 2012 3230 adversus

2113 1993 2257 2032 anno
2281 1973 2491 2031 Christi
2519 1971 2648 2038 250,
2680 1969 2932 2039 Origenis
2964 1983 3087 2029 va,
3122 1962 3548 2019 attribuendum.
3581 1959 3692 2014 Nec

2110 2079 2339 2140 apparet
2378 2067 2511 2122 item
2569 2062 2847 2135 qumnodo
2888 2058 3124 2114 vinculis
3163 2057 3381 2125 elapsus
3427 2054 3517 2109 sit.
3580 2053 3691 2122 Ego

2109 2178 2244 2218 vero
2273 2161 2323 2215 id
2355 2174 2453 2230 per
2484 2157 2692 2212 obitum
2729 2153 2872 2210 Decii
2905 2151 3197 2222 contigisse
3243 2147 3472 2216 opinor;
3522 2159 3630 2213 quo
3661 2159 3691 2196 a

2110 2253 2361 2311 barbaris
2387 2251 2566 2309 deleto
2611 2263 2735 2304 cum
2771 2247 3037 2306 exercitu.
3081 2241 3368 2312 imperium
3403 2238 3694 2307 capessivit

2113 2349 2305 2403 Vibius
2327 2344 2535 2410 Gallus,
2589 2341 2764 2398 ascito
2794 2340 2846 2394 in
2879 2335 3218 2394 consortium
3250 2333 3541 2390 Volusiano
3559 2331 3690 2384 filio.

2112 2441 2265 2496 Tunc
2294 2439 2438 2495 enim
2475 2433 2846 2506 tranquillatis
2872 2429 3306 2485 Christianorum
3326 2425 3509 2487 rebus,
3530 2424 3688 2478 liber—

2113 2541 2280 2588 tatem
2316 2543 2532 2600 quoque
2580 2541 2732 2582 suam
2781 2525 3035 2593 adeptum
3073 2517 3358 2590 Origenem
3400 2513 3694 2570 verisimile

2110 2633 2217 2680 est.
2244 2623 2357 2694 (Η)
2386 2621 2455 2675 At
2490 2633 2556 2674 ne
2583 2626 2696 2671 tum
2726 2615 2944 2685 quidem
2968 2620 3100 2667 atas
3133 2611 3200 2664 ad
3222 2608 3433 2664 senium
3467 2605 3692 2667 devexa,

2111 2713 2396 2768 laboribus
2423 2709 2680 2774 fractum,
2705 2706 2817 2761 otio
2845 2719 2909 2759 ac
2945 2702 3152 2758 desidia
3181 2698 3411 2755 mollivit
3438 2716 3452 2754 :
3482 2697 3575 2752 sed
3605 2698 3694 2751 vix

2114 2803 2436 2876 aegritudine
2472 2800 2752 2856 relaxatus
2789 2811 2853 2852 ac
2879 2794 3128 2860 miseria,
3155 2808 3276 2864 qua
3302 2805 3424 2846 eum
3452 2790 3504 2842 iu
3547 2787 3693 2842 Decii

2115 2898 2332 2952 laniena
2384 2909 2528 2966 pene
2577 2893 2824 2958 eliserat,
2850 2889 2972 2944 aliis
3012 2901 3150 2958 quos
3206 2887 3396 2940 eadem
3425 2881 3696 2936 alIIixci-at

2113 2990 2314 3054 clades,
2345 2988 2497 3042 utilia
2525 2985 2719 3041 solatia
2742 2999 2841 3053 per
2870 2980 3129 3052 epistolas
3168 2975 3622 3034 subministravit.
3641 2973 3696 3028 Id

2116 3080 2477 3136 ostendebant
2506 3076 2813 3131 innumera
2835 3071 2952 3139 ejus
2999 3067 3262 3140 epistola,
3291 3081 3410 3138 qua
3438 3075 3558 3135 post
3587 3065 3694 3120 De-

2115 3171 2330 3225 cianam
2371 3165 2732 3220 vastationem
2758 3162 2996 3232 scripta,
3021 3170 3074 3214 et
3107 3158 3277 3213 multo
3301 3168 3427 3228 post
3459 3172 3488 3210 a
3518 3156 3621 3226 piis
3642 3165 3697 3210 et

435 3266 580 3318 hunc
611 3263 904 3333 Epiphanii
962 3264 1139 3319 locum
1183 3273 1528 3335 argumenta,
1562 3280 1723 3333 quem
1756 3264 1838 3319 vel
1897 3266 2010 3335 ipsa
2040 3259 2086 3322 Ο
2116 3259 2374 3316 studiosis
2399 3257 2711 3313 hominibus
2730 3265 2980 3320 servata,
3004 3258 3273 3307 vetustate
3290 3251 3502 3305 demum
3522 3248 3697 3317 perie-

435 3357 562 3427 styli
620 3357 943 3422 similitudo,
974 3367 1034 3412 ut
1066 3366 1219 3414 recte
1283 3356 1821 3423 notavit-Petavius,
1877 3359 2010 3415 satis

436 3446 739 3517 Epiphanio
769 3447 1062 3517 atljudicat.

506 3537 572 3592 V.
601 3538 825 3594 Cautius
859 3539 1107 3608 equidem
1147 3556 1210 3595 ac
1254 3542 1590 3600 reverentius
1641 3541 2008 3613 antiquorum,

436 3629 530 3684 sed
555 3627 775 3682 Patrum
824 3631 1124 3698 praesertim
1182 3641 1529 3686 monumenta
1567 3633 1762 3702 attingi
1794 3634 2008 3688 vellem.

434 3721 569 3775 Nam
605 3724 854 3790 quamvis
879 3735 1062 3789 parce,
1096 3731 1152 3773 et
1179 3737 1282 3776 non
1315 3722 1437 3776 sine
1469 3722 1649 3792 aliqua
1698 3722 2010 3778 verisimili-

437 3812 626 3871 tudine
678 3826 871 3868 manus
904 3810 1210 3881 Epiphanio
1245 3812 1490 3868 attulerit
1539 3815 1641 3867 hoc
1693 3813 1812 3869 loco
1845 3813 2012 3868 Baro-

435 3901 580 3967 nius,
617 3901 780 3955 homo
807 3910 864 3954 ut
904 3902 1180 3956 excellens
1209 3903 1330 3973 ejus
1368 3903 1667 3974 ingenium,
1688 3913 1743 3959 et
1764 3906 2009 3975 singula-

437 4008 553 4046 rem
594 3993 900 4047 doctrinam
921 3993 1135 4058 silcam,
1170 3994 1538 4064 sagacissima
1578 3999 1634 4050 in
1667 4006 1785 4052 arte
1819 3999 2010 4053 critica

433 4091 492 4140 et
518 4086 800 4140 acerrimae
829 4086 979 4142 naris
1000 4101 1017 4154 ;
1039 4087 1142 4141 hoc
1161 4095 1338 4142 tamen
1368 4087 1674 4158 exemplum
1699 4089 1754 4144 in
1776 4103 2012 4160 sequens

435 4192 606 4231 avum
641 4177 816 4233 labem
843 4179 1058 4234 trahere
1089 4188 1290 4250 petest,
1312 4188 1371 4234 ut
1391 4180 1528 4234 tanti
1551 4180 1655 4236 viri
1689 4183 2013 4239 auctoritate

434 4271 680 4341 producti
732 4271 955 4327 litterati
1002 4271 1285 4339 homines,
1363 4273 1682 4330 veneranda
1731 4279 2012 4332 vetustatis

434 4361 692 4428 operibus
725 4360 970 4426 illudere,
1007 4375 1180 4430 eaque
1207 4363 1274 4416 ad
1324 4362 1538 4420 libitum
1573 4381 1892 4437 recoquere,
1948 4382 2013 4423 ac

435 4451 749 4507 iucudisua
776 4452 1002 4507 reddere
1021 4451 1254 4510 fortasse
1271 4459 1454 4511 ausuri
1471 4459 1603 4512 sint.
1628 4459 1860 4525 Quasivi
1881 4475 2013 4514 sane

436 4541 661 4595 multum
692 4558 756 4598 ac
783 4543 898 4608 diu,
934 4543 1126 4613 plusne
1148 4548 1407 4615 perniciei
1435 4550 1488 4602 in
1530 4549 1739 4605 litteras
1764 4565 1832 4604 an
1867 4551 2014 4606 utili-

2121 3362 2270 3408 runt.
2302 3351 2496 3407 Aliane
2531 3359 2806 3421 praeterea
2829 3357 2956 3402 ante
2980 3357 3214 3401 mortem
3243 3343 3444 3399 litteris
3472 3340 3698 3396 manda-

2117 3447 2278 3511 verit,
2317 3443 2576 3515 quoniam
2612 3443 2679 3498 de
2704 3456 2770 3496 eo
2803 3439 2938 3500 nihil
2981 3438 3190 3506 antiqui
3235 3435 3532 3505 scriptores
3583 3441 3690 3486 tra-

2119 3538 2334 3605 didere,
2363 3520 2705 3605 compertum
2737 3549 2843 3588 non
2870 3543 2973 3588 est.
3016 3532 3116 3587 Vix
3158 3529 3311 3585 credi
3367 3535 3548 3580 tamen
3603 3538 3700 3592 po-

2121 3642 2246 3697 test,
2267 3629 2798 3701 itnpatientiSsimum
2819 3627 2918 3682 otii
2941 3626 3214 3696 ingenium
3243 3621 3310 3675 ab
3327 3627 3544 3675 assueto
3562 3616 3697 3671 scrio

2120 3724 2280 3778 bendi
2320 3723 2530 3785 labore,
2558 3735 2668 3789 quo
2700 3727 2777 3773 tot
2799 3718 3117 3773 elucubrata
3150 3714 3399 3769 feruntur
3434 3711 3692 3764 librorum

2119 3815 2309 3879 millia,
2343 3811 2742 3882 conquievisse.

2193 3907 2303 3962 γη.
2359 3903 2472 3976 (42)
2500 3902 2732 3972 Jamque
2783 3913 2974 3955 novem
3019 3915 3084 3954 ac
3118 3897 3398 3967 sexaginta
3436 3895 3699 3962 Origenes

2120 3996 2435 4052 confecerat
2469 4009 2662 4059 annos,
2699 4008 2820 4045 cum
2866 3992 3052 4045 labore
3079 3997 3136 4044 et
3184 4003 3341 4042 anuis
3389 3995 3698 4040 conlectum

2124 4088 2447 4158 tempestiva
2473 4073 2628 4140 mors
2653 4084 2789 4155 Tyri
2813 4082 3171 4152 consumpsit,
3190 4096 3332 4134 anno
3357 4089 3474 4152 post
3497 4075 3698 4131 Christi

2121 4192 2302 4237 ortum
2335 4179 2443 4234 254
2470 4193 2484 4230 :
2514 4192 2622 4247 quo
2643 4191 2787 4231 anno
2816 4174 3146 4230 Interamna
3194 4170 3381 4227 Gallus
3429 4179 3485 4224 et
3535 4167 3700 4222 Volu-

2120 4274 2306 4330 sianus
2336 4269 2608 4325 interfecti
2628 4277 2774 4324 sunt.
2802 4268 2937 4322 Cum
2962 4267 3104 4321 enim
3126 4273 3310 4318 natum
3328 4277 3448 4317 eum
3474 4261 3700 4314 demon-

2123 4359 2486 4417 straverimus
2517 4373 2659 4414 anno
2693 4366 2808 4428 post
2847 4357 3123 4412 Christum
3176 4354 3298 4420 185,
3331 4350 3560 4422 adjectis
3605 4349 3697 4412 69,

2121 4460 2256 4522 quot
2280 4452 2404 4508 vita
2433 4450 2674 4520 explevit
2713 4465 2910 4514 annos,
2943 4449 3166 4503 omnino
3209 4444 3439 4500 efﬁcitur
3484 4455 3699 4497 summa

2121 4559 2388 4600 annorum
2423 4543 2552 4598 254.
2585 4542 2845 4610 Quamvis
2873 4549 3052 4594 autem
3086 4541 3157 4594 ita
3189 4537 3476 4607 scripserit
3526 4533 3697 4588 Euse—

436 4632 564 4690 tatis
597 4634 790 4689 critica
819 4649 910 4690 ars
938 4634 1357 4704 intulerit.Quot
1377 4639 1521 4693 enim
1551 4655 1682 4694 sana
1714 4650 1769 4696 et
1798 4641 2007 4710 integra

2117 4639 2238 4694 bius
2268 4637 2380 4709 (45)
2399 4654 2412 4689 :
2430 4637 2682 4691 Δέκιον...
2720 4635 3136 4705 κατασφαγέντα
3157 4631 3354 4696 Γάλλος
3376 4629 3696 4700 διαδέχεταιο

436 4732 677 4778 veterum
743 4725 945 4793 scripta
1001 4727 1262 4794 pervertit
1312 4729 1633 4783 criticorum
1707 4730 2009 4797 temeritas,

437 4816 558 4869 dum
581 4817 845 4885 quidquid
866 4820 1046 4873 minus
1073 4832 1254 4876 mente
1273 4823 1642 4893 perciperent,
1675 4821 1726 4875 id
1764 4822 1831 4876 ad
1862 4822 2011 4876 arbi-

442 4907 604 4960 trium
658 4922 818 4961 suum
869 4909 1165 4980 relingendi
1221 4911 1496 4967 licentiam
1549 4911 1649 4965 sibi
1712 4909 2012 4968 fecerunt?

431 4997 575 5063 Quot
605 4998 879 5053 volumina
921 5001 1035 5055 suis
1085 5009 1195 5056 tota
1229 5001 1584 5058 detraxerunt
1624 5003 2006 5074 scriptoribus,

433 5090 630 5144 alienis
681 5092 1089 5146 attribuerunt?
1136 5092 1369 5148 Differor
1424 5093 1530 5160 ira,
1578 5097 2011 5165 quotiescunque

433 5181 569 5235 viles
599 5183 670 5235 de
727 5183 882 5251 plebe
936 5184 1415 5252 grammaticorum
1452 5186 1789 5242 Iitteratores
1848 5187 2008 5242 bonis

435 5275 753 5330 auctoribus
778 5276 1009 5331 inscitia
1044 5292 1154 5331 sua
1179 5279 1328 5332 virus
1367 5289 1685 5350 spargentes
1718 5281 1908 5347 video;
1954 5290 2009 5335 et

434 5366 481 5420 si
509 5368 727 5436 quando
751 5383 891 5422 nova
918 5383 1045 5430 vox,
1088 5378 1144 5423 et
1167 5367 1569 5438 lexicograpliis
1591 5372 1865 5440 incognita
1891 5388 2013 5427 sese

435 5456 546 5522 det,
572 5473 692 5512 eam
723 5460 930 5528 absque
960 5463 1308 5516 cunctatione
1335 5465 1491 5518 obelo
1531 5479 1628 5519 suo
1654 5463 1968 5534 jugulantes
1994 5507 2010 5532 ,

436 5556 487 5602 et
514 5550 753 5606 obtrusis
781 5552 894 5606 suis
934 5551 1264 5622 conjecturis
1303 5568 1399 5624 per
1433 5569 1700 5609 summam
1727 5556 2010 5611 audaciam

505 5713 864 5788 (4_I7)F.ttseb.,
894 5716 1036 5771 Hist.
1072 5718 1222 5783 eccl.,
1253 5717 1348 5771 lib.
1379 5733 1455 5782 vr,
1486 5733 1605 5788 cap.
1631 5719 1720 5774 59.

479 5786 635 5865 ita“)
664 5786 860 5843 Euseb.
898 5788 1081 5865 ibid”.
1121 5789 1217 5846 lib.
1255 5804 1347 5855 vit,
1378 5802 1500 5858 cap.
1534 5786 1584 5846 ι’.
1617 5788 1838 5849 Hieron.
1890 5791 2009 5849 Cat.

441 5856 536 5908 t't'i'.
569 5855 765 5912 illitstr.
821 5873 940 5926 cap.
974 5858 1060 5913 54.

2131 4731 2410 4804 Ὠριγένης
2442 4733 2500 4783 ὲν
2526 4729 2700 4801 τούτῳ
2730 4728 3151 4797 ἑνὸςόἐοντατῆς
3170 4724 3314 4796 ζωῆς
3334 4723 3702 4794 ἑϐδομήκοντα

2119 4825 2444 4896 ἁποπλήσας
2477 4823 2594 4894 ἐτη,
2622 4822 2867 4893 τελευτᾷ,
2897 4836 3002 4876 non
3030 4821 3096 4875 iis
3123 4819 3348 4890 praecise
3378 4814 3703 4885 significavit

2123 4919 2225 4974 hoc
2284 4919 2403 4988 ipso
2439 4927 2681 4986 tempore
2739 4914 2944 4969 obiisse
3001 4913 3312 4982 Origenem,
3349 4924 3457 4977 quo
3505 4903 3696 4960 Gallus

2124 5012 2399 5067 exstincto
2432 5010 2596 5065 Decio
2622 5007 2912 5072 successit,
2956 5006 3101 5075 quod
3136 5001 3378 5059 nonnulli
3409 5013 3696 5070 perperam

2123 5103 2328 5174 opinati
2355 5113 2522 5166 sunt;
2554 5102 2649 5156 sed
2675 5100 2959 5168 imperium
2991 5105 3208 5150 tenente
3229 5094 3406 5156 Gallo,
3434 5094 3544 5145 fato
3582 5091 3702 5143 fun-

2117 5206 2262 5252 ctum
2292 5194 2582 5264 Origenem
2601 5195 2793 5248 fuisse.
2821 5192 2935 5262 (44)
2954 5189 3158 5245 Scribit
3181 5188 3406 5242 Pliotius
3429 5188 3550 5239 cod.
3577 5185 3697 5248 118,

2124 5302 2351 5341 narrare
2381 5285 2750 5355 Pamphilum,
2797 5283 3041 5352 aliosque
3079 5280 3410 5348 complures,
3447 5276 3703 5344 Origenis

2119 5379 2290 5432 vitam
2323 5387 2377 5430 et
2410 5393 2498 5431 res
2532 5387 2714 5447 gestas
2745 5391 2810 5430 ex
2858 5375 2923 5428 iis
2951 5374 3087 5443 ipsis
3114 5371 3208 5439 qui
3241 5369 3514 5424 hominem
3550 5367 3702 5421 vide-

2126 5477 2248 5522 rant
2280 5476 2675 5536 perscrutalos,
2706 5466 2757 5520 in
2777 5464 3008 5518 Deciana
3029 5472 3209 5529 strage
3236 5459 3498 5528 martyrio
3527 5457 3701 5525 ipsum

2129 5560 2295 5613 vitam
2331 5559 2592 5613 linivisse.
2641 5559 2698 5613 Id
2745 5556 2947 5614 refellit
2972 5555 3231 5620 Photius,
3268 5551 3404 5608 Galli
3434 5559 3490 5605 et
3537 5547 3702 5605 Volu-

2204 5724 2316 5794 (45)
2355 5724 2576 5787 Euseh.,
2619 5725 2761 5778 Hist.
2788 5728 2937 5789 eccl.,
2965 5727 3057 5780 lib.
3082 5743 3186 5786 vit,
3214 5740 3337 5794 cap.
3369 5725 3416 5775 ι.

2194 5791 2305 5863 (die)
2337 5793 2529 5846 Scribit
2563 5794 2782 5849 Pliott'us
2804 5798 2922 5850 cod.
2948 5799 3068 5860 118,
3097 5791 3314 5849 narrare
3344 5791 3710 5863 Pamphilum,

2125 5861 2231 5920 etc.
2270 5866 2460 5920 Mirum
2492 5874 2642 5922 certe
2679 5869 2890 5923 videtur
2921 5871 3064 5928 quod
3097 5867 3260 5923 refert
3289 5861 3544 5920 I’liutius.
3581 5863 3714 5914 Cum
