4162 6440
442 350 455 371 ‘
491 372 594 428 695

1754 378 1815 435 P.
1860 377 2170 434 DANIELIS
2206 376 2441 433 HUETII

3625 377 3732 435 696

492 497 630 552 siani
658 498 991 568 temporibus
1019 499 1321 554 decessisse
1347 499 1487 557 hunc
1511 514 1793 569 asserens;
1816 518 1883 556 ex
1913 502 2056 572 ejus-
2090 506 2136 562 Α
2166 503 2308 570 apud
2334 498 2592 555 Ecclesia
2619 497 2893 569 principes
2923 497 3242 555 auctoritas.
3265 495 3467 553 Verum
3485 500 3733 568 egregias

490 602 596 657 que
635 588 877 658 epistolis
906 599 1029 660 post
1072 588 1219 644 Decii
1268 599 1497 645 mortem
1544 591 1685 645 datis
1736 592 2056 646 sententiam

492 695 644 735 suam
675 683 921 740 roborat.
950 682 1221 738 Infelicem
1250 683 1632 739 miserabiliter
1664 685 1888 753 periisse
1933 700 2060 755 pro—

490 772 703 826 nuntiat
731 771 1090 843 Nicephorus,
1120 774 1251 829 levis
1274 783 1485 841 auctor,
1510 790 1687 844 neque
1709 775 1835 844 quid
1855 776 2060 830 scribat

489 861 621 917 satis
655 863 807 932 pensi
840 863 1047 918 habens
1087 880 1100 915 :
1140 863 1267 917 inde
1299 862 1433 918 adeo
1479 864 1558 919 sic
1613 867 1882 927 sentiens,
1913 867 2059 935 quod

486 968 610 1008 eum
641 965 758 1023 post
789 954 1150 1009 idololatriam
1182 954 1462 1009 erroribus
1493 955 1848 1024 implicatum,
1878 956 1930 1010 in
1957 957 2059 1011 im-

487 1045 689 1114 pietate
700 1043 843 1099 diem
861 1043 1122 1099 clausisse
1133 1041 1563 1116 crediderit.(l5)
1581 1045 1651 1099 At
1674 1056 1860 1100 contra
1881 1045 2058 1102 Theo-

489 1135 655 1189 timus
689 1133 1006 1191 Tomitanus
1044 1136 1354 1204 episcopus,
1387 1151 1537 1192 novae
1570 1138 1787 1207 pietatis
1808 1139 2055 1205 antistes,

486 1224 748 1293 praeclara
788 1239 912 1279 eum
961 1237 1134 1281 morte
1195 1226 1512 1283 defunctum
1586 1228 1755 1284 fuisse
1799 1230 2058 1291 adversus

484 1314 841 1385 Epiphanium
866 1317 1217 1371 asseveravit.

529 1407 693 1465 .V’lll.
753 1410 930 1479 Atque
990 1409 1135 1465 hunc
1189 1411 1405 1465 demum
1454 1411 1582 1465 vitae
1641 1412 1800 1466 ﬁnem
1856 1412 2050 1469 habuit

485 1498 747 1573 Origenes
768 1501 1146 1565 Adamantius,
1170 1502 1254 1556 vir
1282 1501 1335 1556 in
1361 1499 1600 1557 Ecclesia
1636 1501 1731 1558 Dei
1757 1502 1912 1574 longe
1940 1519 2057 1559 ma-

484 1592 701 1656 ximus;
737 1606 897 1660 quem
944 1600 1142 1660 praeter
1173 1593 1481 1663 prosapiam
1517 1594 1657 1648 avita
1700 1594 1752 1647 iu
1784 1595 2057 1651 Christum

485 1683 712 1753 pietate,
754 1693 811 1738 et
862 1682 1115 1739 Leonida:
1138 1685 1310 1755 patris
1366 1684 1629 1755 martyrio
1660 1685 1887 1751 claram,
1932 1700 2059 1755 pro-

484 1774 619 1844 prias
650 1775 879 1830 virtutes
900 1773 1254 1829 nobilitarunt
1276 1815 1291 1837 ,
1343 1774 1532 1844 ingens
1559 1776 1801 1847 martyrii
1830 1774 2058 1832 deside-

2162 594 2246 649 vel
2282 609 2309 647 a
2344 603 2533 649 natura
2570 592 2815 657 collatas,
2846 590 2933 646 vel
2964 600 3311 662 comparatas
3335 590 3403 645 ab
3430 600 3551 645 arte
3578 590 3732 646 dotes

2160 685 2522 739 obscurabant
2576 698 2819 753 praeceps
2861 683 3082 753 quidam
3132 682 3298 738 animi
3354 682 3524 750 calor,
3554 697 3731 753 neque

2160 779 2295 834 satis
2327 778 2673 832 considerata
2700 790 2989 831 sacrarum
3026 776 3331 830 litterarum
3376 776 3651 840 tractatio,
3676 785 3734 830 et

2159 885 2329 941 prope
2387 870 2738 923 temerarium
2770 867 3174 924 reconditorum
3221 882 3285 923 ac
3330 883 3492 938 supra
3533 866 3733 922 mentis

2165 962 2413 1016 humanae
2447 970 2665 1031 captum
2699 962 3005 1031 positorum
3046 960 3139 1015 Dei
3171 961 3549 1032 mysteriorum
3583 958 3733 1015 evol-

2161 1053 2319 1108 vendi
2356 1053 2616 1116 studium,
2660 1054 2861 1123 quibus
2884 1051 3036 1107 vitiis
3075 1062 3244 1121 parta:
3291 1052 3585 1108 virtutibus
3614 1052 3732 1108 suis

2155 1143 2268 1214 jam
2300 1155 2431 1199 ante
2473 1143 2695 1201 invidia:
2724 1158 2941 1197 causam
2983 1144 3036 1195 in
3086 1157 3145 1197 se
3195 1144 3509 1213 erumpendi
3561 1146 3727 1200 dedit.

2164 1236 2382 1291 Exarsit
2422 1236 2474 1289 iu
2505 1251 2628 1291 eum
2655 1246 2767 1291 tota
2793 1250 2930 1305 pene
2953 1236 3230 1292 Ecclesia:
3263 1234 3548 1291 calumniis
3569 1252 3732 1291 vexa-

2166 1338 2272 1395 tus,
2329 1328 2631 1385 maledictis
2672 1328 2939 1393 conﬁxus,
2987 1328 3292 1397 proscissus
3335 1328 3571 1398 scriptis,
3608 1342 3733 1398 per-a

2159 1435 2355 1475 cussus
2398 1419 2779 1485 anathematis,
2808 1422 2876 1474 ab
2905 1419 3146 1475 Ecclesia
3179 1430 3494 1490 segregatus
3528 1420 3732 1487 multo-

2161 1525 2279 1564 rum
2316 1512 2695 1581 episcoporum
2723 1508 3016 1579 suffragiis,
3034 1509 3205 1578 patria
3234 1508 3465 1579 denique
3500 1509 3612 1578 ipsa
3639 1508 3732 1564 de-

2151 1600 2335 1669 jectus
2365 1612 2473 1664 est,
2508 1602 2668 1654 homo
2723 1600 2868 1655 mitis
2918 1609 2973 1658 et
3020 1598 3233 1668 injurias
3262 1610 3623 1669 opportunus,
3668 1607 3728 1655 ut

2159 1707 2265 1746 non
2293 1690 2453 1746 facile
2477 1690 2783 1747 existimari
2814 1690 2988 1761 possit
3019 1689 3277 1761 majorine
3328 1690 3604 1745 hominum
3630 1687 3731 1745 llo-

2161 1782 2330 1836 ruerit
2355 1778 2550 1851 gratia,
2577 1795 2647 1835 an
2670 1780 2794 1837 odio
2820 1779 3156 1851 ﬂagraverit.
3179 1778 3433 1850 Quisquis
3460 1789 3639 1835 tamen
3660 1793 3729 1836 ex

484 1866 652 1932 rium,
687 1874 1024 1921 contestatus
1052 1881 1207 1919 amor
1230 1865 1507 1936 pudicitia:
1558 1881 1625 1921 ac
1677 1866 2012 1937 paupertatis
2038 1907 2055 1933 ,
2088 1849 2130 1905 Β
2160 1849 2390 1927 veritate
2447 1887 2556 1927 rem
2594 1849 2951 1942 spectaverit,
3006 1870 3269 1927 fatebitur
3312 1849 3475 1926 dubio
3517 1870 3729 1941 procul,

482 1966 742 2028 perpetua
770 1957 1105 2028 voluptatum
1136 1957 1491 2029 contemptio,
1516 1957 1725 2028 prolixa
1758 1957 1878 2013 ﬁdei
1902 1959 2057 2015 Chri-

481 2049 674 2104 stianae
704 2049 1067 2120 propagandae
1095 2049 1372 2115 voluntas,
1398 2049 1792 2107 servandarum
1818 2050 1887 2105 ab
1902 2061 2057 2107 mter-

481 2155 555 2195 no
583 2141 802 2196 interitu
824 2142 1127 2195 animarum
1160 2140 1453 2197 vehemens
1475 2140 1762 2210 cupiditas,
1799 2140 2055 2205 inusitata

482 2235 537 2288 in
568 2233 847 2289 laboribus
886 2234 1219 2300 constantia,
1253 2232 1547 2303 singularis
1580 2233 1633 2287 in
1658 2232 1913 2302 periculis
1942 2233 2053 2291 for-

483 2328 681 2392 titudo,
729 2325 961 2397 insignis
1018 2325 1311 2380 adversum
1367 2340 1556 2381 omnes
1606 2327 1967 2382 mansuetudo
2002 2335 2058 2383 et

480 2418 874 2485 obsequentia,
913 2415 1407 2471 commemorabilis
1440 2417 1493 2470 in
1528 2431 1727 2487 magno
1760 2416 2055 2486 splendore

483 2508 772 2575 modestia,
801 2518 855 2565 et
886 2524 1007 2564 rara
1030 2523 1241 2564 morum
1268 2508 1574 2564 sanctitudo
1605 2526 1619 2561 :
1644 2517 1952 2577 portentosa
1989 2509 2056 2563 ad

478 2602 601 2659 haec
632 2600 833 2672 ingenii
864 2601 967 2664 vis,
992 2600 1251 2659 memoria
1283 2609 1624 2669 exprompta,
1655 2614 1816 2669 quam
1840 2608 1897 2654 et
1917 2599 2039 2655 ber-

477 2693 560 2763 bas
586 2694 859 2761 cujusdam
891 2708 922 2748 a
948 2708 1007 2750 se
1036 2701 1263 2762 reperta:
1291 2706 1389 2746 usu
1422 2692 1639 2747 auxisse
1669 2689 1862 2759 fertur,
1892 2691 2053 2745 mini-

480 2800 569 2842 me
596 2785 724 2841 licet
767 2786 1102 2851 assentiente
1155 2784 1491 2855 Epiphanio;
1528 2783 1728 2840 subtile
1764 2784 2053 2856 judicium,

477 2875 652 2933 mirus
690 2878 742 2932 in
792 2877 1023 2934 dicendo
1065 2877 1237 2947 lepos,
1286 2876 1462 2932 oratio
1506 2879 1574 2933 ad
1621 2876 2054 2948 persuadendum

477 2966 854 3035 efﬁcagacris
878 2984 1023 3041 saepe
1042 2971 1432 3038 etvebemens,
1469 2986 1569 3026 nec
1610 2982 1718 3026 tam
1761 2971 2056 3027 virtutibus

480 3062 743 3121 Oroandis
796 3061 963 3128 facta,
1016 3078 1180 3135 quam
1227 3066 1519 3134 carpendis
1565 3046 1733 3130 vitiis,
1786 3063 2055 3119 mirabilis

480 3154 839 3211 humanarum
894 3156 1311 3229 divinarumque
1341 3172 1520 3215 rerum
1542 3157 1792 3225 scientia,
1811 3165 1867 3211 ut
1896 3170 2055 3211 nemo

482 3255 633 3315 esset
661 3248 962 3316 primarum
988 3250 1189 3303 artium
1224 3249 1397 3319 magis
1435 3248 1707 3319 princeps.
1747 3247 1861 3304 Nec
1908 3247 2052 3302 fama

480 3343 691 3409 meritis
728 3344 991 3412 inferior;
1023 3360 1237 3410 summa
1262 3345 1402 3417 apud
1445 3358 1702 3414 proceres
1730 3342 1929 3411 gratia.
1950 3355 2051 3411 Par

479 3482 623 3538 enim
652 3482 737 3537 vel
768 3500 831 3539 ex
858 3484 976 3554 ipso
1008 3492 1241 3550 constet,
1280 3482 1623 3554 Pamphilum
1680 3491 1733 3538 et
1759 3480 2048 3537 Eusebium

479 3554 755 3608 communi
806 3552 1033 3621 carcere
1076 3554 1317 3609 inclusos
1362 3552 1621 3621 Drigenis
1654 3554 1822 3606 vitam
1876 3561 1932 3606 et
1967 3565 2054 3607 res

479 3632 661 3693 gestas
683 3624 934 3696 attigisse
958 3626 1011 3679 in
1044 3639 1105 3696 ea
1142 3624 1419 3696 Apologia,
1448 3637 1615 3696 quam
1659 3636 1854 3696 pro_e_o
1891 3621 2055 3696 simul

480 3690 943 3761 censeripsei‘unt,
984 3694 1076 3764 qui
1113 3690 1229 3764 ﬁeri
1259 3690 1552 3762 possit,'ut
1583 3690 1899 3764 Pamphilus
1930 3690 2053 3764 Ori-

481 3776 672 3885 gene-tn
702 3764 753 3816 in
785 3761 1163 3846 persecutione
1184 3763 1330 3843 Decii
1365 3764 1528 3815 vitam
1564 3761 1762 3843 celebri
1791 3762 2054 3842 martyrio

500 3848 723 3885 tntwsse
752 3833 970 3885 dixerit.
1003 3850 1123 3885 cum
1151 3834 1354 3885 scribat
1380 3831 1644 3885 Eusebius
1670 3830 1814 3885 Hist.
1851 3830 1945 3885 lib.
1978 3846 2052 3885 vr.

500 3832 723 3887 inivisse
752 3830 970 3897 dixerit,
1003 3850 1123 3887 cum
1151 3834 1354 3901 scribat
1380 3831 1644 3886 Eusebius
1670 3830 1814 3886 Hist.
1851 3830 1949 3885 lib.
1978 3846 2052 3898 vr,

481 3916 604 3970 cap.
639 3903 727 3968 59,
759 3918 880 3957 eum
909 3914 964 3959 et
994 3904 1175 3969 Decio,
1209 3914 1262 3955 et
1292 3902 1577 3955 tormentis
1603 3901 1773 3957 fuisse
1795 3902 2055 3970 supersti-

482 3981 591 4028 tem
614 3972 809 4050 ;_cuj_us
847 3977 923 4027 rei
982 3984 1147 4050 testes
1198 3973 1460 4050 ipsasmet
1489 3972 1737 4050 Drigenis
1767 3970 2051 4050 _epistolas

481 4051 604 4113 post
630 4042 847 4097 Decium
898 4044 1130 4113 scriptas
1187 4040 1461 4113 appellat?
1488 4040 1673 4111 Itaque
1699 4040 1783 4113 vel
1813 4040 2050 4113 nondum

481 4112 605 4165 illas
652 4113 910 4179 epistolas
967 4109 1177 4167 viderat
1225 4109 1515 4182 Eusebius,
1573 4109 1789 4182 quando
1853 4111 1904 4166 in
1948 4109 2053 4182 hac

483 4181 737 4251 Apologia
763 4199 866 4238 una
892 4198 1014 4237 cum
1042 4182 1324 4252 Pamphilo
1353 4180 1629 4236 scribebat
1665 4181 1951 4252 Origenem
1977 4181 2047 4252 _in

522 4250 860 4309 ersecutione
904 4252 1054 4308 Decii
1097 4250 1205 4307 vita
1258 4252 1592 4315 decessisse;
1635 4251 1717 4305 vel
1749 4250 2050 4305 inconsulto

505 4321 717 4376 iusehio
752 4324 901 4378 solus
926 4324 1043 4378 haec
1078 4323 1297 4392 scripsit
1325 4320 1664 4392 Pamphilus,
1695 4329 1881 4392 utpote
1907 4335 2046 4388 pra:—

483 4392 674 4461 t-ipuus
703 4394 883 4460 operis
908 4403 1123 4458 auctor;
1159 4390 1244 4448 vel
1271 4390 1495 4447 Photius
1516 4390 1775 4447 fortassis
1789 4390 2047 4461 deceptus

480 4460 565 4543 θβξι
595 4460 844 4543 Ματρίῆὶ
873 4463 1037 4543 verbo
1058 4506 1074 4531 ,
1121 4465 1263 4543 quod
1297 4463 1365 4517 de
1398 4461 1650 4543 omnibus
1678 4475 1776 4529 pro
1804 4460 1925 4514 ﬁdei
1958 4474 2049 4541 ve-
2080 4488 2124 4543 υ

482 4533 645 4585 ritate
700 4529 943 4588 toleratis
987 4529 1321 4589 cruciatibus
1350 4541 1498 4585 recte
1524 4532 1758 4593 dicitur,
1797 4529 2047 4593 quamvis

480 4600 598 4668 ipsa
629 4602 733 4656 non
762 4613 1023 4672 sequatur
1062 4618 1209 4658 mors
1259 4602 1348 4670 (eo
1364 4603 1519 4672 enim
1545 4615 1707 4656 sensu
1736 4601 1791 4655 in
1814 4599 2045 4654 Deciana

480 4682 664 4745 strage
703 4669 1018 4745 tiiartyrium
1069 4669 1638 4745 s_ubiiss’e_0rigenem
1688 4678 1837 4745 recte
1875 4678 2051 4745 potest

478 4740 647 4812 dici)’:
696 4742 777 4796 vel
806 4740 1063 4798 memoria
1094 4743 1275 4812 lapsus
1308 4741 1591 4810 Pamphilo
1642 4742 1806 4795 etiam
1830 4740 2048 4812 tribuit,

480 4809 623 4877 quod
660 4812 728 4865 ab
758 4813 881 4868 aliis
933 4809 1163 4867 tantum'
1187 4827 1325 4881 quos
1374 4809 1786 4881 commemorat,
1822 4809 2052 4881 fortasse

481 4882 684 4961 dictum
708 4894 799 4961 est
830 4901 845 4937 :
878 4884 961 4961 vel
1024 4878 1256 4961 denique
1324 4879 1455 4936 illud
1515 4881 1777 4961 duntaxat
1826 4878 2052 4961 intelligi

478 4951 651 5005 voluit
685 4952 1043 5024 Pamphilus,
1101 4948 1388 5024 Origenem
1464 4948 1796 5024 cruciatibus
1839 4964 1901 5003 ac
1951 4948 2052 5002 mi-

478 5023 641 5097 seriis
682 5023 966 5097 innllecii_
999 5022 1221 5097 laniena
1261 5022 1476 5097 elisum,
1510 5037 1616 5076 non
1661 5023 1820 5097 longe
1867 5032 2051 5089 postea

478 5092 703 5145 vixisse.
743 5092 896 5157 Quod
926 5093 1148 5148 Eusebii
1198 5093 1379 5147 verbis
1443 5105 1549 5146 non
1614 5092 1898 5161 repugnat.

424 5180 427 5187 '
548 5162 661 5245 (till
688 5162 1022 5245 Wet-lib:
1057 5178 1280 5245 νιιεαρ-
1307 5161 1420 5245 iis!

551 5232 664 5301 (46)
688 5232 751 5286 Ut
768 5233 965 5301 aliquid
991 5237 1057 5288 de
1071 5230 1325 5287 exteriori
1344 5232 1592 5302 Origenis
1610 5231 1794 5302 habitu
1810 5230 2053 5285 dicamus

480 5315 709 5371 corpore
738 5300 953 5357 brevem
974 5318 1097 5359 eum
1130 5300 1562 5357 fuissedisciinus
1588 5316 1653 5355 ex
1678 5300 1934 5364 Eusebio,
1959 5302 2051 5371 qui

484 5370 631 5426 Hist.
666 5372 759 5426 lib.
796 5390 871 5438 vr,
897 5390 1018 5442 cap.
1086 5374 1174 5439 59,
1222 5376 1445 5442 loquens
1511 5376 1578 5427 de
1632 5386 1800 5425 nervo
1841 5373 1897 5442 in
1951 5388 2057 5437 quo

481 5443 648 5513 pedes
728 5443 846 5512 ejus
925 5440 1024 5498 sub
1072 5443 1213 5498 Decii
1294 5440 1670 5513 persecutione
1755 5440 2048 5495 multorum

483 5511 693 5565 dierum
730 5511 906 5581 spatio
942 5515 1160 5567 distenti
1217 5511 1449 5579 fuerant,
1507 5514 1573 5566 ad
1608 5522 1838 5581 quatuor
1885 5525 2053 5578 usque

482 5582 809 5636 foraminum
840 5585 1124 5638 interstitia
1156 5594 1435 5637 extensum
1464 5599 1586 5637 eum
1635 5584 1799 5636 fuisse
1839 5582 2049 5636 scribit.

483 5652 752 5724 Plurimos
782 5654 924 5707 enim
944 5664 1209 5724 martyres
1241 5656 1305 5705 ad
1333 5656 1591 5724 quintum?
1610 5666 1781 5720 usque
1801 5650 2050 5724 foramen

483 5723 751 5776 distentos
779 5725 943 5779 fuisse
960 5720 1117 5778 docet
1146 5720 1404 5777 Historiis.
1430 5723 1629 5777 Deinde
1648 5724 1762 5790 ipse
1789 5720 2053 5789 Origenes

483 5793 537 5845 in
593 5793 818 5860 epistola
874 5796 939 5847 ad
990 5796 1300 5862 quemdam,
1325 5804 1520 5846 nostra:
1564 5792 1816 5845 editionis
1852 5794 2048 5860 prima,

484 5862 567 5934 qui
601 5863 876 5930 Ambrosii
898 5865 1147 5918 ardorem
1166 5877 1290 5934 erga
1315 5877 1497 5918 sacras
1514 5862 1741 5919 Litteras
1770 5861 2045 5925 describit,

2159 1963 2320 2033 longe
2354 1962 2600 2033 pluribus
2625 1977 2749 2017 eum
2776 1961 3069 2017 virtutibus
3086 1960 3347 2016 enituisse
3372 1974 3535 2030 quam
3562 1961 3728 2027 vitiis,

2159 2067 2279 2123 quae
2304 2061 2559 2126 tanquam
2592 2052 2728 2106 nasvi
2763 2051 2931 2121 aliqui
2967 2050 3167 2105 eximio
3197 2049 3530 2120 corpori,sic
3549 2051 3731 2103 animo

2157 2143 2443 2200 excellenti
2476 2144 2822 2203 adhaeserunt
2852 2141 2987 2213 (ιϐ).

2226 2235 2320 2303 1X.
2363 2236 2474 2307 (47)
2519 2235 2807 2306 Sepultura
2857 2233 3081 2290 affectus
3113 2242 3198 2289 est
3239 2232 3399 2306 Tyri;
3435 2232 3547 2306 (48)
3581 2232 3729 2301 cujus

2155 2328 2388 2399 sepulcri
2417 2328 2641 2399 vestigia
2672 2328 2936 2397 hodieque
2975 2340 3260 2397 superesse
3285 2327 3593 2395 praedicant,
3637 2326 3728 2395 qui

2157 2420 2275 2476 haec
2311 2422 2429 2476 loca
2460 2420 2782 2475 lustrarunt.
2813 2418 2890 2475 De
2917 2420 3091 2474 salute
3129 2417 3376 2487 Origenis
3408 2417 3729 2488 diaputatio-

2158 2528 2282 2570 nem
2312 2528 2342 2567 a
2389 2512 2573 2567 multis
2599 2520 2799 2567 motam
2828 2510 3002 2566 fuisse
3044 2510 3193 2578 scio;
3215 2524 3442 2579 quorum
3478 2510 3566 2564 alii
3592 2508 3729 2564 caelo

2157 2621 2257 2676 pro
2288 2605 2501 2660 meritis
2530 2605 2788 2659 donatum
2810 2603 3063 2669 credunt,
3084 2602 3175 2657 alii
3194 2612 3400 2667 contra,
3426 2602 3568 2656 inter
3595 2615 3729 2672 quos

2156 2697 2420 2768 Georgius
2471 2695 2777 2767 Syncellus,
2813 2705 3071 2750 aeternam
3120 2694 3315 2747 anima:
3342 2691 3613 2762 jacturam
3648 2690 3730 2747 fe-

2158 2790 2301 2845 cisse
2335 2786 2621 2843 alIirmant.
2658 2788 2809 2844 Vana
2848 2795 2905 2843 et
2953 2785 3130 2840 inanis
3173 2784 3421 2855 quaestio,
3447 2798 3609 2853 quam
3633 2797 3733 2840 nos

2157 2881 2225 2936 ad
2248 2878 2553 2936 necessaria
2574 2887 2932 2949 properantes
2953 2876 3020 2932 iis
3044 2875 3445 2944 disceptandam
3478 2874 3733 2944 relinqui-

2159 2985 2299 3036 mus,
2322 2970 2414 3039 qui
2454 2977 2667 3024 tantum
2696 2967 2915 3038 ingenio
2944 2980 3043 3021 suo
3073 2965 3237 3020 licere
3264 2963 3467 3018 volunt.
3497 2980 3515 3013 ι
3545 2962 3731 3020 .Gran-

2157 3064 2245 3120 dis
2278 3062 2643 3134 labyrinthus,
2679 3080 2697 3113 ι
2747 3060 2923 3131 inquit
2954 3058 3184 3114 barbare
3227 3055 3521 3112 Wernerus
3552 3055 3734 3111 West-

2157 3157 2351 3228 phalus
2366 3155 2503 3227 (49),
2523 3156 2617 3210 sed
2636 3167 2782 3220 vere,
2804 3172 2822 3207 ι
2842 3168 2871 3209 a
2888 3150 3122 3208 diversis
3145 3151 3347 3206 texitur
3366 3151 3431 3205 de
3447 3149 3731 3216 Samsone,

2161 3248 2469 3315 Salomone,
2498 3246 2733 3318 Trajano
2764 3257 2818 3301 et
2859 3248 2963 3303 isto
2984 3242 3237 3315 Origene,
3262 3258 3330 3297 an
3356 3242 3604 3298 videlicet
3626 3241 3733 3296 sal-

2158 3342 2262 3395 vati
2288 3341 2423 3406 sint,
2439 3354 2505 3395 an
2526 3354 2632 3397 non
2660 3353 2675 3392 :
2698 3352 2818 3408 quas
2838 3337 2964 3409 quia
2989 3337 3107 3392 sine
3134 3333 3378 3404 periculo
3393 3332 3729 3396 nesciuntur,

2158 3478 2235 3532 ait
2278 3496 2295 3529 ι
2321 3491 2494 3545 neque
2525 3490 2555 3528 a
2581 3489 2734 3545 creua
2778 3471 3086 3545 ambulare,
3118 3479 3211 3545 aut
3232 3468 3615 3545 corpusculum
3647 3466 3733 3534 (τὸ

2159 3540 2454 3672 σςίιὶμῆτιᾳῦ,
2508 3543 2956 3614 quemadmodum
2988 3542 3115 3612 legit
3152 3540 3373 3609 Suidas)
3415 3540 3660 3595 relaxare
3702 3555 3724 3592 ι

2159 3635 2202 3672 si
2248 3634 2259 3670 l
2296 3632 2433 3672 (ari.

2157 3632 2259 3674 SIDI
2296 3632 2433 3672 (III‘I.

2230 3687 2344 3758 (47)
2393 3685 2543 3744 Hier.
2576 3683 2698 3753 Cat.
2745 3683 2847 3751 vir.
2894 3681 3091 3743 illustr.
3123 3694 3242 3751 cap.
3293 3680 3384 3747 54;
3416 3675 3573 3733 Pltot.
3605 3674 3731 3733 cod.

2230 3824 2541 3896 (478)7(Iujus
2566 3823 2793 3896 sepulcri
2827 3820 3347 3896 uestigia‘hodiqute,
3379 3827 3483 3874 etc.
3515 3816 3570 3870 Id
3592 3814 3731 3896 scri-

2157 3888 2545 3967 bit'l'iallox’ius
2598 3888 2793 3947 Notar.
2849 3893 2904 3967 in
2959 3888 3202 3967 Urjgeuis
3257 3889 3429 3967 [itaut
3468 3901 3592 3967 pag.
3632 3888 3730 3967 7H,

2156 3968 2248 4033 42,
2283 3975 2338 4021 et
2366 3964 2525 4033 hujus
2559 3974 2724 4018 testes
2761 3960 2971 4033 profert
3011 3953 3225 4033 Gitillel.
3262 3953 3485 4033 Tyrium
3520 3953 3729 4033 Hister.

2156 4027 2325 4091 saera:
2348 4027 2584 4105 libi‘xnt,
2612 4048 2735 4105 pag.
2762 4027 2827 4099 '3,
2852 4032 2922 4105 ᾖ
2943 4028 3203 4105 Jacobum
3228 4044 3255 4083 a
3282 4027 3732 4105 jitriacopardi-

2157 4108 2333 4161 nalem
2365 4106 2418 4159 in
2449 4097 2820 4157 Historia'sua
2844 4097 3231 4169 Hierosolym.;
3254 4097 3648 4169 iDurcliardum
3676 4097 3728 4149 in

2157 4174 2520 4244 Descriptione
2546 4173 2963 4244 Terrmsanctg,
3003 4166 3126 4238 cap.
3161 4169 3219 4244 2,
3245 4168 3274 4241 ᾗ
3296 4168 3361 4232 5;
3395 4166 3728 4243 Bernarduui

2157 4248 2222 4301 de
2248 4240 2617 4314 Bredeinbach
2646 4241 2861 4314 in_|ibro
2890 4240 3283 4314 Transmarina:
3301 4252 3413 4291 suae
3431 4240 3733 4314 peregrina-

2156 4318 2353 4379 tionis;
2383 4313 2645 4369 Joannem
2699 4310 3042 4375 Zuallardutn
3081 4311 3131 4361 in
3186 4322 3349 4379 opere
3377 4304 3483 4379 tatu
3528 4304 3730 4379 Gallice

2196 4374 2344 4439 uatn’
2368 4384 2551 4437 ltaﬁce
2588 4374 2815 4450 scripto,
2845 4381 2932 4434 cui
2955 4378 3182 4450 titulum
3217 4374 3364 4450 fecit,
3402 4374 3630 4450 V_oyage_
3664 4376 3729 4427 de

2190 4455 2470 4515 érusalem,
2501 4453 2593 4507 lib.
2624 4467 2677 4516 v,
2699 4444 2817 4519 cap.
2838 4450 2902 4515 4;
2928 4449 3300 4519 Christianum
3320 4444 3729 4519 Adrichomiunt

2155 4527 2206 4580 in
2257 4542 2357 4581 suo
2410 4522 2635 4575 Theatra
2666 4515 2870 4575 Terra:
2924 4529 3139 4581 sanctis,
3204 4518 3270 4571 ad
3324 4517 3525 4569 tributn
3567 4515 3726 4577 Aser,

2151 4611 2305 4649 num.
2338 4594 2429 4653 84.
2463 4594 2515 4645 in
2554 4593 2693 4653 line;
2718 4590 2981 4647 Joannem
3012 4586 3327 4642 Cotovicutn
3369 4583 3503 4639 Itin.
3532 4581 3729 4637 Hiero-2

2150 4665 2249 4737 s_ol.
2283 4676 2329 4718 et
2363 4662 2692 4737 Syriac:_lib.
2723 4676 2763 4725 t,
2785 4674 2904 4737 cap.
3079 4657 3261 4737 tul?!
3296 4656 3728 4737 eti-‘Franciscum

2152 4724 2527 4801 Quaresunutn
2546 4724 2870 4801 Miuoritam:
2883 4731 2934 4782 in
2956 4724 3518 4801 ElucidationeTerra;
3537 4739 3726 4789 sacris,

2153 4793 2252 4860 lib.
2280 4821 2378 4869 vn,
2402 4820 2523 4871 cap.
2543 4801 2631 4856 10.
2664 4801 2761 4855 His
2788 4798 3114 4868 adjungeudi
3146 4808 3272 4851 sunt
3299 4793 3729 4849 Bartholormeus

2153 4876 2219 4930 de
2268 4875 2573 4933 Saliguiaco
2618 4874 2670 4924 in
2720 4869 3008 4923 Itinerario
3062 4866 3413 4933 Hierosolym.
3465 4874 3595 4918 tom.
3634 4862 3725 4927 IX,

2152 4876 2219 4930 de
2268 4867 2573 4944 Saliguiaco
2618 4874 2670 4924 in
2720 4867 3008 4937 [litterario
3062 4867 3413 4933 llicrosolym.
3465 4867 3725 4943 tom-IX,

2154 4961 2273 5016 cap.
2313 4941 2822 5016 10_;Dou_ba_lau_tts,
2884 4938 3086 5016 Yquge
3131 4936 3295 5016 de__la
3336 4933 3725 5016 Terre-Satine,

2155 5002 2317 5096 chrap'.
2349 5002 2438 5096 57",
2472 5029 2526 5096 ρ.
2556 5011 2682 5096 tibi;
2715 5002 3181 5096 Eugeniuslioger
3202 5002 3729 5096 lliecollfctus,l‘{)er:

2089 5093 2100 5105 '
2154 5075 2375 5154 cripiion
2397 5075 2542 5154 de'la_
2571 5075 2939 5154 Terre-Sirius
2969 5077 3060 5132 liv.
3090 5075 3326 5154 incbap.
3385 5076 3442 5154 β,
3475 5088 3527 5154 p_.
3554 5075 3642 5154 ﬁt).
3665 5086 3726 5154 et

2155 5145 2298 5233 enim
2333 5170 2466 5233 θρειε
2505 5151 3039 5233 δεξιιίεθῐπεεενέριιξιῐι
3077 5145 3722 5233 ε.ιε.ἐέὲιςτέἰιξέῑὲιξξ9ιεο

2157 5222 2248 5280 liv.
2275 5241 2349 5289 Iv,
2370 5216 2535 5293 'chap.
2564 5225 2614 5284 ι,
2647 5237 2701 5290 p.
2719 5221 2844 5275 M2.
2864 5216 2941 5271 Ex
2974 5217 3356 5294 hisplerisque
3368 5216 3725 5294 scriptoribus

2155 5284 2455 5356 intelligere
2482 5284 2722 5356 'ticet,'in
2771 5305 2927 5344 muro
2963 5284 3292 5343 catliedralis
3315 5284 3444 5355 Tyri
3480 5286 3726 5341 ecclesiis

2154 5365 2311 5421 titulo
2329 5356 2520 5418 Sancti
2550 5361 2819 5430 Sepulcri,
2840 5362 2992 5430 juxta
3029 5359 3201 5427 majus
3232 5356 3425 5430 altare,
3457 5356 3724 5430 sepultum

2156 5436 2325 5489 fuisse
2375 5424 2684 5503 Origeueiii,
2739 5424 2896 5506 cujus
2952 5424 3147 5484 nomen
3181 5438 3237 5481 ct
3281 5424 3615 5506 epitaphium
3666 5429 3725 5483 in

2156 5506 2404 5559 columna
2428 5516 2727 5557 marmorea
2752 5503 3000 5563 incisum,
3034 5510 3089 5553 et
3109 5512 3240 5552 auro
3266 5503 3599 5565 gemmisque
3629 5517 3725 5557 or-

2157 5585 2340 5630 natum
2370 5576 2572 5646 ibidem
2606 5573 2901 5646 etiamnum
2928 5570 3206 5646 legebatur
3224 5566 3559 5646 annoutieﬁ.
3619 5572 3724 5646 Sed

2157 5646 2318 5700 hodie
2359 5643 2603 5697 funditus
2655 5642 2827 5697 deleta
2861 5650 2944 5695 est
2984 5636 3188 5708 Tyrus;
3222 5645 3278 5691 et
3328 5636 3720 5708 Villamontius,

2159 5713 2374 5769 Itineris
2430 5714 2522 5768 lib.
2559 5727 2643 5777 tu,
2674 5726 2731 5780 p.
2760 5711 2886 5775 140,
2947 5710 3233 5779 Origeuem
3291 5708 3419 5778 Tyri
3456 5712 3721 5781 sepultum

2157 5800 2279 5841 esse
2309 5787 2406 5846 ait,
2438 5783 3008 5852 nonejusrsepulcrum
3036 5790 3336 5848 superesse.

2228 5856 2336 5933 (49)
2360 5854 2546 5925 Wern.
2578 5851 2631 5911 in
2653 5851 2813 5921 Fato.
2838 5862 3002 5923 temp,
