4162 6394
435 370 539 427 699

1707 373 1764 428 Ρ.
1808 374 2123 430 DANIELIS
2159 373 2394 432 llUETll

3587 383 3686 446 700

1575 527 1954 619 CAPUT
2026 531 2543 622 PRIMUM.

1745 705 2045 784 Origenis
2077 707 2378 769 eruditio.

433 852 474 906 1.
506 849 1230 930 _Scriptum_.'_fulgentissimus
1256 852 1356 920 fuit
1381 853 1671 930 Origenes;
1699 853 1762 908 ll.
1793 855 1882 907 sed
1914 853 2188 930 Ilebraica’
2214 855 2408 930 lingua:
2433 857 2956 930 pqrum_const¢lt_tts,_
2970 858 3320 914 Samaritana:
3345 877 3461 915 vero
3479 863 3678 930 penitus

501 923 738 997 ignarus.
770 919 1182 997 lll_._Sgriptur_¢e_
1214 919 1521 997 interpretes
1547 927 1925 997 scriptoresqtte
1947 919 2328 997 ecclesiastico}
2354 919 2585 980 studiose
2626 928 2770 997 legit.
2803 927 2890 982 IV.
2919 927 3098 984 Sacra:
3119 932 3372 986 doctrina
3401 919 3562 986 causa
3586 949 3676 984 ex-

501 991 662 1044 coluit
684 990 781 1054 τὰς
815 991 1037 1055 ἔξωθεν,
1072 992 1456 1060 philosophiam
1478 995 1811 1062 prwsertim,’
1841 990 1900 1047 V.
1931 995 2021 1047 sed
2041 1005 2088 1046 et
2115 996 2342 1064 reliquas
2369 990 2697 1066 disciplinas:

499 1253 540 1308 1.
571 1253 810 1308 Primum
836 1256 963 1309 illud
985 1271 1048 1310 ac
1081 1256 1410 1334 praecipuum
1449 1255 1820 1326 fuitOrigenis
1853 1275 1882 1312 a
1924 1269 2003 1313 te-
2033 1265 2078 1320 Α
2110 1259 2296 1314 frivola
2345 1259 2429 1314 illa
2477 1259 2778 1325 distinctio,
2835 1260 3060 1333 οὐρανόν
3107 1261 3248 1314 inter
3288 1273 3343 1314 et
3396 1263 3676 1334 οὐρανούς,

428 1343 574 1396 neris
611 1343 854 1410 pueritize
886 1348 1041 1398 annis
1065 1343 1130 1397 ad
1171 1328 1375 1397 obitum
1410 1361 1577 1414 usque
1616 1347 1877 1409 studium,
1935 1349 2002 1402 ad

429 1436 743 1489 interiorem
779 1452 841 1489 ac
868 1437 1203 1490 reconditam
1235 1451 1512 1491 sacrarum
1553 1438 1854 1492 litterarum
1905 1456 1999 1510 pe-

427 1526 605 1579 ritiam
638 1537 941 1595 penetrare.
978 1527 1031 1580 In
1063 1543 1170 1595 quo
1204 1528 1419 1596 quidem
1443 1529 1514 1582 ita
1547 1544 1608 1584 se
1644 1532 1918 1598 tractavit,
1951 1542 2007 1585 ut

427 1617 750 1672 admirabile
801 1630 964 1686 esset,

426 1715 482 1767 in
527 1729 588 1768 ea
620 1716 1010 1770 exercitatione
1066 1727 1388 1768 consecutus
1441 1716 1544 1779 sit;
1600 1717 1714 1771 sive
1768 1717 2002 1772 litteram

425 1806 634 1874 ipsam,
701 1807 1158 1876 quemadmodum
1232 1817 1456 1870 vocant,
1531 1818 1774 1877 spectes,
1843 1825 2003 1879 quam

424 1905 593 1952 totam
628 1900 901 1953 memoria
957 1900 1030 1952 ita
1064 1899 1563 1962 commendaverat,
1615 1909 1672 1952 ut
1703 1899 1850 1956 locos
1889 1917 2006 1956 om-

423 2003 521 2044 nes
574 2004 639 2042 ex
705 1998 964 2058 tempore,
1014 1991 1178 2044 etiam
1228 1989 1381 2043 libris
1441 1989 1786 2055 inconsultis,
1839 2006 2002 2061 appo-

421 2081 524 2135 site
582 2079 867 2145 recitaret;
925 2081 1040 2135 sive
1099 2080 1320 2135 intimos
1381 2096 1444 2134 ac
1496 2081 1726 2135 latentes
1781 2096 2002 2146 sensus,

421 2186 556 2240 quos
611 2181 757 2226 tanta
820 2173 1120 2240 sagacitate
1165 2173 1326 2238 eruit,
1376 2174 1450 2235 ὡς
1509 2173 1567 2238 ἐξ
1634 2167 1871 2239 ἐκείνου,
1921 2177 2008 2229 in-

421 2265 538 2332 quit
581 2264 797 2327 Suidas,
859 2264 1064 2326 πάντας
1121 2265 1246 2326 τοὺς
1303 2264 1595 2333 μετέπειτα
1657 2265 1758 2335 τῆς
1809 2265 2004 2335 ἐκκλη-

423 2354 543 2416 σίας
563 2353 910 2418 διδασκάλους
937 2355 1030 2408 καὶ
1069 2355 1321 2426 ἀφορμὰς
1341 2356 1638 2426 εἰληφέναι.
1672 2357 1726 2410 ld
1761 2358 1916 2412 facile
1935 2375 2003 2413 ex

420 2447 624 2500 nostris
673 2449 952 2517 apparebit
999 2449 1509 2513 Observationibus,
1553 2449 1604 2503 in
1636 2451 1836 2519 quibus
1884 2450 2000 2506 loca

419 2537 638 2592 Patrum
662 2540 984 2605 consimilia,
1004 2549 1057 2596 et
1079 2542 1146 2595 ab
1163 2540 1507 2611 Origenianis
1528 2542 1770 2612 profecta
1789 2559 1886 2612 per
1905 2561 2002 2596 πα.-

1046 1636 1146 1673 nec
1195 1621 1480 1688 quisquam
1542 1621 1738 1676 deinde
1798 1634 2030 1678 tantum

2110 1367 2267 1418 quam
2299 1351 2724 1405 comminiscitur
2754 1353 2821 1404 ad
2839 1351 3027 1405 Matth.
3053 1368 3206 1416 xvm,
3239 1351 3324 1415 18,
3352 1365 3406 1406 et
3435 1355 3676 1421 adquam

2108 1441 2380 1495 Christum
2402 1443 2699 1510 respexisse
2717 1444 2908 1509 tradit;
2934 1445 3082 1512 quasi
3109 1445 3247 1497 hanc
3274 1445 3675 1500 distinctionem

2110 1534 2244 1588 ferat
2276 1533 2497 1605 Syriaca
2530 1535 2810 1599 dialectos,
2843 1550 3002 1603 quam
3049 1535 3298 1590 Christus
3331 1536 3624 1605 usurpabat
3661 1554 3674 1589 ε

2105 1627 2410 1694 cujusmodi
2445 1636 2528 1680 est
2576 1626 2711 1679 falsa
2745 1625 2832 1678 illa
2863 1627 3096 1680 nominis
3122 1627 3256 1680 Aser
3282 1625 3676 1696 interpretatio,

2107 1733 2226 1784 quae
2269 1718 2497 1771 habetur
2539 1718 2608 1770 ad
2660 1717 2854 1774 Matth.
2899 1733 3054 1783 xvnt,
3092 1717 3180 1780 l9,
3219 1717 3506 1773 Comment.
3547 1729 3674 1772 tom.

2109 1821 2218 1868 xiv,
2256 1822 2310 1875 p.
2349 1807 2471 1871 6l6,
2506 1808 2658 1876 quasi
2693 1808 2972 1862 derivetur
3001 1824 3028 1861 a
3074 1816 3173 1867 Ὃν
3223 1826 3241 1860 ι
3283 1811 3500 1875 erudiit,
3545 1809 3678 1878 liga-

2107 1898 2204 1964 vit,
2245 1917 2264 1950 ι
2305 1913 2426 1952 cum
2464 1898 2556 1952 ﬁat
2587 1899 2653 1953 ab
2689 1910 2809 1956 non
2853 1918 2870 1949 ι
2917 1899 3121 1969 ligavit.
3167 1918 3186 1952 ι
3225 1898 3542 1969 Quanquam
3580 1917 3678 1953 au—

2111 1988 2370 2041 ctoritate
2419 1988 2621 2042 Senum
2672 1989 3032 2060 Septuaginta
3083 1990 3333 2045 excusari
3382 1991 3434 2044 id
3482 2001 3676 2059 poteSt,

2108 2081 2196 2149 qui
2223 2091 2342 2141 Ὃκ
2379 2081 2670 2150 aliquando
2700 2080 2773 2135 ita
2811 2081 3185 2147 reddiderunt,
3219 2082 3370 2151 quasi
3412 2083 3553 2136 idem
3591 2098 3678 2136 es-

2107 2183 2188 2228 set
2220 2189 2284 2228 ac
2319 2181 2442 2232 Ὃν.
2485 2173 2558 2227 Ut
2606 2173 2798 2242 psalm.
2829 2188 2912 2227 CIV
2938 2171 3132 2244 (Hebr.
3167 2175 3290 2241 ον),
3321 2172 3425 2237 22;
3452 2188 3547 2242 pro
3576 2172 3680 2226 lle-

2107 2271 2250 2320 brteo
2274 2274 2411 2326 νήτῃ
2445 2248 2620 2325 ἾὍΝΒ
2655 2264 2878 2331 habent,
2910 2264 3003 2317 τοῦ
3032 2264 3312 2317 παιδεῦσαι
3343 2266 3467 2327 τοὺς
3489 2264 3681 2336 ἄρχον-

2103 2374 2202 2420 τας
2239 2356 2402 2409 αὑτοῦ
2433 2372 2447 2420 ;
2485 2355 2735 2425 Vulgata,
2764 2373 2783 2406 ι
2816 2364 2875 2408 ιιι
2918 2355 3157 2408 erudiret
3188 2355 3458 2423 principes
3479 2355 3613 2420 ejus.
3653 2371 3673 2405 ι

2107 2450 2168 2502 Et
2217 2449 2341 2503 Ose.
2379 2464 2434 2512 x,
2482 2447 2566 2513 l0,
2617 2456 2845 2506 tat-inm.
2899 2445 3061 2508 LXX,
3116 2445 3400 2500 παιδεῦσαι
3447 2443 3674 2510 αὐτούςς

2106 2538 2357 2608 Vulgata,
2402 2558 2420 2590 ι
2468 2539 2760 2608 corripiam
2791 2553 2908 2601 eos,
2950 2556 2968 2588 ι
3010 2537 3310 2605 cujusmodi
3358 2545 3444 2590 est
3482 2537 3679 2604 depra-

421 2633 718 2704 ραπομπὰς
741 2632 1063 2690 indicamus.
1096 2635 1205 2690 Nec
1237 2637 1399 2690 ullum
1425 2653 1555 2692 vero
1582 2637 1648 2692 ad
1675 2638 1998 2706 exquisitam
2033 2657 2074 2709 Β
2105 2645 2226 2688 vata
2257 2633 2344 2687 illa
2396 2632 2557 2686 lectio
2593 2631 2693 2684 loci
2736 2629 3095 2699 luterpretum
3133 2627 3297 2692 LXX,
3344 2627 3388 2682 ll
3442 2627 3600 2684 Esdr.
3632 2641 3674 2692 l,

420 2723 722 2780 divinorum
764 2726 1098 2782 voluminum
1143 2731 1566 2798 comparandam
1599 2730 1844 2784 notitiam
1872 2730 2001 2784 sub-

419 2819 614 2872 sidimu
643 2818 879 2888 neglexit
915 2837 928 2871 :
961 2835 1081 2872 cum
1117 2820 1328 2890 vulgata
1365 2820 1564 2889 quippe
1596 2822 1737 2888 apud
1769 2820 2001 2874 Alexan-

417 2912 604 2964 drinos
664 2895 1014 2981 Septuaginta
1075 2912 1280 2968 Senum
1357 2913 1800 2979 interpretatione
1864 2914 2000 2968 alias

417 3001 628 3071 magnis
650 3017 678 3054 a
709 3018 769 3057 se
806 3005 1112 3072 sumptibus
1149 3006 1454 3074 redemptos
1495 3005 1741 3070 contulit,
1768 3005 1996 3074 Aquila),

416 3088 800 3147 Theodotionis
855 3102 910 3147 et
953 3093 1302 3165 Symmachi;
1343 3112 1406 3150 ac
1451 3095 1704 3162 Quintam
1766 3097 1916 3163 item,
1945 3106 2000 3150 et

417 3184 635 3239 Sextam
672 3186 724 3239 in
750 3186 925 3242 lucem
971 3203 1000 3242 a
1046 3203 1104 3243 se
1126 3189 1300 3256 primo
1327 3190 1533 3255 editas;
1571 3205 1772 3260 easque
1803 3191 1868 3245 ad
1902 3191 1999 3245 He-

416 3275 604 3330 braica
653 3279 1084 3332 accommodavit
1126 3280 1476 3347 exemplaria,
1529 3283 1669 3336 unde
1724 3281 1994 3352 Tetrapla,

415 3365 652 3434 llexapln
699 3376 752 3420 et
783 3367 1008 3436 Octapla
1038 3371 1384 3424 exstiterunt.

480 3458 546 3515 ll.
565 3459 716 3526 Quod
745 3459 787 3512 si
819 3459 938 3528 plus
962 3475 1086 3515 sese
1117 3461 1168 3513 in
1201 3459 1482 3516 Hebraicis
1508 3463 1860 3527 exercuisset,
1884 3477 1995 3516 ma-

409 3550 693 3620 ioremque
720 3551 916 3621 lingua:
955 3550 1109 3620 hujus
1135 3551 1325 3608 fuisset
1355 3555 1604 3624 peritiam
1643 3566 1994 3620 consecutus,

414 3642 546 3695 nihil
579 3643 627 3696 ci
677 3646 742 3696 ad
791 3642 1086 3712 perlectam
1128 3660 1295 3700 sacra:
1333 3646 1466 3714 legis
1509 3648 1868 3716 cognitionem
1899 3648 1994 3700 de-

413 3733 606 3788 fuisset
632 3753 644 3788 :
670 3736 761 3789 sed
801 3746 1007 3789 tantum
1037 3735 1305 3803 decerpsit
1330 3753 1396 3791 ex
1419 3753 1481 3790 ea
1505 3737 1696 3808 gloria,
1729 3749 1993 3807 quantum

412 3841 476 3880 ex
508 3826 728 3895 loquelae
759 3828 920 3897 hujus
947 3829 1123 3884 studio
1156 3831 1410 3884 detraxit.
1435 3829 1621 3885 Dicam
1657 3833 1798 3885 enim
1825 3848 1948 3886 vere
1976 3849 1989 3886 :

413 3917 496 3972 vel
535 3918 838 3975 llebraismi
880 3937 1066 3991 parum
1109 3924 1344 3978 scientes
1373 3933 1518 3989 sunt,
1555 3924 1636 3977 vel
1667 3926 1719 3978 in
1760 3925 1990 3980 lectione

2105 2728 2192 2789 11,
2228 2723 2481 2794 εὐνοῦχος
2520 2721 2598 2792 τῷ
2625 2721 2852 2792 βασιλεῖ.
2887 2722 2997 2790 (6‘2)
3029 2721 3178 2787 Quod
3226 2721 3270 2773 si
3315 2720 3366 2772 in
3399 2718 3678 2794 Hebraicis

2105 2793 2601 2884 utcunqueluisset
2634 2823 2902 2876 versatus,
2931 2827 3050 2880 qua}
3077 2811 3279 2864 habent
3311 2793 3465 2889 1513‘)
3495 2819 3678 2896 apum

2101 2909 2441 2964 emendasset
2485 2907 2670 2975 utique
2695 2905 2746 2958 in
2782 2907 2890 2967 τοῖς
2916 2906 3005 2956 0"
3043 2903 3278 2973 οἰνοχόος
3325 2902 3398 2973 τῷ
3431 2901 3674 2972 βασιλεῖ,

2102 3001 2148 3055 si
2187 3000 2344 3053 modo
2385 2999 2528 3052 hunc
2560 2997 2677 3064 ipse
2713 3010 2954 3051 errorem
2987 3009 3096 3049 non
3133 2995 3355 3056 invexit,
3393 2995 3484 3063 qui
3528 3002 3676 3047 certe

2101 3094 2154 3148 in
2182 3092 2533 3162 Septuaginta
2565 3088 2852 3143 Seniorum
2880 3087 3286 3156 exemplaribus
3310 3088 3553 3156 nuspiam
3579 3101 3674 3142 ex—

2098 3194 2205 3240 stat
2226 3200 2238 3235 :
2259 3181 2553 3250 cuiusmodi
2577 3190 2660 3235 est
2681 3181 2860 3250 inepta
2876 3179 2964 3234 illa
2981 3179 3250 3250 expositio
3272 3178 3512 3233 vocabuli
3530 3177 3668 3249 (65),

2103 3294 2122 3326 ι
2160 3275 2424 3337 Joannes,
2463 3292 2481 3324 ›
2521 3273 2667 3342 quod
2712 3271 2941 3327 formari
2993 3271 3326 3326 existimavit
3375 3285 3405 3323 a
3455 3271 3674 3325 nomine

2096 3379 2216 3430 mm
2257 3369 2499 3440 prazﬁxo,
2541 3378 2595 3422 et
2629 3375 2740 3455 pri,
2768 3381 2891 3420 cum
2925 3380 2992 3420 ex
3023 3365 3138 3420 solo
3159 3373 3248 3452 ’μη
3284 3363 3520 3434 praalixis
3559 3378 3676 3418 ser-

2102 3461 2298 3516 vilibus
2356 3460 2559 3514 litteris
2611 3457 2912 3512 derivatum
2965 3457 3054 3511 sit.
3110 3455 3438 3525 Plerumque
3489 3455 3671 3509 itidem

2097 3560 2288 3621 peccat
2314 3551 2367 3605 in
2400 3546 2812 3620 perscrutandis
2838 3545 3117 3600 nominum
3147 3544 3534 3599 llebraicorum
3560 3542 3673 3596 ori-

2097 3645 2334 3712 ginibus.
2369 3642 2615 3695 Proclive
2643 3641 2697 3694 id
2727 3655 2921 3708 nempe
2948 3637 3048 3690 fuit
3074 3639 3190 3691 viro
3210 3638 3276 3691 ad
3302 3635 3669 3690 mutuatitiam

2096 3737 2270 3790 lucem
2306 3735 2531 3804 vestigia
2553 3749 2648 3789 sua
2680 3735 2733 3788 in
2772 3735 2906 3790 locis
2937 3732 3139 3800 ignotis
3169 3729 3376 3799 regenti
3405 3747 3418 3782 :
3448 3737 3671 3797 praesta-

2095 3828 2186 3882 bat
2221 3836 2404 3881 autem
2447 3827 2622 3880 lucem
2657 3825 2874 3882 Judazus
2917 3823 3092 3890 Philo,
3131 3823 3227 3892 qui
3261 3820 3522 3874 llebraica
3567 3817 3672 3872 Ve-

2097 3919 2227 3973 teris
2261 3917 2596 3972 'l‘estamenti
2640 3917 2860 3970 nomina
2897 3914 3156 3984 peculiari
3200 3912 3338 3968 libro
3375 3911 3550 3963 fuerat
3587 3909 3671 3962 in.

413 4010 860 4081 Origcnianorum
922 4029 1144 4084 operum
1195 4015 1563 4084 perfunctorie
1612 4017 1835 4082 versati,
1898 4020 1988 4087 qui
2017 3993 2060 4050 (ἶ
2097 4020 2457 4078 lerpretatus;
2498 4008 2585 4061 cui
2631 4007 2773 4061 libro
2812 4021 2999 4075 parem
3048 4002 3326 4070 subiunxit
3367 4000 3663 4070 Origenes,

411 4102 667 4156 eximium
704 4103 828 4172 quid
865 4104 967 4172 ipsi
1003 4105 1174 4162 vel-in
1207 4119 1410 4162 sancta:
1442 4108 1656 4178 lingua},
1689 4108 1772 4162 vel
1806 4110 1857 4163 in
1888 4125 1984 4164 ea-

413 4209 530 4246 rum
581 4211 699 4263 quae
733 4211 796 4250 ex
845 4197 945 4251 hoc
983 4197 1129 4254 fonte
1167 4199 1420 4269 profecta:
1458 4210 1586 4254 sunt
1627 4201 1983 4256 dialectorunt

409 4287 600 4355 peritia
633 4289 959 4344 tribuerunt.
992 4290 1098 4346 Nec
1133 4292 1372 4360 opinioni
1401 4303 1602 4347 nostrae
1658 4295 1984 4350 contradicit

410 4376 771 4449 Hieronymus
798 4380 932 4451 (6|),
961 4384 1058 4437 etsi
1086 4384 1299 4437 videtur
1327 4385 1722 4449 contradicere,
1739 4403 1860 4441 cum
1882 4387 1980 4452 ait,

407 4472 737 4540 singularem
775 4474 1000 4542 loquela:
1029 4475 1189 4543 hujus
1222 4476 1469 4529 notitiam
1501 4477 1816 4530 demiratam
1845 4478 1984 4532 ineo

409 4563 574 4617 fuisse
605 4573 772 4617 totam
802 4563 1066 4619 Graeciam
1103 4583 1118 4619 :
1151 4567 1348 4619 mirum
1385 4567 1434 4619 id
1464 4569 1659 4636 quippe
1681 4568 1850 4622 videri
1883 4583 1983 4636 po-

408 4653 511 4706 tuit
548 4652 753 4708 Grzecis
811 4654 1116 4708 Hebraismi
1170 4656 1392 4710 rudibus
1431 4665 1486 4708 et
1532 4656 1818 4724 imperitis,
1883 4671 1983 4710 nec

407 4753 666 4810 quantum
688 4745 738 4796 in
759 4759 822 4798 eo
844 4744 1162 4813 profecisset
1181 4745 1443 4811 Origenes
1469 4745 1783 4799 existimare
1807 4745 1984 4801 scien-

407 4832 570 4886 tibus.
601 4833 817 4888 Minime
847 4850 974 4889 vero
1007 4850 1157 4888 suam
1187 4835 1301 4902 ipse
1335 4835 1530 4904 lingua:
1573 4835 1732 4903 hujus
1765 4837 1983 4906 ignora-

407 4925 607 4978 tionem
648 4925 952 4978 dissimulat
993 4926 1178 4978 homil.
1219 4925 1304 4988 14,
1350 4925 1407 4978 in
1441 4924 1609 4978 Num.
1665 4942 1702 4989 I,
1743 4942 1798 4996 p.
1850 4927 1974 4982 522.

409 5031 430 5066 ι
460 5015 623 5067 Aiunt
652 5030 799 5084 ergo.
837 5016 1031 5084 inquit,
1083 5019 1170 5084 qui
1201 5016 1494 5071 llebraicas
1527 5017 1734 5072 litteras
1772 5018 1978 5087 legunt,

406 5103 459 5156 in
484 5103 585 5158 hoc
608 5105 744 5170 loco,
772 5106 929 5166 Dens.
962 5122 1065 5161 non
1096 5108 1194 5162 sub
1219 5107 1373 5176 signo
1399 5110 1826 5178 tetragrammati
1857 5126 1977 5165 esse

2096 4101 2483 4154 llebraicorum
2521 4098 2655 4153 Novi
2701 4097 3038 4154 Testamenti
3069 4093 3464 4163 expositionem
3511 4106 3666 4144 cont-

2095 4194 2333 4263 plexum.
2371 4191 2472 4258 Qui
2510 4207 2639 4246 vero
2686 4207 2790 4248 non
2823 4189 3138 4244 olfendisset
3174 4181 3446 4256 Origenes
3488 4182 3666 4236 Philo-

2092 4302 2214 4340 nem
2250 4301 2487 4352 sequens
2516 4287 2731 4348 ducem,
2761 4285 2850 4352 qui
2882 4282 3098 4336 Judaeus
3126 4280 3274 4341 licet,
3303 4276 3503 4331 Judaeis
3535 4290 3664 4344 pro-

2090 4390 2306 4447 gnatus,
2353 4393 2422 4431 ne
2459 4376 2718 4432 mediocri
2760 4373 2978 4447 quidem
3024 4372 3329 4424 litterarum
3375 4365 3665 4420 Hebraica-

2097 4487 2211 4523 rum
2249 4486 2399 4531 aura,
2431 4469 2506 4522 uti
2544 4482 2719 4535 neque
2750 4465 3051 4519 lICIICIIiSltB
3082 4461 3192 4514 fere
3229 4459 3449 4527 reliqui,
3486 4455 3675 4516 fuerat,

2092 4561 2339 4616 amatus?
2370 4564 2418 4615 ld
2451 4563 2495 4616 si
2533 4562 2712 4614 minus
2757 4559 2810 4612 in
2857 4555 3170 4611 hominibus
3197 4551 3536 4604 Alexandriae
3566 4563 3662 4602 na-

2093 4654 2160 4706 tis
2187 4663 2239 4706 et
2269 4654 2478 4707 eductis
2505 4666 2703 4707 novum
2735 4660 2839 4710 est,
2865 4661 3095 4716 quorum
3127 4656 3337 4697 natura;
3363 4655 3663 4711 repugnare

2090 4745 2277 4799 scribit
2309 4744 2670 4816 Hieronymus
2705 4741 2840 4812 (64),
2872 4739 3188 4793 Hebraicam
3242 4736 3476 4805 linguam
3503 4731 3659 4785 addi-

2089 4850 2260 4899 scere,
2295 4850 2393 4903 pro
2428 4850 2576 4888 more
2596 4832 2907 4887 Graecorum
2938 4829 3204 4890 omnium,
3237 4826 3328 4896 qui
3355 4825 3660 4894 linguarum

2088 4927 2422 4980 exoticarum
2465 4925 2702 4980 studium
2743 4919 3020 4989 aspernari
3053 4925 3486 4980 consueverunt;
3513 4924 3570 4968 at
3604 4914 3658 4967 in

2085 5017 2318 5088 Josepho
2367 5017 2458 5072 illo
2506 5017 2733 5074 Hebr:eo
2779 5015 3055 5069 Mathatize
3108 5013 3218 5068 lilio
3269 5011 3426 5081 plane
3462 5009 3658 5062 mirmn

2087 5111 2257 5165 videri
2289 5111 2447 5165 debet
2473 5126 2488 5175 ;
2535 5109 2696 5163 facile
2739 5108 2940 5177 quippe
2971 5121 3036 5160 ex
3068 5107 3187 5176 ejus
3231 5106 3448 5173 scriptis
3475 5107 3659 5170 depre-

405 5197 636 5265 positum
669 5215 684 5251 :
738 5200 805 5253 de
842 5217 950 5269 quo
988 5200 1076 5270 qui
1122 5211 1298 5270 putest
1334 5204 1600 5272 requirat.
1652 5222 1671 5255 ι
1713 5203 1872 5257 Multa
1924 5206 1977 5259 in
2012 5222 2058 5276 Ι)
2089 5199 2328 5253 hendero
2360 5200 2504 5263 licet,
2541 5199 2609 5252 ad
2641 5214 2896 5267 magnam
2929 5198 3075 5252 illam
3115 5207 3171 5251 et
3213 5196 3542 5266 singularem
3570 5193 3658 5248 Ju-

404 5289 880 5347 Observationibus
910 5294 1109 5349 nostris
1140 5295 1642 5360 animadvertimus,
1665 5313 1783 5365 quae
1815 5299 1976 5352 insci-

407 5381 535 5435 tiam
571 5383 686 5452 cjus
726 5385 780 5436 in
808 5383 1084 5440 Hebraicis
1123 5387 1526 5454 demonstrant;
1567 5389 1862 5459 cujusmodi
1896 5404 1979 5444 εει

479 5553 591 5624 (61)
632 5553 852 5627 Hieron.
883 5559 1041 5627 epist.
1073 5559 1142 5613 25
1172 5561 1240 5613 ad
1267 5559 1519 5614 Paulam.

478 5628 590 5694 (62)
622 5626 837 5694 Origen.
889 5626 945 5681 in
975 5630 1164 5683 Matth.
1210 5647 1296 5684 xu
1322 5670 1337 5690 ,
1392 5632 1477 5696 12,
1512 5629 1799 5687 Comment.
1837 5641 1967 5683 tom.

406 5712 495 5755 xv,
529 5713 652 5763 pag.
683 5696 1056 5763 657.——Quod
1087 5703 1210 5754 siin
1233 5700 1523 5766 Hebraicis,
1558 5713 1664 5754 etc.
1712 5701 1842 5754 Vnde
1861 5703 1971 5753 ani-

410 5768 837 5822 madversionem
900 5782 1138 5822 nostram
1177 5773 1228 5822 in
1273 5774 1387 5824 haec
1417 5776 1578 5823 verba
1611 5773 1850 5836 epistola:
1901 5774 1966 5822 ad

408 5838 718 5895 Al'ricanum
746 5852 758 5888 :
779 5838 1016 5906 Νεεμίας
1037 5839 1269 5910 οἰνοχόος
1281 5840 1372 5892 τοῦ
1392 5840 1650 5913 βασιλέως
1673 5842 1761 5895 καὶ
1791 5841 1972 5895 εὐνοῦ-

2086 5295 2361 5350 ιιδίοθηιηι
2401 5293 2668 5363 originum
2711 5293 3077 5360 cognitionem
3115 5305 3219 5344 non
3255 5304 3439 5360 parem
3474 5290 3651 5356 ipsum

2087 5388 2275 5456 patria:
2323 5387 2552 5455 loquela}
2616 5385 2863 5456 peritiam
2924 5383 3249 5450 contulisse;
3299 5380 3544 5452 quamvis
3595 5393 3654 5432 se

2078 5580 2166 5633 χος
2191 5562 2376 5627 αὑτοῦ,
2409 5573 2537 5615 tom.
2575 5577 2612 5623 1,
2634 5579 2701 5633 ΑΡ.
2730 5562 2816 5618 27.

2148 5635 2260 5704 (65)
2309 5637 2454 5702 Orig.
2514 5637 2565 5684 in
2617 5628 2781 5685 June.
2829 5648 2866 5697 l,
2929 5634 2983 5688 6.
3037 5628 3328 5687 Comment.
3403 5639 3534 5682 tom.
3583 5641 3648 5695 tt,

2078 5721 2130 5773 ι).
2162 5709 2251 5758 86.

2151 5775 2262 5848 (61)
2300 5775 2590 5844 llieronym
2625 5815 2638 5840 ,
2685 5773 2756 5829 De
2780 5773 2957 5841 script.
2999 5769 3126 5826 εισι.
3161 5772 3212 5826 in
3252 5770 3504 5841 Origene.
