4162 6428
457 403 554 458 701

1507 402 2082 463 ORIGENIANORUM
2117 402 2244 459 LIB.
2289 403 2351 469 ll,
2391 403 2544 458 CAP.
2587 403 2626 456 l.

3601 402 3703 457 70‘!

453 528 710 580 no‘nnulla
742 525 1022 580 Hebralcae
1054 527 1339 596 scripsisse
1367 527 1532 592 dicat,
1564 542 1683 596 qua:
1710 525 1864 596 lapsu
1893 537 2025 580 tem-
2056 529 2097 587 Α
2131 523 2212 576 vir
2239 524 2400 592 hujus
2431 522 2608 577 artatis
2636 521 2883 578 eruditus
2907 521 2974 576 ab
3005 520 3301 591 interprete
3314 518 3556 581 .conllcla
3587 522 3703 574 exi-

452 633 645 690 porum
683 616 1102 672 interciderunt.

509 707 632 773 Qui
660 708 904 764 Judaicis
928 722 1090 778 porro
1115 708 1316 764 litteris
1344 719 1451 764 tam
1475 709 1668 766 leviter
1695 711 1896 766 tinctus
1924 709 2024 765 luit

452 780 744 868 Origenes,
776 799 920 854 hunc
952 798 1282 853 Samaritani
1314 799 1587 856 idiomatis
1621 799 1788 855 fuisse
1816 798 2022 853 callen-

452 892 725 946 tissimum
765 890 1035 946 allirmare
1079 892 1299 960 quidam
1340 907 1447 947 non
1487 902 1766 948 verentur.
1795 891 2025 947 Abunde

449 983 772 1040 refelluntur
794 983 866 1037 illi
897 997 964 1036 ex
994 983 1078 1037 his
1105 983 1354 1054 Origenis
1373 985 1554 1039 verbis
1578 985 1644 1038 ad
1666 984 1796 1038 illud
1819 984 2019 1039 Ezech.

448 1088 530 1137 rx,
557 1073 610 1139 4,
649 1087 773 1143 pag.
802 1072 906 1126 424
935 1088 950 1126 :
985 1090 1003 1123 ι
1041 1071 1205 1141 Signa
1236 1073 1390 1128 Thau
1434 1089 1598 1144 super
1636 1073 1839 1130 frontes
1879 1074 2024 1128 viro-

359 1173 362 1177 '
447 1178 566 1217 rum
609 1164 960 1233 gementium.
1003 1182 1022 1215 ι
1063 1163 1309 1234 Ἑϐραῖος
1333 1163 1390 1216 δέ
1416 1181 1521 1227 τις,
1555 1163 1751 1232 inquit,
1796 1163 1904 1217 τῶν
1943 1165 2022 1229 εἰς

447 1255 672 1327 Σωτῆρα
728 1257 1168 1309 πεπιστευκότων
1213 1256 1364 1324 ἔλεγε
1406 1255 1474 1309 τὰ
1519 1257 1721 1328 ἀρχαῖα
1784 1259 2024 1328 στοιχεῖα

445 1347 681 1418 ἐμφερὲς
706 1345 848 1417 ἔχειν
877 1347 938 1400 τὸ
967 1345 1080 1400 Ταῦ
1111 1346 1187 1418 τῷ
1205 1347 1298 1400 τοῦ
1317 1346 1548 1419 σταυροῦ
1578 1348 1907 1421 χαρακτῆρι,
1928 1349 2023 1402 καὶ

445 1437 876 1509 προφητεύεσθαι
904 1437 1140 1510 περὶτοῦ
1167 1438 1458 1510 γενομένου
1483 1440 1540 1491 ἐν
1564 1439 1908 1509 Χριπιανοῖς
1931 1440 2022 1492 ἐπὶ

443 1527 536 1582 τοῦ
570 1529 818 1601 μετώπου
854 1531 1100 1601 σημείου,
1127 1531 1262 1603 ὅπερ
1301 1530 1543 1584 ποιοῦσιν
1586 1532 1635 1583 οἱ
1663 1531 2021 1585 πεπιστευκὸ-

441 1639 533 1686 τες
556 1624 755 1688 πάντες
785 1624 1089 1678 οὑτινοσοῦν
1133 1625 1634 1697 προκαταρχόμενοι
1674 1625 2017 1697 πράγματος,

444 1717 536 1769 καὶ
569 1717 800 1788 μάλιστα
831 1717 864 1789 ἢ
896 1717 1068 1788 εὐχῶν
1098 1718 1131 1789 ἢ
1159 1717 1331 1786 ἁγίων
1364 1718 1824 1790 ἀναγνωσμάτων.
1860 1737 1878 1770 ι
1911 1718 2019 1772 He—

444 1808 624 1864 braeus
655 1818 832 1864 autem
868 1809 1110 1878 quidam,
1152 1824 1214 1863 ex
1250 1809 1318 1864 iis
1348 1811 1438 1880 qui
1476 1809 1680 1866 Christi
1709 1811 1870 1866 ﬁdem
1899 1826 2015 1865 am-

2126 615 2420 681 stimabat;
2466 615 2562 669 sed
2633 615 2686 669 in
2730 614 2935 670 Graecis
2976 614 3140 668 etiam
3194 614 3389 677 tomis,
3431 610 3516 666 vel
3562 612 3701 666 seri-

2125 707 2397 775 ptionibus
2435 706 2504 761 ab
2538 706 2864 776 Hieronymo
2901 704 3197 759 Latinitate
3231 705 3468 769 donatis,
3506 701 3702 772 praeci-

2124 812 2228 865 pue
2270 812 2400 852 vero
2436 798 2489 852 in
2529 797 2682 852 libris
2736 806 2940 866 contra.
2980 794 3210 851 Celsum.
3257 797 3404 850 Inter-
3448 794 3704 849 ecclesia.

2125 889 2296 944 sticos
2327 888 2648 958 scriptores,
2679 889 3116 960 apocryphorum
3152 897 3406 942 auctores
3434 886 3700 940 librorum

2126 980 2324 1045 refero,
2351 996 2581 1051 quorum
2606 982 2930 1037 testimoniis
2953 995 3096 1051 saepe
3127 997 3340 1051 quoque
3368 983 3560 1048 utitur;
3593 993 3701 1034 non

2125 1072 2244 1142 plus
2275 1082 2456 1128 tamen
2489 1075 2554 1128 iis
2585 1073 2708 1128 ﬁdei
2750 1074 2836 1129 vel
2869 1073 3214 1129 auctoritatis
3237 1073 3502 1137 tribuens,
3537 1086 3698 1141 quam

2123 1173 2387 1234 quantum
2425 1180 2488 1220 ex
2537 1165 2640 1220 hoc
2691 1165 2934 1234 Apostoli
2989 1166 3193 1222 monito
3241 1164 3494 1219 tribuere.
3530 1163 3696 1219 licet:

2129 1277 2148 1310 ‹
2186 1259 2382 1314 Omnia
2422 1260 2672 1328 probate,
2709 1259 2851 1329 quod
2887 1263 3082 1313 bonum
3114 1267 3201 1313 est
3226 1266 3404 1311 tenete
3431 1257 3474 1312 ⁷.
3507 1275 3526 1307 ι

2192 1349 2279 1403 IV.
2319 1348 2442 1403 Fuit
2486 1365 2617 1420 ergo
2668 1350 2941 1418 praecipua
2995 1349 3247 1420 Origenis
3293 1349 3346 1402 in
3399 1346 3696 1416 Scripturis

2123 1439 2422 1494 enodandis
2460 1442 2764 1504 contentio,
2799 1439 2954 1508 cujus
3000 1439 3304 1508 disciplinae
3345 1454 3508 1492 causa
3541 1453 3700 1494 exco-

2123 1532 2220 1585 luit
2279 1530 2377 1595 τὰς
2427 1531 2661 1598 ἔξωθεν,
2717 1533 2811 1588 sed
2867 1533 3268 1603 philosophiam
3326 1531 3692 1602 potissimum.

2124 1619 2297 1675 Unum
2327 1631 2504 1675 autem
2537 1637 2646 1691 prae
2679 1621 2904 1692 reliquis
2933 1621 3206 1677 Platonem
3243 1620 3543 1675 admiratus
3571 1631 3695 1676 est:

2123 1713 2260 1766 sicut
2307 1711 2615 1768 Christiana
2666 1715 2918 1785 dogmata
2971 1717 3038 1769 ad
3089 1714 3384 1769 Platonica:
3435 1713 3698 1768 doctrina:

2122 1804 2285 1875 leges,
2319 1818 2424 1858 non
2459 1804 2630 1876 ipsam
2665 1805 2906 1862 Platonis
2940 1807 3242 1862 doctrinam
3281 1807 3346 1860 ad
3373 1805 3582 1861 Christi
3611 1805 3698 1858 ef-

445 1899 588 1966 plexi
628 1908 778 1966 sunt,
818 1874 1032 1955 dicebat
1055 1902 1108 1955 in
1133 1874 1669 1970 antiquis-{elementis
1690 1902 1863 1957 simile
1891 1917 2010 1958 esse
2045 1874 2085 1928 Β
2118 1874 2226 1958 fata
2253 1874 2710 1959 accommodaret.
2731 1899 2988 1968 Exemplo
3020 1914 3118 1954 suo
3145 1898 3430 1968 Origenem
3461 1914 3528 1953 eo
3549 1913 3698 1952 com-

441 1991 594 2045 Thau
630 1991 816 2048 forma:
852 1992 1072 2060 crucis,
1105 2001 1158 2047 et
1186 1992 1405 2060 praedici
1449 1992 1517 2047 de
1548 1993 1702 2064 signo
1742 1993 1884 2064 quod
1931 1995 2012 2050 in-

439 2090 526 2137 ter
563 2081 907 2140 Christianos
950 2083 1011 2138 ﬁt
1037 2085 1091 2139 in
1141 2081 1340 2150 fronte,
1378 2085 1520 2154 quod
1557 2086 1774 2155 quidem
1806 2085 2012 2143 faciunt

439 2171 533 2240 qui
579 2172 930 2228 crediderunt
972 2187 1195 2239 omnes,
1239 2188 1620 2245 quamcunque
1665 2191 1778 2230 rem
1823 2192 2013 2248 aggre-

438 2263 683 2330 diantur,
719 2265 956 2320 maxime
995 2279 1127 2321 vero
1164 2265 1248 2320 vel
1292 2280 1515 2335 preces,
1556 2267 1644 2322 vel
1682 2277 1902 2324 sanctas
1942 2269 2011 2324 le-

436 2351 666 2408 ctiones.
708 2372 728 2406 ι
780 2353 1176 2409 Samaritarum
1220 2354 1486 2411 elementa
1527 2356 1760 2427 appellat
1806 2359 2012 2430 ἀρχαῖα

437 2447 696 2516 στοιχεῖα,
734 2447 874 2515 quod
903 2445 970 2500 iis
996 2445 1206 2502 Hebraei
1239 2458 1531 2502 uterentur
1561 2449 1759 2518 priscis
1805 2459 2011 2519 tempo-

436 2537 607 2600 ribus,
665 2537 771 2609 πρὸ
801 2537 901 2610 τῆς
929 2539 1271 2608 μετοικεσίας
1289 2539 1625 2604 Βαϐυλῶνος.
1662 2541 1777 2612 (65)
1806 2542 2008 2598 Eorum

435 2627 480 2680 si
518 2627 767 2683 notitiam
809 2629 1044 2698 aliquam
1110 2640 1483 2699 comparasset
1532 2630 1816 2701 Origenes,
1855 2631 2007 2688 Thau

435 2717 764 2774 Samaritani
792 2718 1024 2775 formam
1050 2721 1120 2776 ab
1149 2719 1375 2776 Hebraeo
1399 2722 1492 2776 illo
1513 2723 1791 2792 accepisse
1817 2738 1875 2779 se
1900 2740 2007 2779 non

433 2803 682 2872 dixisset,
716 2820 876 2875 quam
909 2809 1181 2878 cognitam
1210 2823 1277 2864 ex
1304 2823 1362 2864 se
1392 2809 1674 2866 habuisset
1704 2822 1759 2868 et
1784 2827 2006 2882 perspe-

437 2905 604 2952 ctam.
659 2896 840 2968 Atque
892 2897 980 2953 hic
1029 2899 1205 2955 obiter
1253 2899 1542 2971 Origenem
1590 2903 1928 2960 vindicemus
1976 2921 2007 2962 a

435 3000 662 3044 censura
700 2989 990 3059 Scaligeri,
1022 2991 1116 3058 qui
1155 2991 1208 3045 in
1252 2990 1408 3048 Notis
1447 2993 1512 3048 ad
1543 2992 1840 3051 Eusebium
1870 3013 2008 3067 prae-

431 3076 604 3133 fracte
645 3087 810 3150 negat
843 3078 995 3135 Thau
1043 3079 1431 3137 Samariticum
1467 3083 1573 3137 alia
1605 3083 1779 3138 forma
1821 3084 2003 3150 fuisse,

430 3182 590 3236 quam
631 3185 735 3240 qua
780 3171 943 3226 hodie
991 3173 1232 3242 pingitur
1273 3173 1326 3228 in
1374 3172 1532 3230 libris
1573 3173 2000 3243 Samaritarum;

429 3261 594 3316 etiam
632 3272 819 3318 contra
859 3262 1171 3334 Hieronymi
1211 3267 1618 3333 auctoritatem,
1649 3267 1740 3336 qui
1791 3268 2004 3324 codices

430 3351 807 3411 Samaritanos
832 3366 1168 3410 versaverat.
1193 3357 1412 3414 Certum
1439 3371 1521 3416 est
1543 3362 1686 3417 enim
1714 3377 1818 3417 non
1843 3363 2004 3418 unico

428 3447 590 3502 modo
622 3449 797 3504 notari
828 3450 1049 3505 solitum
1085 3449 1252 3507 fuisse
1293 3451 1446 3507 Thau
1481 3453 1884 3522 Samariticum,
1923 3465 2004 3510 at-

428 3553 536 3607 que
566 3540 618 3593 id
650 3541 943 3610 aliquando
975 3544 1041 3598 ad
1071 3544 1255 3600 crucis
1286 3543 1517 3599 formam
1556 3561 1677 3600 esse
1710 3546 1998 3614 depictum,

428 3637 487 3683 ut
515 3630 671 3684 ﬁdem
706 3629 914 3687 faciunt
950 3633 1311 3688 vetustissimi
1355 3635 1560 3688 nummi
1590 3633 1960 3690 Hebraeorum.

498 3719 582 3776 Ill.
617 3719 729 3776 Non
761 3711 1055 3792 Scriptura:
1086 3723 1564 3793 interpretationes
1595 3725 1877 3791 duntaxat,
1907 3728 2002 3782 sed

428 3812 577 3884 ipsos
639 3813 802 3879 etiam
837 3814 1158 3884 interpretes
1215 3817 1617 3886 scriptoresque
1657 3817 1792 3872 adeo
1824 3819 2002 3874 eccle-

426 3906 681 3962 siasticos
734 3923 924 3964 omnes
973 3894 1228 3964 accurate
1281 3909 1559 3965 evolverat
1604 3910 2000 3977 Adamantius,

427 4013 655 4066 quorum
694 4000 1059 4068 patrocinium
1101 4002 1393 4056 sententiis
1421 4001 1531 4056 suis
1558 4001 1876 4071 plerumque
1903 4018 2003 4058 no-

427 4073 672 4140 minatim
729 4087 974 4153 asciscit,
1028 4089 1323 4160 Clementis
1363 4101 1518 4162 puta,
1571 4092 1802 4163 lguatii,
1843 4091 1998 4149 Jose-

425 4177 516 4245 phi
538 4217 554 4242 ,
589 4175 832 4233 Philonis
858 4189 912 4234 et
947 4180 1203 4238 aliorum.
1239 4181 1424 4254 Neque
1451 4183 1504 4236 id
1545 4183 1598 4237 in
1640 4182 1796 4237 libris
1826 4183 1998 4238 solum

425 4268 514 4337 qui
549 4283 578 4322 a
618 4267 814 4323 Ruﬁno
843 4271 1092 4328 conversi
1119 4284 1272 4340 sunt,
1317 4274 1598 4345 reperias;
1653 4275 1769 4330 haec
1805 4275 2003 4346 quippe

493 4359 513 4389 ⁷
547 4359 565 4412 1
595 4359 840 4416 Thessal.
879 4377 934 4432 v,
975 4363 1062 4418 2i.

494 4454 606 4524 (65)
645 4455 911 4536 ἕρηιηιξί
933 4461 1179 4536 notitiam
1210 4465 1442 4536 aliquam
1478 4473 1834 4536 comparasset
1865 4463 1987 4536 Ori-

2116 1996 2251 2064 pulit
2300 1995 2454 2051 Philo
2503 1993 2763 2057 Judaeus,
2809 1999 2951 2045 totus
3007 1991 3072 2045 ad
3118 1990 3358 2044 Platonis
3385 1989 3694 2060 exemplum

2115 2088 2470 2158 compositus,
2502 2101 2608 2139 non
2642 2083 2853 2138 Platoni
2887 2082 3048 2136 nimis
3086 2081 3377 2136 tribuendo
3411 2083 3694 2144 duntaxat,

2114 2179 2206 2233 sed
2262 2177 2598 2247 Scripturam
2652 2174 2816 2229 etiam
2873 2173 3145 2244 allegoriis
3178 2173 3452 2242 perpetuis
3507 2173 3696 2242 expla-

2113 2269 2312 2324 nando.
2342 2267 2613 2336 Compulit
2657 2274 2710 2320 et
2761 2273 3060 2334 praeceptor
3093 2263 3236 2318 illius
3277 2264 3525 2319 Clemens
3568 2264 3694 2319 Ale-

2113 2359 2418 2414 xandrinus
2443 2398 2459 2423 ,
2500 2355 2789 2411 academiae
2821 2354 3110 2424 pigmentis
3141 2371 3227 2410 res
3256 2355 3597 2410 Christianas
3631 2355 3694 2409 il-

2116 2449 2351 2504 lustrare
2381 2457 2566 2502 suetus
2595 2461 2610 2511 ;
2660 2445 2804 2514 quod
2859 2457 2915 2500 et
2947 2445 3179 2499 maxima
3213 2461 3337 2514 pars
3371 2445 3500 2499 fecit
3540 2454 3693 2499 vetu-

2111 2545 2338 2598 stiorum
2371 2541 2598 2596 Patrum
2630 2579 2646 2606 ,
2683 2539 2778 2594 sed
2824 2538 3044 2608 parcius
3098 2548 3151 2592 et
3179 2539 3559 2592 verecundius.
3598 2537 3693 2594 His

2111 2637 2295 2706 itaque
2352 2634 2755 2690 Platonicorum
2821 2632 3024 2687 deliriis
3093 2631 3368 2686 sincerum
3431 2631 3692 2686 doctrina:

2111 2728 2432 2784 Christiana:
2466 2743 2562 2782 vas
2594 2738 2876 2798 postquam
2925 2724 3249 2779 incrustavit
3293 2722 3689 2790 Adamantius,

2112 2836 2174 2875 ex
2207 2819 2298 2874 illo
2339 2819 2582 2874 doctrina
2618 2817 2737 2886 eius
2774 2825 3028 2886 corrupta
3058 2822 3142 2868 est
3167 2854 3183 2879 ,
3214 2822 3268 2869 et
3297 2811 3543 2885 profanis
3587 2814 3691 2868 im-

2111 2915 2239 2969 buta
2271 2913 2576 2981 erroribus,
2605 2912 2750 2966 unde
2797 2911 3026 2965 inﬁnitis
3067 2907 3308 2979 jactatus
3340 2907 3600 2963 conviciis
3635 2917 3690 2964 et

2109 3002 2343 3072 querelis
2381 3003 2433 3056 in
2470 3017 2711 3058 summas
2740 3001 2934 3056 incidit
2981 2999 3348 3062 calamitates,
3388 3006 3442 3054 et
3475 2997 3687 3055 laudem

2108 3095 2316 3150 meritis
2348 3103 2557 3164 partam
2605 3092 2839 3149 decoxit.
2874 3091 2978 3146 Sed
3038 3106 3134 3144 nec
3166 3091 3458 3146 academiaa
3490 3091 3689 3144 ﬁnibus

2109 3185 2383 3256 ingenium
2417 3201 2572 3240 suum
2607 3185 2876 3248 coercuit;
2905 3183 3188 3238 universas
3220 3183 3310 3238 ille
3343 3183 3688 3253 philosopho-

2111 3291 2229 3329 rum
2261 3287 2441 3331 sectas
2489 3276 2671 3331 animo
2699 3287 3026 3346 pervagatus
3059 3285 3158 3330 est.
3203 3274 3687 3347 Pythagoricorum

2109 3366 2326 3433 scriptis
2383 3366 2702 3425 delectatum
2767 3368 2952 3434 fuisse,
3009 3378 3065 3422 et
3109 3368 3416 3423 Stoicorum
3461 3381 3677 3438 quoque

2108 3455 2418 3511 adhibuisse
2478 3457 2648 3514 libros
2687 3459 2840 3514 testis
2879 3466 2961 3513 est
2990 3457 3341 3530 Porphyrius.
3371 3458 3509 3514 Hinc
3552 3460 3687 3514 adeo

2110 3563 2213 3602 non
2252 3549 2341 3603 uni
2376 3549 2535 3606 alicui
2572 3550 2845 3606 addictum
2882 3557 3065 3618 sectae,
3088 3553 3180 3606 sed
3208 3552 3446 3606 omnium
3478 3551 3687 3608 studio-

2107 3656 2225 3695 sum
2259 3641 2445 3706 fuisse,
2474 3659 2540 3698 ex
2572 3644 2747 3715 iisque
2773 3644 3035 3714 quidquid
3076 3646 3259 3699 utilius
3290 3658 3454 3710 esset,
3478 3655 3535 3700 et
3557 3660 3686 3701 vero

2105 3735 2334 3790 similius
2367 3736 2724 3808 decerpsisse,
2755 3736 3007 3808 idemque
3031 3739 3312 3808 discipulis
3339 3749 3394 3790 ut
3440 3737 3685 3792 facerent

2103 3835 2260 3878 caute
2287 3827 2625 3896 praecepisse.
2644 3827 2940 3898 Gregorius
2970 3827 3403 3898 Thaumaturgus
3422 3829 3683 3897 scriptum

2104 3916 2319 3984 reliquit
2338 3917 2473 3985 (66);
2499 3926 2554 3971 ut
2574 3934 2676 3972 non
2707 3926 2814 3972 tam
2828 3918 3158 3987 Platonicus,
3178 3922 3259 3976 vel
3275 3922 3680 3992 Pythagoricus,

2103 4021 2264 4076 quam
2298 4005 2682 4065 Petamonicus
2729 4010 2833 4064 dici
2885 4011 3120 4077 debeat,
3178 4027 3208 4066 a
3259 4011 3556 4067 Potamone
3589 4013 3683 4067 illo

2105 4097 2498 4167 Alexandrino,
2555 4101 2649 4174 qui
2688 4103 2958 4159 eclecticze
2988 4115 3148 4160 secta:
3173 4114 3363 4159 auctor
3385 4103 3506 4158 fuit.
3538 4103 3681 4172 Quo-

2109 4188 2252 4243 circa
2295 4188 2630 4248 Justiuianus
2690 4195 2742 4249 in
2803 4196 3031 4265 epistula
3078 4198 3145 4252 ad
3211 4195 3444 4262 Menam,
3509 4204 3564 4252 et
3627 4197 3682 4250 in

2110 4279 2279 4334 altera
2339 4286 2405 4336 ad
2460 4283 2704 4353 quintam
2772 4288 3072 4356 synodum,
3140 4302 3472 4359 paganorum
3535 4302 3682 4343 erro-

2094 4467 2208 4522 nesi
2252 4475 2306 4522 et
2339 4467 2560 4532 Exodo,
2611 4468 2663 4520 in
2699 4467 2925 4523 Psalmis
2983 4469 3153 4533 item,
3208 4470 3259 4522 in
3307 4467 3577 4531 Ieremia,
3627 4467 3681 4524 in

422 4539 596 4608 ςεηςε,
645 4524 794 4608 Thau
845 4527 1176 4608 Samaritqni
1209 4524 1483 4608 formam,
1514 4524 1621 4608 etc.
1662 4535 1992 4590 Samaritani
2025 4536 2369 4608 D'l‘hrenis;
2427 4524 2569 4608 apud
2629 4538 2970 4599 Ezechielem
3045 4524 3246 4598 etiam.
3294 4524 3576 4594 Danielem'
3628 4548 3682 4595 et

423 4596 641 4675 quidem
693 4597 968 4675 idiomatis
1005 4596 1479 4675 callentissimum
1508 4604 1677 4660 fuisse
1715 4621 1824 4660 non
1865 4621 1995 4664 rear

421 4666 859 4746 Origenemused
900 4670 1038 4746 haud
1073 4672 1190 4746 scio
1223 4689 1292 4746 an
1327 4673 1662 4746 utJudaicis,
1697 4677 1768 4730 ita
1802 4677 1993 4731 Sama-

421 4735 612 4818 ritauis
645 4735 1199 4818 tit-Syriacisjitleris
1217 4745 1407 4818 saltem
1439 4745 1628 4818 leviter
1649 4735 1863 4818 tinctus
1888 4763 1991 4802 non

421 4803 608 4886 Luerit.
641 4803 926 4886 .Sic:_enim
974 4809 1390 4886 _D.__Bernardus
1435 4817 1502 4870 de
1550 4815 1894 4871 Montlaucon
1939 4820 1990 4871 in

421 4872 890 4955 Brxlintninaribus
919 4881 987 4933 ad
1025 4879 1271 4955 ﬂerapla
1309 4886 1561 4954 Origenis
1595 4902 1713 4955 cap.
1743 4888 1796 4951 l,
1839 4903 1988 4952 num.

417 4941 492 5027 _8:
517 4945 892 5027 tsamaritani
933 4959 989 5003 et
1021 4952 1143 5027 Syri
1173 4941 1437 5027 lectiones
1453 4941 1876 5027 inﬁmarginibus
1897 4941 1990 5010 vel

420 5018 847 5095 tustissimorum
893 5018 1304 5090 exemplarium,
1329 5041 1450 5094 qua:
1490 5018 1851 5095 Hexaplorum
1883 5028 1990 5086 lt‘a-

421 5094 642 5154 gmenta
665 5088 941 5157 exhibent,
958 5105 1215 5214 ἔδει-δευρί)
1265 5088 1668 5163 observantur";
1703 5097 1826 5168 Syri
1861 5098 1982 5166 qui-

421 5155 544 5210 dem
578 5157 632 5210 in
667 5157 940 5214 Dlerisaue
999 5161 1252 5214 crioturaa
1280 5165 1432 5214 libris
1454 5183 1469 5214 ι
1502 5167 1828 5214 Samarituni
1859 5181 1982 5214 rem

421 5155 544 5235 dem
578 5157 632 5210 in
667 5155 940 5235 plerisque
958 5155 1252 5231 Scriptum
1279 5165 1470 5231 libris;
1502 5155 1829 5221 Samaritaui
1859 5155 1989 5222 v'ero

422 5225 475 5308 in
508 5225 897 5308 Pentateucho_
919 5225 1124 5308 tantum
1156 5236 1311 5308 :_ubi
1345 5225 1467 5292 non.
1501 5237 1878 5306 infrequenter
1903 5238 1988 5291 in-

421 5299 838 5372 terpretationes
865 5299 1196 5372 Samaritani
1227 5307 1627 5364 animadvertas
1652 5299 1682 5372 ,’
1716 5308 1987 5362 interdum

421 5365 578 5444 solas,
620 5369 817 5444 sapius
848 5385 970 5425 cum
1003 5370 1231 5444 aliorum
1271 5375 1627 5444 interpretum
1655 5365 1986 5432 lectionibus

419 5436 664 5516 collatas.
687 5437 1040 5516 Curn_att_tem
1071 5441 1172 5496 illa:
1197 5436 1527 5500 Samaritani
1561 5447 1844 5510 lectiones,
1876 5461 1981 5500 non

417 5508 474 5584 in
507 5508 1035 5584 vetustis-codicibus
1068 5520 1276 5567 tantum
1305 5555 1319 5580 ,
1355 5518 1449 5571 sed
1479 5517 1646 5571 etiam
1689 5508 1838 5584 apud
1881 5517 1983 5572 Pa-

418 5583 532 5629 tres
575 5581 796 5646 quarti,
832 5581 1006 5648 quinti
1056 5593 1112 5637 et
1148 5588 1499 5652 sequentium,
1536 5581 1860 5642 saeculorum
1890 5602 1983 5640 oc-

419 5659 684 5728 currant,
714 5652 1014 5728 probabile
1058 5656 1436 5728 s_aue_v_idetur
1479 5655 1980 5728 ipsum_0rigenem

420 5713 684 5796 lectiones
714 5713 836 5797 illas
880 5722 1208 5797 Samaritani
1245 5713 1574 5797 inmargi'ne
1618 5713 1977 5797 Hexaﬂorum

421 5789 691 5868 posuisse.
731 5789 875 5844 Idem
925 5807 1086 5868 porro
1118 5793 1404 5868 dicendum
1437 5789 1651 5868 videtur
1690 5789 1933 5868 de'Syro
1959 5835 1972 5860 ,

420 5863 573 5942 cuius
621 5863 1092 5928 interpretationes
1127 5864 1328 5936 passim
1386 5866 1726 5938 reperiuntur
1763 5863 1976 5930 in'Gee

2097 4609 2254 4679 Osee.
2291 4607 2413 4678 Syri
2451 4607 2613 4679 porro
2674 4609 2934 4664 lectiones
2977 4609 3276 4664 alfernntur
3333 4612 3402 4665 ab
3448 4609 3681 4665 Eusebio

2095 4677 2500 4742 Caesariensi,a
2529 4680 2764 4734 Diodoro
2790 4681 3046 4735 Tarsensi
3081 4679 3441 4748 frequentius,
3481 4682 3544 4734 ab
3572 4681 3680 4735 Eu-

2095 4749 2244 4822 sebio
2312 4749 2612 4822 Ernisenoi,
2645 4749 2973 4822 Hieronymo
2997 4793 3014 4817 ,
3044 4749 3386 4805 Theodoreto
3437 4760 3507 4822 eti
3534 4751 3678 4822 aliis.

2093 4819 2353 4890 Quodque
2392 4819 3069 4890 notandumﬁest,‘iidem,
3109 4822 3452 4890 maximeque
3487 4821 3682 4874 Diodo-

2094 4905 2186 4944 rus
2248 4889 2446 4960 Syrum
2511 4905 2634 4943 cum
2698 4889 2921 4944 Hebraeo
2981 4906 3124 4959 saepe
3180 4889 3518 4958 conjungunt
3576 4891 3681 4944 hoc

2092 4971 2248 5033 pacto
2276 4975 2290 5012 :
2319 4961 2347 5016 ὁ
2383 4960 2553 5031 Σύρος
2590 4960 2686 5014 καὶ
2713 4963 2742 5014 ὁ
2769 4960 3153 5033 Ἐ6ραῖος,νε1
3173 5002 3188 5027 ,
3232 4964 3260 5014 ὁ
3307 4959 3556 5032 Ἐϐραῖος
3586 4960 3682 5014 καὶ

2091 5029 2334 5100 ὁΣύρος,
2386 5029 2599 5100 quando
2635 5033 2845 5086 scilicet
2868 5029 3173 5100 amborum
3204 5029 3678 5100 interpretationes

2090 5099 2422 5154 conveniunt
2448 5141 2464 5168 ,
2495 5103 2637 5170 quod
2672 5116 2814 5170 saepe
2844 5101 3130 5172 contingit.
3156 5099 3250 5172 Ha:
3284 5099 3448 5170 porro
3478 5101 3667 5155 lectio-

2091 5185 2206 5232 nes,
2249 5172 2470 5238 perinde
2500 5183 2665 5240 atque
2701 5171 3054 5239 Samaritani,
3078 5173 3147 5226 ab
3176 5171 3411 5241 Origene
3433 5171 3669 5241 diligen-

2091 5241 2300 5296 tissimo
2352 5242 2664 5296 versionum
2711 5242 3005 5298 collectore
3052 5240 3344 5311 potuerunt
3394 5244 3559 5296 etiam
3617 5240 3672 5311 in

2088 5312 2424 5380 marginibus
2477 5311 2628 5366 Hexa
2667 5313 2840 5366 larunt
2893 5310 3149 5367 colloCari
3196 5329 3211 5366 :
3254 5327 3562 5380 quanquam
3617 5310 3669 5364 id

2088 5381 2310 5435 minime
2342 5391 2573 5435 constet.
2610 5329 2733 5435 lico
2762 5383 2962 5435 uuiooe
2985 5382 3158 5435 solum
3200 5382 3498 5435 divinando
3534 5380 3669 5435 dici-

2087 5381 2310 5436 minime
2342 5391 2573 5437 constet.
2610 5380 2733 5437 Haec
2762 5383 2962 5453 quippe
2985 5382 3158 5436 solum
3200 5382 3498 5453 divinando
3534 5380 3671 5453 diei-

2087 5465 2207 5504 mus
2238 5470 2250 5505 :
2280 5454 2450 5507 donec
2471 5454 2615 5508 enim
2641 5449 2823 5522 aliqua
2857 5449 2940 5508 vel
2985 5453 3194 5506 tantilla
3229 5467 3360 5521 pars
3393 5449 3667 5520 Hexaplo-

2086 5532 2329 5593 rum,_ut
2364 5522 2519 5577 initio
2551 5525 2753 5593 scripta
2791 5523 3031 5587 luerunt,
3075 5537 3106 5577 e
3139 5523 3379 5593 tenebris
3426 5535 3669 5593 emersef

2086 5592 2177 5655 rit,
2209 5591 2418 5664 plenam
2443 5591 2851 5664 perfectamque
2871 5593 3083 5646 illorum
3123 5591 3370 5646 notitiam
3395 5591 3670 5660 expiscari

2083 5675 2189 5716 non
2219 5661 2534 5717 valebimus.
2561 5683 2581 5716 ι

2159 5729 2484 5804 (ϐϐλϐι-εε.
2523 5733 2754 5791 Thaum.
2797 5733 2865 5786 “in
2939 5734 3146 5804 Paneg.
3203 5745 3351 5786 num.
3393 5729 3426 5782 ’1
3475 5741 3534 5784 ct
3585 5728 3678 5792 15.

2088 5796 2210 5882 pag.
2241 5796 2309 5855 67
2349 5811 2404 5858 et
2419 5796 2514 5859 Ἠ.
