4162 6412
473 422 580 481 705
1319 419 1892 480 ORIGENIANOBUM
1932 420 2061 479 LIB.
2101 419 2167 486 ll,
2212 420 2364 476 CAP.
2406 420 2474 486 ll,
2516 420 2795 488 QUEST.
2835 423 2877 478 l.
3624 428 3727 482 706

476 540 572 596 te:
605 539 692 595 III.
726 540 794 596 de
820 538 1040 597 Christo
1065 579 1081 605 ,
1133 540 1357 610 ejusque
1390 539 1760 594 incarnatione
1788 548 1841 591 et
1866 536 2143 610 oixovoulqt
2177 552 2190 588 :
2224 535 2315 593 1V.
2351 536 2417 610 de
2452 536 2513 610 B.
2544 535 2711 610 Maria
2744 535 2967 610 Virgine
3001 556 3014 592 :
3054 538 3117 593 V.
3148 539 3214 595 de
3243 539 3449 610 angelis
3494 540 3650 594 bonis
3676 554 3730 597 et

477 610 633 666 malis
667 629 680 665 :
710 610 798 665 Vl.
829 614 893 665 de
920 613 1099 665 anima
1128 630 1140 665 :
1165 607 1287 664 'Vll.
1317 610 1383 665 de
1413 612 1582 664 libero
1640 610 1870 663 arbitrio
1892 648 1907 671 ,
1954 607 2125 671 gratia
2187 618 2241 661 et
2269 607 2740 676 prmdestinatione
2770 625 2782 659 :
2824 607 2953 661 VIII.
2984 611 3051 662 de
3078 612 3238 665 astris
3274 629 3287 664 :
3325 609 3417 665 IX.
3452 612 3517 665 de
3548 626 3731 664 resur-

476 683 719 737 reCtione
744 692 1080 737 mortuorum
1114 701 1126 735 :
1157 680 1228 735 X.
1256 682 1324 735 de
1355 693 1628 750 postremo
1668 679 1874 747 judicio
1910 694 1925 731 :
1958 677 2049 750 XI.
2084 678 2151 731 de
2183 678 2359 750 poenis
2405 687 2459 730 et
2494 678 2730 750 parariis
2760 695 2773 730 :
2804 678 2919 733 XII.
2958 680 3025 734 de
3060 682 3263 750 mundo
3287 721 3301 745 ,
3334 681 3589 748 paradiso
3620 691 3732 735 ter-

480 752 639 807 restri
695 761 749 806 et
793 754 1000 807 Adamo
1032 769 1045 804 :
1080 751 1221 807 XIII.
1264 753 1331 807 de
1357 747 1658 823 allegorica
1691 749 1988 819 Scriptura:
2019 748 2469 816 interpretatione
2502 769 2513 801 :
2544 747 2681 803 XIV.
2713 749 3135 818 quaestiunculas
3169 747 3375 821 aliqum
3424 752 3580 821 quasi
3634 767 3731 820 per

476 832 710 895 saturam
743 823 1139 891 complectitur.

950 1076 1277 1146 QUIESTIO
1328 1076 1560 1134 PRIMA.

1137 1187 1203 1226 DE
1253 1186 1377 1227 DEO.

474 1266 517 1323 l.
554 1267 746 1322 Utrum
794 1265 1251 1332 circumscriptam
1300 1281 1410 1318 esse
1447 1264 1541 1318 Dei
1572 1263 1863 1333 potentiam
1901 1261 2047 1333 Ada-

540 1339 773 1393 mantius
796 1337 1005 1390 dixerit.
1030 1335 1095 1389 ll.
1123 1331 1581 1400 Quemadmodum
1614 1335 1715 1401 ipsi
1740 1351 1773 1386 a
1799 1331 2047 1385 Patribus

542 1404 1169 1478 quibusdamﬁobjicitur.
1200 1404 1287 1459 Ill.
1328 1404 1429 1460 Cui
1469 1415 1517 1478 et
1562 1403 1806 1478 nonnulli
1848 1403 2048 1478 assensi

544 1474 686 1532 sunt.
737 1476 825 1530 IV.
859 1477 941 1531 Ex
978 1478 1252 1529 academia
1294 1477 1520 1529 manavit
1554 1475 1737 1527 isthtec
1774 1474 2042 1526 doctrina.

546 1548 609 1603 V.
648 1547 837 1602 Utrum
874 1562 1179 1613 corporeum
1216 1563 1327 1599 esse
1365 1545 1526 1599 Deum
1559 1554 1704 1597 ratus
1735 1546 1823 1597 sit.
1846 1542 1943 1613 iVl.
1971 1545 2044 1594 Ab

544 1620 797 1673 hmreseos
829 1612 987 1671 Itu'us
1004 1632 1093 1671 sus
1133 1616 1303 1669 icione
1324 1616 1649 1670 vindicatur.
1684 1613 1795 1669 VII.
1826 1612 2047 1684 Objecta

544 1691 840 1739 diluuntur.
882 1634 1011 1739 \{IIL
1044 1633 1247 1739 Multos
1286 1686 1369 1739 hic
1397 1702 1546 1739 error
1575 1685 1781 1739 infecit.

543 1691 840 1744 diluuntur.
882 1685 1011 1744 VIII.
1044 1685 1247 1741 Multos
1286 1686 1369 1739 hic
1397 1702 1546 1740 error
1575 1685 1781 1754 infecit.

543 1802 585 1858 Ι.
614 1801 853 1856 Primum
887 1800 991 1855 hoc
1013 1799 1231 1854 nomine
1254 1799 1473 1869 vapulat
1497 1796 1879 1862 Adamantius,
1904 1797 2046 1867 quod

475 1896 681 1951 ﬁnitam
711 1909 833 1950 esse
864 1908 928 1949 ac
958 1892 1206 1949 terminis
1232 1891 1707 1958 circumscriptam
1736 1890 1828 1945 Dei
1859 1903 2048 1962 poten-

476 1988 601 2041 tiam
643 1985 969 2051 crediderit,
1000 1994 1185 2055 totque
1225 1998 1348 2040 eum
1391 1998 1719 2054 procreasse
1752 1998 1865 2049 res,
1915 1994 2047 2053 quot

476 2078 824 2136 Providentia
852 2093 951 2133 sua
979 2081 1260 2134 continere
1284 2086 1339 2133 et
1364 2077 1755 2134 administrare
1789 2085 2000 2148 poterat
2029 2096 2043 2145 ;

476 2182 676 2227 tantam
724 2186 847 2227 eum
905 2169 1103 2228 fecisse
1156 2170 1461 2235 materiam,
1518 2180 1780 2240 quantam
1832 2172 2048 2227 valebat

472 2278 692 2330 ornare,
723 2273 779 2319 et
807 2264 862 2318 in
895 2279 1076 2319 rerum
1107 2264 1318 2320 formas
1350 2263 1623 2331 dividere;
1674 2274 1884 2320 tantum
1928 2266 2045 2336 ipse

472 2356 733 2427 potuisse,
756 2371 1017 2426 quantum
1040 2356 1090 2413 ei
1124 2356 1191 2411 ad
1218 2357 1481 2425 agendum
1509 2358 1736 2413 materia
1769 2359 2046 2413 ministra-

472 2447 572 2513 rit;
614 2462 714 2503 nec
745 2447 799 2502 in
833 2448 1100 2502 inﬁnitum
1147 2447 1528 2517 proferendam
1573 2446 1689 2517 ejus
1718 2449 2040 2519 potentiam,
2074 2434 2116 2488 Β

473 2541 647 2596 laudis
673 2541 931 2606 obtentu;
962 2555 1031 2595 ne
1060 2539 1296 2609 seipsam
1331 2541 1530 2610 quippe
1556 2556 1586 2593 a
1610 2555 1669 2597 se
1713 2540 2042 2597 intellectum

475 2634 567 2700 iri,
595 2633 697 2687 nisi
724 2634 1080 2688 determinata
1112 2632 1286 2699 foret,
1323 2633 1595 2687 inﬁnitum
1628 2632 1772 2686 enim
1797 2647 2045 2702 compre-

476 2726 634 2781 hendi
673 2740 777 2780 non
803 2738 981 2796 posse.
1012 2724 1456 2793 Quotiescunque
1486 2724 1648 2796 igitur
1678 2725 1844 2780 Deum
1868 2724 2046 2780 omni-

471 2826 745 2888 potentem
795 2818 1055 2890 Origenes
1092 2818 1310 2883 dixerit,
1362 2832 1450 2871 res
1487 2832 1677 2875 omnes
1717 2834 1839 2889 qua:
1871 2819 1939 2875 ab
1981 2833 2044 2875 eo

472 2920 673 2967 creatae
698 2919 825 2966 sunt
851 2911 906 2966 in
941 2910 1057 2979 ejus
1085 2925 1205 2967 esse
1242 2920 1549 2981 potestate;
1600 2926 1705 2966 non
1745 2925 1877 2966 vero
1917 2911 2042 2967 inﬁ-

472 3005 641 3059 nitum
682 3020 863 3059 rerum
908 3019 1195 3059 numerum
1226 3003 1296 3059 ab
1321 3019 1385 3059 eo
1412 3004 1608 3067 creari,
1639 3014 1695 3059 et
1732 3004 1798 3059 ad
1831 3004 2042 3059 libitum

471 3097 582 3167 regi
611 3111 771 3167 posse
816 3096 1178 3160 intellexerit;
1224 3097 1329 3151 hoc
1358 3104 1463 3163 est,
1495 3111 1615 3151 esse
1650 3096 1868 3166 quidem
1916 3110 2042 3151 eum

470 3188 899 3259 παντοκράτορα,
952 3198 1005 3243 at
1049 3186 1462 3259 παντοδύναμον
1504 3203 1611 3244 non
1662 3203 1803 3243 esse.
1862 3189 2043 3257 Atque

468 3276 585 3331 haec
612 3292 744 3331 sane
793 3278 1060 3332 sententia
1088 3293 1155 3331 ex
1187 3277 1273 3333 bis
1316 3278 1434 3347 ejus
1466 3278 1651 3334 verbis
1695 3278 1831 3333 satis
1859 3286 2041 3333 exstat

470 3366 565 3423 lib.
612 3385 630 3424 ι
686 3368 759 3424 De
806 3371 1056 3440 princip.,
1085 3386 1205 3441 cap.
1235 3370 1293 3435 2,
1321 3387 1471 3427 num.
1520 3370 1590 3426 10
1620 3392 1632 3427 :
1660 3390 1679 3425 ι
1709 3371 1852 3427 Deus
1879 3370 2041 3427 Pater

466 3459 808 3529 omnipotens
836 3470 940 3528 est,
962 3476 1028 3517 eo
1049 3463 1191 3532 quod
1232 3471 1572 3531 potentatum
1595 3462 1841 3517 omnium
1871 3470 2038 3527 tenet,

468 3551 522 3606 id
552 3562 637 3607 est
663 3552 788 3608 caeli
823 3562 880 3609 et
931 3563 1115 3621 terrae,
1168 3555 1298 3610 solis
1343 3563 1397 3610 et
1435 3554 1599 3621 Iunce,
1631 3565 1686 3612 et
1729 3554 2037 3623 stellarum,

467 3646 817 3715 omniumque
846 3660 965 3716 quae
1004 3646 1058 3701 in
1089 3648 1220 3717 ipsis
1243 3656 1392 3702 sunt.
1423 3666 1442 3700 ι

2072 1079 2120 1134 Α
2218 1070 2306 1126 lli.
2364 1072 2576 1127 Vanum
2632 1085 2766 1141 ergo
2824 1068 3042 1141 Origeni
3099 1072 3461 1139 patrocinium
3525 1073 3730 1143 prabet

2150 1165 2431 1222 llalloxius
2456 1166 2549 1220 lib.
2604 1181 2658 1220 1v
2723 1167 2937 1237 Origen.
2970 1166 3197 1232 defens.,
3227 1177 3421 1235 quaest.
3456 1166 3510 1234 6,
3539 1167 3591 1222 id
3622 1167 3727 1223 sibi

2148 1259 2286 1315 velle
2314 1258 2605 1329 Origenem
2638 1258 2963 1329 praedicans,
3008 1277 3026 1310 ι
3060 1268 3253 1313 cuncta
3297 1259 3407 1313 Deo
3436 1274 3559 1315 esse
3598 1260 3731 1317 sub-

2142 1351 2307 1422 jecta,
2339 1360 2394 1407 et
2444 1351 2562 1421 ejus
2598 1350 3017 1420 omnipotentiae
3060 1350 3112 1404 in
3167 1350 3403 1406 creando
3454 1352 3727 1421 aequalem

2148 1458 2273 1501 esse
2332 1442 2658 1512 sapientiam
2712 1442 2765 1495 in
2813 1441 3187 1510 gubernando,
3234 1442 3309 1497 ita
3353 1451 3411 1495 ut
3451 1456 3731 1512 nunquam

2148 1540 2268 1595 fieri
2297 1540 2492 1610 possit.
2524 1547 2584 1593 ut
2614 1546 2692 1593 tot
2718 1546 2982 1606 tantaque
3011 1546 3182 1601 creet,
3214 1538 3342 1607 quin
3384 1546 3463 1593 tot
3484 1547 3540 1593 et
3572 1546 3731 1593 tanta

2149 1633 2457 1700 gubernare
2488 1629 2695 1700 possit;
2743 1635 2804 1683 ut
2836 1628 3097 1697 sapientia
3142 1628 3515 1695 gubernatoris
3558 1629 3731 1698 aequi-

2148 1732 2373 1792 paretur
2395 1722 2649 1794 potentia:
2682 1720 3015 1777 Conditoris.
3058 1737 3076 1771 ι
3105 1718 3261 1787 Quod
3281 1718 3326 1773 si
3363 1720 3552 1774 eadem
3582 1735 3733 1789 qua:-

2148 1821 2331 1876 stione
2374 1820 2765 1891 cespitantium
2813 1833 3077 1873 numerus
3112 1817 3293 1873 facere
3326 1818 3528 1889 aliquid
3556 1827 3732 1889 potest

2148 1928 2247 1984 pro
2278 1930 2441 1970 causa
2479 1913 2753 1983 Origenis,
2789 1913 3042 1967 dabimus
3084 1912 3307 1967 Petrum
3359 1912 3727 1976 Abzelardum,

2148 2004 2422 2059 hominem
2457 2004 2682 2074 inquieti
2731 2002 2955 2072 ingenii,
3001 2010 3057 2056 et
3104 2017 3368 2057 novarum
3410 2002 3731 2071 opinionum

2147 2095 2399 2159 studiosi,
2451 2095 2540 2164 qui
2594 2094 2690 2149 lib.
2742 2108 2804 2148 tu
2859 2090 3155 2148 Introduct.
3205 2093 3453 2163 theolog.,
3502 2108 3624 2162 cap.
3672 2093 3729 2157 5,

2148 2187 2222 2242 ita
2274 2187 2514 2256 disputat
2556 2204 2571 2241 :
2623 2185 2942 2253 «Quantum
2995 2185 3161 2255 igitur
3212 2185 3447 2251 aestimo,
3495 2200 3617 2240 cum
3675 2184 3730 2238 id

2151 2287 2355 2333 tantum
2389 2276 2531 2333 Deus
2562 2277 2746 2333 facere
2782 2277 2973 2349 possit,
3024 2278 3173 2347 quod
3202 2292 3328 2333 eum
3377 2277 3559 2333 facere
3593 2292 3730 2334 con-

2148 2371 2334 2439 venit,
2386 2386 2488 2427 nec
2538 2387 2660 2427 eum
2708 2371 3006 2442 quidquam
3049 2371 3231 2427 facere
3273 2372 3547 2436 convenit,
3586 2372 3729 2441 quod

2150 2465 2332 2521 facere
2362 2464 2746 2535 praetermittat
2768 2506 2784 2532 ,
2818 2463 3067 2533 profecto
3098 2463 3152 2519 id
3194 2463 3369 2519 solum
3416 2479 3538 2518 eum
3567 2478 3739 2533 posse

2148 2557 2333 2615 facere
2376 2557 2638 2623 arbitror,
2688 2557 2835 2627 quod
2884 2557 3209 2627 quandoque
3255 2556 3424 2611 facit:
3456 2556 3581 2611 licet
3615 2559 3732 2611 haec

2148 2659 2335 2706 nostra
2366 2649 2553 2719 opinio
2575 2664 2780 2720 paucos
2811 2658 2906 2703 aut
2929 2647 3105 2704 nullos
3126 2648 3323 2703 habeat
3344 2658 3735 2716 assentatores,

2151 2754 2206 2800 et
2229 2743 2522 2813 plurimum
2550 2741 2714 2798 dictis
2734 2749 3073 2807 sanctorum,
3094 2741 3553 2813 etaliquantnlum
3587 2757 3618 2797 a
3638 2758 3730 2797 ra-

2149 2836 2294 2892 tione
2321 2834 2615 2891 dissentire
2650 2834 2924 2890 videatur.
2956 2854 2975 2887 ι
3013 2834 3272 2890 Dabimus
3311 2843 3366 2889 et
3391 2833 3721 2889 Guilelmum

2145 2927 2539 2993 Parisiensem,
2587 2928 2680 2998 qui
2726 2927 2911 2998 plures
2946 2943 2975 2981 a
3013 2927 3124 2982 Deo
3176 2928 3405 2983 mundos
3451 2927 3728 2997 procreari

2148 3035 2305 3091 posse
2339 3019 2592 3090 negabat.

2217 3109 2305 3168 IV.
2334 3110 2603 3167 Videntur
2624 3126 2689 3166 ea
2716 3108 2965 3181 profecto
2995 3124 3029 3166 e
3055 3108 3255 3165 veteris
3283 3107 3580 3164 academiae
3604 3117 3727 3164 orta

2146 3206 2425 3261 decretis:
2456 3205 2644 3260 docuit
2668 3204 2813 3259 enim
2843 3202 3036 3267 Plato,
3079 3217 3240 3270 quem
3280 3200 3396 3255 fere
3430 3208 3730 3256 assectatur

2144 3298 2525 3363 Adamantius,
2580 3296 2747 3350 Deum
2807 3310 2929 3350 esse
2984 3295 3163 3365 ipsum
3213 3294 3454 3347 animum
3514 3294 3735 3359 mundi,

2144 3390 2327 3446 omnia
2367 3389 2577 3460 quae'in
2623 3386 2826 3443 mundo
2857 3395 2984 3440 sunt
3026 3393 3411 3454 procurantem
3453 3393 3507 3438 et
3553 3383 3729 3438 admi-

2145 3484 2490 3539 nistrantem.
2516 3480 2709 3536 Cicero
2752 3495 2768 3533 ι
2805 3476 3058 3531 Academ.
3080 3485 3266 3543 quiest.
3289 3490 3309 3529 :
3349 3493 3367 3527 ι
3394 3473 3588 3530 Partes
3630 3489 3729 3531 au-

2149 3584 2254 3630 tem
2283 3588 2405 3629 esse
2434 3572 2619 3627 mundi
2663 3570 2880 3644 (putant
2924 3565 3246 3638 academici)
3293 3566 3475 3622 omnia
3500 3581 3621 3636 qua:
3647 3568 3737 3625 inc

2145 3666 2256 3722 sint
2287 3666 2339 3720 in
2372 3679 2460 3731 eo,
2492 3678 2613 3734 quae
2639 3671 2829 3717 natura
2867 3659 3137 3716 sentiente
3181 3667 3486 3723 teneantur,
3529 3659 3582 3713 in
3621 3674 3736 3729 qua

540 3738 603 3793 Il.
639 3736 827 3807 Itaque
858 3738 962 3795 hoc
983 3739 1033 3796 ei
1063 3741 1269 3795 crimen
1302 3740 1491 3810 objicit
1531 3738 1869 3811 Theophilus
1906 3741 2040 3795 Aie-

2148 3760 2286 3815 ratio
2321 3759 2558 3830 perfecta
2611 3757 2762 3817 insit.
2817 3770 2937 3825 quae
2982 3754 3053 3808 sit
3103 3753 3292 3808 eadem
3322 3752 3675 3822 sempiterna
3710 3770 3731 3807 ε

468 3830 765 3886 xandrinus
799 3832 850 3885 in
898 3832 1072 3901 prima
1122 3830 1374 3886 Paschali
1405 3831 1667 3902 epistola;
1713 3834 1799 3888 cui
1844 3831 2039 3887 testiﬁ-

468 3923 642 3977 cando
668 3923 933 3977 disertum
963 3921 1170 3992 profert
1199 3938 1229 3978 e
1257 3923 1433 3993 primo
1480 3922 1558 3978 De
1596 3924 1872 3993 principiis
1904 3924 2043 3979 libro

470 4012 827 4083 fragmentum
856 4016 1195 4073 Justinianus
1222 4016 1519 4086 imperator
1546 4018 1610 4073 ad
1635 4018 1843 4073 calcem
1878 4019 2039 4089 epist.

468 4106 535 4158 ad
564 4106 706 4163 Men.
770 4110 914 4178 quod
978 4111 1034 4164 in
1102 4106 1296 4162 Latina
1351 4107 1535 4163 Ruﬁni
1587 4108 2043 4179 interpretatione

466 4197 604 4252 libro
636 4214 677 4263 l,
710 4214 829 4269 cap.
867 4201 923 4262 2,
960 4216 1112 4259 num.
1161 4201 1251 4267 10,
1298 4216 1406 4255 non
1450 4214 1641 4269 parum
1685 4200 2040 4256 deformatum

466 4291 753 4360 reperitur.
809 4293 1081 4348 Praeterea
1117 4294 1321 4348 idcirco
1369 4293 1627 4347 mundum
1666 4294 1777 4347 Deo
1808 4301 2041 4347 coaeter-

468 4398 592 4437 num
623 4384 921 4441 credidisse
956 4385 1105 4440 illum
1159 4386 1327 4440 refert
1370 4384 1675 4440 Methodius
1708 4384 1848 4454 apud
1897 4384 2043 4439 Plio.

466 4478 599 4534 tium
628 4478 817 4534 codice
844 4479 973 4545 255,
992 4481 1134 4550 quod
1169 4494 1388 4550 semper
1418 4478 1581 4534 fuerit
1618 4478 2037 4549 παντοκράτωρ,

464 4580 687 4634 minime
727 4591 906 4636 autem
950 4580 1369 4653 παντοκράτορα
1405 4594 1527 4637 esse
1564 4594 1722 4650 posse
1762 4579 1890 4634 ἄνευ
1927 4578 2039 4633 τῶν

463 4671 866 4743 κρατουμένων.
914 4672 1069 4729 Unde
1120 4673 1369 4743 sequitur
1419 4674 1847 4742 omnipotentem
1893 4687 2036 4736 esse,

463 4778 568 4817 non
599 4763 744 4832 quod
774 4764 955 4818 omnia
997 4766 1164 4834 possit
1207 4764 1442 4832 eﬁicere,
1473 4764 1571 4821 sed
1594 4766 1736 4835 quod
1770 4766 1821 4817 in
1854 4763 2036 4819 omnia

462 4868 580 4921 quae
615 4863 743 4908 sunt
768 4865 1093 4923 potestatem
1126 4856 1343 4912 habeat.
1373 4855 1605 4912 Ruﬁnus
1633 4856 1956 4912 Palaestinos
1981 4855 2033 4910 in

463 4944 644 5000 libello
689 4946 762 5000 De
802 4947 927 5016 ﬁde,
970 4962 1132 5017 quem
1176 4949 1347 5005 edidit
1386 4948 1710 5006 Sirmondus
1744 4964 1760 5003 :
1800 4969 1819 5001 ι
1852 4949 2034 5020 Impie,

432 5042 435 5047 ‘
463 5035 662 5106 inquit,
704 5036 971 5107 Origenes
996 5054 1061 5095 ac
1092 5038 1302 5095 nefarie
1328 5039 1470 5095 fatus
1502 5049 1605 5104 est,
1624 5041 1715 5110 qui
1750 5041 1831 5096 sic
1858 5042 1991 5096 dixit
2018 5060 2031 5095 :

2146 3850 2279 3905 nihil
2306 3851 2451 3906 enim
2476 3848 2748 3903 valentius
2777 3861 2897 3902 esse
2929 3860 2959 3900 a
2986 3861 3096 3916 quo
3124 3846 3384 3912 intereat.
3412 3844 3586 3911 Quam
3616 3845 3733 3900 vim

2146 3941 2385 3995 animum
2409 3953 2531 3993 esse
2557 3938 2746 3992 dicunt
2776 3936 2984 4003 mundi,
3026 3937 3382 4005 eamdemque
3413 3949 3536 3989 esse
3571 3947 3726 3990 men-

2150 4046 2282 4101 tem,
2318 4034 2754 4105 sapientiamque
2792 4029 3111 4100 perfectam,
3144 4044 3305 4098 quam
3337 4027 3505 4082 Deum
3539 4026 3731 4097 appel«

2146 4127 2653 4195 lant,omniumqne
2685 4137 2865 4179 rerum
2900 4138 3020 4192 quas
3042 4129 3169 4177 sunt
3197 4120 3247 4182 ei
3280 4120 3539 4189 subjecta:
3569 4119 3729 4187 quasi

2144 4220 2489 4290 prudentiam
2521 4217 2836 4289 quamdam,
2866 4223 3248 4284 procurantem
3277 4209 3522 4265 ccelestia
3548 4208 3718 4272 maxi-

2146 4331 2252 4379 me,
2288 4314 2484 4370 deinde
2518 4314 2571 4367 in
2610 4312 2772 4368 terris
2797 4326 2861 4366 ea
2902 4308 3024 4380 qua:
3046 4308 3319 4379 pertinent
3352 4307 3420 4360 ad
3447 4305 3727 4368 homines,

2142 4421 2305 4475 quam
2343 4404 2620 4459 interdum
2650 4401 3026 4457 necessitatem
3078 4397 3389 4468 appellant,
3430 4395 3555 4463 quia
3585 4394 3723 4447 nihil

2143 4498 2302 4552 aliter
2339 4511 2459 4551 esse
2491 4494 2687 4566 possit,
2730 4503 2894 4564 atque
2936 4492 3003 4546 ab
3050 4488 3115 4545 ea
3166 4489 3519 4545 constitutum
3567 4485 3661 4540 sit.
3695 4502 3724 4537 ν

2142 4588 2305 4657 Atqui
2348 4586 2425 4641 rei
2459 4585 2885 4656 uniuscujusque
2915 4584 3130 4638 animus
3163 4580 3290 4635 huic
3317 4579 3622 4634 animantia:
3656 4584 3712 4632 et

2143 4680 2391 4749 regenda:
2438 4693 2557 4749 par,
2607 4679 2716 4733 vim
2749 4691 2903 4732 suam
2950 4675 3027 4731 ad'
3065 4674 3220 4744 plura
3269 4671 3559 4727 animanda
3614 4685 3732 4725 non

2139 4781 2319 4841 potest
2348 4784 2610 4836 exerere;
2644 4770 2786 4823 intra
2817 4768 2895 4823 rei
2928 4767 3072 4822 enim
3103 4765 3206 4820 sibi
3234 4764 3489 4833 subjecta:
3526 4762 3716 4816 termi-

2142 4881 2239 4919 nos
2276 4868 2389 4918 haac
2414 4864 2587 4933 ipsius
2615 4863 2695 4916 vis
2720 4861 3025 4916 cohibetur.
3069 4860 3298 4915 Animus
3341 4872 3471 4926 ergo
3506 4854 3716 4919 mundi,

2139 4960 2228 5025 qui
2253 4956 2403 5024 juxta
2433 4955 2715 5010 Platonem
2742 4954 2880 5009 Deus
2916 4953 3031 5022 ipse
3059 4961 3163 5017 est,
3194 4958 3524 5021 potestatem
3563 4961 3720 5001 suam

2142 5050 2209 5105 ad
2241 5050 2385 5102 aliud
2426 5046 2776 5102 animantium
2811 5053 2967 5099 extra
3012 5044 3271 5097 mundum
3324 5037 3572 5108 proferre
3609 5051 3719 5090 non

463 5127 577 5183 Non
613 5129 795 5184 omnia
830 5146 949 5199 quae
975 5131 1146 5187 voluit
1195 5132 1337 5187 Deus
1388 5130 1517 5188 fecit
1540 5175 1555 5199 ,
1594 5134 1689 5189 sed
1719 5149 1781 5189 ea
1830 5143 2035 5189 tantum
2072 5122 2115 5177 θ
2145 5148 2362 5209 potest;
2390 5138 2553 5209 igitur
2580 5152 2647 5191 ne
2679 5136 2745 5189 ad
2769 5137 3065 5191 creandum
3106 5133 3347 5203 quidem.
3380 5130 3722 5198 Quapropter

462 5236 581 5291 quae
606 5222 780 5292 potuit
819 5223 1102 5279 continere
1150 5234 1207 5279 et
1237 5225 1721 5294 comprehendere.
1767 5225 1871 5294 Qui
1913 5242 2035 5281 cum

463 5314 564 5370 hoc
604 5316 763 5384 dixit,
812 5315 1018 5371 ademit
1060 5317 1289 5373 Domino
1334 5327 1655 5373 cunctorum
1699 5318 2035 5388 potentiam.

462 5406 614 5475 quasi
647 5422 713 5463 ex
736 5418 891 5476 parte
917 5408 1141 5462 dimidia
1179 5408 1229 5463 ei
1253 5408 1489 5467 faciendi
1521 5421 1761 5481 potestas
1792 5413 2051 5467 daretur.

463 5496 595 5552 Nam
626 5499 671 5554 si
696 5499 1044 5566 continendi,
1080 5514 1143 5554 ac
1168 5500 1271 5555 sibi
1311 5517 1432 5573 qua:
1462 5500 1677 5558 faceret
1705 5502 2036 5573 subjugandi

463 5605 566 5644 non
593 5591 777 5658 habet,
812 5601 873 5645 ut
916 5592 1005 5646 ille
1035 5593 1311 5660 aestimat,
1342 5594 1653 5649 facultatem
1674 5634 1691 5660 ,
1722 5610 1792 5650 ne
1814 5594 2038 5650 creandi

462 5683 678 5750 quidem
757 5684 965 5739 scilicet
1027 5696 1349 5755 potestatem
1418 5684 1660 5740 habebit.
1734 5686 1867 5742 Nam
1944 5686 2036 5755 qui

464 5777 681 5831 creandi
710 5775 1022 5831 facultatem
1059 5779 1247 5846 habet,
1272 5786 1327 5833 et
1364 5778 1691 5850 subjugandi
1716 5781 1820 5837 sibi
1848 5788 2036 5837 creata

464 5867 709 5924 similiter
737 5868 980 5925 habebit.
1018 5888 1041 5920 ι

2146 5232 2390 5289 Plotinus
2415 5230 2559 5285 Enn.
2600 5229 2664 5295 V,
2697 5229 2793 5284 lib.
2823 5244 2877 5291 v,
2900 5242 3019 5295 cap.
3054 5226 3143 5290 l2,
3176 5223 3310 5278 nihil
3330 5236 3524 5278 creare
3554 5221 3725 5275 Deum

2143 5340 2302 5395 posse
2332 5324 2592 5391 decrevit,
2621 5333 2981 5393 praeterquam
3017 5321 3159 5391 quod
3187 5318 3415 5381 creavit,

2217 5416 2282 5471 ν.
2310 5417 2420 5473 Deo
2441 5431 2644 5487 corpus
2676 5415 2745 5469 ab
2771 5413 3003 5484 Origene
3045 5412 3340 5481 ascriptum
3388 5408 3555 5463 fuisse
3584 5421 3721 5462 non-

2146 5511 2295 5565 nulla
2344 5512 2670 5579 persuadere
2718 5516 2967 5577 possunt.
3027 5507 3265 5561 Primum
3319 5500 3730 5572 argumentatio

2148 5604 2262 5668 illa,
2293 5616 2455 5670 quam
2508 5617 2539 5655 e
2578 5602 2673 5655 lib.
2703 5616 2761 5654 Ill
2794 5598 2935 5668 Περὶ
2974 5596 3196 5669 ἀρχῶν,
3234 5609 3357 5664 cap.
3392 5596 3445 5661 6,
3478 5608 3628 5648 nurn.
3662 5592 3719 5657 1,

2146 5693 2364 5748 adducit
2392 5691 2760 5762 Hieronymus
2786 5692 2946 5758 epist.
2979 5693 3049 5748 59
3088 5693 3155 5745 ad
3191 5690 3358 5752 Avit.,
3385 5703 3503 5757 cap.
3532 5687 3584 5749 5,
3610 5699 3716 5754 qua

2145 5783 2383 5838 animam
2443 5795 2672 5850 corpore
2734 5781 3032 5844 carituram
3097 5783 3473 5836 demonstrare
3536 5777 3725 5843 studet

2144 5871 2525 5936 Adamantius.
2579 5874 2703 5938 quia
2750 5873 2927 5927 sancti
2963 5874 3072 5932 Dee
3118 5874 3320 5930 similes
3353 5872 3521 5926 futuri
3572 5879 3716 5930 sunt.
