4162 6454
416 429 516 487 707
1682 426 1742 483 P.
1784 425 2099 482 DANIELIS
2137 425 2371 482 HUETII
3556 428 3662 484 708

413 550 567 619 juxta
604 545 732 601 Illud
761 543 964 616 Christi
994 561 1007 596 :
1043 562 1063 594 ι
1097 543 1168 599 Ut
1200 542 1475 613 quomodo
1507 557 1610 612 ego
1636 553 1691 599 et
1734 554 1789 599 tu
1820 561 1983 599 unum
2014 555 2061 612 Α
2091 545 2124 598 5
2166 561 2182 598 :
2219 563 2236 594 ι
2270 541 2427 598 Omni
2469 541 2632 610 igitur
2666 551 2855 605 sensu,
2892 539 2985 610 qui
3011 553 3327 611 corporeum
3355 540 3556 609 aliquid
3599 543 3661 597 de

415 652 625 700 sumus,
652 635 730 688 sic
756 644 810 686 et
837 634 923 687 isti
952 633 1006 686 in
1030 633 1187 687 nobis
1219 648 1380 686 unum
1406 633 1572 697 sint”;
1603 652 1621 684 ι
1649 635 1789 688 Deus
1813 644 1992 689 autem

415 737 500 783 est
528 728 900 795 incorporeus.
942 724 1093 791 Quod
1138 724 1314 792 ipsum
1359 727 1600 794 reperire
1631 726 1760 781 licet
1801 727 1989 782 homil.

416 818 445 877 ‘l
473 819 524 872 in
569 817 763 873 Genes.
798 832 946 873 num.
983 816 1066 880 l5,
1102 827 1154 870 et
1192 815 1283 870 lib.
1333 832 1383 870 τι
1435 828 1602 873 contr.
1637 816 1798 882 Cels.,
1842 836 1992 874 num.

416 911 506 966 69.
549 911 621 965 At
661 909 1014 964 ostendemus
1064 908 1119 962 in
1163 907 1540 976 sequentibus,
1587 911 1820 964 animam
1868 911 1996 966 licet

419 1005 816 1074 incorporalem
863 1013 1106 1058 statuere
1136 1003 1408 1068 videatur,
1461 1004 1622 1059 talem
1670 1015 1848 1060 tamen
1909 1022 1994 1060 re-

417 1109 601 1164 spectu
621 1097 945 1151 crassiorum
967 1111 1256 1166 corporum
1277 1096 1346 1150 ab
1372 1111 1437 1151 eo
1467 1097 1772 1166 praedicari,
1806 1115 1991 1154 revera

414 1202 646 1259 corpore
690 1187 971 1257 praeditam
1024 1187 1272 1251 decerni;
1325 1189 1782 1256 quemadmodum
1811 1191 1895 1243 vel
1924 1206 1989 1246 ex

417 1281 733 1350 praefatione
769 1277 1034 1333 librorum
1071 1277 1148 1333 De
1191 1281 1446 1347 princip.,
1502 1296 1652 1333 num.
1685 1280 1740 1346 8,
1787 1284 1994 1352 perspi-

416 1385 578 1424 cuum
605 1380 709 1436 est,
735 1371 822 1425 ubi
855 1371 962 1425 vim
987 1371 1139 1424 vocis
1170 1370 1348 1439 hujus,
1373 1370 1662 1441 ἀσώματον
1691 1387 1991 1441 exponens,

415 1461 592 1532 accipi
653 1464 814 1517 docet
871 1478 970 1531 pro
1014 1478 1079 1516 eo
1125 1463 1267 1532 quod
1309 1462 1458 1516 «Non
1494 1474 1577 1516 est
1631 1463 1807 1518 simile
1865 1467 1992 1522 huic

416 1564 610 1607 nostro
636 1552 915 1613 crassiori,
949 1561 1001 1605 et
1041 1552 1239 1605 visibili
1272 1551 1492 1622 corpori
1514 1569 1561 1617 ς»
1589 1553 1684 1606 sed
1709 1553 1880 1620 «quod
1912 1568 1992 1608 est

415 1643 736 1699 naturaliter
763 1643 960 1697 subtile
991 1651 1045 1694 et
1075 1642 1221 1696 velut
1247 1656 1381 1695 aura
1431 1650 1612 1696 tenue.
1646 1659 1664 1693 ι
1700 1641 1841 1696 Deus
1885 1642 1986 1710 igi—

418 1748 506 1791 tur
547 1737 632 1791 cui
668 1737 845 1789 anima
904 1734 1097 1788 similis
1134 1734 1416 1803 est,juxta
1461 1733 1750 1806 Origenem
1798 1751 1991 1805 reapse

415 1828 714 1897 corporalis
739 1835 844 1890 est,
875 1829 968 1880 sed
1010 1827 1320 1896 graviorum
1371 1836 1579 1881 tantum
1608 1828 1819 1883 ratione
1867 1843 1983 1882 cor~

2097 637 2204 692 Deo
2238 635 2468 706 intelligi
2519 634 2777 705 suggerit,
2810 643 2970 701 prout
3001 633 3272 702 potuimus
3296 675 3312 698 ,
3353 632 3659 700 confutata,

2092 729 2324 782 dicimus
2349 727 2643 781 secundum
2679 725 2965 778 veritatem
2999 724 3216 792 quidem
3247 724 3412 778 Deum
3444 726 3656 780 incom-

2094 818 2516 889 prehensibilem
2545 827 2707 886 atque
2733 815 3187 871 inaestimabilem.
3219 836 3238 868 ι
3279 816 3482 872 Deinde
3509 833 3659 872 num.

2094 912 2127 966 6
2162 933 2173 966 :
2207 931 2225 963 ι
2258 911 2371 964 Non
2405 925 2533 980 ergo
2561 919 2653 962 aut
2689 923 2886 977 corpus
2925 908 3162 977 aliquod,
3203 919 3297 963 aut
3325 910 3379 963 in
3434 925 3663 980 corpore

2093 1018 2214 1058 esse
2249 1003 2516 1072 putandus
2561 1012 2646 1056 est
2703 1000 2865 1065 Deus,
2915 1000 3008 1054 sed
3055 1000 3440 1056 intellectualis
3470 1012 3662 1057 natura

2092 1095 2349 1164 simplex,
2378 1093 2511 1148 nihil
2544 1094 2764 1148 omnino
2794 1092 2846 1144 in
2869 1106 2928 1147 se
2951 1092 3317 1162 adjunctionis
3342 1094 3661 1161 admittens,

2093 1189 2168 1242 uti
2205 1203 2272 1242 ne
2297 1186 2470 1255 majus
2505 1186 2706 1255 aliquid
2731 1195 2786 1240 et
2819 1182 3048 1239 inferius
3083 1186 3135 1238 in
3160 1201 3216 1240 se
3246 1187 3446 1242 habere
3472 1187 3664 1241 creda-

2095 1293 2213 1346 tur;
2266 1279 2358 1335 sed
2399 1288 2458 1332 ut
2489 1278 2559 1333 sit
2611 1294 2678 1333 ex
2725 1278 2870 1332 omni
2922 1289 3074 1348 parte
3108 1278 3291 1349 μονὰς,
3351 1289 3425 1346 ει,
3477 1288 3537 1334 ιιι
3587 1281 3662 1335 ita

2093 1375 2268 1428 dicam
2297 1369 2443 1435 ὲνὰς,
2471 1380 2526 1424 ει
2561 1386 2730 1436 mens,
2767 1386 2829 1425 ac
2869 1370 2989 1426 fons
3018 1386 3081 1425 ex
3120 1386 3227 1440 quo
3259 1371 3468 1425 initium
3499 1371 3664 1427 totius

2093 1463 2483 1520 intellectualis
2515 1472 2742 1526 naturae,
2794 1462 2873 1516 vel
2921 1462 3117 1518 mentis
3145 1471 3247 1519 est.
3277 1481 3296 1514 ι
3335 1463 3401 1517 Ει
3441 1477 3564 1533 cap.
3604 1463 3660 1528 6,

2093 1573 2244 1610 num.
2280 1556 2316 1610 4
2350 1571 2366 1610 :
2408 1574 2426 1607 ι
2454 1554 2634 1610 Solius
2674 1555 2791 1618 Dei,
2838 1556 2888 1608 id
2933 1566 3018 1610 est
3070 1551 3267 1619 Patris,
3307 1565 3364 1610 et
3416 1555 3560 1620 Filii,
3607 1567 3663 1611 et

2093 1647 2330 1718 Spiritus
2383 1648 2563 1702 sancti
2613 1657 2818 1701 naturae
2870 1647 2924 1700 id
2971 1649 3254 1718 proprium
3288 1657 3393 1712 est,
3441 1657 3499 1700 ut
3543 1648 3663 1702 sine

2091 1737 2367 1794 materiali
2398 1739 2725 1805 substantia,
2759 1752 2814 1796 et
2840 1743 3044 1812 absque
3073 1740 3178 1794 ulla
3206 1755 3480 1808 corporea:
3507 1740 3659 1808 adje-

2091 1829 2290 1886 ctionis
2363 1831 2625 1886 societate
2670 1831 3002 1902 intelligatur
3042 1830 3372 1894 subsistere;
3399 1847 3418 1879 ι
3472 1837 3530 1883 et
3562 1829 3660 1885 lib.

418 1936 606 1990 porum
675 1920 1047 1986 incorporeus.
1080 1917 1440 1988 Hieronymus
1478 1929 1740 1989 praeterea
1787 1935 1908 1990 cap.
1955 1919 1990 1974 5
2022 1926 2064 1984 Β
2092 1936 2154 1986 ιι,
2179 1935 2302 1990 cap.
2327 1919 2384 1986 2,
2407 1937 2556 1974 num.
2583 1920 2620 1974 2
2651 1920 2888 1977 :«Solius
2916 1934 3147 1989 namque
3172 1918 3456 1974 Trinitatis
3482 1918 3664 1974 incor-

417 2021 735 2069 memorata:
780 2013 847 2065 ad
898 2012 1111 2065 Avitum
1150 2011 1414 2080 epistolze,
1465 2012 1541 2066 ait
1587 2012 1872 2081 Origenem
1916 2015 1984 2068 ad

414 2116 717 2161 extremum
782 2103 902 2157 libri
950 2119 1012 2157 ιιι
1076 2103 1216 2171 Περὶ
1256 2103 1460 2172 ἀρχῶν
1519 2104 1633 2159 haec
1693 2104 1985 2160 intulisse:

423 2199 536 2253 (Et
581 2198 679 2252 erit
735 2197 872 2251 Deus
928 2197 1104 2250 omnia
1153 2197 1209 2249 in
1243 2196 1484 2250 omnibus
1533 2197 1576 2264 ’,
1638 2206 1698 2250 ut
1738 2196 1988 2252 universa

423 2300 616 2346 natura
680 2303 940 2358 corporea
1007 2287 1282 2356 redigatur
1347 2288 1400 2341 in
1456 2303 1575 2343 eam
1628 2288 1988 2343 substantiam

423 2395 537 2449 qua:
561 2377 815 2435 omnibus
845 2376 1035 2431 melior
1086 2386 1193 2441 εει,
1233 2376 1286 2429 in
1331 2375 1568 2430 divinam
1607 2376 1838 2440 scilicet,
1884 2391 1988 2445 qua

424 2473 562 2527 nulla
591 2480 674 2526 εει
701 2469 912 2524 melior.
946 2488 964 2522 ι
1013 2467 1081 2522 Et
1127 2466 1228 2522 sub
1255 2467 1416 2522 linem
1462 2467 1702 2535 ejusdem
1748 2469 1990 2538 epistola:

424 2565 586 2620 refert
634 2561 944 2632 Origenem,
981 2559 1072 2614 lib.
1104 2574 1158 2613 iv
1183 2558 1323 2627 Περὶ
1347 2558 1572 2628 ἀρχῶν.
1606 2578 1624 2610 ι
1665 2559 1990 2629 conjungere

424 2671 605 2714 omnes
664 2651 1020 2708 rationabiles
1048 2659 1288 2713 naturas,
1323 2650 1374 2704 id
1413 2659 1497 2705 est
1542 2650 1780 2715 Patrem,
1821 2661 1874 2705 et
1902 2650 1990 2705 Fi-

423 2750 568 2813 dum,
625 2755 681 2801 et
730 2743 996 2813 Spiritum
1057 2751 1332 2805 sanctum,
1376 2742 1620 2813 angelos,
1668 2751 1987 2812 potestates,

423 2837 855 2899 dominationes,
881 2843 1218 2902 caeterasque
1256 2834 1521 2896 virtutes,
1567 2835 1743 2904 ipsum
1777 2849 1991 2904 quoque

423 2931 689 2987 nominem
743 2927 1042 2982 secundum
1086 2925 1282 2981 anima:
1313 2925 1634 2994 dignitatem
1681 2926 1843 2980 unius
1869 2941 1991 2982 esse

423 3021 760 3079 substantiae.
789 3040 808 3074 ι
857 3019 914 3074 ld
940 3018 1115 3089 ipsum
1169 3031 1235 3072 ex
1275 3015 1393 3085 ejus
1439 3017 1685 3072 doctrina
1729 3019 1989 3088 consequi

422 3116 611 3185 probat
630 3113 963 3181 TlieOphilus
989 3111 1393 3167 Alexandrinus
1421 3125 1438 3164 ι
1477 3109 1675 3168 Pasch.

489 3204 579 3263 Vl.
621 3205 734 3274 (Ἡ)
766 3203 1130 3259 Nihilominus
1153 3211 1335 3256 tamen
1363 3201 1432 3255 ab
1463 3201 1566 3256 hac
1601 3202 1761 3271 longe
1795 3201 1988 3255 haeresi

2091 2029 2252 2083 porea
2291 2013 2398 2066 vita
2454 2014 2717 2069 exsistere
2769 2021 2919 2068 recte
2962 2012 3273 2082 putabitur;
3319 2029 3338 2063 ι
3365 2020 3421 2066 ει
3459 2011 3553 2067 lib.
3585 2025 3663 2079 iv,

2091 2121 2244 2160 num.
2291 2105 2361 2159 27
2400 2123 2412 2159 :
2453 2102 2590 2158 «Illa
2648 2119 2780 2161 vero
2831 2104 3132 2158 substantia
3172 2101 3491 2171 Trinitatis,
3541 2116 3664 2173 qua:

2092 2197 2415 2269 principium
2448 2204 2535 2252 est
2570 2206 2625 2251 et
2663 2211 2829 2252 causa
2876 2197 3116 2250 omnium
3140 2235 3156 2261 ,
3208 2210 3278 2249 ex
3314 2209 3421 2264 qua
3455 2195 3660 2259 omnia,

2090 2298 2147 2344 et
2177 2304 2275 2358 per
2303 2304 2465 2359 quam
2497 2289 2706 2354 omnia,
2755 2298 2810 2343 et
2841 2289 2895 2343 in
2926 2302 3032 2358 qua
3056 2287 3264 2354 omnia,
3315 2301 3491 2356 neque
3537 2301 3663 2342 cor-

2091 2394 2214 2449 pus,
2251 2393 2426 2448 neque
2456 2379 2509 2433 in
2563 2393 2788 2448 corpore
2825 2393 2948 2434 esse
2986 2378 3259 2432 credenda
3305 2386 3406 2432 est.
3439 2395 3459 2430 »
3514 2375 3663 2430 Ρηεδ

2090 2471 2239 2526 clare
2272 2486 2402 2526 vero
2429 2471 2524 2526 lib.
2558 2487 2618 2536 ιι,
2655 2485 2776 2541 cap.
2805 2470 2861 2536 4,
2895 2484 3047 2524 num.
3082 2469 3152 2524 5:
3189 2488 3207 2521 ι
3233 2467 3290 2524 Si
3323 2482 3519 2537 corpus
3543 2481 3665 2524 esse

2091 2561 2475 2632 pronuntietur
2505 2561 2668 2626 Deus,
2723 2561 2981 2631 quoniam
3021 2573 3183 2614 omne
3225 2573 3422 2628 corpus
3448 2573 3514 2613 ex
3543 2571 3662 2612 ma-

2095 2654 2227 2708 teria
2274 2661 2378 2719 est,
2437 2652 2747 2706 invenietur
2781 2661 2837 2706 et
2893 2652 3034 2706 Deus
3088 2664 3210 2704 esse
3261 2665 3328 2705 ex
3387 2649 3659 2702 materia:

2093 2746 2236 2815 quod
2260 2747 2306 2799 si
2337 2759 2408 2798 ex
2442 2744 2671 2798 materia
2719 2742 2819 2808 sit,
2859 2742 3088 2796 materia
3139 2751 3316 2796 autem
3346 2741 3465 2795 sine
3501 2739 3666 2795 dubio

2094 2833 2466 2904 corruptibilis
2521 2843 2639 2898 est;
2697 2832 2802 2886 erit
2859 2846 2993 2902 ergo
3037 2831 3150 2899 jam
3201 2830 3496 2885 secundum
3542 2828 3661 2884 illos

2093 2925 2464 2996 corruptibilis
2501 2925 2665 2980 Deus.
2695 2944 2714 2976 ι
2763 2924 2894 2990 Quae
2943 2925 2987 2978 si
3020 2924 3141 2994 quis
3187 2938 3217 2977 a
3264 2922 3459 2978 Rufino
3495 2921 3665 2992 gratis

2094 3018 2302 3073 inserta
2331 3025 2500 3089 putet,
2535 3017 2780 3073 eamdem
2815 3016 3292 3071 ratiocinationem
3322 3015 3570 3070 iteratam
3597 3028 3664 3068 ac

2094 3113 2371 3167 dilatatam
2416 3111 2598 3166 videat
2639 3122 2770 3165 tom.
2831 3125 2936 3164 ιιιι
2998 3111 3054 3164 in
3092 3108 3278 3175 Joan.,
3316 3123 3462 3162 num.
3501 3106 3565 3161 21
3609 3114 3666 3161 ει

2095 3220 2211 3274 seq.
2240 3204 2370 3258 ltem
2416 3202 2550 3257 libr.
2587 3217 2687 3257 vni
2737 3213 2906 3259 contr.
2943 3200 3107 3266 ϐείω,
3143 3215 3293 3254 num.
3324 3199 3413 3267 49,
3440 3199 3521 3254 εἰε
3550 3198 3659 3253 ait:

423 3270 664 3351 abfuisse
717 3270 893 3363 ipsum
943 3301 1130 3362 aperte
1172 3292 1434 3346 evincunt
1489 3291 1591 3346 loci
1649 3270 1987 3362 cumplures;

2096 3270 2232 3350 Οὐδὲ
2258 3295 2367 3366 γὰρ
2395 3294 2516 3348 καθ’
2547 3297 2697 3366 ἡμᾶς
2735 3297 2894 3367 σῶμα
2931 3298 2960 3349 ὁ
2995 3296 3126 3359 Θεύς
3151 3312 3166 3323 ·
3196 3295 3282 3348 ἵνα
3319 3295 3392 3366 μὴ
3433 3292 3665 3366 περιπέε-

423 3387 653 3442 maxime
679 3402 809 3442 vero
840 3386 1059 3456 caput!
1090 3384 1214 3439 libri
1257 3398 1273 3436 ι
1313 3381 1455 3452 Περὶ
1475 3383 1695 3452 ἀρχῶν,
1726 3399 1830 3454 quo
1867 3400 1989 3439 cor-

422 3486 519 3541 pus
565 3488 753 3527 omnes
792 3490 820 3526 a
863 3472 976 3528 Deo
1003 3471 1342 3542 apertissime
1379 3483 1711 3542 segregatur.
1763 3473 1988 3530 Demnm

422 3575 543 3636 post
582 3566 793 3636 longam
820 3566 897 3619 rei
930 3565 1090 3635 hujus
1117 3566 1495 3635 probationem
1531 3566 1612 3620 sic
1635 3566 1803 3622 habet
1837 3582 1986 3622 num.

491 3706 513 3736 “
537 3703 694 3761 Joan.
737 3718 873 3769 xvit,
903 3703 994 3758 21.
1069 3704 1090 3735 ⁸
1122 3703 1143 3758 I
1171 3703 1295 3759 Cor.
1322 3720 1411 3770 xv,
1446 3701 1535 3757 28.

517 3839 604 3910 71)
676 3837 1035 3894 Nihilominus
1085 3851 1260 3894 tamen
1325 3841 1390 3893 ab
1443 3841 1539 3894 hac
1602 3840 1752 3911 longe
1801 3841 1986 3895 Iurreai

424 3911 654 3980 abfuisse
685 3911 855 3975 ipsum
879 3921 1052 3980 aperte
1067 3911 1308 3980 evincunt
1340 3911 1442 3964 laci
1462 3912 1788 3980 complures;
1814 3913 1988 3964 maxi-

423 3988 648 4036 me'vero
678 3989 834 4046 caput
877 3980 900 4032 l
944 3979 1064 4034 libri
1121 3996 1135 4033 ι
1173 3979 1312 4048 Περὶ
1343 3979 1714 4049 ἀρχῶν-,θιὼ
1751 3982 1985 4037 Maxime

423 4053 492 4105 ab
523 4051 630 4121 hac
656 4049 845 4104 haeresi
879 4062 1139 4118 purgatur
1169 4051 1433 4120 Origenes
1474 4065 1540 4103 ex
1572 4051 1657 4105 his
1689 4067 1808 4121 qua:
1852 4053 1985 4106 dicit

396 4122 561 4190 _libro
599 4120 675 4191 De
707 4121 964 4191 oratione,
1017 4121 1113 4190 qui
1161 4121 1350 4176 Graece
1401 4122 1608 4191 integer
1637 4120 1833 4186 exstat,
1891 4123 1983 4177 tibi

395 4189 572 4245 ‘num.
599 4190 690 4254 $5,
721 4204 844 4260 pag.
877 4189 982 4244 9.53
1036 4189 1263 4260 etiseq.,
1307 4189 1582 4260 exponens
1615 4192 1788 4258 prima
1818 4194 1981 4246 verba

423 4261 684 4316 orationis
719 4259 1011 4317 Dominicaz
1034 4305 1048 4325 ,
1094 4259 1256 4314 Pater
1294 4259 1486 4324 noster,
1521 4263 1609 4329 qui
1638 4277 1691 4315 es
1730 4263 1781 4315 in
1816 4263 1982 4323 caelis,

423 4331 664 4386 occurrit
719 4329 1114 4396 objectiouibus
1164 4331 1554 4398 simpliciorum
1616 4334 1973 4401 quorumdam

423 4403 515 4469 qui
550 4401 718 4455 Deum
757 4415 876 4454 esse
919 4401 970 4454 in
1016 4402 1158 4462 loco,
1191 4401 1434 4470 adeoque
1491 4416 1810 4470 corporeum
1862 4417 1984 4456 esse

425 4472 549 4529 inde
577 4480 634 4525 et
663 4486 727 4524 ex
765 4470 1082 4538 quibusdam
1118 4471 1233 4524 aliis
1267 4469 1483 4526 Veteris
1520 4469 1746 4525 et'Novi
1797 4472 1986 4526 Testa-

426 4542 592 4596 menti
639 4539 1236 4611 locis_arhitrabantur.
1275 4540 1453 4594 «Cum
1509 4539 1729 4604 dicitur,
1772 4542 1980 4611 inquit,

425 4621 733 4680 sanctorum
781 4609 938 4663 Pater
968 4625 1089 4664 esse
1118 4613 1168 4663 in
1201 4611 1376 4675 caelis,
1411 4625 1518 4664 non
1545 4611 1634 4666 ille
1667 4598 1985 4680 ligura'cor;
2019 4598 2064 4653 Ῐ)

426 4697 588 4748 porea
629 4679 1000 4734 circumscribi
1037 4681 1305 4749 putandus
1350 4688 1453 4743 est,
1487 4690 1543 4734 et
1581 4682 1632 4734 in
1661 4679 1816 4736 caelis
1834 4682 1986 4736 habi-

426 4763 562 4805 tare.
596 4749 729 4805 Nam
755 4751 1176 4817 comprehensus
1206 4751 1356 4805 caelis
1386 4751 1542 4814 Deus,
1585 4752 1986 4806 continentibus

426 4822 600 4892 ipsum
646 4820 799 4874 caelis
847 4819 1418 4892 iiiveiiiretttr_miiior;
1471 4836 1594 4875 cum
1644 4837 1675 4876 e
1713 4824 1988 4875 contrario

425 4889 646 4945 credere
675 4905 901 4944 necesse
948 4892 1019 4944 sit
1068 4889 1325 4944 ineffabili
1377 4906 1499 4945 eum
1547 4893 1838 4960 divinaque
1891 4907 1986 4946 sua

427 4963 624 5014 virtute
652 4963 1119 5030 comprehendere
1144 4963 1324 5014 omnia
1358 4977 1417 5014 ac
1451 4964 1762 5015 continere.
1809 4963 1990 5030 Atque

427 5032 823 5100 iri-universum
855 5046 976 5099 qua:
1002 5032 1161 5085 verba
1197 5033 1262 5084 ad
1295 5032 1530 5084 litteram
1559 5042 1768 5100 sumpta
1801 5032 1988 5084 viden-

427 5111 513 5154 tur
539 5099 962 5169 simplicioribus
1014 5103 1178 5156 Deum
1225 5103 1278 5154 in
1330 5102 1444 5155 loco
1486 5116 1609 5155 esse
1653 5103 1862 5164 dicere,
1911 5103 1990 5156 sic

427 5172 736 5240 accipienda
769 5182 918 5236 sunt,
952 5181 1010 5224 ut
1039 5172 1247 5240 magnis
1283 5183 1337 5225 et
1365 5171 1742 5240 spiritualibus
1775 5173 1842 5240 de
1876 5171 1987 5226 Deo

429 5239 735 5295 notiOnibus
799 5239 1144 5297 conveniant.
1179 5261 1197 5294 ι
1258 5239 1422 5295 Paulo
1481 5253 1650 5310 post:
1696 5260 1713 5292 ι
1745 5239 1873 5296 Habe
1922 5246 1988 5296 de

429 5311 537 5366 illis
566 5311 744 5383 verbis
773 5331 787 5365 :
823 5311 987 5366 Pater
1016 5322 1211 5380 noster,
1247 5314 1338 5383 qui
1368 5330 1420 5367 es
1456 5315 1509 5364 in
1549 5313 1726 5375 cazlis,
1763 5328 1988 5366 accura-

433 5383 536 5436 tius
561 5381 878 5450 disputanda
908 5383 1139 5447 credidi,
1170 5385 1235 5436 ad
1262 5381 1572 5438 tollendam
1617 5383 1869 5437 humilem
1922 5385 1988 5436 de

430 5451 538 5523 Deo
583 5454 890 5519 opinionem
929 5469 1115 5507 eorum
1158 5455 1249 5523 qui
1299 5455 1351 5523 in
1392 5453 1533 5507 ccelo
1585 5453 1758 5520 ipsum
1816 5462 1877 5506 ut
1932 5453 1984 5506 in

429 5521 548 5576 loco
572 5536 691 5576 esse
716 5534 927 5590 putant,
955 5533 1009 5578 et
1051 5539 1116 5576 ne
1149 5521 1270 5592 quis
1301 5522 1467 5578 Deum
1494 5523 1546 5576 in
1583 5538 1844 5592 corporeo
1867 5537 1987 5578 esse

431 5592 544 5646 loco
567 5593 876 5647 arbitretur.
904 5595 1310 5661 Consequenter
1339 5596 1484 5648 enim
1520 5594 1812 5648 dicendum
1838 5601 1986 5647 esset

431 5677 624 5732 corpus
671 5665 843 5730 ipsum
893 5669 1053 5726 esset,
1116 5667 1256 5718 unde
1311 5677 1613 5733 sequuntur
1665 5664 1986 5731 impiissima

431 5734 701 5802 dogmata,
730 5732 1054 5787 divisibilem
1083 5734 1283 5802 ipsum,
1318 5732 1758 5798 etmaterialem,
1793 5745 1847 5788 et
1871 5747 1986 5786 cor-

430 5801 732 5871 ru-ptibilem
756 5817 876 5858 esse
897 5807 1120 5857 credere
1146 5821 1160 5867 ;
1190 5818 1388 5872 corpus
1425 5808 1570 5857 enim
1607 5818 1768 5857 omne
1801 5802 1988 5856 divisi-

428 5873 534 5926 bile
557 5884 662 5940 est,
698 5883 750 5928 et
794 5873 1088 5938 materialc,
1135 5885 1190 5928 et
1232 5873 1601 5950 corruptibile.
1661 5874 2004 5955 hut-dicant.

2096 3403 2276 3457 σωμεν
2307 3379 2388 3449 οἷς
2419 3386 2836 3459 περιπίπτουσιν
2870 3387 3092 3449 ἀτόποις
3118 3386 3166 3438 o‘i
3197 3385 3264 3438 τὰ
3299 3383 3543 3456 Ζήνωνος
3569 3381 3666 3438 καὶ

2095 3478 2418 3548 Χρυσίππου
2451 3477 2888 3549 φιλοσοφοῦντες.
2950 3496 2968 3529 ι
2994 3476 3182 3547 Neque
3222 3477 3364 3530 enim
3401 3490 3469 3530 ex
3510 3474 3666 3531 nobis

2099 3568 2238 3624 Deus
2261 3580 2344 3624 est
2372 3583 2594 3640 corpusIr
2638 3585 2707 3624 ne
2743 3570 2795 3624 in
2837 3570 3026 3625 eadem
3071 3567 3305 3624 absurda
3340 3567 3664 3635 incidamus,

2094 3843 2251 3898 nobis
2286 3859 2397 3898 non
2428 3845 2584 3899 vanis
2617 3845 2767 3898 ducti
2801 3844 3104 3911 affectibus,
3134 3847 3228 3901 sed
3251 3845 3395 3899 clare
3423 3860 3481 3900 se
3519 3859 3667 3900 com~

2093 3915 2430 3986 prehendere
2474 3925 2805 3978 asserentes,
2857 3917 2948 3984 qui
2995 3915 3114 3970 fieri
3159 3917 3327 3986 possit
3355 3926 3411 3968 ιιι
3442 3916 3666 3986 alterius

2092 3985 2166 4040 sit
2215 3994 2422 4038 natura:
2470 4000 2633 4054 quam
2692 3986 3012 4040 materialis.
3070 3988 3136 4039 At
3166 3985 3440 4055 quoniam
3489 3985 3654 4039 inulta

2091 4069 2274 4110 eorum
2295 4070 2412 4122 qua:
2435 4063 2560 4109 ante
2581 4070 2904 4125 corporeum
2919 4056 3121 4111 Christi
3149 4059 3439 4110 adventurm
3457 4056 3659 4122 scripta

2092 4134 2240 4187 sunt,
2275 4140 2540 4193 corporeo
2576 4124 2744 4180 Deum
2780 4125 2830 4178 in
2869 4127 2988 4180 loco
3018 4141 3138 4181 esse
3171 4127 3418 4180 videntur
3453 4125 3658 4184 dicere,

2092 4211 2196 4248 non
2228 4195 2357 4248 mihi
2392 4195 2602 4250 videtur
2646 4212 2676 4249 a
2723 4199 3000 4264 proposito
3043 4198 3278 4251 alienum
3309 4211 3376 4249 ex
3415 4195 3500 4248 his
3528 4207 3661 4264 que-

2093 4280 2200 4331 que
2243 4281 2410 4332 pauca
2446 4261 2780 4336 proponere,
2817 4261 2878 4336 in
2918 4267 3096 4322 omnis
3137 4267 3202 4320 iis
3241 4264 3505 4336 dubitatio
3533 4261 3658 4336 Aeri-

2099 4337 2302 4402 piatur,
2343 4332 2694 4404 qui'propler
2725 4335 3093 4404 imperitiam,
3159 4345 3417 4405 quantum
3445 4333 3497 4386 in
3532 4332 3661 4405 ipsis

2095 4415 2198 4467 est,
2235 4403 2433 4473 exiguo
2471 4403 2526 4460 et
2565 4406 2716 4460 brevi
2749 4403 2868 4462 Ιοεο
2913 4403 3243 4461 concludunt
3283 4406 3446 4458 Deum
3479 4403 3659 4456 omnia

2093 4486 2460 4546 superantem.
2495 4477 2574 4530 Ac
2603 4478 2834 4546 primum
2867 4480 3084 4546 quidem
3115 4478 3167 4530 in
3197 4474 3397 4546 Genesi
3426 4473 3657 4546 dicitur:

2093 4542 2263 4598 Aliam
2305 4557 2351 4600 et
2386 4547 2494 4600 Eva
2533 4542 2818 4600 audierunt
2859 4542 3028 4601 vocem
3051 4545 3264 4600 Domini
3303 4543 3398 4596 Dei
3422 4542 3663 4595 deambu-

2093 4617 2252 4669 lantis
2289 4618 2345 4669 in
2372 4618 2622 4685 paradiso
2657 4617 2724 4669 ad
2760 4632 3026 4680 vesperam
3055 4633 3071 4669 :
3097 4628 3145 4668 et
3188 4615 3569 4685 absconderant
3608 4627 3664 4664 se

2090 4686 2262 4740 Adam
2299 4697 2346 4740 et
2372 4683 2580 4757 ‘mulier
2604 4689 2718 4757 ejus
2759 4703 2791 4738 a
2819 4687 2960 4757 faciei
3004 4685 3213 4757 Domini
3259 4683 3369 4757 Dei
3394 4683 3450 4735 in
3491 4684 3662 4735 media

2091 4757 2223 4827 ligni
2253 4758 2494 4825 paradisi
2527 4753 2743 4827 (Ge—nes.
2777 4753 2861 4818 ιιι,
2900 4755 2996 4827 8).
3040 4753 3498 4827 lnterrogabirnus
3530 4767 3661 4822 ergo

2091 4823 2186 4881 eos
2245 4823 2335 4890 qui
2398 4823 2698 4895 Scriptura:
2741 4823 3026 4880 thesauros
3080 4825 3290 4895 ingredi
3348 4823 3582 4895 nolunt,_
3607 4831 3662 4875 et

2087 4899 2310 4968 januam
2344 4913 2409 4952 ne
2434 4892 2886 4968 pulsantquidem
2911 4938 2926 4960 ,
2959 4892 3170 4965 possint
3207 4909 3272 4968 ne
3295 4892 3661 4968 probare_Do-

2091 4962 2298 5022 initium
2334 4962 2498 5022 Deu'm
2534 4969 2624 5036 qui
2661 4962 2860 5019 coelum
2893 4962 3186 5019 et'terram
3221 4963 3428 5032 implet,
3460 4962 3568 5027 cui,
3602 4971 3662 5015 ut

2087 5038 2190 5105 ipsi
2223 5039 2562 5118 existimarit,
2598 5037 2798 5118 cmlum
2830 5036 3130 5118 corporalis
3164 5036 3395 5118 thronus
3441 5041 3528 5112 est
3552 5073 3568 5094 ,
3610 5043 3666 5086 et

2092 5104 2233 5162 terra
2297 5108 2589 5162 scabellum
2642 5109 2840 5176 pedum
2890 5104 3029 5174 ejus,
3085 5104 3409 5176 tanibrevi,
3446 5104 3509 5176 si_
3536 5118 3661 5176 cum

2089 5178 2347 5235 universo
2376 5178 2515 5233 caelo
2545 5189 2594 5232 et
2631 5172 2776 5230 terra
2825 5172 3160 5241 conferatur,
3198 5174 3318 5229 loco
3366 5172 3658 5239 contineri,

2091 5250 2163 5316 ita
2218 5259 2276 5301 ut
2319 5263 2480 5317 queui
2521 5248 2624 5302 sibi
2675 5251 2884 5316 lingunt
2935 5260 3272 5317 corporeum
3323 5243 3659 5317 paradisum,

2092 5314 2232 5372 Deus
2262 5314 2366 5374 non
2389 5318 2626 5388 impleat,
2659 5314 2825 5388 sedis
2856 5314 3064 5371 tantum
3101 5314 3468 5388 magnitudine
3496 5327 3660 5367 exce-

2091 5389 2202 5451 dat,
2246 5400 2307 5444 ut
2354 5387 2520 5443 etiam
2569 5387 3005 5442 deambulantem
3038 5387 3348 5448 contineat,
3381 5397 3659 5451 sonusque

2091 5459 2286 5528 plantae
2345 5459 2539 5528 pedum
2605 5457 2720 5524 ejus
2775 5457 3092 5512 audiatur.»
3152 5456 3216 5528 Et
3260 5455 3444 5528 infra:
3488 5472 3506 5504 ι
3535 5454 3658 5507 Haec

2092 5525 2261 5599 pauca
2303 5525 2369 5583 ei
2419 5529 2599 5583 Veteri
2627 5528 2980 5583 Testamento
3028 5527 3323 5599 adiecimus
3365 5525 3504 5599 loca,
3541 5538 3662 5599 qua:

2089 5595 2348 5669 putantur
2371 5600 2538 5653 Deum
2570 5601 2624 5653 in
2651 5599 2770 5652 loco
2797 5600 3151 5669 constituere;
3181 5607 3240 5650 ut
3263 5597 3466 5669 lectori
3487 5595 3667 5648 omni-

2091 5666 2248 5724 inodo
2288 5683 2386 5739 pro
2437 5684 2691 5725 concessa
2734 5669 2889 5723 nobis
2935 5668 3193 5722 facultate
3234 5666 3662 5739 persuadeamus

2090 5735 2373 5794 altiori-et
2412 5740 2686 5808 spirituali
2719 5739 2890 5807 magis
2935 5753 3099 5793 sensu
3146 5735 3356 5792 sacram
3409 5735 3661 5804 accipere

2090 5808 2468 5935 Scripturam,
2531 5826 2654 5867 cum
2708 5809 2982 5865 videbitur
3037 5809 3090 5862 in
3143 5807 3262 5865 loco
3306 5808 3474 5863 Deum
3538 5820 3664 5860 esse

2126 5894 2302 5935 ocere.
2335 5899 2353 5931 ι

2126 5894 2302 5936 acere.
2335 5899 2353 5931 ι
