4162 6408
404 383 509 438 723

1675 386 1740 448 P.
1778 386 2102 446 DANIELIS
2136 387 2370 446 HUETII

3564 379 3672 436 72!

402 501 634 555 stantias
682 499 1021 567 ﬁngentium,
1077 502 1221 557 unde
1266 503 1519 561 'I‘riusaui
1573 507 1916 575 appellantur
1957 523 1988 563 a
2017 515 2065 572 Α
2091 511 2284 577 quibus
2311 509 2364 562 id
2395 507 2703 563 continetur
2740 504 2930 575 dogma
2974 518 3078 559 non
3120 500 3374 558 Indicavit
3408 497 3667 558 Thomas,

400 587 684 659 Fulgentio
734 587 885 656 Resp.
912 593 982 644 ad
1027 593 1263 662 object.7
1301 596 1548 651 Arianor.
1575 597 1714 653 Loca
1739 595 1988 666 Origenis

404 795 473 870 ad
499 796 638 852 banc
672 801 1006 870 voluntatem
1036 807 1302 868 spectant,
1352 799 1680 855 voluntatem
1719 800 1833 866 ejus
1854 843 1868 861 ,
1895 801 2015 870 qui'

405 869 850 936 misit,periicere
887 869 1026 923 idem
1062 884 1178 923 esse
1198 871 1590 932 existimemus,
1629 886 1691 925 ac
1721 869 1990 926 extrinse-

403 951 500 1009 cus
523 939 721 1007 aliquid
749 938 1094 993 facere.lllud
1111 941 1276 1001 enim,
1293 940 1432 1009 quod
1463 950 1544 993 est
1557 951 1710 994 extra
1724 942 1987 995 volentem

404 1007 604 1079 Iactum
619 1024 859 1065 seorsum
880 1025 910 1064 a
933 1009 1208 1063 voluntate
1237 1007 1514 1079 praedicta,
1536 1025 1640 1079 non
1661 1020 1744 1064 est
1764 1020 1870 1065 tota
1897 1026 1990 1064 vo-

407 1076 588 1130 luntas
622 1079 799 1133 Patris
829 1094 844 1130 :
871 1088 926 1133 at
959 1094 1090 1134 vero
1121 1076 1514 1134 tota'voluntas
1568 1078 1742 1135 Patris
1787 1096 1816 1134 a
1849 1080 1987 1135 Filio

403 1148 706 1215 perﬁcitur,
723 1165 844 1203 eum
865 1150 1117 1205 voluntas
1135 1150 1226 1203 Dei
1247 1149 1299 1202 in
1319 1149 1452 1202 Filio
1469 1165 1662 1218 genera
1673 1161 1746 1211 ta,
1766 1149 1895 1204 facit
1915 1165 1980 1204 ea

403 1232 524 1286 qua:
548 1218 658 1272 vult
703 1221 956 1274 voluntas
1006 1219 1122 1274 Dei.
1175 1220 1334 1273 Solus
1363 1220 1506 1273 enim
1550 1219 1718 1274 Filius
1749 1219 1877 1275 facit
1928 1229 1986 1274 et

403 1287 552 1354 capit
601 1297 772 1343 totam
831 1291 1161 1344 voluntatem
1201 1289 1414 1356 Patris;
1476 1299 1808 1359 quapropter
1865 1290 1985 1357 ejus

403 1367 489 1410 est
520 1360 700 1429 imago
721 1378 733 1412 :
752 1360 802 1413 id
824 1370 1004 1415 autem
1029 1359 1480 1430 considerandum
1507 1371 1592 1414 est
1617 1371 1668 1415 et
1693 1362 1758 1414 de
1779 1359 1984 1430 Spiritu

402 1438 614 1483 sancto.
652 1450 670 1480 ι
701 1430 755 1483 1η
784 1432 1028 1486 eamdem
1067 1429 1408 1494 sententiam,
1443 1429 1532 1482 lib.
1571 1445 1688 1496 vnt,
1715 1447 1863 1485 num.
1891 1430 1980 1494 12,

404 1507 588 1550 contra
619 1497 852 1562 Celsum,
883 1500 1037 1554 docet
1077 1499 1293 1554 Patrem
1335 1509 1388 1552 ct
1421 1499 1620 1553 Filium
1670 1517 1834 1555 unttm
1866 1515 1988 1556 esse

404 1567 682 1642 identitate
715 1570 1015 1642 voluntatis,
1039 1571 1325 1641 ταυτότητι
1351 1571 1707 1642 βουλήματος.
1737 1571 1850 1642 Non
1871 1585 1987 1642 ma-

404 1639 488 1706 gis
517 1638 787 1710 discrepat
835 1639 926 1693 lux
979 1657 1006 1694 a
1067 1638 1324 1704 tenebris,
1353 1638 1532 1710 'quam'
1570 1642 1683 1695 liacc
1730 1639 1980 1710 Origeuis

406 1709 678 1762 sententia
715 1710 783 1762 ab
830 1710 1155 1764 Arianorum
1202 1709 1542 1766 commentis.
1593 1711 1682 1764 Isti
1723 1709 1865 1765 enim
1911 1710 1978 1765 ad

405 1788 614 1832 natura:
642 1780 1136 1834 dissimilitudinem
1167 1780 1456 1835 trahebant
1488 1783 1586 1836 Itoc
1608 1780 1725 1835 Filii
1762 1783 1812 1836 in
1833 1796 1986 1835 man-

2092 599 2217 656 Htec
2244 605 2392 655 certe
2425 598 2652 668 legimus
2679 604 2810 649 tom.
2830 610 2868 648 ιι
2897 595 2952 648 in
2966 591 3129 648 locu.
3156 588 3408 654 num.IS,
3432 605 3552 659 pag.
3580 587 3666 642 76.

2091 804 2431 872 permittere.
2460 815 2582 855 cum
2627 814 2694 872 es
2726 799 2790 872 iis
2826 805 2974 872 patet
3002 791 3421 872 qugesubjungit
3455 808 3516 872 ..ι
3555 789 3672 872 βαξξ-

2096 859 2194 926 ieri
2245 859 2429 946 autern
2472 859 2942 946 sancti._inquit,
3011 859 3150 922 nihil
3205 859 3674 946 quidétanacie‘ut

2092 951 2291 1010 praeter
2321 941 2651 995 voluntatem
2685 931 2882 1010 Patris,
2928 931 3047 1010 non
3079 931 3287 998 tamen,
3334 941 3393 987 ut
3434 940 3540 986 tota
3575 931 3670 1010 Dei

2095 1005 2347 1066 voluntas
2395 1009 2736 1078 imprimatur
2788 1008 2842 1062 in
2897 1009 3008 1075 eis;
3066 1025 3085 1058 ι
3142 1016 3255 1060 tum
3301 1018 3368 1078 es
3409 1017 3474 1056 eo
3527 1005 3671 1071 quod

2090 1089 2223 1136 tom.
2271 1097 2313 1136 ιι
2345 1081 2400 1135 in
2430 1072 2678 1134 eumdem
2707 1072 3116 1142 evangelistam,
3158 1089 3306 1129 num.
3333 1072 3387 1137 6,
3410 1085 3668 1142 quaecun-

2091 1094 2223 1136 tom.
2271 1097 2313 1136 ιι
2345 1096 2400 1135 ιιι
2430 1094 2678 1134 eumuem
2707 1094 2841 1133 evan
2883 1094 3116 1140 ensum,
3158 1094 3306 1129 num.
3333 1094 3387 1137 ο,
3410 1094 3667 1142 quascum-

2091 1165 2196 1220 que
2230 1159 2380 1227 sunt_
2407 1148 2728 1227 lu_Filio_:.e_a
2763 1148 2816 1204 in
2846 1094 3051 1218 Spiritu
3103 1154 3296 1227 sancto
3331 1157 3452 1227 esse
3490 1141 3667 1227 docet,

2088 1213 2322 1291 eumque
2368 1221 2576 1274 idcirco
2604 1217 2799 1291 Filium
2845 1213 2958 1291 non
2989 1233 3133 1291 esse,
3189 1215 3314 1284 quia
3351 1213 3486 1291 Filio
3527 1224 3666 1291 eget,

2090 1301 2148 1344 ut
2187 1284 2305 1366 base
2333 1292 2513 1366 omnia
2547 1290 2799 1366 accipiat.
2822 1288 2957 1366 _Non
2990 1289 3368 1366 dubitimergn
3407 1284 3509 1366 fuit
3542 1284 3671 1366 pri-

2089 1362 2232 1436 geni,
2254 1363 2383 1436 quin
2412 1371 2521 1414 tota
2548 1354 2727 1436 Patris
2753 1359 3023 1436 voluntas.
3055 1367 3112 1436 ut
3149 1357 3200 1410 in
3224 1354 3487 1436 ἰωὴ-ξιξ
3503 1354 3668 1436 etiam

2089 1423 2143 1484 in
2177 1423 2380 1500 Spiritu
2424 1438 2614 1486 sancto
2649 1431 2736 1483 sit.
2791 1429 2927 1484 Hinc
2968 1439 3025 1482 ut
3055 1426 3271 1500 Patrem
3329 1441 3356 1478 a
3387 1423 3547 1486 Filio,
3595 1423 3669 1500 ita

2093 1494 2290 1556 Filium
2364 1517 2409 1575 a_
2471 1500 2675 1575 Spiritu
2753 1515 2859 1555 non
2912 1497 3273 1575 separabilem
3355 1494 3670 1575 pronuntiat

2096 1582 2230 1626 tom.
2254 1586 2354 1626 xm
2390 1572 2448 1625 in
2482 1562 2698 1631 ΜαιεΙι..
2759 1586 2908 1626 num.
2963 1562 3064 1632 I9,
3096 1567 3188 1622 ubi
3229 1562 3454 1635 puerum
3496 1562 3667 1630 illum,

2086 1657 2246 1712 quem
2279 1640 2438 1696 Jesus
2469 1642 2523 1694 in
2563 1641 2740 1695 medio
2763 1639 3162 1712 discipulorum
3181 1637 3382 1712 posuit,
3409 1635 3668 1712 Spiritum

2090 1703 2337 1767 sanctum
2371 1713 2777 1780 interpretatur,
2800 1727 2861 1766 ac
2887 1703 2952 1766 de
2969 1727 3033 1766 co
3051 1709 3130 1764 sic
3151 1703 3390 1780 loquitur
3415 1724 3429 1760 :
3454 1703 3484 1756 ι
3517 1703 3668 1780 Illum

2091 1799 2317 1851 puerum
2370 1785 2436 1837 ab
2485 1775 2604 1850 ipso
2663 1780 2788 1836 J‘esu
2847 1781 2901 1836 in
2953 1777 3339 1851 nomine_Jesu
3396 1775 3670 1851 suscipere

405 1846 550 1922 datis
581 1850 824 1922 paternis
857 1851 1174 1922 obsequium
1207 1867 1222 1902 :
1254 1860 1309 1922 at
1336 1851 1600 1920 Origenes
1651 1852 1985 1905 voluntatem
2018 1861 2061 1916 Β
2089 1846 2322 1920 oportet,
2379 1868 2408 1905 a
2446 1846 2554 1918 quo
2597 1851 2818 1905 minime
2863 1852 3142 1922 sejunctus
3178 1848 3336 1922 les-us
3366 1849 3506 1915 apud
3545 1861 3667 1900 eum

405 1914 835 1991 Patris—affine
868 1914 1051 1990 perlici
1110 1921 1320 1983 statuit,
1375 1914 1481 1974 non
1541 1925 1684 1991 quod
1734 1925 1986 1976 mandata

406 1983 591 2060 Patris
617 1987 791 2060 Filius
813 1983 983 2045 instar
1016 1991 1295 2060 cujusdam
1327 1983 1574 2045 ministri
1594 2001 1862 2060 capessat.
1891 1991 1988 2046 scd

405 2057 530 2123 quia
557 2059 704 2130 solus
757 2059 926 2117 Filius
955 2057 1122 2114 totum
1154 2059 1332 2114 Patris
1360 2057 1694 2116 voluntatem
1727 2063 1892 2130 capit,
1933 2070 1990 2115 et

407 2129 798 2201 tota-voluntas
825 2130 1004 2185 Patris
1025 2133 1090 2201 in
1127 2130 1268 2185 Filio
1307 2141 1582 2201 generata,
1628 2133 1756 2186 facit
1785 2129 1844 2186 ea
1867 2147 1990 2201 quae

404 2197 520 2272 vult
561 2198 812 2254 voluntas
877 2201 992 2255 Dei.
1017 2200 1155 2255 Hinc
1218 2197 1412 2272 repetit
1443 2199 1707 2271 Origenes
1736 2197 1988 2272 imaginis

403 2270 692 2341 rationem,
730 2285 960 2341 eamque
988 2287 1092 2324 non
1126 2270 1356 2326 obscure
1385 2270 1625 2326 declarat
1653 2274 1704 2326 in
1737 2270 1988 2327 huc—esse

405 2339 656 2409 positam,
689 2343 830 2409 quod
872 2339 986 2395 iota
1029 2341 1208 2396 Patris
1253 2343 1552 2396 substantia
1607 2343 1657 2396 in
1717 2342 1852 2396 Filio
1891 2343 1984 2397 sit.

405 2405 543 2462 Hinc
579 2405 724 2464 tom:
769 2428 840 2466 xv
883 2414 937 2464 in
973 2410 1190 2476 Matth.,
1230 2427 1380 2466 num.
1442 2412 1531 2472 10.
1575 2415 1655 2466 sic
1698 2413 1936 2479 loquitur
1971 2434 1982 2466 :

409 2479 552 2551 ede
589 2479 842 2551 Salvator
895 2483 1137 2550 quidem,
1178 2491 1236 2534 ut
1276 2491 1359 2535 est
1413 2483 1594 2551 imago
1654 2483 1745 2538 Dei
1792 2482 1985 2536 invisi-

403 2547 1010 2622 bilis__(Coloss.t.{5),
1069 2547 1141 2606 ita
1197 2562 1250 2605 et
1293 2547 1550 2622 bonitatis
1582 2553 1764 2622 ipsius
1809 2554 1986 2622 imago

402 2628 486 2702 es}
511 2619 779 2702 (Scip._vt|,
812 2619 1038 2702 26)._Es
1070 2638 1177 2690 quo
1213 2632 1359 2702 patet
1391 2619 1862 2702 nihil.0rigen.em.
1887 2619 1985 2676 ad-

406 2689 622 2769 misisse
658 2693 712 2747 in
740 2689 1059 2764 exemplari,
1090 2689 1244 2764 quod
1273 2708 1380 2748 non
1415 2689 1726 2749 admitteret
1756 2693 1815 2748 in
1847 2693 1985 2747 ima-

404 2777 545 2830 gnte.

477 2832 742 2886 Similiter
808 2842 940 2888 tom.
1001 2849 1156 2889 mm
1197 2835 1251 2887 in
1289 2833 1478 2898 Joan.,
1521 2848 1670 2888 num.
1709 2833 1794 2896 18,
1855 2848 1978 2900 pag.

403 2900 509 2954 450
529 2919 547 2976 :_
574 2903 743 2974 Ὅλης
771 2905 869 2976 μὲέν
900 2900 1000 2976 οὖν
1025 2901 1180 2976 οἶμαι
1208 2904 1307 2976 τῆς
1354 2904 1511 2976 δόξης
1532 2904 1626 2976 τοῦ
1656 2904 1792 2976 Θεοῦ
1818 2903 1982 2957 αὐτοῦ

402 2971 745 3055 ἀπαύγασμα
772 2971 928 3055 ἐἶναι
960 2975 1048 3028 τὸν
1073 2971 1324 3055 )⁰ἱὸν..ξ;.
1379 2971 1494 3055 ρὺιι
1530 2972 1682 3055 efﬂat.
1728 2975 1836 3055 γάρ
1851 2991 1982 3055 τινα

401 3043 464 3096 τὸ
509 3047 617 3129 ιτᾶν
649 3045 908 3100 δύνασθαι
955 3047 1202 3169 χωρῆισαι
1248 3045 1349 3115 τῆς
1378 3045 1507 3126 ῥλης
1540 3043 1696 3115 δόξης
1725 3043 1818 3098 τοῦ
1843 3043 1981 3124 θεοῦ

403 3114 769 3169 άπαυγασιια.
797 3119 845 3169 ει
881 3116 953 3169 μὴ
981 3119 1071 3169 τὸν
1123 3116 1222 3169 ’ἱὸν
1241 3116 1429 3169 αὐτου.
1460 3135 1478 3166 ι
1510 3118 1689 3169 Atuue
1731 3115 1980 3169 equidem

403 3113 769 3188 ἀπαύγασμα,
797 3119 845 3170 sl
879 3113 1071 3188 pqae»
1095 3113 1222 3170 Υἱὸν
1241 3113 1429 3188 coepe.
1460 3113 1478 3166 ἆ
1510 3113 1689 3188 Atque
1731 3115 1980 3184 equidem

403 3185 642 3280 arbitror
672 3185 848 3280 totiq‘s
882 3185 1070 3269 gloria;
1121 3188 1299 3280 ipsius
1340 3187 1436 3240 Dei
1487 3185 1826 3280 splendorem
1862 3199 1982 3239 esse
2013 3221 2056 3280 ο

402 3253 719 3315 Filittm.....
789 3253 914 3311 Non
976 3253 1424 3312 enim-arbitror
1483 3253 1678 3323 capere
1750 3256 1983 3324 aliquem

404 3339 821 3449 possqumnem
890 3326 1230 3398 splendorem
1285 3329 1452 3382 totius
1502 3327 1689 3396 gloriae
1735 3327 1853 3390 Dei,
1882 3325 1986 3380 nisi

404 3409 522 3449 ιειιιε
601 3413 770 3449 ιιιιιιι.
815 3415 834 3448 ι

403 3409 522 3462 ejus
556 3409 770 3451 r‘tttum.
815 3415 834 3448 ι

477 3465 556 3519 Ex
592 3467 782 3536 eodem
805 3466 1074 3536 principio
1107 3467 1383 3522 concludit
1412 3476 1577 3520 totam
1605 3463 1781 3536 Patris
1809 3467 1989 3519 scien-

405 3534 534 3586 tiam
566 3537 618 3589 in
648 3535 785 3590 Filio
806 3534 960 3597 esse,
985 3534 1125 3592 iom.
1159 3553 1174 3590 ι
1207 3539 1262 3590 in
1287 3538 1472 3598 Joan.,
1527 3552 1676 3588 Imm.
1707 3535 1774 3588 27
1801 3553 1812 3586 :
1861 3536 1986 3589 Ἐὰν

496 3621 581 3668 τις
631 3607 765 3677 ζητῇ
798 3610 847 3661 εἰ
899 3608 1006 3660 πᾶν
1053 3609 1080 3660 ὃ
1110 3625 1161 3660 τι
1189 3608 1317 3662 ποτὲ
1365 3604 1706 3677 ἐγνωσμένον
1753 3605 1856 3659 ὑπὸ
1889 3607 1986 3660 τοῦ

404 3673 618 3747 Πατρὸς
653 3673 793 3730 κατὰ
825 3678 884 3730 τὸ
919 3677 1080 3747 βάθος
1117 3679 1210 3732 τοῦ
1245 3673 1476 3731 πλούτου
1509 3673 1603 3730 καὶ
1642 3676 1742 3747 τῆς
1796 3678 1989 3746 σοφίας

405 3747 503 3818 καὶ
553 3749 652 3818 τῆς
680 3747 931 3816 γνώσεως
960 3748 1148 3811 αὑτοῦ,
1200 3751 1487 3802 ἐπίσταται
1512 3749 1540 3800 ό
1584 3747 1774 3816 Σωτὴρ
1804 3748 1984 3818 ἡμῶν,

403 3817 498 3889 καὶ
547 3817 818 3889 φαντασίᾳ
847 3819 939 3872 τοῦ
967 3818 1207 3884 δοξάζειν
1242 3819 1332 3872 τὸν
1385 3819 1632 3889 Πατέρα,
1683 3817 1988 3889 ἀποφαίνη-

402 3887 494 3960 ται
529 3906 647 3960 τινα
711 3887 1089 3960 γινωσκόμενα
1138 3889 1240 3942 ὑπὸ
1287 3889 1381 3960 τοῦ
1423 3887 1635 3960 Πατρός
1677 3887 1986 3955 ἀγνοεῖσθαι

537 3959 630 4012 τοῦ
655 3957 806 4020 Υἱοῦ,
827 3961 934 4031 [οὐ]
952 3957 1299 4030 διαρκοῦντος
1327 3959 1648 4031 ἐξισωθῆναι
1674 3962 1792 4031 ταῖς
1819 3977 1988 4012 κατα-

403 4025 595 4108 λήψεσι
625 4031 718 4108 τοῦ
755 4025 1054 4108 ἀγξννῆτου
1090 4031 1224 4084 Θεοῦ
1263 4048 1276 4060 ·
1329 4025 1646 4108 ἐπιστατέον
1702 4030 1863 4108 αὐτὸν

401 4098 777 4177 meamequ
805 4098 951 4154 ὲῖναί
992 4102 1085 4155 τὸν
1107 4103 1366 4177 Σῳτῆρα,
1403 4100 1498 4177 καὶ
1535 4100 1870 4177 προσακτέον
1906 4101 1987 4177 ὅτι

401 4170 454 4243 si
486 4169 774 4243 όλόκληρός
805 4175 952 4225 ἐστιν
982 4175 1014 4243 ἡ
1058 4169 1333 4243 ἀλήθειαν
1365 4171 1534 4243 οὐδὲν*
1553 4169 1748 4243 ἀληθὲς
1779 4171 1983 4243 ἀγνοεῖ,

403 4239 489 4291 ἵνα
509 4241 593 4315 ⁸μὴ
640 4235 814 4315 σ’ἰιάζῃ
846 4235 1107 4297 λείποὶισα
1207 4242 1440 4315 ἀλήθεια
1479 4235 1560 4304 οἷς
1609 4235 1674 4315 οὗ
1703 4235 1985 4315 γινώσκεῇ

402 4312 522 4383 atas’
559 4311 821 4383 ἐκείνουςζ
877 4311 1236 4383 τυγχάνουσιν
1271 4311 1329 4365 ἐν
1373 4312 1520 4382 μόνῳ
1565 4311 1643 4383 τῷ
1700 4313 1872 4381 Πατρί
1909 4329 1920 4339 ·
1953 4311 1986 4382 ἣ

401 4381 662 4436 δεικνύτω
689 4401 772 4447 τις
810 4386 890 4437 ὅτι
929 4381 1075 4437 ἐστὶν
1111 4385 1146 4437 ἂ
1180 4381 1558 4453 γινωσκόμενα
1589 4381 1686 4451 τῆς
1732 4381 1988 4448 ἀληθείας

405 4454 773 4525 προσηγορίας
821 4455 882 4506 οὑ
912 4455 1266 4525 τυγχάνοντα,
1307 4454 1440 4506 ἀλλὰ
1465 4453 1606 4525 ὑττὲρ
1638 4453 1807 4523 αὐτὴν
1835 4453 1986 4506 ὄντα.

409 4540 428 4571 ι
453 4520 616 4587 00οὰ
643 4520 685 4576 si
727 4525 850 4592 quis
878 4520 1118 4592 inquii-at
1153 4542 1220 4577 an
1268 4524 1494 4591 quiquid
1526 4520 1674 4575 Patri
1711 4520 1985 4589 cognitum

402 4603 488 4646 est
547 4598 844 4647 secundum
888 4594 1211 4663 profundum
1245 4595 1553 4648 divitiarum
1604 4603 1658 4646 et
1706 4593 1987 4660 sapientia:

400 4663 539 4728 ejus,
571 4665 622 4716 id
658 4664 912 4718 Salvator
951 4677 1137 4719 noster
1167 4667 1323 4728 sciat,
1348 4674 1403 4717 et
1442 4679 1537 4730 per
1569 4677 1789 4716 causam
1821 4663 1990 4728 glori-

407 4732 606 4788 ficandi
658 4733 835 4789 Patris
887 4735 1202 4802 pronuntiet
1256 4735 1515 4787 nonnulla
1557 4732 1704 4786 Patri
1767 4733 1988 4801 cognita

404 4802 644 4872 ignorari
677 4821 706 4858 a
755 4805 913 4871 Filio,
949 4805 1103 4875 quasi
1141 4820 1249 4858 non
1278 4806 1448 4873 possit
1481 4804 1754 4871 exmquari
1804 4802 1990 4872 cogni-

403 4875 642 4929 tiooibus
670 4875 892 4945 ingeniti
922 4877 1050 4937 Dei;
1088 4875 1210 4929 huic
1227 4875 1508 4929 sciendum
1538 4883 1622 4927 est
1646 4875 1984 4927 Salvatorem

403 4957 526 4998 esse
560 4946 866 5010 veritatem,
899 4957 954 5001 et
984 4946 1551 5010 animadvertendum,
1590 4945 1632 4997 si
1669 4946 1874 5012 integra
1905 4953 1990 4998 est

407 5015 627 5082 veritas,
662 5015 797 5070 nihil
835 5031 1018 5070 verum
1075 5018 1346 5084 ignorare,
1395 5031 1464 5069 ne
1492 5015 1760 5068 claudicet
1789 5013 1988 5084 veritas

405 5085 665 5156 deficiens
704 5088 756 5139 in
797 5087 880 5142 his
902 5102 1019 5156 qua:
1048 5083 1154 5141 neu
1175 5091 1474 5156 cognoscit,
1517 5100 1661 5148 cum,
1688 5083 1985 5156 secundum

406 5153 549 5216 illos,
588 5156 640 5209 in
686 5157 803 5211 solo
838 5153 996 5211 Patre
1040 5159 1150 5210 sint
1201 5153 1346 5210 :aut
1403 5159 1738 5210 demonstret
1791 5153 1988 5221 aliquis

407 5227 663 5297 nonnulla
695 5229 938 5295 quaedam
964 5243 1107 5294 esse,
1137 5243 1256 5296 quae
1287 5227 1495 5297 cognita
1535 5225 1780 5297 veritatis
1803 5225 1987 5297 appel-

407 5294 679 5366 lationem
712 5294 813 5351 itun
848 5298 1100 5358 habeant,
1141 5294 1234 5352 sed
1266 5294 1424 5366 supra
1459 5298 1627 5365 ipsam
1662 5296 1762 5348 sita
1793 5296 1931 5366 sint.
1961 5313 1980 5344 ι

486 5363 614 5418 VIII.
649 5364 810 5437 suam
837 5369 904 5422 de
933 5370 1138 5437 Spiritu
1173 5363 1361 5422 sancto
1393 5363 1718 5437 sententiam
1750 5381 1854 5418 non
1885 5365 1986 5418 ob-

407 5450 568 5507 scure
595 5435 835 5492 declarat
860 5433 1143 5507 Origenes,
1199 5450 1328 5493 tom.
1366 5453 1467 5491 xm
1511 5439 1563 5488 in
1583 5433 1785 5507 Joan"
1830 5449 1980 5487 num.

406 5505 497 5570 '56,
539 5507 626 5559 ubi
669 5515 835 5583 totam
867 5505 1428 5583 Pat'ris__voluntatem
1457 5509 1511 5561 in
1557 5506 1702 5583 Filio
1739 5520 1862 5583 esse
1894 5507 1987 5583 de-

407 5586 742 5647 monstrans,
785 5578 924 5633 idem
956 5580 1021 5633 de
1054 5578 1257 5647 Spiritu
1293 5590 1482 5633 sancto
1516 5576 1854 5632 considerari
1898 5576 1986 5647 ju-

407 5646 498 5698 bet
551 5655 606 5699 et
636 5647 884 5716 intelligi.
916 5668 934 5700 ι
973 5649 1028 5703 Id
1056 5646 1232 5704 autem
1275 5649 1863 5716 considerandumest,
1902 5646 1986 5698 in-

407 5716 545 5786 quit,
575 5724 630 5770 et
665 5716 735 5770 de
778 5715 981 5787 Spiritu
1013 5731 1221 5774 Sancto.
1252 5738 1270 5771 ι
1310 5717 1432 5772 Ilaec
1475 5727 1654 5771 autem
1699 5715 1845 5769 illum
1877 5731 1984 5769 non

407 5787 718 5841 dubitanter
736 5787 935 5852 dicere,
970 5791 1062 5842 sed
1080 5805 1145 5842 ex
1171 5789 1277 5850 his.
1303 5805 1421 5856 quae
1445 5790 1508 5842 de
1538 5788 1672 5841 Filio
1699 5795 1980 5844 statuerat.

405 5858 538 5925 quid
592 5859 658 5914 de
709 5857 916 5925 Spiritu
959 5855 1448 5924 sentiendum’sit,
1502 5855 1981 5923 judiciolemorum

2018 4567 2066 4625 D

2096 1917 2178 1999 est
2233 1925 2323 1999 qui
2363 1917 2589 1999 puerum
2618 1917 2936 1999 susceperit,
2966 1922 3041 1976 ita
3068 1931 3126 1975 ut
3174 1921 3228 1999 in
3271 1917 3410 1972 hanc
3448 1925 3667 1999 senten-

2099 1994 2226 2046 tiam
2251 1990 2470 2047 'dictum
2503 1993 2572 2044 sit
2601 2011 2614 2046 :
2660 1993 2968 2061 Quicunque
2995 1990 3240 2059 receperit
3269 2003 3493 2061 putarunt
3513 1990 3667 2040 istum

2094 2064 2153 2116 in
2178 2064 2384 2117 nomine
2430 2078 2563 2126 meo,
2603 2079 2684 2116 me
2713 2057 2925 2133 _recip'it
2989 2057 3142 2133 (Luc.
3176 2057 3275 2124 ts,
3302 2057 3414 2130 48).
3467 2060 3669 2133 Deinde

2094 2147 2226 2186 vero
2286 2133 2468 2195 Pater,
2500 2135 2626 2203 quia
2657 2150 2684 2185 a
2712 2130 2857 2188 Filio
2878 2130 3124 2203 separari
3156 2148 3262 2186 non
3297 2139 3498 2201 potest,
3528 2130 3667 2200 apud

2095 2218 2223 2274 eum
2261 2212 2366 2264 est,
2413 2203 2504 2271 qui
2533 2201 2727 2256 Filium
2762 2201 3097 2274 susceperit;
3133 2203 3275 2257 unde
3301 2203 3505 2274 dictum
3533 2210 3667 2274 est:

2096 2273 2163 2326 Et
2195 2275 2490 2342 quicunque
2520 2290 2599 2326 me
2632 2274 2900 2340 receperit,
2923 2271 3125 2339 'recipit
3182 2289 3299 2326 eum
3324 2271 3413 2343 qui
3439 2288 3520 2325 me
3563 2271 3668 2327 mi-

2094 2345 2162 2397 sit
2199 2343 2396 2414 (»bid.).
2432 2366 2452 2396 ο
2492 2343 2693 2397 Eodem
2744 2344 2909 2414 igitur
2943 2347 3100 2399 modo
3126 2344 3360 2412 Spiritus
3392 2357 3556 2397 unum
3586 2351 3670 2398 est

2096 2429 2216 2467 cum
2251 2413 2406 2472 Filio,
2441 2429 2550 2482 quo
2581 2414 2694 2481 ipse
2752 2413 2920 2469 Filius
2940 2431 3062 2469 cum
3098 2415 3256 2470 Patre
3297 2429 3312 2465 :
3347 2428 3510 2482 porro
3547 2429 3669 2468 cum

2094 2483 2298 2554 idcirco
2330 2482 2499 2538 Filius
2546 2499 2608 2538 ex
2644 2484 2895 2554 Origenis
2923 2486 3168 2540 doctrina
3200 2499 3366 2538 unum
3430 2484 3503 2537 sit
3546 2500 3667 2539 ctun

2093 2551 2276 2618 Patre,
2318 2556 2442 2622 quia
2485 2563 2592 2608 tota
2642 2551 2816 2610 Patris
2867 2557 3120 2611 voluntas
3189 2555 3306 2608 sive
3346 2555 3585 2608 essentia
3619 2555 3667 2610 ei

2097 2626 2289 2678 tradita
2354 2625 2454 2678 fuit
2500 2639 2529 2677 a
2584 2623 2784 2690 Patre;
2837 2641 3059 2680 necesse
3091 2633 3196 2691 est,
3243 2633 3300 2678 ut
3351 2625 3542 2680 eadem
3585 2641 3671 2683 es-

2095 2695 2268 2748 sentia
2300 2693 2522 2764 Spiritui
2554 2705 2746 2751 sancto
2779 2698 2973 2751 tradita
2992 2697 3198 2767 pariter
3223 2704 3277 2750 et
3301 2696 3670 2751 communica-

2093 2773 2144 2816 ta
2173 2767 2262 2818 sit.

2166 2835 2221 2887 In
2246 2835 2491 2890 eamdem
2511 2835 2836 2906 sententiam
2862 2835 3269 2906 quuitur,tom.
3299 2853 3418 2900 XIV,
3443 2851 3591 2890 num.
3612 2835 3665 2900 ε.

2093 2904 2182 2958 ubi
2225 2915 2391 2976 totam
2421 2907 2705 2976 scientiam
2734 2905 2852 2961 Filii
2889 2904 2944 2960 in
2971 2907 3176 2976 Spiritu
3206 2919 3395 2962 sancto
3426 2923 3545 2961 esse
3574 2909 3667 2960 do-

2091 2984 2178 3028 cet
2210 2991 2225 3027 :
2268 2993 2286 3026 t
2323 2975 2808 3042 Quemadmodum,
2845 2975 3221 3045 inquit,nemo
3255 2977 3520 3031 hominum
3568 2980 3665 3031 scit

2088 3060 2206 3112 qua:
2231 3057 2350 3116 sum
2395 3047 2646 3114 hominis,
2674 3047 2775 3101 nisi
2798 3049 3038 3116 spiritus,
3085 3048 3175 3114 qui
3210 3049 3265 3100 in
3313 3049 3426 3116 ipso
3462 3056 3584 3109 est;
3617 3057 3665 3100 et

2089 3131 2205 3190 qua:
2234 3114 2332 3170 Dei
2355 3124 2513 3190 _s_unt_
2541 3131 2690 3170 nemo
2747 3114 3010 3190 cognovit,
3054 3118 3154 3170 nisi
3199 3114 3433 3190 Spiritus
3478 3116 3575 3171 Dei
3613 3115 3667 3190 (Ι

2091 3183 2232 3257 Cor.
2253 3185 2472 3257 inii);
2501 3186 2575 3240 ita
2607 3202 2726 3256 quas
2773 3183 3024 3243 Christus
3068 3189 3120 3241 in
3162 3183 3466 3257 proverbiis
3491 3197 3546 3242 et
3575 3183 3670 3256 pa-

2090 3256 2289 3327 rabulis
2323 3256 2536 3312 locutus
2568 3267 2672 3320 est,
2725 3267 2846 3327 post
2889 3257 3054 3312 Deum
3103 3256 3261 3311 nemo
3287 3259 3436 3311 novit
3473 3271 3669 3326 prater

2089 3326 2352 3398 Spiritum
2403 3327 2628 3394 Christi,
2674 3326 2840 3398 cujus
2876 3330 2972 3397 qui
3020 3329 3293 3398 particeps
3336 3327 3525 3392 fuerit,
3562 3345 3666 3384 non

2089 3396 2264 3451 solum
2331 3406 2600 3468 quatenus
2659 3396 3155 3468 Cltristi’Spiritus
3202 3396 3326 3468 est,
3363 3401 3457 3454 sed
3505 3400 3666 3454 etiam

2089 3465 2359 3538 quatenus
2384 3465 2614 3538 Christi,
2666 3481 2725 3522 ut
2756 3465 3065 3531 Sapieuiiaa,
3105 3479 3165 3523 ut
3217 3466 3403 3532 Verbi,
3460 3469 3506 3524 is
3551 3484 3669 3538 quae

2091 3537 2192 3590 sibi
2230 3552 2393 3605 super
2418 3539 2520 3591 hoc
2557 3537 2675 3594 loco
2709 3550 2896 3608 aperta
2933 3538 3134 3594 fuerint
3167 3548 3222 3595 et
3256 3547 3458 3594 retecta
3489 3537 3669 3594 animo

2090 3608 2444 3677 conteritplari
2480 3608 2700 3675 poterit.
2725 3627 2743 3660 ι

2165 3676 2322 3749 Ioui.
2385 3692 2537 3732 χχχιι
2579 3679 2635 3732 in
2682 3677 2874 3745 Joau.,
2930 3693 3078 3733 num.
3107 3679 3195 3742 18,
3229 3680 3342 3735 haec
3378 3680 3664 3749 leguntur:

2095 3766 2114 3799 s
2153 3745 2271 3802 Non
2326 3749 2566 3802 arbitror
2620 3749 2900 3818 percipere
2943 3750 3177 3818 aliquem
3227 3765 3384 3818 posse
3433 3745 3665 3804 “omnem

2089 3818 2428 3889 splendorem
2471 3819 2640 3874 totius
2680 3818 2866 3889 glorize
2916 3818 3031 3885 Dei,
3066 3819 3170 3873 nisi
3224 3821 3417 3874 Filium
3454 3818 3569 3876 Dei.
3609 3820 3665 3874 Si

2089 3905 2157 3943 eo
2201 3888 2371 3960 addas
2397 3889 2562 3960 etiam
2600 3888 2720 3958 ejus
2754 3890 3016 3958 Spiritum
3041 3929 3056 3952 ,
3097 3893 3300 3959 optime
3349 3898 3404 3944 tu
3447 3892 3664 3960 quidem

2089 3966 2144 4012 et
2189 3957 2588 4013 absolutissime
2651 3961 2717 4014 de
2763 3957 2872 4013 Deo
2931 3961 3079 4014 dices
3111 3957 3166 4013 et
3216 3957 3508 4016 senties.)
3561 3961 3667 4015 Sed

2091 4029 2205 4082 haec
2240 4039 2512 4095 postrema
2541 4030 2725 4090 verba,
2765 4044 2886 4098 quae
2940 4047 2968 4082 a
3004 4029 3256 4086 Ferrario
3305 4031 3665 4099 praetermissa

2090 4099 2356 4170 supplevit
2384 4099 2634 4170 Huetius,
2658 4101 2912 4170 videntur
2933 4115 2964 4152 e
2995 4102 3236 4170 margine
3268 4102 3320 4154 iu
3349 4110 3664 4156 contextum

2093 4168 2534 4244 irrepsis_se._Sic
2583 4169 2726 4244 enim
2779 4170 2978 4244 habent
3019 4168 3205 4244 Graeca
3239 4171 3664 4244 :AEiAueoaéeou

2090 4238 2184 4291 καὶ
2212 4239 2282 4311 τὸξ
2300 4238 2525 4311 Πνεῦμα
2555 4239 2616 4291 τὸ
2647 4239 2832 4311 αυτοῦ,
2865 4240 3064 4310 ἄριστά
3113 4257 3195 4294 σοι
3241 4238 3667 4311 ἂνὲθεολογεῖτο

2092 4308 2537 4382 καὶίτελεώτατα.
2603 4328 2622 4360 ι
2681 4308 3087 4382 διίοιιιιιυιεεεε
3137 4322 3192 4366 et
3240 4313 3498 4382 Spiritum
3526 4308 3663 4382 ejus,

2090 4381 2294 4448 Optime
2344 4382 2562 4448 quidem
2612 4389 2671 4434 et
2725 4381 3123 4434 absolutissitne
3152 4384 3219 4437 de
3273 4381 3436 4436 rebus
3471 4381 3665 4437 divinis

2091 4450 2324 4504 dixisses
2349 4461 2403 4503 et
2424 4453 2710 4505 sensisses.
2755 4469 2773 4502 ι
2808 4449 2997 4519 Liquet
3030 4452 3144 4506 haec
3171 4454 3238 4506 ab
3265 4454 3497 4521 Origene
3528 4455 3665 4506 scri-

2091 4529 2181 4586 pta
2216 4535 2321 4573 non
2352 4534 2492 4579 esse,
2541 4522 2637 4575 sed
2683 4521 2750 4575 ab
2800 4523 2905 4575 alio
2958 4532 3140 4575 notata
3189 4525 3415 4578 moleste
3459 4523 3665 4577 ferente

2093 4590 2355 4658 Spiritum
2393 4603 2640 4643 sanctum
2675 4591 2776 4644 hoc
2812 4592 2932 4646 loco
2966 4593 3325 4658 prastermitti.
3380 4595 3448 4646 At
3475 4608 3663 4661 parum

2091 4675 2242 4727 aequa
2293 4661 2409 4714 luce
2442 4665 2666 4715 notatio.
2715 4661 2828 4715 Non
2887 4664 3030 4715 enim
3081 4663 3256 4717 solent
3308 4663 3661 4717 ecclesiastici

2088 4731 2407 4798 scriptores,
2439 4747 2561 4784 cum
2586 4734 2653 4786 de
2687 4731 2824 4785 Filio
2850 4733 3142 4797 disserunt,
3169 4749 3230 4787 ea
3255 4747 3468 4802 semper
3499 4735 3664 4786 attin—

2089 4815 2241 4866 gere,
2271 4816 2391 4868 qua:
2417 4803 2482 4854 ad
2521 4803 2780 4870 Spiritum
2829 4813 3077 4855 sanctqu
3109 4806 3358 4856 attinent.
3409 4803 3566 4858 Facit
3607 4803 3658 4854 id

2088 4871 2360 4924 interdum
2392 4872 2679 4938 Origenes,
2703 4884 2762 4925 ιιι
2811 4883 2939 4926 tom.
2979 4887 3020 4925 tt
3063 4874 3119 4926 in
3159 4873 3347 4933 Joan.,
3390 4889 3537 4928 num.
3566 4871 3662 4935 23,

2091 4941 2179 5011 ubi
2209 4941 2374 4997 multa
2417 4944 2467 4994 in
2514 4943 2624 4996 Deo
2654 4959 2772 4996 esse
2825 4953 3092 5005 statuens,
3140 4959 3260 5011 qua:
3297 4944 3439 4996 nulla
3484 4959 3569 4997 res
3598 4942 3665 4995 ab

2087 5009 2195 5064 alio
2223 5027 2343 5066 esse
2391 5011 2596 5066 habens
2648 5013 2816 5081 possit
2849 5009 3326 5080 comprehendere,
3385 5016 3662 5068 Christum

2087 5089 2142 5152 et
2175 5082 2434 5152 Spiritum
2473 5092 2717 5136 sanctum
2747 5085 3062 5152 nominatim
3090 5084 3308 5152 excipit.
3340 5084 3518 5138 Multis
3545 5083 3664 5136 aliis

2087 5151 2141 5204 in
2185 5151 2317 5205 locis
2351 5153 2610 5222 Spiritum
2642 5169 2764 5207 cum
2800 5151 2938 5206 Filio
2983 5151 3262 5222 adjnngit;
3325 5155 3470 5225 quod
3501 5169 3665 5222 argu-

2089 5235 2274 5294 mento
2322 5233 2564 5294 est_eum
2614 5239 2717 5278 non
2781 5225 3024 5287 excludi,
3081 5226 3125 5279 si
3173 5230 3390 5293 quando
3440 5235 3664 5294 praeter-

2089 5293 2354 5346 mittatur.
2410 5292 2464 5345 In
2501 5308 2566 5347 eo
2598 5307 2777 5348 autem
2824 5294 2963 5356 loco,
2993 5296 3084 5363 qui
3117 5292 3277 5350 alicui
3322 5292 3508 5350 lectori
3550 5304 3664 5348 sto-

2089 5364 2336 5415 machum
2395 5363 2542 5427 fecit,
2581 5365 2836 5435 observat
2882 5363 3179 5430 Origenes,
3237 5376 3518 5435 postquam
3570 5367 3664 5418 de-

2089 5443 2446 5485 monstratum
2473 5446 2554 5486 est
2613 5433 2829 5488 Patrem
2867 5437 2921 5487 in
2961 5435 3100 5489 Filio
3133 5433 3443 5503 gloriﬁcari,
3492 5436 3660 5503 quaeri

2087 5517 2405 5575 possenon
2461 5503 2817 5571 incommode,
2864 5523 2882 5558 t
2932 5509 3204 5575 quomodo
3255 5518 3308 5561 et
3358 5511 3410 5560 iu
3457 5506 3662 5573 Spiritu

2087 5582 2280 5646 sancto
2301 5574 2660 5646 glorilicetur,
2694 5585 2748 5629 et
2779 5577 2832 5628 in
2879 5574 3154 5639 omnibus,
3185 5578 3382 5646 quibus
3415 5576 3664 5646 apparuit

2087 5643 2256 5712 gloria
2299 5644 2507 5698 Domini
2553 5654 2645 5697 aut
2685 5649 2987 5714 apparebit.
3025 5665 3044 5698 ι
3095 5643 3232 5702 Tum
3266 5643 3464 5702 statuit
3494 5643 3664 5701 totius

2085 5714 2272 5782 gloria:
2295 5715 2630 5783 splendorem
2671 5731 2791 5770 esse
2851 5716 3088 5784 Filium;
3149 5736 3167 5769 ι
3201 5721 3294 5773 sed
3332 5733 3508 5772 tamen
3535 5732 3660 5784 per-

2086 5785 2282 5859 venire
2301 5784 2662 5859 particulares
2693 5787 3014 5855 splendores
3037 5793 3106 5843 ab
3135 5789 3236 5844 hoc
3262 5791 3551 5859 splendore
3582 5801 3662 5838 to-

2089 5856 2193 5910 tius
2235 5857 2417 5926 gloria:
2457 5858 2525 5911 ad
2573 5857 2832 5926 reliquam
2877 5869 3182 5916 creaturam
3231 5856 3456 5917 raiionis
3496 5859 3660 5929 parti-
