4162 6450
413 407 520 464 Ἐς)

1258 409 1834 468 ORICENIANORUM
1873 410 2002 467 LIB.
2049 411 2111 476 ll,
2150 410 2304 466 CAP.
2346 411 2412 475 Il,
2453 407 2732 476 QUEST.
2771 405 2837 460 II.

3588 397 3694 452 730

413 540 532 584 erat
558 528 774 592 similis,
808 545 965 584 secus
1014 547 1117 598 qtta
1161 532 1442 586 inferiora.
1479 531 1805 596 Macrobius,
1852 530 1946 585 lib.
1979 545 1997 584 ι
2028 532 2076 590 Α
2101 528 2260 600 οὐσίᾳ
2288 528 2485 596 priscis
2513 523 2845 594 temporibus
2875 519 3086 576 solebat
3111 515 3359 586 usurpari
3403 516 3474 571 ab
3514 513 3694 569 ethni-

415 621 465 674 in
485 619 668 676 Somn.
694 619 865 687 Scip.,
883 637 1002 690 cap.
1027 623 1114 684 l4,
1133 637 1198 677 ex
1231 623 1495 678 sententia
1519 622 1756 677 Platonis
1779 622 1860 678 sic
1885 622 2000 676 dis-

413 713 586 766 scr'tt:
625 731 644 763 ι
691 712 833 767 Deus
861 713 955 782 qui
1007 715 1177 783 prima
1211 729 1375 768 causa
1411 725 1468 769 et
1507 724 1592 770 est
1633 724 1690 768 et
1740 721 1994 779 vocatur,

412 818 551 857 unus
575 805 815 856 omnium
847 817 1076 872 quinque
1113 813 1262 870 sunt,
1305 819 1532 873 quaeque
1574 804 1828 858 videntur
1853 816 1995 868 esse,

410 895 662 964 princeps
696 903 750 947 et
778 895 933 963 origo
961 902 1066 948 est.
1101 893 1198 949 Hic
1244 895 1706 964 superabundanti
1743 894 1996 962 majesta-

415 989 481 1041 tis
531 986 862 1039 l‘ecntiditate
895 986 962 1040 de
1003 1000 1063 1041 se
1105 996 1344 1041 mentem
1392 987 1615 1044 creavit.
1664 984 1792 1041 Haec
1842 1000 1997 1040 mens

409 1095 528 1148 quae
555 1077 679 1142 νοῦς
719 1088 966 1145 vocatur,
1011 1095 1118 1150 qua
1166 1081 1379 1135 Patrem
1413 1080 1650 1149 inspicit,
1684 1079 1897 1150 plenam
1922 1077 1996 1133 si-

413 1169 766 1225 militudinem
824 1181 1006 1226 servat
1039 1173 1325 1240 auctoris;
1359 1173 1597 1226 animam
1643 1187 1771 1227 vero
1823 1172 1888 1226 de
1938 1185 1997 1225 se

412 1273 561 1316 creat
594 1262 893 1328 pesteriora
946 1264 1264 1332 respiciens.
1289 1283 1308 1316 ι
1353 1263 1541 1318 Mundi
1579 1265 1739 1334 hujus
1783 1263 1997 1318 elfecto-

411 1369 524 1406 rem
556 1368 677 1408 esse
720 1353 846 1408 νοῦν
884 1353 1210 1425 Pythagorei
1251 1357 1615 1414 allirmabant.
1659 1359 1740 1411 Ab
1771 1358 1856 1412 bis
1887 1371 1994 1411 non

410 1446 613 1500 abludit
647 1447 936 1516 Origenes,
972 1463 1096 1503 cum
1127 1448 1342 1502 Patrem
1372 1451 1447 1504 ait
1475 1466 1580 1504 non
1627 1452 1811 1507 lucere
1837 1451 1889 1505 in
1923 1461 1996 1505 te-

411 1539 614 1598 hebris.
642 1539 838 1594 Filium
865 1555 995 1594 vero
1032 1539 1195 1597 Patre
1223 1557 1361 1610 esse.
1387 1543 1700 1598 inferiorem
1731 1555 1996 1613 quatenus

408 1628 460 1680 in
498 1629 734 1683 tenebris
783 1629 948 1698 lucet,
974 1633 1042 1687 ab
1087 1632 1260 1702 iisque
1313 1643 1658 1704 Oppugnalur
1691 1651 1705 1700 ;
1737 1650 1857 1688 curn
1909 1649 1997 1689 res

407 1719 662 1773 nimirum
691 1722 760 1776 ab
786 1735 852 1776 eo
885 1733 1214 1790 procreatae,
1245 1739 1308 1778 ac
1339 1724 1586 1780 homines
1611 1726 1877 1796 praecipue
1906 1727 1998 1782 be-

405 1811 718 1865 neﬁciorum
771 1813 1142 1881 immemores,
1176 1817 1418 1871 auctoris
1461 1819 1544 1872 sui
1581 1818 1725 1888 leges
1753 1835 1816 1874 ac
1847 1835 1991 1873 man-

401 1902 525 1954 data
550 1911 926 1957 contemnunt.

473 1992 588 2062 (77)
630 1992 905 2050 Dillicilior
939 1996 1104 2050 etiam
1141 2009 1224 2052 est
1244 1997 1484 2052 locorum
1526 1999 1742 2063 solutio,
1771 2001 1861 2070 qui
1896 2015 1992 2054 ex-

402 2094 544 2136 stant
587 2084 680 2138 lib.
711 2099 812 2140 vut
857 2096 1040 2141 contra
1085 2087 1316 2152 Celsum,
1365 2106 1515 2144 num.
1567 2092 1635 2145 12
1666 2110 1680 2148 :
1716 2094 1779 2146 Εἰ
1812 2093 1869 2146 δέ
1913 2113 1996 2159 τις

401 2175 929 2248 περισπασθήσεται.
969 2180 1041 2249 μή
1080 2196 1157 2250 πη
1215 2180 1625 2252 αὑτομολοῦμεν
1677 2185 1814 2255 πρὸς
1870 2188 1996 2252 τοὺς

401 2268 758 2338 ἀναιροῦντας
786 2269 878 2323 δύο
909 2266 1048 2327 εἶναι
1079 2272 1402 2337 ὑποστάσεις
1433 2275 1651 2347 Πατέρα
1706 2278 1801 2332 καὶ
1839 2279 1992 2343 Υἱὸν,

401 2360 752 2431 ἐπιστησάτω,
782 2362 876 2434 τῷ,
902 2359 970 2436 ἦν
1001 2363 1059 2418 δὲ
1100 2367 1317 2420 πάντων
1363 2367 1472 2420 τῶν
1511 2371 1916 2425 πιστευσάντων
1960 2375 1995 2446 ἡ

401 2449 598 2522 καρδία
626 2453 719 2506 καὶ
740 2455 771 2522 ἡ
796 2453 940 2525 ψυχὴ
979 2455 1096 2526 μία,
1118 2457 1203 2510 ἵνα
1238 2458 1491 2532 θεωρήσῃ
1526 2461 1616 2513 τόο
1658 2461 1807 2532 Ἐγὼ
1832 2462 1928 2517 καὶ
1959 2465 1993 2517 ό

398 2540 604 2609 Πατὴρ
633 2543 704 2596 ἓν
726 2545 931 2614 ἐσμεν·
965 2558 1018 2600 et
1049 2549 1242 2604 deinde
1274 2566 1288 2600 :
1329 2550 1722 2622 Θρησκέυομεν
1756 2549 1850 2608 οὖν
1891 2554 1983 2608 τὸν

399 2633 621 2706 Πατέρα
656 2635 756 2706 τῆς
805 2636 1080 2710 ἀληθείας,
1125 2639 1219 2693 καὶ
1268 2641 1361 2695 τὸν
1401 2642 1527 2695 Υἰὸν
1561 2643 1663 2714 τὴν
1705 2643 2000 2716 ἀλήθειαν,

397 2723 528 2780 ὅντα.
561 2726 654 2780 δύο
693 2731 758 2801 τῇ
795 2730 1088 2786 ὑποστάσει
1121 2733 1443 2804 πράγματα,
1485 2733 1543 2789 ἓν
1587 2735 1645 2788 δὲ
1671 2738 1737 2808 τῇ
1776 2738 2001 2810 ὁμονοίᾳ

399 2815 496 2871 καὶ
546 2821 610 2890 τῇ
660 2821 981 2894 συμφωνίᾳ,
1014 2823 1110 2876 καὶ
1133 2826 1199 2895 τῇ
1246 2824 1537 2896 ταυτότητι
1583 2825 1676 2878 τοῦ
1718 2825 1995 2898 βουλήμα-

397 2925 518 2972 τος·
553 2909 767 2966 Patrem
794 2924 846 2968 et
870 2914 1064 2968 Filium
1091 2917 1196 2970 duo
1217 2929 1337 2970 esse
1363 2917 1439 2970 ait
1465 2917 1788 2984 ὑποστάσει,
1821 2935 1991 2974 unum

399 3016 668 3056 consensu
724 3012 780 3058 et
832 3005 1144 3060 concordia.
1189 3005 1302 3077 (78)
1339 3007 1502 3078 Atqui
1542 3008 1844 3073 ὑπόστασις
1891 3024 1990 3079 pro

2105 621 2188 675 cis
2214 631 2269 674 et
2289 618 2633 674 Christianis.
2672 614 3034 686 Hieronymus
3054 611 3213 681 epist.
3242 610 3308 663 57
3335 609 3401 662 ad
3434 607 3689 661 Damas.:

2111 728 2130 762 ι
2172 709 2308 764 Tota
2332 708 2670 766 saecularium
2691 707 2996 762 litterarum
3018 702 3201 758 schola
3235 699 3368 755 nihil
3392 699 3537 752 aliud
3563 697 3696 751 ὑπό-

2108 819 2296 857 στασιν
2332 803 2434 856 nisi
2475 800 2664 855 οὐσίαν
2705 800 2874 854 novit.
2920 817 2940 850 ›
2978 795 3056 850 lta
3099 802 3450 862 sumpserunt
3488 790 3692 846 Nicazni

2105 892 2319 954 Patres,
2353 892 2425 946 ita
2454 890 2828 945 Sardicenses.
2856 886 2930 940 lta
2971 893 3026 939 et
3075 883 3374 951 sumpsisse
3401 880 3690 950 Origeneut

2104 984 2396 1040 verisimile
2419 992 2521 1040 est.
2543 979 2713 1037 Temo
2727 981 2942 1050 quidem
2967 978 3140 1046 primo
3161 977 3215 1029 in
3241 975 3519 1034 Joannem,
3540 989 3688 1026 num.

2103 1076 2205 1141 25,
2251 1076 2333 1130 sic
2371 1075 2611 1143 loquitur
2662 1073 2729 1127 de
2773 1069 3168 1126 Valentinianis
3201 1083 3214 1120 :
3249 1068 3498 1137 Οἰόμενοι
3556 1060 3698 1135 προ-η’

2105 1169 2276 1238 φορὰν
2318 1167 2610 1239 πατρικὴν,
2643 1165 2806 1220 οἱονεὶ
2853 1166 2911 1217 ὲν
2938 1161 3229 1224 συλλαϐαῖς
3253 1159 3511 1230 κειμένην
3550 1153 3694 1211 εἶναι

2102 1262 2195 1316 τὸν
2235 1261 2362 1314 Υἰὸν
2396 1260 2490 1314 τοῦ
2521 1259 2656 1312 Θεοῦ
2678 1301 2693 1319 ,
2719 1260 2815 1312 καὶ
2839 1257 2978 1310 κατὰ
3005 1255 3161 1309 τοῦτο
3197 1255 3491 1307 ὑπόστασιν
3520 1250 3690 1320 αὐτῷ,

2103 1356 2152 1407 εἰ
2205 1352 2448 1425 ἀκριϐῶς
2479 1353 2658 1404 αὐτων
2703 1348 3126 1418 πυνθανοίμεθα,
3171 1349 3231 1400 οὐ
3263 1346 3528 1408 διδόασιν,
3574 1344 3694 1397 οὐδὲ

2102 1445 2290 1499 οὐσίαν
2348 1443 2513 1500 αὐτοῦ
2577 1442 2986 1512 σαφηνίξουσιν.
3046 1439 3142 1493 Ubi
3181 1438 3476 1491 ὑπόστασιν
3508 1440 3574 1490 ali
3604 1437 3696 1489 οὑ·-

2107 1536 2198 1608 ei;
2241 1536 2524 1604 distinguit
2573 1535 2816 1604 quidem,
2844 1543 2900 1587 at
2949 1548 3055 1586 non
3102 1531 3267 1586 sumit
3299 1545 3394 1599 pro
3441 1546 3691 1599 persona,

2104 1630 2198 1684 sed
2227 1644 2324 1698 pro
2345 1628 2706 1692 subsistentia,
2738 1641 3029 1696 personam
3054 1627 3254 1696 quippe
3283 1624 3502 1694 preprio
3530 1638 3694 1675 voca-

2103 1721 2229 1776 bulo
2258 1719 2497 1792 ἰδιότητα
2513 1720 2648 1774 alias
2663 1720 2919 1788 appellat.
2943 1718 3210 1772 Praeterea
3231 1732 3352 1771 cum
3383 1731 3546 1768 unum
3575 1729 3698 1770 esse

2103 1827 2373 1867 consensu
2414 1822 2469 1866 et
2516 1812 2808 1866 concordia
2861 1810 3060 1864 dixerit
3102 1809 3318 1865 Patrem
3373 1817 3427 1863 et
3461 1807 3694 1874 Filium,

2029 1899 2073 1953 Β
2101 1912 2386 1972 postquam
2419 1903 2755 1956 docuitduos
2785 1917 2905 1956 esse
2933 1901 3231 1972 hypostasi,
3273 1899 3430 1970 plane
3460 1900 3700 1954 ὑποστά-

2104 2011 2242 2058 σεως
2267 1994 2592 2048 vocabulum
2638 1993 2851 2046 videtur
2895 1994 3145 2046 uelandae
3193 1992 3510 2047 substantiae
3542 1991 3698 2044 adhi-

2101 2085 2286 2141 buisse
2320 2103 2333 2138 :
2368 2101 2492 2138 nam
2525 2086 2569 2140 si
2614 2085 2794 2154 priore
2835 2085 2954 2140 loco
3004 2086 3140 2139 duos
3183 2099 3303 2138 esse
3338 2083 3700 2154 significasset

2101 2178 2275 2245 quoad
2305 2176 2895 2247 personas,adjecisset
2921 2176 3165 2247 profecto
3186 2193 3351 2230 unum
3378 2190 3498 2230 esse
3521 2174 3699 2244 quoad

2099 2270 2311 2324 οὐσίαν.
2344 2269 2416 2324 At
2450 2285 2574 2324 cum
2608 2285 2774 2323 unum
2799 2285 2922 2323 esse
2952 2269 3237 2338 scripserit
3266 2284 3534 2324 consensu
3568 2269 3700 2322 dun-

2099 2370 2289 2426 taxat,
2317 2361 2479 2416 aliam
2514 2375 2733 2415 omnem
2755 2360 2974 2415 videtur
3016 2360 3291 2430 respuisse
3321 2361 3582 2416 unitatem
3605 2401 3620 2422 ,
3645 2368 3701 2414 et

2099 2456 2235 2510 duos
2261 2454 2440 2524 quoad
2473 2453 2662 2508 οὐσίαν
2692 2453 3009 2510 credidisse.
3039 2451 3415 2507 Antiochenus
3443 2451 3530 2506 ille
3563 2468 3698 2507 con-

2099 2557 2296 2604 ventus
2333 2549 2385 2603 in
2417 2547 2680 2603 encasniis
2719 2546 3028 2602 celebratus
3075 2561 3222 2600 anno
3254 2545 3381 2610 341,
3423 2545 3476 2599 in
3516 2543 3696 2612 Expo-

2099 2642 2291 2696 sitione
2319 2641 2444 2710 ﬁdei
2465 2640 2860 2706 ecclesiasticae,
2889 2654 3053 2709 quam
3100 2638 3513 2708 Expositionem
3553 2637 3698 2696 rele-

2105 2742 2231 2788 runt
2288 2733 2624 2788 Athanasius
2676 2741 2732 2786 et
2783 2731 3024 2786 Hilarius
3075 2731 3132 2786 in
3166 2730 3321 2786 libris
3370 2729 3447 2784 De
3481 2731 3697 2800 synodis

2102 2833 2288 2878 contra
2339 2822 2594 2890 Arianos,
2647 2821 2920 2878 consimili
2956 2821 3237 2878 locutione
3283 2822 3490 2876 utitur:
3525 2842 3544 2875 ι
3586 2822 3701 2876 Ma-

2101 2915 2296 2970 nifesta
2330 2915 2536 2982 utique,
2601 2915 2796 2982 inquit,
2868 2912 3067 2977 Patris,
3130 2928 3256 2968 vere
3304 2913 3520 2980 Patris;
3578 2929 3698 2967 cer-

2099 3016 2264 3080 taque
2299 3006 2442 3073 Filii,
2473 3022 2600 3064 vere
2627 3007 2787 3074 Filii;
2815 3018 3052 3078 notaque
3086 3007 3324 3077 Spiritus
3353 3009 3550 3073 sancti,
3572 3023 3698 3063 vere

473 3185 590 3258 (Π)
637 3186 914 3261 οἱῃίείιίοτ
938 3190 1201 3261 etiamiest
1229 3189 1461 3243 locorum
1488 3188 1707 3254 solutio,
1743 3197 1848 3261 etc.
1879 3189 1998 3246 Dif—
2027 3201 2069 3260 ο
2103 3191 2366 3261 Origenes
2401 3191 2561 3245 aliter
2598 3190 2664 3246 de
2693 3190 3021 3247 Christianis
3057 3192 3490 3261 existimaturum
3526 3189 3694 3247 fuisse

399 3259 556 3315 licilis
587 3259 835 3326 equidem
887 3261 1058 3328 prima
1102 3260 1279 3313 fronte
1313 3261 1483 3313 videri
1527 3263 1702 3328 possit
1749 3259 1993 3314 locorum

399 3329 624 3384 istorum
653 3328 888 3392 solutio;
925 3331 1020 3384 sed
1070 3333 1112 3384 si
1146 3331 1411 3384 attentius
1452 3340 1506 3384 et
1540 3331 1774 3398 penitius
1819 3332 1996 3400 inspi-

397 3400 630 3464 ciantur,
663 3400 1136 3467 praeclarissimum
1162 3399 1367 3453 dabunt
1398 3401 1691 3454 numericze
1719 3402 1770 3453 in
1812 3399 1995 3456 divina

396 3469 698 3525 substantia
729 3469 953 3524 unitatis
984 3471 1372 3524 testimonium.
1403 3469 1735 3524 t°Adhibita
1775 3473 1843 3525 ab
1867 3470 1996 3528 Ori-

394 3553 534 3606 gene
553 3538 754 3602 cautio,
778 3553 846 3592 ne
868 3539 1008 3594 idem
1035 3541 1177 3609 quod
1199 3540 1443 3594 Noetiani
1475 3541 1680 3596 sentire
1700 3541 1992 3605 videretur,

395 3618 718 3679 argumento
755 3619 840 3679 est
882 3610 1114 3664 mediam
1166 3609 1313 3663 illum
1359 3611 1504 3664 viam
1560 3612 1798 3666 tenuisse
1853 3614 1998 3667 inter

393 3677 656 3734 Arianam
697 3687 744 3731 at
783 3677 1148 3733 Sabellianam
1173 3681 1446 3745 haeresim,
1473 3689 1531 3734 ut
1553 3682 1822 3736 catholica
1851 3699 1991 3738 sem-

471 3767 494 3804 r
521 3749 698 3822 tenuit
715 3749 1156 3822 _Ecclesia.iQuis
1188 3751 1354 3822 enim
1391 3759 1506 3806 tres
1546 3765 1809 3820 personas
1839 3753 1996 3822 longe

455 3830 613 3888 teque
647 3817 972 3880 dissocians,
999 3821 1051 3873 id
1098 3820 1199 3874 sibi
1226 3822 1528 3874 cavendum
1546 3817 1618 3874 'et
1644 3817 1995 3877 metuendum

396 3900 571 3960 putet,
598 3905 672 3963 ne
699 3904 793 3944 eas
841 3891 1176 3963 confundere
1197 3891 1444 3963 videatur
1471 3891 1496 3944 ‘t
1519 3889 1578 3943 2°
1602 3890 1823 3963 Repetit
1865 3893 1992 3963 qui-

396 3963 520 4015 dem
583 3961 850 4030 Origenes
889 3961 1151 4030 unitatem
1199 3961 1292 4015 Dei
1324 3975 1390 4014 ex
1433 3962 1723 4016 concordia
1758 3971 1814 4017 et
1858 3961 1993 4018 con-

396 4045 560 4086 sensu
592 4029 734 4084 inter
758 4029 976 4084 Patrem
1007 4041 1061 4083 et
1087 4029 1308 4096 Filium,
1347 4033 1440 4086 sed
1480 4031 1625 4085 hunc
1661 4046 1990 4088 consensum

397 4102 450 4156 in
477 4103 757 4155 identitate
787 4100 1076 4154 voluntatis
1110 4100 1260 4172 ponit
1290 4117 1448 4170 τίμιαι
1480 4103 1698 4172 quidem
1736 4102 1992 4172 loquendi

397 4177 538 4226 ratio
583 4187 708 4224 cum
758 4185 857 4226 sua
902 4181 1097 4239 sponte
1131 4170 1468 4226 voluntatem
1500 4170 1643 4226 'sive
1695 4170 1990 4228 essentiam

395 4241 573 4298 Patris
593 4241 730 4296 Filio
753 4244 1209 4296 communicatam
1233 4242 1501 4310 designat,
1520 4252 1633 4296 tmn
1670 4257 1805 4297 vero
1825 4244 1991 4299 alium

397 4327 616 4368 sensum
657 4313 760 4367 hoc
796 4313 915 4366 loco
948 4327 1056 4365 nun
1098 4311 1324 4381 patitur.
1351 4311 1486 4366 Nam
1518 4312 1791 4367 haereticis
1825 4329 1991 4371 unam

397 4382 450 4436 in
487 4384 649 4456 Patre
683 4391 738 4456 et
769 4381 1297 4456 Filiqvoluntaterq
1323 4384 1437 4436 sive
1469 4383 1762 4437 essentiam
1801 4394 1854 4456 et
1886 4385 1992 4456 hy-

396 4455 658 4522 postasim
689 4452 1019 4521 ﬁngentibus
1075 4452 1326 4506 concedit
1368 4468 1532 4506 unam
1566 4467 1692 4507 esse
1741 4452 1993 4508 volunta-

399 4524 698 4595 tem,duas_
718 4525 1036 4595 hypostascs
1078 4523 1325 4595 requirit.
1367 4522 1522 4589 Quod
1549 4523 1616 4588 si,
1640 4532 1702 4595 ut
1732 4524 1866 4579 duas
1893 4525 1991 4595 by-

397 4605 662 4660 postases,
687 4593 765 4647 ita
805 4595 972 4649 etiam
1005 4594 1140 4647 duas
1173 4593 1484 4648 voluntates
1508 4594 1852 4659 admittebat,
1889 4593 1990 4650 cur

400 4665 451 4716 in
480 4663 652 4717 altero
671 4679 862 4719 manus
880 4665 971 4717 dat
998 4663 1376 4717 haereticorum
1392 4663 1699 4727 sententiae,
1737 4664 1804 4718 de
1821 4664 1994 4720 altero

396 4740 505 4787 tam
522 4734 791 4789 obstinate
808 4732 1236 4802 delitigat?Cum
1255 4734 1555 4802 praesertim
1569 4735 1692 4788 data
1707 4748 1867 4804 opera
1884 4735 1996 4789 dis-

401 4804 634 4871 tinguat,
653 4805 782 4872 qnid
803 4819 1085 4858 numerum
1101 4804 1154 4857 irt
1175 4804 1441 4858 Trinitate
1455 4805 1709 4872 patiatur,
1729 4802 1859 4873 quid
1883 4821 1994 4866 non

397 4873 654 4942 patiatur.
678 4876 876 4928 Deinde
905 4889 1036 4928 vero
1061 4889 1129 4929 ex
1148 4875 1249 4928 hac
1263 4874 1854 4929 voluntatisidentitate
1874 4875 1992 4931 lleri

398 4946 664 5014 declarat,
707 4955 766 4999 ut
805 4945 897 5014 qui
928 4943 1128 4998 Filium
1165 4945 1380 5006 viderit,
1414 4945 1630 4998 Patrem
1659 4959 1876 5014 quoque
1910 4947 1995 5000 vi-

398 5015 557 5069 derit.
589 5013 805 5085 Optime
828 5013 1062 5085 quidem
1115 5015 1160 5069 si
1199 5023 1308 5068 tota
1342 5015 1522 5068 Patris
1575 5013 1822 5069 voluntas
1852 5014 1992 5071 Filio

399 5085 600 5138 tradita
641 5084 699 5140 et
733 5084 1182 5154 communicata:
1210 5085 1315 5139 hoc
1343 5086 1487 5138 enim
1529 5086 1705 5151 posito
1739 5085 1993 5154 sequitur

398 5155 534 5208 nihil
556 5170 680 5210 esse
714 5155 766 5210 in
803 5153 966 5209 Patre
992 5157 1138 5223 quod
1171 5170 1276 5208 non
1312 5156 1387 5208 sit
1415 5156 1465 5208 in
1495 5155 1654 5220 Filio,
1682 5164 1739 5210 et
1770 5153 1990 5211 Patrem

399 5224 592 5292 videri,
623 5228 748 5280 dum
784 5226 998 5278 videtur
1023 5224 1214 5279 Filius.
1245 5227 1314 5278 At
1340 5226 1384 5279 si
1408 5226 1665 5280 identitas
1695 5226 1990 5282 voluntatis

396 5295 536 5348 nihil
563 5295 708 5366 aliud
753 5304 858 5360 est,
895 5309 1060 5366 quam
1090 5297 1415 5364 obsequium
1447 5293 1569 5349 Filii
1594 5295 1856 5351 adversus
1886 5295 1991 5351 Pa-

395 5375 557 5429 trem,
589 5365 713 5436 quis
748 5376 856 5420 tam
902 5369 1195 5436 absurdus,
1237 5373 1294 5419 ut
1339 5381 1405 5419 ex
1430 5366 1700 5436 ejusmodi
1726 5367 1990 5435 obsequio

397 5435 686 5490 concludat
718 5436 981 5507 aequalem
1011 5435 1362 5507 ‘Patrijessei
1403 5435 1597 5507 Filium
1621 5475 1637 5499 ,
1669 5446 1722 5491 et
1770 5436 1987 5507 Patrem

397 5507 568 5560 videri
601 5508 730 5560 dum
759 5505 973 5561 videtur
1000 5505 1218 5560 Filius?
1243 5506 1302 5561 5ο
1335 5506 1556 5561 Relellit
1581 5508 1683 5560 hoc
1725 5507 1844 5561 loco
1867 5505 1988 5561 Ori-

397 5589 564 5646 genes
593 5579 737 5646 quod
767 5577 960 5631 Celsus
991 5576 1272 5646 perinique
1313 5577 1428 5630 ﬁeri
1466 5592 1496 5630 a
1540 5575 1868 5632 Christianis
1902 5577 1986 5630 di-

398 5648 578 5712 cebat,
611 5657 672 5700 ut
699 5662 823 5701 cum
854 5647 952 5715 ipsi
993 5657 1194 5715 praeter
1243 5661 1514 5700 summum
1553 5646 1743 5710 Deum,
1781 5664 1801 5697 ι
1843 5647 1987 5700 hunc

399 5732 589 5772 recens
633 5727 884 5772 exortum
922 5734 942 5768 ι
976 5718 1078 5787 (sic
1126 5730 1270 5770 enim
1324 5715 1597 5771 Christum
1645 5717 1985 5786 designabat)

397 5787 579 5841 colere
635 5803 740 5842 non
799 5787 1134 5848 dubitarent,
1165 5787 1412 5840 eamdem
1444 5789 1658 5840 veniam
1713 5787 1834 5840 aliis
1877 5799 1984 5839 non

398 5857 592 5916 darent
622 5872 834 5916 summo
860 5858 969 5916 Deo
1000 5856 1274 5914 ministros
1297 5855 1645 5929 adjungendi.
1675 5856 1986 5926 Respondet

2103 3260 2365 3333 Οεῑέιιιιιη
2402 3264 2447 3315 si
2485 3263 2842 3317 intellexisset
2883 3263 3014 3333 illud
3046 3279 3057 3313 :
3091 3262 3205 3333 Ego
3246 3273 3293 3316 et
3341 3260 3504 3314 Pater
3531 3279 3697 3333 unum

2101 3332 2498 3405 sumuslloan.
2536 3349 2612 3405 tv,
2648 3333 2762 3405 50),
2790 3342 2876 3405 et,
2900 3332 3063 3405 Pater
3087 3331 3154 3405 ini
3173 3350 3276 3398 me,
3313 3342 3358 3386 et
3385 3349 3477 3400 ego
3517 3333 3571 3385 in
3599 3331 3702 3405 Pa-

2101 3413 2180 3473 tre
2211 3403 2364 3473 (ibid.
2411 3404 2523 3472 '58).
2555 3404 2692 3457 Tum
2721 3403 2976 3457 adhibita
3013 3404 3266 3458 cautione
3321 3417 3389 3456 ne
3426 3405 3552 3472 quis
3591 3404 3698 3458 sibi

2099 3472 2377 3529 Noetiante
2409 3475 2633 3528 haeresis
2669 3484 2853 3530 notam
2896 3474 3159 3537 inureret,
3183 3473 3462 3529 concludit
3507 3484 3698 3528 centra

2098 3544 2314 3598 Celsum
2341 3563 2360 3596 ι
2386 3560 2552 3598 unum
2575 3545 2762 3610 Deum,
2793 3543 3009 3598 Patrem
3028 3555 3081 3598 et
3106 3543 3302 3598 Filium
3339 3563 3358 3596 ι
3384 3543 3699 3598 aCbriStia-

2101 3615 2185 3667 nis
2209 3615 2333 3675 coli,
2370 3633 2388 3666 ι
2431 3630 2521 3669 res
2556 3615 3095 3685 quidemihypostasi
3139 3616 3296 3678 duas,
3325 3631 3486 3668 unam
3515 3625 3699 3669 autent

2101 3685 2388 3740 identitate
2406 3686 2758 3740 voluntatis.)
2783 3684 2901 3738 Non
2925 3685 3410 3754 poteratEcclesia:
3441 3700 3601 3739 causa
3619 3702 3701 3739 ac-

2099 3755 2342 3810 curatius
2370 3756 2625 3810 defendi:
2663 3771 2787 3809 nam
2818 3769 2884 3810 ex
2908 3757 3118 3811 unitate
3145 3755 3474 3809 substantia:
3512 3755 3563 3809 in
3598 3755 3701 3808 Pa-

2101 3833 2185 3895 tre
2209 3834 2265 3879 et
2295 3825 2436 3879 Filio
2464 3827 2647 3881 unitas
2679 3825 2773 3879 Dei
2807 3825 3122 3880 necessario
3149 3827 3523 3895 consequitur.
3553 3828 3624 3895 At
3649 3827 3696 3880 si

2098 3894 2364 3963 Origenes
2387 3896 2552 3951 citata
2588 3895 2885 3964 Scriptura:
2914 3897 3083 3951 verba
3125 3899 3191 3950 ad
3220 3894 3542 3964 obsequium
3575 3894 3698 3950 Filii

2098 3975 2154 4020 et
2183 3981 2508 4020 consensum
2553 3966 2895 4020 voluntatum
2945 3975 3254 4033 evocasset,
3294 3977 3354 4019 ut
3400 3967 3599 4019 factum
3629 3967 3698 4020 ab

2095 4037 2339 4106 Arianis,
2373 4038 2647 4106 quomodo
2689 4037 2795 4091 sibi
2835 4051 3004 4091 unum
3049 4036 3216 4091 Deum
3253 4035 3432 4091 colere
3477 4034 3701 4089 videbam

2096 4107 2230 4161 tur?
2256 4105 2448 4161 Nonne
2481 4107 2672 4162 Celsus
2715 4106 2905 4161 eodem
2929 4107 3053 4176 jure
3088 4122 3415 4162 consensum
3444 4106 3698 4176 volunta-

2099 4187 2215 4230 tum
2248 4177 2392 4231 inter
2423 4192 2694 4232 summum
2729 4176 2897 4231 Deum
2923 4175 2979 4231 et
3004 4176 3122 4244 ejus
3151 4177 3434 4230 ministros
3460 4175 3694 4242 obiecis-

2096 4247 2223 4320 set?
2251 4250 2332 4300 An
2372 4247 2453 4320 ita
2501 4248 2772 4320 absurdus
2792 4246 2906 4320 luit
2947 4245 3230 4320 Origenes,
3269 4257 3326 4300 ut
3372 4249 3424 4301 in
3453 4247 3529 4320 id,
3554 4247 3698 4315 quod

2097 4316 2534 4387 reprehendebat
2559 4319 2615 4372 in
2653 4319 2912 4384 ethnicis,
2948 4316 3152 4372 revelvi
3183 4333 3257 4387 se
3289 4332 3396 4372 non
3428 4316 3642 4387 videret
3677 4333 3693 4384 ;

2096 4386 2190 4442 aut
2217 4389 2288 4442 ita
2318 4389 2597 4457 improbus
2639 4397 2698 4442 ut
2733 4387 3150 4442 dissimularet?
3179 4386 3306 4457 Haec
3342 4387 3404 4441 D.
3452 4386 3698 4440 Pruden-

2099 4458 2206 4513 tius
2255 4456 2480 4524 Ilarau,
2524 4459 2618 4514 lib.
2649 4473 2702 4514 tv
2738 4457 2815 4513 De
2853 4458 3134 4512 divinitate
3189 4456 3406 4527 Christi,
3423 4472 3557 4527 _cap.
3605 4457 3696 4521 15,

2095 4543 2247 4600 πψτη.
2271 4528 2326 4600 6.
2357 4527 2492 4583 Vide
2515 4530 2739 4600 insuper
2759 4528 2994 4600 Bullum,
3013 4527 3227 4600 Defens.
3242 4529 3367 4598 ﬁdei
3383 4525 3619 4583 Niedzna:
3635 4530 3699 4582 de

2095 4595 2328 4670 Filiijrt‘p
2351 4595 2890 4670 ὁμοουσίῳξεθεμε,
2925 4614 3046 4670 cap.
3083 4595 3135 4662 9,
3171 4595 3320 4654 num.
3353 4600 3442 4654 11.

2169 4668 2478 4740 (78)“Αιὶ]ιιὶ
2500 4668 2842 4736 ὑπόστασις
2878 4686 2972 4739 pro
2997 4668 3192 4737 οὐσίᾳ
3228 4671 3414 4738 priscis
3442 4669 3699 4740 tempori-

2097 4737 2193 4792 bus
2220 4737 2418 4794 solebat
2445 4742 2718 4810 usurpari,
2736 4751 2842 4795 etc.
2869 4737 2888 4791 ἀ
2915 4740 3143 4810 Etiamsi
3160 4737 3233 4796 de
3251 4739 3525 4794 nonnullis
3553 4737 3699 4794 scri-

2095 4810 2344 4878 ptoribus
2392 4811 2445 4865 id
2478 4807 2858 4873 concederem,
2890 4811 2958 4865 de
3004 4807 3240 4881 Origene
3286 4821 3436 4866 certe
3465 4814 3692 4864 concedi

2095 4894 2202 4933 non
2234 4891 2459 4950 posset;
2502 4883 2596 4936 sed
2641 4881 2796 4936 tnulti
2825 4882 2914 4934 alii
2946 4881 3089 4935 hanc
3117 4896 3305 4937 vocem
3348 4882 3400 4935 in
3449 4881 3699 4935 eamdem

2095 4952 2420 5021 sententiam
2474 4961 2827 5021 usurparunt.
2885 4951 2993 5021 Ipsi
3043 4952 3312 5014 hazretici,
3355 4967 3477 5006 cum
3531 4967 3697 5004 unam

2096 5018 2447 5094 hypostasim
2495 5018 2868 5094 admitterent,
2902 5018 3096 5094 jtonne
3119 5023 3446 5094 hypostasis
3478 5021 3697 5094 nomine

2093 5105 2382 5163 personam
2436 5091 2865 5163 intelligebant?
2902 5090 2974 5163 Ut
3021 5090 3272 5147 omittam
3322 5091 3695 5163 Alexandrum

2091 5161 2519 5232 Alexandrinum
2560 5160 2652 5232 qui
2700 5165 2751 5216 in
2783 5162 3037 5232 epistola,
3068 5163 3136 5216 ad
3186 5164 3556 5217 Alexandrum
3587 5160 3692 5232 CP.

2103 5229 2245 5286 idem
2284 5233 2442 5289 docet
2469 5247 2534 5288 ac
2579 5229 2878 5303 Origenes;
2907 5233 3292 5302 Athanasium,
3321 5236 3574 5303 qui_tres_
3598 5231 3698 5301 hy-

2103 5313 2352 5368 postases
2393 5318 2516 5357 cum
2549 5319 2654 5357 una
2682 5301 2736 5359 in
2762 5301 3105 5359 concordiam
3149 5304 3404 5366 adduxit;
3431 5301 3694 5354 Basilium

2090 5384 2144 5425 et
2168 5371 2488 5442 Gregorium
2525 5372 2949 5440 Nazianzenum,
2981 5383 3036 5426 et
3083 5372 3218 5427 alios
3245 5373 3406 5427 trium
3438 5371 3694 5440 hyposta-

2095 5443 2234 5514 sium
2276 5442 2642 5514 defensores;
2684 5455 2910 5514 uterque
2962 5442 3290 5514 Dionysius,
3327 5442 3602 5514 Romanus
3640 5451 3696 5496 et

2093 5513 2520 5581 Alexandrinus,
2556 5528 2653 5569 sex
2676 5511 2938 5583 episcbpi,
2967 5511 3198 5582 quorum
3246 5521 3426 5566 exstat
3459 5511 3690 5579 epistola

2089 5585 2155 5635 ad
2179 5583 2402 5635 Paulum
2425 5584 2864 5648 Samosatenum,
2891 5584 3227 5653 hypostasim
3246 5583 3435 5653 eodem
3461 5583 3616 5653 modo
3637 5593 3694 5635 ut

2091 5653 2348 5721 Origenes
2375 5653 2716 5721 interpretati
2741 5663 2887 5708 sunt.
2913 5650 2998 5706 i—'
3032 5653 3156 5708 Haec
3187 5654 3249 5707 D.
3272 5650 3438 5721 Prud.
3474 5651 3692 5721 Manu,

2089 5722 2166 5774 De
2191 5717 2357 5773 Ztivin.
2387 5717 2654 5796 Chrfcap.
2680 5724 2768 5790 15,
2790 5724 3013 5778 nunt.6.
3051 5725 3182 5781 Vide
3215 5732 3271 5777 et
3292 5717 3531 5787 Bullum,
3561 5720 3674 5774 ibid

2091 5807 2198 5865 quo
2233 5805 2418 5862 supra.
