4162 6462
529 372 630 429 735

1806 373 1870 430 Ρ.
1911 376 2228 434 DANIELIS
2260 380 2492 437 HUETII

3715 390 3838 446 756

521 489 792 559 prodiisse
822 489 1117 544 vehemens
1152 490 1392 560 suspicio
1417 501 1523 546 est.
1556 493 1704 550 Talis
1735 496 1825 552 ille
1855 497 2004 553 locus
2030 508 2115 554 est
2143 505 2189 562 Α
2217 501 2499 571 imaginem
2531 517 2706 566 suam,
2745 513 2794 556 et
2825 502 3111 556 secundum
3147 504 3370 573 speciem
3399 521 3550 560 sitam
3578 508 3647 561 ι’.
3685 505 3847 573 ch

522 580 713 634 bomil.
747 579 816 634 12
854 582 910 633 in
948 579 1139 643 Nam,
1189 598 1336 635 nmn.
1366 584 1417 648 1,
1455 599 1580 656 pag.
1611 585 1761 642 312:
1804 606 1824 640 ι
1851 587 1947 642 Est
1983 605 2113 659 ergo

523 672 640 727 hac
673 671 834 725 trium
865 671 1146 726 distinctio
1175 687 1538 742 personarum
1573 676 1626 730 in
1661 677 1842 745 Patre,
1873 689 1929 735 et
1953 680 2112 748 Filio,

521 777 577 823 et
618 767 824 837 Spiritu
863 776 1083 834 sancto,
1117 785 1238 838 quae
1275 771 1342 824 ad
1378 770 1640 839 pluralem
1683 784 1972 843 puteorum
2015 793 2114 830 nu-

517 873 727 913 merum
771 866 1080 913 revocatur.
1127 859 1235 913 Sed
1279 859 1472 914 borum
1520 872 1810 930 puteorum
1847 880 1986 921 unus
2026 876 2114 920 est

519 947 640 1002 forts
672 963 689 1001 :
718 963 828 1002 una
851 947 994 1002 enim
1019 949 1317 1004 substantia
1345 962 1429 1004 est
1453 960 1508 1005 et
1536 960 1726 1007 natura
1749 953 2034 1008 Trinitatis
2057 971 2106 1019 ;›

523 1050 578 1094 et
611 1040 698 1095 hic
730 1039 896 1094 etiam
923 1053 955 1094 e
985 1038 1079 1094 lib.
1106 1055 1167 1093 ιιι
1209 1041 1262 1094 in
1299 1041 1471 1109 Epist.
1503 1045 1572 1094 ad
1596 1041 1778 1106 Rom.,
1806 1059 1956 1097 num.
1980 1044 2042 1098 11
2089 1061 2106 1099 :

521 1157 538 1188 ι
570 1137 756 1190 Fidem
799 1145 984 1190 autem
1027 1135 1259 1190 dicimus
1305 1137 1358 1190 in
1406 1134 1647 1202 Patrem,
1694 1147 1750 1191 et
1790 1137 2008 1203 Filium,
2056 1146 2112 1193 et

515 1229 782 1298 Spiritum
821 1237 1095 1290 sanctum,
1149 1227 1438 1297 integram,
1493 1227 1732 1296 plenam,
1781 1229 2106 1299 perfectam,

513 1338 636 1390 quae
671 1321 807 1375 nihil
839 1321 1137 1380 diver’sum,
1169 1319 1246 1372 nil
1285 1319 1624 1388 discrepans,
1661 1329 1757 1374 aut
1787 1330 2108 1376 extraneum

514 1415 568 1468 iu
597 1413 866 1467 Triuitate
915 1412 1231 1481 profitetur;
1273 1429 1291 1463 ι
1341 1420 1395 1465 et
1440 1409 1529 1466 ille
1572 1427 1602 1465 e
1648 1411 1744 1469 lib.
1773 1427 1828 1477 ν,
1872 1414 2109 1480 num.2,

509 1522 635 1578 pag.
671 1507 778 1562 555
811 1522 826 1558 :
863 1525 882 1558 ‹
911 1504 1023 1561 Nec
1066 1505 1311 1574 rapinam
1343 1503 1492 1558 ducit
1535 1503 1830 1575 (Christus)
1881 1520 2002 1561 esse
2050 1521 2112 1562 se

512 1601 772 1671 aqualem
803 1601 942 1664 Deo;
992 1600 1093 1654 hoc
1125 1607 1206 1653 est
1228 1640 1244 1663 ,
1279 1613 1384 1652 non
1426 1597 1528 1652 sibi
1573 1599 1752 1667 magni
1782 1599 1985 1670 aliquid
2015 1598 2111 1654 de-

512 1703 682 1760 putat,
734 1693 876 1760 quod
931 1690 1048 1760 ipse
1094 1689 1316 1759 quidem
1368 1689 1596 1758 mqualis
1650 1690 1785 1755 Deo,
1837 1700 1893 1746 et
1942 1705 2108 1746 unum

511 1799 634 1838 cum
674 1784 837 1839 Patre
873 1794 992 1848 est;
1019 1802 1038 1834 ι
1076 1792 1130 1836 et
1164 1783 1268 1837 iste
1301 1797 1332 1837 e
1378 1783 1480 1836 lib.
1518 1797 1618 1846 vn,
1667 1798 1818 1837 num.
1854 1783 1942 1850 l5,
1980 1799 2104 1854 pag.

2217 591 2397 660 imago
2431 592 2595 646 etiam
2643 603 2852 649 natura:
2900 609 2966 650 ac
3008 595 3331 651 substantiae
3379 597 3558 653 Patris
3596 610 3656 653 et
3694 599 3838 654 Filii

2215 683 2460 737 continet
2491 685 2786 750 unitatem;
2821 705 2840 738 ι
2874 694 2928 740 et
2955 686 3044 742 hic
3072 702 3104 743 e
3137 689 3316 756 capite
3349 691 3622 758 sequenti.
3659 707 3836 746 num.

2219 775 2274 837 4,
2306 790 2464 844 quem
2499 777 2694 831 recitat
2724 776 3039 846 Pamphilus
3086 779 3138 834 in
3178 779 3476 849 Apologia:
3515 799 3534 832 ι
3567 783 3739 848 Quod
3781 785 3836 837 si

2213 873 2378 926 esset,
2417 865 2692 933 nunquam
2738 867 2925 936 utique
2959 868 3016 922 in
3043 869 3251 923 unitate
3271 869 3579 936 Trinitatis,
3615 873 3672 927 id
3709 883 3834 939 est,

2218 953 2308 1008 Dei
2337 954 2514 1009 Patris
2541 955 2981 1011 inconvertibilis
3005 997 3021 1022 ,
3051 966 3107 1013 et
3133 957 3257 1012 Filii
3287 958 3406 1027 ejus
3432 1001 3446 1026 ,
3477 963 3648 1017 etiam
3697 963 3832 1029 ipse

2220 1043 2460 1114 Spiritus
2481 1058 2703 1101 sanctus
2728 1047 3023 1103 haberetur
3053 1063 3069 1102 :
3094 1068 3114 1102 ι
3146 1061 3202 1104 et
3223 1050 3326 1107 iste
3349 1053 3514 1106 etiam
3543 1068 3574 1106 e
3597 1069 3735 1124 cap.
3764 1055 3829 1118 5,

2214 1154 2363 1193 nutu.
2383 1139 2418 1194 5
2445 1156 2498 1195 ει
2521 1138 2636 1194 Non
2667 1139 2811 1195 enim
2841 1140 3126 1196 Trinitatis
3151 1155 3342 1197 natura
3368 1144 3568 1199 habere
3598 1145 3831 1217 aliquid

2213 1231 2628 1296 compositionis
2695 1240 2917 1287 ostensa
2983 1243 3102 1295 est;
3164 1253 3182 1286 ι
3232 1245 3289 1289 et
3337 1236 3426 1289 hic
3486 1253 3516 1291 c
3575 1237 3679 1291 lib.
3737 1255 3828 1303 ιιι,

2213 1337 2332 1391 cap.
2357 1323 2412 1387 6,
2439 1340 2589 1380 num.
2619 1324 2673 1390 1,
2705 1340 2828 1395 pag.
2860 1325 2997 1380 £52:
3033 1346 3051 1379 ι
3079 1327 3135 1382 id
3165 1329 3308 1396 quod
3333 1344 3498 1383 unum
3524 1341 3607 1385 est
3640 1330 3831 1387 Filius

2213 1428 2336 1467 cum
2389 1413 2571 1480 Patre,
2627 1417 2694 1470 ad
2746 1427 2957 1472 natura:
3006 1421 3395 1488 proprietatem
3454 1420 3829 1476 referendum

2214 1503 2337 1559 ﬁdei
2370 1507 2572 1561 veritas
2601 1508 2796 1571 docet;
2837 1528 2856 1561 ι
2892 1519 2944 1564 et
2977 1510 3080 1566 iste
3110 1521 3374 1579 praeterea
3415 1527 3447 1568 e
3495 1513 3588 1567 lib.
3629 1531 3710 1578 tv,
3769 1515 3825 1568 in

2212 1594 2644 1664 Anacephalwosi
2665 1613 2684 1651 :
2717 1617 2736 1649 ι
2765 1598 3002 1666 Veritas,
3030 1601 3163 1665 vita,
3189 1602 3475 1670 sapientia,
3507 1603 3655 1657 idem
3691 1616 3830 1659 sunt

2213 1702 2276 1740 ac
2298 1687 2550 1745 Christus
2582 1708 2596 1744 :
2630 1689 2883 1747 Christus
2911 1693 3051 1748 idem
3081 1707 3145 1747 ac
3175 1691 3358 1748 Pater.
3389 1693 3520 1758 Quae
3551 1697 3826 1762 quamvis

2216 1777 2497 1834 intellectu
2541 1781 2706 1835 multa
2759 1795 2882 1837 esse
2927 1783 3214 1848 dicantur;
3251 1799 3309 1838 re
3356 1792 3535 1837 tamen
3583 1797 3643 1838 et
3684 1786 3824 1839 sub-

507 1876 618 1931 612
649 1896 663 1932 ι
695 1895 713 1926 ι
739 1875 798 1932 Si
825 1891 956 1945 ergo
986 1874 1156 1930 Filius
1195 1876 1334 1930 Deus
1370 1889 1537 1944 super
1562 1875 1746 1929 omnia
1790 1875 2009 1941 dicitur,
2051 1887 2109 1931 et
2141 1857 2184 1912 Β
2211 1873 2410 1925 stantia
2440 1889 2604 1927 unum
2635 1884 2783 1938 sunt,
2816 1875 2868 1928 in
2896 1876 3094 1944 quibus
3124 1875 3401 1944 plenitudo
3425 1885 3507 1931 est
3547 1876 3820 1930 divinitav

510 1968 747 2039 Spiritus
773 1980 994 2022 sanctus
1025 1969 1309 2023 continere
1354 1970 1538 2023 omnia
1574 1978 1930 2036 memoratur,
1965 1971 2107 2026 Deus

510 2070 689 2116 autem
720 2058 883 2114 Pater
911 2072 994 2114 est
1027 2075 1093 2114 ex
1121 2076 1230 2129 quo
1258 2061 1460 2123 omnia,
1493 2061 1777 2116 evidenter
1801 2063 2106 2117 ostenditur

509 2164 759 2208 naturam
791 2152 1077 2207 Trinitatis
1116 2163 1172 2206 et
1199 2153 1557 2208 substantiam
1593 2169 1754 2207 unam
1798 2169 1939 2218 esse,
1987 2169 2106 2222 quae

509 2255 589 2301 est
625 2260 786 2316 super
816 2244 1035 2310 omnia;
1069 2265 1088 2297 ι
1118 2255 1172 2299 et
1209 2245 1294 2298 hic
1329 2260 1550 2316 quoque
1591 2261 1622 2300 e
1657 2245 1751 2301 lib.
1797 2261 1916 2311 Vill,
1951 2262 2101 2301 num.

507 2339 563 2404 5,
597 2354 721 2407 pag.
752 2336 896 2394 626:
937 2355 955 2390 ι
981 2337 1120 2391 Sunt
1154 2337 1319 2392 etiam
1351 2339 1591 2392 nonnulli
1639 2338 1730 2408 qui
1777 2339 2104 2392 annuntiant

507 2430 726 2501 quidem
759 2438 814 2484 et
844 2429 1140 2499 praedicant
1174 2430 1241 2484 de
1267 2429 1463 2494 Patre,
1498 2442 1554 2484 et
1587 2429 1760 2496 Filio,
1807 2439 1863 2484 et
1893 2429 2101 2498 Spiritu

507 2531 718 2587 sancto,
755 2521 851 2577 sed
885 2536 991 2575 non
1028 2522 1275 2586 sincere,
1314 2535 1421 2575 nou
1452 2523 1696 2592 integre;
1743 2533 1802 2575 ut
1834 2532 1962 2577 sunt
1989 2537 2102 2577 om-

507 2628 606 2669 nes
655 2612 935 2680 lmretici,
989 2614 1080 2684 qui
1121 2613 1339 2668 Patrem
1394 2613 1637 2683 quidem,
1691 2623 1746 2669 et
1778 2614 1994 2681 Filium,
2047 2624 2104 2670 et

509 2705 775 2774 Spiritum
820 2713 1068 2760 sanctum
1105 2706 1467 2770 annuntiant,
1508 2706 1602 2760 sed
1641 2721 1746 2760 non
1787 2709 1957 2771 bene,
1993 2723 2097 2760 nou

506 2796 736 2852 ﬁdeliter
781 2797 1134 2851 aununtiant.
1179 2797 1288 2850 Aut
1338 2797 1484 2851 enim
1527 2797 1670 2851 male
1714 2808 1972 2868 separant
2008 2797 2099 2851 Fi-

505 2890 634 2944 lium
673 2906 702 2945 a
734 2888 932 2956 Patre,
968 2899 1028 2944 ut
1058 2889 1284 2944 alterius
1329 2897 1537 2943 natura!
1570 2888 1824 2955 Patrem,
1871 2889 2096 2944 alterius

505 2983 699 3037 Filium
735 2983 945 3048 dicant;
979 2992 1075 3036 aut
1106 2982 1248 3037 male
1280 2981 1643 3046 confundunt,
1685 2994 1743 3036 ut
1780 2982 1866 3034 vel
1893 2998 1957 3036 ex
1999 2981 2096 3036 tri-

504 3077 608 3125 bus
641 3073 1004 3140 compositum
1041 3071 1242 3135 Deum,
1287 3072 1371 3126 vel
1403 3073 1559 3126 trime
1595 3075 1968 3128 tantummodo
2001 3089 2095 3141 ap-

504 3160 809 3229 pellationis
839 3165 892 3217 in
920 3178 985 3218 eo
1020 3178 1140 3218 esse
1173 3163 1501 3217 vocabulum
1533 3173 1748 3233 putent.
1782 3163 1883 3230 Qui
1910 3174 2091 3218 autem

505 3253 641 3308 bene
667 3257 951 3310 annuntiat
978 3256 1141 3323 bona,
1186 3258 1552 3326 proprietates
1582 3255 1799 3326 quidem
1834 3256 2001 3321 Patri,
2038 3266 2093 3309 et

505 3341 662 3409 Filio,
706 3353 760 3396 et
805 3343 1036 3412 Spiritui
1082 3352 1274 3400 sancto
1321 3361 1449 3399 suas
1485 3343 1684 3414 cuique
1728 3345 1915 3410 dabit;
1959 3344 2093 3398 nihil

505 3443 685 3487 autem
729 3433 1062 3490 diversitatis
1104 3450 1226 3490 esse
1265 3436 1619 3493 conﬁtebitur
1665 3437 1717 3490 in
1763 3445 1955 3489 natura
2007 3436 2093 3490 vel

505 3522 843 3590 substantia;
895 3543 914 3576 ι
961 3541 1169 3580 necnon
1221 3534 1273 3578 et
1323 3525 1413 3578 ille
1443 3540 1473 3580 e
1500 3523 1597 3580 lib.
1632 3541 1644 3579 l
1683 3524 1825 3592 Περὶ
1857 3524 2084 3594 ἀρχῶν,

505 3632 620 3685 cap.
675 3616 748 3680 2,
806 3633 956 3670 num.
1007 3617 1040 3670 5
1074 3634 1087 3670 :
1121 3636 1138 3668 ι
1189 3615 1458 3671 Secunda:
1507 3630 1638 3670 vero
1701 3615 2094 3684 comparationi

505 3708 683 3778 imago
707 3707 826 3761 Filii
856 3707 972 3772 Dei,
1007 3708 1071 3762 de
1099 3723 1204 3778 qua
1241 3723 1386 3762 nunc
1416 3721 1597 3761 sermo
1635 3715 1740 3771 est,
1779 3707 2088 3775 comparari

504 3810 683 3871 potest
731 3799 895 3854 etiam
944 3801 1240 3854 secundum
1295 3799 1397 3854 hoc
1455 3799 1598 3870 quod
1653 3798 1943 3854 invisibilis
1995 3798 2089 3853 Dei

505 3893 687 3962 imago
733 3891 1025 3947 invisibilis
1075 3900 1196 3956 est,
1263 3893 1405 3946 sicut
1451 3891 1749 3948 secundum
1800 3891 2087 3946 historiam

504 3984 736 4040 dicimus
792 3983 1207 4040 similitudinem
1238 3984 1370 4038 Adae
1420 3984 1586 4039 ﬁlium
1640 3983 1757 4052 ejus
1807 3983 1960 4038 Seth.
2006 3982 2087 4038 lta

503 4077 649 4132 enim
683 4077 946 4148 scriptum
983 4089 1067 4135 est
1101 4098 1114 4134 :
1153 4079 1218 4133 Et
1246 4079 1422 4149 genuit
1447 4077 1618 4130 Adam
1642 4074 1766 4130 Seth
1797 4075 2086 4130 secundum

586 4195 630 4226 “
658 4196 792 4251 Gen.
829 4213 878 4253 ν,
909 4197 964 4251 5.

505 4289 653 4345 addit
679 4292 950 4360 propriam
996 4299 1050 4348 et
1090 4291 1503 4360 subsistentem,
1547 4301 1611 4341 ac
1641 4286 1754 4360 suis
1785 4284 2087 4360 proprieta-

507 4363 650 4415 tibus
680 4357 974 4415 'deﬁnitam
1028 4370 1082 4416 et
1131 4359 1625 4426 circumscriptam.
1689 4357 1967 4425 Denique,
2026 4363 2085 4408 ut

505 4446 666 4500 supra
702 4430 986 4486 haereticos
1033 4427 1520 4501 castigabat_quod
1551 4427 1828 4481 Christum
1867 4426 2086 4501 nomine

505 4493 665 4556 tenus
689 4501 884 4556 Filium
917 4493 1303 4567 dicerenthic
1334 4493 1530 4554 Filium
1564 4511 1694 4551 vere
1720 4510 1842 4549 esse
1866 4493 2082 4567 Filium,

506 4569 724 4624 Patrem
766 4587 897 4626 vere
927 4571 1141 4626 Patrem
1172 4565 1466 4625 contendit
1497 4585 1512 4620 :
1547 4569 1601 4620 in
1635 4581 1742 4635 quo
1771 4579 1878 4618 non
1910 4565 2081 4618 solum

505 4639 800 4712 Noctianos
845 4641 1060 4705 refellit,
1100 4642 1191 4712 qui
1215 4641 1347 4712 hinc
1392 4639 1458 4692 ad
1512 4638 1707 4712 inanes
1739 4635 2087 4712 metaphoras

506 4710 856 4778 redigehant;
885 4714 978 4766 sed
1009 4705 1171 4766 etiain
1200 4711 1455 4771 Arianos,
1484 4707 1575 4778 qui
1609 4706 1664 4759 in
1689 4706 1888 4778 [κει-εει
1927 4705 2086 4778 plane

505 4775 782 4850 contraria
812 4783 1001 4836 eadem
1023 4792 1207 4850 postea
1234 4779 1422 4850 nugati
1438 4775 1583 4850 sunt.
1601 4806 1674 4850 τ
1689 4775 1930 4830 Doumns
1955 4775 2088 4850 Pru-

504 4849 719 4906 dentius
746 4851 960 4918 MARAN,
987 4844 1062 4906 De
1087 4844 1363 4906 divinitate
1385 4847 1582 4902 Christi
1611 4845 1706 4901 lib.
1734 4860 1808 4910 tv,
1839 4857 1962 4912 cap.
1994 4844 2084 4911 15,

505 4936 653 4975 num.
691 4923 724 4976 4
762 4933 816 4978 et
847 4924 902 4976 5.

575 4992 703 5064 .(8l)
763 4991 965 5046 Filium
1027 4991 1114 5062 qui
1183 4988 1432 5064 splendor
1498 4986 1752 5064 gloria,
1793 4992 1842 5037 et
1909 4984 2086 5064 ﬁgura

504 5056 819 5118 substantia:
880 5056 1113 5131 paternae
1164 5056 1512 5131 appellatur,
1567 5057 1622 5108 id
1671 5070 1783 5131 esse
1843 5056 2083 5131 censebat

507 5137 708 5203 ratione
727 5124 924 5197 Patris,
954 5133 1092 5203 quod
1115 5124 1404 5203 est'radius
1429 5135 1664 5203 respectu
1686 5124 1972 5203 solis-Hoc
1992 5140 2086 5203 so-_

507 5201 575 5256 lis
601 5196 1067 5272 solarisqneradii
1112 5201 1362 5268 exemplo
1398 5198 1531 5272 nihil
1581 5197 1917 5272 (retinentius
1943 5196 2084 5262 apud

507 5265 1084 5344 Origenetn'aliosque
1124 5265 1311 5325 Patre—5
1357 5271 1433 5344 ad
1471 5265 1898 5344 signiﬁcandam.
1927 5277 2086 5318 aucr—

509 5335 631 5395 nani
659 5343 818 5397 Verbi
849 5335 1254 5413 generatinnem
1288 5356 1303 5395 :
1340 5339 1434 5413 sed
1476 5335 1741 5413 quatenus
1785 5335 1970 5413 radius
2002 5344 2084 5388 est

507 5415 682 5480 portio
705 5405 950 5483 quaedam
977 5422 1031 5466 et
1054 5411 1332 5483 diluvium
1354 5408 1532 5483 solari
1576 5405 1920 5483 snl'istantiae,
1956 5421 2086 5483 nus-

507 5474 671 5549 quam
707 5474 922 5538 censuit
959 5484 1224 5552 Origenes
1253 5479 1450 5534 Filium
1483 5479 1536 5552 id
1578 5490 1700 5552 esse
1735 5480 1943 5552 ratione
1976 5474 2083 5526 Pa-

511 5545 801 5629 t'i;is,_t|tiod
825 5565 907 5609 e5t
923 5545 1130 5629 radius
1147 5561 1397 5629 respectu
1426 5549 1576 5629 solis.
1600 5564 1618 5596 ι
1639 5545 2080 5629 Nunquidiiani,i

510 5616 811 5694 itiAQttit'Alil).
843 5639 860 5676 ι
916 5623 1054 5691 Περὶ
1098 5616 1331 5690 ἀρχῶν,
1362 5634 1483 5694 cap.
1511 5620 1562 5694 i_,
1619 5630 1774 5694 num._
1800 5616 1854 5694 1,
1912 5633 1929 5664 ι
1957 5616 2083 5694 quia

511 5685 723 5766 (Filius)
772 5693 954 5766 lumen
982 5685 1357 5766 inluminatur,
1403 5685 1580 5742 simile
1630 5685 1906 5766 ptttttbitur
1952 5685 2084 5766 solis

512 5754 668 5831 hujus
706 5754 934 5816 lumini?
981 5764 1180 5816 Lumen
1217 5765 1596 5831 est_‘_verum,i
1649 5756 1726 5808 ait
1761 5754 1854 5831 lib.
1893 5755 2082 5831 eodem

510 5824 627 5902 cap.
653 5834 720 5899 2,
764 5848 908 5886 num.
940 5833 1005 5896 6,
1047 5848 1065 5881 ι
1089 5833 1230 5895 quod
1269 5828 1534 5881 illuminat
1574 5840 1776 5878 omnem
1815 5824 2078 5878 hominem

2211 1961 2326 2015 tis:
2367 1981 2386 2015 ο
2427 1964 2512 2017 cui
2559 1972 2615 2017 et
2665 1965 2754 2019 hic
2799 1965 3037 2020 indidem
3094 1965 3470 2034 adjungendus
3515 1983 3672 2021 num.
3700 1969 3816 2023 28:

2212 2070 2231 2104 ι
2259 2051 2374 2106 Non
2407 2055 2553 2108 enim
2582 2055 2840 2118 dicimus,
2874 2057 3011 2110 sicut
3058 2056 3303 2111 haeretici
3338 2067 3551 2127 putant,
3590 2070 3814 2127 partem

2207 2143 2444 2214 aliquam
2483 2147 2802 2201 substantiae
2839 2149 2932 2202 Dei
2981 2148 3036 2202 in
3069 2139 3265 2203 Filium
3311 2164 3549 2212 versam,
3598 2163 3700 2205 aut
3743 2168 3813 2206 ex

2207 2235 2370 2292 nullis
2394 2237 2816 2294 subsistentibus
2846 2238 3043 2294 Filium
3076 2250 3420 2310 procreatum
3459 2256 3488 2293 a
3529 2239 3719 2306 Patre,
3757 2242 3812 2297 id

2205 2336 2309 2395 est,
2357 2338 2512 2382 extra
2557 2329 2922 2384 substantiam
2963 2345 3139 2398 suam,
3174 2339 3233 2385 ut
3273 2330 3436 2385 fuerit
3480 2331 3808 2398 aliquando,

2204 2420 2426 2490 quando
2457 2436 2562 2475 non
2609 2420 2793 2474 fuerit.
2821 2439 2839 2472 ι
2888 2419 3031 2476 Nihil
3061 2430 3208 2476 esset
3251 2422 3318 2475 ad
3352 2419 3645 2476 Trinitatis
3687 2423 3810 2476 lau-

2201 2511 2324 2565 dem
2359 2511 2580 2576 clarius,
2624 2511 2668 2566 si
2715 2527 2847 2579 non,
2903 2523 2963 2566 ut
3005 2511 3156 2579 dixi,
3195 2524 3450 2582 suspecta
3498 2528 3559 2566 ea
3597 2513 3810 2569 faceret

2201 2601 2345 2656 ﬂuxa
2383 2602 2566 2656 Ruﬁni
2616 2604 2932 2673 interpretis
2985 2604 3140 2660 ﬁdes.
3190 2603 3357 2660 Utilia
3409 2621 3628 2675 quoque
3682 2607 3803 2661 haec

2201 2710 2322 2750 esse
2343 2695 2565 2768 Origeni
2592 2698 2868 2766 putaverit
2903 2697 3123 2768 aliquis,
3150 2713 3270 2767 qum
3297 2698 3550 2764 leguntur
3577 2709 3710 2752 tom.
3760 2714 3798 2754 ιι

2199 2788 2253 2840 in
2281 2786 2469 2850 lorum,
2506 2803 2655 2841 nutu.
2687 2787 2720 2838 ﬁ
2747 2807 2760 2841 :
2784 2788 2846 2841 Ei
2882 2787 2939 2841 δὲ
2989 2787 3132 2841 κατὰ
3169 2788 3263 2840 τὸν
3304 2788 3532 2843 Ἡσαΐαν
3565 2788 3733 2858 φησὶν
3770 2789 3803 2842 ὁ

2198 2879 2403 2949 Κύριος
2431 2880 2588 2950 ἡμῶν
2637 2881 2742 2932 ὑπὸ
2788 2881 2884 2934 τοῦ
2929 2881 3142 2952 Πατρὸς
3185 2881 3519 2934 ἀπεστάλθαι
3564 2881 3657 2933 καὶ
3693 2877 3797 2934 τοῦ

2197 2971 2516 3040 Πνεύματος
2555 2970 2740 3037 αὑτοῦ,
2781 2972 2898 3025 ἐστὶ
2940 2973 3034 3025 καὶ
3071 2971 3306 3026 ἐνταῦθα
3347 2971 3473 3043 περὶ
3515 2969 3606 3024 τοῦ
3649 2970 3793 3023 ἀπο-

2199 3064 2507 3128 στείλαντος
2549 3065 2641 3117 τὸν
2690 3063 2924 3134 Χριστὸν
2965 3065 3105 3118 Πνεύ
3116 3082 3283 3136 ματος
3321 3061 3789 3134 ἀπολογήσασθαι,

2196 3155 2293 3224 οὐχ
2326 3155 2402 3218 ὡς
2434 3154 2594 3223 φύσει
2639 3155 3009 3226 διαφέροντος,
3064 3156 3198 3208 ἀλλὰ
3232 3154 3319 3208 διὰ
3357 3155 3456 3226 τὴν
3487 3155 3795 3227 γενομένηνι

2194 3249 2506 3319 οἰκονομίαν
2547 3249 2645 3320 τῆς
2683 3249 3152 3320 ἐνανθρωπήσεως
3192 3249 3284 3303 τοῦ
3313 3248 3446 3302 Υὶοῦ
3493 3248 3586 3302 τοῦ
3627 3248 3788 3314 Θεοῦ,

2195 3338 2591 3402 ὲλαττωθέντος
2619 3342 2750 3412 παρ’
2771 3341 2904 3395 αὐτὸ
2935 3340 3025 3393 τοῦ
3052 3341 3324 3411 Σωτῆρος.
3362 3343 3428 3393 At
3459 3356 3579 3394 cum
3611 3341 3789 3408 Spiri-

2196 3439 2310 3483 tum
2353 3443 2604 3485 sanctntn
2657 3434 2734 3486 ait
2780 3449 2886 3486 non
2933 3448 3055 3488 esse
3095 3434 3256 3504 φύσει
3293 3434 3636 3505 διαφέροντα,
3680 3434 3783 3488 ιιιί-

2196 3521 2343 3576 nime
2386 3523 2658 3593 signiﬁcat
2697 3535 2892 3578 natura
2934 3541 3039 3579 non
3088 3526 3337 3596 differre,
3382 3529 3530 3596 quod
3577 3529 3782 3598 putavi:

2195 3609 2504 3680 Perionius,
2533 3615 2626 3668 sed
2665 3628 2860 3670 natura
2893 3633 2997 3671 non
3023 3629 3300 3684 prwstare.

2273 3703 2332 3761 ν.
2369 3705 2608 3762 Validior
2645 3707 2735 3763 ille
2778 3708 2930 3764 locus
2961 3724 3025 3764 ex
3071 3711 3261 3766 eodem
3305 3721 3451 3766 tomo
3486 3714 3544 3766 in
3579 3713 3778 3779 Joan.,

2195 3810 2346 3850 num.
2383 3797 2451 3860 2,
2488 3797 2578 3852 ubi
2628 3799 2890 3853 adversus
2925 3803 3187 3868 quosdam
3236 3802 3547 3866 invehitur,
3587 3805 3781 3874 ἀρνου-

2198 3888 2392 3960 μένους
2415 3889 2512 3960 τὴν
2543 3890 2771 3960 θεότητα
2810 3890 2903 3944 τοῦ
2935 3892 3088 3957 Υἰοῦ,
3120 3893 3366 3957 τιθέντας
3395 3895 3452 3948 δὲ
3495 3895 3660 3948 αὐτοῦ
3683 3895 3780 3966 τὴν

2197 3983 2456 4054 ἰδιότητα,
2485 3985 2579 4038 καὶ
2598 3985 2697 4056 τὴν
2728 3985 2915 4038 οὐσίαν
2939 3987 3080 4039 κατὰ
3110 3987 3456 4058 περιγραφὴν
3481 3989 3778 4058 τυγχάνουο

2196 4093 2293 4131 σαν
2326 4077 2518 4148 ἑτέραν
2563 4077 2658 4130 τοῦ
2700 4079 2934 4150 Πατρός.
2989 4079 3099 4149 (81)
3137 4079 3332 4133 Filium
3380 4081 3474 4150 qui
3525 4081 3775 4150 splendor

2193 4285 2482 4340 venientem
2511 4284 2564 4335 in
2597 4283 2737 4335 hunc
2767 4283 3024 4353 mundum
3054 4281 3239 4353 (Joan.
3272 4298 3324 4345 ι,
3361 4279 3414 4352 9)
3437 4321 3480 4353 ._
3501 4281 3595 4336 sed
3643 4279 3774 4335 nihil

2195 4357 2362 4409 habet
2387 4367 2675 4408 commune
2709 4353 2776 4406 ad
2805 4352 2936 4408 solis
2972 4350 3129 4421 hujus
3159 4350 3406 4405 Inmen.i
3442 4350 3778 4404 Germanam

2191 4423 2446 4495 Origenis
2476 4423 2578 4495 hac
2605 4423 2673 4477 de
2702 4437 2759 4476 re
2790 4423 3101 4495 Opinionem
3133 4421 3344 4495 discere
3383 4422 3513 4495 licet
3537 4437 3602 4474 ex
3641 4429 3769 4472 tom.

2190 4490 2344 4548 xxxii
2393 4494 2453 4546 in
2501 4490 2702 4558 10am,
2751 4490 2902 4546 num.
2963 4494 3052 4550 18.
3096 4493 3185 4546 ubi
3244 4493 3323 4546 ait
3377 4490 3610 4543 «Filium
3653 4504 3774 4560 esse

2193 4563 2542 4634 splendorem
2596 4564 2762 4634 totius
2809 4562 3168 4634 glorite_Dei,
3220 4573 3277 4616 et
3333 4561 3504 4615 solum
3552 4573 3771 4634 omnem

2191 4628 2538 4709 splendorem
2552 4633 2744 4709 _totius_
2780 4628 2967 4709 gloriae
3007 4631 3343 4709 Dei__capere
3374 4645 3551 4709 pos:~e.
3574 4647 3592 4680 ι
3639 4628 3772 4709 Quae

2187 4700 2356 4758 verba
2396 4703 2690 4758 manifeste
2734 4700 2977 4757 iudicant
3018 4702 3153 4756 nihil
3203 4717 3326 4755 esse
3372 4705 3424 4752 in
3472 4700 3772 4765 exemplari

2188 4775 2332 4844 quod
2375 4789 2481 4827 non
2525 4775 2596 4828 sit
2639 4774 2694 4827 in
2738 4774 3011 4842 imagine,
3047 4775 3290 4840 adeoque
3316 4769 3512 4824 Filium
3549 4785 3580 4822 a
3606 4768 3773 4844 Patre

2188 4839 2298 4917 non
2339 4845 2506 4898 dividi
2539 4853 2630 4897 aut
2662 4839 2916 4917 separari
2936 4853 2995 4898 ut
3029 4839 3238 4917 parte_m
3269 4858 3297 4896 a
3332 4852 3445 4894 t0to
3470 4839 3620 4917 ,_sed
3651 4853 3772 4917 esse

2188 4916 2350 4969 unius
2394 4928 2619 4967 numero
2666 4909 3126 4980 et'ejnsdem’ac
3171 4912 3384 4980 Patrem
3424 4909 3767 4980 substantim.

2189 4982 2324 5038 Vide
2351 4984 2490 5038 inira
2529 4992 2646 5036 not.
2678 4985 2733 5036 in
2772 4977 2921 5037 num.
2949 4983 3049 5046 εις
3101 4983 3222 5037 vide
3248 4991 3303 5036 et
3331 4979 3548 5033 Bullum
3578 4981 3632 5032 in
3671 4977 3773 5029 De-

2189 5056 2322 5122 fens.
2353 5051 2760 5129 ﬁdei‘Nicwnw,
2809 5052 3496 5129 deFiliisubordinatione
3518 5090 3534 5114 ,
3563 5064 3682 5116 cap.
3714 5046 3769 5127 4..

2190 5119 2428 5186 num.'9,
2449 5121 2518 5176 10
2547 5132 2603 5177 et
2630 5138 2809 5192 seqq..
2839 5124 2927 5177 ubi
2956 5125 3238 5179 evidenter
3266 5119 3502 5192 ostendit
3529 5119 3770 5172 numeri-

2187 5209 2306 5248 cam
2358 5195 2616 5246 unitatem
2665 5189 2981 5248 substantiae
3025 5193 3203 5247 Patris
3256 5203 3312 5245 et
3356 5189 3476 5244 Filii
3538 5199 3769 5243 eatenus

2188 5265 2475 5333 agnovisse
2502 5262 2824 5333 Origenem,
2872 5273 3140 5333 quatenus
3189 5263 3359 5335 ipsam
3403 5259 3628 5335 Patrum
3665 5273 3766 5335 a_u-

2188 5329 2487 5404 tiquiorum
2551 5329 2838 5404 quisquam
2862 5329 2907 5398 ,”
2942 5336 3186 5404 adeoque
3211 5329 3224 5331 ’
3260 5333 3376 5399 ipse
3429 5329 3768 5404 Athanasius

2186 5398 2448 5474 agnovit:
2479 5398 2584 5475 hoc
2622 5398 2737 5468 est,
2781 5406 3079 5460 credidisse
3098 5398 3401 5471 Origenem
3445 5398 3765 5475 Patretuet

2185 5475 2383 5529 Filium
2411 5485 2467 5526 et
2492 5474 2752 5544 Spiritum
2781 5486 3030 5530 sanctum
3051 5515 3067 5540 ,
3110 5490 3232 5528 cum
3275 5485 3466 5544 revera
3503 5479 3614 5524 tres
3653 5474 3764 5520 sint

2185 5559 2452 5614 personae,
2490 5541 2827 5618 nequaquam
2859 5555 3040 5618 tamen
3068 5555 3127 5597 ut
3162 5556 3272 5618 tres
3316 5541 3572 5618 homines
3607 5550 3764 5618 seor-

2186 5610 2307 5669 ὲιιιιι
2347 5625 2401 5667 et
2430 5610 2724 5682 separatim
2763 5617 3070 5681 exsistere;
3105 5613 3202 5668 sed
3241 5614 3432 5667 intime
3473 5610 3576 5682 sibi
3621 5610 3758 5660 invi-

2185 5701 2301 5739 cem
2331 5681 2606 5739 cohaerere
2643 5697 2697 5739 et
2721 5687 3040 5753 conjunCtos
3066 5699 3217 5749 esse;
3249 5681 3756 5753 adeoquealterum

2187 5756 2240 5808 in
2276 5755 2445 5808 altero
2479 5759 2778 5818 exsistere,
2822 5751 3016 5823 atque,
3064 5765 3120 5805 ut
3146 5755 3217 5807 ita
3248 5754 3461 5821 loquar,
3496 5751 3758 5823 irmnieare

2188 5826 2417 5880 invicem
2440 5835 2493 5881 et
2525 5837 2808 5894 penetrare
2839 5822 2932 5891 per
2967 5823 3294 5878 incil‘abilem
3329 5822 3616 5891 quamdam
3661 5828 3758 5868 πε-
