4162 6462
447 405 545 460 741

1299 402 1870 462 ORIGENIANORUM
1908 402 2036 458 LIB.
2078 400 2144 468 ll,
2184 401 2336 458 CAP.
2377 401 2441 468 ll,
2479 400 2756 468 QUABST.
2801 401 2863 458 11.

3615 404 3722 460 7ἇῖ

389 535 398 546 “
447 517 565 576 εἶτα
588 521 715 575 Θεοὶ
733 521 919 593 διχῶς,
947 515 1022 577 ὧν
1041 522 1134 576 τοῦ
1155 523 1462 595 κρείττονος
1480 523 1760 595 τάγματος
1778 521 2034 592 ὑπερέχει
2062 529 2109 585 Α
2136 521 2164 573 ὁ
2193 518 2328 584 Θεὸς
2354 518 2550 588 Λόγος,
2578 519 2978 590 ὑπερεχόμενος
3009 523 3114 574 ὑπο
3144 523 3236 574 τοῦ
3266 520 3375 574 τῶν
3403 519 3537 575 ὅλων
3559 521 3718 578 Θεοῦ.

447 724 649 793 cipium
687 725 778 787 sit,
827 725 1014 794 eisque
1050 724 1228 779 omnia
1261 724 1566 782 tradiderit.
1613 725 1771 794 cujus
1802 731 2028 794 senten-

449 792 538 848 tia:
579 804 747 850 testes
793 792 942 849 οἱιειι
963 796 1344 858 Athanasium,
1396 795 1683 855 Hilarium,
1743 792 2024 854 Basilium,

449 863 769 931 Gregorium
802 875 1112 933 utrumque,
1145 877 1200 919 et
1236 865 1371 919 alios
1405 864 1584 934 magni
1610 864 1857 934 nominis
1883 861 2028 934 scri-

449 945 656 1003 ptores,
687 935 778 1003 qui
822 931 1016 990 eodem
1055 945 1374 1005 argumento
1407 931 1572 991 unum
1605 933 1774 989 Deum
1808 949 1838 987 a
1870 931 2029 987 Chri-

445 1005 637 1060 stianis
664 1005 768 1059 coli
799 1005 1190 1060 demonstrant.

515 1075 572 1127 2°
600 1075 912 1129 Adbibitam
949 1077 1015 1129 ab
1046 1075 1278 1143 Origene
1326 1075 1734 1129 distinctionem
1769 1073 1860 1126 Dei
1909 1087 2028 1125 cum

445 1145 672 1198 articulo
711 1155 767 1199 et
808 1145 902 1199 Dei
946 1147 1059 1200 sine
1099 1145 1327 1199 articulo
1362 1145 1606 1199 inutilem
1639 1159 1868 1213 prorsus
1905 1156 2028 1213 esse

448 1231 551 1270 non
607 1214 850 1280 inﬁcior;
908 1230 1082 1283 neque
1115 1211 1851 1286 etiatnivaldeprobaverim
1883 1211 2028 1286 quod

449 1287 560 1356 haec
608 1287 814 1340 verba:
846 1285 962 1338 Ἵνα
996 1285 1307 1355 γινώσκωσέ
1360 1303 1418 1338 σε
1451 1285 1544 1338 τὸν
1581 1285 1740 1356 μόνον
1779 1283 2028 1356 ἀληθινὸν

426 1354 609 1428 eam,
649 1373 680 1428 ε
707 1365 765 1410 ιιι
809 1353 1111 1424 agnoscant
1151 1367 1203 1410 te
1239 1357 1411 1410 solum
1445 1353 1632 1409 verum
1678 1353 1879 1428 Deum,
1906 1373 1924 1404 ι
1962 1353 2028 1407 ad

446 1425 620 1478 solum
654 1426 869 1480 Patrem
913 1428 1100 1490 refert,
1136 1442 1258 1480 cuin
1292 1427 1489 1480 Filium
1538 1441 1643 1479 non
1673 1425 1971 1478 excludant
2009 1439 2022 1476 :

445 1497 539 1548 sed
573 1511 787 1566 aequum
833 1507 916 1550 est
963 1497 1262 1566 inquirere,
1315 1508 1494 1550 utrum
1547 1495 1901 1566 Origenesad
1934 1495 2029 1548 has

447 1565 672 1621 subtiles
728 1564 1107 1621 distinctiones
1151 1568 1416 1621 adductus
1463 1566 1557 1630 sit,
1610 1564 1734 1632 quia
1787 1564 2027 1618 divinam

447 1645 694 1689 naturam
720 1638 817 1692 soli
856 1639 1000 1692 Patri
1031 1640 1230 1700 inesse,
1272 1653 1339 1690 an
1365 1635 1492 1706 quia
1519 1636 1691 1689 solum
1723 1633 1938 1706 Patrem
1961 1635 2030 1688 ab

449 1707 558 1760 alio
605 1707 946 1762 divinitatem
1001 1723 1108 1760 non
1154 1702 1431 1776 accepisse
1480 1707 1757 1761 credebat.
1811 1702 1944 1758 Rem
1973 1706 2026 1776 in

447 1777 706 1847 ambiguo
744 1793 850 1831 non
900 1778 1178 1847 relinquit,
1215 1775 1482 1846 siquidem
1531 1778 1807 1846 conceptis
1849 1775 2028 1830 verbis

449 1844 694 1900 declarat
734 1849 900 1902 Deum
939 1844 1310 1901 cum'arlicnlo
1359 1847 1492 1901 nihil
1540 1847 1685 1899 aliud
1707 1844 1837 1899 esse
1864 1861 2027 1913 quam

448 1917 725 1980 αὑτόθεον,
758 1937 790 1971 a
820 1935 873 1971 se
907 1918 1073 1971 Deum
1111 1933 1124 1968 :
1163 1918 1416 1980 αὑτόθεος
1443 1920 1470 1970 ὁ
1500 1917 1631 1979 Θεὸς
1662 1918 1799 1987 ἐστι,
1839 1915 2028 1987 διόπερ

445 1987 542 2060 καὶ
574 1990 602 2041 ὁ
630 1976 818 2060 Σωτήρ
847 2005 1009 2060 φησιν
1034 1989 1090 2040 ὲν
1119 1990 1184 2059 τῇ
1221 1988 1356 2059 πρὸς
1382 1976 1473 2040 τὸν
1494 1976 1712 2058 Πατέρα
1743 1976 1898 2058 εὖχῇ,
1921 1976 2028 2039 eld.

2135 1976 2399 2060 vinitatiso,
2432 1976 2604 2060 Filius
2628 1991 2758 2060 vero
2800 1977 3046 2031 rationis.

452 2073 473 2108 ι
508 2059 613 2113 Per
651 2075 710 2112 se
741 2059 904 2123 Deus,
942 2059 1086 2113 Deus
1125 2060 1211 2112 ille
1259 2071 1339 2113 est
1368 2074 1490 2112 cum
1520 2061 1770 2121 articulo,
1813 2067 2031 2126 prepter

447 2128 589 2196 quod
617 2140 672 2182 et
707 2128 957 2183 Salvator
985 2130 1037 2182 in
1063 2129 1378 2197 precatione
1402 2132 1467 2181 ad
1497 2129 1708 2182 Patrem
1733 2128 1832 2192 ait,
1871 2147 1890 2180 ι
1919 2139 2028 2181 etc.

447 2201 735 2267 Comparat
761 2202 925 2270 igitur
966 2199 1221 2252 αὐτόθεον
1247 2215 1370 2252 cum
1419 2199 1527 2253 Deo
1557 2215 1624 2270 ex
1660 2198 1792 2270 Deo,
1830 2199 2031 2270 vetitae

450 2279 560 2324 tem
589 2281 644 2324 et
674 2267 954 2340 exemplar
995 2285 1117 2324 cum
1168 2271 1422 2339 imagine,
1463 2283 1564 2323 nec
1594 2269 1660 2322 de
1677 2268 1883 2340 divina
1907 2267 2030 2340 Eilii

448 2350 642 2394 natura
668 2338 925 2394 detrahit.
957 2341 1047 2394 Ait
1075 2341 1221 2394 enim
1271 2338 1444 2406 illum,
1478 2354 1600 2394 cum
1645 2339 1716 2393 sit
1746 2339 1886 2406 apud
1928 2338 2033 2392 Pa-

447 2420 608 2476 trem,
656 2411 874 2465 trahere
914 2412 980 2463 ad
1027 2426 1087 2466 se
1133 2410 1512 2473 divinitatem,
1564 2411 1704 2477 apud
1755 2408 1922 2463 Deum
1975 2410 2027 2463 in

445 2481 898 2550 priiicipioiesse,
935 2499 953 2532 ι
991 2497 1056 2535 eo
1110 2481 1253 2550 quod
1305 2483 1376 2534 sit
1405 2479 1546 2548 apud
1596 2481 1764 2550 Deum
1811 2494 2030 2550 semper

446 2549 676 2605 manens
727 2549 890 2607 Dens.
933 2569 952 2604 ι
991 2549 1192 2606 Deinde
1227 2565 1356 2604 vero
1403 2567 1510 2604 non
1556 2549 1663 2602 alio
1715 2549 1942 2602 consilio
1973 2550 2028 2604 in

445 2620 544 2674 bas
596 2623 762 2677 tricas
815 2637 937 2676 sese
986 2622 1225 2690 implicat
1265 2621 1556 2689 Origenes,
1610 2619 1712 2672 nisi
1747 2629 1806 2672 ut
1847 2618 2027 2687 plures

443 2703 708 2759 personas
733 2692 945 2746 divinas
969 2707 1090 2744 cum
1119 2693 1436 2746 monarchia
1462 2690 1743 2759 conciliet;
1775 2705 1874 2744 nec
1897 2691 2030 2744 l'acit

445 2758 568 2813 cum
607 2763 827 2818 Arianis
857 2777 978 2816 cum
1011 2761 1228 2816 Patrem
1262 2763 1435 2816 solum
1469 2774 1655 2815 verum
1700 2758 1870 2814 Deum
1908 2776 2029 2814 esse

444 2833 716 2895 concedit,
763 2834 890 2902 quia
929 2834 1077 2888 solus
1129 2843 1214 2887 est
1249 2831 1394 2886 Deus
1419 2847 1448 2885 a
1479 2845 1559 2902 se,
1609 2831 1717 2902 sed
1743 2830 2029 2902 eisAmaxi-

445 2916 592 2974 muni
638 2899 950 2971 praesidium
989 2902 1230 2974 praeripit
1267 2904 1414 2974 quod
1465 2901 1568 2955 sibi
1605 2901 1657 2955 in
1709 2901 1796 2955 his
1824 2899 2026 2956 Christi

444 2973 626 3026 verbis
654 2973 1066 3029 constituerant.

513 3041 574 3095 5ο
603 3042 798 3098 Filium
833 3045 976 3098 inter
1004 3047 1134 3098 deos
1167 3042 1343 3099 factos
1374 3057 1717 3111 nequaquam
1752 3051 2022 3098 recenset.

444 3111 648 3168 Statuit
677 3115 766 3169 ille
798 3116 1012 3184 quidem
1060 3115 1318 3184 quidquid
1372 3115 1510 3167 Deus
1557 3111 1774 3184 dicitur,
1822 3123 2027 3184 praeter

442 3197 568 3253 cum
597 3185 686 3252 qui
722 3183 867 3240 est’a
907 3198 967 3238 se
1003 3183 1166 3249 Deus,
1206 3183 1257 3239 id
1287 3185 1701 3253 participatione
1728 3183 2025 3236 divinitatis

443 3251 623 3308 Patris
651 3254 724 3324 ita
754 3254 1048 3324 appellari;
1077 3257 1171 3310 sed
1202 3251 1334 3309 deos
1383 3255 1503 3308 illos
1536 3253 1710 3307 factos
1742 3254 1866 3324 latis
1902 3255 2024 3306 lini-

2129 713 2383 782 qnoniam
2419 713 2719 768 verisimile
2764 725 2848 766 est
2882 714 2997 769 fore
3041 725 3101 769 ut
3142 715 3297 769 multi
3345 715 3718 779 oﬂ‘endantur,

2127 783 2270 855 quod
2295 798 2463 855 unum
2492 797 2680 855 verum
2721 784 2890 838 Deum
2932 783 3175 855 Patrem,
3219 797 3280 839 et
3301 797 3502 855 pmter
3529 801 3719 842 verum

2130 853 2299 905 Deum
2332 852 2529 906 multos
2565 852 2655 906 Dei
2691 855 3110 922 participatione
3144 852 3318 910 factos
3361 859 3492 912 deos
3523 856 3722 910 dixeri-

2128 939 2268 987 mus,
2296 938 2358 976 ac
2383 933 2674 977 vereantur
2703 939 2769 978 ne
2804 924 2947 977 illius
2979 925 3168 992 gloria,
3195 927 3284 992 qui
3315 941 3530 981 onmem
3563 943 3719 981 crea-

2127 1001 2304 1046 turam
2337 993 2619 1061 praecellit,
2646 993 2869 1062 reliquis
2896 994 2988 1048 Dei
3013 995 3429 1063 appellationem
3461 996 3718 1052 obtinen-

2131 1063 2276 1136 tibus
2304 1065 2619 1136 adaequetur
2640 1079 2675 1136 ;__
2711 1073 2911 1136 practer
2942 1064 3161 1136 allatam
3191 1065 3579 1130 diﬂerentiam,
3607 1083 3716 1136 qua

2129 1132 2299 1186 Deum
2351 1131 2588 1187 Verbum
2625 1131 2862 1188 diximus
2915 1135 3141 1203 reliquis
3184 1136 3437 1191 omnibus
3484 1137 3589 1191 diis
3618 1131 3716 1190 ini-

2129 1205 2362 1257 nistrum
2399 1218 2522 1257 esse
2573 1204 2808 1265 deitatis,
2852 1205 2964 1258 haec
3009 1219 3228 1274 quoque
3272 1209 3609 1274 apponenda.
3641 1207 3716 1262 Ea

2127 1274 2272 1327 enim
2304 1275 2619 1344 ratio,iquaa
2651 1274 2703 1328 in
2735 1275 2962 1344 singulis
2990 1278 3210 1329 ratione
3243 1275 3520 1332 utentibus
3552 1279 3715 1343 inest,

2127 1345 2374 1398 eamdem
2401 1343 2562 1397 habet
2601 1343 3065 1413 comparationem
3119 1345 3183 1398 ad
3231 1345 3375 1399 illam
3428 1348 3716 1412 rationem,

2128 1427 2249 1482 quae
2277 1414 2330 1487 in
2364 1414 2628 1487 principio
2652 1415 2794 1487 apud
2825 1414 2992 1467 Deum
3022 1424 3127 1487 est,
3160 1425 3214 1470 et
3250 1417 3390 1470 Deus
3421 1428 3500 1472 est
3520 1417 3714 1487 Λόγος,

2128 1499 2290 1552 quam
2319 1485 2482 1537 habet
2509 1485 2646 1539 Deus
2669 1485 2901 1539 Verbum
2928 1487 2994 1538 ad
3020 1486 3210 1539 Deum.
3241 1485 3717 1553 Quemadmodum

2127 1554 2272 1607 enim
2321 1569 2381 1610 se
2413 1554 2577 1609 habet
2623 1570 2652 1608 a
2689 1569 2749 1609 se
2795 1555 2936 1609 Deus
2970 1565 3024 1610 et
3079 1556 3217 1611 Deus
3248 1572 3407 1611 verus
3457 1557 3618 1612 Pater
3646 1561 3716 1612 ad

2129 1625 2418 1696 imaginem
2446 1636 2500 1696 et
2547 1626 2812 1696 imagines
2861 1627 3135 1695 imaginis,
3185 1642 3346 1696 quam
3385 1627 3457 1681 ob
3495 1643 3714 1682 causam

2130 1694 2298 1749 etiam
2332 1695 2579 1749 homines
2608 1695 2863 1750 dicunt-ur
2901 1694 3004 1750 non
3037 1694 3322 1763 imagines,
3363 1699 3456 1751 sed
3483 1701 3549 1751 ad
3580 1699 3716 1752 ima-

2127 1779 2330 1835 ginem,
2368 1765 2446 1819 sic
2476 1767 2621 1819 hunc
2659 1767 2714 1819 in
2750 1767 2967 1820 modum
2999 1781 3057 1820 se
3083 1768 3244 1820 habet
3274 1767 3390 1832 ipse
3424 1767 3619 1836 Λόγος,
3649 1771 3716 1822 ad

2128 1850 2270 1906 eam,
2305 1850 2423 1904 qua:
2450 1846 2534 1890 est
2569 1836 2633 1906 in;
2651 1836 2898 1906 singulis,
2942 1837 3226 1892 rationein.
3280 1836 3522 1905 Utraque
3565 1839 3711 1892 enim

2129 1905 2309 1977 locum
2340 1907 2584 1977 obtinent
2612 1904 2776 1960 fontis
2803 1917 2860 1962 et
2889 1908 3134 1977 originis,
3171 1907 3329 1962 Pater
3369 1904 3584 1977 quidem
3630 1911 3715 1962 die

3091 1976 3558 2048 Quemadmodum
3586 1993 3715 2048 ergo

2133 2047 2208 2100 dii
2237 2047 2410 2110 multi,
2448 2047 2542 2101 sed
2570 2048 2725 2102 nobis
2765 2061 2904 2101 unus
2945 2059 3030 2101 est
3060 2046 3200 2101 Deus
3223 2047 3422 2113 Pater,
3472 2057 3527 2102 et
3557 2046 3712 2103 multi

2133 2116 2336 2170 domini
2384 2126 2544 2180 sunt,
2588 2119 2683 2170 sed
2729 2117 2886 2172 nobis
2933 2133 3071 2171 unus
3128 2118 3386 2171 Dominus
3428 2130 3512 2172 est
3554 2117 3712 2172 Jesus

2132 2186 2419 2256 Chrisms;
2450 2188 2530 2241 sic
2573 2186 2729 2241 multi
2763 2189 2926 2241 etiam
2960 2194 3086 2241 sunt
3113 2187 3284 2256 λόγοι,
3336 2189 3430 2243 sed
3463 2189 3621 2244 nobis
3649 2189 3716 2242 il-

2131 2255 2243 2328 lum
2279 2257 2452 2324 Λόγον
2484 2271 2770 2328 precamur
2803 2259 3003 2328 inesse,
3052 2258 3145 2326 qui
3190 2255 3278 2313 est
3327 2259 3379 2312 in
3418 2259 3708 2328 principio,

2133 2327 2335 2397 quiest
2359 2328 2498 2395 apud
2532 2327 2719 2391 Deum,
2749 2327 2839 2394 qui
2874 2339 2957 2381 est
2986 2328 3127 2381 Deus
3158 2329 3353 2397 Λόγος.
3401 2347 3420 2380 ι

2205 2395 2428 2467 Multum
2457 2397 2599 2450 valet
2633 2401 2700 2450 ad
2726 2397 2976 2467 Origenis
3006 2395 3377 2454 defensionem
3411 2405 3586 2453 metus
3621 2399 3712 2454 ille

2133 2482 2205 2521 ne
2239 2465 2414 2520 Verbo
2446 2482 2533 2520 res
2575 2475 2789 2529 creatas
2820 2465 3106 2536 aquiiare
3142 2469 3440 2534 videretur,
3474 2479 3524 2522 et
3551 2469 3710 2522 adhi-

2131 2536 2242 2590 bita
2277 2536 2342 2589 ad
2369 2537 2514 2590 hanc
2545 2537 2910 2606 suspicionem
2957 2532 3309 2592 refellendam
3348 2532 3567 2594 uberior
3593 2553 3714 2592 sen-

2133 2607 2316 2677 tentia:
2343 2607 2651 2677 explicatio.
2682 2606 2933 2662 Declarat
2963 2609 3107 2663 enim
3135 2624 3195 2664 se
3227 2625 3330 2663 nec
3360 2623 3425 2663 ea
3459 2622 3580 2677 qua:
3621 2609 3712 2663 Fi-

2132 2675 2234 2748 l_iu_s
2273 2691 2304 2729 a
2359 2676 2522 2730 Patre
2569 2678 2798 2746 accepit,
2851 2693 2972 2732 cum
3021 2679 3108 2742 iis,
3145 2695 3268 2748 quae
3313 2694 3402 2748 res
3451 2675 3650 2732 creata:
3679 2698 3708 2734 a

2126 2745 2268 2801 Filio
2300 2753 2645 2818 acceperunt,
2677 2742 3098 2816 nec’accipiendi
3122 2742 3339 2803 modum
3367 2763 3706 2818 comparare,

2131 2819 2225 2870 sed
2271 2818 2448 2886 potius
2477 2814 2680 2888 :Filiutn
2719 2818 2866 2872 Patri
2907 2814 3171 2888 aequalem
3215 2814 3536 2888 prmdicare,
3583 2822 3707 2887 quia

2130 2895 2424 2954 utrumque
2467 2887 2670 2941 fontem
2718 2903 2843 2943 esse
2875 2887 3153 2944 asseverat
3183 2887 3292 2943 :iex
3325 2904 3432 2957 quo
3463 2900 3712 2957 sequitur

2129 2959 2376 3010 eamdem
2421 2957 2474 3010 in
2533 2966 2764 3026 utroque
2813 2969 3089 3026 naturam,
3139 2974 3204 3014 ac
3244 2966 3434 3014 eadem
3484 2974 3710 3027 prorsus

2127 3040 2250 3081 esse
2293 3027 2579 3097 attributa.
2617 3027 2804 3097 Itaque
2852 3029 2980 3084 dum
3022 3045 3109 3084 res
3144 3040 3357 3083 creatas
3388 3029 3535 3083 ineo
3563 3043 3712 3083 com-

2128 3111 2323 3166 parare
2346 3112 2466 3150 cum
2513 3096 2652 3152 Filio
2676 3096 2911 3166 videtur,
2942 3101 3086 3166 quod
3127 3098 3297 3153 Filius
3325 3100 3505 3153 omnia
3545 3114 3576 3152 a
3607 3099 3712 3154 Pa-

2131 3176 2237 3228 tre,
2283 3180 2372 3221 res
2412 3178 2609 3239 creata;
2663 3169 2844 3239 omnia
2895 3186 2924 3223 a
2972 3169 3110 3223 Filio
3149 3170 3482 3239 acceperint,
3531 3169 3708 3238 ipsum

2128 3239 2308 3305 potius
2345 3250 2467 3291 cum
2513 3236 2652 3292 Filio
2679 3238 2914 3306 Patrem,
2958 3243 3003 3294 si
3041 3243 3141 3294 rite
3169 3236 3519 3308 attendimus,
3554 3236 3710 3296 com-

445 3325 545 3378 bus
591 3340 620 3378 a
664 3316 1133 3381 Filio-discernit.
1183 3325 1261 3379 Dii
1307 3325 1401 3390 illi,
1447 3334 1505 3376 ut
1550 3338 1654 3377 non
1698 3323 1870 3376 multo
1899 3316 2098 3382 anteC
2125 3317 2300 3376 Paral-

443 3395 697 3462 exposuit
723 3408 850 3450 tom.
885 3411 926 3459 ι,
961 3411 1109 3452 num.
1144 3397 1234 3457 54.
1268 3405 1392 3450 sunt
1430 3405 1640 3448 certum
1688 3393 1903 3461 aliquod
1929 3408 2022 3460 ge-

443 3478 547 3534 nus
589 3467 907 3533 angelorum
962 3467 1176 3520 thronis
1219 3473 1275 3519 et
1321 3465 1713 3534 principatibus
1753 3467 2022 3531 superius.

443 3532 554 3606 llos
595 3532 727 3606 deus
763 3535 946 3606 vocari
997 3537 1200 3606 colligit
1246 3532 1436 3590 exibis
1467 3535 1763 3606 Scriptura;
1794 3534 2022 3606 verbis:

445 3604 584 3675 Deus
615 3605 834 3658 deorum
893 3605 1098 3675 locutus
1135 3603 1211 3660 est
1245 3606 1419 3675 (l’sal.
1451 3619 1598 3667 χιιι,
1620 3607 1695 3673 1).
1722 3603 2026 3671 Con/itemi-

444 3676 498 3726 m'
531 3674 641 3728 Deo
670 3677 885 3746 deornm
917 3674 1090 3746 (Psal.
1118 3674 1315 3738 cxxxv,
1343 3677 1422 3746 2).
1467 3675 1522 3746 lu
1556 3675 1657 3728 hoc
1685 3683 1893 3746 tantum
1924 3675 2026 3727 bos

444 3746 576 3814 deos
637 3760 760 3799 cum
803 3744 939 3799 Filio
986 3757 1288 3814 comparat,
1335 3744 1477 3814 quod
1523 3745 1695 3797 neutri
1745 3744 1854 3796 sint
1899 3758 1927 3814 τι
1966 3757 2027 3798 se

447 3813 608 3878 Dens,
642 3819 784 3882 quod
827 3815 997 3869 Filius
1043 3813 1121 3869 sit,
1157 3813 1574 3883 imago’Patris,
1627 3815 1714 3867 isti
1763 3813 2026 3882 imagines

441 3884 585 3939 Filii.
636 3891 913 3952 Quantum
944 3896 1123 3940 autem
1159 3888 1301 3939 inter
1336 3898 1596 3955 utrosque
1641 3885 1855 3955 intersit
1889 3887 2026 3937 inul-

443 3956 512 4009 tis
561 3958 724 4011 rebus
767 3956 1059 4009 declarat:
1109 3972 1232 4008 nam
1283 3955 1451 4010 Filius
1493 3952 1634 4022 apud
1680 3952 1893 4006 Patrem
1943 3962 2027 4009 est

441 4041 655 4096 semper
701 4027 866 4088 Deus,
902 4025 970 4078 ab
1011 4025 1128 4094 ipso
1172 4028 1393 4082 trahens
1416 4025 1779 4096 divinitatem
1806 4038 1820 4075 :
1851 4031 1907 4076 at
1937 4024 2024 4079 isti

442 4112 540 4150 nec
585 4099 728 4165 apud
763 4097 1020 4165 Patrem,
1073 4112 1171 4149 nec
1205 4098 1345 4163 apud
1385 4095 1578 4150 Filium
1625 4101 1760 4165 sunt
1810 4107 2026 4162 semper

441 4167 539 4228 dii,
572 4163 672 4222 nec
703 4182 733 4220 a
762 4163 899 4220 Filio
940 4168 1275 4220 divinitatem
1333 4170 1573 4220 trahunt.
1623 4164 1790 4218 Filius
1833 4180 1861 4216 a
1914 4165 2025 4218 Deo

443 4237 627 4291 haurit
667 4239 808 4291 unde
835 4237 956 4291 illos
983 4243 1117 4290 deos
1149 4235 1374 4302 elliciat;
1417 4237 1581 4305 idque
1615 4249 1712 4304 pro
1743 4248 1837 4290 sua
1865 4234 2023 4289 boni-

443 4317 552 4362 tate
581 4321 597 4361 :
632 4318 689 4362 at
722 4307 796 4361 illi
823 4322 852 4360 a
882 4306 1020 4362 Filio
1050 4321 1156 4361 non
1187 4309 1459 4360 hauriunt.

510 4379 650 4432 ldem
693 4379 984 4432 discrimen
1014 4379 1410 4430 observandqu
1445 4379 1496 4431 in
1517 4375 1603 4430 his
1630 4388 1751 4445 qum
1779 4389 2020 4442 sequun-

440 4457 549 4512 tur,
590 4465 738 4502 uum.
759 4449 794 4501 5
825 4448 996 4502 εἈλλ’
1023 4449 1147 4500 ἐπεὶ
1184 4446 1330 4519 εἰκὸς
1362 4447 1697 4519 προσκόψειν
1718 4445 1888 4519 furat;
1912 4447 2025 4519 τοῖς

439 4521 771 4591 εἰρημένοις,
808 4519 952 4591 Αὲνὸς
1008 4519 1128 4591 μὲνλ
1157 4515 1440 4591 ἀληθινοῦί
1459 4515 1625 4591 Θεοῦ,
1652 4515 1745 4591 τοιξ
1789 4515 2025 4591 ΔΙιοιτρὸς

437 4585 935 4660 ἁτὶσξγγελλομένου,
995 4585 1144 4661 τιαρὰ
1189 4585 1257 4641 δὲ⁷
1287 4589 1378 4661 τὸν
1421 4588 1671 4658 ἀληθινὸν
1713 4586 1856 4661 Θεὸν,
1887 4585 2024 4661 (ista:

2199 3396 2293 3450 His
2335 3396 2660 3453 testimoniis
2701 3415 2810 3454 non
2851 3398 3119 3455 absiinilia
3163 3409 3294 3455 sunt
3337 3399 3445 3455 duo
3495 3402 3597 3458 alia
3639 3405 3709 3460 ab

2130 3465 2463 3542 l_lierotiyiiio
2497 3479 2552 3522 et
2574 3468 2880 3524 Justiniano
2905 3471 3141 3539 objecta,
3169 3487 3400 3540 quorum
3448 3473 3498 3528 in
3533 3476 3710 3542 primo

2129 3536 2554 3609 FiliusPatreiu
2590 3536 3051 3609 comprehendere
3086 3536 3300 3607 dicitur,
3335 3545 3378 3595 si
3425 3536 3708 3599 scientiam

2127 3617 2184 3662 et
2206 3607 2532 3675 sapientiam
2567 3607 2922 3675 consideres;
2968 3624 3125 3664 secus
3157 3626 3286 3665 vero
3315 3613 3360 3666 si
3405 3627 3525 3667 eam
3554 3631 3708 3669 com-

2128 3678 2551 3746 prehensionem
2587 3679 2886 3748 intelligas,
2919 3695 3028 3749 qua
3078 3680 3242 3734 Pater
3284 3684 3466 3736 omnia
3503 3684 3573 3738 ab
3615 3687 3709 3740 illo

2135 3763 2257 3822 esse
2297 3748 2551 3822 habentia
2596 3748 3028 3822 comprehendit.
3067 3750 3378 3822 Sic_igitur
3409 3753 3706 3822 Origenes,

2123 3815 2278 3892 j_us_ta
2316 3815 2773 3892 Hieronymntm:
2818 3837 2837 3871 ι
2889 3821 2944 3873 Si
2994 3815 3397 3892 enim_Paitrem
3428 3815 3707 3892 cognoscit

2129 3889 2332 3952 Filius,
2353 3889 2601 3962 _videtur,
2629 3889 2680 3942 in
2710 3892 2942 3962 ecquod
2971 3892 3120 3944 novit
3148 3890 3382 3959 Patrem,
3408 3889 3564 3962 posse
3583 3911 3705 3949 eum

2127 3959 2587 4026 comprehendere
2623 3975 2636 4011 :
2664 3967 2720 4012 ut
2751 3960 2795 4012 si
2823 3961 3054 4015 dicimus
3081 3962 3307 4015 artiﬁcis
3335 3959 3574 4017 animum
3610 3982 3704 4018 ar-

2130 4029 2373 4100 tisscire
2406 4042 2739 4100 mensuram.
2770 4029 2880 4084 Nec
2914 4031 3172 4097 dubium,
3205 4033 3332 4100 quin
3369 4035 3412 4085 si
3448 4033 3607 4087 Pater
3633 4037 3706 4090 sit

2126 4099 2181 4153 in
2215 4097 2371 4163 Filio,
2412 4107 2467 4150 et
2507 4099 2999 4171 comprehendatur
3046 4102 3110 4154 ab
3156 4097 3302 4155 eoin
3334 4117 3442 4171 quo
3466 4115 3569 4158 est.
3606 4104 3701 4158 Sin

2128 4179 2308 4222 autem
2359 4169 2898 4236 comprehensionem
2941 4184 3060 4224 eam
3102 4169 3367 4234 dicimus,—
3393 4181 3449 4224 ut
3472 4189 3579 4228 non
3609 4190 3704 4229 so-

2126 4236 2236 4310 lum
2281 4253 2440 4302 sensu
2479 4238 2600 4305 quis
2632 4248 2686 4291 et
2724 4240 2986 4308 sapientia
3016 4240 3468 4310 comprehendat,
3509 4246 3604 4298 sed
3649 4257 3704 4299 et

2125 4309 2327 4361 virtute
2357 4318 2412 4362 et
2441 4309 2678 4376 potentia
2711 4321 2907 4364 cuncta
2952 4309 3251 4378 teneat'qui
3274 4313 3551 4380 cognovit,
3596 4331 3700 4370 non

2124 4393 2415 4448 possumus
2443 4379 2626 4432 dicere
2653 4382 2798 4448 quod
2819 4381 3243 4448 comprehendat
3270 4379 3438 4435 Filius
3459 4383 3702 4440 Patrem.

2127 4447 2446 4518 Patervero
2465 4450 2647 4502 omnia
2672 4447 3103 4518 comprehendit.
3135 4451 3279 4504 Inter
3311 4453 3488 4506 omnia
3520 4464 3702 4510 autem

2125 4528 2174 4572 et
2206 4517 2376 4572 Filius
2402 4529 2505 4590 est.
2532 4534 2660 4588 ergo
2686 4517 2950 4590 etFilinni
2973 4520 3403 4590 comprehendit.
3439 4542 3457 4574 ι
3485 4522 3705 4579 Postre-

2127 4592 2415 4661 ni_aAverb_a
2455 4587 2646 4661 Graece
2686 4594 2824 4661 apud
2861 4587 3224 4644 lostiniaiinm
3265 4607 3345 4644 sic
3403 4593 3697 4661 leguntur:

438 4648 701 4746 πλειόνςυν
725 4648 801 4741 τῇ
823 4648 1024 4746 μετοχῇ
1054 4648 1148 4746 ’ἔοῇ
1177 4659 1313 4746 Θεοῦ
1340 4648 1676 4746 γινομένωνι
1689 4657 2021 4746 εέῦλαξίουμε-
2053 4659 2098 4714 D
2126 4648 2189 4746 ξζί
2221 4657 2276 4746 se
2362 4648 2894 4746 Ηςξτὴρέμπεέιέχει
2930 4661 3000 4746 τὰ
3027 4661 3224 4746 Ἰτάνᾶᾳέ
3253 4661 3360 4746 et???
3385 4648 3698 4743 ὸὲγπάντων

436 4749 560 4795 νους
585 4732 682 4803 τὴν
712 4726 805 4785 τοῦ
824 4726 1023 4803 ’πᾶσᾶν
1053 4733 1229 4784 κτίσιν
1262 4726 1617 4803 ὑπερέχοντος
1649 4729 1805 4794 δόξαν
1828 4726 2022 4803 samb-

439 4820 530 4856 σαι.
567 4798 680 4866 τοῖς
709 4803 916 4866 λοιποῖς
953 4802 1053 4872 τῆς
1081 4803 1213 4864 Θεὸς
1269 4798 1637 4872 προοηγορίας
1674 4798 2020 4872 τνγχάνουσι,

437 4875 576 4944 πρὸς
601 4877 666 4944 τῇ
717 4873 1081 4944 ὰποδεδομένῃ
1128 4873 1380 4944 διᾳφορᾷ,
1436 4871 1558 4944 κᾳθ’
1593 4872 1687 4944 ἣν-
1712 4871 2022 4944 ὲφὰοςκομεν

436 4939 572 4996 πᾶσι
599 4939 712 5007 τοῖς
742 4939 959 5007 λοιποῖς
994 4939 1134 5005 θεοῖς
1171 4939 1415 4995 διάκονον
1451 4939 1588 4995 εἶναι
1617 4939 1739 5010 τῆς
1765 4939 2023 5010 θεότητος

432 5015 528 5068 τὸν
549 5015 681 5068 Θεὸν
709 5015 900 5082 Λόγον,
936 5012 1028 5066 καὶ
1055 5012 1259 5082 ταύτην
1296 5011 1688 5083 παραστατέον.
1728 5009 1785 5083 'O
1813 5009 1922 5079 γὰρ
1963 5011 2022 5083 εν

433 5084 649 5155 ἑκάστῳ
671 5079 828 5155 λόγος
850 5084 958 5136 τῶν
979 5079 1416 5155 λογικῶνντοῦτον
1439 5083 1529 5155 τὸν
1563 5081 1720 5155 λόγον
1749 5079 2023 5155 ἕχει-πρὸς

433 5157 525 5209 τὸν
552 5149 776 5227 ἐν’ᾀρχῇ
790 5156 961 5227 Λόγον
982 5149 1118 5227 πρὸς
1140 5154 1240 5227 τὸν.
1255 5154 1409 5227 Θεὸν,
1440 5154 1569 5227 ὄντα
1593 5149 1775 5227 Λόγον.
1792 5149 1943 5210 Θεὸν,
1964 5149 2023 5227 ὃν

431 5229 461 5279 ό
493 5227 624 5290 Θεὸς
650 5220 806 5295 Χόγὸς
852 5220 986 5296 τὲρὸς
1017 5220 1106 5296 τὸν
1141 5223 1292 5296 Θεόν.
1335 5225 1427 5296 Ὠς
1473 5223 1584 5294 γὰρ
1616 5220 1894 5296 ᾳὺτόεξεος,
1925 5220 2019 5296 κριὶ

431 5297 683 5366 ἀληθινὸς
710 5290 842 5358 Θεὸς
872 5290 910 5349 δ’
932 5293 1119 5366 Πατὴρ
1147 5293 1285 5366 πρὸς
1316 5290 1519 5366 εἰκόνοι,
1545 5290 1638 5366 ient
1666 5291 1898 5366 εἰκόνος,
1917 5290 2018 5360 τῆς

433 5359 766 5430 εἰκόνος,ίδιὸ
799 5367 892 5419 καὶ
919 5367 1038 5418 κατ’
1067 5359 1251 5416 εἰκόνα.
1276 5359 1697 5432 λέγονταιείνοιι
1729 5365 1778 5416 οἱ
1809 5359 2016 5432 ἄνθρω-

432 5454 544 5502 ποι,
569 5439 670 5491 οὐκ
702 5438 926 5500 εἰκόνες,
962 5434 1136 5497 οὕτως
1163 5435 1191 5484 ὁ
1217 5431 1380 5504 αὐτὸς
1421 5435 1594 5501 Λόγος
1644 5433 1781 5504 πρὸς
1812 5431 1920 5504 *τὸν
1952 5432 2012 5504 ἐν

430 5501 646 5578 ἑκάστῳ
676 5508 864 5578 Αὐγονε
923 5503 1370 5578 Ἀμφότερριχᾲρ
1403 5506 1582 5578 πηγῆς
1616 5501 1735 5578 ἔχει
1756 5501 2014 5578 xeiras}

477 5580 533 5631 ὲν
563 5568 774 5649 Πάτὴρζ
804 5568 1076 5649 θεότηίέοέο
1109 5568 1402 5649 ﬁgite;
1440 5568 1618 5649 115769-
1645 5568 2014 5649 ”Ὤέτξπέρ,εὲῦγ

465 5649 542 5733 ξολ
573 5639 776 5734 mea}
807 5647 922 5734 es
951 5639 1200 5734 ἧμῖιεῖς
1227 5644 1359 5734 θεῆς
1381 5647 1410 5697 ὁ
1447 5639 1672 5734 Uitta.
1708 5645 1802 5734 κοιλ
1830 5639 2014 5734 τάξεσι

434 5719 628 5790 κύριοι,
651 5719 762 5771 ἀλλ’
796 5719 928 5800 ἡμῖν
956 5715 1036 5778 εἷς
1070 5715 1270 5799 Κύριος
1319 5715 1521 5798 Ἰησορς
1584 5715 1814 5800 Apto-'16;
1835 5729 1848 5742 ο
1875 5715 2015 5796 οὕτω

432 5791 615 5842 πολλοὶ
643 5789 809 5857 λόγοι,
841 5788 952 5840 ἀλλ’
976 5788 1115 5860 ξήμίν
1147 5785 1594 5860 ενχόμε-Οα-οπῳς
1631 5801 1844 5860 υπαρςῃ
1893 5785 1929 5860 ὁ.
1953 5797 2011 5860 εν

437 5865 579 5932 ἀρχῇ
610 5853 801 5928 Λόγος,
835 5862 864 5912 ὁ
895 5853 1038 5929 πρὸξ
1053 5858 1144 5909 τὸν
1170 5853 1299 5907 Θεὸν
1329 5853 1592 5917 ὣνὸΘεὸς
1620 5853 1858 5921 Λόγοςέι
1901 5854 2007 5908 Sed

2129 4729 2275 4781 ἐστὶν
2303 4730 2330 4780 ὁ
2362 4728 2694 4799 Υἱὸς,⁷δῆλον
2737 4728 2841 4782 δτι
2866 4731 2957 4784 καὶ
2995 4731 3086 4783 τὸν
3127 4732 3272 4788 Υἱόν.
3313 4731 3578 4788 Unilatent
3611 4752 3699 4789 es-

2130 4799 2321 4854 sentia:
2365 4810 2419 4853 et
2467 4801 2835 4867 aequalitatem
2893 4805 2944 4853 in
3000 4801 3164 4857 Patre
3217 4814 3270 4856 et
3303 4801 3438 4857 Filio
3471 4809 3702 4860 miritiee

2129 4869 2349 4942 exponit
2373 4868 2655 4942 Origenes,
2686 4872 2812 4942 dum
2838 4869 3067 4942 Patrem
3098 4889 3126 4925 a
3157 4872 3293 4926 Filio
3314 4877 3695 4942 comprehendi

2131 4940 2342 5012 statuit,
2372 4940 2499 5012 quia
2530 4939 2693 5012 Pater
2719 4941 2772 4993 iii
2810 4941 2946 4996 Filio
2973 4951 3076 4997 est.
3119 4943 3330 4996 Patrem
3365 4939 3494 5012 ergo
3527 4947 3578 4998 iu
3608 4945 3699 4999 Fi-

2128 5007 2201 5063 lio
2230 5023 2356 5080 esse
2376 5007 2651 5080 credebat,
2681 5027 2785 5064 non
2813 5015 2938 5080 quia
2973 5012 3116 5066 Patri
3161 5013 3330 5066 Filius
3364 5007 3573 5078 obiedit,
3601 5018 3696 5070 sed

2125 5080 2257 5152 quia
2279 5077 2417 5134 Filio
2451 5079 2615 5152 Pater
2644 5077 3093 5152 totam—divinam
3129 5085 3493 5137 substantiam
3532 5099 3699 5152 gene-

2125 5149 2296 5203 rando
2350 5150 2592 5221 tradidit.
2644 5148 2799 5206 Unde
2846 5154 3128 5207 scientiam
3179 5163 3235 5206 et
3270 5148 3594 5221 sapientiai“
3643 5157 3696 5210 in

2122 5227 2355 5288 utroque
2377 5219 2635 5288 aequalem
2671 5223 2919 5289 agnoscit
2957 5223 3221 5289 Origenes
3244 5262 3262 5288 ,
3306 5219 3370 5276 ac
3403 5225 3533 5277 illud
3569 5237 3696 5278 tan-

2122 5289 2775 5364 tum__comprelietisionis
2803 5307 2994 5362 genus,
3033 5307 3140 5360 quo
3178 5295 3419 5364 genitum
3450 5308 3694 5362 compre-

2118 5358 2306 5413 hendit
2335 5361 2569 5429 genitor,
2597 5376 2626 5412 a
2656 5358 3084 5416 Filio'removet.

2191 5429 2377 5504 Alt_ero
2410 5431 2463 5483 in
2513 5430 2653 5504 loco,
2697 5431 2786 5498 qui
2825 5432 2894 5504 inn
2933 5433 3108 5504 primo
3142 5431 3221 5504 De
3266 5432 3491 5504 princip.
3531 5432 3694 5500 libro,

2120 5512 2242 5568 cap.
2269 5499 2323 5571 ’5,
2361 5514 2506 5571 inim.
2533 5498 2588 5564 5,
2623 5510 2822 5562 exstat.
2853 5501 3082 5555 similem
3140 5498 3398 5556 habemus
3436 5498 3695 5571 persona;

2123 5585 2240 5642 r_uni
2275 5568 2706 5642 distinctionem,
2731 5571 3016 5642 Auimiruin
3060 5572 3113 5625 in
3155 5588 3222 5626 eo
3254 5568 3505 5641 positam,
3549 5576 3693 5642 quod

2120 5638 2600 5712 Filius_Patre,_ob
2642 5639 2904 5712 rationem
2938 5638 3274 5712 originis,et_
3297 5638 3532 5710 Spiritus
3565 5638 3691 5696 san—

2120 5719 2241 5782 ctus
2284 5707 2417 5760 Filio
2443 5710 2629 5782 ininor
2658 5710 2723 5763 sit
2753 5708 2930 5782 :"’_Ot:t
2978 5713 3006 5764 ὁ
3028 5707 3155 5782 ’μὲν
3187 5710 3321 5773 Θεὸς
3340 5707 3454 5766 ’καὶ
3505 5713 3692 5782 Πατὴρ
3723 5711 3728 5714 ’

2121 5778 2357 5847 συνέχων
2401 5775 2484 5847 ea;
2517 5778 2694 5831 πάντα
2735 5775 2925 5845 φθάνει
2970 5775 3071 5844 εἰς’
3099 5782 3326 5847 ἕκαστον
3371 5783 3482 5838 τῶν
3525 5775 3691 5836 ὄντῶν

2121 5845 2426 5919 para-A603;
2469 5846 2684 5918 ἑκάστῳ
2716 5847 2824 5901 ἀπὸ
2858 5865 2951 5904 τοι,
2989 5852 3117 5905 ἰδίου
3145 5851 3206 5904 τὸ
3238 5845 3411 5903 εἶναι·
3447 5854 3542 5905 Ὧν
3583 5853 3691 5918 γάρ
