4162 6392
345 365 348 367 Δ
402 373 510 430 πε

1255 366 1832 424 οιιιοῑΝιλΝοιιυιι
1871 368 2002 424 LIB.
2043 368 2110 433 ιι,
2151 366 2305 423 car.
2344 367 2410 432 tt,
2449 366 2724 435 QUIEST.
2761 346 2858 424 ιι.’

3541 369 3645 424 750

401 492 505 560 τὴν
548 487 876 561 προπέτειαν
913 485 1258 539 ὑποτὲθεσθαι
1303 460 1394 539 τὸν
1442 488 1668 561 Σωτῆρα
1704 483 1841 542 εἶναι
1887 489 1978 541 τὸν

2096 488 2374 560 ignorasse
2397 487 2696 552 Christum,
2734 496 3001 558 quatenus
3027 487 3196 557 ipsam
3229 485 3494 552 Ecclesia,
3525 502 3647 557 qua

403 579 501 635 ἐπὶ
570 580 703 631 πᾶσι
742 577 898 630 Θεόν.
948 576 1087 629 Ἀλλ’
1130 575 1244 629 οὑτι
1296 594 1358 644 γε
1409 579 1569 648 ἡμεῖς
1622 579 1880 643 τοιοῦτον,
1927 582 1975 632 οἱ

405 670 718 742 πειθόμενοι
767 668 914 740 αὑτῷ
951 669 1180 736 λέγοντι·
1226 687 1244 718 ι
1265 669 1327 720 '0
1351 668 1538 741 Πατὴρ
1575 671 1604 723 ὁ
1636 669 1856 742 πέμψας
1889 687 1975 742 με,

409 762 613 834 μείζων
649 760 752 832 μού
785 762 952 814 ἐστιν.
980 776 1003 813 ι
1042 759 1140 814 His
1170 760 1439 830 vulgatam
1475 777 1540 816 ex
1560 762 1856 816 Athanasio
1891 778 1978 817 re-

409 855 754 924 Sponsionem
797 853 1019 920 subjicit
1062 851 1398 908 Hmscbelius
1437 872 1450 908 :
1503 855 1579 907 Οὐ
1615 852 1832 925 μεγέθει
1872 856 1980 908 τινὶ

412 947 537 1001 οὐδὲ
588 946 786 1018 χρόνῳ,
839 944 975 998 ἀλλὰ
1020 943 1109 998 διὰ
1153 945 1254 1015 τὴν
1301 942 1360 1008 ἐξ
1415 944 1577 997 αὑτοῦ
1618 944 1714 998 τοῦ
1763 945 1978 1016 Πατρὸς

407 1039 680 1107 γέννησιν.
715 1055 732 1086 ι
768 1035 882 1090 Non
916 1035 1290 1104 magnitudine
1313 1034 1516 1103 aliqua.
1558 1050 1656 1090 nec
1705 1043 1969 1104 tempore,

415 1129 507 1184 sed
538 1139 756 1198 propter
795 1127 1197 1194 generationem
1227 1141 1294 1181 ex
1327 1127 1443 1196 ipso
1475 1127 1672 1190 Patre;
1710 1144 1728 1178 ι
1757 1136 1810 1181 et
1840 1129 1979 1182 alte-

403 1234 525 1273 ram
560 1219 733 1273 hanc:
776 1218 864 1281 Ὠς
902 1217 1034 1281 Θεὸς
1074 1215 1209 1270 Θεοῦ
1248 1215 1368 1288 οὒκ,
1405 1217 1481 1280 ὡς
1527 1217 1718 1290 Πατὴρ
1761 1218 1818 1271 δὲ
1847 1216 1980 1270 Υἱοῦ

400 1308 946 1380 ’ὲνανθρωπήσαντος.
987 1327 1005 1358 ι
1031 1304 1150 1361 Non
1183 1317 1242 1361 ut
1263 1307 1410 1360 Deus
1439 1309 1566 1372 Deo,
1604 1311 1697 1362 sed
1731 1317 1791 1360 ut
1822 1306 1984 1361 Pater

403 1399 569 1468 Filio,
609 1400 701 1469 qui
731 1401 1019 1454 humanam
1053 1399 1292 1467 suscepit
1337 1405 1606 1453 naturam.
1641 1416 1660 1449 ι
1695 1397 1764 1451 At
1804 1413 1890 1457 ea.
1925 1405 1985 1452 ut

409 1505 540 1546 vere
591 1490 793 1556 dicam,
841 1505 1034 1560 parum
1082 1490 1152 1544 ad
1190 1505 1329 1545 rem.
1358 1488 1718 1544 Afﬁrmabant
1760 1490 1979 1556 quidam

403 1581 692 1638 Christum
723 1596 850 1637 esse
879 1582 1257 1638 universorum
1310 1581 1500 1648 Deum,
1551 1581 1716 1652 idque
1757 1597 1884 1638 vere
1929 1591 1986 1636 et

404 1674 735 1731 orthodoxe.
761 1672 1008 1729 Pertinet
1061 1673 1190 1729 illud
1242 1685 1373 1729 sane
1408 1674 1475 1728 ad
1514 1673 1751 1728 divinam
1781 1673 1982 1729 Christi

2081 592 2281 646 corpus
2312 577 2514 632 Christi
2539 588 2642 643 est,
2674 579 2906 648 ignorat.
2941 577 3059 633 Huc
3091 577 3390 632 addendam
3421 588 3646 634 censeat

2079 669 2275 738 aliquis
2315 669 2528 740 longam
2574 670 2990 740 disputationem
3037 684 3100 724 ex
3146 671 3301 724 initio
3331 672 3459 726 tomi
3494 686 3556 737 ιι,
3586 673 3642 724 in

2079 759 2266 824 Joan.,
2295 777 2443 815 num.
2479 761 2589 814 ﬁet
2614 776 2754 828 seq.,
2795 761 2848 814 in
2887 775 2992 830 qua
3016 775 3202 815 vocem
3243 759 3378 826 Θεός
3420 761 3648 816 articulo

2081 864 2179 905 suo
2209 851 2553 919 coniunctam
2587 851 2869 922 distinguit
2900 848 3162 921 Origenes
3188 865 3216 904 a
3241 866 3372 906 voce
3397 849 3532 914 Θεός
3556 866 3651 907 eo-

2083 941 2202 996 dem
2247 941 2480 996 articulo
2526 942 2804 1006 destituta,
2838 949 3001 1010 atque
3052 942 3192 995 hanc
3226 941 3449 1010 deputat
3485 941 3646 1006 Filio,

2083 1033 2227 1086 illam
2257 1033 2404 1087 Patri
2439 1051 2453 1087 :
2492 1033 2634 1088 unde
2658 1034 2864 1103 opinati
2891 1043 3014 1087 sunt
3035 1035 3252 1103 quidam
3283 1035 3443 1088 aliam
3467 1035 3643 1104 ipsum

2084 1124 2351 1180 Deitatem
2415 1109 2732 1194 ascripsisse
2762 1124 2933 1189 Patri,
2967 1140 3031 1178 ac
3057 1126 3528 1194 praestantiorem;
3566 1127 3652 1180 in-

2085 1214 2340 1269 feriorem
2398 1230 2528 1271 vero
2569 1214 2731 1270 Filio.
2787 1215 3129 1286 Quapropter
3169 1230 3232 1269 ea
3263 1215 3647 1273 Genebrardus

2085 1306 2152 1360 ab
2185 1307 2398 1360 Arianis
2432 1316 2612 1361 assuta
2655 1308 2820 1362 fuisse
2866 1309 3142 1362 censebat.
3182 1308 3254 1362 At
3299 1325 3422 1363 cum
3454 1324 3516 1363 ea
3571 1319 3652 1362 ta-

2085 1413 2211 1453 men
2238 1400 2426 1452 dextre
2472 1399 2640 1468 accipi
2667 1413 2827 1468 posse
2874 1410 3152 1469 agnoscat,
3191 1409 3247 1454 et
3279 1412 3376 1455 nos
3437 1415 3652 1471 quoque

2089 1491 2141 1544 in
2184 1489 2649 1545 Observationibus
2677 1491 3100 1546 demonstraturi
3157 1491 3348 1554 simus,
3395 1506 3495 1546 cur
3533 1491 3653 1546 loco

2086 1582 2213 1638 huic
2261 1581 2382 1638 falsi
2431 1597 2766 1652 apponamus
2809 1591 3016 1647 notam,
3061 1597 3226 1638 causa
3264 1583 3406 1636 nulla
3442 1592 3546 1637 est.
3583 1582 3656 1636 At

2087 1673 2372 1729 manifeste
2405 1683 2650 1729 sanctum
2689 1673 2948 1743 Spiritum
2995 1675 3201 1729 honore
3246 1687 3342 1727 suo
3377 1687 3443 1727 ac
3481 1672 3656 1743 digni-

405 1773 684 1830 staturam,
719 1779 824 1820 non
850 1763 917 1818 ad
949 1765 1264 1820 humanam.
1295 1763 1464 1836 Negat
1492 1779 1522 1820 e
1561 1765 1833 1820 contrario
1861 1764 1986 1820 Ori-
2016 1830 2045 1836 μ
2090 1772 2201 1820 tate
2225 1764 2482 1820 fraudare
2513 1774 2745 1821 conatur
2778 1765 3038 1836 Origenes
3065 1774 3194 1818 tom.
3244 1780 3340 1819 xm
3376 1763 3431 1817 in
3460 1762 3650 1828 Ιοαιι..

407 1871 576 1929 genes
614 1856 961 1912 Servatorem
1013 1871 1134 1912 esse
1169 1858 1548 1913 universorum
1577 1858 1744 1912 Deum
1771 1897 1788 1922 ,
1839 1857 1982 1926 quod

2089 1872 2238 1909 num.
2291 1855 2384 1919 25,
2439 1858 2524 1911 his
2575 1857 2787 1911 verbis:
2836 1830 2951 1928 (9'2)
3001 1855 3145 1927 Πρδς
3201 1855 3290 1909 τὸν
3331 1854 3654 1926 βουλόμενον

409 1947 541 2004 inde
576 1949 768 2017 probat
790 1948 918 2018 quia
950 1945 1108 2002 Patre
1135 1947 1312 2003 minor
1348 1949 1441 2011 sit,
1467 1948 1558 2017 qui
1590 1957 1674 2002 est
1701 1947 1986 2002 universo-

409 2053 532 2095 rum
589 2039 750 2094 Deus.
809 2037 1015 2092 Divinas
1057 2053 1188 2108 ergo
1232 2037 1443 2094 Christi
1496 2046 1702 2092 natura:
1748 2037 1989 2093 detrahit

409 2144 722 2202 supremam
768 2129 913 2184 illam
960 2128 1192 2201 θεότητα
1235 2143 1396 2199 supra
1454 2143 1540 2184 res
1578 2129 1882 2194 universas,
1933 2138 1990 2184 et

409 2220 563 2279 Patri
595 2223 797 2279 addicit
827 2241 843 2289 ;
869 2224 1204 2293 proindeqne
1237 2221 1458 2294 μεγέθει
1489 2223 1622 2287 τινί,
1651 2231 1706 2278 et
1736 2233 1796 2277 ut
1818 2223 1986 2278 Deum

411 2311 548 2383 Deo,
576 2315 885 2370 inferiorem
917 2315 1073 2370 Patre
1104 2315 1300 2370 Filium
1331 2316 1542 2380 statuit,
1573 2330 1679 2370 non
1712 2324 1772 2368 ut
1812 2314 1986 2370 homi-

411 2420 536 2461 nem
570 2405 704 2462 Deo.
735 2406 994 2463 Leontius
1027 2407 1360 2480 Byzantinus
1384 2405 1728 2462 Scholiorum
1773 2406 1986 2462 actione

414 2496 506 2560 10,
538 2497 606 2552 ad
631 2497 1061 2552 convincendum
1093 2497 1300 2552 erroris
1345 2496 1508 2564 hujus
1539 2495 1834 2567 Origenem
1885 2498 1984 2550 ista

412 2588 636 2642 adducit
664 2590 828 2643 verba
858 2595 925 2644 ex
953 2589 1184 2659 quadam
1226 2589 1399 2658 ipsius
1430 2587 1697 2657 epistola:
1746 2586 1805 2641 Ὀ
1855 2586 1986 2652 Υἱὸς

410 2678 447 2748 ἢ
475 2677 676 2749 μείζων
708 2679 826 2733 ἐστὶ
853 2677 947 2733 τοῦ
973 2679 1207 2750 Πατρὸς,
1232 2679 1266 2751 ἢ
1297 2678 1556 2746 ἐλάττων,
1583 2677 1617 2751 ἢ
1647 2679 1779 2743 ῐσος·
1819 2680 1867 2733 εἰ
1893 2675 1986 2733 οὖν

409 2771 570 2836 δείξω
607 2771 687 2825 ὅτι
735 2771 857 2825 οὐδὲ
907 2771 1106 2842 μείζων
1147 2771 1314 2835 ἐστὶν,
1352 2771 1475 2825 οὑδὲ
1520 2772 1653 2835 ῐσος,
1696 2771 1852 2841 δῆλον
1903 2772 1986 2824 ὅτι

411 2863 650 2919 ἐλάττων
683 2864 852 2920 ἐστίν.
884 2862 1165 2919 Postremo
1195 2878 1316 2919 cum
1345 2865 1547 2919 dixerit
1591 2866 1843 2934 superius
1873 2861 1984 2919 Pa-

412 2965 552 3012 trem
587 2957 850 3022 essentia,
876 2956 1159 3026 dignitate,
1211 2957 1438 3022 virtute,
1493 2956 1796 3022 divinitate,
1829 2958 1985 3012 boni-

411 3056 524 3103 tate
565 3057 621 3103 et
664 3048 930 3118 sapientia
967 3058 1228 3117 praestare
1260 3048 1421 3111 Filio.
1456 3047 1598 3105 idem
1628 3064 1848 3118 quoque
1874 3051 1986 3104 sci-

2087 1946 2466 2018 ὑπερῶξὰζειν
2505 1949 2595 2002 τὸν
2643 1947 2791 2011 Υἰὺν,
2848 1948 3062 2002 πάντων
3107 1948 3204 2018 μὲν
3248 1946 3357 2000 τῶν
3415 1947 3658 2018 γενητῶν

2085 2041 2392 2112 ὑπερέχειν,
2415 2039 2476 2093 οὑ
2513 2041 2816 2111 συγκρίσει,
2861 2039 2979 2092 ἀλλ’
3025 2039 3435 2113 ὑπερϐαλλούσῃ
3484 2039 3657 2112 ὑπερ-

2095 2133 2217 2202 οχῇ,
2244 2132 2423 2202 φαμὲν
2461 2131 2551 2185 τὸν
2581 2133 2830 2204 Σωτῆρα,
2881 2132 2976 2185 καὶ
3021 2132 3081 2186 τὺ
3127 2131 3349 2204 Πνεῦμα
3379 2132 3440 2185 τὸ
3478 2128 3655 2202 ἅγιον,

2090 2223 2491 2295 ὑπερεχόμενον
2550 2225 2827 2290 τοσοῦτον,
2858 2226 2892 2296 ἢ
2929 2224 3021 2278 καὶ
3064 2224 3220 2278 πλέον
3263 2224 3370 2279 ἀπὸ
3414 2223 3506 2277 τοῦ
3551 2223 3662 2279 Πομ

2085 2313 2233 2384 τρὸς,
2266 2314 2376 2384 ὅσῳ
2404 2314 2659 2385 ὑπερέχει
2685 2313 2845 2377 αὑτὸς
2887 2314 2980 2368 καὶ
3008 2313 3068 2368 τὸ
3096 2313 3249 2383 ἅγιον
3279 2312 3504 2384 Πνεῦμα
3547 2312 3657 2368 τῶν

2084 2402 2308 2470 λοιπῶν,
2347 2405 2408 2457 οὑ
2450 2407 2558 2459 τῶν
2597 2407 2888 2476 τυχόντων.
2938 2406 3202 2475 Spiritum
3251 2415 3498 2460 sanctum
3545 2404 3658 2460 illic

2089 2495 2230 2550 infra
2259 2496 2473 2552 Patrem
2501 2497 2791 2566 deprimit:
2823 2497 2962 2552 Filio
2980 2513 3107 2552 vero
3127 2497 3414 2566 posthabet
3439 2505 3568 2554 tom.
3591 2513 3654 2564 tt,

2085 2589 2140 2642 in
2165 2586 2350 2653 10am,
2372 2603 2522 2642 num.
2571 2587 2639 2643 6:
2669 2587 2780 2659 (93)
2820 2588 3005 2643 Ταῦτα
3031 2588 3087 2642 δὲ
3115 2588 3342 2642 ἐπιπολὺ
3369 2588 3659 2659 ἐξήτασται

2087 2680 2416 2750 σαφέστερον
2471 2679 2600 2736 ἰδεῖν
2652 2679 3015 2752 βουλομένοις,
3080 2679 3218 2745 πῶς,
3275 2681 3325 2734 εἰ
3379 2679 3558 2734 πάντα
3589 2679 3658 2734 δι’

2083 2771 2247 2826 αὑτοῦ
2274 2773 2511 2841 ἐγένετο,
2539 2773 2633 2827 καὶ
2656 2774 2717 2826 τὸ
2742 2772 2966 2844 Πνεῦμα
2995 2773 3081 2827 διὰ
3109 2773 3200 2827 τοῦ
3233 2773 3391 2842 λόγου
3417 2772 3656 2841 ἐγένετο,

2083 2862 2141 2917 ἓν
2195 2864 2302 2917 τῶν
2357 2865 2574 2918 πάντων
2623 2864 2887 2936 τυγχάνον
2921 2865 3320 2936 ὑποδεεστέρων
3361 2863 3456 2918 τοῦ
3503 2864 3568 2918 δι’
3596 2860 3660 2921 οῦ

2083 2955 2298 3024 ἐγένετο
2324 2955 2632 3027 νοούμενον,
2660 2959 2708 3009 εἰ
2740 2957 2835 3010 καὶ
2856 2954 3028 3020 λέξεις
3049 2957 3190 3020 τινὲς
3215 2959 3487 3028 περισπᾷν
3511 2958 3660 3028 ἡμᾶς

2083 3050 2164 3112 εἰς
2203 3046 2265 3100 τὸ
2294 3049 2534 3101 ἐναντίον
2575 3046 2842 3102 δοκοῦσιν.

412 3139 518 3196 scit
560 3141 628 3196 de
676 3141 902 3196 scientia
953 3151 1112 3196 tract.
1173 3141 1264 3206 50,
1314 3138 1369 3195 in
1411 3141 1630 3207 Malm,
1688 3157 1838 3196 num.
1870 3141 1978 3197 55:
2011 3173 2055 3232 ο
2159 3136 2289 3194 VIII.
2344 3139 2509 3194 Laesae
2560 3140 2764 3194 Christi
2809 3141 3106 3210 maiestatis
3161 3155 3311 3195 reum
3368 3138 3658 3212 Origenem

417 3247 441 3283 ι
473 3231 720 3287 Forsitan
752 3243 932 3287 autem
963 3243 1018 3288 et
1049 3234 1192 3303 quod
1225 3233 1302 3286 ait
1329 3233 1540 3288 nescire
1567 3248 1626 3288 se
1667 3235 1806 3287 diem
1851 3246 1983 3287 con-

410 3324 793 3380 summationis
831 3334 886 3379 et
922 3323 1136 3387 horam,
1175 3334 1300 3378 ante
1326 3324 1783 3393 dispensationem
1819 3337 1974 3378 suam

412 3415 547 3470 dixit
583 3416 730 3486 quia,
770 3415 939 3469 Nemo
964 3415 1083 3480 scit,
1136 3431 1300 3486 neque
1346 3416 1539 3486 angeli,
1594 3431 1756 3484 neque
1787 3413 1980 3480 Filius,

411 3507 518 3561 nisi
556 3507 700 3561 solus
733 3503 894 3560 Pater
923 3506 989 3560 η.
1024 3505 1153 3561 Post
1183 3507 1640 3576 dispensationem
1676 3516 1854 3560 autem
1879 3507 1978 3560 im.

411 3596 614 3666 pletam
657 3611 996 3665 nequaquam
1018 3598 1120 3652 hoc
1148 3597 1310 3661 dixit,
1342 3607 1627 3665 postquam
1665 3595 1803 3652 Deus
1833 3596 1983 3652 illum

412 3688 841 3757 superexaltauit,
867 3697 912 3740 et
942 3689 1153 3742 donavit
1207 3688 1256 3740 ei
1289 3703 1476 3742 nomen
1527 3689 1666 3753 quod
1705 3699 1781 3742 est
1827 3704 1984 3757 super

412 3795 568 3832 omne
615 3796 805 3832 nomen
858 3780 900 3811 “
945 3797 960 3835 :
1015 3795 1136 3834 nam
1190 3788 1376 3850 postea
1431 3789 1486 3833 et
1535 3779 1704 3834 Filius
1730 3782 1984 3850 cognovit

413 3871 698 3926 scientiam
749 3886 778 3925 a
829 3872 993 3927 Patre
1035 3873 1360 3942 suscipiens,
1398 3873 1561 3927 etiam
1616 3871 1683 3927 de
1731 3873 1815 3926 die
1850 3888 1983 3927 con~

414 3963 792 4019 summationls
817 3973 872 4018 et
897 3963 1053 4029 hora,
1090 3971 1152 4017 ut
1183 3964 1295 4031 jam
1331 3978 1436 4018 non
1468 3963 1643 4018 solum
1682 3963 1840 4017 Pater
1872 3964 1982 4019 sci-

413 4066 500 4111 ret
531 4056 598 4110 de
624 4070 711 4125 ea,
753 4057 846 4110 sed
870 4056 1032 4109 etiam
1072 4055 1265 4110 Filius.
1299 4075 1319 4108 ι
1354 4056 1517 4122 Quasi
1561 4055 1810 4110 Christus
1839 4071 1978 4110 non-

412 4147 517 4203 nisi
546 4159 666 4217 post
698 4158 926 4203 mortem
956 4147 1158 4201 obitam
1193 4149 1555 4217 cognitionem
1592 4148 1730 4200 hanc
1759 4163 1788 4200 a
1821 4147 1983 4203 Patre

414 4239 705 4309 acceperit.
745 4240 816 4292 At
855 4238 1040 4294 sanior
1083 4247 1168 4294 est
1216 4255 1337 4304 quae
1374 4239 1536 4309 paulo
1575 4250 1694 4307 post
1733 4240 1983 4308 sequitur

412 4327 518 4384 loci
548 4329 785 4398 ejusdem
814 4331 1102 4400 expositio,
1132 4341 1360 4385 eatenus
1395 4345 1588 4400 nempe
1623 4331 1811 4385 horam
1838 4331 1981 4386 hanc

494 4465 538 4498 “
559 4468 751 4526 Matth.
779 4486 931 4537 xxrv,
961 4469 1052 4525 56.
1131 4472 1174 4503 “
1196 4470 1392 4542 Philip.
1421 4486 1484 4535 tt,
1513 4472 1560 4541 _9

2088 3233 2300 3302 peragit
2327 3230 2692 3302 Hieronymus
2720 3231 2882 3301 epist.
2927 3233 3018 3298 59,
3045 3233 3114 3284 ad
3138 3231 3303 3295 Avit.,
3347 3247 3464 3301 cap.
3499 3247 3536 3296 ι,
3566 3231 3660 3287 ubi

2087 3322 2210 3377 libri
2250 3323 2408 3391 primi
2442 3321 2583 3391 Περὶ
2611 3322 2813 3393 ἀρχῶν
2835 3323 3026 3378 deliria
3060 3339 3516 3386 commemorans,
3543 3322 3659 3394 (94)

2089 3415 2293 3470 dixisse
2340 3415 2487 3468 illum
2525 3425 2724 3470 notat:
2775 3432 2793 3467 ι
2823 3415 3095 3470 Christum
3154 3415 3440 3470 collatione
3484 3414 3662 3470 Patris

2090 3506 2436 3575 splendorem
2468 3521 2590 3561 esse
2620 3521 2970 3576 perparvum,
3001 3507 3095 3577 qui
3125 3510 3266 3577 apud
3301 3521 3400 3562 nos
3431 3523 3529 3576 pro
3559 3507 3661 3562 im-

2089 3597 2385 3653 becillitate
2441 3609 2624 3652 nostra
2674 3613 2899 3668 magnus
2929 3611 3051 3652 esse
3094 3597 3363 3652 videatur.
3406 3616 3424 3649 s
3458 3597 3662 3654 Deinde

2090 3687 2280 3743 addit:
2321 3687 2436 3760 (95)
2482 3706 2501 3741 ι
2540 3689 2778 3744 Duarum
2813 3691 3142 3755 statuarum,
3182 3689 3404 3759 majoris
3447 3699 3504 3743 et
3537 3704 3662 3758 par-

2088 3779 2265 3846 vulae;
2313 3781 2474 3835 unius
2510 3795 2629 3850 quae
2686 3783 2944 3835 mundum
2987 3781 3229 3850 impleat,
3285 3790 3342 3836 et
3383 3782 3656 3852 magnitu-

2090 3871 2214 3927 dine
2255 3887 2350 3927 sua
2381 3873 2782 3943 quodammodo
2825 3872 3108 3928 invisibilis
3161 3873 3272 3937 sit;
3325 3881 3383 3926 et
3436 3872 3662 3927 alterius

2089 3979 2213 4033 quas
2239 3967 2340 4021 sub
2362 3965 2548 4019 oculos
2573 3967 2756 4030 cadat,
2789 3965 2941 4034 ponit
2970 3964 3278 4034 exemplum
3309 4005 3324 4029 ,
3355 3963 3524 4032 priori
3558 3962 3662 4016 Pa-

2091 4063 2251 4126 trem,
2284 4059 2568 4127 posteriori
2597 4057 2795 4111 Filium
2821 4071 3164 4128 comparans.
3191 4075 3210 4107 ι
3237 4054 3579 4110 Justinianus
3603 4055 3658 4109 in

2088 4146 2320 4218 epistola
2371 4150 2436 4202 ad
2485 4148 2696 4202 Menam
2747 4149 2945 4214 gradus
2993 4149 3044 4202 in
3094 4146 3361 4202 Trinitate
3408 4146 3658 4216 posuisse

2090 4241 2265 4309 ipsum
2295 4240 2412 4303 ait,
2451 4250 2506 4294 et
2533 4239 2748 4294 Patrem
2780 4239 2919 4294 Filio
2943 4237 3201 4307 majorem
3238 4237 3459 4292 Πιιιιίεεε
3491 4255 3505 4290 :
3543 4246 3657 4291 tum

2090 4347 2153 4387 ex
2191 4332 2325 4401 ipsis
2352 4331 2603 4403 Origenis
2637 4331 2820 4387 verbis
2861 4331 3264 4387 accusationem
3313 4343 3472 4385 suam
3503 4344 3657 4386 com-

413 4609 780 4681 dominabitur
799 4610 868 4664 1":
897 4611 1026 4676 Quae
1046 4626 1166 4666 cum
1197 4611 1576 4665 haereticorum
1607 4611 1828 4681 propria
1853 4627 1976 4668 esse
2013 4595 2062 4652 θ
2159 4610 2290 4681 (Μ),
2319 4609 2528 4664 Dixisse
2563 4608 2711 4662 illum
2736 4616 2903 4673 natat,
2927 4605 3197 4663 Christum
3227 4603 3505 4681 co_l_l_a_tione
3539 4601 3655 4681 Ρα-

413 4680 650 4749 nesciret
700 4689 793 4733 aut
841 4682 1226 4744 dissimularet,
1253 4681 1452 4742 Filium
1486 4681 1575 4734 Dei
1611 4680 1750 4749 apud
1784 4695 1975 4736 omnes

411 4748 774 4815 Christianos,
823 4767 842 4801 ι
885 4751 1163 4810 fortiorem
1224 4750 1330 4804 Deo
1401 4748 1686 4817 imperium
1735 4759 1970 4813 tenente.

413 4818 642 4886 eiusque
669 4819 951 4874 Dominum
973 4821 1102 4885 dici,
1138 4835 1202 4874 ac
1233 4821 1408 4874 solum
1429 4821 1530 4874 coli
1561 4839 1580 4871 ι
1614 4822 1969 4886 querebatur.

415 4887 690 4960 Christum
740 4903 894 4960 ergo,
947 4899 1000 4942 ut
1049 4891 1235 4960 exhis
1262 4900 1439 4960 patet,
1477 4906 1580 4943 non
1616 4890 1780 4960 Deum
1815 4900 1974 4960 negat

414 4955 700 5028 Origenes.
732 4955 824 5014 sed
855 4959 1015 5014 Patre
1039 4955 1296 5028 majorem
1331 4955 1498 5016 Deum
1533 4977 1548 5026 ;
1591 4974 1694 5013 nec
1727 4955 1970 5014 Catholi-

412 5041 511 5082 cos
544 5029 762 5092 refellit,
794 5031 888 5084 sed
917 5030 1376 5092 criminationem,
1424 5032 1509 5083 cui
1548 5030 1831 5083 materiam
1877 5031 1974 5083 dc-

413 5097 610 5170 derant
639 5099 1389 5170 haereticorumpommenta,
1419 5116 1448 5153 a
1482 5100 1816 5170 Christianis
1847 5115 1974 5170 pro-

412 5165 608 5235 pulsat.
641 5167 700 5222 D.
726 5167 985 5223 Prudent.
1006 5167 1186 5224 Μαι-ειη
1213 5168 1283 5223 De
1306 5165 1510 5224 diuinit.
1533 5167 1733 5224 Christ.
1771 5165 1864 5223 lib.
1898 5187 1971 5232 tv,

414 5249 538 5304 cap.
571 5237 662 5308 16,
696 5254 842 5308 num.
875 5238 931 5308 5.
966 5237 1098 5293 Vide
1129 5249 1182 5293 ct
1209 5239 1417 5294 Rullum
1466 5239 1676 5308 Defens.
1706 5239 1830 5308 ﬁdei
1868 5239 1973 5292 Νι-

412 5319 574 5394 ςςίιιε
710 5307 829 5394 filii
859 5307 1251 5394 όμοουσίιρ,
1279 5325 1398 5377 cap.
1422 5307 1660 5394 Signum.
1691 5307 1780 5374 12,
1819 5320 1874 5363 et
1903 5309 1976 5362 De

412 5375 843 5447 subordination
876 5375 1029 5441 Filii,
1060 5395 1178 5447 cap.
1202 5375 1266 5442 '2,
1295 5375 1444 5433 num.
1469 5378 1524 5434 6.

487 5445 597 5518 (92)
635 5447 777 5518 Πρὸς
805 5448 895 5501 τὸν
926 5445 1264 5519 βουλόμενον,
1298 5457 1402 5519 etc.
1453 5450 1587 5503 Vide
1618 5449 1974 5519 pattlosupra

413 5513 852 5599 observatiimem
907 5513 958 5572 iit
991 5513 1106 5574 hac
1135 5513 1388 5589 Origenis
1419 5519 1580 5574 verba
1597 5513 1632 5572 ἐ’
1666 5518 1804 5572 Ἀλλ’
1828 5513 1978 5588 ὅμως

413 5597 522 5638 ⁴οων
555 5597 842 5650 τοσουτων,
879 5599 984 5644 etc.
1742 5599 1749 5606 ’

486 5655 834 5729 (95)-Ταῦτα
871 5657 928 5709 δὲ
975 5658 1204 5712 ἐπιπολὺ
1251 5657 1840 5729 ἐξήτασταιηειοεεχ
1870 5656 1973 5710 Pa-

414 5731 556 5797 trum
589 5726 818 5780 aliorum
863 5729 1128 5784 similibus
1177 5726 1357 5782 verbis
1398 5728 1636 5782 ostendit
1668 5727 1808 5783 infra
1856 5729 1972 5797 ipse

418 5793 642 5853 Huetius
669 5812 776 5870 quo
805 5812 968 5854 sensu
998 5801 1113 5855 haec
1146 5800 1319 5870 accipi
1346 5800 1600 5856 debeant.

2084 4673 2180 4735 tris
2213 4673 2537 4748 splendorem
2585 4695 2694 4732 esse
2740 4693 3070 4746 perparuum,
3118 4673 3493 4748 etc.i_Videtur
3539 4673 3658 4729 haec

2083 4744 2392 4805 criminatio
2445 4764 2508 4802 ex
2553 4749 2618 4802 iis
2673 4744 2806 4802 locis
2834 4744 3037 4816 petita,
3078 4747 3166 4799 ubi
3216 4746 3348 4800 dicit
3391 4744 3657 4813 Origenes

2087 4838 2108 4870 ι
2153 4822 2204 4874 in
2235 4820 2393 4873 Patre
2421 4820 2598 4873 nullas
2627 4833 2748 4873 esse
2775 4815 3048 4880 tenebras,
3089 4816 3282 4871 Filium
3310 4829 3458 4868 vero-
3485 4815 3535 4866 in
3576 4823 3656 4865 te-

2082 4891 2269 4944 nebris
2302 4891 2505 4942 lucere.
2539 4907 2556 4939 »
2590 4887 2694 4942 Sed
2728 4902 2834 4956 quo
2866 4902 3026 4942 sensu
3057 4886 3111 4940 id
3147 4885 3348 4956 dixerit
3371 4899 3531 4952 supra
3559 4896 3658 4935 ex-

2079 4961 2350 5028 ponimus,
2391 4974 2541 5028 num.
2572 4958 2627 5019 5,
2682 4955 2891 5012 in’hac
2922 4956 3084 5028 verba
3111 4972 3124 5008 :
3161 4973 3179 5005 ι
3214 4955 3320 5028 Sed
3351 4967 3543 5028 vereor
3576 4961 3659 5005 ta»

2079 5024 2201 5084 inen
2261 5044 2326 5084 ne
2373 5029 2442 5082 de
2488 5027 2780 5082 Platonicae
2832 5027 3092 5080 doctrinae
3145 5024 3451 5088 narthecio,
3497 5040 3516 5073 ι
3544 5030 3654 5076 etc.

2076 5097 2214 5152 Vide
2256 5108 2311 5154 et
2343 5099 2553 5152 Bullum
2604 5097 2820 5166 θείειν.
2875 5095 3001 5165 ﬁdei
3043 5092 3284 5148 Nicwnw
3315 5094 3383 5148 de
3422 5091 3548 5147 Filii
3575 5089 3655 5163 τῷ

2077 5169 2364 5240 ὁμοουσιῳ,
2406 5185 2528 5237 cap.
2564 5166 2621 5227 9.
2651 5184 2800 5220 ltlltll.
2837 5167 2921 5221 I8.

2151 5239 2265 5308 (95)
2316 5230 2923 5308 'Dttaritmrstatuarum,
2971 5236 3200 5308 Amajoris
3267 5230 3652 5308 et___parvula£,

2081 5300 2188 5366 etc.
2248 5300 2447 5362 Exstat
2500 5307 2716 5374 quidem
2772 5300 3077 5373 exeuipluni
3121 5307 3252 5374 illoc
3328 5300 3422 5360 lib.
3484 5316 3500 5354 ι
3575 5300 3656 5355 De

2078 5381 2329 5448 princip.,
2357 5392 2476 5443 cap.
2508 5373 2563 5440 Ξ,
2597 5392 2745 5431 ιιιιιιι.
2777 5376 2830 5430 8.
2865 5376 2970 5448 Sed
3003 5376 3073 5448 de
3117 5373 3491 5448 lttcarnatione
3538 5385 3660 5448 tua-

2081 5441 2338 5502 nifestum
2398 5441 2482 5499 est
2527 5451 2811 5514 Origenem
2873 5445 3042 5512 loqui,
3079 5457 3133 5497 et
3181 5445 3284 5497 hoc
3332 5441 3650 5514 exemplum

2082 5520 2288 5571 idcirco
2329 5510 2665 5576 adbiberefr
2702 5515 2846 5584 quod
2880 5510 3201 5568 exinaniens
3228 5528 3303 5584 se
3329 5510 3523 5584 Filius,
3557 5510 3653 5577 qui

2077 5596 2196 5641 erat
2247 5588 2298 5639 in
2355 5585 2528 5638 forma
2575 5586 2688 5647 Dei,
2719 5580 2841 5651 _per
2899 5584 3069 5650 ipsam
3100 5585 3182 5636 sui
3220 5580 3649 5651 exiuanitionern

2081 5656 2266 5711 studet
2297 5654 2469 5725 nobis
2517 5654 2608 5725 Dei
2657 5647 3042 5725 plenitudinem
3091 5654 3490 5725 demonstrare.

2084 5724 2474 5844 Prttd.1Mat‘an
2524 5715 2854 5799 De__diuinit.
2905 5719 3102 5775 Christi
3129 5719 3235 5794 lib.
3293 5732 3366 5782 tv,
3406 5730 3531 5786 eap.
3563 5715 3653 5779 16,

2084 5809 2230 5844 num.
2303 5833 2318 5844 .

2082 5809 2230 5849 ηυιιι.
2267 5809 2318 5847 1.
