4160 6410
504 359 597 418 751

1761 363 1839 455 Ρ..
1861 359 2172 455 ΒᾼΝΙΕΠΞ
2210 359 2442 419 HUETll

3628 369 3735 424 752

505 475 720 546 probat.
783 473 852 530 Et
886 475 1015 546 quid
1073 474 1312 547 reliquos
1363 490 1791 537 commemorare
1847 481 2064 548 attinet,
2093 487 2142 544 Α
2169 491 2409 536 vatorem
2446 495 2574 551 ergo
2607 480 2980 535 universorum
3009 477 3176 534 Deum
3203 494 3324 535 esse
3353 490 3536 552 negat,
3559 483 3732 541 Deum

501 582 622 620 cum
684 581 782 636 par
833 568 904 622 sit
959 567 1285 638 scriptorum
1351 569 1466 625 fere
1518 573 1759 626 omnium
1815 573 2062 642 querela,

499 667 772 729 quotquot
795 659 848 712 in
882 659 1000 730 ejus
1027 662 1375 716 recensendis
1397 663 1676 718 erroribus
1703 678 1924 732 operam
1959 663 2063 717 ali-

502 765 664 817 quam
700 749 1044 819 posuerunt?
1072 750 1189 806 Non
1229 753 1530 808 minoribus
1565 755 1812 808 doctrina
1841 754 1956 822 ejus
1998 755 2065 810 de

499 841 702 908 Spiritu
755 851 945 896 sancto
991 843 1489 900 insimulationibus
1527 856 1586 900 et
1623 847 1893 902 conviciis
1939 861 2064 917 pro-

498 933 670 986 scissa
697 942 783 988 est
819 949 846 987 a
886 932 1206 1004 Theophilo,
1249 936 1576 1005 Epiphanio,
1620 945 1675 991 et
1699 947 1898 1007 praeter
1929 938 2063 993 alios

499 1039 529 1076 a
566 1022 785 1093 Basilio,
826 1025 918 1096 qui
953 1024 1074 1079 libri
1114 1025 1191 1080 De
1242 1026 1446 1094 Spiritu
1495 1037 1702 1092 sancto,
1730 1044 1850 1098 cap.
1881 1029 1972 1095 29,
2008 1039 2063 1084 et

497 1115 663 1185 epist.
695 1115 784 1183 41,
824 1116 1111 1188 Origenem
1151 1117 1218 1172 de
1265 1118 1468 1186 Spiritu
1518 1129 1708 1174 sancto
1760 1120 1902 1175 male
1945 1135 2062 1176 sen-

497 1208 746 1272 tientem,
788 1208 832 1263 si
864 1209 1080 1278 quando
1125 1220 1276 1265 recte
1321 1211 1533 1265 lorutus
1563 1223 1668 1278 est,
1696 1213 1745 1266 vi
1769 1223 2060 1267 consuetu-

495 1298 640 1355 diuis
673 1308 730 1352 et
765 1299 1075 1355 traditionis
1111 1302 1315 1354 victum
1362 1302 1527 1356 fuisse
1565 1304 1775 1358 scribit.
1802 1303 2056 1372 Ejusdem

493 1389 659 1442 etiam
713 1405 868 1445 noxae
931 1392 1215 1446 arcessivit
1271 1393 1580 1464 Dionysium
1634 1393 2056 1448 Alexandrinum

491 1477 748 1550 Origenis
779 1481 1100 1550 discipulum
1128 1501 1140 1536 :
1169 1483 1305 1538 adeo
1333 1493 1392 1538 ut
1423 1501 1488 1539 ex
1533 1486 1843 1540 Adamantii
1874 1486 2058 1542 schola

493 1571 656 1639 primi
683 1572 922 1625 omnium
960 1572 1219 1628 adversus
1247 1573 1504 1643 Spiritum
1556 1588 1806 1632 sanctum
1839 1593 2054 1634 errores

490 1661 778 1716 videantur
808 1663 1096 1718 exstitisse.
1123 1663 1201 1717 Ad
1237 1667 1464 1720 aliorum
1495 1669 1908 1725 criminationes
1930 1670 2060 1740 adji-

487 1756 567 1810 cit
594 1753 953 1824 Hieronymus
985 1755 1074 1810 lib.
1110 1771 1147 1811 ll
1193 1755 1347 1824 Apol.
1380 1759 1581 1814 advers.
1614 1758 1820 1830 Ruﬁn.,
1853 1775 1971 1830 cap.
1997 1759 2050 1826 5,

2165 573 2409 644 intellige
2437 587 2464 626 a
2492 586 2571 634 se,
2611 584 2704 626 seu
2735 570 3012 626 αὕτόοεον.
3054 570 3186 625 Cum
3218 574 3467 626 eumdem
3514 575 3734 631 univer-

2170 680 2356 720 sorum
2398 664 2564 718 Deum
2597 677 2718 717 esse
2761 666 2976 727 asserit,
3011 661 3178 715 Deum
3217 663 3462 733 intellige
3488 680 3516 718 a
3546 665 3727 734 Patre,

2164 757 2279 812 sive
2313 757 2480 811 Deum
2511 755 2576 808 de
2613 754 2738 807 Deo.
2773 753 2926 807 Facit
2957 753 3120 806 etiam
3155 769 3253 822 pro
3296 753 3550 826 Origene,
3585 760 3727 826 quod

2165 847 2399 902 maxima
2427 845 2670 901 locorum
2702 845 2935 907 illorum,
2967 845 3163 914 quibus
3220 844 3341 899 Filii
3377 848 3721 916 majestatem

2164 939 2455 1004 imminuit,
2491 953 2618 1008 pars
2645 952 2675 992 e
2706 936 3107 990 Commentariis
3138 937 3192 990 in
3215 936 3475 992 Joannem
3501 948 3584 994 est
3612 955 3731 1010 pro-

2167 1029 2328 1096 lecta,
2376 1044 2513 1100 quos
2560 1028 2820 1082 adversus
2872 1025 3276 1081 Marcionistam
3334 1027 3724 1085 l-leracleonem

2160 1123 2475 1191 scripserat.
2521 1120 2576 1174 ld
2629 1128 2805 1174 autem
2855 1126 2974 1173 erat
3027 1128 3187 1173 secta:
3236 1119 3396 1190 hujus
3452 1120 3725 1189 delirium,

2160 1211 2406 1280 opificem
2463 1209 2648 1264 mundi
2702 1208 2870 1262 Deum
2929 1208 3093 1262 alium
3150 1224 3272 1265 esse
3304 1225 3332 1263 a
3375 1211 3485 1266 Deo
3520 1211 3724 1267 Christi

2159 1303 2342 1367 Patre,
2383 1303 2608 1372 ipsoque
2650 1315 2714 1355 ac
2747 1300 2968 1356 Christo
3039 1300 3376 1355 inferiorem.
3428 1301 3544 1368 Quo
3585 1305 3722 1358 taci-

2160 1388 2270 1450 lius‘
2311 1404 2675 1449 commentum
2735 1392 2995 1460 ejusmodi
3053 1392 3366 1463 proﬂigaret
3433 1393 3722 1466 Origenes,

2160 1487 2490 1542 contrariam
2517 1483 2747 1540 astruxit
2773 1484 3117 1545 sententiam,
3147 1484 3501 1554 probavitque
3539 1486 3723 1540 mundi

2159 1572 2407 1642 Opilicem
2469 1571 2633 1625 Deum
2677 1569 2895 1626 Christo
2941 1570 3202 1639 majorem
3234 1587 3353 1627 esse
3389 1589 3452 1627 ac
3479 1576 3723 1641 superio-

2160 1677 2296 1718 rem.
2327 1662 2401 1717 De
2436 1663 2638 1732 Spiritu
2667 1672 2853 1717 sancto
2880 1663 3178 1718 orthodoxa
3213 1680 3334 1718 eum
3376 1667 3575 1720 sentire
3603 1682 3723 1722 cre-

2159 1757 2256 1810 das
2291 1757 2342 1810 In
2381 1755 2652 1809 Prooemio
2699 1756 2959 1811 librorum
3013 1757 3147 1826 Περὶ
3195 1757 3414 1826 ἀρχῶν,
3469 1776 3616 1813 num.
3660 1761 3716 1821 Δ,

492 1845 698 1900 dixisse
732 1845 879 1898 illum
905 1844 1082 1900 Patris
1123 1856 1174 1900 et
1209 1846 1331 1901 Filii
1383 1849 1692 1904 ministrum
1728 1866 1848 1906 esse
1875 1851 2053 1922 Spiri—
2089 1833 2129 1887 Β
2168 1860 2292 1899 cum
2330 1847 2442 1900 ait:
2485 1867 2504 1898 ε
2551 1845 2687 1900 Tum
2725 1848 2921 1902 deinde
2946 1850 3150 1903 honore
3187 1861 3239 1902 et
3269 1850 3528 1919 dignitate
3575 1850 3717 1905 Patri

487 1942 607 1989 tum
638 1945 881 1990 sanctum
921 1954 934 1991 :
987 1946 1044 1990 et
1084 1935 1419 1994 Justinianus
1448 1941 1501 1994 in
1530 1941 1633 1996 line
1673 1942 1913 2011 epistolae
1945 1958 2055 1998 sim

493 2027 561 2081 ad
593 2027 798 2081 Menam
833 2027 1118 2094 Origenem
1155 2029 1230 2082 ait
1280 2028 1477 2084 Filium
1517 2040 1572 2085 et
1619 2033 1880 2102 Spiritum
1928 2049 2054 2088 san-

484 2127 636 2172 etum
680 2117 978 2188 appellasse
1018 2118 1363 2190 λειτουργικὰ
1408 2121 1544 2190 ζῶα,
1600 2141 1618 2174 ι
1657 2124 2046 2181 ministratoris

487 2209 766 2264 animalia.
798 2230 816 2263 ι

564 2300 657 2356 ΙΧ.
700 2300 866 2356 Multa
897 2303 1114 2373 quidem
1147 2313 1336 2358 contra
1364 2304 1478 2359 haec
1518 2304 1572 2358 in
1601 2304 1828 2375 gratiam
1863 2305 2054 2375 Orige-

490 2393 576 2448 nis
613 2393 830 2448 obtendi
861 2402 1112 2462 possunt,
1154 2394 1352 2464 quibus
1385 2394 1742 2448 orthodoxam
1780 2393 1846 2450 de
1876 2391 2040 2452 Verbi

487 2483 752 2552 dignitate
801 2484 1125 2539 sententiam
1169 2483 1307 2538 tueri
1353 2483 1501 2538 visus
1545 2493 1669 2538 est:
1719 2484 1812 2539 sed
1841 2500 1904 2538 ea
1941 2485 2053 2539 fere

484 2589 522 2631 e
555 2575 708 2630 libris
744 2575 1061 2657 deprompta
1105 2591 1226 2646 quae
1271 2575 1522 2630 Ruﬁnum
1571 2576 1922 2646 interpretem
1951 2577 2049 2632 ha-

488 2665 641 2730 bent,
683 2662 1080 2736 propteréaque
1106 2666 1278 2720 dubia:
1301 2675 1428 2720 sunt
1467 2665 1612 2731 ﬁdei,
1643 2677 1697 2721 et
1724 2667 2051 2738 interpolata

487 2759 633 2813 credi
666 2768 916 2829 possunt.
943 2757 1244 2814 Alieremus
1270 2767 1448 2812 tamen
1478 2758 1712 2828 singula,
1742 2774 1809 2814 ne
1831 2774 2049 2814 causam

485 2847 735 2918 Origenis
769 2849 1077 2904 deseruisse
1117 2849 1412 2903 videamur.
1445 2848 1522 2903 Ac
1556 2849 1785 2918 primum
1811 2851 1876 2903 de
1896 2849 2052 2904 Chri-

486 2949 571 2994 sto
621 2940 735 2994 harc
787 2941 1036 3010 leguntur
1093 2941 1237 2995 hom.
1297 2941 1330 2994 4
1401 2941 1456 2994 in
1516 2939 1729 3006 Cenes.,
1783 2956 1930 2994 nunt.
1977 2941 2046 2996 5:

492 3049 514 3084 ε
542 3032 796 3088 Formam
829 3048 1060 3102 namque
1086 3034 1226 3088 servi
1260 3032 1490 3101 accepit,
1517 3041 1572 3086 et
1601 3048 1722 3087 cum
1769 3033 1884 3102 ipse
1915 3033 2051 3088 invi-

483 3123 659 3179 sibilis
703 3127 775 3178 sit
814 3135 1042 3188 natnrae,
1095 3131 1280 3194 utpote
1335 3123 1560 3193 aequalis
1604 3122 1768 3184 Patri.
1801 3125 2042 3178 habitum

475 3223 666 3269 tamen
714 3216 979 3270 visibilem
1024 3216 1258 3285 suscepit
1299 3237 1310 3270 :
1348 3235 1366 3268 ι
1412 3225 1468 3270 ει
1522 3216 1624 3270 ista
1677 3215 1815 3269 libro
1856 3231 1929 3269 vn
1991 3217 2048 3270 in

495 3303 672 3374 Epist.
707 3305 868 3360 Pauli
892 3307 960 3360 ad
996 3306 1174 3372 Rom.,
1204 3323 1354 3362 num.
1385 3307 1439 3373 5,
1461 3322 1581 3377 pag.
1610 3307 1711 3362 599
1738 3327 1750 3360 :
1791 3326 1808 3358 ι
1831 3307 1896 3361 Ει
1930 3307 2049 3362 ideo

477 3411 592 3452 non
632 3399 699 3452 ad
737 3398 985 3465 injuriam
1039 3399 1258 3465 dicitur,
1319 3399 1441 3467 quia
1489 3399 1768 3468 prOphetis
1819 3398 2046 3466 subjecti

484 3496 613 3543 sunt
662 3488 904 3558 spiritus,
946 3489 1039 3542 sed
1073 3489 1138 3541 ad
1176 3490 1673 3557 dispensationem;
1728 3488 1870 3544 sicut
1895 3500 1949 3544 et
1982 3490 2048 3544 il-

484 3579 575 3633 lud
629 3579 835 3633 dictum
890 3581 1185 3648 accipimus
1237 3581 1302 3634 de
1345 3578 1647 3645 Salvatore,
1682 3581 1806 3649 quia
1845 3591 1967 3634 tunc
1997 3591 2046 3634 et

483 3672 597 3738 ipse
625 3669 803 3723 Filius
837 3671 1100 3740 subjectus
1133 3673 1229 3724 erit
1259 3673 1346 3740 qui
1381 3672 1479 3724 sibi
1507 3671 1738 3725 subdidit
1772 3674 1948 3726 omnia
1979 3671 2044 3726 ³⁸.

481 3760 548 3814 Ει
595 3761 688 3816 hit:
755 3763 898 3816 enim
934 3762 1206 3828 subjectus
1251 3780 1354 3817 non
1395 3763 1549 3833 quasi
1579 3763 1802 3817 inferior
1822 3763 2041 3818 dicitur.

472 3851 764 3919 Quomodo
792 3855 933 3908 enim
968 3853 1191 3908 inferior
1219 3855 1324 3909 dici
1354 3864 1552 3924 potest,
1587 3856 1677 3924 qui
1735 3855 1903 3910 Filius
1935 3865 2042 3922 est,

481 3953 535 3996 et
564 3943 745 3998 omnia
777 3952 862 3998 est
886 3960 1005 4012 qua:
1036 3943 1236 3998 Pater?
1270 3945 1462 3999 Omnia
1485 3945 1652 4011 enim,
1701 3946 1899 4014 inquit,
1933 3947 2045 4001 Pa-

481 4046 579 4096 ter,
625 4043 739 4101 tua,
780 4051 896 4089 mea
937 4043 1060 4088 sunt
1110 4035 1172 4088 ’⁷.
1227 4054 1246 4087 ι
1290 4035 1430 4103 Quin
1464 4037 1625 4090 etiam
1677 4037 1796 4092 libr.
1848 4053 1865 4092 ι
1903 4040 2044 4108 Περὶ

473 4125 700 4195 ἀρχῶν,
734 4142 852 4196 cap.
891 4127 945 4192 2,
972 4127 1217 4182 eamdem
1262 4143 1382 4183 esse
1428 4129 1583 4182 docet
1617 4128 1792 4184 Patris
1822 4138 1878 4184 et
1924 4129 2044 4185 Filii

477 4218 804 4286 potentiam,
844 4220 1142 4274 bonitatem
1203 4221 1466 4274 eamdem.
1515 4220 1626 4291 (ti-ti)
1665 4220 1814 4285 Quod
1863 4231 2042 4275 autem

481 4307 824 4364 Servatorem
842 4312 1218 4367 universorum
1235 4326 1356 4366 esse
1377 4311 1544 4365 Deum
1581 4315 1794 4383 negavit
1814 4313 1907 4368 lib.
1946 4328 2044 4366 vm

471 4410 662 4451 contra
696 4399 924 4461 Celsum,
960 4418 1110 4456 num.
1161 4402 1249 4466 14,
1295 4401 1421 4456 huic
1468 4404 1595 4456 illud
1645 4404 1840 4473 apponi
1869 4414 2046 4472 potest

479 4506 511 4544 e
540 4489 1065 4560 Pra'fat.Contment.
1094 4495 1146 4545 in
1169 4493 1354 4557 Joan.,
1376 4510 1527 4546 num.
1566 4495 1649 4558 ll,
1682 4510 1803 4564 pag.
1831 4495 1898 4548 19..
1927 4513 1940 4548 :
1969 4497 2041 4548 Οὐ

480 4583 782 4653 σιωπητέον
819 4584 896 4647 δὲ,
930 4585 1050 4638 οὐδὲ
1079 4584 1169 4637 τὸν
1199 4584 1333 4655 μετὰ
1378 4584 1467 4638 τὸν
1512 4587 1732 4657 Πατέρα
1772 4586 1878 4639 τῶν
1908 4587 2044 4640 ὅλων

477 4673 608 4725 Θεὸν
652 4675 842 4741 Λόγον,
869 4676 1079 4740 οὐδενὸς
1127 4679 1233 4746 γὰρ
1271 4676 1486 4729 ἔλαττον
1525 4678 1728 4745 ἀγα.θοῦ
1764 4679 1856 4730 καὶ
1891 4678 2046 4731 τοῦτο

477 4766 540 4818 τὸ
580 4766 802 4834 ἀγαθόν.
836 4768 966 4822 Cum
993 4770 1137 4822 enim
1165 4769 1347 4821 omnia
1387 4769 1582 4823 habeat
1609 4789 1634 4821 a
1663 4768 1825 4822 Patre
1851 4769 2041 4835 Filius,

477 4870 761 4926 acceptum
790 4859 936 4911 Patri
962 4860 1129 4913 refert
1163 4862 1536 4915 universorum
1574 4876 1698 4914 esse
1745 4859 1904 4913 Deus.
1943 4861 2047 4914 Re-

480 4963 601 5001 rum
638 4949 805 5018 igitur
835 4951 1208 5004 universarum
1263 4953 1400 5006 Deus
1451 4961 1536 5005 est
1588 4952 1746 5005 Pater
1774 4967 1802 5004 a
1830 4967 1921 5016 se;
1959 4951 2048 5002 Fi-

491 5038 596 5093 lius
635 5043 949 5095 earumdem
976 5056 1150 5095 rerum
1179 5042 1317 5096 Deus
1346 5051 1427 5096 est
1460 5057 1489 5094 a
1520 5042 1699 5096 Patre.
1735 5041 1867 5095 Cum
1918 5041 2047 5095 Ser-

551 5245 595 5274 “
621 5244 640 5299 Ι
667 5245 793 5299 Cor.
829 5242 1030 5313 xv,28.
1111 5243 1154 5274 ¹⁷
1179 5244 1336 5299 Joau.
1373 5261 1504 5309 xvu,
1547 5245 1634 5301 10.

553 5379 857 5453 (96)_Quod
907 5392 1081 5434 autem
1115 5379 1483 5453 Servatorem,_
1506 5391 1609 5453 etc.
1657 5379 1810 5453 _Vidc
1857 5397 2040 5449 supra,

479 5449 711 5513 nuiuL7,
735 5453 1170 5504 observationem
1198 5454 1248 5503 in
1281 5453 1420 5502 hunc
1452 5449 1702 5515 Origenis
1732 5463 2040 5503 contextum

480 5535 546 5574 ex
581 5521 672 5572 lih.
699 5534 798 5571 Vlll
838 5533 1018 5573 contra
1051 5519 1185 5574 Cels.
1222 5535 1239 5572 :
1280 5521 1458 5574 Ἔστω
1487 5521 1541 5572 δέ
1567 5537 1715 5582 τινας
1735 5521 1808 5582 ὡς
1832 5523 1907 5585 ἐν,
1939 5532 2044 5573 etc.

555 5590 667 5657 (97)
719 5588 907 5642 Verum
930 5590 1061 5642 levia
1092 5602 1231 5654 sunt,
1264 5601 1316 5641 nt
1365 5592 1496 5650 dixi,
1539 5607 1656 5655 quw
1693 5601 1941 5655 petuntur
1980 5605 2043 5642 ex

476 5660 722 5726 'Operibus
751 5676 780 5710 a
812 5659 1004 5726 Rufino
1032 5659 1385 5727 interpretatis
1415 5661 1733 5724 testimonia,
1768 5672 1868 5714 etc.
1907 5659 2042 5713 Gra-

483 5729 635 5799 viura
681 5727 791 5799 alia
828 5730 1138 5783 testimonia
1195 5730 1430 5796 reperire
1454 5731 1740 5799 .potuisset
1793 5729 2039 5793 Huetius,

476 5800 532 5853 si
559 5797 828 5854 libuisset.
867 5799 1030 5852 Suam
1071 5799 1212 5852 enim
1253 5800 1317 5852 de
1355 5797 1556 5867 Spiritu
1604 5809 1788 5856 sancto
1825 5808 2040 5854 senten-

1715 5245 1758 5276 ¹⁸
1789 5245 1987 5316 Ephes.
2039 5262 2077 5312 t,
2110 5244 2202 5298 21.

2157 1952 2218 1991 ac
2245 1937 2380 1992 Filio
2414 1939 2677 1994 sociatum
2738 1941 3076 1995 tradiderunt
3130 1940 3404 2011 (apostoli)
3455 1942 3717 2011 Spiritum

2156 2040 2419 2084 sanctum.
2455 2050 2474 2082 ι
2509 2030 2620 2101 (97)
2658 2029 2853 2084 Verum
2885 2032 3022 2087 levia
3052 2043 3196 2097 sunt,
3233 2044 3285 2085 ut
3316 2033 3448 2098 dixi,
3480 2048 3602 2101 quae
3625 2047 3721 2102 pe-

2161 2132 2347 2175 tuntur
2379 2137 2446 2175 ex
2487 2123 2743 2191 operibus
2770 2139 2799 2176 a
2835 2123 3030 2178 Rulino
3062 2125 3432 2192 interpretatis
3476 2126 3721 2180 testimo-

2157 2213 2246 2266 nia
2278 2230 2292 2265 :
2323 2215 2592 2283 praecipue
2637 2229 2768 2269 vero
2798 2230 2863 2270 ex
2895 2216 3045 2268 libris
3077 2215 3214 2282 Περὶ
3246 2214 3468 2283 ἀρχῶν,
3510 2216 3563 2268 in
3599 2215 3719 2283 qui-

2164 2307 2268 2358 bus
2317 2322 2534 2360 errores
2587 2307 2730 2360 circa
2779 2303 3102 2361 Trinitatem
3139 2307 3401 2360 admissos
3431 2309 3720 2361 emendare

2155 2405 2376 2451 conatus
2413 2407 2515 2451 est.
2569 2396 2926 2461 Quamobrem
2974 2397 3194 2451 ﬁculnea
3243 2412 3453 2466 quoque
3503 2405 3586 2451 est
3615 2396 3720 2451 loci

2155 2486 2296 2539 illius
2323 2486 2511 2550 tutela,
2549 2501 2579 2540 e
2601 2486 2740 2539 libro
2772 2501 2786 2540 ι
2817 2485 2971 2555 hujus
2993 2485 3203 2553 Operis,
3233 2501 3354 2552 cap.
3374 2485 3426 2544 3,
3462 2498 3608 2537 num.
3638 2481 3670 2535 7
3700 2501 3715 2537 :

2160 2595 2178 2626 ι
2217 2566 2388 2631 Porro
2433 2584 2610 2631 autem
2657 2576 2790 2629 nihil
2837 2577 2888 2629 in
2938 2576 3204 2629 Trinitate
3248 2573 3420 2641 majus
3471 2575 3720 2627 minusve

2154 2669 2434 2722 dicendum
2467 2678 2586 2724 est:
2622 2687 2640 2719 ι
2672 2677 2726 2722 ει
2758 2667 2940 2737 hujus,
2969 2683 2999 2722 e
3019 2667 3140 2721 libr.
3161 2682 3219 2730 ll,
3249 2682 3366 2734 cap.
3396 2664 3452 2730 ἓ,
3481 2666 3672 2721 ιιυιιι.1
3699 2679 3717 2717 :

2156 2759 2322 2828 Origo
2346 2770 2394 2812 et
2431 2761 2546 2827 fons
2588 2758 2742 2822 Filii,
2779 2760 2853 2812 vel
2885 2758 3116 2827 Spiritus
3141 2758 3330 2824 sancti,
3355 2756 3513 2809 Pater
3543 2767 3640 2821 est,
3667 2766 3716 2809 et

2152 2852 2281 2906 nihil
2308 2852 2363 2904 in
2390 2854 2453 2904 iis
2485 2852 2744 2912 anterius,
2773 2851 3089 2919 posteriusve
3130 2850 3350 2918 intelligi
3382 2858 3568 2912 potest.
3609 2843 3718 2900 Nec

2151 2943 2417 3010 gravioris
2452 2943 2635 2996 istlnec
2671 2958 2768 3012 pro
2805 2941 3035 3012 Origene
3062 2944 3312 2995 momenti
3344 2957 3374 2994 e
3405 2942 3493 2995 lib.
3541 2956 3613 2994 vn
3658 2942 3713 2993 in

2152 3035 2323 3104 Epist.
2353 3038 2420 3087 ad
2447 3032 2622 3101 Ilom.,
2663 3049 2809 3086 num.
2852 3035 2938 3098 13,
2969 3048 3087 3102 pag.
3125 3032 3230 3086 612
3259 3051 3271 3085 :
3297 3030 3387 3085 Est
3410 3049 3531 3100 ergo
3562 3031 3716 3086 Chri-

2151 3131 2260 3173 stus
2296 3119 2429 3173 Deus
2454 3136 2610 3187 super
2646 3121 2843 3174 omnia.
2879 3121 3007 3185 Quae
3051 3136 3223 3172 omnia
3244 3121 3269 3173 .9
3291 3119 3395 3172 Illa
3423 3122 3533 3172 sine
3553 3120 3714 3173 dubio

2153 3228 2268 3281 qua:
2301 3222 2346 3264 et
2375 3215 2533 3279 paulo
2565 3223 2684 3265 ante
2705 3212 2954 3275 diximus,
2981 3230 2997 3261 ι
3027 3227 3186 3281 super
3208 3212 3529 3280 principatus
3546 3220 3592 3262 et
3617 3226 3718 3277 po-

2155 3312 2387 3367 testates,
2425 3315 2472 3357 et
2498 3306 2732 3369 virtutes,
2790 3314 2837 3358 et
2872 3321 3021 3358 onme
3075 3321 3263 3358 nomen
3307 3304 3445 3372 quod
3478 3302 3718 3355 nomina-

2154 3405 2241 3448 tur
2271 3411 2371 3448 non
2395 3396 2561 3448 solum
2586 3397 2640 3448 in
2671 3397 2766 3448 hoc
2799 3395 3115 3461 swculo,sed
3140 3396 3368 3448 etiamin
3391 3395 3570 3462 futuro
3600 3392 3706 3445 η.»

2157 3487 2259 3552 Qui
2290 3496 2466 3540 autem
2505 3504 2661 3554 super
2694 3488 2870 3540 omnia
2907 3498 3001 3552 est,
3047 3503 3203 3554 super
3235 3503 3290 3539 se
3329 3486 3581 3538 neminem
3612 3484 3714 3537 ha-

2155 3581 2258 3631 bet.
2315 3575 2439 3631 Non
2476 3581 2612 3631 enim
2643 3587 2756 3647 post
2803 3575 3016 3630 Patrem
3042 3589 3115 3630 est
3143 3579 3271 3645 ipse,
3305 3575 3395 3628 sed
3428 3579 3492 3628 de
3537 3574 3714 3631 Patre.

2155 3669 2271 3726 Hoc
2328 3681 2502 3725 autem
2539 3672 2675 3724 idem
2723 3671 2983 3739 sapientia
3036 3668 3132 3722 Dei
3179 3670 3337 3721 etiam
3399 3668 3463 3720 de
3509 3666 3716 3733 Spiritu

2155 3773 2335 3818 sancto
2361 3764 2583 3833 intelligi
2608 3763 2770 3830 dedit,
2799 3764 2885 3815 ubi
2909 3762 3036 3814 dicit
3060 3776 3080 3815 :
3108 3779 3125 3811 ε
3155 3759 3384 3829 Spiritus
3403 3758 3614 3813 Domini
3633 3773 3718 3810 re-

2153 3855 2306 3924 plevit
2329 3856 2504 3909 orbem
2532 3868 2826 3918 terrarum;
2853 3865 2899 3908 et
2945 3854 3034 3924 qui
3065 3852 3296 3906 continet
3328 3851 3525 3914 omnia,
3553 3849 3719 3903 scien-

2154 3949 2285 4001 tiam
2313 3949 2463 4000 habet
2489 3948 2625 4002 vocis
2651 3947 2714 4000 ¹⁹.
2731 3965 2749 4000 ι

2223 4036 2291 4091 Χ.
2331 4036 2702 4092 Favorabilior
2743 4035 2846 4090 erit
2901 4050 2998 4104 pro
3054 4033 3396 4104 Origenianis
3469 4032 3712 4100 partibus

2153 4129 2505 4198 praescriptio.
2534 4143 2653 4194 qua:
2691 4143 2757 4181 ex
2812 4126 3032 4194 paribus
3083 4126 3134 4178 in
3171 4124 3358 4178 eodem
3397 4131 3719 4191 argumento

2152 4221 2371 4276 Patrum
2444 4221 2671 4274 aliorum
2727 4218 3086 4273 locutionibus
3150 4217 3255 4282 peti
3313 4225 3512 4285 potest.
3572 4214 3720 4268 Inter

2151 4313 2495 4368 Christianos
2549 4312 2744 4381 quippe
2795 4309 3071 4370 doctores,
3129 4308 3219 4375 qui
3272 4316 3396 4360 ante
3445 4305 3718 4359 Nicmnam

2153 4400 2451 4458 ﬂoruerunt
2485 4402 2773 4470 synodum,
2825 4397 2974 4450 nmlti
3019 4397 3086 4450 de
3131 4396 3416 4449 Trinitatis
3461 4395 3721 4464 mysterio

2154 4510 2341 4565 parum
2393 4504 2549 4547 caute
2603 4492 2766 4547 locuti
2814 4501 2959 4545 sunt.
2995 4491 3267 4544 lnsinccra
3295 4499 3444 4540 certe
3478 4486 3577 4539 fuit
3613 4483 3717 4540 Ta-

2155 4587 2310 4651 tiani,
2363 4596 2417 4640 et
2452 4583 2682 4638 Tatiano
2726 4582 3038 4637 vetustioris
3091 4580 3288 4636 Justini
3342 4579 3410 4633 de
3451 4577 3720 4630 Trinitato

2155 4674 2429 4729 doctrina.
2463 4674 2518 4727 in
2560 4673 2807 4728 eamdem
2839 4672 2986 4726 venit
3011 4671 3452 4725 criminationem
3483 4664 3718 4734 pseudo-

2153 4766 2431 4832 Clemens,
2453 4768 2602 4820 venit
2635 4778 2689 4820 et
2714 4764 3006 4833 Teophilus
3057 4762 3454 4815 Antiochenus.
3497 4758 3721 4825 Indigna

2156 4871 2309 4922 vero,
2359 4868 2413 4911 et
2463 4856 2805 4912 intoleranda
2856 4853 3211 4924 profuderunt
3262 4849 3628 4903 Tertullianus
3676 4863 3731 4903 et

2160 4947 2502 5012 Lactantius;
2534 4946 2786 5001 Clemens
2815 4960 3050 5015 quoque,
3084 4942 3366 5013 Dionysius
3406 4950 3461 4994 et
3513 4940 3732 4993 Pierius

2154 5038 2553 5105 Alexandrini;
2607 5037 2808 5106 aliique
2860 5036 3183 5105 complures.
3227 5031 3414 5101 Itaque
3453 5046 3576 5085 cum
3617 5029 3737 5087 Ori-

2279 5245 2323 5276 ¹⁹
2350 5243 2477 5311 Sap.
2507 5259 2543 5307 t,
2576 5241 2629 5296 7.

2157 5381 2289 5434 tiam
2322 5395 2426 5433 non
2462 5379 2696 5432 obscure
2729 5375 2972 5430 declarat
3006 5373 3270 5443 Origenes
3322 5371 3374 5443 in
3423 5369 3542 5425 aliis
3576 5371 3728 5428 libris

2155 5466 2382 5518 quorum
2434 5448 2623 5503 Grmca
2692 5448 2984 5518 etiamnum
3046 5441 3284 5518 exstant.
3336 5441 3482 5518 lianc
3541 5457 3725 5508 supra,

2157 5511 2304 5572 dum.
2334 5522 2391 5581 2,
2423 5518 2772 5588 exposuimus
2795 5517 2894 5588 sub
2923 5515 3082 5588 linem
3107 5511 3503 5588 observationis
3529 5521 3728 5588 nust_r_:e

2154 5589 2204 5640 in
2230 5591 2340 5641 haec
2377 5580 2537 5640 verba
2565 5605 2577 5639 :
2605 5604 2624 5638 ι
2647 5586 3007 5651 Quamobrem
3047 5584 3383 5652 Augustinus
3409 5587 3606 5634 narres.
3634 5580 3723 5640 45.

2148 5662 2215 5710 ad
2278 5657 2727 5723 Quodvultdeum,
2786 5672 2850 5708 ac
2901 5655 3257 5717 Justinianus,
3291 5670 3310 5703 ι
3358 5661 3515 5723 εις.)
3563 5665 3725 5723 quam

2149 5718 2466 5783 videTVide
2520 5718 2740 5795 insuper
2799 5726 3110 5781 testimonia
3153 5737 3272 5793 qua:
3305 5720 3526 5776 adducit
3561 5718 3726 5774 Pam-

2147 5799 2330 5867 philus
2358 5798 2411 5852 in
2446 5797 2700 5868 Apologia
2729 5811 2844 5852 sua.
