  <div class='ocr_page' id='page_1' title='image "/cluster/home/n/w/nwhite01/storage/ocr_20150623/17:no.7/coo.31924054872977/388.png"; bbox 0 0 4160 6410; ppageno 0'>
   <div class='ocr_carea' id='block_1_1' title="bbox 460 406 563 462">
    <p class='ocr_par' dir='ltr' id='par_1_1' title="bbox 460 406 563 462">
     <span class='ocr_line' id='line_1_1' title="bbox 460 406 563 462; baseline 0.049 -5"><span class='ocrx_word' id='word_1_1' title='bbox 460 406 563 462; x_wconf 76' lang='lat'><strong>755</strong></span> 
     </span>
    </p>
   </div>
   <div class='ocr_carea' id='block_1_2' title="bbox 1278 395 2857 480">
    <p class='ocr_par' dir='ltr' id='par_1_2' title="bbox 1278 395 2857 480">
     <span class='ocr_line' id='line_1_2' title="bbox 1278 395 2857 480; baseline 0.002 -17"><span class='ocrx_word' id='word_1_2' title='bbox 1278 406 1851 468; x_wconf 70' lang='lat' dir='ltr'><strong>OlthENIANORUM</strong></span> <span class='ocrx_word' id='word_1_3' title='bbox 1893 413 2022 468; x_wconf 81' lang='lat' dir='ltr'><strong>Lm.</strong></span> <span class='ocrx_word' id='word_1_4' title='bbox 2066 413 2130 479; x_wconf 88' lang='grc' dir='ltr'>ιι,</span> <span class='ocrx_word' id='word_1_5' title='bbox 2172 415 2322 470; x_wconf 77' lang='lat' dir='ltr'><strong>CAP.</strong></span> <span class='ocrx_word' id='word_1_6' title='bbox 2364 415 2430 478; x_wconf 82' lang='grc' dir='ltr'>ιι,</span> <span class='ocrx_word' id='word_1_7' title='bbox 2473 412 2746 480; x_wconf 71' lang='grc' dir='ltr'>υιιΑεετ.</span> <span class='ocrx_word' id='word_1_8' title='bbox 2791 395 2857 466; x_wconf 88' lang='grc' dir='ltr'>ιι.”</span> 
     </span>
    </p>
   </div>
   <div class='ocr_carea' id='block_1_3' title="bbox 3588 414 3702 489">
    <p class='ocr_par' dir='ltr' id='par_1_3' title="bbox 3588 414 3702 489">
     <span class='ocr_line' id='line_1_3' title="bbox 3588 414 3702 489; baseline 0 -22"><span class='ocrx_word' id='word_1_9' title='bbox 3588 414 3702 489; x_wconf 71' lang='grc' dir='ltr'><strong>¹τεςι</strong></span> 
     </span>
    </p>
   </div>
   <div class='ocr_carea' id='block_1_4' title="bbox 459 523 2042 600">
    <p class='ocr_par' dir='ltr' id='par_1_4' title="bbox 459 523 2030 592">
     <span class='ocr_line' id='line_1_4' title="bbox 459 523 2030 592; baseline 0.003 -14"><span class='ocrx_word' id='word_1_10' title='bbox 459 535 649 592; x_wconf 78' lang='lat' dir='ltr'><strong>geriem</strong></span> <span class='ocrx_word' id='word_1_11' title='bbox 683 523 784 576; x_wconf 93' lang='lat' dir='ltr'><strong>hoc</strong></span> <span class='ocrx_word' id='word_1_12' title='bbox 811 531 1128 592; x_wconf 74' lang='lat' dir='ltr'><strong>argumento</strong></span> <span class='ocrx_word' id='word_1_13' title='bbox 1162 533 1342 578; x_wconf 89' lang='lat' dir='ltr'><strong>tuetur</strong></span> <span class='ocrx_word' id='word_1_14' title='bbox 1373 524 1728 581; x_wconf 82' lang='lat' dir='ltr'><strong>Bellarminus</strong></span> <span class='ocrx_word' id='word_1_15' title='bbox 1761 527 1852 582; x_wconf 85' lang='lat' dir='ltr'><strong>lib.</strong></span> <span class='ocrx_word' id='word_1_16' title='bbox 1881 545 1895 582; x_wconf 97' lang='grc' dir='ltr'><strong>ι</strong></span> <span class='ocrx_word' id='word_1_17' title='bbox 1958 527 2030 582; x_wconf 84' lang='lat' dir='ltr'><strong>De</strong></span> 
     </span>
    </p>
   </div>
   <div class='ocr_carea' id='block_1_5' title="bbox 2131 523 3701 600">
    <p class='ocr_par' dir='ltr' id='par_1_5' title="bbox 2134 527 3701 600">
     <span class='ocr_line' id='line_1_5' title="bbox 2134 527 3701 600; baseline -0.001 -18"><span class='ocrx_word' id='word_1_18' title='bbox 2134 547 2262 600; x_wconf 83' lang='grc' dir='ltr'>ματι</span> <span class='ocrx_word' id='word_1_19' title='bbox 2287 545 2298 557; x_wconf 89' lang='grc'><strong>·</strong></span> <span class='ocrx_word' id='word_1_20' title='bbox 2337 531 2400 582; x_wconf 79' lang='grc' dir='ltr'>ἐκ</span> <span class='ocrx_word' id='word_1_21' title='bbox 2429 529 2522 583; x_wconf 74' lang='grc' dir='ltr'>τοῦ</span> <span class='ocrx_word' id='word_1_22' title='bbox 2565 527 2778 598; x_wconf 76' lang='grc' dir='ltr'>Πατρδς</span> <span class='ocrx_word' id='word_1_23' title='bbox 2809 529 2915 600; x_wconf 74' lang='grc' dir='ltr'><strong>γὰρ</strong></span> <span class='ocrx_word' id='word_1_24' title='bbox 2952 529 2981 579; x_wconf 86' lang='grc' dir='ltr'><strong>ὁ</strong></span> <span class='ocrx_word' id='word_1_25' title='bbox 3010 527 3138 591; x_wconf 71' lang='grc' dir='ltr'><strong>ἴῖἰός</strong></span> <span class='ocrx_word' id='word_1_26' title='bbox 3161 545 3174 559; x_wconf 79' lang='grc'><strong><em>⁸</em></strong></span> <span class='ocrx_word' id='word_1_27' title='bbox 3206 528 3306 582; x_wconf 82' lang='grc' dir='ltr'>οὐκ</span> <span class='ocrx_word' id='word_1_28' title='bbox 3337 529 3400 580; x_wconf 82' lang='grc' dir='ltr'><strong>ὲκ</strong></span> <span class='ocrx_word' id='word_1_29' title='bbox 3434 527 3526 580; x_wconf 80' lang='grc' dir='ltr'><strong>τοῦ</strong></span> <span class='ocrx_word' id='word_1_30' title='bbox 3573 527 3701 581; x_wconf 59' lang='lat' dir='ltr'><strong>Tim;</strong></span> 
     </span>
    </p>
   </div>
   <div class='ocr_carea' id='block_1_6' title="bbox 458 613 2028 680">
    <p class='ocr_par' dir='ltr' id='par_1_6' title="bbox 458 613 2028 680">
     <span class='ocr_line' id='line_1_6' title="bbox 458 613 2028 680; baseline 0.003 -14"><span class='ocrx_word' id='word_1_31' title='bbox 458 613 681 678; x_wconf 59' lang='lat' dir='ltr'><strong>Christ,</strong></span> <span class='ocrx_word' id='word_1_32' title='bbox 737 628 855 680; x_wconf 89' lang='lat' dir='ltr'><strong>cap.</strong></span> <span class='ocrx_word' id='word_1_33' title='bbox 919 613 1004 675; x_wconf 74' lang='grc'><strong>10,</strong></span> <span class='ocrx_word' id='word_1_34' title='bbox 1044 613 1185 680; x_wconf 85' lang='lat' dir='ltr'><strong>quod</strong></span> <span class='ocrx_word' id='word_1_35' title='bbox 1237 628 1369 667; x_wconf 84' lang='lat' dir='ltr'><strong>sana</strong></span> <span class='ocrx_word' id='word_1_36' title='bbox 1410 626 1462 668; x_wconf 87' lang='lat' dir='ltr'><strong>et</strong></span> <span class='ocrx_word' id='word_1_37' title='bbox 1525 617 1833 670; x_wconf 80' lang='lat' dir='ltr'><strong>orthodoxa</strong></span> <span class='ocrx_word' id='word_1_38' title='bbox 1868 619 2028 672; x_wconf 78' lang='lat' dir='ltr'><strong>fuerit</strong></span> 
     </span>
    </p>
   </div>
   <div class='ocr_carea' id='block_1_7' title="bbox 459 705 2028 782">
    <p class='ocr_par' dir='ltr' id='par_1_7' title="bbox 459 705 2028 782">
     <span class='ocr_line' id='line_1_7' title="bbox 459 705 2028 782; baseline 0.003 -22"><span class='ocrx_word' id='word_1_39' title='bbox 459 705 808 776; x_wconf 65' lang='lat' dir='ltr'><strong>prteceptoris</strong></span> <span class='ocrx_word' id='word_1_40' title='bbox 833 706 1000 775; x_wconf 80' lang='lat' dir='ltr'><strong>ipsius</strong></span> <span class='ocrx_word' id='word_1_41' title='bbox 1023 705 1342 770; x_wconf 72' lang='lat' dir='ltr'><strong>Clementis,</strong></span> <span class='ocrx_word' id='word_1_42' title='bbox 1374 707 1765 777; x_wconf 84' lang='lat' dir='ltr'><strong>discipulorum</strong></span> <span class='ocrx_word' id='word_1_43' title='bbox 1787 711 2028 782; x_wconf 80' lang='lat' dir='ltr'><strong>Dionysii</strong></span> 
     </span>
    </p>
   </div>
   <div class='ocr_carea' id='block_1_8' title="bbox 455 795 2029 873">
    <p class='ocr_par' dir='ltr' id='par_1_8' title="bbox 455 795 2029 873">
     <span class='ocr_line' id='line_1_8' title="bbox 455 795 2029 873; baseline 0.003 -21"><span class='ocrx_word' id='word_1_44' title='bbox 455 796 827 857; x_wconf 82' lang='lat' dir='ltr'><strong>Alexandrini.</strong></span> <span class='ocrx_word' id='word_1_45' title='bbox 860 806 914 849; x_wconf 87' lang='lat' dir='ltr'><strong>et</strong></span> <span class='ocrx_word' id='word_1_46' title='bbox 944 795 1190 867; x_wconf 83' lang='lat' dir='ltr'><strong>Gregorii</strong></span> <span class='ocrx_word' id='word_1_47' title='bbox 1233 796 1624 871; x_wconf 83' lang='lat' dir='ltr'><strong>Tltaumaturgi</strong></span> <span class='ocrx_word' id='word_1_48' title='bbox 1673 803 1741 856; x_wconf 91' lang='lat' dir='ltr'><strong>de</strong></span> <span class='ocrx_word' id='word_1_49' title='bbox 1771 804 2029 873; x_wconf 85' lang='lat' dir='ltr'><strong>mysterio</strong></span> 
     </span>
    </p>
   </div>
   <div class='ocr_carea' id='block_1_9' title="bbox 457 889 2026 963">
    <p class='ocr_par' dir='ltr' id='par_1_9' title="bbox 457 889 2026 963">
     <span class='ocr_line' id='line_1_9' title="bbox 457 889 2026 963; baseline 0.003 -18"><span class='ocrx_word' id='word_1_50' title='bbox 457 899 660 945; x_wconf 74' lang='lat' dir='ltr'><strong>sancta:</strong></span> <span class='ocrx_word' id='word_1_51' title='bbox 717 889 998 943; x_wconf 83' lang='lat' dir='ltr'><strong>Trinitatis</strong></span> <span class='ocrx_word' id='word_1_52' title='bbox 1053 891 1259 958; x_wconf 83' lang='lat' dir='ltr'><strong>Opinio,</strong></span> <span class='ocrx_word' id='word_1_53' title='bbox 1322 892 1588 946; x_wconf 93' lang='lat' dir='ltr'><strong>credibile</strong></span> <span class='ocrx_word' id='word_1_54' title='bbox 1641 895 1838 963; x_wconf 80' lang='lat' dir='ltr'><strong>quippe</strong></span> <span class='ocrx_word' id='word_1_55' title='bbox 1885 912 2026 960; x_wconf 86' lang='lat' dir='ltr'><strong>esse,</strong></span> 
     </span>
    </p>
   </div>
   <div class='ocr_carea' id='block_1_10' title="bbox 455 979 2027 1051">
    <p class='ocr_par' dir='ltr' id='par_1_10' title="bbox 455 979 2027 1051">
     <span class='ocr_line' id='line_1_10' title="bbox 455 979 2027 1051; baseline 0.006 -19"><span class='ocrx_word' id='word_1_56' title='bbox 455 996 618 1051; x_wconf 90' lang='lat' dir='ltr'><strong>quam</strong></span> <span class='ocrx_word' id='word_1_57' title='bbox 652 997 678 1032; x_wconf 89' lang='lat' dir='ltr'><strong>a</strong></span> <span class='ocrx_word' id='word_1_58' title='bbox 705 979 982 1034; x_wconf 90' lang='lat' dir='ltr'><strong>Clemente</strong></span> <span class='ocrx_word' id='word_1_59' title='bbox 1014 981 1318 1035; x_wconf 91' lang='lat' dir='ltr'><strong>doctrinam</strong></span> <span class='ocrx_word' id='word_1_60' title='bbox 1357 994 1665 1051; x_wconf 87' lang='lat' dir='ltr'><strong>acceperat,</strong></span> <span class='ocrx_word' id='word_1_61' title='bbox 1710 987 1951 1040; x_wconf 83' lang='lat' dir='ltr'><strong>eamdem</strong></span> <span class='ocrx_word' id='word_1_62' title='bbox 1997 1002 2027 1041; x_wconf 90' lang='lat' dir='ltr'><strong>a</strong></span> 
     </span>
    </p>
   </div>
   <div class='ocr_carea' id='block_1_11' title="bbox 457 1071 2028 1145">
    <p class='ocr_par' dir='ltr' id='par_1_11' title="bbox 457 1071 2028 1145">
     <span class='ocr_line' id='line_1_11' title="bbox 457 1071 2028 1145; baseline 0.003 -18"><span class='ocrx_word' id='word_1_63' title='bbox 457 1086 516 1127; x_wconf 84' lang='lat' dir='ltr'><strong>se</strong></span> <span class='ocrx_word' id='word_1_64' title='bbox 539 1071 806 1126; x_wconf 83' lang='lat' dir='ltr'><strong>excultam</strong></span> <span class='ocrx_word' id='word_1_65' title='bbox 837 1071 1122 1140; x_wconf 84' lang='lat' dir='ltr'><strong>discipulis</strong></span> <span class='ocrx_word' id='word_1_66' title='bbox 1157 1073 1270 1127; x_wconf 77' lang='lat' dir='ltr'><strong>Suis</strong></span> <span class='ocrx_word' id='word_1_67' title='bbox 1304 1074 1631 1138; x_wconf 73' lang='lat' dir='ltr'><strong>tradidisse;</strong></span> <span class='ocrx_word' id='word_1_68' title='bbox 1669 1076 1801 1129; x_wconf 85' lang='lat' dir='ltr'><strong>nihil</strong></span> <span class='ocrx_word' id='word_1_69' title='bbox 1849 1077 2028 1145; x_wconf 78' lang='lat' dir='ltr'><strong>profc-</strong></span> 
     </span>
    </p>
   </div>
   <div class='ocr_carea' id='block_1_12' title="bbox 457 1163 2024 1237">
    <p class='ocr_par' dir='ltr' id='par_1_12' title="bbox 457 1163 2024 1237">
     <span class='ocr_line' id='line_1_12' title="bbox 457 1163 2024 1237; baseline 0.001 -19"><span class='ocrx_word' id='word_1_70' title='bbox 457 1173 544 1218; x_wconf 91' lang='lat' dir='ltr'><strong>cto</strong></span> <span class='ocrx_word' id='word_1_71' title='bbox 557 1163 806 1234; x_wconf 76' lang='lat' dir='ltr'><strong>Origcuia</strong></span> <span class='ocrx_word' id='word_1_72' title='bbox 818 1178 896 1216; x_wconf 75' lang='lat' dir='ltr'><strong>na:</strong></span> <span class='ocrx_word' id='word_1_73' title='bbox 908 1179 1084 1217; x_wconf 76' lang='lat' dir='ltr'><strong>causa:</strong></span> <span class='ocrx_word' id='word_1_74' title='bbox 1101 1164 1434 1217; x_wconf 88' lang='lat' dir='ltr'><strong>contrarium</strong></span> <span class='ocrx_word' id='word_1_75' title='bbox 1458 1165 1626 1234; x_wconf 79' lang='lat' dir='ltr'><strong>inagis</strong></span> <span class='ocrx_word' id='word_1_76' title='bbox 1644 1167 1760 1220; x_wconf 83' lang='lat' dir='ltr'><strong>dice</strong></span> <span class='ocrx_word' id='word_1_77' title='bbox 1770 1183 1824 1220; x_wconf 91' lang='lat' dir='ltr'><strong>re</strong></span> <span class='ocrx_word' id='word_1_78' title='bbox 1837 1169 2024 1237; x_wconf 91' lang='lat' dir='ltr'><strong>potuit.</strong></span> 
     </span>
    </p>
   </div>
   <div class='ocr_carea' id='block_1_13' title="bbox 456 1254 2026 1326">
    <p class='ocr_par' dir='ltr' id='par_1_13' title="bbox 456 1254 2026 1326">
     <span class='ocr_line' id='line_1_13' title="bbox 456 1254 2026 1326; baseline 0.003 -17"><span class='ocrx_word' id='word_1_79' title='bbox 456 1254 664 1310; x_wconf 80' lang='lat' dir='ltr'><strong>Nullius</strong></span> <span class='ocrx_word' id='word_1_80' title='bbox 692 1256 834 1307; x_wconf 86' lang='lat' dir='ltr'><strong>enim</strong></span> <span class='ocrx_word' id='word_1_81' title='bbox 861 1270 926 1307; x_wconf 78' lang='lat' dir='ltr'><strong>ex</strong></span> <span class='ocrx_word' id='word_1_82' title='bbox 961 1254 1044 1309; x_wconf 88' lang='lat' dir='ltr'><strong>his</strong></span> <span class='ocrx_word' id='word_1_83' title='bbox 1077 1254 1251 1308; x_wconf 87' lang='lat' dir='ltr'><strong>tribus</strong></span> <span class='ocrx_word' id='word_1_84' title='bbox 1283 1255 1419 1309; x_wconf 80' lang='lat' dir='ltr'><strong>satis</strong></span> <span class='ocrx_word' id='word_1_85' title='bbox 1459 1258 1576 1326; x_wconf 91' lang='lat' dir='ltr'><strong>puri</strong></span> <span class='ocrx_word' id='word_1_86' title='bbox 1611 1255 1911 1312; x_wconf 81' lang='lat' dir='ltr'><strong>fueruntet</strong></span> <span class='ocrx_word' id='word_1_87' title='bbox 1941 1260 2026 1312; x_wconf 89' lang='lat' dir='ltr'><strong>in-</strong></span> 
     </span>
    </p>
   </div>
   <div class='ocr_carea' id='block_1_14' title="bbox 458 1347 2028 1418">
    <p class='ocr_par' dir='ltr' id='par_1_14' title="bbox 458 1347 2028 1418">
     <span class='ocr_line' id='line_1_14' title="bbox 458 1347 2028 1418; baseline 0.001 -15"><span class='ocrx_word' id='word_1_88' title='bbox 458 1348 592 1418; x_wconf 74' lang='lat' dir='ltr'><strong>tegri</strong></span> <span class='ocrx_word' id='word_1_89' title='bbox 628 1347 696 1402; x_wconf 90' lang='lat' dir='ltr'><strong>dc</strong></span> <span class='ocrx_word' id='word_1_90' title='bbox 736 1347 1004 1402; x_wconf 85' lang='lat' dir='ltr'><strong>Trinitate</strong></span> <span class='ocrx_word' id='word_1_91' title='bbox 1054 1362 1246 1402; x_wconf 89' lang='lat' dir='ltr'><strong>sensus</strong></span> <span class='ocrx_word' id='word_1_92' title='bbox 1280 1365 1294 1400; x_wconf 89' lang='lat'><strong>:</strong></span> <span class='ocrx_word' id='word_1_93' title='bbox 1339 1363 1463 1402; x_wconf 90' lang='lat' dir='ltr'><strong>nam</strong></span> <span class='ocrx_word' id='word_1_94' title='bbox 1513 1359 1564 1402; x_wconf 88' lang='lat' dir='ltr'><strong>et</strong></span> <span class='ocrx_word' id='word_1_95' title='bbox 1598 1349 1714 1402; x_wconf 89' lang='lat' dir='ltr'><strong>Filii</strong></span> <span class='ocrx_word' id='word_1_96' title='bbox 1776 1351 2028 1404; x_wconf 84' lang='lat' dir='ltr'><strong>substan-</strong></span> 
     </span>
    </p>
   </div>
   <div class='ocr_carea' id='block_1_15' title="bbox 459 1439 2027 1506">
    <p class='ocr_par' dir='ltr' id='par_1_15' title="bbox 459 1439 2027 1506">
     <span class='ocr_line' id='line_1_15' title="bbox 459 1439 2027 1506; baseline 0.001 -11"><span class='ocrx_word' id='word_1_97' title='bbox 459 1442 586 1495; x_wconf 81' lang='lat' dir='ltr'><strong>tiam</strong></span> <span class='ocrx_word' id='word_1_98' title='bbox 611 1456 638 1494; x_wconf 88' lang='lat' dir='ltr'><strong>a</strong></span> <span class='ocrx_word' id='word_1_99' title='bbox 667 1439 900 1494; x_wconf 87' lang='lat' dir='ltr'><strong>Paterna</strong></span> <span class='ocrx_word' id='word_1_100' title='bbox 933 1440 1004 1492; x_wconf 90' lang='lat' dir='ltr'><strong>ita</strong></span> <span class='ocrx_word' id='word_1_101' title='bbox 1039 1439 1278 1494; x_wconf 87' lang='lat' dir='ltr'><strong>secernit</strong></span> <span class='ocrx_word' id='word_1_102' title='bbox 1311 1439 1591 1506; x_wconf 85' lang='lat' dir='ltr'><strong>Clemens,</strong></span> <span class='ocrx_word' id='word_1_103' title='bbox 1631 1448 1689 1494; x_wconf 95' lang='lat' dir='ltr'><strong>ut</strong></span> <span class='ocrx_word' id='word_1_104' title='bbox 1722 1441 2027 1496; x_wconf 79' lang='lat' dir='ltr'><strong>interiorem</strong></span> 
     </span>
    </p>
   </div>
   <div class='ocr_carea' id='block_1_16' title="bbox 458 1532 2028 1602">
    <p class='ocr_par' dir='ltr' id='par_1_16' title="bbox 458 1532 2028 1602">
     <span class='ocr_line' id='line_1_16' title="bbox 458 1532 2028 1602; baseline 0.001 -14"><span class='ocrx_word' id='word_1_105' title='bbox 458 1550 582 1588; x_wconf 87' lang='lat' dir='ltr'><strong>eam</strong></span> <span class='ocrx_word' id='word_1_106' title='bbox 613 1541 824 1588; x_wconf 81' lang='lat' dir='ltr'><strong>statuat</strong></span> <span class='ocrx_word' id='word_1_107' title='bbox 850 1552 864 1589; x_wconf 89' lang='lat'><strong>:</strong></span> <span class='ocrx_word' id='word_1_108' title='bbox 901 1532 1190 1602; x_wconf 79' lang='lat' dir='ltr'><strong>Dionysius</strong></span> <span class='ocrx_word' id='word_1_109' title='bbox 1242 1547 1370 1586; x_wconf 90' lang='lat' dir='ltr'><strong>vero</strong></span> <span class='ocrx_word' id='word_1_110' title='bbox 1400 1532 1806 1590; x_wconf 82' lang='lat' dir='ltr'><strong>Alexandrinus</strong></span> <span class='ocrx_word' id='word_1_111' title='bbox 1837 1534 2028 1590; x_wconf 87' lang='lat' dir='ltr'><strong>Filium</strong></span> 
     </span>
    </p>
   </div>
   <div class='ocr_carea' id='block_1_17' title="bbox 456 1623 2029 1695">
    <p class='ocr_par' dir='ltr' id='par_1_17' title="bbox 456 1623 2029 1695">
     <span class='ocr_line' id='line_1_17' title="bbox 456 1623 2029 1695; baseline -0.001 -16"><span class='ocrx_word' id='word_1_112' title='bbox 456 1624 635 1680; x_wconf 85' lang='lat' dir='ltr'><strong>Patris</strong></span> <span class='ocrx_word' id='word_1_113' title='bbox 673 1623 903 1693; x_wconf 78' lang='grc' dir='ltr'>ποίημα,</span> <span class='ocrx_word' id='word_1_114' title='bbox 936 1624 1093 1691; x_wconf 90' lang='lat' dir='ltr'><strong>eique</strong></span> <span class='ocrx_word' id='word_1_115' title='bbox 1124 1623 1437 1677; x_wconf 83' lang='lat' dir='ltr'><strong>dissimilem</strong></span> <span class='ocrx_word' id='word_1_116' title='bbox 1457 1638 1576 1677; x_wconf 90' lang='lat' dir='ltr'><strong>esse</strong></span> <span class='ocrx_word' id='word_1_117' title='bbox 1599 1624 1754 1690; x_wconf 81' lang='lat' dir='ltr'><strong>dixit,</strong></span> <span class='ocrx_word' id='word_1_118' title='bbox 1778 1633 1829 1678; x_wconf 88' lang='lat' dir='ltr'><strong>et</strong></span> <span class='ocrx_word' id='word_1_119' title='bbox 1849 1624 2029 1695; x_wconf 78' lang='grc' dir='ltr'>ἀφῆκε</span> 
     </span>
    </p>
   </div>
   <div class='ocr_carea' id='block_1_18' title="bbox 455 1714 2028 1790">
    <p class='ocr_par' dir='ltr' id='par_1_18' title="bbox 455 1714 2028 1790">
     <span class='ocr_line' id='line_1_18' title="bbox 455 1714 2028 1790; baseline 0.001 -20"><span class='ocrx_word' id='word_1_120' title='bbox 455 1716 639 1790; x_wconf 80' lang='grc' dir='ltr'>φωνὰς</span> <span class='ocrx_word' id='word_1_121' title='bbox 695 1717 893 1787; x_wconf 75' lang='grc' dir='ltr'>ἣκιστα</span> <span class='ocrx_word' id='word_1_122' title='bbox 933 1715 1252 1787; x_wconf 76' lang='grc' dir='ltr'><strong>πρεπούσας</strong></span> <span class='ocrx_word' id='word_1_123' title='bbox 1294 1714 1372 1785; x_wconf 83' lang='grc' dir='ltr'>τῷ</span> <span class='ocrx_word' id='word_1_124' title='bbox 1426 1715 1725 1786; x_wconf 75' lang='grc' dir='ltr'>Πνεύματι,</span> <span class='ocrx_word' id='word_1_125' title='bbox 1783 1735 1801 1768; x_wconf 74' lang='grc' dir='ltr'>ι</span> <span class='ocrx_word' id='word_1_126' title='bbox 1856 1715 2028 1771; x_wconf 85' lang='lat' dir='ltr'><strong>Voces</strong></span> 
     </span>
    </p>
   </div>
   <div class='ocr_carea' id='block_1_19' title="bbox 456 1808 2027 1881">
    <p class='ocr_par' dir='ltr' id='par_1_19' title="bbox 456 1808 2027 1881">
     <span class='ocr_line' id='line_1_19' title="bbox 456 1808 2027 1881; baseline -0.002 -15"><span class='ocrx_word' id='word_1_127' title='bbox 456 1809 681 1881; x_wconf 88' lang='lat' dir='ltr'><strong>Spiritui</strong></span> <span class='ocrx_word' id='word_1_128' title='bbox 715 1825 903 1879; x_wconf 90' lang='lat' dir='ltr'><strong>parum</strong></span> <span class='ocrx_word' id='word_1_129' title='bbox 934 1808 1316 1863; x_wconf 84' lang='lat' dir='ltr'><strong>convenientes</strong></span> <span class='ocrx_word' id='word_1_130' title='bbox 1343 1809 1544 1874; x_wconf 88' lang='lat' dir='ltr'><strong>emisit,</strong></span> <span class='ocrx_word' id='word_1_131' title='bbox 1585 1828 1604 1859; x_wconf 73' lang='grc' dir='ltr'>ι</span> <span class='ocrx_word' id='word_1_132' title='bbox 1654 1809 1832 1879; x_wconf 90' lang='lat' dir='ltr'><strong>inquit</strong></span> <span class='ocrx_word' id='word_1_133' title='bbox 1870 1809 2027 1864; x_wconf 78' lang='lat' dir='ltr'><strong>Basi-</strong></span> 
     </span>
    </p>
   </div>
   <div class='ocr_carea' id='block_1_20' title="bbox 2129 619 3704 692">
    <p class='ocr_par' dir='ltr' id='par_1_20' title="bbox 2129 619 3704 692">
     <span class='ocr_line' id='line_1_20' title="bbox 2129 619 3704 692; baseline 0.001 -20"><span class='ocrx_word' id='word_1_134' title='bbox 2129 621 2158 672; x_wconf 88' lang='grc' dir='ltr'>ὁ</span> <span class='ocrx_word' id='word_1_135' title='bbox 2187 623 2404 692; x_wconf 79' lang='grc' dir='ltr'>Πατήρ·</span> <span class='ocrx_word' id='word_1_136' title='bbox 2440 621 2598 690; x_wconf 77' lang='grc' dir='ltr'>φύσει</span> <span class='ocrx_word' id='word_1_137' title='bbox 2636 623 2694 674; x_wconf 69' lang='grc' dir='ltr'>δὲ</span> <span class='ocrx_word' id='word_1_138' title='bbox 2721 621 2832 685; x_wconf 83' lang='grc' dir='ltr'>ἴσος</span> <span class='ocrx_word' id='word_1_139' title='bbox 2855 637 2869 650; x_wconf 84' lang='lat'><strong><em>°</em></strong></span> <span class='ocrx_word' id='word_1_140' title='bbox 2912 620 3057 690; x_wconf 73' lang='grc' dir='ltr'><strong>Ἐγὼ</strong></span> <span class='ocrx_word' id='word_1_141' title='bbox 3072 619 3200 690; x_wconf 76' lang='grc' dir='ltr'><strong>γὰρ,</strong></span> <span class='ocrx_word' id='word_1_142' title='bbox 3236 619 3389 691; x_wconf 74' lang='grc' dir='ltr'>φησὶ,</span> <span class='ocrx_word' id='word_1_143' title='bbox 3426 619 3704 673; x_wconf 77' lang='grc' dir='ltr'><strong>καὶόηα-</strong></span> 
     </span>
    </p>
   </div>
   <div class='ocr_carea' id='block_1_21' title="bbox 2128 707 3702 780">
    <p class='ocr_par' dir='ltr' id='par_1_21' title="bbox 2128 707 3702 780">
     <span class='ocr_line' id='line_1_21' title="bbox 2128 707 3702 780; baseline -0.004 -15"><span class='ocrx_word' id='word_1_144' title='bbox 2128 711 2239 778; x_wconf 64' lang='lat' dir='ltr'><strong>riu)</strong></span> <span class='ocrx_word' id='word_1_145' title='bbox 2260 711 2326 764; x_wconf 80' lang='grc' dir='ltr'><strong>ἒν</strong></span> <span class='ocrx_word' id='word_1_146' title='bbox 2352 713 2554 780; x_wconf 76' lang='grc' dir='ltr'>ἐσμεν.</span> <span class='ocrx_word' id='word_1_147' title='bbox 2603 711 2758 764; x_wconf 79' lang='grc' dir='ltr'>Οὕτω</span> <span class='ocrx_word' id='word_1_148' title='bbox 2790 711 2881 764; x_wconf 79' lang='grc' dir='ltr'>καὶ</span> <span class='ocrx_word' id='word_1_149' title='bbox 2908 709 2967 762; x_wconf 75' lang='grc' dir='ltr'>τὸ</span> <span class='ocrx_word' id='word_1_150' title='bbox 3001 709 3222 779; x_wconf 75' lang='grc' dir='ltr'>Πνεῦμα</span> <span class='ocrx_word' id='word_1_151' title='bbox 3269 708 3329 760; x_wconf 85' lang='grc' dir='ltr'>τὸ</span> <span class='ocrx_word' id='word_1_152' title='bbox 3359 708 3509 776; x_wconf 78' lang='grc' dir='ltr'>ἅγιον</span> <span class='ocrx_word' id='word_1_153' title='bbox 3550 707 3702 772; x_wconf 74' lang='grc' dir='ltr'>τάξει</span> 
     </span>
    </p>
   </div>
   <div class='ocr_carea' id='block_1_22' title="bbox 2133 795 3706 872">
    <p class='ocr_par' dir='ltr' id='par_1_22' title="bbox 2133 795 3706 872">
     <span class='ocr_line' id='line_1_22' title="bbox 2133 795 3706 872; baseline -0.001 -20"><span class='ocrx_word' id='word_1_154' title='bbox 2133 801 2230 871; x_wconf 78' lang='grc' dir='ltr'><strong>μὲν</strong></span> <span class='ocrx_word' id='word_1_155' title='bbox 2249 801 2498 872; x_wconf 78' lang='grc' dir='ltr'>δεύτερον</span> <span class='ocrx_word' id='word_1_156' title='bbox 2530 800 2623 854; x_wconf 77' lang='grc' dir='ltr'>τοῦ</span> <span class='ocrx_word' id='word_1_157' title='bbox 2650 801 2800 867; x_wconf 84' lang='grc' dir='ltr'>Υἰοῠ,</span> <span class='ocrx_word' id='word_1_158' title='bbox 2831 801 3009 864; x_wconf 75' lang='grc' dir='ltr'>καθὼς</span> <span class='ocrx_word' id='word_1_159' title='bbox 3037 795 3093 853; x_wconf 73' lang='grc' dir='ltr'>ἓν</span> <span class='ocrx_word' id='word_1_160' title='bbox 3118 803 3182 871; x_wconf 81' lang='grc' dir='ltr'>τῇ</span> <span class='ocrx_word' id='word_1_161' title='bbox 3221 797 3706 870; x_wconf 82' lang='grc' dir='ltr'>συναριθμήσειδε-</span> 
     </span>
    </p>
   </div>
   <div class='ocr_carea' id='block_1_23' title="bbox 2129 887 3701 961">
    <p class='ocr_par' dir='ltr' id='par_1_23' title="bbox 2129 887 3701 961">
     <span class='ocr_line' id='line_1_23' title="bbox 2129 887 3701 961; baseline -0.001 -19"><span class='ocrx_word' id='word_1_162' title='bbox 2129 889 2361 960; x_wconf 71' lang='grc' dir='ltr'>δήλωται</span> <span class='ocrx_word' id='word_1_163' title='bbox 2382 906 2394 918; x_wconf 85' lang='lat'>&#39;</span> <span class='ocrx_word' id='word_1_164' title='bbox 2430 890 2517 942; x_wconf 74' lang='grc' dir='ltr'><strong>ναὶ</strong></span> <span class='ocrx_word' id='word_1_165' title='bbox 2545 889 2648 961; x_wconf 77' lang='grc' dir='ltr'><strong>μὴν</strong></span> <span class='ocrx_word' id='word_1_166' title='bbox 2683 890 2776 944; x_wconf 60' lang='grc' dir='ltr'><strong>κα)⁸</strong></span> <span class='ocrx_word' id='word_1_167' title='bbox 2814 889 3080 961; x_wconf 82' lang='grc' dir='ltr'>ἀξιώματι</span> <span class='ocrx_word' id='word_1_168' title='bbox 3101 908 3115 921; x_wconf 82' lang='lat'><strong><em>°</em></strong></span> <span class='ocrx_word' id='word_1_169' title='bbox 3176 888 3398 960; x_wconf 78' lang='grc' dir='ltr'><strong>Πνεῦμα</strong></span> <span class='ocrx_word' id='word_1_170' title='bbox 3426 887 3533 958; x_wconf 80' lang='grc' dir='ltr'><strong>γὰρ</strong></span> <span class='ocrx_word' id='word_1_171' title='bbox 3568 887 3701 942; x_wconf 83' lang='grc' dir='ltr'>Υίοῢ</span> 
     </span>
    </p>
   </div>
   <div class='ocr_carea' id='block_1_24' title="bbox 2131 983 3703 1059">
    <p class='ocr_par' dir='ltr' id='par_1_24' title="bbox 2131 983 3703 1059">
     <span class='ocr_line' id='line_1_24' title="bbox 2131 983 3703 1059; baseline -0.001 -22"><span class='ocrx_word' id='word_1_172' title='bbox 2131 984 2363 1055; x_wconf 73' lang='grc' dir='ltr'>λέγεται,</span> <span class='ocrx_word' id='word_1_173' title='bbox 2401 989 2475 1051; x_wconf 79' lang='grc' dir='ltr'><strong>ὡς</strong></span> <span class='ocrx_word' id='word_1_174' title='bbox 2504 989 2590 1042; x_wconf 77' lang='grc' dir='ltr'>διὰ</span> <span class='ocrx_word' id='word_1_175' title='bbox 2634 990 2726 1042; x_wconf 71' lang='grc' dir='ltr'>τοῦ</span> <span class='ocrx_word' id='word_1_176' title='bbox 2764 988 2892 1041; x_wconf 77' lang='grc' dir='ltr'>Υἱοῦ</span> <span class='ocrx_word' id='word_1_177' title='bbox 2925 985 3342 1059; x_wconf 77' lang='grc' dir='ltr'>χορηγούμενον.</span> <span class='ocrx_word' id='word_1_178' title='bbox 3380 1004 3398 1036; x_wconf 84' lang='grc'><em>‹</em></span> <span class='ocrx_word' id='word_1_179' title='bbox 3435 983 3703 1050; x_wconf 83' lang='lat' dir='ltr'><strong>Quemad-</strong></span> 
     </span>
    </p>
   </div>
   <div class='ocr_carea' id='block_1_25' title="bbox 2132 1073 3699 1145">
    <p class='ocr_par' dir='ltr' id='par_1_25' title="bbox 2132 1073 3699 1145">
     <span class='ocr_line' id='line_1_25' title="bbox 2132 1073 3699 1145; baseline -0.002 -17"><span class='ocrx_word' id='word_1_180' title='bbox 2132 1079 2346 1131; x_wconf 88' lang='lat' dir='ltr'><strong>modum</strong></span> <span class='ocrx_word' id='word_1_181' title='bbox 2383 1078 2550 1133; x_wconf 83' lang='lat' dir='ltr'><strong>Ftlius</strong></span> <span class='ocrx_word' id='word_1_182' title='bbox 2576 1080 2767 1133; x_wconf 81' lang='lat' dir='ltr'><strong>ordine</strong></span> <span class='ocrx_word' id='word_1_183' title='bbox 2796 1079 3010 1145; x_wconf 81' lang='lat' dir='ltr'><strong>quidem</strong></span> <span class='ocrx_word' id='word_1_184' title='bbox 3037 1077 3309 1131; x_wconf 75' lang='lat' dir='ltr'><strong>secundos</strong></span> <span class='ocrx_word' id='word_1_185' title='bbox 3329 1084 3409 1128; x_wconf 89' lang='lat' dir='ltr'><strong>est</strong></span> <span class='ocrx_word' id='word_1_186' title='bbox 3437 1091 3463 1126; x_wconf 92' lang='lat' dir='ltr'><strong>a</strong></span> <span class='ocrx_word' id='word_1_187' title='bbox 3502 1073 3660 1126; x_wconf 86' lang='lat' dir='ltr'><strong>Patre</strong></span> <span class='ocrx_word' id='word_1_188' title='bbox 3684 1089 3699 1125; x_wconf 93' lang='lat'><strong>:</strong></span> 
     </span>
    </p>
   </div>
   <div class='ocr_carea' id='block_1_26' title="bbox 2129 1165 3700 1240">
    <p class='ocr_par' dir='ltr' id='par_1_26' title="bbox 2129 1165 3700 1240">
     <span class='ocr_line' id='line_1_26' title="bbox 2129 1165 3700 1240; baseline -0.003 -18"><span class='ocrx_word' id='word_1_189' title='bbox 2129 1170 2279 1240; x_wconf 90' lang='lat' dir='ltr'><strong>prior</strong></span> <span class='ocrx_word' id='word_1_190' title='bbox 2306 1171 2446 1224; x_wconf 83' lang='lat' dir='ltr'><strong>enim</strong></span> <span class='ocrx_word' id='word_1_191' title='bbox 2473 1171 2692 1240; x_wconf 88' lang='lat' dir='ltr'><strong>ponitur</strong></span> <span class='ocrx_word' id='word_1_192' title='bbox 2729 1169 2910 1233; x_wconf 76' lang='lat' dir='ltr'><strong>Pater,</strong></span> <span class='ocrx_word' id='word_1_193' title='bbox 2941 1187 3060 1222; x_wconf 92' lang='lat' dir='ltr'><strong>cum</strong></span> <span class='ocrx_word' id='word_1_194' title='bbox 3089 1175 3441 1222; x_wconf 84' lang='lat' dir='ltr'><strong>numerantur</strong></span> <span class='ocrx_word' id='word_1_195' title='bbox 3474 1165 3700 1219; x_wconf 87' lang='lat' dir='ltr'><strong>simul...</strong></span> 
     </span>
    </p>
   </div>
   <div class='ocr_carea' id='block_1_27' title="bbox 2130 1256 3704 1329">
    <p class='ocr_par' dir='ltr' id='par_1_27' title="bbox 2130 1256 3704 1329">
     <span class='ocr_line' id='line_1_27' title="bbox 2130 1256 3704 1329; baseline -0.004 -14"><span class='ocrx_word' id='word_1_196' title='bbox 2130 1260 2399 1316; x_wconf 70' lang='lat' dir='ltr'><strong>Praeterea</strong></span> <span class='ocrx_word' id='word_1_197' title='bbox 2435 1264 2705 1316; x_wconf 89' lang='lat' dir='ltr'><strong>secundus</strong></span> <span class='ocrx_word' id='word_1_198' title='bbox 2733 1271 2817 1316; x_wconf 90' lang='lat' dir='ltr'><strong>est</strong></span> <span class='ocrx_word' id='word_1_199' title='bbox 2841 1264 3003 1315; x_wconf 86' lang='lat' dir='ltr'><strong>etiam</strong></span> <span class='ocrx_word' id='word_1_200' title='bbox 3027 1259 3322 1329; x_wconf 84' lang='lat' dir='ltr'><strong>dignitate;</strong></span> <span class='ocrx_word' id='word_1_201' title='bbox 3353 1273 3475 1309; x_wconf 92' lang='lat' dir='ltr'><strong>nam</strong></span> <span class='ocrx_word' id='word_1_202' title='bbox 3499 1272 3524 1308; x_wconf 90' lang='lat' dir='ltr'><strong>a</strong></span> <span class='ocrx_word' id='word_1_203' title='bbox 3544 1256 3704 1309; x_wconf 84' lang='lat' dir='ltr'><strong>Patre</strong></span> 
     </span>
    </p>
   </div>
   <div class='ocr_carea' id='block_1_28' title="bbox 2122 1350 3705 1418">
    <p class='ocr_par' dir='ltr' id='par_1_28' title="bbox 2122 1350 3705 1418">
     <span class='ocr_line' id='line_1_28' title="bbox 2122 1350 3705 1418; baseline -0.001 -15"><span class='ocrx_word' id='word_1_204' title='bbox 2122 1364 2216 1409; x_wconf 82' lang='lat' dir='ltr'><strong>est</strong></span> <span class='ocrx_word' id='word_1_205' title='bbox 2243 1353 2445 1418; x_wconf 85' lang='lat' dir='ltr'><strong>Filius;</strong></span> <span class='ocrx_word' id='word_1_206' title='bbox 2483 1353 2647 1408; x_wconf 87' lang='lat' dir='ltr'><strong>Pater</strong></span> <span class='ocrx_word' id='word_1_207' title='bbox 2676 1370 2780 1408; x_wconf 91' lang='lat' dir='ltr'><strong>non</strong></span> <span class='ocrx_word' id='word_1_208' title='bbox 2814 1363 2896 1406; x_wconf 82' lang='lat' dir='ltr'><strong>est</strong></span> <span class='ocrx_word' id='word_1_209' title='bbox 2923 1369 2950 1406; x_wconf 86' lang='lat' dir='ltr'><strong>a</strong></span> <span class='ocrx_word' id='word_1_210' title='bbox 2985 1350 3154 1406; x_wconf 86' lang='lat' dir='ltr'><strong>Filio:</strong></span> <span class='ocrx_word' id='word_1_211' title='bbox 3197 1363 3391 1404; x_wconf 89' lang='lat' dir='ltr'><strong>natura</strong></span> <span class='ocrx_word' id='word_1_212' title='bbox 3424 1360 3601 1402; x_wconf 89' lang='lat' dir='ltr'><strong>autem</strong></span> <span class='ocrx_word' id='word_1_213' title='bbox 3631 1363 3705 1402; x_wconf 67' lang='grc' dir='ltr'><strong>τε·</strong></span> 
     </span>
    </p>
   </div>
   <div class='ocr_carea' id='block_1_29' title="bbox 2132 1439 3696 1516">
    <p class='ocr_par' dir='ltr' id='par_1_29' title="bbox 2132 1439 3696 1516">
     <span class='ocr_line' id='line_1_29' title="bbox 2132 1439 3696 1516; baseline -0.004 -16"><span class='ocrx_word' id='word_1_214' title='bbox 2132 1446 2312 1516; x_wconf 88' lang='lat' dir='ltr'><strong>qualis</strong></span> <span class='ocrx_word' id='word_1_215' title='bbox 2339 1457 2422 1500; x_wconf 87' lang='lat' dir='ltr'><strong>est</strong></span> <span class='ocrx_word' id='word_1_216' title='bbox 2445 1462 2460 1511; x_wconf 87' lang='lat'><strong>;</strong></span> <span class='ocrx_word' id='word_1_217' title='bbox 2485 1445 2595 1515; x_wconf 85' lang='lat' dir='ltr'><strong>Ego</strong></span> <span class='ocrx_word' id='word_1_218' title='bbox 2612 1447 2770 1510; x_wconf 85' lang='lat' dir='ltr'><strong>enim,</strong></span> <span class='ocrx_word' id='word_1_219' title='bbox 2795 1444 2987 1513; x_wconf 89' lang='lat' dir='ltr'><strong>inquit,</strong></span> <span class='ocrx_word' id='word_1_220' title='bbox 3013 1453 3061 1496; x_wconf 84' lang='lat' dir='ltr'><strong>et</strong></span> <span class='ocrx_word' id='word_1_221' title='bbox 3085 1439 3245 1495; x_wconf 76' lang='lat' dir='ltr'><strong>Pater</strong></span> <span class='ocrx_word' id='word_1_222' title='bbox 3259 1457 3417 1493; x_wconf 82' lang='lat' dir='ltr'><strong>unum</strong></span> <span class='ocrx_word' id='word_1_223' title='bbox 3436 1457 3615 1494; x_wconf 74' lang='lat' dir='ltr'><strong>sumus</strong></span> <span class='ocrx_word' id='word_1_224' title='bbox 3631 1440 3696 1494; x_wconf 81' lang='lat'><strong>“.</strong></span> 
     </span>
    </p>
   </div>
   <div class='ocr_carea' id='block_1_30' title="bbox 2131 1534 3706 1608">
    <p class='ocr_par' dir='ltr' id='par_1_30' title="bbox 2131 1534 3706 1608">
     <span class='ocr_line' id='line_1_30' title="bbox 2131 1534 3706 1608; baseline -0.004 -15"><span class='ocrx_word' id='word_1_225' title='bbox 2131 1539 2206 1593; x_wconf 86' lang='lat' dir='ltr'><strong>Ita</strong></span> <span class='ocrx_word' id='word_1_226' title='bbox 2243 1548 2295 1594; x_wconf 92' lang='lat' dir='ltr'><strong>et</strong></span> <span class='ocrx_word' id='word_1_227' title='bbox 2318 1537 2553 1608; x_wconf 90' lang='lat' dir='ltr'><strong>Spiritus</strong></span> <span class='ocrx_word' id='word_1_228' title='bbox 2591 1547 2812 1593; x_wconf 89' lang='lat' dir='ltr'><strong>sanctus</strong></span> <span class='ocrx_word' id='word_1_229' title='bbox 2851 1537 3042 1590; x_wconf 89' lang='lat' dir='ltr'><strong>ordine</strong></span> <span class='ocrx_word' id='word_1_230' title='bbox 3071 1535 3288 1605; x_wconf 87' lang='lat' dir='ltr'><strong>quidem</strong></span> <span class='ocrx_word' id='word_1_231' title='bbox 3325 1534 3593 1588; x_wconf 86' lang='lat' dir='ltr'><strong>secundus</strong></span> <span class='ocrx_word' id='word_1_232' title='bbox 3622 1542 3706 1586; x_wconf 92' lang='lat' dir='ltr'><strong>cst</strong></span> 
     </span>
    </p>
   </div>
   <div class='ocr_carea' id='block_1_31' title="bbox 2131 1625 3707 1699">
    <p class='ocr_par' dir='ltr' id='par_1_31' title="bbox 2131 1625 3707 1699">
     <span class='ocr_line' id='line_1_31' title="bbox 2131 1625 3707 1699; baseline -0.004 -15"><span class='ocrx_word' id='word_1_233' title='bbox 2131 1645 2162 1684; x_wconf 86' lang='lat' dir='ltr'><strong>a</strong></span> <span class='ocrx_word' id='word_1_234' title='bbox 2201 1630 2359 1692; x_wconf 88' lang='lat' dir='ltr'><strong>Filio,</strong></span> <span class='ocrx_word' id='word_1_235' title='bbox 2390 1630 2852 1699; x_wconf 83' lang='lat' dir='ltr'><strong>quemadmodum</strong></span> <span class='ocrx_word' id='word_1_236' title='bbox 2881 1630 3313 1683; x_wconf 89' lang='lat' dir='ltr'><strong>demonstratum</strong></span> <span class='ocrx_word' id='word_1_237' title='bbox 3347 1637 3448 1691; x_wconf 86' lang='lat' dir='ltr'><strong>est,</strong></span> <span class='ocrx_word' id='word_1_238' title='bbox 3473 1642 3592 1679; x_wconf 92' lang='lat' dir='ltr'><strong>cum</strong></span> <span class='ocrx_word' id='word_1_239' title='bbox 3631 1625 3707 1678; x_wconf 89' lang='lat' dir='ltr'><strong>si-</strong></span> 
     </span>
    </p>
   </div>
   <div class='ocr_carea' id='block_1_32' title="bbox 2133 1719 3707 1790">
    <p class='ocr_par' dir='ltr' id='par_1_32' title="bbox 2133 1719 3707 1790">
     <span class='ocr_line' id='line_1_32' title="bbox 2133 1719 3707 1790; baseline -0.001 -14"><span class='ocrx_word' id='word_1_240' title='bbox 2133 1724 2241 1776; x_wconf 93' lang='lat' dir='ltr'><strong>mul</strong></span> <span class='ocrx_word' id='word_1_241' title='bbox 2297 1733 2728 1778; x_wconf 86' lang='lat' dir='ltr'><strong>numerarentur</strong></span> <span class='ocrx_word' id='word_1_242' title='bbox 2765 1740 2776 1775; x_wconf 91' lang='lat'><strong>:</strong></span> <span class='ocrx_word' id='word_1_243' title='bbox 2816 1732 2966 1776; x_wconf 86' lang='lat' dir='ltr'><strong>certe</strong></span> <span class='ocrx_word' id='word_1_244' title='bbox 3007 1731 3062 1774; x_wconf 92' lang='lat' dir='ltr'><strong>et</strong></span> <span class='ocrx_word' id='word_1_245' title='bbox 3133 1720 3430 1790; x_wconf 80' lang='lat' dir='ltr'><strong>dignitate;</strong></span> <span class='ocrx_word' id='word_1_246' title='bbox 3473 1719 3707 1788; x_wconf 87' lang='lat' dir='ltr'><strong>Spiritus</strong></span> 
     </span>
    </p>
   </div>
   <div class='ocr_carea' id='block_1_33' title="bbox 2133 1810 3708 1883">
    <p class='ocr_par' dir='ltr' id='par_1_33' title="bbox 2133 1810 3708 1883">
     <span class='ocr_line' id='line_1_33' title="bbox 2133 1810 3708 1883; baseline -0.004 -12"><span class='ocrx_word' id='word_1_247' title='bbox 2133 1817 2276 1871; x_wconf 89' lang='lat' dir='ltr'><strong>enim</strong></span> <span class='ocrx_word' id='word_1_248' title='bbox 2308 1815 2428 1870; x_wconf 84' lang='lat' dir='ltr'><strong>Filii</strong></span> <span class='ocrx_word' id='word_1_249' title='bbox 2459 1815 2684 1876; x_wconf 88' lang='lat' dir='ltr'><strong>dicitur,</strong></span> <span class='ocrx_word' id='word_1_250' title='bbox 2722 1823 2909 1883; x_wconf 88' lang='lat' dir='ltr'><strong>utpote</strong></span> <span class='ocrx_word' id='word_1_251' title='bbox 2966 1829 3062 1882; x_wconf 83' lang='lat' dir='ltr'><strong>per</strong></span> <span class='ocrx_word' id='word_1_252' title='bbox 3096 1811 3292 1865; x_wconf 88' lang='lat' dir='ltr'><strong>Filium</strong></span> <span class='ocrx_word' id='word_1_253' title='bbox 3327 1810 3708 1866; x_wconf 87' lang='lat' dir='ltr'><strong>subministra-</strong></span> 
     </span>
    </p>
   </div>
   <div class='ocr_carea' id='block_1_34' title="bbox 453 1894 3706 1974">
    <p class='ocr_par' dir='ltr' id='par_1_34' title="bbox 453 1894 3706 1974">
     <span class='ocr_line' id='line_1_34' title="bbox 453 1894 3706 1974; baseline -0.001 -17"><span class='ocrx_word' id='word_1_254' title='bbox 453 1902 561 1957; x_wconf 88' lang='lat' dir='ltr'><strong>lius</strong></span> <span class='ocrx_word' id='word_1_255' title='bbox 585 1901 744 1971; x_wconf 81' lang='lat' dir='ltr'><strong>epist.</strong></span> <span class='ocrx_word' id='word_1_256' title='bbox 773 1901 864 1968; x_wconf 74' lang='grc'><strong>41,</strong></span> <span class='ocrx_word' id='word_1_257' title='bbox 895 1916 923 1953; x_wconf 90' lang='lat' dir='ltr'><strong>a</strong></span> <span class='ocrx_word' id='word_1_258' title='bbox 964 1915 1071 1970; x_wconf 92' lang='lat' dir='ltr'><strong>quo</strong></span> <span class='ocrx_word' id='word_1_259' title='bbox 1099 1901 1419 1971; x_wconf 84' lang='lat' dir='ltr'><strong>castigatus,</strong></span> <span class='ocrx_word' id='word_1_260' title='bbox 1453 1915 1665 1970; x_wconf 88' lang='lat' dir='ltr'><strong>quoque</strong></span> <span class='ocrx_word' id='word_1_261' title='bbox 1705 1900 2018 1971; x_wconf 76' lang='lat' dir='ltr'><strong>estGrcgo-</strong></span> <span class='ocrx_word' id='word_1_262' title='bbox 2059 1894 2102 1948; x_wconf 81' lang='grc' dir='ltr'><strong>Β</strong></span> <span class='ocrx_word' id='word_1_263' title='bbox 2136 1918 2244 1962; x_wconf 91' lang='lat' dir='ltr'><strong>tus.</strong></span> <span class='ocrx_word' id='word_1_264' title='bbox 2283 1926 2303 1960; x_wconf 71' lang='grc' dir='ltr'>ι</span> <span class='ocrx_word' id='word_1_265' title='bbox 2369 1907 2494 1960; x_wconf 66' lang='grc' dir='ltr'>Ιιίερ</span> <span class='ocrx_word' id='word_1_266' title='bbox 2537 1915 2890 1974; x_wconf 72' lang='lat' dir='ltr'><strong>reprzesentat</strong></span> <span class='ocrx_word' id='word_1_267' title='bbox 2938 1903 3258 1973; x_wconf 79' lang='lat' dir='ltr'><strong>Euthymius</strong></span> <span class='ocrx_word' id='word_1_268' title='bbox 3307 1901 3358 1954; x_wconf 94' lang='lat' dir='ltr'><strong>in</strong></span> <span class='ocrx_word' id='word_1_269' title='bbox 3401 1897 3662 1970; x_wconf 67' lang='lat' dir='ltr'><strong>Panoylia</strong></span> <span class='ocrx_word' id='word_1_270' title='bbox 3689 1941 3706 1967; x_wconf 87' lang='lat'><strong>,</strong></span> 
     </span>
    </p>
   </div>
   <div class='ocr_carea' id='block_1_35' title="bbox 454 1992 2024 2063">
    <p class='ocr_par' dir='ltr' id='par_1_35' title="bbox 454 1992 2024 2063">
     <span class='ocr_line' id='line_1_35' title="bbox 454 1992 2024 2063; baseline -0.004 -11"><span class='ocrx_word' id='word_1_271' title='bbox 454 1997 571 2052; x_wconf 87' lang='lat' dir='ltr'><strong>rius</strong></span> <span class='ocrx_word' id='word_1_272' title='bbox 614 1995 1052 2059; x_wconf 78' lang='lat' dir='ltr'><strong>Thaumaturgus</strong></span> <span class='ocrx_word' id='word_1_273' title='bbox 1105 1995 1246 2063; x_wconf 89' lang='lat' dir='ltr'><strong>quod</strong></span> <span class='ocrx_word' id='word_1_274' title='bbox 1297 1992 1488 2048; x_wconf 88' lang='lat' dir='ltr'><strong>Filium</strong></span> <span class='ocrx_word' id='word_1_275' title='bbox 1541 2003 1729 2060; x_wconf 89' lang='lat' dir='ltr'><strong>aperte</strong></span> <span class='ocrx_word' id='word_1_276' title='bbox 1784 2004 2024 2048; x_wconf 88' lang='lat' dir='ltr'><strong>creatum</strong></span> 
     </span>
    </p>
   </div>
   <div class='ocr_carea' id='block_1_36' title="bbox 457 2085 2026 2160">
    <p class='ocr_par' dir='ltr' id='par_1_36' title="bbox 457 2085 2026 2160">
     <span class='ocr_line' id='line_1_36' title="bbox 457 2085 2026 2160; baseline -0.003 -18"><span class='ocrx_word' id='word_1_277' title='bbox 457 2088 861 2160; x_wconf 77' lang='lat' dir='ltr'><strong>praedicaverit.</strong></span> <span class='ocrx_word' id='word_1_278' title='bbox 886 2085 1039 2140; x_wconf 67' lang='lat' dir='ltr'><strong>Adeo</strong></span> <span class='ocrx_word' id='word_1_279' title='bbox 1073 2096 1130 2139; x_wconf 92' lang='lat' dir='ltr'><strong>ut</strong></span> <span class='ocrx_word' id='word_1_280' title='bbox 1158 2102 1346 2156; x_wconf 89' lang='lat' dir='ltr'><strong>parum</strong></span> <span class='ocrx_word' id='word_1_281' title='bbox 1381 2095 1650 2140; x_wconf 86' lang='lat' dir='ltr'><strong>attentum</strong></span> <span class='ocrx_word' id='word_1_282' title='bbox 1684 2085 1852 2140; x_wconf 79' lang='lat' dir='ltr'><strong>fuisse</strong></span> <span class='ocrx_word' id='word_1_283' title='bbox 1883 2085 2026 2139; x_wconf 80' lang='lat' dir='ltr'><strong>Ana-</strong></span> 
     </span>
    </p>
   </div>
   <div class='ocr_carea' id='block_1_37' title="bbox 456 2177 2024 2248">
    <p class='ocr_par' dir='ltr' id='par_1_37' title="bbox 456 2177 2024 2248">
     <span class='ocr_line' id='line_1_37' title="bbox 456 2177 2024 2248; baseline -0.003 -13"><span class='ocrx_word' id='word_1_284' title='bbox 456 2180 682 2236; x_wconf 85' lang='lat' dir='ltr'><strong>stasium</strong></span> <span class='ocrx_word' id='word_1_285' title='bbox 712 2178 1190 2234; x_wconf 82' lang='lat' dir='ltr'><strong>Bibliothecarium</strong></span> <span class='ocrx_word' id='word_1_286' title='bbox 1226 2179 1519 2248; x_wconf 87' lang='lat' dir='ltr'><strong>putandum</strong></span> <span class='ocrx_word' id='word_1_287' title='bbox 1558 2177 1653 2240; x_wconf 85' lang='lat' dir='ltr'><strong>sit,</strong></span> <span class='ocrx_word' id='word_1_288' title='bbox 1707 2192 1828 2231; x_wconf 91' lang='lat' dir='ltr'><strong>cum</strong></span> <span class='ocrx_word' id='word_1_289' title='bbox 1867 2177 1944 2230; x_wconf 88' lang='lat' dir='ltr'><strong>ait</strong></span> <span class='ocrx_word' id='word_1_290' title='bbox 1973 2177 2024 2230; x_wconf 90' lang='lat' dir='ltr'><strong>in</strong></span> 
     </span>
    </p>
   </div>
   <div class='ocr_carea' id='block_1_38' title="bbox 461 2269 2014 2340">
    <p class='ocr_par' dir='ltr' id='par_1_38' title="bbox 461 2269 2014 2340">
     <span class='ocr_line' id='line_1_38' title="bbox 461 2269 2014 2340; baseline -0.003 -14"><span class='ocrx_word' id='word_1_291' title='bbox 461 2271 723 2335; x_wconf 75' lang='lat' dir='ltr'><strong>Historia,</strong></span> <span class='ocrx_word' id='word_1_292' title='bbox 756 2273 821 2326; x_wconf 85' lang='lat' dir='ltr'><strong>ad</strong></span> <span class='ocrx_word' id='word_1_293' title='bbox 851 2288 940 2325; x_wconf 87' lang='lat' dir='ltr'><strong>an.</strong></span> <span class='ocrx_word' id='word_1_294' title='bbox 969 2271 1168 2327; x_wconf 85' lang='lat' dir='ltr'><strong>Christi</strong></span> <span class='ocrx_word' id='word_1_295' title='bbox 1196 2271 1324 2338; x_wconf 71' lang='grc'>246,</span> <span class='ocrx_word' id='word_1_296' title='bbox 1354 2271 1539 2326; x_wconf 89' lang='lat' dir='ltr'><strong>laudes</strong></span> <span class='ocrx_word' id='word_1_297' title='bbox 1563 2269 1808 2340; x_wconf 84' lang='lat' dir='ltr'><strong>Gregorii</strong></span> <span class='ocrx_word' id='word_1_298' title='bbox 1835 2269 2014 2324; x_wconf 73' lang='lat' dir='ltr'><strong>Thau-</strong></span> 
     </span>
    </p>
   </div>
   <div class='ocr_carea' id='block_1_39' title="bbox 455 2361 2016 2434">
    <p class='ocr_par' dir='ltr' id='par_1_39' title="bbox 455 2361 2016 2434">
     <span class='ocr_line' id='line_1_39' title="bbox 455 2361 2016 2434; baseline -0.003 -16"><span class='ocrx_word' id='word_1_299' title='bbox 455 2364 686 2434; x_wconf 80' lang='lat' dir='ltr'><strong>mamrgi</strong></span> <span class='ocrx_word' id='word_1_300' title='bbox 727 2363 939 2418; x_wconf 85' lang='lat' dir='ltr'><strong>silentio</strong></span> <span class='ocrx_word' id='word_1_301' title='bbox 973 2363 1234 2432; x_wconf 88' lang='lat' dir='ltr'><strong>pressisse</strong></span> <span class='ocrx_word' id='word_1_302' title='bbox 1273 2362 1586 2426; x_wconf 88' lang='lat' dir='ltr'><strong>Eusebium,</strong></span> <span class='ocrx_word' id='word_1_303' title='bbox 1615 2363 1759 2430; x_wconf 92' lang='lat' dir='ltr'><strong>quod</strong></span> <span class='ocrx_word' id='word_1_304' title='bbox 1787 2362 1855 2416; x_wconf 92' lang='lat' dir='ltr'><strong>ab</strong></span> <span class='ocrx_word' id='word_1_305' title='bbox 1889 2361 2016 2416; x_wconf 89' lang='lat' dir='ltr'><strong>Ori-</strong></span> 
     </span>
    </p>
   </div>
   <div class='ocr_carea' id='block_1_40' title="bbox 455 2453 2020 2526">
    <p class='ocr_par' dir='ltr' id='par_1_40' title="bbox 455 2453 2020 2526">
     <span class='ocr_line' id='line_1_40' title="bbox 455 2453 2020 2526; baseline -0.003 -17"><span class='ocrx_word' id='word_1_306' title='bbox 455 2456 610 2526; x_wconf 78' lang='lat' dir='ltr'><strong>genis</strong></span> <span class='ocrx_word' id='word_1_307' title='bbox 637 2467 692 2510; x_wconf 87' lang='lat' dir='ltr'><strong>et</strong></span> <span class='ocrx_word' id='word_1_308' title='bbox 720 2455 829 2510; x_wconf 81' lang='lat' dir='ltr'><strong>Arii</strong></span> <span class='ocrx_word' id='word_1_309' title='bbox 874 2454 1249 2509; x_wconf 87' lang='lat' dir='ltr'><strong>deliramentis</strong></span> <span class='ocrx_word' id='word_1_310' title='bbox 1294 2469 1518 2523; x_wconf 90' lang='lat' dir='ltr'><strong>prorsus</strong></span> <span class='ocrx_word' id='word_1_311' title='bbox 1565 2453 1730 2508; x_wconf 78' lang='lat' dir='ltr'><strong>fuerit</strong></span> <span class='ocrx_word' id='word_1_312' title='bbox 1777 2453 2020 2507; x_wconf 91' lang='lat' dir='ltr'><strong>alienus:</strong></span> 
     </span>
    </p>
   </div>
   <div class='ocr_carea' id='block_1_41' title="bbox 452 2547 2024 2608">
    <p class='ocr_par' dir='ltr' id='par_1_41' title="bbox 452 2547 2024 2608">
     <span class='ocr_line' id='line_1_41' title="bbox 452 2547 2024 2608; baseline 0 -6"><span class='ocrx_word' id='word_1_313' title='bbox 452 2561 576 2603; x_wconf 91' lang='lat' dir='ltr'><strong>cum</strong></span> <span class='ocrx_word' id='word_1_314' title='bbox 612 2557 666 2600; x_wconf 81' lang='lat' dir='ltr'><strong>et</strong></span> <span class='ocrx_word' id='word_1_315' title='bbox 696 2549 808 2602; x_wconf 84' lang='lat' dir='ltr'><strong>ha-c</strong></span> <span class='ocrx_word' id='word_1_316' title='bbox 838 2547 1190 2601; x_wconf 78' lang='lat' dir='ltr'><strong>deliramenta</strong></span> <span class='ocrx_word' id='word_1_317' title='bbox 1220 2549 1291 2603; x_wconf 90' lang='lat' dir='ltr'><strong>sit</strong></span> <span class='ocrx_word' id='word_1_318' title='bbox 1318 2557 1578 2608; x_wconf 86' lang='lat' dir='ltr'><strong>sectatus.</strong></span> <span class='ocrx_word' id='word_1_319' title='bbox 1623 2561 1725 2602; x_wconf 91' lang='lat' dir='ltr'><strong>nec</strong></span> <span class='ocrx_word' id='word_1_320' title='bbox 1770 2547 2024 2602; x_wconf 86' lang='lat' dir='ltr'><strong>laudibus</strong></span> 
     </span>
    </p>
   </div>
   <div class='ocr_carea' id='block_1_42' title="bbox 451 2636 2024 2706">
    <p class='ocr_par' dir='ltr' id='par_1_42' title="bbox 451 2636 2024 2706">
     <span class='ocr_line' id='line_1_42' title="bbox 451 2636 2024 2706; baseline -0.001 -13"><span class='ocrx_word' id='word_1_321' title='bbox 451 2651 574 2693; x_wconf 86' lang='lat' dir='ltr'><strong>cum</strong></span> <span class='ocrx_word' id='word_1_322' title='bbox 614 2638 878 2693; x_wconf 86' lang='lat' dir='ltr'><strong>Eusebius</strong></span> <span class='ocrx_word' id='word_1_323' title='bbox 929 2638 1260 2692; x_wconf 79' lang='lat' dir='ltr'><strong>fraudaverit</strong></span> <span class='ocrx_word' id='word_1_324' title='bbox 1306 2638 1401 2694; x_wconf 89' lang='lat' dir='ltr'><strong>lib.</strong></span> <span class='ocrx_word' id='word_1_325' title='bbox 1438 2654 1488 2690; x_wconf 68' lang='lat' dir='ltr'><strong>vn</strong></span> <span class='ocrx_word' id='word_1_326' title='bbox 1553 2636 1722 2703; x_wconf 57' lang='lat' dir='ltr'><strong>Hist,</strong></span> <span class='ocrx_word' id='word_1_327' title='bbox 1778 2653 1900 2706; x_wconf 83' lang='lat' dir='ltr'><strong>cap.</strong></span> <span class='ocrx_word' id='word_1_328' title='bbox 1933 2638 2024 2692; x_wconf 75' lang='lat'><strong>30.</strong></span> 
     </span>
    </p>
   </div>
   <div class='ocr_carea' id='block_1_43' title="bbox 451 2729 2024 2800">
    <p class='ocr_par' dir='ltr' id='par_1_43' title="bbox 451 2729 2024 2800">
     <span class='ocr_line' id='line_1_43' title="bbox 451 2729 2024 2800; baseline 0.001 -17"><span class='ocrx_word' id='word_1_329' title='bbox 451 2729 680 2786; x_wconf 83' lang='lat' dir='ltr'><strong>Constat</strong></span> <span class='ocrx_word' id='word_1_330' title='bbox 721 2731 955 2800; x_wconf 88' lang='lat' dir='ltr'><strong>denique</strong></span> <span class='ocrx_word' id='word_1_331' title='bbox 1006 2744 1073 2784; x_wconf 88' lang='lat' dir='ltr'><strong>ne</strong></span> <span class='ocrx_word' id='word_1_332' title='bbox 1097 2729 1275 2784; x_wconf 88' lang='lat' dir='ltr'><strong>Basilii</strong></span> <span class='ocrx_word' id='word_1_333' title='bbox 1307 2730 1523 2798; x_wconf 88' lang='lat' dir='ltr'><strong>quidem</strong></span> <span class='ocrx_word' id='word_1_334' title='bbox 1560 2731 1911 2800; x_wconf 89' lang='lat' dir='ltr'><strong>temporibus,</strong></span> <span class='ocrx_word' id='word_1_335' title='bbox 1961 2745 2024 2784; x_wconf 86' lang='lat' dir='ltr'><strong>ac</strong></span> 
     </span>
    </p>
   </div>
   <div class='ocr_carea' id='block_1_44' title="bbox 454 2805 2023 2891">
    <p class='ocr_par' dir='ltr' id='par_1_44' title="bbox 454 2805 2023 2891">
     <span class='ocr_line' id='line_1_44' title="bbox 454 2805 2023 2891; baseline -0.001 -15"><span class='ocrx_word' id='word_1_336' title='bbox 454 2821 850 2877; x_wconf 79' lang='lat' dir='ltr'><strong>recentioribus</strong></span> <span class='ocrx_word' id='word_1_337' title='bbox 909 2823 1097 2888; x_wconf 89' lang='lat' dir='ltr'><strong>etiam,</strong></span> <span class='ocrx_word' id='word_1_338' title='bbox 1150 2820 1385 2891; x_wconf 87' lang='lat' dir='ltr'><strong>Spiritus</strong></span> <span class='ocrx_word' id='word_1_339' title='bbox 1448 2821 1622 2875; x_wconf 87' lang='lat' dir='ltr'><strong>sancti</strong></span> <span class='ocrx_word' id='word_1_340' title='bbox 1682 2805 2023 2875; x_wconf 64' lang='lat' dir='ltr'><strong>divinitaienn</strong></span> 
     </span>
    </p>
   </div>
   <div class='ocr_carea' id='block_1_45' title="bbox 453 2911 2027 2982">
    <p class='ocr_par' dir='ltr' id='par_1_45' title="bbox 453 2911 2027 2982">
     <span class='ocr_line' id='line_1_45' title="bbox 453 2911 2027 2982; baseline 0.001 -15"><span class='ocrx_word' id='word_1_341' title='bbox 453 2924 646 2980; x_wconf 88' lang='lat' dir='ltr'><strong>aperte</strong></span> <span class='ocrx_word' id='word_1_342' title='bbox 693 2913 937 2982; x_wconf 88' lang='lat' dir='ltr'><strong>proliteri</strong></span> <span class='ocrx_word' id='word_1_343' title='bbox 990 2929 1152 2970; x_wconf 90' lang='lat' dir='ltr'><strong>ausos</strong></span> <span class='ocrx_word' id='word_1_344' title='bbox 1197 2929 1318 2968; x_wconf 90' lang='lat' dir='ltr'><strong>esse</strong></span> <span class='ocrx_word' id='word_1_345' title='bbox 1371 2913 1703 2980; x_wconf 86' lang='lat' dir='ltr'><strong>Catholicos,</strong></span> <span class='ocrx_word' id='word_1_346' title='bbox 1739 2927 1806 2969; x_wconf 92' lang='lat' dir='ltr'><strong>ne</strong></span> <span class='ocrx_word' id='word_1_347' title='bbox 1847 2911 2027 2968; x_wconf 89' lang='lat' dir='ltr'><strong>Pneu-</strong></span> 
     </span>
    </p>
   </div>
   <div class='ocr_carea' id='block_1_46' title="bbox 451 3004 1732 3074">
    <p class='ocr_par' dir='ltr' id='par_1_46' title="bbox 451 3004 1732 3074">
     <span class='ocr_line' id='line_1_46' title="bbox 451 3004 1732 3074; baseline -0.001 -16"><span class='ocrx_word' id='word_1_348' title='bbox 451 3004 910 3058; x_wconf 74' lang='lat' dir='ltr'><strong>rnatumachorum</strong></span> <span class='ocrx_word' id='word_1_349' title='bbox 951 3004 1303 3073; x_wconf 80' lang='lat' dir='ltr'><strong>petulantiam</strong></span> <span class='ocrx_word' id='word_1_350' title='bbox 1336 3005 1732 3074; x_wconf 78' lang='lat' dir='ltr'><strong>experirentur.</strong></span> 
     </span>
    </p>
   </div>
   <div class='ocr_carea' id='block_1_47' title="bbox 525 3094 2025 3161">
    <p class='ocr_par' dir='ltr' id='par_1_47' title="bbox 525 3094 2025 3161">
     <span class='ocr_line' id='line_1_47' title="bbox 525 3094 2025 3161; baseline 0.001 -11"><span class='ocrx_word' id='word_1_351' title='bbox 525 3094 908 3151; x_wconf 86' lang='lat' dir='ltr'><strong>Verumtamen</strong></span> <span class='ocrx_word' id='word_1_352' title='bbox 934 3109 1057 3150; x_wconf 91' lang='lat' dir='ltr'><strong>cum</strong></span> <span class='ocrx_word' id='word_1_353' title='bbox 1089 3095 1402 3152; x_wconf 78' lang='lat' dir='ltr'><strong>inferiorem</strong></span> <span class='ocrx_word' id='word_1_354' title='bbox 1432 3095 1590 3150; x_wconf 87' lang='lat' dir='ltr'><strong>Patre</strong></span> <span class='ocrx_word' id='word_1_355' title='bbox 1622 3095 1847 3161; x_wconf 91' lang='lat' dir='ltr'><strong>Filium,</strong></span> <span class='ocrx_word' id='word_1_356' title='bbox 1886 3095 2025 3151; x_wconf 81' lang='lat' dir='ltr'><strong>Filio</strong></span> 
     </span>
    </p>
   </div>
   <div class='ocr_carea' id='block_1_48' title="bbox 453 3184 2024 3255">
    <p class='ocr_par' dir='ltr' id='par_1_48' title="bbox 453 3184 2024 3255">
     <span class='ocr_line' id='line_1_48' title="bbox 453 3184 2024 3255; baseline 0.001 -15"><span class='ocrx_word' id='word_1_357' title='bbox 453 3184 715 3255; x_wconf 89' lang='lat' dir='ltr'><strong>Spiritum</strong></span> <span class='ocrx_word' id='word_1_358' title='bbox 750 3197 996 3242; x_wconf 88' lang='lat' dir='ltr'><strong>sanctutn</strong></span> <span class='ocrx_word' id='word_1_359' title='bbox 1037 3187 1138 3242; x_wconf 87' lang='lat' dir='ltr'><strong>visi</strong></span> <span class='ocrx_word' id='word_1_360' title='bbox 1169 3198 1298 3243; x_wconf 86' lang='lat' dir='ltr'><strong>sunt</strong></span> <span class='ocrx_word' id='word_1_361' title='bbox 1332 3189 1407 3242; x_wconf 92' lang='lat' dir='ltr'><strong>illi</strong></span> <span class='ocrx_word' id='word_1_362' title='bbox 1448 3199 1707 3253; x_wconf 87' lang='lat' dir='ltr'><strong>statuere,</strong></span> <span class='ocrx_word' id='word_1_363' title='bbox 1743 3189 1810 3244; x_wconf 90' lang='lat' dir='ltr'><strong>ad</strong></span> <span class='ocrx_word' id='word_1_364' title='bbox 1833 3199 2024 3245; x_wconf 90' lang='lat' dir='ltr'><strong>aucto-</strong></span> 
     </span>
    </p>
   </div>
   <div class='ocr_carea' id='block_1_49' title="bbox 452 3257 2096 3351">
    <p class='ocr_par' dir='ltr' id='par_1_49' title="bbox 452 3257 2096 3351">
     <span class='ocr_line' id='line_1_49' title="bbox 452 3257 2096 3351; baseline -0.001 -17"><span class='ocrx_word' id='word_1_365' title='bbox 452 3281 668 3334; x_wconf 84' lang='lat' dir='ltr'><strong>ritatem</strong></span> <span class='ocrx_word' id='word_1_366' title='bbox 707 3281 985 3351; x_wconf 90' lang='lat' dir='ltr'><strong>principii,</strong></span> <span class='ocrx_word' id='word_1_367' title='bbox 1020 3281 1273 3350; x_wconf 86' lang='lat' dir='ltr'><strong>originis,</strong></span> <span class='ocrx_word' id='word_1_368' title='bbox 1308 3296 1508 3346; x_wconf 65' lang='lat' dir='ltr'><strong>cauete,</strong></span> <span class='ocrx_word' id='word_1_369' title='bbox 1545 3281 1894 3350; x_wconf 88' lang='lat' dir='ltr'><strong>paternitatis</strong></span> <span class='ocrx_word' id='word_1_370' title='bbox 1967 3294 2024 3334; x_wconf 89' lang='lat' dir='ltr'><strong>et</strong></span> <span class='ocrx_word' id='word_1_371' title='bbox 2053 3257 2096 3314; x_wconf 63' lang='grc' dir='ltr'>(δ</span> 
     </span>
    </p>
   </div>
   <div class='ocr_carea' id='block_1_50' title="bbox 449 3369 2026 3442">
    <p class='ocr_par' dir='ltr' id='par_1_50' title="bbox 449 3369 2026 3442">
     <span class='ocr_line' id='line_1_50' title="bbox 449 3369 2026 3442; baseline 0.001 -17"><span class='ocrx_word' id='word_1_372' title='bbox 449 3369 774 3442; x_wconf 80' lang='grc' dir='ltr'>ἀγεννησίας</span> <span class='ocrx_word' id='word_1_373' title='bbox 830 3370 944 3426; x_wconf 77' lang='lat' dir='ltr'><strong>fere</strong></span> <span class='ocrx_word' id='word_1_374' title='bbox 1017 3374 1385 3438; x_wconf 86' lang='lat' dir='ltr'><strong>attenderunt,</strong></span> <span class='ocrx_word' id='word_1_375' title='bbox 1441 3387 1563 3441; x_wconf 68' lang='lat' dir='ltr'><strong>quae</strong></span> <span class='ocrx_word' id='word_1_376' title='bbox 1625 3372 1766 3426; x_wconf 91' lang='lat' dir='ltr'><strong>inter</strong></span> <span class='ocrx_word' id='word_1_377' title='bbox 1824 3380 2026 3426; x_wconf 72' lang='lat' dir='ltr'><strong>sancta:</strong></span> 
     </span>
    </p>
   </div>
   <div class='ocr_carea' id='block_1_51' title="bbox 451 3461 2024 3534">
    <p class='ocr_par' dir='ltr' id='par_1_51' title="bbox 451 3461 2024 3534">
     <span class='ocr_line' id='line_1_51' title="bbox 451 3461 2024 3534; baseline 0.002 -18"><span class='ocrx_word' id='word_1_378' title='bbox 451 3461 738 3519; x_wconf 84' lang='lat' dir='ltr'><strong>Trinitatis</strong></span> <span class='ocrx_word' id='word_1_379' title='bbox 788 3479 1052 3534; x_wconf 88' lang='lat' dir='ltr'><strong>personas</strong></span> <span class='ocrx_word' id='word_1_380' title='bbox 1105 3467 1352 3521; x_wconf 86' lang='lat' dir='ltr'><strong>ordinem</strong></span> <span class='ocrx_word' id='word_1_381' title='bbox 1407 3466 1644 3534; x_wconf 88' lang='lat' dir='ltr'><strong>aliquem</strong></span> <span class='ocrx_word' id='word_1_382' title='bbox 1717 3466 2024 3520; x_wconf 88' lang='lat' dir='ltr'><strong>constituit.</strong></span> 
     </span>
    </p>
   </div>
   <div class='ocr_carea' id='block_1_52' title="bbox 452 3544 2027 3626">
    <p class='ocr_par' dir='ltr' id='par_1_52' title="bbox 452 3544 2027 3626">
     <span class='ocr_line' id='line_1_52' title="bbox 452 3544 2027 3626; baseline 0.001 -18"><span class='ocrx_word' id='word_1_383' title='bbox 452 3553 587 3608; x_wconf 84' lang='lat' dir='ltr'><strong>Nam</strong></span> <span class='ocrx_word' id='word_1_384' title='bbox 620 3555 762 3623; x_wconf 91' lang='lat' dir='ltr'><strong>quod</strong></span> <span class='ocrx_word' id='word_1_385' title='bbox 797 3555 960 3610; x_wconf 83' lang='lat' dir='ltr'><strong>Pater</strong></span> <span class='ocrx_word' id='word_1_386' title='bbox 1000 3544 1324 3626; x_wconf 87' lang='lat' dir='ltr'><strong>principium</strong></span> <span class='ocrx_word' id='word_1_387' title='bbox 1358 3557 1425 3611; x_wconf 93' lang='lat' dir='ltr'><strong>sit</strong></span> <span class='ocrx_word' id='word_1_388' title='bbox 1457 3567 1510 3610; x_wconf 91' lang='lat' dir='ltr'><strong>ct</strong></span> <span class='ocrx_word' id='word_1_389' title='bbox 1539 3557 1693 3625; x_wconf 85' lang='lat' dir='ltr'><strong>origo</strong></span> <span class='ocrx_word' id='word_1_390' title='bbox 1733 3553 1877 3621; x_wconf 78' lang='lat' dir='ltr'><strong>Filii,</strong></span> <span class='ocrx_word' id='word_1_391' title='bbox 1907 3572 2027 3609; x_wconf 87' lang='lat' dir='ltr'><strong>ma-</strong></span> 
     </span>
    </p>
   </div>
   <div class='ocr_carea' id='block_1_53' title="bbox 446 3645 2028 3720">
    <p class='ocr_par' dir='ltr' id='par_1_53' title="bbox 446 3645 2028 3720">
     <span class='ocr_line' id='line_1_53' title="bbox 446 3645 2028 3720; baseline 0.001 -19"><span class='ocrx_word' id='word_1_392' title='bbox 446 3646 537 3717; x_wconf 85' lang='lat' dir='ltr'><strong>jor</strong></span> <span class='ocrx_word' id='word_1_393' title='bbox 579 3645 718 3701; x_wconf 89' lang='lat' dir='ltr'><strong>Filio</strong></span> <span class='ocrx_word' id='word_1_394' title='bbox 746 3655 800 3702; x_wconf 90' lang='lat' dir='ltr'><strong>et</strong></span> <span class='ocrx_word' id='word_1_395' title='bbox 833 3647 1094 3718; x_wconf 82' lang='lat' dir='ltr'><strong>dignitate</strong></span> <span class='ocrx_word' id='word_1_396' title='bbox 1131 3651 1378 3702; x_wconf 87' lang='lat' dir='ltr'><strong>anterior</strong></span> <span class='ocrx_word' id='word_1_397' title='bbox 1416 3649 1518 3703; x_wconf 92' lang='lat' dir='ltr'><strong>dici</strong></span> <span class='ocrx_word' id='word_1_398' title='bbox 1577 3658 1775 3716; x_wconf 86' lang='lat' dir='ltr'><strong>potest,</strong></span> <span class='ocrx_word' id='word_1_399' title='bbox 1823 3650 2028 3720; x_wconf 78' lang='lat' dir='ltr'><strong>absque</strong></span> 
     </span>
    </p>
   </div>
   <div class='ocr_carea' id='block_1_54' title="bbox 452 3739 2026 3810">
    <p class='ocr_par' dir='ltr' id='par_1_54' title="bbox 452 3739 2026 3810">
     <span class='ocr_line' id='line_1_54' title="bbox 452 3739 2026 3810; baseline 0.003 -18"><span class='ocrx_word' id='word_1_400' title='bbox 452 3739 562 3795; x_wconf 92' lang='lat' dir='ltr'><strong>ullo</strong></span> <span class='ocrx_word' id='word_1_401' title='bbox 595 3747 774 3794; x_wconf 89' lang='lat' dir='ltr'><strong>tamen</strong></span> <span class='ocrx_word' id='word_1_402' title='bbox 823 3751 1030 3795; x_wconf 64' lang='lat' dir='ltr'><strong>natura:</strong></span> <span class='ocrx_word' id='word_1_403' title='bbox 1087 3741 1509 3810; x_wconf 80' lang='lat' dir='ltr'><strong>perfectionisve</strong></span> <span class='ocrx_word' id='word_1_404' title='bbox 1556 3740 1895 3797; x_wconf 88' lang='lat' dir='ltr'><strong>discrimine.</strong></span> <span class='ocrx_word' id='word_1_405' title='bbox 1934 3741 2026 3796; x_wconf 90' lang='lat' dir='ltr'><strong>Sic</strong></span> 
     </span>
    </p>
   </div>
   <div class='ocr_carea' id='block_1_55' title="bbox 453 3829 2026 3902">
    <p class='ocr_par' dir='ltr' id='par_1_55' title="bbox 453 3829 2026 3902">
     <span class='ocr_line' id='line_1_55' title="bbox 453 3829 2026 3902; baseline 0.003 -18"><span class='ocrx_word' id='word_1_406' title='bbox 453 3829 861 3900; x_wconf 80' lang='lat' dir='ltr'><strong>intelligendum</strong></span> <span class='ocrx_word' id='word_1_407' title='bbox 908 3846 1030 3886; x_wconf 90' lang='lat' dir='ltr'><strong>esse</strong></span> <span class='ocrx_word' id='word_1_408' title='bbox 1062 3832 1190 3886; x_wconf 91' lang='lat' dir='ltr'><strong>illud</strong></span> <span class='ocrx_word' id='word_1_409' title='bbox 1242 3832 1503 3887; x_wconf 81' lang='lat' dir='ltr'><strong>Joannis:</strong></span> <span class='ocrx_word' id='word_1_410' title='bbox 1538 3833 1704 3887; x_wconf 86' lang='lat' dir='ltr'><strong>Pater</strong></span> <span class='ocrx_word' id='word_1_411' title='bbox 1737 3836 1910 3902; x_wconf 87' lang='lat' dir='ltr'><strong>major</strong></span> <span class='ocrx_word' id='word_1_412' title='bbox 1945 3851 2026 3888; x_wconf 89' lang='lat' dir='ltr'><strong>me</strong></span> 
     </span>
    </p>
   </div>
   <div class='ocr_carea' id='block_1_56' title="bbox 451 3920 2025 3993">
    <p class='ocr_par' dir='ltr' id='par_1_56' title="bbox 451 3920 2025 3993">
     <span class='ocr_line' id='line_1_56' title="bbox 451 3920 2025 3993; baseline 0.002 -18"><span class='ocrx_word' id='word_1_413' title='bbox 451 3929 528 3975; x_wconf 83' lang='lat' dir='ltr'><strong>eu</strong></span> <span class='ocrx_word' id='word_1_414' title='bbox 558 3923 627 3987; x_wconf 82' lang='grc' dir='ltr'><strong>³ο,</strong></span> <span class='ocrx_word' id='word_1_415' title='bbox 659 3937 854 3988; x_wconf 72' lang='lat' dir='ltr'><strong>magna</strong></span> <span class='ocrx_word' id='word_1_416' title='bbox 893 3920 1114 3976; x_wconf 90' lang='lat' dir='ltr'><strong>Patrum</strong></span> <span class='ocrx_word' id='word_1_417' title='bbox 1142 3938 1268 3992; x_wconf 90' lang='lat' dir='ltr'><strong>pars</strong></span> <span class='ocrx_word' id='word_1_418' title='bbox 1309 3923 1570 3978; x_wconf 91' lang='lat' dir='ltr'><strong>arbitrata</strong></span> <span class='ocrx_word' id='word_1_419' title='bbox 1609 3935 1730 3989; x_wconf 87' lang='lat' dir='ltr'><strong>est;</strong></span> <span class='ocrx_word' id='word_1_420' title='bbox 1768 3926 1908 3993; x_wconf 89' lang='lat' dir='ltr'><strong>quod</strong></span> <span class='ocrx_word' id='word_1_421' title='bbox 1935 3925 2025 3978; x_wconf 88' lang='lat' dir='ltr'><strong>alii</strong></span> 
     </span>
    </p>
   </div>
   <div class='ocr_carea' id='block_1_57' title="bbox 405 4011 2026 4073">
    <p class='ocr_par' dir='ltr' id='par_1_57' title="bbox 405 4011 2026 4073">
     <span class='ocr_line' id='line_1_57' title="bbox 405 4011 2026 4073; baseline 0.004 -8"><span class='ocrx_word' id='word_1_422' title='bbox 405 4037 408 4046; x_wconf 88' lang='lat'><strong><em>-</em></strong></span> <span class='ocrx_word' id='word_1_423' title='bbox 452 4011 520 4067; x_wconf 88' lang='lat' dir='ltr'><strong>de</strong></span> <span class='ocrx_word' id='word_1_424' title='bbox 553 4012 889 4069; x_wconf 87' lang='lat' dir='ltr'><strong>humanitate</strong></span> <span class='ocrx_word' id='word_1_425' title='bbox 914 4015 1118 4071; x_wconf 89' lang='lat' dir='ltr'><strong>Christi</strong></span> <span class='ocrx_word' id='word_1_426' title='bbox 1157 4020 1224 4070; x_wconf 87' lang='lat' dir='ltr'><strong>ad</strong></span> <span class='ocrx_word' id='word_1_427' title='bbox 1255 4016 1437 4072; x_wconf 88' lang='lat' dir='ltr'><strong>Patris</strong></span> <span class='ocrx_word' id='word_1_428' title='bbox 1479 4017 1820 4073; x_wconf 84' lang='lat' dir='ltr'><strong>divinitatem</strong></span> <span class='ocrx_word' id='word_1_429' title='bbox 1875 4033 2026 4072; x_wconf 91' lang='lat' dir='ltr'><strong>com-</strong></span> 
     </span>
    </p>
   </div>
   <div class='ocr_carea' id='block_1_58' title="bbox 451 4106 2026 4180">
    <p class='ocr_par' dir='ltr' id='par_1_58' title="bbox 451 4106 2026 4180">
     <span class='ocr_line' id='line_1_58' title="bbox 451 4106 2026 4180; baseline 0.004 -21"><span class='ocrx_word' id='word_1_430' title='bbox 451 4114 641 4174; x_wconf 87' lang='lat' dir='ltr'><strong>parata</strong></span> <span class='ocrx_word' id='word_1_431' title='bbox 673 4106 1122 4178; x_wconf 85' lang='lat' dir='ltr'><strong>interpretantur.</strong></span> <span class='ocrx_word' id='word_1_432' title='bbox 1168 4108 1300 4164; x_wconf 85' lang='lat' dir='ltr'><strong>Item</strong></span> <span class='ocrx_word' id='word_1_433' title='bbox 1341 4110 1482 4180; x_wconf 84' lang='lat' dir='ltr'><strong>quod</strong></span> <span class='ocrx_word' id='word_1_434' title='bbox 1540 4109 1747 4178; x_wconf 40' lang='lat' dir='ltr'><strong>a.Filio</strong></span> <span class='ocrx_word' id='word_1_435' title='bbox 1785 4109 2026 4178; x_wconf 87' lang='lat' dir='ltr'><strong>Spiritus</strong></span> 
     </span>
    </p>
   </div>
   <div class='ocr_carea' id='block_1_59' title="bbox 450 4202 2026 4272">
    <p class='ocr_par' dir='ltr' id='par_1_59' title="bbox 450 4202 2026 4272">
     <span class='ocr_line' id='line_1_59' title="bbox 450 4202 2026 4272; baseline 0.002 -20"><span class='ocrx_word' id='word_1_436' title='bbox 450 4208 672 4255; x_wconf 87' lang='lat' dir='ltr'><strong>sanctus</strong></span> <span class='ocrx_word' id='word_1_437' title='bbox 727 4204 888 4256; x_wconf 89' lang='lat' dir='ltr'><strong>ducat</strong></span> <span class='ocrx_word' id='word_1_438' title='bbox 941 4203 1244 4272; x_wconf 82' lang='lat' dir='ltr'><strong>originem,</strong></span> <span class='ocrx_word' id='word_1_439' title='bbox 1351 4202 1532 4257; x_wconf 90' lang='lat' dir='ltr'><strong>minor</strong></span> <span class='ocrx_word' id='word_1_440' title='bbox 1588 4218 1652 4258; x_wconf 91' lang='lat' dir='ltr'><strong>eo</strong></span> <span class='ocrx_word' id='word_1_441' title='bbox 1705 4203 2026 4272; x_wconf 84' lang='lat' dir='ltr'><strong>appellatur.</strong></span> 
     </span>
    </p>
   </div>
   <div class='ocr_carea' id='block_1_60' title="bbox 450 4289 2026 4364">
    <p class='ocr_par' dir='ltr' id='par_1_60' title="bbox 450 4289 2026 4364">
     <span class='ocr_line' id='line_1_60' title="bbox 450 4289 2026 4364; baseline 0.002 -22"><span class='ocrx_word' id='word_1_442' title='bbox 450 4289 777 4345; x_wconf 81' lang='lat' dir='ltr'><strong>Athanasius</strong></span> <span class='ocrx_word' id='word_1_443' title='bbox 815 4299 960 4346; x_wconf 88' lang='lat' dir='ltr'><strong>orat.</strong></span> <span class='ocrx_word' id='word_1_444' title='bbox 1014 4291 1049 4344; x_wconf 76' lang='lat'><strong>2</strong></span> <span class='ocrx_word' id='word_1_445' title='bbox 1104 4303 1287 4346; x_wconf 87' lang='lat' dir='ltr'><strong>contra</strong></span> <span class='ocrx_word' id='word_1_446' title='bbox 1346 4291 1615 4347; x_wconf 71' lang='lat' dir='ltr'><strong>Ariunor:</strong></span> <span class='ocrx_word' id='word_1_447' title='bbox 1648 4291 1884 4347; x_wconf 80' lang='grc' dir='ltr'>Τοιαῦτα</span> <span class='ocrx_word' id='word_1_448' title='bbox 1928 4294 2026 4364; x_wconf 83' lang='grc' dir='ltr'><strong>μὲν</strong></span> 
     </span>
    </p>
   </div>
   <div class='ocr_carea' id='block_1_61' title="bbox 449 4374 2024 4456">
    <p class='ocr_par' dir='ltr' id='par_1_61' title="bbox 449 4374 2024 4456">
     <span class='ocr_line' id='line_1_61' title="bbox 449 4374 2024 4456; baseline 0.001 -21"><span class='ocrx_word' id='word_1_449' title='bbox 449 4374 543 4435; x_wconf 83' lang='grc' dir='ltr'><strong>οὖν</strong></span> <span class='ocrx_word' id='word_1_450' title='bbox 585 4384 697 4446; x_wconf 86' lang='grc' dir='ltr'>τοῖς</span> <span class='ocrx_word' id='word_1_451' title='bbox 755 4383 1024 4448; x_wconf 82' lang='grc' dir='ltr'><strong>Ἰουδαίοις</strong></span> <span class='ocrx_word' id='word_1_452' title='bbox 1070 4384 1146 4448; x_wconf 85' lang='grc' dir='ltr'><strong>ὠς</strong></span> <span class='ocrx_word' id='word_1_453' title='bbox 1189 4383 1474 4453; x_wconf 84' lang='grc' dir='ltr'>ἄνθρωπος</span> <span class='ocrx_word' id='word_1_454' title='bbox 1525 4383 1710 4454; x_wconf 75' lang='grc' dir='ltr'>ἔλεγεν</span> <span class='ocrx_word' id='word_1_455' title='bbox 1743 4388 1772 4438; x_wconf 86' lang='grc' dir='ltr'><strong>ό</strong></span> <span class='ocrx_word' id='word_1_456' title='bbox 1801 4384 2024 4456; x_wconf 73' lang='grc' dir='ltr'>Κύριοςο</span> 
     </span>
    </p>
   </div>
   <div class='ocr_carea' id='block_1_62' title="bbox 448 4473 2028 4547">
    <p class='ocr_par' dir='ltr' id='par_1_62' title="bbox 448 4473 2028 4547">
     <span class='ocr_line' id='line_1_62' title="bbox 448 4473 2028 4547; baseline 0.002 -22"><span class='ocrx_word' id='word_1_457' title='bbox 448 4475 562 4536; x_wconf 85' lang='grc' dir='ltr'>τοῖς</span> <span class='ocrx_word' id='word_1_458' title='bbox 596 4473 653 4527; x_wconf 88' lang='grc' dir='ltr'>δὲ</span> <span class='ocrx_word' id='word_1_459' title='bbox 681 4473 948 4546; x_wconf 85' lang='grc' dir='ltr'>μαθηταῖς</span> <span class='ocrx_word' id='word_1_460' title='bbox 977 4475 1076 4546; x_wconf 82' lang='grc' dir='ltr'><strong>τὴν</strong></span> <span class='ocrx_word' id='word_1_461' title='bbox 1117 4475 1346 4546; x_wconf 78' lang='grc' dir='ltr'>θεότητα</span> <span class='ocrx_word' id='word_1_462' title='bbox 1373 4475 1466 4530; x_wconf 76' lang='grc' dir='ltr'><strong>καὶ</strong></span> <span class='ocrx_word' id='word_1_463' title='bbox 1505 4476 1602 4547; x_wconf 77' lang='grc' dir='ltr'><strong>τὴν</strong></span> <span class='ocrx_word' id='word_1_464' title='bbox 1634 4475 2028 4546; x_wconf 77' lang='grc' dir='ltr'>μεγαλειότητα</span> 
     </span>
    </p>
   </div>
   <div class='ocr_carea' id='block_1_63' title="bbox 2133 1994 3706 2072">
    <p class='ocr_par' dir='ltr' id='par_1_63' title="bbox 2133 1994 3706 2072">
     <span class='ocr_line' id='line_1_63' title="bbox 2133 1994 3706 2072; baseline -0.005 -18"><span class='ocrx_word' id='word_1_465' title='bbox 2133 2009 2276 2072; x_wconf 88' lang='lat' dir='ltr'><strong>part.</strong></span> <span class='ocrx_word' id='word_1_466' title='bbox 2310 2015 2371 2061; x_wconf 88' lang='grc' dir='ltr'>ιι,</span> <span class='ocrx_word' id='word_1_467' title='bbox 2400 1999 2484 2051; x_wconf 92' lang='lat' dir='ltr'><strong>tit.</strong></span> <span class='ocrx_word' id='word_1_468' title='bbox 2519 1998 2606 2064; x_wconf 72' lang='lat' dir='ltr'><strong>l2,</strong></span> <span class='ocrx_word' id='word_1_469' title='bbox 2633 1997 2722 2052; x_wconf 92' lang='lat' dir='ltr'><strong>ubi</strong></span> <span class='ocrx_word' id='word_1_470' title='bbox 2766 1997 2919 2052; x_wconf 90' lang='lat' dir='ltr'><strong>vides</strong></span> <span class='ocrx_word' id='word_1_471' title='bbox 2956 1997 3156 2066; x_wconf 82' lang='lat' dir='ltr'><strong>gradus</strong></span> <span class='ocrx_word' id='word_1_472' title='bbox 3190 1996 3426 2066; x_wconf 88' lang='lat' dir='ltr'><strong>aliquos,</strong></span> <span class='ocrx_word' id='word_1_473' title='bbox 3452 2003 3504 2048; x_wconf 91' lang='lat' dir='ltr'><strong>et</strong></span> <span class='ocrx_word' id='word_1_474' title='bbox 3527 1994 3706 2063; x_wconf 85' lang='lat' dir='ltr'><strong>digni-</strong></span> 
     </span>
    </p>
   </div>
   <div class='ocr_carea' id='block_1_64' title="bbox 2135 2085 3710 2164">
    <p class='ocr_par' dir='ltr' id='par_1_64' title="bbox 2135 2085 3710 2164">
     <span class='ocr_line' id='line_1_64' title="bbox 2135 2085 3710 2164; baseline -0.004 -16"><span class='ocrx_word' id='word_1_475' title='bbox 2135 2097 2261 2150; x_wconf 66' lang='lat' dir='ltr'><strong>tatis</strong></span> <span class='ocrx_word' id='word_1_476' title='bbox 2284 2091 2632 2164; x_wconf 73' lang='grc' dir='ltr'>ὑποῦἁθμους</span> <span class='ocrx_word' id='word_1_477' title='bbox 2660 2092 2712 2145; x_wconf 92' lang='lat' dir='ltr'><strong>in</strong></span> <span class='ocrx_word' id='word_1_478' title='bbox 2739 2090 3005 2146; x_wconf 88' lang='lat' dir='ltr'><strong>Trinitate</strong></span> <span class='ocrx_word' id='word_1_479' title='bbox 3024 2090 3374 2145; x_wconf 81' lang='lat' dir='ltr'><strong>constitutos.</strong></span> <span class='ocrx_word' id='word_1_480' title='bbox 3402 2088 3576 2156; x_wconf 77' lang='lat' dir='ltr'><strong>Atque</strong></span> <span class='ocrx_word' id='word_1_481' title='bbox 3604 2085 3710 2141; x_wconf 86' lang='lat' dir='ltr'><strong>hac</strong></span> 
     </span>
    </p>
   </div>
   <div class='ocr_carea' id='block_1_65' title="bbox 2132 2179 3709 2257">
    <p class='ocr_par' dir='ltr' id='par_1_65' title="bbox 2132 2179 3709 2257">
     <span class='ocr_line' id='line_1_65' title="bbox 2132 2179 3709 2257; baseline -0.004 -20"><span class='ocrx_word' id='word_1_482' title='bbox 2132 2185 2475 2257; x_wconf 85' lang='lat' dir='ltr'><strong>potissimum</strong></span> <span class='ocrx_word' id='word_1_483' title='bbox 2520 2182 2872 2252; x_wconf 55' lang='lat' dir='ltr'><strong>responsione</strong></span> <span class='ocrx_word' id='word_1_484' title='bbox 2915 2195 3194 2249; x_wconf 89' lang='lat' dir='ltr'><strong>aspersam</strong></span> <span class='ocrx_word' id='word_1_485' title='bbox 3247 2179 3580 2249; x_wconf 86' lang='lat' dir='ltr'><strong>Origeniano</strong></span> <span class='ocrx_word' id='word_1_486' title='bbox 3609 2192 3709 2230; x_wconf 55' lang='lat' dir='ltr'><strong>no.</strong></span> 
     </span>
    </p>
   </div>
   <div class='ocr_carea' id='block_1_66' title="bbox 2133 2269 3709 2344">
    <p class='ocr_par' dir='ltr' id='par_1_66' title="bbox 2133 2269 3709 2344">
     <span class='ocr_line' id='line_1_66' title="bbox 2133 2269 3709 2344; baseline -0.005 -12"><span class='ocrx_word' id='word_1_487' title='bbox 2133 2278 2265 2332; x_wconf 87' lang='lat' dir='ltr'><strong>mini</strong></span> <span class='ocrx_word' id='word_1_488' title='bbox 2294 2276 2621 2332; x_wconf 86' lang='lat' dir='ltr'><strong>calumniam</strong></span> <span class='ocrx_word' id='word_1_489' title='bbox 2650 2275 2963 2344; x_wconf 84' lang='lat' dir='ltr'><strong>abstergere</strong></span> <span class='ocrx_word' id='word_1_490' title='bbox 3012 2288 3071 2327; x_wconf 89' lang='lat' dir='ltr'><strong>se</strong></span> <span class='ocrx_word' id='word_1_491' title='bbox 3117 2285 3272 2339; x_wconf 75' lang='lat' dir='ltr'><strong>posse</strong></span> <span class='ocrx_word' id='word_1_492' title='bbox 3327 2269 3709 2325; x_wconf 87' lang='lat' dir='ltr'><strong>Ccnebrardus</strong></span> 
     </span>
    </p>
   </div>
   <div class='ocr_carea' id='block_1_67' title="bbox 2133 2364 2925 2435">
    <p class='ocr_par' dir='ltr' id='par_1_67' title="bbox 2133 2364 2925 2435">
     <span class='ocr_line' id='line_1_67' title="bbox 2133 2364 2925 2435; baseline -0.009 -10"><span class='ocrx_word' id='word_1_493' title='bbox 2133 2368 2462 2425; x_wconf 73' lang='lat' dir='ltr'><strong>existimavit</strong></span> <span class='ocrx_word' id='word_1_494' title='bbox 2483 2366 2701 2420; x_wconf 79' lang='lat' dir='ltr'><strong>Collect.</strong></span> <span class='ocrx_word' id='word_1_495' title='bbox 2731 2381 2846 2435; x_wconf 89' lang='lat' dir='ltr'><strong>cap.</strong></span> <span class='ocrx_word' id='word_1_496' title='bbox 2873 2364 2925 2420; x_wconf 85' lang='grc'><strong>6.</strong></span> 
     </span>
    </p>
   </div>
   <div class='ocr_carea' id='block_1_68' title="bbox 2204 2451 3711 2527">
    <p class='ocr_par' dir='ltr' id='par_1_68' title="bbox 2204 2451 3711 2527">
     <span class='ocr_line' id='line_1_68' title="bbox 2204 2451 3711 2527; baseline -0.003 -15"><span class='ocrx_word' id='word_1_497' title='bbox 2204 2458 2294 2512; x_wconf 76' lang='grc' dir='ltr'><strong>ΧΙ.</strong></span> <span class='ocrx_word' id='word_1_498' title='bbox 2339 2457 2434 2512; x_wconf 88' lang='lat' dir='ltr'><strong>llis</strong></span> <span class='ocrx_word' id='word_1_499' title='bbox 2473 2459 2701 2512; x_wconf 81' lang='lat' dir='ltr'><strong>fortasse</strong></span> <span class='ocrx_word' id='word_1_500' title='bbox 2743 2468 3022 2527; x_wconf 87' lang='lat' dir='ltr'><strong>permotus</strong></span> <span class='ocrx_word' id='word_1_501' title='bbox 3078 2455 3404 2510; x_wconf 84' lang='lat' dir='ltr'><strong>Athanasius</strong></span> <span class='ocrx_word' id='word_1_502' title='bbox 3447 2451 3711 2523; x_wconf 71' lang='lat' dir='ltr'><strong>prmclare</strong></span> 
     </span>
    </p>
   </div>
   <div class='ocr_carea' id='block_1_69' title="bbox 2133 2543 3710 2618">
    <p class='ocr_par' dir='ltr' id='par_1_69' title="bbox 2133 2543 3710 2618">
     <span class='ocr_line' id='line_1_69' title="bbox 2133 2543 3710 2618; baseline -0.004 -15"><span class='ocrx_word' id='word_1_503' title='bbox 2133 2550 2200 2605; x_wconf 92' lang='lat' dir='ltr'><strong>de</strong></span> <span class='ocrx_word' id='word_1_504' title='bbox 2222 2548 2482 2603; x_wconf 90' lang='lat' dir='ltr'><strong>Trinitate</strong></span> <span class='ocrx_word' id='word_1_505' title='bbox 2514 2549 2802 2618; x_wconf 83' lang='lat' dir='ltr'><strong>Origenem</strong></span> <span class='ocrx_word' id='word_1_506' title='bbox 2835 2549 3116 2617; x_wconf 66' lang='lat' dir='ltr'><strong>scripsisse</strong></span> <span class='ocrx_word' id='word_1_507' title='bbox 3150 2547 3312 2599; x_wconf 88' lang='lat' dir='ltr'><strong>tradit</strong></span> <span class='ocrx_word' id='word_1_508' title='bbox 3336 2543 3433 2599; x_wconf 92' lang='lat' dir='ltr'><strong>lib.</strong></span> <span class='ocrx_word' id='word_1_509' title='bbox 3463 2543 3538 2597; x_wconf 83' lang='lat' dir='ltr'><strong>De</strong></span> <span class='ocrx_word' id='word_1_510' title='bbox 3566 2543 3710 2597; x_wconf 85' lang='lat' dir='ltr'><strong>decr.</strong></span> 
     </span>
    </p>
   </div>
   <div class='ocr_carea' id='block_1_70' title="bbox 2135 2635 3707 2711">
    <p class='ocr_par' dir='ltr' id='par_1_70' title="bbox 2135 2635 3707 2711">
     <span class='ocr_line' id='line_1_70' title="bbox 2135 2635 3707 2711; baseline -0.003 -15"><span class='ocrx_word' id='word_1_511' title='bbox 2135 2641 2344 2697; x_wconf 74' lang='lat' dir='ltr'><strong>Nicwn.</strong></span> <span class='ocrx_word' id='word_1_512' title='bbox 2387 2641 2597 2711; x_wconf 76' lang='lat' dir='ltr'><strong>synodi,</strong></span> <span class='ocrx_word' id='word_1_513' title='bbox 2636 2639 2862 2709; x_wconf 81' lang='lat' dir='ltr'><strong>ejusque</strong></span> <span class='ocrx_word' id='word_1_514' title='bbox 2894 2639 3279 2693; x_wconf 88' lang='lat' dir='ltr'><strong>auctoritatem</strong></span> <span class='ocrx_word' id='word_1_515' title='bbox 3318 2652 3428 2707; x_wconf 69' lang='lat' dir='ltr'><strong>prae</strong></span> <span class='ocrx_word' id='word_1_516' title='bbox 3473 2650 3531 2691; x_wconf 90' lang='lat' dir='ltr'><strong>se</strong></span> <span class='ocrx_word' id='word_1_517' title='bbox 3561 2635 3707 2691; x_wconf 88' lang='lat' dir='ltr'><strong>l&#39;ert:</strong></span> 
     </span>
    </p>
   </div>
   <div class='ocr_carea' id='block_1_71' title="bbox 2133 2729 3711 2807">
    <p class='ocr_par' dir='ltr' id='par_1_71' title="bbox 2133 2729 3711 2807">
     <span class='ocr_line' id='line_1_71' title="bbox 2133 2729 3711 2807; baseline -0.003 -19"><span class='ocrx_word' id='word_1_518' title='bbox 2133 2735 2270 2807; x_wconf 83' lang='grc' dir='ltr'><strong>Περὶ</strong></span> <span class='ocrx_word' id='word_1_519' title='bbox 2301 2735 2356 2789; x_wconf 81' lang='grc' dir='ltr'><strong>δὲ</strong></span> <span class='ocrx_word' id='word_1_520' title='bbox 2391 2733 2482 2789; x_wconf 75' lang='grc' dir='ltr'><strong>τοῦ</strong></span> <span class='ocrx_word' id='word_1_521' title='bbox 2515 2733 2716 2798; x_wconf 82' lang='grc' dir='ltr'>ἁῖδίως,</span> <span class='ocrx_word' id='word_1_522' title='bbox 2759 2735 2953 2802; x_wconf 84' lang='lat' dir='ltr'><strong>inquit,</strong></span> <span class='ocrx_word' id='word_1_523' title='bbox 3005 2733 3242 2785; x_wconf 82' lang='grc' dir='ltr'>συνεῖναι</span> <span class='ocrx_word' id='word_1_524' title='bbox 3271 2730 3363 2784; x_wconf 79' lang='grc' dir='ltr'><strong>τὸν</strong></span> <span class='ocrx_word' id='word_1_525' title='bbox 3412 2729 3584 2798; x_wconf 85' lang='grc' dir='ltr'>Λόγον</span> <span class='ocrx_word' id='word_1_526' title='bbox 3633 2729 3711 2800; x_wconf 84' lang='grc' dir='ltr'>τῷ</span> 
     </span>
    </p>
   </div>
   <div class='ocr_carea' id='block_1_72' title="bbox 2131 2818 3712 2898">
    <p class='ocr_par' dir='ltr' id='par_1_72' title="bbox 2131 2818 3712 2898">
     <span class='ocr_line' id='line_1_72' title="bbox 2131 2818 3712 2898; baseline -0.006 -19"><span class='ocrx_word' id='word_1_527' title='bbox 2131 2827 2327 2898; x_wconf 80' lang='grc' dir='ltr'>Πατρὶ.</span> <span class='ocrx_word' id='word_1_528' title='bbox 2355 2827 2447 2878; x_wconf 71' lang='grc' dir='ltr'><strong>καὶ</strong></span> <span class='ocrx_word' id='word_1_529' title='bbox 2472 2824 2546 2896; x_wconf 81' lang='grc' dir='ltr'>μὴ</span> <span class='ocrx_word' id='word_1_530' title='bbox 2576 2825 2768 2896; x_wconf 79' lang='grc' dir='ltr'>ἑτέρας</span> <span class='ocrx_word' id='word_1_531' title='bbox 2787 2823 3025 2894; x_wconf 78' lang='grc' dir='ltr'>οὐσίαςῆ</span> <span class='ocrx_word' id='word_1_532' title='bbox 3050 2821 3418 2882; x_wconf 77' lang='grc' dir='ltr'>ὑποστάσεως,</span> <span class='ocrx_word' id='word_1_533' title='bbox 3453 2818 3587 2873; x_wconf 83' lang='grc' dir='ltr'>ἀλλὰ</span> <span class='ocrx_word' id='word_1_534' title='bbox 3611 2819 3712 2890; x_wconf 81' lang='grc' dir='ltr'><strong>τῆς</strong></span> 
     </span>
    </p>
   </div>
   <div class='ocr_carea' id='block_1_73' title="bbox 2131 2902 3708 2987">
    <p class='ocr_par' dir='ltr' id='par_1_73' title="bbox 2131 2902 3708 2987">
     <span class='ocr_line' id='line_1_73' title="bbox 2131 2902 3708 2987; baseline -0.006 -18"><span class='ocrx_word' id='word_1_535' title='bbox 2131 2915 2226 2969; x_wconf 79' lang='grc' dir='ltr'>τοῦ</span> <span class='ocrx_word' id='word_1_536' title='bbox 2261 2915 2472 2987; x_wconf 53' lang='lat' dir='ltr'><strong>nam;</strong></span> <span class='ocrx_word' id='word_1_537' title='bbox 2503 2915 2630 2967; x_wconf 83' lang='grc' dir='ltr'>ἴδιον</span> <span class='ocrx_word' id='word_1_538' title='bbox 2659 2914 2820 2969; x_wconf 69' lang='grc' dir='ltr'>αὑτὸν</span> <span class='ocrx_word' id='word_1_539' title='bbox 2847 2908 3007 2977; x_wconf 81' lang='grc' dir='ltr'>εἶναι,</span> <span class='ocrx_word' id='word_1_540' title='bbox 3043 2912 3118 2975; x_wconf 85' lang='grc' dir='ltr'>ὡς</span> <span class='ocrx_word' id='word_1_541' title='bbox 3159 2902 3445 2981; x_wconf 75' lang='grc' dir='ltr'>εἰρήκασιν</span> <span class='ocrx_word' id='word_1_542' title='bbox 3466 2908 3514 2959; x_wconf 83' lang='lat' dir='ltr'><strong>oi</strong></span> <span class='ocrx_word' id='word_1_543' title='bbox 3549 2907 3607 2960; x_wconf 82' lang='grc' dir='ltr'>ὲν</span> <span class='ocrx_word' id='word_1_544' title='bbox 3641 2909 3708 2978; x_wconf 81' lang='grc' dir='ltr'>τῇ</span> 
     </span>
    </p>
   </div>
   <div class='ocr_carea' id='block_1_74' title="bbox 2136 3001 3709 3081">
    <p class='ocr_par' dir='ltr' id='par_1_74' title="bbox 2136 3001 3709 3081">
     <span class='ocr_line' id='line_1_74' title="bbox 2136 3001 3709 3081; baseline -0.007 -16"><span class='ocrx_word' id='word_1_545' title='bbox 2136 3012 2359 3081; x_wconf 81' lang='grc' dir='ltr'>συνόδῳ,</span> <span class='ocrx_word' id='word_1_546' title='bbox 2395 3010 2594 3077; x_wconf 76' lang='grc' dir='ltr'>ἐξέστω</span> <span class='ocrx_word' id='word_1_547' title='bbox 2626 3009 2786 3063; x_wconf 82' lang='grc' dir='ltr'>πάλιν</span> <span class='ocrx_word' id='word_1_548' title='bbox 2837 3009 2979 3080; x_wconf 77' lang='grc' dir='ltr'>ὑμᾶς</span> <span class='ocrx_word' id='word_1_549' title='bbox 3011 3005 3243 3060; x_wconf 77' lang='grc' dir='ltr'>ἀκοῦσαι</span> <span class='ocrx_word' id='word_1_550' title='bbox 3277 3005 3372 3059; x_wconf 73' lang='grc' dir='ltr'><strong>καὶ</strong></span> <span class='ocrx_word' id='word_1_551' title='bbox 3421 3001 3573 3076; x_wconf 84' lang='grc' dir='ltr'>παρὰ</span> <span class='ocrx_word' id='word_1_552' title='bbox 3614 3001 3709 3055; x_wconf 75' lang='grc' dir='ltr'>τοῦ</span> 
     </span>
    </p>
   </div>
   <div class='ocr_carea' id='block_1_75' title="bbox 2135 3101 3709 3177">
    <p class='ocr_par' dir='ltr' id='par_1_75' title="bbox 2135 3101 3709 3177">
     <span class='ocr_line' id='line_1_75' title="bbox 2135 3101 3709 3177; baseline -0.008 -17"><span class='ocrx_word' id='word_1_553' title='bbox 2135 3105 2420 3175; x_wconf 73' lang='grc' dir='ltr'>φιλοπόνου</span> <span class='ocrx_word' id='word_1_554' title='bbox 2467 3103 2796 3177; x_wconf 81' lang='grc' dir='ltr'>Ὠριγένους.</span> <span class='ocrx_word' id='word_1_555' title='bbox 2851 3123 2870 3156; x_wconf 75' lang='grc' dir='ltr'>ι</span> <span class='ocrx_word' id='word_1_556' title='bbox 2913 3101 3144 3156; x_wconf 83' lang='lat' dir='ltr'><strong>Verbum</strong></span> <span class='ocrx_word' id='word_1_557' title='bbox 3183 3115 3345 3171; x_wconf 90' lang='lat' dir='ltr'><strong>porro</strong></span> <span class='ocrx_word' id='word_1_558' title='bbox 3399 3101 3466 3154; x_wconf 89' lang='lat' dir='ltr'><strong>ab</strong></span> <span class='ocrx_word' id='word_1_559' title='bbox 3504 3109 3709 3151; x_wconf 70' lang='lat' dir='ltr'><strong>aeterno</strong></span> 
     </span>
    </p>
   </div>
   <div class='ocr_carea' id='block_1_76' title="bbox 2136 3183 3706 3256">
    <p class='ocr_par' dir='ltr' id='par_1_76' title="bbox 2136 3183 3706 3256">
     <span class='ocr_line' id='line_1_76' title="bbox 2136 3183 3706 3256; baseline -0.01 -7"><span class='ocrx_word' id='word_1_560' title='bbox 2136 3209 2256 3250; x_wconf 89' lang='lat' dir='ltr'><strong>esse</strong></span> <span class='ocrx_word' id='word_1_561' title='bbox 2282 3209 2403 3247; x_wconf 92' lang='lat' dir='ltr'><strong>cum</strong></span> <span class='ocrx_word' id='word_1_562' title='bbox 2425 3191 2606 3256; x_wconf 87' lang='lat' dir='ltr'><strong>Patre,</strong></span> <span class='ocrx_word' id='word_1_563' title='bbox 2637 3207 2735 3243; x_wconf 90' lang='lat' dir='ltr'><strong>nec</strong></span> <span class='ocrx_word' id='word_1_564' title='bbox 2757 3189 2992 3242; x_wconf 81' lang='lat' dir='ltr'><strong>essentia</strong></span> <span class='ocrx_word' id='word_1_565' title='bbox 3014 3187 3098 3242; x_wconf 88' lang='lat' dir='ltr'><strong>vel</strong></span> <span class='ocrx_word' id='word_1_566' title='bbox 3130 3185 3433 3241; x_wconf 88' lang='lat' dir='ltr'><strong>substantia</strong></span> <span class='ocrx_word' id='word_1_567' title='bbox 3467 3183 3706 3247; x_wconf 81' lang='lat' dir='ltr'><strong>dill&#39;erre,</strong></span> 
     </span>
    </p>
   </div>
   <div class='ocr_carea' id='block_1_77' title="bbox 2131 3273 3702 3350">
    <p class='ocr_par' dir='ltr' id='par_1_77' title="bbox 2131 3273 3702 3350">
     <span class='ocr_line' id='line_1_77' title="bbox 2131 3273 3702 3350; baseline -0.008 -14"><span class='ocrx_word' id='word_1_568' title='bbox 2131 3285 2223 3338; x_wconf 86' lang='lat' dir='ltr'><strong>sed</strong></span> <span class='ocrx_word' id='word_1_569' title='bbox 2256 3282 2567 3336; x_wconf 69' lang='lat' dir='ltr'><strong>substantia-</strong></span> <span class='ocrx_word' id='word_1_570' title='bbox 2591 3291 2828 3350; x_wconf 74' lang='lat' dir='ltr'><strong>paterna:</strong></span> <span class='ocrx_word' id='word_1_571' title='bbox 2854 3279 3130 3349; x_wconf 85' lang='lat' dir='ltr'><strong>pr0prinm</strong></span> <span class='ocrx_word' id='word_1_572' title='bbox 3163 3277 3314 3330; x_wconf 91' lang='lat' dir='ltr'><strong>illum</strong></span> <span class='ocrx_word' id='word_1_573' title='bbox 3335 3289 3455 3329; x_wconf 90' lang='lat' dir='ltr'><strong>esse</strong></span> <span class='ocrx_word' id='word_1_574' title='bbox 3479 3273 3702 3333; x_wconf 85' lang='lat' dir='ltr'><strong>Filium,</strong></span> 
     </span>
    </p>
   </div>
   <div class='ocr_carea' id='block_1_78' title="bbox 2130 3362 3710 3440">
    <p class='ocr_par' dir='ltr' id='par_1_78' title="bbox 2130 3362 3710 3440">
     <span class='ocr_line' id='line_1_78' title="bbox 2130 3362 3710 3440; baseline -0.007 -13"><span class='ocrx_word' id='word_1_575' title='bbox 2130 3386 2188 3428; x_wconf 88' lang='lat' dir='ltr'><strong>ut</strong></span> <span class='ocrx_word' id='word_1_576' title='bbox 2214 3371 2584 3440; x_wconf 84' lang='lat' dir='ltr'><strong>dixeruntqui</strong></span> <span class='ocrx_word' id='word_1_577' title='bbox 2611 3369 2972 3424; x_wconf 80' lang='lat' dir='ltr'><strong>interfuerunt</strong></span> <span class='ocrx_word' id='word_1_578' title='bbox 3015 3366 3244 3421; x_wconf 62' lang='lat' dir='ltr'><strong>Nicaeum</strong></span> <span class='ocrx_word' id='word_1_579' title='bbox 3307 3365 3533 3436; x_wconf 87' lang='lat' dir='ltr'><strong>synodo,</strong></span> <span class='ocrx_word' id='word_1_580' title='bbox 3576 3362 3710 3416; x_wconf 90' lang='lat' dir='ltr'><strong>licet</strong></span> 
     </span>
    </p>
   </div>
   <div class='ocr_carea' id='block_1_79' title="bbox 2130 3453 3708 3528">
    <p class='ocr_par' dir='ltr' id='par_1_79' title="bbox 2130 3453 3708 3528">
     <span class='ocr_line' id='line_1_79' title="bbox 2130 3453 3708 3528; baseline -0.009 -7"><span class='ocrx_word' id='word_1_581' title='bbox 2130 3468 2306 3523; x_wconf 91' lang='lat' dir='ltr'><strong>denuo</strong></span> <span class='ocrx_word' id='word_1_582' title='bbox 2341 3464 2497 3519; x_wconf 89' lang='lat' dir='ltr'><strong>nobis</strong></span> <span class='ocrx_word' id='word_1_583' title='bbox 2550 3463 2741 3516; x_wconf 88' lang='lat' dir='ltr'><strong>audire</strong></span> <span class='ocrx_word' id='word_1_584' title='bbox 2793 3476 2859 3515; x_wconf 81' lang='lat' dir='ltr'><strong>ex</strong></span> <span class='ocrx_word' id='word_1_585' title='bbox 2893 3459 3168 3514; x_wconf 90' lang='lat' dir='ltr'><strong>laborioso</strong></span> <span class='ocrx_word' id='word_1_586' title='bbox 3217 3457 3472 3528; x_wconf 80' lang='lat' dir='ltr'><strong>Origene.</strong></span> <span class='ocrx_word' id='word_1_587' title='bbox 3512 3474 3530 3507; x_wconf 72' lang='grc' dir='ltr'>ι</span> <span class='ocrx_word' id='word_1_588' title='bbox 3570 3453 3708 3508; x_wconf 92' lang='lat' dir='ltr'><strong>Tum</strong></span> 
     </span>
    </p>
   </div>
   <div class='ocr_carea' id='block_1_80' title="bbox 2129 3545 3712 3621">
    <p class='ocr_par' dir='ltr' id='par_1_80' title="bbox 2129 3545 3712 3621">
     <span class='ocr_line' id='line_1_80' title="bbox 2129 3545 3712 3621; baseline -0.009 -7"><span class='ocrx_word' id='word_1_589' title='bbox 2129 3560 2265 3621; x_wconf 78' lang='lat' dir='ltr'><strong>duos</strong></span> <span class='ocrx_word' id='word_1_590' title='bbox 2309 3573 2373 3611; x_wconf 80' lang='lat' dir='ltr'><strong>ex</strong></span> <span class='ocrx_word' id='word_1_591' title='bbox 2407 3571 2472 3610; x_wconf 88' lang='lat' dir='ltr'><strong>eo</strong></span> <span class='ocrx_word' id='word_1_592' title='bbox 2503 3553 2776 3610; x_wconf 90' lang='lat' dir='ltr'><strong>subnectit</strong></span> <span class='ocrx_word' id='word_1_593' title='bbox 2816 3551 2986 3614; x_wconf 84' lang='lat' dir='ltr'><strong>locos,</strong></span> <span class='ocrx_word' id='word_1_594' title='bbox 3034 3551 3234 3620; x_wconf 92' lang='lat' dir='ltr'><strong>quibus</strong></span> <span class='ocrx_word' id='word_1_595' title='bbox 3273 3558 3477 3602; x_wconf 59' lang='lat' dir='ltr'><strong>interna</strong></span> <span class='ocrx_word' id='word_1_596' title='bbox 3518 3545 3642 3600; x_wconf 88' lang='lat' dir='ltr'><strong>Filii</strong></span> <span class='ocrx_word' id='word_1_597' title='bbox 3679 3559 3712 3600; x_wconf 87' lang='lat' dir='ltr'><strong>a</strong></span> 
     </span>
    </p>
   </div>
   <div class='ocr_carea' id='block_1_81' title="bbox 2132 3637 3710 3720">
    <p class='ocr_par' dir='ltr' id='par_1_81' title="bbox 2132 3637 3710 3720">
     <span class='ocr_line' id='line_1_81' title="bbox 2132 3637 3710 3720; baseline -0.011 -14"><span class='ocrx_word' id='word_1_598' title='bbox 2132 3652 2288 3706; x_wconf 85' lang='lat' dir='ltr'><strong>Patre</strong></span> <span class='ocrx_word' id='word_1_599' title='bbox 2332 3647 2626 3720; x_wconf 90' lang='lat' dir='ltr'><strong>processio,</strong></span> <span class='ocrx_word' id='word_1_600' title='bbox 2672 3661 2794 3700; x_wconf 92' lang='lat' dir='ltr'><strong>cum</strong></span> <span class='ocrx_word' id='word_1_601' title='bbox 2833 3661 3005 3714; x_wconf 90' lang='lat' dir='ltr'><strong>eoque</strong></span> <span class='ocrx_word' id='word_1_602' title='bbox 3038 3641 3318 3712; x_wconf 71' lang='lat' dir='ltr'><strong>azqualitas</strong></span> <span class='ocrx_word' id='word_1_603' title='bbox 3389 3648 3571 3710; x_wconf 85' lang='lat' dir='ltr'><strong>aperte</strong></span> <span class='ocrx_word' id='word_1_604' title='bbox 3614 3637 3710 3692; x_wconf 66' lang='lat' dir='ltr'><strong>de»</strong></span> 
     </span>
    </p>
   </div>
   <div class='ocr_carea' id='block_1_82' title="bbox 2131 3729 3710 3806">
    <p class='ocr_par' dir='ltr' id='par_1_82' title="bbox 2131 3729 3710 3806">
     <span class='ocr_line' id='line_1_82' title="bbox 2131 3729 3710 3806; baseline -0.011 -7"><span class='ocrx_word' id='word_1_605' title='bbox 2131 3752 2483 3800; x_wconf 86' lang='lat' dir='ltr'><strong>monstratur.</strong></span> <span class='ocrx_word' id='word_1_606' title='bbox 2519 3739 2778 3794; x_wconf 88' lang='lat' dir='ltr'><strong>Basilium</strong></span> <span class='ocrx_word' id='word_1_607' title='bbox 2803 3751 3041 3806; x_wconf 91' lang='lat' dir='ltr'><strong>quoque,</strong></span> <span class='ocrx_word' id='word_1_608' title='bbox 3072 3734 3548 3789; x_wconf 82' lang='lat' dir='ltr'><strong>ctNaziauzenum</strong></span> <span class='ocrx_word' id='word_1_609' title='bbox 3575 3729 3710 3785; x_wconf 80' lang='lat' dir='ltr'><strong>Gre-</strong></span> 
     </span>
    </p>
   </div>
   <div class='ocr_carea' id='block_1_83' title="bbox 2129 3823 3709 3905">
    <p class='ocr_par' dir='ltr' id='par_1_83' title="bbox 2129 3823 3709 3905">
     <span class='ocr_line' id='line_1_83' title="bbox 2129 3823 3709 3905; baseline -0.008 -16"><span class='ocrx_word' id='word_1_610' title='bbox 2129 3834 2338 3905; x_wconf 80' lang='lat' dir='ltr'><strong>gorium</strong></span> <span class='ocrx_word' id='word_1_611' title='bbox 2406 3833 2575 3888; x_wconf 84' lang='lat' dir='ltr'><strong>rel’crt</strong></span> <span class='ocrx_word' id='word_1_612' title='bbox 2624 3830 2876 3887; x_wconf 88' lang='lat' dir='ltr'><strong>Socrates</strong></span> <span class='ocrx_word' id='word_1_613' title='bbox 2911 3829 3007 3882; x_wconf 91' lang='lat' dir='ltr'><strong>lib.</strong></span> <span class='ocrx_word' id='word_1_614' title='bbox 3065 3842 3140 3893; x_wconf 82' lang='lat' dir='ltr'><strong>iv,</strong></span> <span class='ocrx_word' id='word_1_615' title='bbox 3179 3839 3297 3894; x_wconf 89' lang='lat' dir='ltr'><strong>cap.</strong></span> <span class='ocrx_word' id='word_1_616' title='bbox 3350 3823 3443 3888; x_wconf 68' lang='lat'><strong>26,</strong></span> <span class='ocrx_word' id='word_1_617' title='bbox 3490 3837 3611 3877; x_wconf 92' lang='lat' dir='ltr'><strong>cum</strong></span> <span class='ocrx_word' id='word_1_618' title='bbox 3638 3827 3709 3876; x_wconf 70' lang='lat' dir='ltr'><strong>at)</strong></span> 
     </span>
    </p>
   </div>
   <div class='ocr_carea' id='block_1_84' title="bbox 2129 3919 3708 3997">
    <p class='ocr_par' dir='ltr' id='par_1_84' title="bbox 2129 3919 3708 3997">
     <span class='ocr_line' id='line_1_84' title="bbox 2129 3919 3708 3997; baseline -0.012 -11"><span class='ocrx_word' id='word_1_619' title='bbox 2129 3931 2353 3986; x_wconf 84' lang='lat' dir='ltr'><strong>Arianis</strong></span> <span class='ocrx_word' id='word_1_620' title='bbox 2404 3927 2655 3997; x_wconf 84' lang='lat' dir='ltr'><strong>Origenis</strong></span> <span class='ocrx_word' id='word_1_621' title='bbox 2683 3925 3010 3981; x_wconf 87' lang='lat' dir='ltr'><strong>auctoritate</strong></span> <span class='ocrx_word' id='word_1_622' title='bbox 3051 3931 3104 3976; x_wconf 89' lang='lat' dir='ltr'><strong>et</strong></span> <span class='ocrx_word' id='word_1_623' title='bbox 3138 3919 3465 3976; x_wconf 88' lang='lat' dir='ltr'><strong>testimoniis</strong></span> <span class='ocrx_word' id='word_1_624' title='bbox 3493 3928 3708 3984; x_wconf 87' lang='lat' dir='ltr'><strong>preme-</strong></span> 
     </span>
    </p>
   </div>
   <div class='ocr_carea' id='block_1_85' title="bbox 2133 4003 3708 4088">
    <p class='ocr_par' dir='ltr' id='par_1_85' title="bbox 2133 4003 3708 4088">
     <span class='ocr_line' id='line_1_85' title="bbox 2133 4003 3708 4088; baseline -0.011 -13"><span class='ocrx_word' id='word_1_625' title='bbox 2133 4029 2341 4086; x_wconf 88' lang='lat' dir='ltr'><strong>rentur,</strong></span> <span class='ocrx_word' id='word_1_626' title='bbox 2363 4033 2645 4088; x_wconf 89' lang='lat' dir='ltr'><strong>perperam</strong></span> <span class='ocrx_word' id='word_1_627' title='bbox 2669 4017 2740 4070; x_wconf 86' lang='lat' dir='ltr'><strong>ab</strong></span> <span class='ocrx_word' id='word_1_628' title='bbox 2777 4015 2842 4069; x_wconf 87' lang='lat' dir='ltr'><strong>iis</strong></span> <span class='ocrx_word' id='word_1_629' title='bbox 2870 4013 3206 4068; x_wconf 91' lang='lat' dir='ltr'><strong>intellectum</strong></span> <span class='ocrx_word' id='word_1_630' title='bbox 3253 4007 3579 4065; x_wconf 83' lang='lat' dir='ltr'><strong>ostendisse.</strong></span> <span class='ocrx_word' id='word_1_631' title='bbox 3610 4003 3708 4058; x_wconf 79' lang='lat' dir='ltr'><strong>Di-</strong></span> 
     </span>
    </p>
   </div>
   <div class='ocr_carea' id='block_1_86' title="bbox 2131 4096 3705 4182">
    <p class='ocr_par' dir='ltr' id='par_1_86' title="bbox 2131 4096 3705 4182">
     <span class='ocr_line' id='line_1_86' title="bbox 2131 4096 3705 4182; baseline -0.011 -16"><span class='ocrx_word' id='word_1_632' title='bbox 2131 4111 2351 4182; x_wconf 80' lang='lat' dir='ltr'><strong>dymum</strong></span> <span class='ocrx_word' id='word_1_633' title='bbox 2384 4119 2643 4178; x_wconf 83' lang='lat' dir='ltr'><strong>praeterea</strong></span> <span class='ocrx_word' id='word_1_634' title='bbox 2673 4105 2924 4176; x_wconf 85' lang='lat' dir='ltr'><strong>Origeuis</strong></span> <span class='ocrx_word' id='word_1_635' title='bbox 2961 4106 3027 4158; x_wconf 88' lang='lat' dir='ltr'><strong>de</strong></span> <span class='ocrx_word' id='word_1_636' title='bbox 3061 4101 3328 4156; x_wconf 89' lang='lat' dir='ltr'><strong>Trinitate</strong></span> <span class='ocrx_word' id='word_1_637' title='bbox 3377 4096 3705 4152; x_wconf 88' lang='lat' dir='ltr'><strong>sententiam</strong></span> 
     </span>
    </p>
   </div>
   <div class='ocr_carea' id='block_1_87' title="bbox 2132 4189 3709 4273">
    <p class='ocr_par' dir='ltr' id='par_1_87' title="bbox 2132 4189 3709 4273">
     <span class='ocr_line' id='line_1_87' title="bbox 2132 4189 3709 4273; baseline -0.009 -17"><span class='ocrx_word' id='word_1_638' title='bbox 2132 4203 2203 4256; x_wconf 90' lang='lat' dir='ltr'><strong>ita</strong></span> <span class='ocrx_word' id='word_1_639' title='bbox 2239 4215 2608 4273; x_wconf 80' lang='lat' dir='ltr'><strong>propugnasse</strong></span> <span class='ocrx_word' id='word_1_640' title='bbox 2644 4201 2723 4254; x_wconf 92' lang='lat' dir='ltr'><strong>ait</strong></span> <span class='ocrx_word' id='word_1_641' title='bbox 2753 4198 3115 4268; x_wconf 82' lang='lat' dir='ltr'><strong>Hieronymus</strong></span> <span class='ocrx_word' id='word_1_642' title='bbox 3150 4195 3309 4264; x_wconf 89' lang='lat' dir='ltr'><strong>epist.</strong></span> <span class='ocrx_word' id='word_1_643' title='bbox 3339 4191 3407 4246; x_wconf 82' lang='grc'><strong>65</strong></span> <span class='ocrx_word' id='word_1_644' title='bbox 3429 4191 3494 4246; x_wconf 92' lang='lat' dir='ltr'><strong>ad</strong></span> <span class='ocrx_word' id='word_1_645' title='bbox 3545 4189 3709 4244; x_wconf 84' lang='lat' dir='ltr'><strong>Pam-</strong></span> 
     </span>
    </p>
   </div>
   <div class='ocr_carea' id='block_1_88' title="bbox 2133 4281 3704 4360">
    <p class='ocr_par' dir='ltr' id='par_1_88' title="bbox 2133 4281 3704 4360">
     <span class='ocr_line' id='line_1_88' title="bbox 2133 4281 3704 4360; baseline -0.007 -13"><span class='ocrx_word' id='word_1_646' title='bbox 2133 4294 2308 4348; x_wconf 88' lang='lat' dir='ltr'><strong>mach.</strong></span> <span class='ocrx_word' id='word_1_647' title='bbox 2333 4305 2386 4346; x_wconf 89' lang='lat' dir='ltr'><strong>et</strong></span> <span class='ocrx_word' id='word_1_648' title='bbox 2411 4294 2611 4348; x_wconf 86' lang='lat' dir='ltr'><strong>Ocean.</strong></span> <span class='ocrx_word' id='word_1_649' title='bbox 2652 4306 2775 4360; x_wconf 87' lang='lat' dir='ltr'><strong>cap.</strong></span> <span class='ocrx_word' id='word_1_650' title='bbox 2827 4289 2880 4354; x_wconf 75' lang='grc'><strong>4,</strong></span> <span class='ocrx_word' id='word_1_651' title='bbox 2925 4297 2979 4343; x_wconf 90' lang='lat' dir='ltr'><strong>et</strong></span> <span class='ocrx_word' id='word_1_652' title='bbox 3011 4287 3232 4356; x_wconf 78' lang='lat' dir='ltr'><strong>Apolog.</strong></span> <span class='ocrx_word' id='word_1_653' title='bbox 3280 4285 3491 4338; x_wconf 78' lang='lat' dir='ltr'><strong>advers.</strong></span> <span class='ocrx_word' id='word_1_654' title='bbox 3521 4281 3704 4350; x_wconf 76' lang='lat' dir='ltr'><strong>Ruﬁn.</strong></span> 
     </span>
    </p>
   </div>
   <div class='ocr_carea' id='block_1_89' title="bbox 2133 4376 3704 4453">
    <p class='ocr_par' dir='ltr' id='par_1_89' title="bbox 2133 4376 3704 4453">
     <span class='ocr_line' id='line_1_89' title="bbox 2133 4376 3704 4453; baseline -0.008 -15"><span class='ocrx_word' id='word_1_655' title='bbox 2133 4385 2226 4440; x_wconf 89' lang='lat' dir='ltr'><strong>lib.</strong></span> <span class='ocrx_word' id='word_1_656' title='bbox 2263 4400 2323 4449; x_wconf 91' lang='grc' dir='ltr'>ιι,</span> <span class='ocrx_word' id='word_1_657' title='bbox 2353 4400 2476 4453; x_wconf 89' lang='lat' dir='ltr'><strong>cap.</strong></span> <span class='ocrx_word' id='word_1_658' title='bbox 2510 4383 2560 4446; x_wconf 71' lang='grc'><strong>4,</strong></span> <span class='ocrx_word' id='word_1_659' title='bbox 2607 4393 2666 4436; x_wconf 85' lang='grc' dir='ltr'><strong>ιιι</strong></span> <span class='ocrx_word' id='word_1_660' title='bbox 2717 4380 2856 4434; x_wconf 91' lang='lat' dir='ltr'><strong>male</strong></span> <span class='ocrx_word' id='word_1_661' title='bbox 2887 4381 3212 4436; x_wconf 84' lang='lat' dir='ltr'><strong>sonantibus</strong></span> <span class='ocrx_word' id='word_1_662' title='bbox 3266 4376 3447 4430; x_wconf 90' lang='lat' dir='ltr'><strong>verbis</strong></span> <span class='ocrx_word' id='word_1_663' title='bbox 3495 4384 3704 4430; x_wconf 87' lang='lat' dir='ltr'><strong>rectum</strong></span> 
     </span>
    </p>
   </div>
   <div class='ocr_carea' id='block_1_90' title="bbox 2135 4465 3706 4540">
    <p class='ocr_par' dir='ltr' id='par_1_90' title="bbox 2135 4465 3706 4540">
     <span class='ocr_line' id='line_1_90' title="bbox 2135 4465 3706 4540; baseline -0.008 -8"><span class='ocrx_word' id='word_1_664' title='bbox 2135 4488 2310 4532; x_wconf 90' lang='lat' dir='ltr'><strong>tamen</strong></span> <span class='ocrx_word' id='word_1_665' title='bbox 2341 4491 2556 4530; x_wconf 84' lang='lat' dir='ltr'><strong>sensum</strong></span> <span class='ocrx_word' id='word_1_666' title='bbox 2592 4475 2768 4530; x_wconf 84' lang='lat' dir='ltr'><strong>inesse</strong></span> <span class='ocrx_word' id='word_1_667' title='bbox 2803 4475 3008 4528; x_wconf 84' lang='lat' dir='ltr'><strong>diceret</strong></span> <span class='ocrx_word' id='word_1_668' title='bbox 3053 4490 3065 4525; x_wconf 92' lang='lat'>:</span> <span class='ocrx_word' id='word_1_669' title='bbox 3109 4489 3127 4522; x_wconf 72' lang='grc' dir='ltr'>ι</span> <span class='ocrx_word' id='word_1_670' title='bbox 3175 4471 3430 4540; x_wconf 69' lang='lat' dir='ltr'><strong>Didymus</strong></span> <span class='ocrx_word' id='word_1_671' title='bbox 3458 4509 3473 4534; x_wconf 89' lang='lat'><strong>,</strong></span> <span class='ocrx_word' id='word_1_672' title='bbox 3513 4465 3706 4536; x_wconf 82' lang='lat' dir='ltr'><strong>inquit,</strong></span> 
     </span>
    </p>
   </div>
   <div class='ocr_carea' id='block_1_91' title="bbox 449 4559 2042 4652">
    <p class='ocr_par' dir='ltr' id='par_1_91' title="bbox 449 4563 2026 4639">
     <span class='ocr_line' id='line_1_91' title="bbox 449 4563 2026 4639; baseline 0.004 -22"><span class='ocrx_word' id='word_1_673' title='bbox 449 4563 662 4630; x_wconf 84' lang='grc' dir='ltr'>δεικνὺς</span> <span class='ocrx_word' id='word_1_674' title='bbox 689 4567 906 4632; x_wconf 82' lang='grc' dir='ltr'>ἑαυτοῦ,</span> <span class='ocrx_word' id='word_1_675' title='bbox 936 4567 1120 4621; x_wconf 82' lang='grc' dir='ltr'>οὐκέτι</span> <span class='ocrx_word' id='word_1_676' title='bbox 1149 4567 1407 4621; x_wconf 76' lang='grc' dir='ltr'>ἐλάττονα</span> <span class='ocrx_word' id='word_1_677' title='bbox 1435 4569 1626 4622; x_wconf 78' lang='grc' dir='ltr'>ἑαυτὸν</span> <span class='ocrx_word' id='word_1_678' title='bbox 1653 4569 1747 4622; x_wconf 79' lang='grc' dir='ltr'>τοῦ</span> <span class='ocrx_word' id='word_1_679' title='bbox 1777 4569 2026 4639; x_wconf 86' lang='grc' dir='ltr'>ΙΙνεύμα-</span> 
     </span>
    </p>
   </div>
   <div class='ocr_carea' id='block_1_92' title="bbox 2131 4559 3710 4652">
    <p class='ocr_par' dir='ltr' id='par_1_92' title="bbox 2136 4559 3710 4640">
     <span class='ocr_line' id='line_1_92' title="bbox 2136 4559 3710 4640; baseline -0.008 -15"><span class='ocrx_word' id='word_1_680' title='bbox 2136 4571 2188 4625; x_wconf 92' lang='lat' dir='ltr'><strong>in</strong></span> <span class='ocrx_word' id='word_1_681' title='bbox 2233 4570 2363 4640; x_wconf 86' lang='lat' dir='ltr'><strong>ipsis</strong></span> <span class='ocrx_word' id='word_1_682' title='bbox 2390 4567 2532 4637; x_wconf 75' lang='grc' dir='ltr'>Περὶ</span> <span class='ocrx_word' id='word_1_683' title='bbox 2557 4565 2778 4637; x_wconf 78' lang='grc' dir='ltr'><strong>ἀρχῶν,</strong></span> <span class='ocrx_word' id='word_1_684' title='bbox 2810 4581 2944 4635; x_wconf 90' lang='lat' dir='ltr'><strong>quos</strong></span> <span class='ocrx_word' id='word_1_685' title='bbox 2980 4578 3041 4618; x_wconf 15' lang='lat' dir='ltr'><strong>tu;</strong></span> <span class='ocrx_word' id='word_1_686' title='bbox 3093 4565 3484 4633; x_wconf 87' lang='lat' dir='ltr'><strong>interpretatus</strong></span> <span class='ocrx_word' id='word_1_687' title='bbox 3522 4575 3601 4624; x_wconf 87' lang='lat' dir='ltr'><strong>es,</strong></span> <span class='ocrx_word' id='word_1_688' title='bbox 3641 4559 3710 4613; x_wconf 84' lang='lat' dir='ltr'><strong>li-</strong></span> 
     </span>
    </p>
   </div>
   <div class='ocr_carea' id='block_1_93' title="bbox 449 4657 2024 4732">
    <p class='ocr_par' dir='ltr' id='par_1_93' title="bbox 449 4657 2024 4732">
     <span class='ocr_line' id='line_1_93' title="bbox 449 4657 2024 4732; baseline 0.003 -23"><span class='ocrx_word' id='word_1_689' title='bbox 449 4673 560 4722; x_wconf 86' lang='grc' dir='ltr'>τος,</span> <span class='ocrx_word' id='word_1_690' title='bbox 605 4657 739 4711; x_wconf 84' lang='grc' dir='ltr'>ἀλλὰ</span> <span class='ocrx_word' id='word_1_691' title='bbox 787 4659 1008 4730; x_wconf 80' lang='grc' dir='ltr'>μείζονα</span> <span class='ocrx_word' id='word_1_692' title='bbox 1053 4660 1148 4714; x_wconf 78' lang='grc' dir='ltr'><strong>καὶ</strong></span> <span class='ocrx_word' id='word_1_693' title='bbox 1187 4659 1300 4714; x_wconf 81' lang='grc' dir='ltr'>ἴσον</span> <span class='ocrx_word' id='word_1_694' title='bbox 1329 4659 1456 4714; x_wconf 79' lang='grc' dir='ltr'>ὄντα</span> <span class='ocrx_word' id='word_1_695' title='bbox 1503 4661 1805 4732; x_wconf 85' lang='grc' dir='ltr'>σημαίνων,</span> <span class='ocrx_word' id='word_1_696' title='bbox 1853 4661 2024 4715; x_wconf 78' lang='grc' dir='ltr'>ἐδίδου</span> 
     </span>
    </p>
   </div>
   <div class='ocr_carea' id='block_1_94' title="bbox 452 4748 2023 4826">
    <p class='ocr_par' dir='ltr' id='par_1_94' title="bbox 452 4748 2023 4826">
     <span class='ocr_line' id='line_1_94' title="bbox 452 4748 2023 4826; baseline 0.003 -25"><span class='ocrx_word' id='word_1_697' title='bbox 452 4749 552 4820; x_wconf 78' lang='grc' dir='ltr'><strong>μὲν</strong></span> <span class='ocrx_word' id='word_1_698' title='bbox 565 4748 627 4802; x_wconf 86' lang='grc' dir='ltr'>τὺ</span> <span class='ocrx_word' id='word_1_699' title='bbox 643 4749 886 4822; x_wconf 82' lang='grc' dir='ltr'>Πνεῦμα,</span> <span class='ocrx_word' id='word_1_700' title='bbox 922 4751 1017 4804; x_wconf 75' lang='grc' dir='ltr'><strong>καὶ</strong></span> <span class='ocrx_word' id='word_1_701' title='bbox 1045 4751 1218 4821; x_wconf 76' lang='grc' dir='ltr'>ἔλεγε·</span> <span class='ocrx_word' id='word_1_702' title='bbox 1249 4751 1468 4806; x_wconf 82' lang='grc' dir='ltr'>Λάϐετε</span> <span class='ocrx_word' id='word_1_703' title='bbox 1487 4754 1552 4805; x_wconf 83' lang='grc' dir='ltr'>τὸ</span> <span class='ocrx_word' id='word_1_704' title='bbox 1570 4752 1812 4822; x_wconf 81' lang='grc' dir='ltr'>Πνεῦμα</span> <span class='ocrx_word' id='word_1_705' title='bbox 1831 4752 2023 4826; x_wconf 74' lang='grc' dir='ltr'><strong>ἅγιον,</strong></span> 
     </span>
    </p>
   </div>
   <div class='ocr_carea' id='block_1_95' title="bbox 449 4841 2022 4914">
    <p class='ocr_par' dir='ltr' id='par_1_95' title="bbox 449 4841 2022 4914">
     <span class='ocr_line' id='line_1_95' title="bbox 449 4841 2022 4914; baseline 0.004 -21"><span class='ocrx_word' id='word_1_706' title='bbox 449 4841 565 4894; x_wconf 79' lang='grc' dir='ltr'>καί’</span> <span class='ocrx_word' id='word_1_707' title='bbox 631 4841 770 4911; x_wconf 76' lang='grc' dir='ltr'><strong>Ἐγὼ</strong></span> <span class='ocrx_word' id='word_1_708' title='bbox 783 4843 928 4897; x_wconf 83' lang='grc' dir='ltr'>αὐτὸ</span> <span class='ocrx_word' id='word_1_709' title='bbox 942 4845 1320 4908; x_wconf 76' lang='grc' dir='ltr'>ἀποστέλλω,</span> <span class='ocrx_word' id='word_1_710' title='bbox 1342 4845 1619 4911; x_wconf 72' lang='grc' dir='ltr'><strong>κάκεῖνος</strong></span> <span class='ocrx_word' id='word_1_711' title='bbox 1633 4844 1740 4914; x_wconf 83' lang='grc' dir='ltr'><strong>ἐμὲ</strong></span> <span class='ocrx_word' id='word_1_712' title='bbox 1755 4843 2022 4909; x_wconf 82' lang='grc' dir='ltr'>δοξάσει.</span> 
     </span>
    </p>
   </div>
   <div class='ocr_carea' id='block_1_96' title="bbox 453 4931 2022 5004">
    <p class='ocr_par' dir='ltr' id='par_1_96' title="bbox 453 4931 2022 5004">
     <span class='ocr_line' id='line_1_96' title="bbox 453 4931 2022 5004; baseline 0.004 -21"><span class='ocrx_word' id='word_1_713' title='bbox 453 4949 474 4983; x_wconf 70' lang='grc' dir='ltr'><strong><em>α</em></strong></span> <span class='ocrx_word' id='word_1_714' title='bbox 536 4931 663 4989; x_wconf 84' lang='lat' dir='ltr'><strong>Haec</strong></span> <span class='ocrx_word' id='word_1_715' title='bbox 725 4936 942 5004; x_wconf 91' lang='lat' dir='ltr'><strong>quidem</strong></span> <span class='ocrx_word' id='word_1_716' title='bbox 1010 4935 1209 4992; x_wconf 63' lang='lat' dir='ltr'><strong>Iudaeis</strong></span> <span class='ocrx_word' id='word_1_717' title='bbox 1261 4945 1514 5004; x_wconf 87' lang='lat' dir='ltr'><strong>tanquam</strong></span> <span class='ocrx_word' id='word_1_718' title='bbox 1575 4938 1736 4991; x_wconf 91' lang='lat' dir='ltr'><strong>homo</strong></span> <span class='ocrx_word' id='word_1_719' title='bbox 1807 4936 2022 4990; x_wconf 87' lang='lat' dir='ltr'><strong>dicebat</strong></span> 
     </span>
    </p>
   </div>
   <div class='ocr_carea' id='block_1_97' title="bbox 450 5021 2022 5096">
    <p class='ocr_par' dir='ltr' id='par_1_97' title="bbox 450 5021 2022 5096">
     <span class='ocr_line' id='line_1_97' title="bbox 450 5021 2022 5096; baseline 0.003 -21"><span class='ocrx_word' id='word_1_720' title='bbox 450 5021 752 5080; x_wconf 87' lang='lat' dir='ltr'><strong>Dominus:</strong></span> <span class='ocrx_word' id='word_1_721' title='bbox 785 5026 1064 5095; x_wconf 83' lang='lat' dir='ltr'><strong>discipulis</strong></span> <span class='ocrx_word' id='word_1_722' title='bbox 1097 5037 1278 5081; x_wconf 87' lang='lat' dir='ltr'><strong>autem</strong></span> <span class='ocrx_word' id='word_1_723' title='bbox 1335 5028 1676 5082; x_wconf 88' lang='lat' dir='ltr'><strong>divinitatem</strong></span> <span class='ocrx_word' id='word_1_724' title='bbox 1705 5035 1760 5082; x_wconf 86' lang='lat' dir='ltr'><strong>et</strong></span> <span class='ocrx_word' id='word_1_725' title='bbox 1810 5026 2022 5096; x_wconf 52' lang='lat' dir='ltr'><strong>magni-</strong></span> 
     </span>
    </p>
   </div>
   <div class='ocr_carea' id='block_1_98' title="bbox 451 5117 2021 5187">
    <p class='ocr_par' dir='ltr' id='par_1_98' title="bbox 451 5117 2021 5187">
     <span class='ocr_line' id='line_1_98' title="bbox 451 5117 2021 5187; baseline 0 -17"><span class='ocrx_word' id='word_1_726' title='bbox 451 5118 690 5171; x_wconf 88' lang='lat' dir='ltr'><strong>tudinem</strong></span> <span class='ocrx_word' id='word_1_727' title='bbox 723 5133 876 5172; x_wconf 88' lang='lat' dir='ltr'><strong>suam</strong></span> <span class='ocrx_word' id='word_1_728' title='bbox 901 5119 1219 5182; x_wconf 89' lang='lat' dir='ltr'><strong>ostendens,</strong></span> <span class='ocrx_word' id='word_1_729' title='bbox 1257 5133 1360 5172; x_wconf 93' lang='lat' dir='ltr'><strong>non</strong></span> <span class='ocrx_word' id='word_1_730' title='bbox 1383 5117 1497 5186; x_wconf 86' lang='lat' dir='ltr'><strong>jam</strong></span> <span class='ocrx_word' id='word_1_731' title='bbox 1531 5118 1764 5187; x_wconf 89' lang='lat' dir='ltr'><strong>amplius</strong></span> <span class='ocrx_word' id='word_1_732' title='bbox 1809 5133 1867 5172; x_wconf 90' lang='lat' dir='ltr'><strong>se</strong></span> <span class='ocrx_word' id='word_1_733' title='bbox 1897 5117 2021 5186; x_wconf 84' lang='lat' dir='ltr'><strong>Spi-</strong></span> 
     </span>
    </p>
   </div>
   <div class='ocr_carea' id='block_1_99' title="bbox 451 5209 2020 5280">
    <p class='ocr_par' dir='ltr' id='par_1_99' title="bbox 451 5209 2020 5280">
     <span class='ocr_line' id='line_1_99' title="bbox 451 5209 2020 5280; baseline 0.002 -19"><span class='ocrx_word' id='word_1_734' title='bbox 451 5209 556 5262; x_wconf 88' lang='lat' dir='ltr'><strong>ritu</strong></span> <span class='ocrx_word' id='word_1_735' title='bbox 596 5209 880 5276; x_wconf 91' lang='lat' dir='ltr'><strong>minorem,</strong></span> <span class='ocrx_word' id='word_1_736' title='bbox 909 5211 1000 5264; x_wconf 90' lang='lat' dir='ltr'><strong>sed</strong></span> <span class='ocrx_word' id='word_1_737' title='bbox 1032 5210 1290 5279; x_wconf 87' lang='lat' dir='ltr'><strong>majorem</strong></span> <span class='ocrx_word' id='word_1_738' title='bbox 1329 5219 1386 5264; x_wconf 89' lang='lat' dir='ltr'><strong>et</strong></span> <span class='ocrx_word' id='word_1_739' title='bbox 1407 5211 1669 5280; x_wconf 71' lang='lat' dir='ltr'><strong>aequalem</strong></span> <span class='ocrx_word' id='word_1_740' title='bbox 1699 5225 1819 5264; x_wconf 86' lang='lat' dir='ltr'><strong>esse</strong></span> <span class='ocrx_word' id='word_1_741' title='bbox 1847 5212 2020 5280; x_wconf 77' lang='lat' dir='ltr'><strong>signi-</strong></span> 
     </span>
    </p>
   </div>
   <div class='ocr_carea' id='block_1_100' title="bbox 451 5300 2020 5371">
    <p class='ocr_par' dir='ltr' id='par_1_100' title="bbox 451 5300 2020 5371">
     <span class='ocr_line' id='line_1_100' title="bbox 451 5300 2020 5371; baseline 0 -17"><span class='ocrx_word' id='word_1_742' title='bbox 451 5300 642 5363; x_wconf 81' lang='lat' dir='ltr'><strong>ﬁcans,</strong></span> <span class='ocrx_word' id='word_1_743' title='bbox 693 5302 854 5355; x_wconf 88' lang='lat' dir='ltr'><strong>dabat</strong></span> <span class='ocrx_word' id='word_1_744' title='bbox 885 5302 1105 5371; x_wconf 88' lang='lat' dir='ltr'><strong>quidem</strong></span> <span class='ocrx_word' id='word_1_745' title='bbox 1141 5301 1433 5370; x_wconf 89' lang='lat' dir='ltr'><strong>Spiritum,</strong></span> <span class='ocrx_word' id='word_1_746' title='bbox 1467 5312 1522 5355; x_wconf 88' lang='lat' dir='ltr'><strong>et</strong></span> <span class='ocrx_word' id='word_1_747' title='bbox 1567 5301 1781 5356; x_wconf 83' lang='lat' dir='ltr'><strong>dicebat</strong></span> <span class='ocrx_word' id='word_1_748' title='bbox 1814 5319 1826 5354; x_wconf 92' lang='lat'>:</span> <span class='ocrx_word' id='word_1_749' title='bbox 1868 5300 2020 5354; x_wconf 77' lang='lat' dir='ltr'><strong>Arci-</strong></span> 
     </span>
    </p>
   </div>
   <div class='ocr_carea' id='block_1_101' title="bbox 449 5391 2024 5463">
    <p class='ocr_par' dir='ltr' id='par_1_101' title="bbox 449 5391 2024 5463">
     <span class='ocr_line' id='line_1_101' title="bbox 449 5391 2024 5463; baseline 0.003 -21"><span class='ocrx_word' id='word_1_750' title='bbox 449 5395 554 5463; x_wconf 81' lang='lat' dir='ltr'><strong>pite</strong></span> <span class='ocrx_word' id='word_1_751' title='bbox 572 5392 828 5462; x_wconf 79' lang='lat' dir='ltr'><strong>Spiritum</strong></span> <span class='ocrx_word' id='word_1_752' title='bbox 858 5405 1097 5446; x_wconf 74' lang='lat' dir='ltr'><strong>sanciunt</strong></span> <span class='ocrx_word' id='word_1_753' title='bbox 1123 5393 1200 5459; x_wconf 82' lang='lat'><strong>“;</strong></span> <span class='ocrx_word' id='word_1_754' title='bbox 1226 5403 1280 5447; x_wconf 90' lang='lat' dir='ltr'><strong>et</strong></span> <span class='ocrx_word' id='word_1_755' title='bbox 1309 5391 1614 5462; x_wconf 78' lang='lat' dir='ltr'><strong>:Egoillum</strong></span> <span class='ocrx_word' id='word_1_756' title='bbox 1640 5392 1817 5456; x_wconf 84' lang='lat' dir='ltr'><strong>mitto,</strong></span> <span class='ocrx_word' id='word_1_757' title='bbox 1841 5394 2024 5461; x_wconf 75' lang='lat' dir='ltr'><strong>et&#39;ipse</strong></span> 
     </span>
    </p>
   </div>
   <div class='ocr_carea' id='block_1_102' title="bbox 453 5486 2024 5558">
    <p class='ocr_par' dir='ltr' id='par_1_102' title="bbox 453 5486 2024 5558">
     <span class='ocr_line' id='line_1_102' title="bbox 453 5486 2024 5558; baseline -0.001 -18"><span class='ocrx_word' id='word_1_758' title='bbox 453 5505 532 5541; x_wconf 86' lang='lat' dir='ltr'><strong>me</strong></span> <span class='ocrx_word' id='word_1_759' title='bbox 564 5487 875 5558; x_wconf 80' lang='lat' dir='ltr'><strong>gloriﬁcabit</strong></span> <span class='ocrx_word' id='word_1_760' title='bbox 906 5487 972 5540; x_wconf 81' lang='grc'><strong>’¹.</strong></span> <span class='ocrx_word' id='word_1_761' title='bbox 1003 5504 1022 5538; x_wconf 72' lang='grc' dir='ltr'>ι</span> <span class='ocrx_word' id='word_1_762' title='bbox 1051 5486 1262 5542; x_wconf 89' lang='lat' dir='ltr'><strong>Clarius</strong></span> <span class='ocrx_word' id='word_1_763' title='bbox 1300 5488 1463 5540; x_wconf 81' lang='lat' dir='ltr'><strong>etiam</strong></span> <span class='ocrx_word' id='word_1_764' title='bbox 1504 5486 1735 5543; x_wconf 86' lang='lat' dir='ltr'><strong>Basilius</strong></span> <span class='ocrx_word' id='word_1_765' title='bbox 1763 5506 1779 5542; x_wconf 87' lang='lat'><strong>:</strong></span> <span class='ocrx_word' id='word_1_766' title='bbox 1813 5487 2024 5558; x_wconf 85' lang='grc' dir='ltr'>Ὥσπερ</span> 
     </span>
    </p>
   </div>
   <div class='ocr_carea' id='block_1_103' title="bbox 451 5577 2022 5651">
    <p class='ocr_par' dir='ltr' id='par_1_103' title="bbox 451 5577 2022 5651">
     <span class='ocr_line' id='line_1_103' title="bbox 451 5577 2022 5651; baseline 0.001 -20"><span class='ocrx_word' id='word_1_767' title='bbox 451 5579 481 5630; x_wconf 79' lang='grc' dir='ltr'><strong><em>ὁ</em></strong></span> <span class='ocrx_word' id='word_1_768' title='bbox 502 5579 632 5642; x_wconf 82' lang='grc' dir='ltr'>Υἱὸς</span> <span class='ocrx_word' id='word_1_769' title='bbox 655 5577 807 5644; x_wconf 79' lang='grc' dir='ltr'>τάξει</span> <span class='ocrx_word' id='word_1_770' title='bbox 839 5577 938 5650; x_wconf 81' lang='grc' dir='ltr'><strong>μὲν</strong></span> <span class='ocrx_word' id='word_1_771' title='bbox 966 5578 1217 5651; x_wconf 86' lang='grc' dir='ltr'>δεύτερος</span> <span class='ocrx_word' id='word_1_772' title='bbox 1243 5577 1338 5632; x_wconf 76' lang='grc' dir='ltr'>τοῦ</span> <span class='ocrx_word' id='word_1_773' title='bbox 1378 5579 1592 5650; x_wconf 81' lang='grc' dir='ltr'><strong>Πατρός</strong></span> <span class='ocrx_word' id='word_1_774' title='bbox 1614 5594 1627 5608; x_wconf 83' lang='grc'>⁶</span> <span class='ocrx_word' id='word_1_775' title='bbox 1660 5580 2022 5651; x_wconf 83' lang='grc' dir='ltr'>προτέτακται</span> 
     </span>
    </p>
   </div>
   <div class='ocr_carea' id='block_1_104' title="bbox 452 5671 2024 5744">
    <p class='ocr_par' dir='ltr' id='par_1_104' title="bbox 452 5671 2024 5744">
     <span class='ocr_line' id='line_1_104' title="bbox 452 5671 2024 5744; baseline 0.001 -20"><span class='ocrx_word' id='word_1_776' title='bbox 452 5671 560 5743; x_wconf 75' lang='grc' dir='ltr'><strong>γὰρ</strong></span> <span class='ocrx_word' id='word_1_777' title='bbox 593 5675 621 5726; x_wconf 87' lang='grc' dir='ltr'>ὁ</span> <span class='ocrx_word' id='word_1_778' title='bbox 650 5671 837 5744; x_wconf 82' lang='grc' dir='ltr'>Πατὴρ</span> <span class='ocrx_word' id='word_1_779' title='bbox 860 5673 916 5724; x_wconf 78' lang='grc' dir='ltr'><strong>ὲν</strong></span> <span class='ocrx_word' id='word_1_780' title='bbox 946 5673 1009 5742; x_wconf 80' lang='grc' dir='ltr'>τῇ</span> <span class='ocrx_word' id='word_1_781' title='bbox 1045 5671 1527 5742; x_wconf 78' lang='grc' dir='ltr'>συναριθμήσει....</span> <span class='ocrx_word' id='word_1_782' title='bbox 1559 5671 1636 5724; x_wconf 79' lang='grc' dir='ltr'>ἔτι</span> <span class='ocrx_word' id='word_1_783' title='bbox 1669 5671 1725 5723; x_wconf 85' lang='grc' dir='ltr'><strong>δὲ</strong></span> <span class='ocrx_word' id='word_1_784' title='bbox 1749 5672 1842 5724; x_wconf 73' lang='grc' dir='ltr'><strong>καὶ</strong></span> <span class='ocrx_word' id='word_1_785' title='bbox 1862 5671 2024 5737; x_wconf 80' lang='grc' dir='ltr'>ἀξιώ-</span> 
     </span>
    </p>
   </div>
   <div class='ocr_carea' id='block_1_105' title="bbox 2131 4655 3711 4725">
    <p class='ocr_par' dir='ltr' id='par_1_105' title="bbox 2131 4655 3711 4725">
     <span class='ocr_line' id='line_1_105' title="bbox 2131 4655 3711 4725; baseline -0.008 -8"><span class='ocrx_word' id='word_1_786' title='bbox 2131 4662 2245 4717; x_wconf 90' lang='lat' dir='ltr'><strong>bris</strong></span> <span class='ocrx_word' id='word_1_787' title='bbox 2274 4661 2466 4717; x_wconf 89' lang='lat' dir='ltr'><strong>breves</strong></span> <span class='ocrx_word' id='word_1_788' title='bbox 2487 4661 2712 4715; x_wconf 87' lang='lat' dir='ltr'><strong>dictavit</strong></span> <span class='ocrx_word' id='word_1_789' title='bbox 2729 4657 3232 4722; x_wconf 89' lang='lat' dir='ltr'><strong>commentariolos,</strong></span> <span class='ocrx_word' id='word_1_790' title='bbox 3253 4655 3450 4725; x_wconf 90' lang='lat' dir='ltr'><strong>quibus</strong></span> <span class='ocrx_word' id='word_1_791' title='bbox 3473 4667 3580 4708; x_wconf 90' lang='lat' dir='ltr'><strong>non</strong></span> <span class='ocrx_word' id='word_1_792' title='bbox 3615 4666 3711 4706; x_wconf 81' lang='lat' dir='ltr'><strong>ne-</strong></span> 
     </span>
    </p>
   </div>
   <div class='ocr_carea' id='block_1_106' title="bbox 2133 4743 3710 4824">
    <p class='ocr_par' dir='ltr' id='par_1_106' title="bbox 2133 4743 3710 4824">
     <span class='ocr_line' id='line_1_106' title="bbox 2133 4743 3710 4824; baseline -0.007 -15"><span class='ocrx_word' id='word_1_793' title='bbox 2133 4762 2287 4824; x_wconf 83' lang='lat' dir='ltr'><strong>garet</strong></span> <span class='ocrx_word' id='word_1_794' title='bbox 2319 4754 2386 4808; x_wconf 88' lang='lat' dir='ltr'><strong>ab</strong></span> <span class='ocrx_word' id='word_1_795' title='bbox 2412 4751 2644 4821; x_wconf 81' lang='lat' dir='ltr'><strong>Origene</strong></span> <span class='ocrx_word' id='word_1_796' title='bbox 2660 4751 2884 4820; x_wconf 90' lang='lat' dir='ltr'><strong>scripta,</strong></span> <span class='ocrx_word' id='word_1_797' title='bbox 2910 4764 3030 4819; x_wconf 66' lang='lat' dir='ltr'><strong>quae</strong></span> <span class='ocrx_word' id='word_1_798' title='bbox 3058 4748 3256 4817; x_wconf 89' lang='lat' dir='ltr'><strong>scripta</strong></span> <span class='ocrx_word' id='word_1_799' title='bbox 3289 4754 3459 4812; x_wconf 88' lang='lat' dir='ltr'><strong>sunt;</strong></span> <span class='ocrx_word' id='word_1_800' title='bbox 3489 4743 3583 4799; x_wconf 88' lang='lat' dir='ltr'><strong>sed</strong></span> <span class='ocrx_word' id='word_1_801' title='bbox 3611 4757 3710 4799; x_wconf 89' lang='lat' dir='ltr'><strong>nos</strong></span> 
     </span>
    </p>
   </div>
   <div class='ocr_carea' id='block_1_107' title="bbox 2133 4836 3708 4916">
    <p class='ocr_par' dir='ltr' id='par_1_107' title="bbox 2133 4836 3708 4916">
     <span class='ocr_line' id='line_1_107' title="bbox 2133 4836 3708 4916; baseline -0.008 -15"><span class='ocrx_word' id='word_1_802' title='bbox 2133 4845 2407 4916; x_wconf 87' lang='lat' dir='ltr'><strong>simplices</strong></span> <span class='ocrx_word' id='word_1_803' title='bbox 2438 4843 2684 4898; x_wconf 88' lang='lat' dir='ltr'><strong>homines</strong></span> <span class='ocrx_word' id='word_1_804' title='bbox 2719 4856 2822 4897; x_wconf 92' lang='lat' dir='ltr'><strong>non</strong></span> <span class='ocrx_word' id='word_1_805' title='bbox 2860 4855 3020 4910; x_wconf 89' lang='lat' dir='ltr'><strong>posse</strong></span> <span class='ocrx_word' id='word_1_806' title='bbox 3043 4839 3346 4908; x_wconf 76' lang='lat' dir='ltr'><strong>intelligere</strong></span> <span class='ocrx_word' id='word_1_807' title='bbox 3375 4851 3494 4906; x_wconf 74' lang='lat' dir='ltr'><strong>qua:</strong></span> <span class='ocrx_word' id='word_1_808' title='bbox 3516 4836 3708 4890; x_wconf 91' lang='lat' dir='ltr'><strong>dicun-</strong></span> 
     </span>
    </p>
   </div>
   <div class='ocr_carea' id='block_1_108' title="bbox 2135 4929 3706 5009">
    <p class='ocr_par' dir='ltr' id='par_1_108' title="bbox 2135 4929 3706 5009">
     <span class='ocr_line' id='line_1_108' title="bbox 2135 4929 3706 5009; baseline -0.009 -15"><span class='ocrx_word' id='word_1_809' title='bbox 2135 4952 2258 5009; x_wconf 83' lang='lat' dir='ltr'><strong>tur;</strong></span> <span class='ocrx_word' id='word_1_810' title='bbox 2283 4946 2339 4993; x_wconf 90' lang='lat' dir='ltr'><strong>et</strong></span> <span class='ocrx_word' id='word_1_811' title='bbox 2365 4951 2472 5007; x_wconf 91' lang='lat' dir='ltr'><strong>quo</strong></span> <span class='ocrx_word' id='word_1_812' title='bbox 2506 4949 2667 4990; x_wconf 89' lang='lat' dir='ltr'><strong>sensu</strong></span> <span class='ocrx_word' id='word_1_813' title='bbox 2704 4935 2756 4988; x_wconf 91' lang='lat' dir='ltr'><strong>in</strong></span> <span class='ocrx_word' id='word_1_814' title='bbox 2789 4935 2986 4989; x_wconf 85' lang='lat' dir='ltr'><strong>bonam</strong></span> <span class='ocrx_word' id='word_1_815' title='bbox 3011 4940 3219 5002; x_wconf 86' lang='lat' dir='ltr'><strong>partem</strong></span> <span class='ocrx_word' id='word_1_816' title='bbox 3252 4929 3423 4999; x_wconf 88' lang='lat' dir='ltr'><strong>accipi</strong></span> <span class='ocrx_word' id='word_1_817' title='bbox 3453 4929 3706 4987; x_wconf 84' lang='lat' dir='ltr'><strong>debeant,</strong></span> 
     </span>
    </p>
   </div>
   <div class='ocr_carea' id='block_1_109' title="bbox 2127 5019 3707 5098">
    <p class='ocr_par' dir='ltr' id='par_1_109' title="bbox 2127 5019 3707 5098">
     <span class='ocr_line' id='line_1_109' title="bbox 2127 5019 3707 5098; baseline -0.007 -14"><span class='ocrx_word' id='word_1_818' title='bbox 2127 5029 2458 5098; x_wconf 86' lang='lat' dir='ltr'><strong>persuadere</strong></span> <span class='ocrx_word' id='word_1_819' title='bbox 2489 5035 2736 5079; x_wconf 74' lang='lat' dir='ltr'><strong>certatur.</strong></span> <span class='ocrx_word' id='word_1_820' title='bbox 2779 5042 2796 5075; x_wconf 78' lang='grc' dir='ltr'>ι</span> <span class='ocrx_word' id='word_1_821' title='bbox 2856 5023 3082 5079; x_wconf 79' lang='lat' dir='ltr'><strong>Accedit</strong></span> <span class='ocrx_word' id='word_1_822' title='bbox 3122 5021 3386 5092; x_wconf 90' lang='lat' dir='ltr'><strong>anonymi</strong></span> <span class='ocrx_word' id='word_1_823' title='bbox 3421 5019 3707 5089; x_wconf 89' lang='lat' dir='ltr'><strong>scriptoris</strong></span> 
     </span>
    </p>
   </div>
   <div class='ocr_carea' id='block_1_110' title="bbox 2126 5112 3708 5176">
    <p class='ocr_par' dir='ltr' id='par_1_110' title="bbox 2126 5112 3708 5176">
     <span class='ocr_line' id='line_1_110' title="bbox 2126 5112 3708 5176; baseline -0.008 0"><span class='ocrx_word' id='word_1_824' title='bbox 2126 5138 2156 5176; x_wconf 91' lang='lat' dir='ltr'><strong>a</strong></span> <span class='ocrx_word' id='word_1_825' title='bbox 2189 5120 2381 5176; x_wconf 89' lang='lat' dir='ltr'><strong>Photio</strong></span> <span class='ocrx_word' id='word_1_826' title='bbox 2434 5118 2558 5176; x_wconf 91' lang='lat' dir='ltr'><strong>cod.</strong></span> <span class='ocrx_word' id='word_1_827' title='bbox 2619 5133 2762 5174; x_wconf 82' lang='lat' dir='ltr'><strong>cxvn</strong></span> <span class='ocrx_word' id='word_1_828' title='bbox 2800 5115 3212 5172; x_wconf 88' lang='lat' dir='ltr'><strong>commemorati</strong></span> <span class='ocrx_word' id='word_1_829' title='bbox 3278 5112 3605 5167; x_wconf 88' lang='lat' dir='ltr'><strong>testilicatio.</strong></span> <span class='ocrx_word' id='word_1_830' title='bbox 3660 5112 3708 5165; x_wconf 87' lang='lat' dir='ltr'><strong>Is</strong></span> 
     </span>
    </p>
   </div>
   <div class='ocr_carea' id='block_1_111' title="bbox 2126 5206 3705 5284">
    <p class='ocr_par' dir='ltr' id='par_1_111' title="bbox 2126 5206 3705 5284">
     <span class='ocr_line' id='line_1_111' title="bbox 2126 5206 3705 5284; baseline -0.007 -13"><span class='ocrx_word' id='word_1_831' title='bbox 2126 5215 2377 5284; x_wconf 76' lang='lat' dir='ltr'><strong>Origenis</strong></span> <span class='ocrx_word' id='word_1_832' title='bbox 2434 5214 2808 5268; x_wconf 86' lang='lat' dir='ltr'><strong>defensionem</strong></span> <span class='ocrx_word' id='word_1_833' title='bbox 2867 5212 3108 5279; x_wconf 88' lang='lat' dir='ltr'><strong>quinque</strong></span> <span class='ocrx_word' id='word_1_834' title='bbox 3158 5209 3312 5264; x_wconf 88' lang='lat' dir='ltr'><strong>libris</strong></span> <span class='ocrx_word' id='word_1_835' title='bbox 3345 5206 3663 5275; x_wconf 80' lang='lat' dir='ltr'><strong>complexus</strong></span> <span class='ocrx_word' id='word_1_836' title='bbox 3692 5247 3705 5269; x_wconf 94' lang='lat'><strong>,</strong></span> 
     </span>
    </p>
   </div>
   <div class='ocr_carea' id='block_1_112' title="bbox 2124 5285 3710 5377">
    <p class='ocr_par' dir='ltr' id='par_1_112' title="bbox 2124 5285 3710 5377">
     <span class='ocr_line' id='line_1_112' title="bbox 2124 5285 3710 5377; baseline -0.005 -18"><span class='ocrx_word' id='word_1_837' title='bbox 2124 5307 2257 5377; x_wconf 71' lang='grc' dir='ltr'>φησὶ</span> <span class='ocrx_word' id='word_1_838' title='bbox 2281 5305 2444 5377; x_wconf 79' lang='grc' dir='ltr'>μηδὲν</span> <span class='ocrx_word' id='word_1_839' title='bbox 2467 5304 2628 5358; x_wconf 81' lang='grc' dir='ltr'>αὑτὸν</span> <span class='ocrx_word' id='word_1_840' title='bbox 2648 5302 2788 5357; x_wconf 82' lang='grc' dir='ltr'>κατὰ</span> <span class='ocrx_word' id='word_1_841' title='bbox 2813 5301 2970 5366; x_wconf 80' lang='grc' dir='ltr'>δόξαν</span> <span class='ocrx_word' id='word_1_842' title='bbox 2993 5299 3257 5370; x_wconf 75' lang='grc' dir='ltr'>ἐσφάλθαι</span> <span class='ocrx_word' id='word_1_843' title='bbox 3275 5297 3403 5368; x_wconf 76' lang='grc' dir='ltr'>περὶ</span> <span class='ocrx_word' id='word_1_844' title='bbox 3425 5297 3524 5368; x_wconf 83' lang='grc' dir='ltr'><strong>τῆς</strong></span> <span class='ocrx_word' id='word_1_845' title='bbox 3541 5285 3710 5368; x_wconf 71' lang='grc' dir='ltr'>Τριά-</span> 
     </span>
    </p>
   </div>
   <div class='ocr_carea' id='block_1_113' title="bbox 2129 5386 3709 5466">
    <p class='ocr_par' dir='ltr' id='par_1_113' title="bbox 2129 5386 3709 5466">
     <span class='ocr_line' id='line_1_113' title="bbox 2129 5386 3709 5466; baseline -0.005 -18"><span class='ocrx_word' id='word_1_846' title='bbox 2129 5397 2216 5458; x_wconf 87' lang='grc' dir='ltr'>δος</span> <span class='ocrx_word' id='word_1_847' title='bbox 2239 5413 2254 5427; x_wconf 74' lang='grc' dir='ltr'><strong>ο</strong></span> <span class='ocrx_word' id='word_1_848' title='bbox 2299 5395 2720 5466; x_wconf 79' lang='grc' dir='ltr'>ἀντιφερόμενον</span> <span class='ocrx_word' id='word_1_849' title='bbox 2735 5393 2791 5446; x_wconf 84' lang='grc' dir='ltr'>δὲ</span> <span class='ocrx_word' id='word_1_850' title='bbox 2813 5394 2878 5464; x_wconf 82' lang='grc' dir='ltr'><strong>τῇ</strong></span> <span class='ocrx_word' id='word_1_851' title='bbox 2899 5391 3106 5462; x_wconf 79' lang='grc' dir='ltr'>αἱρέσει</span> <span class='ocrx_word' id='word_1_852' title='bbox 3131 5386 3444 5450; x_wconf 79' lang='grc' dir='ltr'>Σαϐελλίου,</span> <span class='ocrx_word' id='word_1_853' title='bbox 3465 5390 3545 5450; x_wconf 84' lang='grc' dir='ltr'><strong>εἰς</strong></span> <span class='ocrx_word' id='word_1_854' title='bbox 3568 5387 3709 5458; x_wconf 72' lang='grc' dir='ltr'>μέγα</span> 
     </span>
    </p>
   </div>
   <div class='ocr_carea' id='block_1_114' title="bbox 2132 5477 3706 5560">
    <p class='ocr_par' dir='ltr' id='par_1_114' title="bbox 2132 5477 3706 5560">
     <span class='ocr_line' id='line_1_114' title="bbox 2132 5477 3706 5560; baseline -0.006 -19"><span class='ocrx_word' id='word_1_855' title='bbox 2132 5488 2298 5542; x_wconf 80' lang='grc' dir='ltr'>κακὸν</span> <span class='ocrx_word' id='word_1_856' title='bbox 2335 5488 2548 5560; x_wconf 78' lang='grc' dir='ltr'>ἡρμὲνῃ</span> <span class='ocrx_word' id='word_1_857' title='bbox 2580 5487 2700 5540; x_wconf 86' lang='grc' dir='ltr'>τότε</span> <span class='ocrx_word' id='word_1_858' title='bbox 2723 5503 2738 5516; x_wconf 76' lang='grc' dir='ltr'><strong><em>ο</em></strong></span> <span class='ocrx_word' id='word_1_859' title='bbox 2771 5486 2864 5539; x_wconf 73' lang='grc' dir='ltr'>καὶ</span> <span class='ocrx_word' id='word_1_860' title='bbox 2884 5484 2982 5554; x_wconf 82' lang='grc' dir='ltr'>τὴν</span> <span class='ocrx_word' id='word_1_861' title='bbox 3013 5480 3121 5534; x_wconf 84' lang='grc' dir='ltr'><strong>τῶν</strong></span> <span class='ocrx_word' id='word_1_862' title='bbox 3144 5477 3449 5550; x_wconf 85' lang='grc' dir='ltr'>προσώπων</span> <span class='ocrx_word' id='word_1_863' title='bbox 3477 5478 3706 5550; x_wconf 79' lang='grc' dir='ltr'>Τριάδα,</span> 
     </span>
    </p>
   </div>
   <div class='ocr_carea' id='block_1_115' title="bbox 2132 5569 3710 5653">
    <p class='ocr_par' dir='ltr' id='par_1_115' title="bbox 2132 5569 3710 5653">
     <span class='ocr_line' id='line_1_115' title="bbox 2132 5569 3710 5653; baseline -0.008 -18"><span class='ocrx_word' id='word_1_864' title='bbox 2132 5581 2529 5653; x_wconf 74' lang='grc' dir='ltr'>ἐναργεστάτην</span> <span class='ocrx_word' id='word_1_865' title='bbox 2568 5579 2662 5632; x_wconf 71' lang='grc' dir='ltr'><strong>καὶ</strong></span> <span class='ocrx_word' id='word_1_866' title='bbox 2701 5577 2912 5640; x_wconf 81' lang='grc' dir='ltr'>πολλοῖς</span> <span class='ocrx_word' id='word_1_867' title='bbox 2933 5574 3152 5647; x_wconf 79' lang='grc' dir='ltr'>τρόποις</span> <span class='ocrx_word' id='word_1_868' title='bbox 3170 5569 3534 5641; x_wconf 83' lang='grc' dir='ltr'>διαφέρουσαν</span> <span class='ocrx_word' id='word_1_869' title='bbox 3561 5571 3710 5640; x_wconf 79' lang='grc' dir='ltr'>ἀγω-</span> 
     </span>
    </p>
   </div>
   <div class='ocr_carea' id='block_1_116' title="bbox 2132 5659 3714 5742">
    <p class='ocr_par' dir='ltr' id='par_1_116' title="bbox 2132 5659 3714 5742">
     <span class='ocr_line' id='line_1_116' title="bbox 2132 5659 3714 5742; baseline -0.005 -16"><span class='ocrx_word' id='word_1_870' title='bbox 2132 5673 2431 5742; x_wconf 77' lang='grc' dir='ltr'>νιζόμενον,</span> <span class='ocrx_word' id='word_1_871' title='bbox 2475 5671 2827 5742; x_wconf 78' lang='grc' dir='ltr'>παραστῆσαι</span> <span class='ocrx_word' id='word_1_872' title='bbox 2855 5665 3003 5737; x_wconf 73' lang='grc' dir='ltr'>παρὰ</span> <span class='ocrx_word' id='word_1_873' title='bbox 3031 5662 3127 5721; x_wconf 82' lang='grc' dir='ltr'>τοῦ</span> <span class='ocrx_word' id='word_1_874' title='bbox 3158 5659 3533 5736; x_wconf 67' lang='grc' dir='ltr'>’προσήκοντος</span> <span class='ocrx_word' id='word_1_875' title='bbox 3552 5700 3566 5728; x_wconf 83' lang='lat'><strong>,</strong></span> <span class='ocrx_word' id='word_1_876' title='bbox 3619 5659 3714 5714; x_wconf 72' lang='grc' dir='ltr'><strong>καὶ</strong></span> 
     </span>
    </p>
   </div>
   <div class='ocr_carea' id='block_1_117' title="bbox 524 5844 2042 5919">
    <p class='ocr_par' dir='ltr' id='par_1_117' title="bbox 524 5844 2022 5919">
     <span class='ocr_line' id='line_1_117' title="bbox 524 5844 2022 5919; baseline -0.003 -15"><span class='ocrx_word' id='word_1_877' title='bbox 524 5849 568 5879; x_wconf 82' lang='lat'>“</span> <span class='ocrx_word' id='word_1_878' title='bbox 598 5848 749 5906; x_wconf 81' lang='lat' dir='ltr'><strong>Joau.</strong></span> <span class='ocrx_word' id='word_1_879' title='bbox 787 5865 896 5919; x_wconf 79' lang='lat' dir='ltr'><strong>xiv,</strong></span> <span class='ocrx_word' id='word_1_880' title='bbox 928 5847 1016 5906; x_wconf 73' lang='lat'><strong>28.</strong></span> <span class='ocrx_word' id='word_1_881' title='bbox 1096 5849 1136 5881; x_wconf 76' lang='lat'><strong>”</strong></span> <span class='ocrx_word' id='word_1_882' title='bbox 1171 5846 1326 5906; x_wconf 78' lang='lat' dir='ltr'><strong>Joan.</strong></span> <span class='ocrx_word' id='word_1_883' title='bbox 1369 5864 1456 5915; x_wconf 78' lang='lat' dir='ltr'><strong>xx,</strong></span> <span class='ocrx_word' id='word_1_884' title='bbox 1492 5847 1576 5902; x_wconf 64' lang='grc' dir='ltr'><strong>ἓξ.</strong></span> <span class='ocrx_word' id='word_1_885' title='bbox 1657 5848 1700 5878; x_wconf 83' lang='grc'><strong>¹²</strong></span> <span class='ocrx_word' id='word_1_886' title='bbox 1732 5844 1885 5902; x_wconf 84' lang='lat' dir='ltr'><strong>Joan.</strong></span> <span class='ocrx_word' id='word_1_887' title='bbox 1913 5862 2022 5916; x_wconf 77' lang='lat' dir='ltr'><strong>xvi,</strong></span> 
     </span>
    </p>
   </div>
   <div class='ocr_carea' id='block_1_118' title="bbox 2131 5844 2682 5919">
    <p class='ocr_par' dir='ltr' id='par_1_118' title="bbox 2133 5845 2682 5911">
     <span class='ocr_line' id='line_1_118' title="bbox 2133 5845 2682 5911; baseline -0.005 -10"><span class='ocrx_word' id='word_1_888' title='bbox 2133 5888 2144 5901; x_wconf 95' lang='lat'><strong>.</strong></span> <span class='ocrx_word' id='word_1_889' title='bbox 2223 5847 2265 5880; x_wconf 78' lang='lat'><strong>&quot;</strong></span> <span class='ocrx_word' id='word_1_890' title='bbox 2299 5845 2452 5901; x_wconf 69' lang='lat' dir='ltr'><strong>han.</strong></span> <span class='ocrx_word' id='word_1_891' title='bbox 2505 5858 2556 5911; x_wconf 66' lang='grc' dir='ltr'><strong>κ,</strong></span> <span class='ocrx_word' id='word_1_892' title='bbox 2596 5845 2682 5898; x_wconf 81' lang='grc'><strong>50.</strong></span> 
     </span>
    </p>
   </div>
  </div>
