4160 6422
542 447 648 505 735

1799 437 1862 493 P.
1898 435 2214 491 DANIELIS
2249 435 2493 491 BUETII

3678 437 3791 494 753'

538 560 621 622 ιῑς
671 551 976 610 τούναντίον
1016 550 1379 621 ἀπενεχθῆναι
1414 569 1425 580 ⁸
1478 551 1536 617 ἐξ
1594 543 1654 603 οὗ
1700 549 1848 615 δόξαι
1891 546 1984 600 καὶ
2027 543 2098 615 τῷ

2206 555 2258 598 ει
2274 531 2570 614 sapientia.
2595 543 2832 616 Cyrillus
2855 543 2949 599 lib.
2974 558 3034 598 ιιι
3067 551 3249 597 contra
3271 541 3482 600 Julian.
3508 559 3528 598 :
3553 545 3791 603 Πλάτωνι

528 643 814 722 θ’Ἁρειανῷ
831 645 1225 716 ἁρῤωστήματι
1245 642 1561 697 ἑαλωκέναι.
1595 661 1612 692 t
1647 639 1789 694 Nihil
1818 641 1993 709 ipsum
2027 653 2108 692 as-

533 740 669 796 serit
693 739 835 794 eirea
854 736 1178 791 Trinitatem
1208 748 1451 800 errasse;
1479 735 1574 789 sed
1598 748 1720 788 cum
1749 731 1968 788 Sabellii
1997 729 2108 784 ha:-

536 832 706 885 resim
727 830 1087 898 impugnaret,
1114 841 1236 896 qua:
1267 834 1376 879 tum
1413 826 1466 878 in
1513 838 1763 894 magnam
1787 821 2110 892 erumpebat

535 921 860 991 perniciem,
891 927 948 973 et
989 932 1345 987 personarum
1380 903 1701 970 Trinitatem
1756 911 2104 967 manifestam

533 1022 592 1068 et
625 1011 811 1067 multis
840 1010 1014 1065 modis
1045 1007 1382 1063 dill‘erentem
1428 1006 1762 1070 defenderet,
1803 1012 1952 1060 extra
1994 1000 2108 1057 cal-

535 1101 638 1156 lem
671 1099 890 1161 abiisse,
926 1106 978 1152 et
1024 1097 1077 1150 in
1124 1096 1452 1151 contrariam
1503 1105 1711 1162 partem
1743 1092 1907 1149 fuisse
1944 1092 2105 1147 abre-

533 1198 712 1258 ptum,
768 1189 1003 1258 indeque
1056 1187 1230 1241 visum
1293 1186 1499 1240 Ariano
1543 1184 1733 1239 morbo
1780 1183 2048 1239 laborare.
2078 1200 2099 1234 ι

521 1281 693 1349 Quod
723 1280 799 1334 ait
830 1279 897 1333 de
929 1278 1234 1334 Sabelliana
1268 1278 1483 1342 haeresi,
1538 1277 1606 1330 de
1655 1275 1914 1331 Noetiana
1945 1273 2106 1329 intel-

532 1371 675 1441 lige;
700 1379 823 1440 post
852 1366 1138 1438 Origenem
1162 1369 1358 1438 quippe
1390 1383 1543 1424 suam
1588 1367 1858 1422 Sabellius
1905 1365 2106 1435 sparsit

520 1463 784 1536 haeresim
819 1479 835 1513 :
894 1475 1078 1513 verum
1137 1475 1243 1514 non
1275 1468 1381 1518 tam
1407 1473 1600 1512 novam
1638 1457 1844 1512 invexit
1872 1467 2102 1522 sectam,

519 1545 696 1626 quam
730 1562 962 1607 veterem
995 1566 1024 1604 a
1058 1550 1228 1606 Noeto
1254 1559 1586 1620 praeceptore
1616 1565 1714 1605 suo
1737 1548 1989 1603 traditam
2012 1562 2101 1602 re-

519 1645 711 1720 .ﬁnxil.
744 1642 992 1712 Aiqualis
1019 1652 1199 1697 autem
1225 1641 1478 1713 Origenis
1517 1640 1620 1695 fuit
1642 1639 1867 1708 Noetus,
1895 1638 1987 1709 qui
2013 1653 2106 1694 ve-

535 1738 667 1791 teris
695 1744 750 1789 et
777 1735 890 1805 ipse
923 1743 1251 1805 propagator
1284 1735 1552 1789 haereseos
1593 1733 1773 1802 potius
1806 1747 1970 1801 quam
2003 1747 2103 1786 no-

530 1840 612 1880 va:
641 1834 832 1880 auctor
862 1825 1120 1880 dicendus
1165 1832 1271 1880 est.
1321 1823 1576 1893 Equalis
1622 1825 1787 1878 etiam
1825 1825 2104 1894 utriusque

2208 633 2302 687 ἕνα
2329 635 2426 706 μὲν
2449 629 2587 688 εἶναι
2608 634 2699 688 τὸν
2733 635 3061 707 δημιουργὸν
3092 634 3378 708 διωρίσατο
3403 636 3496 691 τδν
3523 637 3781 691 ἁπάντων

2209 724 2401 790 αἴτιον,
2428 725 2486 778 ὃν
2519 726 2613 780 καὶ
2660 725 2904 796 προσεχῆ
2945 723 3024 795 τῷ
3073 725 3264 796 κόσμῳ
3310 725 3562 795 γενέσθαι
3603 727 3736 797 φησὶ
3761 743 3788 758 ’·

2207 817 2613 887 προϋφεστάναι
2647 833 2710 885 γε
2755 817 2861 888 μὴν
2885 816 3051 871 αὑτοῦ
3103 817 3235 871 Θεὸν
3273 817 3479 890 ἕτερον,
3512 819 3630 890 ἦτοι
3679 820 3793 891 τὴν-

2209 907 2353 960 ἰδέαν
2376 907 2638 975 τάγαθοῦ.
2662 907 3020 980 Προσεπινοεῖ
3054 908 3112 962 δὲ
3143 909 3238 962 καὶ
3269 909 3448 980 τρίτον
3464 911 3655 975 αἴτιον,
3682 909 3782 964 τά-

2207 997 2288 1064 ξει
2318 998 2375 1052 δὲ
2402 1000 2498 1052 καὶ
2525 999 2683 1069 φύσει
2716 999 2826 1054 τῶν
2851 999 3082 1070 πρώτων
3117 1000 3620 1072 μειονεκτούμενον,
3655 1002 3684 1055 ὃ

2206 1089 2302 1142 καὶ
2345 1088 2525 1159 ψυχὴν
2568 1088 2680 1143 τῶν
2718 1089 2883 1143 ὅντων
2929 1089 3183 1144 ἁπάντων
3227 1091 3509 1145 ἀποκαλεῖ.
3548 1110 3569 1144 ι
3625 1092 3780 1148 Plato

2206 1197 2370 1235 unum
2392 1181 2608 1251 quidem
2624 1197 2747 1237 esse
2775 1181 3021 1252 opiﬁcem
3042 1182 3310 1250 definivit,
3332 1199 3512 1239 rerum
3532 1185 3776 1240 omnium

2209 1285 2448 1332 causam,
2481 1287 2646 1340 quem
2707 1280 2762 1326 et
2817 1271 3177 1341 propinquum
3225 1274 3427 1328 mundo
3457 1289 3578 1329 esse
3618 1275 3777 1340 dixit,

2203 1361 2478 1417 exstitisse
2503 1377 2630 1417 vero
2651 1361 2825 1417 Deum
2841 1361 3070 1418 alterum
3099 1372 3228 1417 ante
3245 1363 3409 1430 hunc,
3438 1379 3631 1434 nempe
3649 1364 3790 1420 boni-

2205 1453 2403 1508 ideam.
2426 1452 2714 1524 Excogitat
2734 1461 2995 1522 praeterea
3013 1464 3069 1508 et
3092 1454 3304 1508 tertiam
3322 1470 3568 1521 causam,
3586 1456 3779 1512 ordine

2205 1544 2419 1612 quidem
2449 1554 2504 1599 et
2547 1554 2747 1599 natura
2783 1545 3058 1614 prioribus
3091 1544 3202 1600 illis
3248 1547 3585 1614 inferiorem,
3612 1562 3779 1618 quam

2209 1645 2264 1691 et
2287 1636 2521 1689 animam
2546 1635 2926 1691 universarqu
2965 1651 3148 1693 rerum
3204 1637 3460 1708 appellat.
3507 1658 3528 1692 ι
3563 1639 3681 1706 Quo
3709 1655 3788 1696 ex.

2206 1727 2358 1782 fonte
2392 1726 2704 1796 produxere
2729 1742 2836 1781 non
2863 1726 3114 1796 Origenis
3144 1744 3359 1784 errores
3378 1729 3549 1786 solum
3579 1734 3779 1794 adver-

2205 1833 2298 1874 sus
2321 1819 2724 1873 sanctissimam
2773 1818 3125 1887 Trinitatem,
3183 1821 3484 1876 aliorumve
3506 1837 3641 1892 quos
3696 1838 3782 1880 re-

535 1917 640 1971 fuit
671 1916 918 1987 Beryllus
944 1917 1239 1972 Bostrenus
1279 1917 1590 1986 episcopus,
1635 1916 1840 1971 erroris
1865 1893 2104 1984 ejusdem
2138 1893 2179 1952 Β
2209 1911 2520 1965 censuimus
2552 1909 2774 1964 Patrum
2805 1911 2986 1965 minus
3017 1911 3429 1982 circumspecta:
3457 1913 3776 1984 locutiones,

534 2005 872 2072 defensione,
921 2016 976 2062 et
1019 2007 1214 2062 deinde
1245 2008 1621 2076 repudiatione
1649 2007 1899 2074 celebris,
1954 2015 2104 2077 post-

533 2112 698 2168 quam
722 2097 790 2153 ab
815 2097 1053 2166 Origene
1086 2100 1388 2163 convictus,
1417 2109 1472 2154 et
1505 2099 1570 2154 ad
1599 2099 1872 2154 saniorem
1903 2099 2100 2153 doctri-

533 2195 969 2250 namtraductus
991 2203 1094 2249 est.
1126 2194 1240 2250 llos
1275 2193 1590 2264 perstringit
1628 2193 1890 2263 Origenes
1920 2233 1936 2258 ,
1980 2207 2102 2246 cum

532 2286 659 2340 alibi
687 2285 1022 2356 frequenter,
1051 2297 1161 2342 tum
1181 2287 1235 2340 in
1262 2287 1400 2342 libro
1426 2302 1585 2356 quem
1618 2287 1673 2340 in
1711 2285 2004 2354 Epistolam
2033 2285 2102 2338 ad

535 2375 713 2432 Titum
741 2378 999 2448 scripsit;
1030 2379 1501 2449 quiquelaudatur
1528 2395 1556 2432 a
1581 2378 1858 2448 Pamphilo
1890 2379 1942 2430 in
1967 2379 2105 2446 Apoc

532 2464 694 2533 logia.
718 2463 878 2520 l'nitia
899 2467 1159 2522 doctrina:
1183 2467 1471 2538 hujusjam
1507 2469 1628 2522 inde
1659 2469 1727 2522 ab
1750 2467 1937 2538 Ignatii
1969 2480 2104 2522 tem-

532 2555 754 2620 poribus
788 2557 983 2626 repetit
1017 2557 1284 2612 Baronius
1327 2563 1394 2614 ad
1426 2575 1514 2614 an.
1545 2560 1746 2614 Christi
1792 2559 1918 2622 260,
1947 2574 2100 2613 num.

531 2647 624 2704 63.
659 2647 813 2715 Quod
859 2663 990 2720 ergo
1045 2651 1182 2706 dixit
1229 2667 1532 2722 anonymus
1578 2651 1801 2706 Sabellii
1854 2651 2101 2705 haeresim

534 2743 877 2813 impugnasse
928 2743 1241 2815 Origenem,
1279 2745 1359 2800 sic
1405 2745 1779 2815 accipiendum
1821 2755 1924 2809 est,
1963 2745 2102 2799 hanc

531 2835 602 2889 ab
635 2850 701 2890 eo
734 2835 1104 2905 impugnatam
1134 2836 1380 2890 haeresim
1407 2852 1528 2904 quae
1549 2851 1578 2889 a
1616 2835 1844 2890 vetustis
1875 2833 2101 2891 lucreti-

528 2928 609 2982 cis
635 2935 780 2992 orta,
805 2926 1035 2983 atNoeto
1063 2937 1116 2982 et
1139 2927 1350 2999 Beryllo
1376 2927 1490 2983 suis
1525 2935 1860 2997 propugnata
1893 2937 2101 2995 tempo-

529 3017 702 3082 ribus,
733 3034 933 3074 novum
967 3020 1162 3075 deinde
1193 3035 1222 3073 a
1262 3019 1497 3074 Sabellio
1522 3034 1720 3075 nomen
1754 3033 1818 3074 ac
1868 3017 2098 3074 formam

527 3111 756 3179 accepit.
789 3112 869 3164 Ac
897 3110 944 3164 si
977 3111 1098 3180 quis
1148 3109 1501 3182 Ἀρειανίξειν
1536 3111 1738 3165 diceret
1765 3108 2056 3177 Origenem
2080 3149 2096 3174 ,

529 3217 648 3256 eam
686 3216 880 3274 nempe
925 3205 1071 3258 tueri
1111 3202 1455 3268 doctrinam,
1486 3214 1606 3273 qua:
1634 3202 1805 3257 multo
1855 3212 1978 3273 post
2030 3205 2100 3260 ab

529 3295 662 3350 Ario
688 3294 1042 3364 amplificata,
1065 3309 1260 3350 nomen
1288 3294 1358 3349 ab
1380 3309 1445 3349 eo
1469 3295 1660 3364 adepta
1685 3305 1790 3351 est.

600 3384 714 3440 ΧΠ.
744 3385 968 3440 Multum
1018 3387 1240 3455 quidem.
1267 3385 1409 3440 valet
1453 3387 1593 3454 apud
1648 3402 1754 3452 me,
1788 3401 1885 3457 pro
1918 3403 1983 3442 eo
2035 3403 2101 3443 ac

529 3477 713 3545 debet,
761 3479 984 3533 Patrum
1032 3477 1244 3532 illorum
1279 3479 1578 3532 auctoritas
1603 3518 1620 3544 ,
1668 3479 1760 3548 qui
1796 3478 2100 3534 doctrinam

529 3571 781 3641 Origenis
806 3571 872 3624 de
901 3569 1171 3625 Trinitate
1202 3570 1481 3641 sullragiis
1505 3571 1620 3626 suis
1654 3573 2100 3640 comprobarunt.

531 3663 637 3716 Sed
678 3661 810 3716 mihi
842 3671 1019 3716 tamen
1050 3661 1221 3731 pluris
1250 3672 1334 3718 est
1365 3663 1480 3731 ipsa
1507 3664 1727 3730 veritas,
1752 3679 1913 3733 quam
1952 3674 2007 3720 et
2032 3681 2100 3721 ex

528 3754 872 3824 Origeniana:
896 3753 1155 3809 doctrina:
1177 3755 1534 3820 connexione,
1558 3765 1612 3809 et
1639 3771 1705 3808 ex
1734 3765 1936 3810 attente
1972 3772 2099 3826 per-

529 3845 733 3914 spectis
777 3845 1085 3898 Adamantii
1138 3845 1338 3910 verbis,
1391 3854 1446 3900 et
1493 3861 1560 3898 ex
1598 3844 1821 3899 Patrum
1868 3845 2098 3901 aliorum

529 3935 889 4004 complurium
925 3935 1422 4002 testiﬁcationihus,
1449 3935 1561 4007 (98)
1590 3936 1644 3990 in
1677 3947 1858 4006 partes
1889 3949 2092 3992 sectam

527 4031 599 4085 ab
649 4031 768 4099 ipso
803 4028 1156 4094 Trinitatem,
1189 4039 1243 4085 et
1273 4031 1526 4085 essentia:
1559 4047 1622 4084 ac
1649 4030 1947 4087 divinitalis
1974 4035 2098 4102 qui-

525 4119 754 4175 busdam
791 4119 958 4174 veluti
990 4119 1250 4190 gradibus
1283 4119 1593 4173 distinctam
1624 4118 1999 4186 clamantium,
2026 4121 2092 4174 li-

527 4211 693 4282 quido
717 4210 849 4264 mihi
881 4212 1222 4280 perspexisse
1248 4210 1455 4264 videor.
1484 4211 1636 4264 Adde
1660 4209 1948 4266 Platonica:
1974 4213 2095 4280 phi-

527 4303 790 4373 losophia
811 4303 1046 4366 decreta,
1097 4302 1164 4356 ad
1189 4317 1310 4373 qua:
1339 4301 1454 4356 fere
1480 4316 1576 4356 sua
1604 4304 1870 4370 expressit
1901 4302 2096 4374 Orige-

527 4410 648 4459 nes,
670 4395 812 4462 quod
833 4394 946 4465 jam
981 4409 1143 4464 supra
1175 4393 1508 4460 monuimus,
1550 4393 1758 4447 larvam
1802 4396 2094 4464 quamdam

527 4487 819 4543 Trinitatis
883 4487 1172 4557 ellingere,
1219 4487 1468 4557 personis
1507 4494 1843 4541 constantem
1900 4488 2096 4551 tribus,

531 4578 786 4650 inatquali
809 4577 1054 4648 praeditis
1087 4577 1374 4648 dignitate,
1416 4585 1721 4647 potestate,
1771 4578 2096 4649 antiquitate

600 4691 648 4725 “
670 4691 828 4749 Joan.
865 4709 906 4759 1,
929 4693 995 4747 “5..

2208 2004 2303 2058 sed
2331 2003 2589 2072 quidquid
2614 2004 2777 2057 etiam
2809 2001 2908 2058 fuit
2937 2013 3126 2059 contra
3170 2004 3311 2060 idem
3355 2006 3674 2078 mysterium
3707 2009 3780 2066 ab

2205 2096 2477 2150 haereticis
2509 2096 2822 2154 insanitum.

2277 2185 2417 2242 Xlll.
2469 2186 2525 2242 Si
2558 2203 2664 2242 non
2693 2203 2762 2242 ex
2793 2203 2956 2258 supra
2983 2188 3162 2244 allatis
3184 2196 3240 2244 et
3261 2190 3313 2244 in
3340 2198 3628 2260 utramque
3651 2205 3778 2261 par-

2208 2289 2314 2335 tem
2363 2280 2628 2351 expositis
2664 2282 3010 2347 testimoniis,
3055 2283 3252 2351 quibus
3289 2281 3409 2337 Filii
3443 2295 3494 2338 et
3542 2283 3780 2354 Spiritus

2203 2373 2374 2427 sancti
2406 2373 2715 2442 dignitatem
2740 2372 3066 2428 labefactare
3097 2373 3180 2428 vel
3211 2389 3452 2431 asserere
3501 2377 3648 2432 visus
3694 2385 3784 2432 est

2204 2465 2489 2536 Origenes,
2528 2467 2665 2521 satis
2723 2466 2894 2535 ipsius
2937 2467 3114 2521 elucet
3141 2469 3458 2522 sententia:
3515 2479 3570 2524 at
3614 2468 3786 2526 lacile

2205 2567 2356 2610 certe
2382 2555 2804 2625 deprehemlitur
2828 2572 2895 2611 ex
2925 2557 3301 2628 sequentibus,
3345 2558 3400 2612 in
3435 2559 3632 2628 quibus
3663 2575 3780 2614 mo-

2202 2644 2446 2701 litionem
2479 2660 2658 2700 rerum
2679 2645 2734 2699 in
2761 2645 2926 2700 Deum
2953 2645 3167 2702 Patrem
3196 2648 3554 2714 transcribit;
3582 2648 3778 2705 Filium

2204 2753 2338 2792 vero
2362 2737 2742 2792 secundariam
2782 2747 2991 2791 tantum
3019 2740 3281 2795 creationi
3316 2741 3646 2810 impendisse
3666 2741 3783 2799 vult

2203 2843 2448 2896 operam,
2470 2838 2524 2882 et
2550 2829 2897 2883 instrumenti
2929 2829 3011 2884 vel
3047 2830 3286 2885 ministri
3313 2841 3495 2900 partes
3519 2831 3720 2887 obiisse
3747 2848 3765 2886 :

2203 2922 2314 2992 (99)
2343 2920 2498 2975 Οὕτω
2537 2919 2736 2988 τοίνυν,
2768 2921 2942 2991 inquit
2972 2931 3101 2977 tom.
3140 2937 3180 2976 ιι
3233 2923 3287 2976 in
3314 2923 3499 2988 Joan.,
3541 2938 3691 2976 num.
3716 2925 3788 2990 ὃν

2203 3016 2295 3067 καὶ
2328 3013 2540 3078 ἐνθάδε,
2567 3014 2616 3066 εἰ
2647 3013 2827 3067 πάντα
2849 3013 2938 3066 διὰ
2958 3013 3052 3066 τοῦ
3083 3013 3254 3082 Λόγου
3283 3014 3519 3083 ἐγένετο,
3547 3015 3646 3085 οὐχ
3671 3015 3791 3068 ὑπὸ.

2201 3107 2294 3160 τοῦ
2311 3107 2485 3177 Λόγου
2509 3107 2744 3176 ἐγένετο,
2778 3106 2891 3160 ἀλλ’
2923 3108 3026 3160 ὑπὸ
3064 3108 3368 3178 κρείττονος
3392 3109 3484 3160 καὶ
3529 3108 3784 3179 μείζονος·

2203 3199 2353 3272 παρά
2366 3201 2459 3255 τὸν
2473 3201 2662 3270 Λόγον·
2681 3202 2762 3266 τίς
2773 3201 2817 3254 δ’
2834 3200 2901 3255 ἂν
2915 3201 3069 3265 ἄλλος
3083 3194 3238 3264 οὗτος
3251 3202 3493 3275 τυγχάνῃ
3509 3203 3775 3273 (100),ἢ“ὁ

2205 3293 2430 3365 Πατήρ;
2461 3294 2664 3364 Duplex
2689 3304 2772 3350 est
2797 3294 2956 3364 hujus
2991 3293 3093 3348 loci
3127 3294 3293 3357 labes,
3331 3311 3450 3348 nam
3487 3303 3541 3349 et
3565 3295 3768 3350 Filium

2201 3383 2360 3438 Patre
2401 3386 2662 3439 minorem
2685 3400 2750 3439 ac
2771 3383 3082 3440 inferiorem
3117 3401 3238 3442 esse
3292 3387 3556 3452 decernit,
3584 3397 3641 3442 et
3685 3402 3768 3443 re-

2201 3491 2318 3530 rum
2355 3477 2684 3531 creationem
2721 3478 2938 3546 penitus
2963 3478 3062 3547 ipsi
3089 3477 3398 3546 abjudicat;
3449 3480 3503 3534 in
3533 3496 3637 3549 qua
3663 3480 3769 3536 Pa-

2203 3571 2270 3623 tri
2310 3579 2518 3623 tantum
2562 3569 2924 3637 ministrasse,
2978 3586 3084 3625 non
3117 3571 3417 3626 molitorem
3471 3572 3658 3628 itidem
3701 3583 3766 3629 ut

2200 3661 2414 3717 Patrem
2442 3662 2604 3716 fuisse
2647 3661 2778 3717 dicit
2802 3663 2894 3717 lib.
2920 3665 3093 3732 ιπερὶ
3124 3663 3328 3733 ἀρχῶν
3354 3665 3409 3719 in
3447 3664 3562 3735 ipso
3591 3680 3772 3736 prom-

2201 3755 2333 3817 mio,
2357 3770 2505 3808 num.
2531 3754 2565 3807 4
2601 3772 2614 3808 :
2650 3771 2670 3804 ι
2708 3752 2868 3809 Jesus
2893 3753 3142 3810 Christus
3181 3757 3294 3825 ipse
3322 3757 3413 3827 qui
3440 3759 3605 3823 venit,
3638 3769 3770 3816 ante

2200 3863 2415 3901 omnem
2450 3855 2759 3901 creaturam
2793 3855 2953 3901 natus
2981 3864 3047 3901 ex
3079 3847 3237 3902 Patre
3275 3859 3378 3903 est.
3415 3849 3516 3916 Qui
3545 3866 3666 3905 cum
3715 3852 3774 3908 in

2199 3938 2441 3992 outnium
2489 3941 2797 3994 conditione
2836 3939 2984 3994 Patri
3032 3940 3391 3998 ministrasset
3438 3944 3763 4013 (pcripsum

2201 4033 2340 4084 enim
2379 4033 2557 4085 omnia
2591 4032 2735 4100 facta
2760 4044 2878 4086 sunt
2901 4033 2968 4095 ")
3006 4035 3313 4089 novissimis
3341 4036 3672 4106 temporibus
3696 4051 3782 4092 se-

2203 4123 2375 4192 ipsum
2405 4124 2726 4179 exinaniens
2759 4125 2924 4179 homo
2956 4124 3130 4180 factus
3174 4136 3296 4181 est:
3330 4147 3360 4179 ιΔ
3382 4143 3540 4197 quem
3593 4127 3772 4183 locum

2157 4249 2170 4262 .
2203 4217 2401 4284 repetit
2433 4225 2627 4269 auctor
2665 4214 2785 4268 libri
2812 4213 2889 4268 De
2919 4216 3113 4270 deitate
3141 4226 3188 4270 ct
3218 4219 3585 4272 incarnatione
3620 4217 3776 4274 Verbi

2201 4305 2272 4355 ad
2307 4302 2654 4370 Ianuarium,
2678 4303 2769 4371 qui
2801 4310 2947 4357 tomo
2983 4312 3180 4373 quarto
3223 4319 3449 4373 operum
3489 4303 3778 4374 Augustini

2201 4395 2394 4465 subjici
2425 4396 2589 4460 solet,
2613 4411 2734 4466 cap.
2763 4396 2813 4449 l.
2854 4394 3093 4465 Repetiit
3120 4405 3318 4450 etante
3344 4395 3492 4450 illum
3519 4395 3778 4465 Pamphi-

2202 4487 2286 4540 lus
2319 4488 2370 4540 in
2401 4486 2688 4557 Apologia:
2720 4495 2883 4557 atque
2923 4488 3072 4542 illum
3103 4503 3168 4542 ex
3203 4487 3295 4542 lib.
3329 4503 3387 4541 ιιι
3415 4490 3468 4541 in
3505 4485 3675 4556 Epist.
3704 4486 3776 4540 ad

2207 4580 2412 4636 Culoss.
2439 4596 2454 4635 :
2483 4600 2500 4632 ι
2539 4581 2666 4635 Data
2685 4591 2772 4636 est
2792 4590 2970 4638 autem
3003 4581 3088 4636 lex
3116 4580 3283 4650 Moysi
3321 4596 3419 4652 per
3439 4581 3681 4651 angelos,
3717 4581 3789 4635 in.

598 4811 709 4885 (98)
734 4813 801 4866 In
825 4823 1000 4888 partes
1025 4823 1220 4888 sectam
1242 4816 1306 4868 ab
1328 4816 1440 4883 ipso
1473 4817 1816 4884 Trinitatem,
1851 4829 1958 4876 etc.
2013 4821 2089 4876 Ex
2124 4828 2168 4882 ι)
2209 4821 2510 4888 procedite
2542 4831 2746 4883 meme,
2784 4827 2836 4871 et
2874 4833 3050 4886 neque
3082 4802 3286 4887 partem
3312 4819 3550 4888 aliquam
3575 4819 3774 4876 mentis

528 4883 614 4938 his
637 4883 758 4953 quae
782 4899 947 4952 supra
975 4883 1222 4954 infraque
1246 4888 1676 4949 observavimus.
1732 4891 1864 4945 satis
1907 4900 2090 4946 osten-

527 4968 648 5008 sum
680 4964 764 5008 est
793 4955 969 5008 nullos
990 4957 1190 5025 gradus
1221 4956 1273 5009 in
1302 4957 1567 5012 Trinitate
1602 4962 1943 5016 constituisse
1966 4963 2091 5017 Ori-

528 5039 739 5098 genem,
767 5025 871 5078 nisi
904 5036 1147 5098 respectu
1179 5040 1376 5098 causze,
1411 5029 1683 5098 principii,
1717 5031 1879 5084 fontis
1909 5041 1962 5085 et
1991 5033 2097 5087 ori-

529 5094 706 5167 ginis;
744 5109 812 5167 ac
841 5095 1066 5164 proinde
1112 5095 1260 5150 nullo
1294 5102 1452 5151 modo
1487 5097 1538 5167 in
1588 5094 1772 5167 partes
1799 5112 2000 5155 sectam
2027 5103 2094 5156 ab

529 5163 648 5232 ipso
683 5163 854 5218 fuisse
876 5167 1169 5222 essentiam
1200 5167 1461 5220 divinam.
1498 5163 1672 5222 Unum
1704 5171 1805 5225 hoc
1831 5173 2022 5226 addam
2059 5186 2092 5226 e

528 5235 707 5288 librat
735 5234 874 5304 Περὶ
903 5233 1134 5305 ἀρχῶν,
1167 5252 1288 5307 cap.
1314 5237 1370 5304 2,
1417 5254 1566 5294 num.
1619 5241 1683 5293 6:
1723 5258 1742 5291 t
1783 5240 2090 5295 Observan-

530 5307 922 5376 tlum_namque
945 5319 1026 5360 est
1053 5322 1118 5361 ne
1140 5309 1261 5376 quis
1291 5307 1534 5362 incurrat
1578 5309 1629 5363 in
1676 5311 1795 5365 illas
1827 5313 2092 5367 absurdas

529 5374 743 5450 liabulas
771 5390 960 5430 eorum
995 5379 1083 5450 qui
1130 5374 1462 5447 prolationes
1510 5382 1773 5450 quasdam
1810 5383 1909 5436 sibi
1961 5383 2092 5450 ipsis

529 5445 827 5520 depingunt
872 5456 948 5520 ut_
976 5445 1212 5520 divinam
1273 5445 1543 5503 naturam'
1567 5452 1618 5504 in
1675 5461 1856 5520 partes
1901 5445 2092 5506 vocent

529 5512 802 5594 (secent),
842 5527 896 5571 et
921 5516 1352 5594 l_)eum_Pa_trem,
1395 5531 1653 5588 quantum
1675 5512 1748 5576 ἰιι
1777 5536 1838 5594 se
1870 5532 1975 5594 cst,
2007 5523 2089 5576 di-

528 5583 893 5658 vidant.‘cum
932 5589 1033 5641 hoc
1072 5590 1139 5642 de
1176 5583 1490 5658 incorporea
1530 5602 1722 5644 natura
1759 5593 1844 5646 vel
1895 5583 2090 5646 leviter

527 5654 789 5730 suspicari
809 5672 925 5730 _non
945 5658 1114 5730 solum
1144 5654 1714 5730 extremarimpietatis
1759 5664 1863 5727 sit,
1901 5679 2087 5716 verum

528 5724 694 5800 etiam
724 5724 927 5779 ultima:
953 5725 1298 5800 insipientiaa,
1326 5745 1427 5784 nec
1450 5724 1674 5787 omnino
1690 5733 1756 5786 ad
1780 5724 2083 5800 intelligen-

530 5795 658 5866 tiam
673 5808 1017 5866 consequens
1047 5795 1104 5852 ut
1138 5798 1474 5866 incorporea:
1495 5811 1702 5856 natura:
1718 5795 2090 5858 substantialis

528 5863 722 5920 divisio
766 5863 936 5935 possit
977 5866 1222 5936 intelligi.
1255 5863 1448 5943 Magis.
1485 5884 1616 5941 ergo
1666 5871 1806 5928 sicut
1837 5874 2088 5931 voluntas

2198 4899 2372 4954 secat,
2399 4905 2572 4952 neque
2599 4894 2679 4941 ab.
2699 4900 3073 4959 easeparatur
3095 4901 3186 4940 aut
3212 4890 3492 4959 dividitur,
3522 4891 3612 4942 tali
3636 4905 3776 4959 qua-

2201 4963 2323 5013 dam
2369 4961 2549 5024 specie
2587 4958 2854 5024 putandus
2892 4970 2973 5012 est
3019 4957 3180 5012 Pater
3222 4958 3418 5028 Filium
3466 4957 3722 5028 genuisse
3749 5001 3766 5024 ,

2202 5029 2492 5097 imaginem
2523 5029 2730 5082 scilicet
2768 5044 2942 5092 suam,
2971 5037 3048 5092 ut,
3078 5029 3346 5098 sicutipse
3369 5027 3660 5084 invisibilis
3687 5040 3776 5085 est

2202 5116 2299 5170 per
2333 5110 2606 5170 naturam,
2649 5100 2719 5151 ita
2747 5099 3289 5170 imaginemquoque
3324 5099 3647 5170 invisibilem
3679 5113 3776 5170 ge-

2203 5167 2408 5224 nuerit.
2434 5168 2671 5224 Verbum
2703 5170 2847 5223 enim
2867 5167 2964 5222 est
2985 5167 3174 5230 Filius,
3194 5167 3248 5223 et
3282 5169 3402 5222 ideo
3429 5169 3558 5223 nihil
3599 5171 3653 5222 in
3684 5167 3782 5226 'eo

2198 5240 2458 5294 sensibile
2487 5239 2892 5309 intelligendum
2922 5249 3025 5292 est.
3057 5237 3335 5308 Sapientia
3368 5247 3472 5303 est,
3512 5242 3650 5309 etgin
3679 5255 3772 5294 sa-

2198 5309 2398 5379 pientia
2439 5309 2568 5362 nihil
2617 5307 2939 5378 corporeum
2991 5311 3371 5377 suspicandum
3421 5319 3524 5374 est,
3567 5307 3772 5364 Lumen

2197 5393 2282 5434 est
2307 5396 2481 5434 verum
2511 5381 2648 5448 quod
2679 5380 2943 5432 illuminat
2972 5395 3174 5432 omnem
3195 5381 3455 5433 hominem
3484 5382 3775 5434 uenientem

2199 5452 2252 5504 in
2283 5452 2420 5502 hunc
2454 5451 2705 5503 mundum
2739 5448 2922 5520 (Joau.
2952 5466 2989 5514 ι,
3014 5449 3219 5520 9),7sed
3245 5450 3379 5503 nihil
3422 5451 3584 5504 habet
3622 5466 3778 5504 com-

2199 5537 2359 5574 mune
2377 5522 2444 5574 ad
2464 5521 2590 5574 solis
2610 5521 2770 5589 hujus
2791 5521 2992 5575 lumen.
3025 5538 3042 5569 ι
3067 5519 3192 5573 Haec
3214 5523 3375 5574 verba
3402 5523 3592 5588 repetit
3617 5521 3781 5574 Pam-

2197 5591 2376 5660 philus
2402 5592 2454 5644 in
2483 5589 2735 5659 Apologia
2765 5606 2886 5645 sua.
2913 5590 3045 5645 Vide
3071 5603 3333 5659 praeterea
3359 5593 3776 5647 observationes

2196 5661 2248 5714 in
2279 5677 2429 5714 num.
2467 5660 2499 5713 5
2528 5672 2582 5713 et
2613 5661 2666 5712 in
2699 5677 2844 5716 num.
2875 5660 2967 5714 9.4.

2267 5731 2378 5813 (99)
2403 5730 2573 5813 pilata
2617 5731 2844 5798 τοίνυν,
2885 5742 2992 5812 etc.
3021 5727 3158 5813 Vide
3184 5731 3344 5813 paulo
3371 5745 3716 5813 supra_num.
3740 5727 3778 5786 '1

2198 5801 2695 5870 aninmdversioues
2726 5813 2942 5870 nostras
2977 5802 3028 5854 in
3061 5802 3209 5857 hunc
3241 5801 3490 5870 Origenis
3537 5802 3748 5859 locum.

2266 5871 2417 5944 (100)
2441 5869 2716 5943 Τυγχάνῃ.
2750 5869 2889 5942 Lege
2909 5871 3184 5943 τυγχάνοι.
3214 5869 3373 5928 Eutr}

2107 5972 2194 6005 Ἦλιν
