4160 6414
401 334 501 389 757

1244 334 1815 396 ORIGENIANORUM
1840 339 1985 396 «ΜΒ.
2028 342 2094 407 ΙΙ,
2134 341 2287 398 CAP.
2330 342 2397 407 Π,
2441 341 2717 409 ΟυιΕΞΤ.
2759 344 2825 397 Π.

3538 346 3640 402 Ἱ58

402 461 559 499 manu
592 452 647 501 et
670 446 874 502 virtute
910 448 1228 505 mediatoris
1251 452 1449 509 Christi
1480 456 1545 520 ”,
1579 457 1670 525 qui
1720 474 1842 513 cum
1870 474 1958 514 es-
1988 512 1990 519 ι

2077 459 2151 515 τὸν
2167 460 2300 515 Θεὸν
2325 455 2414 533 ἦν,
2438 462 2530 515 καὶ
2545 460 2678 524 Θεὸς
2708 455 2799 532 ἦν.
2834 480 2852 511 ι
2889 460 3023 515 Cum
3058 473 3186 515 vero
3219 459 3427 530 opiﬁcis
3449 462 3642 531 agebat

400 549 486 592 set
512 538 565 591 in
589 538 859 609 principio
882 538 1113 595 Verbum
1159 542 1275 606 Dei,
1311 554 1366 599 et
1403 546 1545 614 apud
1582 547 1749 602 Deum
1781 560 1963 619 esset,

399 639 456 684 et
487 629 627 685 Deus
668 641 814 686 esset
863 631 1123 698 Verbum,
1156 633 1306 689 Patri
1337 636 1388 690 in
1414 638 1662 693 omnibus
1694 641 1967 695 ministra-

399 721 496 775 vit.
547 720 738 776 Omnia
782 723 920 777 enim
963 740 1055 792 per
1081 726 1252 793 ipsum
1271 728 1413 795 facta
1440 740 1582 795 sunt,
1619 730 1673 785 id
1719 742 1965 797 est,_non

400 810 571 866 solum
598 822 883 877 creaturae,
904 813 998 870 sed
1027 815 1183 870 etlex
1205 825 1261 871 et
1290 818 1619 887 prophetae.»
1648 820 1797 898 Unde
1823 833 1969 877 tomo

400 918 469 959 xx
501 905 553 957 in
593 903 783 969 Joan.,
807 921 956 961 num.
992 907 1043 972 7,
1090 908 1264 978 ipsum
1295 912 1509 981 quidem
1548 913 1825 987 αὐτόπτην.
1851 930 1971 971 esse

400 995 477 1048 ait
504 1010 690 1050 eorum
714 1012 833 1067 qua:
871 1008 997 1053 sunt
1022 1000 1074 1053 in
1102 1000 1299 1069 Patre;
1330 1004 1554 1075 angelos
1578 1015 1757 1061 autem
1788 1008 1972 1063 videre

400 1091 589 1141 eadem
623 1103 720 1157 per
748 1091 943 1158 ipsum,
979 1101 1238 1161 tanquam
1287 1110 1383 1163 per
1418 1097 1765 1151 mediatorem
1791 1108 1843 1154 et
1871 1099 1974 1154 mi-

401 1178 631 1235 nistrum
658 1221 674 1248 ,
719 1181 796 1245 ὡς
824 1182 911 1235 διὰ
942 1186 1162 1255 μεσίτου
1194 1188 1289 1242 καὶ
1317 1189 1611 1261 ὑπηρέτου.
1665 1190 1728 1247 Et
1764 1201 1894 1245 tom.
1930 1208 1968 1253 ι.

402 1286 553 1327 num.
581 1271 670 1336 22,
701 1272 976 1330 Christum
1038 1286 1269 1334 eatenus
1298 1295 1418 1335 esse
1447 1282 1762 1337 Creatorem
1795 1284 1971 1351 docet,

402 1374 667 1432 quatenus
697 1365 833 1420 dixit
864 1365 1023 1421 Pater
1053 1390 1064 1423 :
1103 1368 1229 1423 Fiat
1269 1371 1385 1435 lux,
1423 1373 1473 1425 id
1498 1382 1600 1436 est,
1631 1384 1897 1442 quatenus
1922 1376 1973 1431 in

402 1457 647 1510 l.tcienda
672 1456 789 1511 luce
805 1456 951 1510 Patri
972 1460 1284 1515 ministrum
1302 1478 1360 1516 se
1379 1464 1627 1531 praebuit.
1671 1464 1747 1535 (Ι)
1769 1464 1974 1520 Claris-

403 1546 540 1600 sime
560 1563 691 1603 vero
719 1552 1049 1605 sententiam
1082 1552 1223 1607 hanc
1250 1555 1522 1623 expressit
1551 1553 1645 1609 lib.
1697 1570 1750 1609 vt
1788 1569 1971 1610 contr.

402 1636 534 1690 Cels.
561 1678 576 1702 ,
620 1655 768 1694 num.
818 1640 905 1693 δυ’
940 1660 953 1694 ;
990 1642 1094 1695 Τὸν
1141 1643 1239 1713 μὲν
1291 1644 1573 1715 προσεχῶς
1644 1646 1974 1720 δημιουργὸν

401 1725 538 1809 εἶναι
562 1732 651 1784 τὸν
676 1732 803 1785 Υἱὸν
827 1732 921 1785 τοῦ
946 1733 1080 1787 Θεοῦ
1102 1735 1293 1803 Λόγον,
1313 1736 1404 1790 καὶ
1427 1736 1665 1808 ὡσπερεὶ
1681 1739 1976 1809 αὐτουργὸν

2068 562 2270 621 partes,
2289 553 2498 607 cunctis
2514 551 2783 623 praebebat
2803 560 2858 604 ut
2873 559 3076 615 essent,
3093 561 3147 606 et
3161 561 3274 605 erat
3290 552 3431 619 apud
3450 552 3641 615 Deum,

2067 650 2123 697 et
2149 641 2288 696 Deus
2332 650 2479 707 erat;
2513 661 2532 693 ι
2577 651 2630 696 et
2649 641 2881 709 denique
2910 658 2923 693 :
2954 640 3091 693 Ἀλλ’
3126 642 3224 711 οὐχ
3252 641 3280 693 ὁ
3311 641 3642 715 δημιουργὸς

2068 731 2159 786 τοῦ
2177 732 2375 797 παντὸς
2397 731 2655 796 τοιοῦτος,
2674 731 2954 803 τυγχάνων
2972 731 3099 794 Θεὸς
3117 733 3284 799 Λόγος
3304 733 3422 786 κατ’
3434 732 3642 785 οὐσίαν·

2069 822 2148 876 διὸ
2176 823 2269 876 καὶ
2293 822 2477 891 Σοφία,
2503 823 2595 876 καὶ
2629 821 2874 892 ’Λλήθεια
2902 822 2957 875 ὲν
2989 824 3106 885 ταῖς
3134 822 3432 891 Θεολογίαις
3455 822 3647 894 ὀνομά-
3716 872 3719 879 η

2072 912 2239 979 (erat.
2280 932 2297 965 ι
2328 915 2397 967 At
2429 930 2535 967 non
2584 914 2658 967 ita
2716 928 2898 968 rerum
2948 913 3188 968 omnium
3220 914 3514 984 (Conditor,
3551 915 3643 984 qui

2073 1006 2217 1060 Deus
2246 1006 2480 1061 Verbum
2506 1015 2588 1061 est
2610 1008 2903 1062 secundum
2930 1008 3244 1063 essentiam.
3276 1006 3431 1065 Unde
3460 1020 3514 1065 et
3542 1011 3644 1063 Sa-

2072 1096 2273 1167 pientia
2306 1097 2627 1167 appellatur,
2655 1106 2709 1152 et
2745 1097 2981 1162 Veritas,
3006 1113 3126 1152 cum
3156 1098 3221 1153 de
3253 1098 3415 1155 rebus
3448 1100 3645 1154 divinis

2073 1186 2375 1241 disseritur.
2414 1205 2432 1239 ι
2463 1187 2592 1241 Item
2611 1186 2705 1242 lib.
2732 1203 2801 1241 vtt
2826 1188 2878 1240 in
2908 1185 3074 1254 Epist.
3099 1187 3168 1241 ad
3195 1187 3370 1253 Rom.,
3403 1205 3550 1243 num.
3572 1189 3640 1245 9:

2081 1296 2100 1329 ι
2138 1277 2283 1332 Nihil
2307 1288 2391 1333 est
2416 1280 2667 1344 visibilis,
2702 1280 2818 1333 sive
2842 1278 3133 1335 invisibilis
3163 1291 3427 1337 creatura:
3449 1323 3463 1347 ,
3500 1283 3647 1352 quod

2074 1370 2210 1425 Filio
2241 1372 2408 1440 possit
2444 1372 2756 1439 adzequari:
2795 1370 2943 1426 nullo
2996 1372 3145 1427 enim
3200 1380 3360 1442 pacto
3410 1375 3646 1428 creatori

2076 1476 2174 1517 suo
2206 1473 2453 1517 creatura
2495 1472 2668 1530 potest
2692 1462 2927 1517 conferri
2960 1482 2974 1519 :
3005 1472 3059 1519 et
3086 1464 3132 1518 si
3179 1475 3394 1518 creator
3418 1465 3531 1532 ipse
3556 1467 3651 1517 do-

2076 1565 2235 1608 natus
2263 1564 2348 1607 est
2373 1554 2547 1616 nobis,
2575 1556 2847 1623 quomodo
2876 1570 2981 1609 non
3007 1571 3127 1609 cum
3157 1557 3271 1625 ipso
3297 1556 3451 1611 nobis
3471 1560 3649 1611 omnis

2077 1656 2323 1700 creatura
2356 1645 2679 1699 donabitur?
2705 1665 2723 1698 ι
2758 1644 2957 1699 Rerum
2978 1646 3284 1702 effectorem
3308 1646 3501 1701 Filium
3529 1663 3651 1703 esse

2080 1744 2249 1802 putat,
2276 1736 2369 1790 sed
2401 1736 2775 1790 secundarium
2804 1756 2818 1792 :
2849 1747 2902 1792 et
2925 1754 3010 1794 res
3037 1740 3256 1809 quidem
3307 1755 3544 1805 creasse,
3596 1749 3651 1796 at

399 1807 495 1875 τὸῡ
523 1823 726 1894 κόσμου
746 1840 762 1855 ο
790 1824 883 1877 τὸν
901 1824 957 1878 δὲ
978 1825 1197 1898 Πατέρα
1227 1826 1320 1880 τοῦ
1355 1828 1551 1896 Λόγου,
1676 1807 1975 1900 προστετα-

2081 1825 2425 1881 instrmnenti
2470 1828 2583 1881 vice
2613 1828 2960 1899 fungentem;
2992 1830 3207 1885 Patrem
3238 1846 3364 1885 vero
3419 1833 3652 1886 creatio-

401 1911 553 1983 χέναι
581 1914 658 1982 τῷ
683 1913 797 1985 Υἱῷ
824 1916 1016 1969 ἑαυτοῦ
1037 1917 1195 1988 Λόγῳ
1222 1918 1446 1987 ποιῆσαι
1474 1918 1567 1972 τὸν
1597 1918 1817 1991 κόσμον,
1838 1916 1975 1973 εἶναι

402 2001 633 2075 πρώτως
657 2004 1007 2078 δημιουργόν.
1037 2006 1155 2063 Jam
1189 2024 1318 2080 ergo
1352 2010 1521 2079 liquet
1569 2027 1677 2078 quo
1705 2027 1864 2067 sensu
1893 2013 1977 2066 di-

401 2096 545 2149 xerit
576 2097 627 2148 in
661 2094 864 2152 Catena
887 2098 1188 2155 Baltasaris
1211 2101 1456 2156 Corderii
1486 2102 1541 2155 in
1567 2102 1728 2157 Joan.
1763 2103 1828 2156 ad
1853 2120 1971 2174 cap.

404 2204 447 2251 ι,
508 2189 533 2241 1
579 2190 646 2258 (si
700 2192 858 2245 modo
905 2190 969 2246 ea'
1029 2208 1158 2248 vere
1196 2204 1322 2249 sunt
1366 2192 1639 2265 Origenis,
1688 2205 1742 2251 et
1775 2196 1977 2265 aliquid

404 2279 726 2336 Catenarum
753 2284 1061 2341 auctoritati
1099 2286 1441 2341 tribuendum
1464 2285 1609 2354 est):
1636 2287 1978 2358 Δημιουργὸν

407 2371 517 2427 τῶν
540 2374 755 2427 πάντων
777 2374 1059 2444 τιθέμενος
1074 2377 1257 2442 αὐτὸν,
1278 2377 1337 2430 τὸ
1356 2376 1449 2432 τοῦ
1468 2377 1640 2444 Λόγου
1658 2377 1830 2449 ὸνομα
1848 2395 1979 2435 κατ·

400 2466 593 2535 ηγορεῖ
628 2464 829 2543 αὐτοῦ.
871 2484 892 2516 ι
927 2466 1184 2537 Opiﬁcem
1228 2484 1404 2523 rerum
1446 2470 1686 2523 omnium
1736 2478 1977 2525 statuens

404 2556 603 2624 ipsum,
639 2555 800 2611 Verbi
827 2559 1046 2613 nomine
1070 2562 1242 2628 ipsum
1272 2561 1434 2615 allicit
1459 2578 1473 2626 ;
1509 2580 1528 2613 ι
1558 2561 1645 2616 ubi
1674 2570 1727 2614 et
1750 2562 1977 2634 ποιητὴν

402 2648 510 2701 τῶν
536 2649 752 2703 πάντων
781 2649 1054 2719 appellat:
1084 2661 1139 2705 et
1169 2652 1246 2705 ait
1276 2652 1438 2721 paulo
1484 2663 1606 2721 post
1637 2672 1650 2708 :
1690 2654 1815 2718 Πῶς
1868 2655 1977 2728 γὰρ

400 2740 501 2791 οὐκ
529 2739 632 2792 ἔδει
661 2741 823 2793 αὑτὸν
864 2737 1001 2794 εἶναι
1032 2742 1141 2812 πρὸ
1199 2744 1440 2809 πάντων,
1473 2746 1567 2799 καὶ
1618 2748 1675 2800 ὲν
1706 2747 1847 2817 ἀρχῇ
1881 2748 1978 2818 τῆς

402 2829 687 2900 ὑπάρξεως
716 2829 892 2883 αὐτῶν
910 2830 1134 2901 κτίστην
1157 2831 1314 2895 ὄντας
1348 2851 1366 2883 ι
1397 2832 1678 2899 Quomodo
1703 2836 1847 2889 enim
1872 2850 1976 2887 non

404 2922 693 2989 oportebat
719 2936 839 2975 esse
865 2922 1037 2990 ipsum
1070 2934 1197 2977 aute
1222 2923 1422 2985 omnia,
1469 2933 1524 2978 et
1576 2938 1697 2979 cum
1740 2925 1975 2992 primum

402 3028 525 3066 ιμεςθ
541 3025 834 3079 creperum,
852 3013 941 3081 qui
964 3028 1147 3067 eorum
1165 3013 1393 3067 Creator
1409 3014 1531 3068 est?
1552 3034 1569 3065 ι
1590 3027 1644 3068 et
1675 3030 1794 3069 mox
1817 3032 1830 3069 :
1851 3016 1978 3067 Ὅτε

401 3103 459 3157 δὲ
497 3104 845 3175 ἐδημιούργει
864 3106 945 3168 εἰς
975 3103 1159 3159 οὐσίαν
1199 3104 1359 3175 ἔφερε
1384 3104 1453 3158 τὰ
1483 3106 1680 3171 πάντα,
1710 3106 1804 3160 καὶ
1839 3106 1977 3177 πρὸς

476 3222 522 3253 ’⁸
552 3220 727 3275 Galat.
756 3236 836 3285 ιιι,
879 3220 966 3276 l9.

2080 1915 2165 1969 nis
2188 1928 2469 1970 auctorem
2494 1933 2633 1982 esse,
2669 1932 2716 1973 et
2745 1922 3055 1987 primariam
3090 1937 3154 1976 ac
3175 1923 3501 1993 praecipuam
3530 1938 3654 1977 cau-

2082 2022 2198 2062 sam
2227 2026 2240 2062 :
2270 2018 2432 2074 atque
2465 2010 2533 2063 ita
2560 2026 2714 2063 suum
2742 2013 2938 2081 cuique
2960 2011 3193 2067 ollicium
3236 2014 3487 2083 partitur.
3515 2013 3654 2070 Hinc

2081 2096 2391 2154 Gennadius
2428 2100 2518 2154 lib.
2552 2101 2629 2155 De
2674 2102 2944 2173 Dogmat.,
2980 2119 3103 2173 cap.
3136 2104 3169 2157 4
3201 2121 3213 2155 :
3248 2123 3265 2156 ι
3300 2104 3443 2160 Nihil
3474 2104 3651 2160 ollit'io

2084 2191 2381 2262 singulare,
2432 2207 2531 2247 nec
2579 2192 2735 2248 alteri
2772 2196 3229 2250 communicabile
3279 2194 3366 2255 (in
3397 2196 3654 2253 Trinitats

2082 2282 2381 2350 credamus)
2410 2292 2467 2335 ut
2496 2281 2781 2350 Origenes.
2812 2304 2831 2340 ι
2872 2286 3008 2341 Hinc
3035 2288 3197 2343 etiam
3224 2286 3490 2357 Cyriacus
3512 2288 3653 2356 apud

2084 2372 2392 2427 Simeonem
2449 2374 2868 2444 Melaphrastem
2927 2377 3068 2432 inter
3103 2376 3353 2445 dogmata
3403 2377 3655 2447 Origeni-

2083 2473 2293 2521 starum
2311 2466 2727 2523 Palmstiuorum
2747 2468 2927 2523 saecnli
2957 2470 3094 2523 sexti
3120 2470 3269 2539 ponit
3287 2469 3418 2523 illud
3444 2489 3457 2523 :
3489 2488 3507 2521 ι
3533 2470 3656 2527 Trio

2084 2556 2311 2613 nitatem
2349 2575 2454 2615 non
2491 2559 2658 2615 fuisse
2697 2562 2880 2614 mundi
2912 2559 3184 2629 opificem,
3228 2580 3248 2611 ι
3290 2570 3342 2614 et
3392 2559 3655 2615 Justiuia--

2084 2665 2187 2705 nus
2218 2647 2504 2717 Origenem
2533 2652 2883 2719 conqueritur
2914 2650 3110 2704 Filium
3144 2660 3197 2706 et
3239 2651 3497 2721 Spiritum
3523 2668 3655 2706 san-

2084 2753 2229 2798 ctum
2271 2742 2583 2812 appellasse
2615 2742 2962 2813 λειτουργικὰ
2990 2740 3127 2808 ζῶα,
3186 2760 3205 2795 ι
3260 2743 3653 2800 ministratoris

2085 2835 2361 2899 animalia,
2398 2854 2416 2886 ι
2446 2843 2504 2887 ιιι
2527 2850 2686 2904 supra
2714 2851 2741 2888 a
2785 2849 2870 2888 me
2896 2838 3243 2889 observatum
3275 2844 3378 2889 est.

2158 2922 2300 2977 XIV.
2327 2922 2408 2996 (2)
2443 2924 2671 2978 Easdem
2704 2934 2883 2993 partes
2913 2926 2963 2977 in
2987 2940 3166 2979 rerum
3200 2924 3479 2979 molitione
3514 2941 3649 2979 non-

2086 3014 2217 3069 nulli
2274 3030 2305 3069 e
2363 3015 2750 3071 vetustioribus
2813 3015 3063 3072 Patribus
3126 3015 3261 3070 Filio
3325 3016 3652 3071 tribuerunt.

2087 3103 2416 3175 Theophilus
2441 3106 2808 3161 Antiochenus
2832 3106 2925 3162 lib.
2958 3123 2994 3161 ιι
3033 3109 3101 3161 ad
3132 3107 3451 3177 Autolycum
3474 3122 3492 3161 :
3517 3105 3655 3159 Τοῦσ-

474 3338 554 3408 (1)
584 3337 886 3392 Clarissima
912 3354 1031 3392 vero
1062 3339 1378 3392 sententiam
1414 3339 1547 3393 hanc
1589 3342 1845 3405 expressit
1879 3339 1974 3393 lib.
2006 3346 2051 3406 ο
2083 3339 2449 3395 vetustioribus
2483 3336 2733 3393 Patribus
2770 3334 2912 3390 Filio
2948 3336 3263 3408 tribuerunt.
3301 3334 3461 3389 Certe
3491 3349 3520 3388 a
3547 3332 3652 3390 Pa-

406 3422 458 3464 η
474 3419 656 3479 contra
673 3408 1053 3468 Celsum,num.
1071 3408 1167 3462 60:
1194 3410 1305 3463 Τὸν
1314 3410 1432 3477 μὲν
1445 3409 1776 3479 προσεχῶς.
1797 3420 1901 3465 etc.
1922 3410 1981 3465 Si

410 3478 634 3532 nimium
666 3482 950 3547 urgeretur
976 3479 1067 3533 hic
1100 3479 1275 3543 locus,
1310 3480 1437 3534 illud
1463 3478 1641 3547 potius
1668 3483 1718 3534 in
1747 3480 1979 3547 Origene

405 3549 821 3615 vituperandum
866 3558 1034 3612 esset,
1068 3551 1211 3618 quod
1270 3551 1321 3602 in
1357 3550 1633 3605 creatione
1722 3550 1805 3604 Ius
1839 3550 1980 3605 Filio

408 3617 612 3671 tribuat
634 3633 795 3671 uuam
818 3616 995 3671 Patri:
1030 3635 1151 3671 nam
1186 3619 1326 3671 illius
1344 3621 1434 3671 aui
1470 3630 1619 3671 creat
1647 3568 1826 3671 [ιδῃ-ες
1854 3636 1977 3671 esse

408 3617 612 3671 tribuat
634 3633 795 3689 quam
818 3616 995 3689 Patri:
1030 3616 1151 3689 nam
1186 3619 1326 3673 illius
1344 3621 1434 3687 qui
1470 3630 1619 3673 creat
1647 3616 1826 3689 plures
1854 3636 1977 3675 esse

409 3696 592 3754 partes
617 3688 879 3758 rvidentur
902 3688 955 3739 in
985 3688 1281 3758 creatione,
1309 3704 1469 3757 quam
1498 3688 1657 3742 illius
1678 3691 1767 3758 qui
1798 3692 1973 3744 creari

402 3758 576 3825 jubet.
607 3757 712 3811 Sed
749 3772 855 3811 non
885 3773 947 3811 ea
981 3757 1081 3810 l'uit
1107 3756 1610 3826 Origenisententia
1639 3778 1651 3813 :
1678 3756 1777 3817 nec
1794 3762 1858 3814 de
1877 3759 1979 3813 Pa-

411 3840 492 3881 tre
522 3827 783 3892 detrahit,
815 3842 936 3881 cum
969 3826 1103 3881 Filio
1123 3830 1457 3883 creationem
1481 3830 1667 3884 mundi
1698 3832 1974 3893 attribuit;

410 3912 510 3951 nec
542 3898 608 3951 de
657 3896 814 3957 Filio,
847 3911 972 3950 cum
1024 3898 1492 3967 omnipotentiam,
1557 3915 1659 3967 qua
1714 3900 1974 3953 mundum

410 3969 638 4029 creavit,
665 3967 731 4019 ad
763 3967 974 4020 Patrem
1003 3968 1186 4025 refert.
1210 3978 1266 4019 ut
1290 3969 1602 4036 primarium
1637 3969 1972 4028 Creatorem.

409 4038 541 4091 Ctuu
576 4039 781 4091 diceret
813 4037 1001 4106 Celsus
1028 4037 1303 4106 indignant
1330 4054 1441 4091 esse
1468 4040 1639 4106 primo
1660 4047 1717 4091 et
1736 4040 1967 4093 maximo

410 4106 520 4179 ριο
538 4105 927 4179 juberesFiat
962 4110 1077 4179 hoc,
1115 4105 1663 4179 optimeirespoudet
1708 4109 1972 4179 Origenes

415 4178 580 4229 Deum
607 4192 709 4230 non
747 4178 902 4231 alicui
936 4177 1182 4231 ministro
1206 4178 1271 4231 ab
1308 4178 1423 4248 ejus
1455 4179 1755 4232 substantia
1798 4177 1973 4233 alieno

414 4248 552 4300 hanc
578 4248 911 4316 provinciam
944 4248 1301 4312 commisisse,
1349 4249 1440 4302 sed
1488 4249 1707 4316 proprio
1750 4248 1888 4302 Filio
1916 4260 1974 4303 et

414 4317 612 4389 Verbo,
647 4318 735 4370 cui
766 4318 947 4371 omnia
980 4318 1219 4389 tradidit.
1255 4317 1432 4372 Locus
1470 4327 1649 4389 autem
1694 4321 1761 4373 ad
1810 4335 1970 4389 quem

414 4387 500 4441 hic
537 4387 790 4441 lectorem
821 4387 1341 4457 dimittitOrigenes,
1373 4397 1555 4441 exstat
1590 4387 1682 4443 lib.
1720 4405 1780 4448 ιι,
1820 4387 1969 4444 nunt.

413 4459 468 4529 9,
499 4459 586 4529 ubi
623 4458 713 4529 sic
745 4458 1022 4529 loquitur:
1070 4458 1130 4510 Et
1169 4457 1277 4529 γὰρ
1301 4458 1601 4529 ἐνετείλατο
1630 4459 1657 4509 ὁ
1688 4458 1838 4523 Θεὸς,
1879 4462 1973 4515 καὶ

410 4526 633 4608 ἐκτίσθη
662 4526 729 4579 τὰ
754 4526 1352 4611 δημιουργήματαίτςς
1380 4527 1443 4611 av
1479 4528 1618 4611 scatit
1649 4530 1708 4581 τὸ
1732 4530 1975 4611 ,ἄρεσκον

408 4595 489 4670 [ᾧ
517 4595 838 4670 προφητικῷ
874 4595 1149 4670 ritas-4pm
1184 4599 1325 4670 siqo
1360 4599 1472 4670 τὴν
1515 4595 1849 4670 τηλικαύτὴν
1878 4602 1973 4655 τοῦ

409 4666 623 4740 nam;
650 4666 865 4740 ἐντολὴν
895 4666 1539 4740 ὲκπᾏηρῶσαίδυνηθεὶς,
1572 4666 1604 4738 ἢ
1627 4670 1674 4731 ὁ,
1697 4671 1782 4724 ἵνα
1805 4666 1977 4735 οὕτως

409 4739 680 4810 ὀνομάσω,
694 4738 931 4809 ἔμψυχος
948 4738 1115 4808 Λόγος
1133 4741 1225 4791 καὶ
1242 4738 1464 4809 ἀλήθεια
1480 4740 1759 4810 τυγχάνων
1777 4760 1789 4805 ;
1804 4762 1819 4792 ι
1844 4741 1974 4794 Nam

412 4809 457 4861 si
490 4812 762 4861 tnamlavit
782 4811 940 4872 Deus,
967 4821 1021 4862 et
1042 4812 1273 4862 conditae
1297 4822 1418 4862 sunt
1445 4822 1727 4872 creaturte,
1749 4813 1870 4880 quis
1892 4822 1976 4866 est

413 4880 504 4946 qui
537 4882 841 4933 secundum
868 4880 1165 4949 prophetici
1201 4881 1434 4948 Spiritus
1469 4883 1819 4942 sententiain,
1856 4891 1975 4935 tun-

414 4959 528 5019 tum
568 4950 875 5004 mandatum
937 4950 1232 5017 adimplere
1269 4952 1553 5019 potuisset,
1583 4963 1779 5018 praeter
1808 4967 1929 5006 eum
1955 4992 1970 5013 ,

412 5018 522 5084 qui.
555 5029 613 5071 ut
656 5022 728 5071 ita
762 5021 964 5083 dicam,
1017 5018 1314 5075 animatum
1378 5020 1635 5083 Verbum,
1669 5034 1724 5075 et
1771 5024 1974 5076 veritas

411 5089 528 5142 cst?
562 5108 580 5139 ι
626 5088 741 5142 Huc
776 5090 1077 5160 ergogredit
1127 5099 1238 5145 tota
1283 5089 1530 5160 Origenis
1581 5093 1971 5148 ratiocinatio:

413 5158 876 5231 Quemadmodum
902 5158 1062 5215 Patre
1094 5158 1510 5231 indignum—neu
1535 5171 1617 5215 est
1646 5162 1782 5217 Filio
1823 5179 1975 5217 man-

413 5227 544 5284 dare
574 5238 630 5282 ut
657 5231 912 5283 mundum
947 5241 1116 5294 creet,
1168 5227 1295 5297 quia
1353 5232 1604 5300 proprius
1648 5235 1765 5299 ejus
1799 5232 1973 5289 Filius

413 5312 518 5361 cst,
547 5315 609 5352 ac
639 5301 911 5366 proprium
947 5300 1214 5364 Verbum;
1258 5304 1329 5355 ita
1358 5318 1458 5356 nec
1488 5302 1625 5355 Filio
1658 5304 1971 5357 indecorum

416 5369 671 5441 mandata
721 5368 895 5423 Patris
940 5385 1253 5441 capessere,
1303 5374 1429 5441 quia
1465 5372 1619 5425 nulla.
1649 5388 1734 5427 res
1789 5383 1970 5427 creata

413 5439 673 5508 ejusmodi
700 5441 948 5492 mandata
979 5440 1272 5507 adimplere
1310 5439 1685 5508 potuisset.—
1710 5443 1769 5496 Ι).
1803 5442 1968 5496 Prud.

415 5506 599 5581 μετείη
638 5508 712 5581 D_e
734 5506 1158 5581 diuinitLChristi
1194 5506 1557 5581 lih.tv,rcap.
1590 5512 1677 5574 16,
1720 5530 1863 5566 num.
1915 5514 1969 5566 6.

416 5575 552 5653 Vale
583 5588 639 5653 et
667 5577 1169 5653 Βιιιιιιιιιμιὶιεῖειιθ.Δ
1189 5582 1316 5649 ﬁdei
1370 5575 1601 5653 Nicaea,
1630 5587 1695 5637 de
1746 5584 1863 5637 Filii
1894 5583 1972 5653 τῷ

416 5646 703 5723 ὸμοουσίῳ,
732 5648 935 5723 cap._5,
967 5646 1115 5705 num.
1141 5646 1198 5714 6,
1222 5659 1276 5704 et
1300 5664 1418 5719 cap.
1446 5651 1500 5723 9,
1528 5646 1676 5705 num.
1710 5653 1795 5719 10,
1820 5646 1972 5723 ευ]υέ

415 5721 820 5789 observationes
856 5719 907 5773 in
941 5730 1065 5774 nota
1109 5734 1367 5789 sequente
1397 5721 1735 5777 adducimus.

489 5788 567 5858 (2)
600 5788 823 5845 Easdem
858 5799 1031 5859 partes
1062 5791 1115 5846 in
1158 5788 1330 5846 rerum
1362 5791 1629 5847 molitione
1660 5794 1901 5849 nonnulli
1944 5813 1971 5850 e

2091 3421 2171 3464 tre
2192 3421 2447 3478 tanquam
2480 3423 2692 3463 summo
2747 3407 2939 3477 opitice
2983 3408 3136 3478 quasi
3193 3406 3511 3473 imperante,
3558 3421 3657 3475 per

2088 3476 2507 3534 Filium—Patris
2537 3476 2838 3545 iussionem
2878 3491 2942 3531 ac
2990 3476 3320 3529 voluntatem
3351 3490 3653 3544 exsequen-

2088 3558 2220 3614 tem,
2249 3559 2432 3605 creata
2462 3548 2625 3602 litisse
2647 3548 2851 3610 omnia,
2875 3546 3009 3599 adeo
3035 3547 3295 3601 Arianum
3323 3560 3428 3601 non
3457 3557 3557 3609 est,
3597 3557 3657 3599 ut

2084 3622 2250 3674 etiam
2287 3618 2535 3673 catholici
2567 3618 2819 3671 doctores
2864 3617 2959 3684 qui
2989 3625 3109 3685 post
3144 3615 3431 3669 concilium
3486 3616 3655 3669 Nese-

2086 3706 2214 3744 nnm
2240 3689 2512 3751 vixerunt,
2539 3690 2744 3756 quique
2770 3686 2982 3740 Arianae
3015 3686 3242 3739 haeresis
3268 3686 3518 3756 acerrimi
3556 3687 3653 3738 illl-

2084 3770 2415 3829 pugnatores
2439 3754 2607 3829 fuere,
2633 3754 2831 3829 passim
2868 3756 3082 3829 illudin
3133 3756 3353 3829 scriptis
3380 3754 3654 3829 aliirmare

2085 3821 2189 3883 non
2219 3830 2329 3883 sint
2361 3829 2542 3882 veriti.
2565 3821 2893 3881 Athanasius
2929 3827 2981 3879 in
3010 3824 3101 3879 lib.
3141 3824 3217 3878 De
3236 3821 3453 3878 decretis
3480 3821 3654 3878 Nica-

2082 3916 2163 3952 naz
2188 3900 2395 3969 synodi,
2430 3899 2541 3953 haec
2572 3900 2639 3952 de
2668 3896 2872 3969 psalmo
2893 3909 3043 3949 xxx"
3056 3911 3089 3969 Ξ
3106 3912 3125 3946 ι
3153 3892 3271 3963 Ipse
3293 3896 3571 3969 mandavit
3599 3904 3655 3949 et

2083 3963 2267 4023 creaia
2297 3979 2443 4031 sunt,
2476 3986 2494 4018 ι
2539 3963 2764 4036 exponit
2814 3966 2923 4036 sic.
2950 3976 3010 4036 ut
3056 3963 3273 4036 Patrem
3331 3964 3464 4036 Filio
3493 3980 3651 4036 man;

2077 4040 2235 4093 dasse
2258 4038 2422 4091 velit:
2465 4034 2755 4100 Ἑνόςίὲστι
2794 4034 2949 4098 Θεοῦ,
2983 4034 3059 4097 ὡς
3097 4034 3550 4106 χειρὶνχρωμένου
3574 4034 3651 4103 τῷ

2079 4108 2193 4180 ἰδίῳ
2222 4109 2399 4179 Λόγῳ,
2432 4110 2524 4162 καὶ
2549 4111 2606 4161 ὲν
2637 4106 2783 4177 αὐτῷ
2800 4105 3077 4169 ποιοῦντος
3186 4103 3400 4158 ᾶπαντα(
3421 4122 3440 4154 ι
3480 4103 3650 4180 Unius

2077 4174 2203 4233 sunt
2244 4174 2362 4242 Dei,
2407 4180 2598 4247 inquit,
2637 4174 2809 4230 Verbo
2852 4192 2949 4229 suo
3003 4177 3374 4247 quasi_manu
3400 4174 3649 4247 propria

2079 4251 2301 4311 utentis,
2328 4258 2383 4302 et
2421 4243 2561 4301 iu'eo
2593 4248 2773 4301 omnia
2806 4243 3079 4301 facientis.
3116 4265 3135 4296 ι
3167 4245 3371 4303 Eodem
3399 4243 3539 4298 libro
3566 4244 3649 4297 in-

2077 4318 2159 4372 fra
2194 4338 2249 4373 ιι
2289 4318 2501 4373 Etenim
2527 4318 2695 4372 Filius
2732 4317 2848 4381 Dei,
2881 4316 3073 4385 inquit,
3104 4326 3162 4369 ut
3211 4329 3277 4370 ex
3316 4314 3449 4385 ipsis
3500 4312 3651 4367 Scri-

2082 4390 2256 4458 pturis
2285 4400 2453 4458 patet,
2485 4390 2598 4458 ipse
2620 4399 2703 4442 est
2735 4389 2825 4440 Dei
2862 4384 3135 4458 Verbum,
3172 4395 3226 4440 et
3280 4384 3568 4458 sapientia,
3596 4395 3652 4439 et

2083 4455 2371 4528 imago,'et
2403 4455 2611 4516 manus,
2646 4469 2703 4511 et
2742 4459 2933 4510 virtus.
2973 4475 2991 4507 ι
3032 4455 3130 4510 Ubi
3172 4470 3290 4528 non
3319 4456 3499 4528 minus
3524 4467 3651 4523 apte

2011 4519 2056 4574 ί)
2082 4519 2278 4583 Filium
2342 4538 2499 4583 vocat
2556 4544 2772 4580 manum
2820 4527 3017 4589 Patris,
3059 4541 3221 4595 quam
3250 4524 3489 4579 Ecclesia
3525 4519 3649 4578 eum

2079 4600 2313 4668 appellat
2342 4599 2619 4652 Dexteram
2671 4597 2786 4657 Dei,
2815 4607 2866 4651 et
2909 4597 3171 4668 Spiritum
3199 4596 3648 4668 sanctumnomi-

2082 4664 2176 4723 unt
2210 4668 2443 4738 Digitum
2484 4671 2682 4721 dextra:
2714 4668 2841 4738 _l)ei,
2902 4664 3084 4738 ini'illo
3112 4664 3651 4738 hymnopceiebratis-

2080 4742 2219 4793 simo
2245 4756 2260 4794 :
2282 4733 2433 4791 ’νειιὶ
2469 4738 2685 4790 Creator
2702 4733 3276 4806 Spiritus.0rientales
3310 4736 3361 4789 in
3389 4733 3647 4804 Exemplo

2077 4810 2201 4876 [idsi
2224 4819 2415 4863 contra
2442 4808 2731 4862 Photiuum
2762 4808 3113 4861 ltazreticum:
3158 4826 3178 4859 ι
3218 4806 3284 4860 Et
3303 4808 3533 4876 iterum,
3568 4806 3650 4876 iu-

2077 4875 2290 4949 quiunt,
2318 4878 2704 4949 conﬁrmantes
2737 4877 3141 4932 Christianismi
3188 4875 3647 4949 intellectum__di-

2077 4944 2295 5004 cimus:
2334 4948 2603 5014 Quoniam
2652 4948 2696 5001 si
2734 4949 2858 5017 quis
2907 4950 3182 5002 Christum
3243 4947 3408 5000 Deum
3446 4944 3645 5017 Filium

2080 5021 2169 5074 Dei
2202 5030 2330 5073 ante
2360 5019 2553 5073 sarcula
2584 5014 2975 5071 subsistentem
3004 5027 3059 5072 et
3103 5017 3505 5071 ministrantem
3543 5014 3647 5067 Pa-

2078 5091 2145 5143 tri
2170 5091 2236 5144 ad
2267 5090 2510 5144 omnium
2550 5087 2939 5157 perfectionem
2976 5103 3077 5141 non
3110 5088 3290 5152 dicat;
3320 5087 3415 5139 sed
3444 5099 3648 5157 (isquo

2075 5160 2142 5215 de
2174 5161 2345 5214 Maria
2402 5153 2563 5213 natus
2592 5167 2711 5221 est,
2739 5174 2804 5211 ex
2853 5172 2918 5211 eo
2949 5168 3001 5211 et
3035 5158 3310 5211 Christqu
3345 5169 3399 5211 et
3451 5153 3646 5208 Filium

2074 5233 2411 5284 nominatum
2441 5245 2582 5295 esse,
2628 5240 2682 5282 et
2714 5229 2929 5282 iuitiurn
2985 5228 3263 5295 accepisse
3291 5236 3350 5279 ut
3399 5226 3472 5279 sit
3501 5226 3647 5295 Deus

2073 5301 2239 5364 dicat,
2292 5302 2581 5355 anathema
2614 5301 2705 5353 sit.
2760 5319 2780 5352 ι
2844 5296 3044 5351 Marius
3084 5294 3213 5351 item
3266 5296 3451 5352 Victor
3502 5294 3646 5352 libro

2074 5373 2246 5440 primo
2272 5371 2345 5425 De
2372 5386 2543 5425 rerum
2572 5370 2837 5440 creatione
2866 5385 2884 5422 :

2145 5440 2277 5505 Quae
2314 5446 2599 5495 mandante
2626 5439 2735 5492 Deo
2764 5455 2882 5492 cum
2908 5439 3109 5509 plenast
3130 5448 3299 5492 mente
3329 5436 3573 5491 Parentis

2143 5509 2316 5583 filius
2344 5514 2665 5579 omnipotens
2690 5509 2904 5583 faceret:

2146 5580 2347 5636 Eodem
2371 5576 2620 5648 spectant
2647 5576 2715 5633 et“
2747 5578 2832 5631 illa
2878 5579 3126 5648 Prosperi
3164 5579 3214 5631 in
3247 5576 3638 5631 Commentario

2073 5655 2141 5706 ad
2185 5652 2444 5720 psalmum
2514 5664 2760 5706 CXLVIII:
2818 5666 2836 5697 ι
2872 5649 2990 5720 Ipse
3052 5648 3323 5701 mandavit
3353 5658 3639 5720 Ci._t'rif:|til

2072 5714 2236 5777 sunt:
2267 5720 2419 5785 Quod
2447 5722 2583 5771 enim
2602 5720 2741 5773 Deus
2764 5714 2913 5782 dicit,
2955 5717 3115 5773 Verbo
3139 5720 3304 5772 dicit:
3334 5725 3382 5768 et
3422 5714 3644 5769 Verbum

2070 5809 2163 5862 per
2195 5792 2333 5862 quod
2364 5788 2507 5859 [acta
2531 5800 2651 5846 sunt
2676 5787 2875 5859 omnia,
2907 5795 3217 5846 mandatum
3242 5786 3467 5841 dicentis
3497 5801 3645 5840 cxso-
