4160 6442
516 386 623 443 759

1795 381 1856 437 P.
1902 375 2220 435 DANlELlS
2259 372 2493 431 HUE'I'II

3665 312 3789 417 760‘

511 527 606 564 Ιιον
640 510 731 563 τὸν
759 506 931 577 Λόγον
967 504 1123 577 ἔσχεν
1153 502 1203 573 (6
1237 500 1388 575 Θεὸς)
1425 502 1698 576 ὑπουργὸν
1738 503 1849 557 τῶν
1877 502 1968 555 ὑπ’
1991 502 2089 553 a6—

2199 498 2382 552 luntati
2415 494 2647 551 servire.
2682 510 2701 542 ι
2737 491 2975 545 lrcnaeus
2996 484 3090 539 lib.
3133 499 3212 550 tu,
3242 497 3361 553 cap.
3392 481 3426 536 8
3459 501 3472 535 :
3510 499 3530 531 ι
3556 479 3655 536 Cui
3681 498 3771 535 er-

513 602 606 656 τοῦ
637 598 1037 671 γεγενημένων,
1054 597 1151 651 καὶ
1175 596 1241 649 δι’
1271 596 1435 650 αὐτοῦ
1462 597 1531 650 τὰ
1557 595 1734 650 πάντα
1761 594 2076 667 πεποίηκεν.

2194 606 2263 663 go
2294 585 2584 660 praecepit?
2620 583 2794 640 Verbo
2818 581 3050 645 scilicet,
3082 595 3180 646 per
3213 577 3383 647 quod.
3414 574 3613 643 inquit,
3641 568 3769 628 curii

518 713 536 743 ι
571 663 683 747 Hoc
714 663 973 745 Verbum
1028 687 1218 743 habuit
1251 688 1439 758 (Deus)
1491 687 1797 743 ministrum
1854 663 2081 756 operum
2188 680 2388 738 ﬁrmati
2422 686 2581 741 sunt;
2615 695 2632 728 ι
2660 684 2715 729 et
2742 674 2838 727 lib.
2871 687 2948 732 Iv,
2977 686 3097 741 cap.
3129 670 3194 722 17
3230 684 3244 721 :
3283 686 3300 718 I
3332 665 3603 720 Ministrat
3625 663 3768 720 enim

511 797 757 847 suorum,
791 793 848 836 et
873 781 1053 834 omnia
1081 796 1179 851 per
1211 782 1384 849 ipsum
1414 778 1562 833 fecit.
1596 797 1615 829 ι
1647 776 1785 832 Tum
1816 776 2085 832 inferius:

523 871 713 926 Ὁπότε
739 870 795 924 δὲ
816 870 1071 941 ὲθὲλησεν
1103 872 1132 923 6
1161 868 1293 933 Θεὸς
1319 867 1543 937 ποιῆσαι
1574 867 1673 920 ὅσα
1710 865 2088 932 ἐϐουλεύσατο,

510 960 700 1016 τοῦτον
724 958 816 1015 τὸν
840 959 1013 1030 Λόγον
1035 958 1293 1030 ἐγέννησε
1321 957 1670 1029 προφορικόν.
1694 976 1713 1009 ι
1737 956 1962 1023 Quando
1994 972 2092 1011 au-

512 1062 619 1107 tem
663 1051 838 1107 voluit
877 1052 1017 1107 Deus
1053 1050 1238 1105 facere
1272 1065 1614 1119 qmecunque
1663 1047 2088 1112 deliberaverat,

514 1146 618 1199 hoc
656 1142 893 1200 Verbum
942 1145 1130 1215 genuit
1179 1142 1544 1214 prolatitium.
1572 1160 1591 1193 ι
1631 1141 1695 1196 Et
1725 1139 1887 1209 paulo
1916 1150 2039 1209 post
2071 1156 2088 1194 :

512 1235 645 1300 Θεὸς
672 1230 767 1291 οὖν
796 1232 872 1288 ὢν
896 1235 925 1287 6
953 1234 1146 1304 Λόγος,
1174 1236 1268 1290 καὶ
1300 1236 1364 1288 ὲκ
1405 1231 1539 1287 Θεοῦ
1579 1231 1859 1301 πεφυκὼς,
1890 1231 2091 1287 ὁπόταν

515 1327 772 1400 βούληται
792 1329 821 1381 6
849 1328 1040 1401 Πατὴρ
1075 1327 1186 1382 τῶν
1213 1327 1371 1390 ὅλων,
1403 1324 1617 1395 πέμπει
1663 1324 1824 1378 αὐτὸν
1856 1322 1937 1387 εῐς
1973 1340 2095 1377 τινα

512 1418 700 1476 τόπον.
735 1436 754 1470 ι
780 1417 916 1473 Cum
970 1435 1101 1490 ergo
1166 1418 1310 1473 Deus
1347 1418 1417 1471 sit
1451 1413 1715 1478 Verbum,
1756 1424 1811 1471 et
1860 1429 1927 1469 ex
1982 1414 2094 1470 Deo

515 1517 839 1578 prognatus,
870 1508 1310 1580 quotiescunque
1349 1507 1462 1561 vult
1489 1506 1651 1562 Pater
1685 1507 2093 1575 universorum,

516 1598 838 1652 mittiteum
882 1601 934 1652 in
976 1599 1152 1655 locum
1205 1600 1513 1670 aliquem.»
1546 1598 1793 1655 Justinus
1853 1599 1907 1653 in
1964 1597 2096 1652 Dia-

516 1688 633 1756 logo
680 1704 799 1740 cum
832 1686 1105 1757 Tryphon:
1134 1708 1154 1744 :
1182 1682 1351 1754 Οὗτος
1390 1691 1419 1744 6
1450 1688 1635 1758 ὀφθεὶς
1666 1692 1780 1754 τοῖς
1817 1690 2095 1763 ,πατριάρ-

515 1796 640 1851 χαις
672 1779 959 1851 λεγόμενος
980 1780 1132 1845 Θεὸς,
1170 1781 1263 1836 καὶ
1292 1781 1557 1849 Ἀγγελος
1582 1782 1678 1834 καῖ⁹
1709 1781 1913 1854 Κύριος
1939 1782 2094 1853 λέγε-

2188 774 2237 829 ei
2263 771 2462 840 (Patri)
2494 768 2561 824 ad
2591 768 2770 822 omnia
2804 780 2900 819 sua
2935 762 3254 833 progenies,
3279 770 3335 814 et
3365 759 3616 827 ﬁguratio
3646 771 3769 823 sua,

2190 864 2245 919 id
2307 871 2391 917 est
2453 859 2622 916 Filius
2664 866 2720 913 et
2744 855 2979 926 Spiritus
3014 865 3259 915 sanctus,
3300 848 3536 905 Vérbum
3563 857 3618 903 et
3666 847 3772 903 Sa-

2190 956 2435 1029 pientia,
2474 954 2674 1022 quibus
2710 950 2953 1005 serviunt
3013 957 3069 1001 et
3115 942 3342 1012 subjecti
3395 951 3522 998 sunt
3579 954 3774 995 omnes

2196 1046 2397 1117 angeli.
2428 1064 2448 1097 ι
2487 1041 2738 1112 Episcopi
2793 1054 2888 1095 sex
2938 1037 3297 1093 Antiochenaa
3343 1033 3536 1105 synodi
3561 1032 3615 1086 in
3651 1030 3772 1101 epi—

2193 1138 2333 1196 stola
2366 1137 2431 1192 ad
2462 1134 2688 1190 Paulum
2730 1132 3149 1188 Samosatenum
3200 1136 3493 1195 antequam
3534 1124 3773 1192 depone-

2192 1239 2344 1284 retur
2369 1244 2384 1280 :
2413 1225 2612 1281 Τοῦτον
2633 1224 2726 1279 τὸν
2750 1222 2881 1277 Υῑὺν
2910 1220 3242 1291 πιστεύομεν
3270 1220 3369 1272 σὺν
3389 1216 3469 1289 τῷ
3489 1216 3664 1287 Ila-api.
3683 1214 3773 1269 ἀεὶ
3820 1264 3825 1271 .

2192 1321 2321 1375 ὄντα
2346 1317 2829 1390 ἔκπεπληρωιιέναι
2856 1314 2917 1367 τὸ
2950 1313 3212 1384 πατρικὸν
3240 1311 3484 1382 βούλημα
3509 1310 3644 1382 πρὸς
3674 1306 3774 1380 τὴν

2196 1411 2375 1465 κτίσιν
2394 1410 2504 1465 τῶν
2533 1410 2691 1463 ὅλων.
2735 1425 2755 1458 ι
2784 1407 2937 1461 Hunc
2977 1396 3223 1474 (Filium)
3260 1404 3532 1457 credimus
3560 1415 3776 1471 semper

2204 1503 2563 1558 exsistentem
2608 1515 2733 1555 cum
2799 1496 2963 1552 Patre
3002 1495 3311 1567 implevisse
3349 1495 3635 1551 Paternam
3676 1509 3773 1550 vo—

2197 1594 2463 1651 luntatem
2493 1594 2561 1649 ad
2600 1590 2936 1658 creationem
2984 1589 3384 1643 universorum.
3408 1607 3427 1639 »
3483 1589 3661 1658 Atque
3703 1601 3771 1643 ex

2196 1688 2301 1743 hoc
2335 1688 2583 1757 dogmate
2629 1683 2977 1739 occasionem
3028 1683 3280 1736 videnlur
3311 1682 3568 1736 habuisse
3612 1681 3775 1736 Arius

2196 1791 2252 1834 et
2276 1780 2484 1844 Aetius,
2510 1793 2611 1834 cur
2656 1777 2959 1831 creationis
2991 1790 3172 1830 rerum
3203 1774 3417 1830 Patrem
3457 1773 3772 1840 primariam

512 1889 627 1935 ται,
658 1872 744 1925 ἵνα
774 1872 869 1925 καὶ
893 1873 958 1926 ἐκ
983 1871 1187 1927 τούτων
1223 1873 1490 1942 smmu-
1524 1873 1687 1927 αὐτὸν
1719 1873 2098 1947 ὑπηρετοῦντα

2199 1886 2318 1927 esse
2364 1883 2606 1933 causam,
2645 1868 3064 1922 instrumentum
3117 1881 3246 1918 vero
3290 1864 3485 1919 Filium
3531 1862 3774 1926 arbitra.-

513 1962 592 2034 τῷ
617 1962 727 2017 τῶν
757 1965 894 2017 ὅλων
925 1965 1119 2036 Πατρι.
1147 1983 1164 2015 ι
1194 1965 1297 2021 lste
1329 1965 1420 2034 qui
1453 1966 1779 2035 patriarchis
1814 1967 1963 2021 visus
1988 1975 2091 2032 est,

513 2062 570 2107 et
622 2055 822 2109 dicitur
875 2055 1034 2117 Deus,
1068 2064 1123 2108 et
1154 2053 1414 2124 Angelus,
1453 2064 1510 2109 et
1542 2055 1803 2108 Dominus
1857 2053 2094 2123 appella-

517 2158 644 2213 tur;
674 2156 735 2200 ut
759 2161 825 2200 ex
848 2145 932 2201 his
950 2162 1165 2217 quoque
1183 2145 1497 2217 intelligatis
1514 2146 1688 2216 ipsum
1714 2144 1860 2200 Patri
1880 2146 2093 2201 univer-

513 2249 697 2289 sorum
725 2236 1064 2302 ministrare;
1091 2255 1111 2288 ι
1152 2247 1208 2292 et
1245 2236 1352 2292 alio
1377 2236 1494 2290 loco
1527 2235 1648 2288 :At’
1689 2230 1765 2290 ὧν
1814 2237 2089 2290 ἀποδέδει-

513 2343 640 2383 κται
660 2327 766 2381 ὑπὸ
790 2328 868 2399 τῷ
896 2328 1068 2398 Πατρὶ
1083 2329 1177 2381 καὶ
1199 2329 1392 2399 Κυρίῳ
1414 2328 1766 2399 τεταγμένος,
1784 2330 1876 2382 καὶ
1896 2330 2095 2401 ὑπηρε-

513 2417 623 2471 τῶν
650 2420 715 2489 τῇ
751 2417 915 2491 βουλῇ
963 2418 1153 2475 αὐτοῦ.
1200 2438 1219 2471 ι
1245 2419 1348 2474 Per
1375 2434 1496 2488 qum
1546 2420 1977 2475 demonstratum
2007 2432 2091 2476 est

513 2506 661 2563 Patri
701 2519 757 2563 ct
789 2510 1017 2573 Domino
1051 2509 1358 2579 subjectum
1389 2526 1511 2568 esse
1539 2511 1736 2582 ipsum,
1769 2527 1833 2567 ac
1864 2512 1980 2581 ejus
2001 2528 2094 2569 vo-

515 2689 717 2758 quitur.
765 2706 783 2737 ι
818 2686 1189 2758 Scriptoribns
1215 2688 1322 2742 illis
1363 2688 1492 2741 libet
1525 2689 1613 2743 hic
1637 2705 1802 2743 unum
1829 2687 2094 2743 Hilarium

517 2757 833 2830 adiungere.
856 2757 957 2827 qui
987 2760 1039 2812 itt
1068 2760 1205 2830 libro
1235 2774 1288 2830 Iv
1314 2759 1387 2813 De
1418 2759 1676 2812 Trinitate
1702 2775 1868 2830 agens
1892 2762 1959 2814 de
1981 2776 2096 2813 ver-

516 2827 604 2883 bis
629 2828 736 2881 illis
765 2827 965 2883 Cenes.
996 2845 1009 2881 I
1041 2848 1055 2883 :
1109 2847 1129 2881 s
1166 2827 1455 2883 Faciamus
1488 2827 1762 2884 hominem
1801 2828 1867 2884 ad
1903 2830 2096 2897 imagi-

520 2912 646 2965 nem
688 2908 950 2967 nostrain.
982 2916 1002 2950 ι
1042 2910 1177 2963 etc.,
1215 2900 1294 2953 sic
1325 2898 1609 2966 loquitur:
1647 2918 1666 2950 ι
1705 2898 1808 2953 Per
1859 2899 1913 2954 id
1952 2900 2095 2967 quod

519 2969 722 3022 dictum
754 2981 859 3034 cet,
891 2966 1183 3023 Faciamus
1210 2968 1494 3030 hominem,
1519 2984 1584 3023 cx
1615 2982 1682 3022 eo
1712 2968 1869 3036 origo
1900 2966 2005 3036 est,
2027 2985 2095 3023 ex

518 3052 626 3105 quo
655 3040 797 3109 capit
823 3050 874 3093 et
905 3052 1117 3093 sermo:
1143 3040 1195 3093 in
1218 3052 1284 3094 eo
1309 3054 1439 3094 vero
1462 3040 1606 3109 quod
1640 3038 1782 3093 Deus
1800 3040 1868 3094 ad
1900 3040 2098 3109 imagi-

516 3122 643 3164 nem
658 3107 750 3163 Dei
771 3108 901 3163 facit
917 3110 1213 3173 hominem,
1234 3107 1577 3179 signiﬁcatur
1589 3110 1753 3164 etiam
1769 3110 1816 3164 is
1829 3107 2097 3179 perquém

519 3190 932 3254 consummatur
959 3181 1225 3254 operatio.
1252 3179 1345 3254 iEt
1369 3179 1529 3248 paulo
1558 3189 1677 3249 post
1707 3196 1720 3231 :
1752 3198 1771 3233 ι
1793 3179 1849 3254 In
1869 3194 1934 3233 eo
1954 3179 2096 3248 quod
2125 3195 2171 3254 ο

521 3247 741 3319 dicitur,
776 3247 1087 3311 Faciamus,
1112 3260 1171 3305 et
1191 3247 1381 3319 jussio’
1399 3247 1720 3319 exarqjtatur
1744 3259 1796 3303 et
1816 3247 2047 3303 factum.
2074 3267 2093 3300 ι

514 3316 589 3373 Et
616 3333 739 3389 mox
763 3319 955 3373 iterum
977 3320 1045 3376 de
1071 3316 1349 3389 Sapientia
1387 3319 1502 3373 sive
1531 3318 1672 3373 Filio
1700 3319 1791 3373 Dei
1822 3319 1968 3374 Patri
1988 3334 2099 3389 suo

524 3388 864 3459 aggaudente
882 3390 933 3443 in
955 3388 1253 3445 creatidnis
1270 3390 1546 3459 operibus,
1568 3389 1682 3443 haec
1700 3389 1898 3444 habet:
1926 3406 1947 3440 ι
1969 3388 2105 3444 Cau-

522 3472 639 3531 sam
654 3457 848 3531 iartitiae
862 3475 971 3514 suae
988 3460 1266 3531 Sapientia
1285 3457 1500 3531 docuit:
1523 3459 1805 3531 laetabatur
1830 3470 2009 3531 autem
2032 3459 2103 3514 ob

521 3527 762 3582 laetitiam
796 3527 976 3583 Patris
1010 3527 1416 3585 in‘nerfectione
1444 3528 1626 3583 mundi
1672 3538 1726 3583 et
1760 3528 1814 3583 in
1845 3528 1970 3582 ﬁliis
1999 3530 2104 3584 ho-

522 3599 729 3670 minum
780 3597 1030 3655 halantis.
1074 3596 1348 3670 Scriptum
1378 3596 1771 3670 estAenim:E_t
1796 3598 1921 3652 vidit
1962 3598 2101 3654 Deus

523 3667 653 3736 quia
692 3667 826 3720 bona
875 3680 995 3722 sunt
1030 3667 1260 3738 (Gem't,
1303 3669 1415 3731 10).
1463 3667 1686 3724 Placere
1741 3668 1891 3724 Patri
1936 3683 2101 3736 opera

529 3752 628 3809 sua
663 3740 879 3809 gaudet.
909 3753 1005 3808 per
1028 3755 1088 3793 se
1117 3754 1180 3793 ex
1205 3748 1474 3809 praecepto
1505 3739 1623 3808 ejus
1658 3737 1869 3794 effecta.
1903 3759 1922 3792 ›
1955 3739 2100 3794 Sane

530 3806 578 3860 si
614 3807 661 3861 is
687 3806 780 3875 qui
809 3806 1008 3864 dixerit
1044 3806 1285 3870 Patrem,
1315 3806 1420 3878 qua
1454 3806 1618 3864 Pater
1646 3820 1748 3871 est,
1784 3811 2099 3878 primarium

526 3892 648 3931 esse
685 3879 866 3932 tnttttdi
900 3879 1175 3948 Opiﬁcem,
1206 3881 1297 3949 qui
1336 3880 1451 3933 ltwc
1491 3879 1741 3933 universa
1785 3894 1878 3948 per
1906 3879 2098 3933 Filium

526 3962 686 4018 suum
715 3949 1042 4014 condiderit,
1077 3966 1175 4018 pro
1217 3950 1419 4003 Ariano
1452 3951 1731 4005 habendus
1765 3961 1846 4004 est
1869 3991 1883 4011 ,
1916 3949 2005 4003 vis
2033 3949 2102 4003 ab

525 4016 833 4091 Arianismi‘
863 4019 984 4074 labe
1023 4016 1187 4091 purus
1234 4019 1495 4091 eritiipse
1541 4018 1737 4091 Paulus
1779 4020 1830 4074 in
1860 4021 2035 4091 Epist.
2068 4018 2099 4073 Ι

526 4089 598 4143 ad
626 4086 898 4159 Corinth.,
932 4086 1052 4159 cap.
1079 4089 1137 4152 8.
1173 4105 1317 4144 vers.
1348 4086 1501 4157 6,'de
1530 4090 1797 4158 partibus,
1831 4101 1888 4145 ut
1910 4086 1987 4143 ita
2020 4090 2102 4144 lo-

527 4172 689 4228 quar,
722 4158 901 4228 Patris
930 4171 986 4214 et
1001 4158 1221 4223 Filiiin
1263 4175 1441 4214 rerum
1475 4160 1751 4215 creatione
1781 4170 1837 4214 et
1872 4176 2099 4214 renova—

528 4227 676 4300 tione
691 4227 768 4284 sic
780 4230 1052 4287 disserens
1084 4249 1097 4284 :
1126 4229 1291 4284 Nobis
1311 4248 1444 4285 unus
1471 4239 1546 4284 est
1563 4229 1705 4284 Deus
1736 4229 1915 4300 Pater,
1950 4247 2100 4300 aqua

529 4299 728 4364 omnia,
770 4308 819 4353 et
852 4318 945 4354 nos
974 4305 1028 4355 in
1050 4302 1160 4369 ipso
1182 4317 1201 4353 :
1222 4312 1268 4354 et
1303 4318 1438 4355 unus
1478 4300 1732 4354 Dominus
1762 4299 1917 4354 Jesus
1944 4299 2100 4353 Chri-

528 4385 783 4439 stustper
804 4387 956 4439 quem
996 4371 1197 4437 omnia,
1225 4383 1270 4424 et
1307 4387 1399 4425 nos
1433 4387 1524 4438 per
1571 4372 1763 4437 ipsum.
1794 4370 1927 4424 Nam
1971 4371 2096 4425 illud

530 4439 595 4507 ἐξ
622 4435 709 4501 ob,
744 4457 774 4492 a
794 4435 922 4507 quo,
944 4435 1718 4509 causam’pritnam'deno’tare
1747 4442 2094 4495 manilestum

527 4523 638 4567 est.
672 4510 825 4566 Unde
851 4521 903 4564 et
937 4509 1250 4565 Theodorus
1284 4511 1420 4564 Beza
1458 4510 1525 4563 ad
1567 4512 1744 4565 locum
1785 4511 1899 4564 haec
1924 4511 2093 4565 adno-

530 4553 652 4660 ἱεῖς,
675 4553 713 4632 ῖ
733 4553 883 4660 ea;
909 4553 1744 4660 patagiatam.“ngam}:
1769 4553 1846 4660 ςῑιε
1871 4553 2093 4660 “pagg.
2122 4553 2170 4609 υ

528 4654 680 4724 pium
718 4650 1053 4724 tribuitur-.3
1087 4649 1307 4724 Scil_ic_e_t
1338 4652 1450 4724 haec
1482 4649 1662 4724 o_t_nnia
1703 4650 1924 4704 omnino
1952 4650 2098 4724 reje-

528 4719 698 4777 i'enda
745 4728 872 4773 sunt
901 4720 968 4774 ad
1000 4720 1147 4775 illam
1177 4719 1295 4774 Filii
1322 4721 1820 4775 subordinationem
1854 4735 1965 4788 qua
1998 4720 2099 4774 Pa-

534 4793 602 4846 tri
633 4802 692 4845 ut
736 4792 945 4861 auctori
987 4806 1085 4846 suo
1113 4791 1243 4861 (hic
1271 4790 1640 4861 iterumiipsis
1672 4789 1861 4844 Hilarii
1914 4790 2098 4861 verbis

530 4863 680 4929 utor)
704 4860 980 4931 subjectus
1008 4859 1283 4927 est.'Quid
1308 4860 1450 4929 quod
1479 4860 1531 4931 in
1566 4861 1683 4929 ipso
1711 4859 1969 4931 Symbolo
1996 4859 2096 4931 Ni—

533 4946 686 4987 ceno
718 4931 940 4986 credere
958 4929 1229 4999 jubemur,
1264 4932 1436 4999 primo
1465 4948 1486 4980 ι
1517 4930 1569 4983 in
1600 4929 1765 4985 unum
1798 4930 1962 4984 Deum
1993 4930 2096 4984 Pa-

533 5014 679 5057 trem
708 5001 1162 5070 omnipotentem,
1197 5003 1439 5055 omnium
1479 5000 1772 5054 visibilium
1806 5010 1862 5055 et.
1909 5000 2099 5055 invisi-

532 5072 724 5128 ltilium
757 5070 1070 5125 Creatorem
1104 5088 1118 5124 :
1148 5090 1168 5124 ι
1212 5072 1425 5133 deinde,
1459 5089 1479 5120 ι
1501 5071 1553 5124 in
1584 5086 1749 5124 unum
1808 5071 2096 5125 Dominum

536 5139 719 5197 Iesum
751 5141 1049 5205 Christum,
1076 5152 1320 5211 etc.,per
1347 5154 1506 5210 quem
1536 5142 1715 5196 omnia
1749 5142 1889 5195 facta
1909 5154 2090 5196 sunt.)

539 5211 613 5282 fit
646 5213 830 5282 paucis
855 5228 968 5266 rem
1002 5223 1169 5267 totam
1201 5212 1530 5281 complectar
1557 5230 1569 5265 :
1594 5213 1683 5279 qui
1709 5211 1907 5266 dixerit
1931 5213 2097 5267 Deum

537 5280 781 5346 Pati-em,
820 5296 1075 5352 tanquam
1122 5280 1335 5337 fontem,
1371 5284 1667 5337 divinitatis
1706 5284 1949 5353 adeoque
1982 5297 2099 5337 om-

538 5355 709 5424 nium_
727 5366 1100 5424 operationum
1142 5354 1448 5407 divinarum
1508 5354 1806 5422 originem,
1847 5372 1875 5406 ιι
1917 5353 2099 5424 seipso

536 5437 636 5491 per
669 5422 863 5478 Filium
903 5440 1060 5478 suum
1090 5425 1349 5479 mundum
1401 5424 1727 5487 condidisse,
1771 5438 1834 5477 ac
1874 5422 2098 5493 proinde

538 5507 721 5565 rerum
772 5494 1010 5548 omnium
1046 5495 1362 5565 primarium
1414 5508 1534 5549 esse
1585 5495 1868 5562 opiﬁcem;
1924 5510 2009 5548 na:
2051 5495 2098 5550 is

537 5562 756 5617 Ariana:
808 5562 1388 5634 haeresis—neutiquam
1439 5564 1773 5619 incusandus
1823 5574 1941 5630 est;
1988 5567 2095 5619 nisi

538 5646 669 5685 vero
707 5633 943 5703 antiquis
965 5635 1219 5690 Ecclesia:
1246 5633 1516 5689 'Patribus
1543 5636 1831 5699 universis,
1856 5636 2097 5703 adeoque

540 5703 675 5770 ipsis
725 5704 1076 5772 scriptoribus
1140 5705 1515 5769 θεοπνὲυστοις
1573 5705 1866 5761 Arianismi
1918 5705 2095 5759 dicam

544 5774 848 5841 impingere
877 5774 1121 5829 velimus.
1153 5776 1260 5829 Sed
1292 5776 1419 5829 illud
1458 5777 1673 5829 demum
1710 5774 1923 5829 Arianrc
1948 5785 2097 5830 esset

538 5844 914 5914 blasphemia,
955 5846 999 5900 si
1033 5848 1153 5915 quis
1181 5844 1399 5902 doceret
1439 5843 1654 5900 Patrem
1690 5846 1804 5901 haec
1840 5846 2094 5901 universa

2199 1972 2389 2015 rentur
2419 1975 2433 2011 :
2462 1972 2623 2028 quam
2648 1971 2839 2011 eorum
2877 1955 3143 2009 insaniam
3172 1953 3573 2024 castigaverunt
3600 1953 3775 2007 Atha-

2199 2052 2382 2105 nasitts
2402 2060 2541 2103 orat.
2566 2049 2603 2104 3
2628 2056 2682 2102 et
2706 2047 2761 2112 5,
2802 2047 3034 2119 Cyrillus
3056 2047 3148 2101 lib.
3180 2062 3248 2100 xv
3274 2055 3329 2099 et
3362 2060 3476 2111 ιιι,
3500 2053 3555 2099 et
3589 2043 3704 2098 alii.

2268 2140 2384 2197 XV.
2419 2140 2535 2195 Non
2563 2140 2687 2195 Filii
2722 2143 3059 2208 majestatem
3089 2136 3267 2192 solum
3293 2138 3627 2208 oppugnavit
3649 2134 3777 2191 Ori-

2197 2249 2382 2307 genes,
2416 2235 2510 2290 sed
2543 2234 2609 2289 de
2641 2233 2757 2302 ejus
2788 2234 2954 2288 etiam
2985 2234 3231 2289 bonitate
3271 2231 3573 2310 detraxisse
3599 2230 3774 2299 ipsum

2197 2337 2384 2382 auctor
2415 2336 2500 2382 est
2551 2326 2908 2397 Hieronymus
2939 2326 3017 2396 ('5)
3049 2325 3100 2379 in
3133 2324 3305 2393 Epist.
3342 2324 3412 2378 ad
3450 2323 3616 2386 Arit.,
3651 2337 3773 2395 cap.

2198 2421 2221 2473 l
2257 2438 2271 2473 :
2306 2440 2324 2471 ι
2358 2420 2524 2475 Deum
2564 2419 2783 2474 Patrem
2812 2420 3266 2490 omnipotentem,
3318 2420 3515 2488 inquit,
3541 2417 3776 2487 appellat

2194 2500 2426 2578 bonum,
2461 2522 2514 2568 et
2540 2511 2799 2583 perfecta:
2830 2512 3095 2570 bonitatis
3123 2530 3136 2565 :
3167 2510 3363 2567 Filium
3398 2527 3504 2565 non
3537 2523 3658 2566 esse
3688 2506 3780 2566 bo-

2204 2690 2558 2745 constituisse
2599 2706 2696 2759 por
2755 2690 2977 2753 Filium,
3009 2700 3266 2760 tanquam
3311 2706 3406 2758 per
3449 2690 3780 2742 instrumen—

2205 2771 2317 2814 tum
2368 2762 2470 2815 sibi
2528 2773 2880 2824 extraneum,
2917 2772 3013 2814 aut
3059 2772 3315 2829 tanquam
3366 2772 3483 2829 per‘
3516 2761 3775 2829 virtutem

2202 2832 2441 2899 aliquam
2474 2841 2603 2885 ante
2634 2841 2832 2886 caatera
2860 2832 3043 2885 omnia
3075 2828 3335 2893 creatam,
3370 2828 3540 2897 atque
3586 2828 3771 2899 abgip-

2202 2896 2318 2955 sius
2353 2901 2598 2955 essentia
2634 2900 2866 2955 alienam
2906 2917 2920 2954 :
2951 2917 3071 2970 qua-
3103 2900 3353 2970 impietas
3385 2896 3623 2970 mentem
3652 2896 3775 2951 Ori-

2202 2972 2475 3040 genisgne
2517 2986 2614 3040 per
2650 2972 2917 3025 somnium
2967 2967 3192 3038 quidem
3217 2967 3671 3040 unquatn__snbiit.
3703 3001 3774 3040 έ-

2205 3040 2332 3095 Haec
2356 3036 2622 3108 Georgius
2656 3040 2842 3095 Bullus
2865 3042 2919 3093 in
2947 3036 3256 3109 Defensione
3282 3039 3407 3106 fidei
3438 3036 3775 3109 Nirmnarde

2204 3110 2325 3164 Filii
2347 3109 2425 3180 τῷ
2448 3104 2743 3181 ὁμῖοουσίῳ,
2764 3126 2891 3181 cap.
2915 3111 2970 3175 5,
2997 3104 3214 3176 num.6,
3238 3104 3293 3163 et
3306 3108 3491 3181 cap.9,
3516 3121 3665 3181 num.
3682 3104 3772 3161 ω.

2276 3181 2355 3250 (5)
2387 3174 2588 3250 Auctor
2627 3174 2702 3234 est
2730 3174 3124 3249 Hiironymus,
3154 3174 3284 3250 _etc.
3337 3174 3545 3250 Pugnat
3584 3174 3777 3250 Hiero—

2204 3246 2352 3320 nymi
2394 3249 2659 3317 judicium
2700 3265 2826 3306 cum
2871 3246 3115 3319 pluribus
3139 3247 3390 3318 Origenis
3422 3246 3769 3320 testimoniis,

2202 3315 2505 3391 praesertim
2556 3335 2677 3375 cum
2716 3322 2823 3391 his
2869 3315 2991 3389 quae
3038 3321 3207 3391 docet
3244 3315 3387 3391 'tom.
3422 3333 3438 3372 ι
3475 3318 3532 3371 in
3583 3315 3774 3391 10am,

2202 3388 2355 3444 imm.
2397 3390 2487 3456 li,
2522 3390 2794 3459 apostolos
2827 3388 3234 3459 evangelizasse
3285 3390 3446 3450 bona,
3476 3396 3535 3442 ut
3579 3388 3777 3454 praedi-

2202 3470 2363 3515 xerat
2411 3458 2601 3525 Isaias,
2631 3477 2753 3515 cum
2791 3458 3066 3515 Christum
3102 3459 3637 3525 evangelizaveruut,
3684 3458 3774 3524 qui

2204 3539 2289 3586 est
2318 3550 2337 3582 ι
2367 3533 2568 3585 bonum
2608 3531 2759 3586 nullo
2802 3532 2910 3584 alio
2969 3530 3113 3585 bono
3173 3526 3421 3593 inferius,
3472 3526 3770 3581 multitudo

2202 3599 2492 3665 honorum,
2531 3601 2584 3654 in
2627 3617 2735 3670 quo
2767 3599 3163 3669 beneplacitum
3221 3599 3329 3654 fuit
3356 3613 3571 3653 omnem
3606 3596 3776 3670 pleni-

2206 3671 2446 3741 tudinem
2478 3667 2781 3726 divinitatis
2821 3667 3066 3725 habitare
3098 3670 3574 3741 corporaliter.....
3612 3667 3704 3741 qui
3739 3684 3769 3720 ιι

2202 3740 2345 3795 bono
2373 3740 2534 3795 Patre
2561 3744 2792 3811 accepit,
2818 3753 2871 3793 ut
2901 3751 3044 3794 esset
3076 3738 3237 3802 bona,
3262 3759 3282 3792 ι
3316 3740 3366 3811 id
3395 3750 3498 3801 est,
3530 3738 3772 3811 omnium

2203 3812 2463 3880 bonorum
2512 3806 2815 3877 complexio
2845 3829 2859 3864 :
2890 3810 3117 3873 Οὐδενὸς
3158 3810 3268 3880 γὰρ
3316 3809 3533 3862 ἔλαττον
3563 3806 3774 3880 ἀγαθοῦ

2202 3879 2297 3951 καὶ
2326 3880 2486 3935 τοῦτο
2525 3880 2587 3934 τὸ
2617 3881 2930 3951 ἀγαθόν.....
2966 3880 3177 3951 Πλῆθος
3204 3879 3443 3951 νᾶγαοῶν
3476 3881 3622 3951 ἐςτιν
3661 3879 3771 3951 :11;-

2202 3950 2501 4024 ooiigluuab
2528 3951 2638 4006 ἀπὸ
2662 3944 2756 4005 τοῦ
2786 3951 2993 4019 ἀγαθοῦ
3043 3944 3359 4024 navigia-16
3390 3948 3587 4024 67¢de
3634 3944 3777 4002 εἶναι

2200 4019 2403 4080 λαϐὼν.
2435 4021 2537 4088 Qui
2574 4038 2703 4092 ergo
2737 4026 2935 4076 bonum
2998 4019 3201 4091 negare
3255 4022 3427 4092 potuit
3491 4034 3637 4092 eum,
3668 4035 3778 4092 quo

2200 4093 2382 4145 Omnia
2430 4094 2569 4146 bona
2623 4089 2892 4148 contineri
2947 4089 3231 4146 declarat?
3262 4089 3488 4144 Videtur
3518 4089 3775 4160 Origenis

2201 4161 2540 4229 vituperandi
2588 4177 2717 4216 ansa
2755 4172 2970 4230 arrepta
3027 4178 3095 4216 ex
3131 4163 3215 4216 his
3242 4176 3364 4230 qua:
3402 4160 3537 4214 dixit
3568 4161 3622 4213 in
3657 4161 3775 4225 haec

2202 4230 2407 4286 Christi
2446 4232 2607 4286 verba
2634 4252 2647 4286 :
2679 4231 2816 4298 Quid
2836 4248 2915 4285 me.
2934 4248 3084 4285 uocas
3114 4229 3303 4285 bonum
3326 4231 3351 4283 .’
3382 4229 3552 4283 Nemo
3585 4231 3777 4297 bonus,

2201 4303 2301 4355 nisi
2325 4301 2469 4355 solus
2491 4302 2625 4356 Deus
2651 4302 2803 4369 (Luc.
2835 4318 2991 4362 xvun.
3029 4302 3141 4368 19).
3175 4301 3396 4370 Singula
3429 4300 3542 4352 lot'a
3571 4315 3778 4369 espeu-

2202 4374 2414 4425 damus.
2471 4370 2734 4442 Origenes
2772 4383 2899 4426 tum.
2929 4386 2945 4424 ι
2975 4372 3027 4425 in
3074 4369 3459 4434 Joan.,'num.
3493 4371 3584 4434 40,
3618 4381 3674 4422 ιιι
3697 4371 3775 4442 ad

2198 4443 2487 4496 sanitatem
2539 4441 2755 4496 revocet
2801 4443 3120 4506 haereticos,
3168 4442 3259 4510 qui
3295 4441 3460 4495 alimn
3497 4441 3662 4494 Deum
3687 4441 3776 4509 ju-

2198 4521 2362 4577 stum,
2391 4511 2555 4566 alium
2603 4513 2824 4572 bonum,
2857 4511 3019 4565 alium
3045 4522 3369 4576 creatorem,
3401 4512 3565 4564 alium
3612 4524 3739 4564 crea
3762 4537 3776 4548 -

2200 4590 2317 4635 tore
2360 4584 2615 4648 majorem
2662 4583 2936 4649 dicebant,
2979 4581 3230 4636 concedit
3255 4582 3336 4635 eis
3370 4581 3534 4635 Deutn
3561 4578 3774 4649 Patrem

2204 4651 2464 4722 Creatore
2503 4653 2763 4722 majorem
2797 4653 2903 4722 dici
2940 4652 3198 4722 posse,gsi
3249 4652 3487 4722 Creatori
3525 4649 3642 4716 ejus
3692 4648 3777 4704 Fi«

2199 4720 2307 4791 lius
2353 4720 2722 4791 intelligatur;
2770 4721 3042 4780 similiter.
3084 4720 3333 4791 «justum
3384 4730 3440 4774 et
3478 4721 3678 4791 bonum
3709 4722 3776 4775 de

2200 4789 2366 4847 Patre
2396 4801 2447 4847 et
2478 4789 2616 4848 Filio
2649 4793 2754 4847 dici
2791 4806 2970 4860 posse,
3000 4789 3142 4847 Filio
3186 4790 3401 4861 justitia
3452 4790 3769 4861 exsisteute,

2201 4862 2291 4931 qui
2322 4864 2535 4932 accepit
2586 4858 2910 4932 potestatem
2952 4858 3254 4932 iudicandi,
3292 4860 3550 4932 quoniam
3601 4858 3775 4916 Filius

2202 4932 2439 4987 hominis
2462 4931 2555 5003 est
2590 4931 2864 5003 (Joaatv,
2894 4932 3009 5003 27),
3038 4941 3094 4986 et
3134 4931 3402 5000 judicanit
3446 4931 3635 4985 orbem
3672 4941 3778 4985 ter-

2202 5018 2384 5056 rarum
2417 5004 2467 5056 in
2495 4999 2717 5073 justitia
2745 4999 2922 5071 (Psal.
2970 4999 3146 5068 'xcvtt,
3165 5003 3219 5073 9)
3253 5019 3266 5054 :
3299 5004 3457 5056 l’atrc
3492 5016 3619 5073 vero
3659 5003 3780 5071 (eos

2202 5074 2292 5141 qui
2328 5073 2379 5126 in
2407 5070 2617 5140 justitia
2677 5070 2800 5126 Filii
2840 5074 3086 5142 castigati
3138 5070 3363 5137 fuerint,
3393 5081 3513 5141 post
3565 5070 3772 5125 Christi

2204 5159 2433 5215 regnum
2467 5143 2748 5198 beneﬁciis
2782 5142 3072 5215 adiciente)
3107 5146 3233 5198 boni
3294 5142 3618 5215 vocabulum
3655 5156 3781 5209 ope-

2203 5214 2351 5269 ribus
2387 5225 2695 5284 ostensum,
2724 5216 2940 5284 quando
2966 5213 3133 5268 fuerit
3184 5216 3321 5268 Deus
3363 5214 3542 5267 omnia
3577 5213 3628 5264 in
3661 5228 3780 5265 om-

2200 5283 2361 5339 nibus
2390 5283 2439 5355 (ι
2480 5283 2872 5355 (ἐρικτνίῖὃ).
2901 5305 2920 5338 ›
2950 5285 3101 5339 lianc
3148 5284 3218 5339 ob
3245 5299 3464 5337 causam
3496 5283 3776 5355 Christum

2201 5352 2407 5410 dixisse
2432 5354 2693 5423 conjicit:
2723 5352 2862 5419 Quid
2907 5372 2988 5408 me
3037 5356 3270 5423 appellas
3322 5355 3553 5407 bonum?
3606 5352 3776 5406 Nemo

2202 5425 2385 5498 bonus,
2412 5426 2512 5498 nisi
2545 5441 2678 5498 unus
2707 5425 2865 5498 Deus
2900 5425 3061 5479 Pater
3089 5425 3283 5498 (Marc.
3304 5440 3376 5498 _x,
3414 5426 3523 5495 18).
3558 5423 3775 5498 Nullum

2199 5495 2492 5550 Arianismi
2526 5495 2815 5564 veStigiutn
2855 5496 2906 5549 in
2940 5498 3039 5550 hac
3083 5494 3267 5550 subl-ili
3304 5494 3771 5565 interpretatione,

2201 5580 2322 5633 qua:
2370 5565 2415 5620 si
2474 5563 2770 5620 bonitatem
2825 5565 2962 5621 Filio
3007 5568 3267 5627 detrahit,
3304 5563 3573 5633 justitiam
3625 5563 3774 5617 Patri

2201 5636 2487 5690 detrahere
2509 5636 2737 5690 dicetur.
2777 5635 2977 5691 Eadem
2999 5636 3200 5691 Christi
3238 5638 3402 5690 verba
3449 5638 3776 5701 interpreta-

2202 5715 2288 5757 tur
2319 5706 2371 5760 in
2414 5706 2508 5760 lib.
2541 5720 2573 5757 ν
2622 5717 2807 5760 contra
2851 5706 3082 5772 Celsum,
3109 5723 3259 5761 ttum.
3306 5707 3397 5772 11,
3443 5706 3531 5759 ubi
3567 5705 3697 5759 solis
3720 5711 3779 5759 et

2203 5778 2485 5831 stellarum
2534 5777 2738 5830 cultum
2777 5793 2806 5828 a
2859 5776 3019 5831 Celso
3062 5776 3341 5830 defensum
3381 5776 3655 5839 refellens,
3693 5775 3775 5830 sic

2201 5847 2436 5917 loojuitur
2463 5865 2477 5903 :
2512 5848 2571 5900 ὐ
2594 5845 2782 5919 Σωτὴρ
2810 5847 2965 5918 ἡμῶν
2994 5846 3317 5916 καιῖιίύριος,
3354 5846 3588 5910 ἀκούςας
3624 5845 3779 5913 ποτὲ,
